4028 6180
523 243 624 293 887

1183 359 1366 414 CCLX
1373 359 1436 410 Vl
1447 400 1458 410 .

1033 465 1101 501 AD
1130 461 1384 502 οΑιιοιῐηι
1423 459 1629 499 REGEM.

1147 536 1327 603 (Anno
1358 533 1508 603 8'19.)

537 627 830 703 Signiﬁcat
844 626 1184 703 Auspertum
1195 622 1408 676 dudum
1424 621 1909 703 archiepiscOPum
1926 618 2130 703 Medio-

614 689 904 752 laaenscm
931 689 995 748 in
1024 695 1275 748 Romana
1309 691 1514 757 synodo
1541 689 1848 761 privatam,
1881 705 1946 743 ac
1975 689 2130 761 {ose-

609 769 802 836 phum,
823 763 1097 836 quemme
1114 763 1176 816 in
1201 759 1871 836 VercellensiiepiscOpurn
1895 759 2130 836 ordina-

608 829 782 900 uerat,
803 829 1114 902 depositum
1133 852 1151 897 ;
1170 835 1327 902 rogat
1354 835 1420 885 ut
1441 829 1806 902 Compertum
1824 831 1885 884 in
1923 829 2131 884 Vercel-

609 906 753 962 lensi
765 903 1003 959 ecclesia
1015 903 1341 975 episcopum
1357 917 1391 955 a
1402 917 1458 956 se
1471 904 1864 957 consecratum
1879 903 2006 955 tuca
2013 903 2127 954 tur.

612 1001 819 1056 Dilecto
839 1015 902 1054 ac
931 997 1164 1070 spiritali
1193 997 1306 1052 ﬁlio
1337 997 1562 1051 Canono
1591 995 1836 1068 glorioso
1865 995 2006 1065 regi.

610 1089 794 1161 Regite
823 1085 1186 1160 magnitudini
1225 1092 1421 1140 vestra:
1462 1092 1650 1139 notum
1692 1098 1816 1139 esse
1859 1083 2128 1148 volumus,

535 1175 612 1230 fili
662 1174 1005 1239 charissime,
1041 1173 1166 1245 quia
1195 1176 1526 1242 Anspertum
1556 1171 2016 1226 Mediolanensem
2047 1186 2134 1224 ar-

533 1263 962 1333 chiepiscopum,
1000 1261 1054 1315 in
1084 1261 1260 1330 prima
1315 1259 1536 1330 quidem
1567 1259 1776 1329 synodo
1805 1257 1859 1311 in
1899 1256 2134 1313 ecclesia

537 1349 684 1405 beati
715 1349 864 1404 Petri
901 1347 1131 1418 apostoli
1173 1346 1359 1401 habita
1413 1362 1512 1417 pro
1541 1347 1655 1400 suis
1712 1345 2132 1400 evidentissimis

538 1436 893 1510 negligentiis
911 1443 965 1490 et
994 1434 1525 1505 praesumptionibus,
1577 1449 1681 1487 una
1719 1449 1839 1487 cum
1872 1448 2131 1488 reveren-

535 1525 765 1579 dissimo
811 1523 1196 1593 episcoporum
1234 1528 1376 1577 caatu
1404 1520 1730 1593 regulariter
1761 1520 2131 1576 excommuni-

535 1612 780 1667 cavimus
814 1627 826 1665 :
862 1611 961 1665 sed
990 1618 1227 1664 mentem
1257 1623 1410 1663 suam
1442 1608 1496 1662 in
1527 1607 1840 1678 superbiam
1889 1607 2127 1678 erigens,

536 1713 652 1754 non
699 1698 873 1753 solum
913 1713 1014 1768 pro
1070 1697 1389 1767 perpetratis
1430 1695 1644 1750 veniam
1702 1695 1974 1750 humiliter

537 1785 807 1858 quasivit,
831 1800 1020 1840 verum
1049 1784 1212 1839 etiam
1261 1791 1384 1838 ante
1415 1783 1748 1838 audientiam
1795 1791 1846 1837 et
1894 1791 2135 1838 nostram

536 1873 895 1944 apostolicam
923 1871 1347 1937 absolutionem,
1411 1887 1628 1926 sacrum
1657 1871 1998 1941 praesumpsit
2028 1871 2134 1925 mi-

537 1961 824 2016 nisterium
865 1960 1172 2028 celebrare,
1218 1967 1379 2030 atque
1431 1967 1618 2014 contra
1659 1974 1844 2014 sacros
1895 1974 2134 2014 canones

535 2055 833 2119 contraque
861 2047 1074 2118 regiam
1104 2055 1157 2102 et
1199 2055 1442 2102 nostram
1488 2045 1840 2116 apostolicam
1882 2045 2128 2101 volunta-

537 2145 666 2201 tem,
712 2135 1029 2206 episcOpum
1087 2134 1142 2188 in
1171 2133 1507 2190 Vercellensi
1547 2133 1781 2189 ecclesia
1837 2134 2136 2188 enormiter

533 2237 864 2279 consecrare
912 2221 1277 2292 praesumpsit.
1311 2222 1418 2277 Pro
1467 2220 1664 2292 quibus
1693 2220 1943 2275 videlicet
1971 2229 2134 2276 tantae

533 2309 859 2366 temeritatis
909 2309 1447 2380 praesumptionibus,
1481 2317 1534 2363 et
1594 2308 1774 2378 ipsum
1804 2311 2133 2378 Anspertum

533 2397 744 2452 dudum
791 2396 1266 2467 archiepiscopum
1297 2395 1353 2450 in
1393 2412 1477 2463 ea,
1524 2412 1646 2467 qua:
1686 2413 1862 2466 nuper
1890 2404 2014 2451 acta
2051 2405 2135 2451 est

533 2485 766 2556 synodo,
799 2483 948 2540 omni
979 2484 1274 2554 episcOpali
1303 2485 1510 2539 honore
1539 2485 1887 2554 privavimus,
1913 2493 1964 2538 et
1985 2501 2129 2550 eum,

533 2588 697 2643 quem
726 2571 910 2628 illicite
937 2571 1204 2626 ordinavit
1237 2572 1570 2642 episcopum,
1603 2571 1947 2626 decrevimus
1978 2587 2136 2642 syno-

534 2659 648 2714 dali
669 2659 876 2728 judicio
906 2659 1212 2730 depositum
1243 2675 1366 2714 esse
1424 2660 1494 2712 ab
1521 2659 1710 2714 ordine
1739 2661 2083 2730 episcOpatus
2116 2679 2130 2714 :

533 2747 731 2802 intuitu
761 2756 941 2802 tamen
989 2747 1378 2803 misericordiae
1431 2747 1488 2800 in
1533 2747 1818 2818 pristinum
1863 2763 1971 2818 quo
2015 2756 2133 2802 erat

537 2843 698 2889 antea
727 2835 960 2906 gradum
991 2835 1204 2890 reverti.
1243 2836 1412 2890 Porro
1440 2850 1561 2899 nos,
1595 2836 1892 2890 secundum
1943 2835 2134 2889 volun-

538 2929 701 2974 tatem
739 2929 792 2975 et
821 2921 1137 2991 petitionem
1177 2921 1359 2977 dilecti
1401 2919 1498 2976 ﬁlii
1537 2921 1704 2976 nostri
1755 2921 2142 2976 Carolomanni‘

535 3007 764 3078 gloriosi
794 3007 940 3078 regis
969 3009 1111 3063 hunc
1155 3008 1518 3078 Conspertum
1592 3010 2128 3077 reverendissimum,

536 3095 608 3150 de
637 3109 745 3166 quo
767 3095 879 3164 jam
907 3095 1036 3150 olim
1070 3095 1225 3151 vobis
1245 3112 1346 3166 per
1374 3103 1612 3164 vestrum
1662 3094 1878 3151 ﬁdelem
1909 3097 2134 3152 missum

530 3181 885 3247 innotuimus,
918 3183 971 3236 in
1003 3183 1197 3238 eadem
1243 3183 1575 3238 Vercellensi
1605 3183 1870 3249 Ecclesia,
1904 3199 2136 3239 consen-

534 3269 791 3324 tientibus
821 3269 1076 3325 omnibus
1105 3270 1660 3340 comprovincialibus
1709 3272 2000 3341 episcopis,
2037 3287 2134 3327 an-

532 3357 754 3412 tistitem
784 3358 1246 3423 consecravimus,
1283 3375 1446 3429 quem
1475 3360 1711 3428 petimus
1723 3359 1918 3414 obnixe
1949 3367 2006 3413 ut
2035 3376 2132 3430 pro

533 3458 723 3500 amore
753 3445 852 3500 Dei
882 3454 934 3501 et
964 3446 1137 3501 sancti
1171 3447 1333 3508 Petri,
1365 3462 1429 3501 ac
1458 3455 1668 3513 nostro,
1702 3455 1899 3502 vestras
1928 3456 2125 3517 poten-

535 3531 622 3588 tia
653 3532 880 3587 brachio
925 3534 1203 3598 tueamini,
1238 3541 1310 3598 et,
1353 3542 1514 3604 prout
1557 3534 1606 3588 ei
1636 3549 1773 3604 opus
1817 3533 1994 3598 fuerit,
2041 3535 2130 3590 di-

531 3634 702 3692 gnum
729 3635 948 3690 semper
977 3621 1031 3674 in
1060 3622 1311 3676 omnibus
1326 3621 1620 3692 praebeatis
1652 3621 1922 3677 solatium.
1956 3623 2130 3693 Rega-

529 3706 637 3761 lem
663 3707 1036 3762 excellentiam
1069 3718 1300 3763 vestram
1333 3709 1596 3764 Dominus
1614 3719 1900 3765 conservet
1921 3710 2129 3766 incolu-

531 3809 696 3856 mem,
729 3795 1052 3849 charissime
1072 3795 1164 3850 fili.
1187 3797 1323 3850 Data
1347 3801 1412 3852 ut
1450 3813 1644 3866 supra.

1172 3901 1476 3956 CCLXVII.

1062 4001 1134 4040 AD
1163 4003 1604 4044 VBRCBLLENSES.

1153 4077 1332 4143 (Anno
1365 4076 1514 4144 879.)

528 4160 800 4228 Praecipit
816 4164 882 4214 ut
897 4160 1262 4230 Compertum
1289 4180 1321 4216 a
1341 4179 1399 4217 se
1421 4165 1539 4218 illis
1565 4164 1884 4233 episcozmm
1909 4169 2124 4221 consti-

604 4233 818 4304 ζῑιίιιτζιΔ
850 4233 1163 4304 recipiant,
1231 4237 1285 4287 et
1332 4247 1575 4304 congruo
1652 4235 1856 4290 honore
1909 4237 2118 4292 colant.

597 4299 819 4370 Iosephi
849 4299 1125 4357 invasoris
1147 4307 1276 4358 acta
1304 4299 1468 4358 nulla
1500 4320 1616 4360 esse
1647 4305 1918 4360 declarat.

1633 231 1968 324 'JOANNIS
2014 229 2206 284 ΡΔΡΑΞ
2259 229 2394 282 Vill.

2149 356 2204 412 Α
2229 361 2471 406 nostram
2500 352 2850 422 apostolicam
2911 353 3260 418 voluntatem,
3305 353 3602 424 episcOpum
3643 357 3766 411 ordi-

3686 242 3766 288 888

2233 457 2365 495 nare
2397 449 2602 494 temere
2630 441 2992 510 praesumpsit.
3043 441 3169 495 [deo
3226 450 3278 495 et
3334 442 3572 496 eumdem
3617 445 3766 499 archi-

2232 529 2569 600 episcopum,
2589 537 2640 582 et
2663 530 2803 584 hunc
2819 529 2997 599 ipsum
3023 530 3224 598 Joseph
3249 529 3546 583 invasorem
3574 546 3628 585 ac
3653 547 3768 601 pra:-

2233 625 2588 686 sumptorem,
2622 633 2730 670 non
2759 617 3042 670 intrantem
3086 634 3183 687 per
3213 618 3410 670 ostium
3436 659 3448 684 ,
3472 619 3560 671 sed
3589 618 3763 676 aliunde

2233 704 2386 776 quasi
2416 704 2586 759 furem
2605 704 3000 774 ingredientem
3031 705 3086 758 in
3116 705 3258 759 ovile
3287 705 3518 770 Domini,
3555 721 3662 760 cum
3688 709 3771 762 vir-

2232 799 2342 847 tute
2374 793 2547 846 sancti
2578 793 2828 862 Spiritus,
2889 802 2940 846 et
2990 793 3308 848 auctoritate
3349 793 3618 848 beatorum
3661 795 3770 850 Petri

2233 897 2298 936 ac
2329 881 2478 936 Pauli
2508 880 2877 952 apostolorum
2907 881 3232 951 principum,
3283 890 3571 952 nostroque
3597 892 3772 952 aposto-

2232 967 2336 1023 lico
2357 969 2560 1037 judicio
2581 985 2685 1022 una
2715 985 2839 1024 cum
2869 968 3112 1040 synodali
3157 976 3300 1024 cmtu
3342 970 3774 1027 reverendissimo-

2233 1073 2351 1112 rum
2374 1057 2773 1127 episcoporum,
2809 1057 2956 1112 omni
2987 1057 3282 1128 episc0pali
3311 1059 3514 1112 honore
3565 1058 3774 1114 decrevi-

2231 1161 2352 1199 mus
2375 1161 2497 1200 esse
2527 1145 2768 1215 privatos
2798 1153 2850 1200 et
2875 1145 3083 1200 alienos
3114 1163 3126 1198 :
3163 1154 3348 1200 tamen
3377 1145 3564 1200 intuitu
3603 1147 3776 1202 miseri-

2233 1233 2456 1300 cordist,
2481 1234 2702 1288 decreto
2741 1233 2987 1304 synodali
3029 1233 3336 1296 statuimus,
3391 1235 3500 1302 jam
3523 1233 3671 1287 fatum
3707 1237 3778 1290 Jo-

2234 1322 2387 1390 seph,
2403 1321 2710 1374 invasorem
2723 1321 2984 1375 Ecclesia:
3001 1321 3310 1392 vestrmﬂjde
3323 1322 3510 1376 ordine
3530 1322 3780 1393 episcopali

2233 1409 2521 1477 dejectum,
2542 1410 2596 1462 in
2627 1409 2856 1481 gradum
2908 1417 2961 1463 et
2999 1410 3242 1464 ordinem
3271 1425 3380 1480 quo
3409 1410 3557 1480 prius
3599 1411 3782 1482 .exstitit

2232 1496 2544 1551 omnimodo
2575 1497 2790 1550 reverti.
2823 1497 2959 1551 Nam
3007 1513 3128 1552 cum
3186 1498 3480 1567 praedictus
3525 1501 3781 1568 Anspertus

2232 1571 2868 1638 dudumMediolanensis
2898 1586 3344 1655 archiepiscopus
3377 1595 3522 1640 esset
3551 1587 3754 1656 regulari

2020 1669 2131 1750 nor,
2158 1698 2212 1756 B
2234 1676 2313 1722 ter
2340 1669 2850 1730 excommunicatus,
2886 1669 3120 1739 aliquam
3151 1670 3236 1723 vel
3267 1669 3608 1723 minimarum
3634 1671 3680 1722 in
3706 1671 3766 1726 Ec

2236 1755 2400 1810 clesia
2433 1755 2532 1810 Dei
2563 1757 3034 1810 consecrationem
3060 1758 3330 1828 graduum
3351 1757 3530 1812 facere
3550 1757 3782 1812 nullomo-

2235 1844 2306 1898 do
2333 1843 2504 1913 potuit
2535 1863 2549 1908 ;
2584 1845 2710 1914 quia
2740 1845 2885 1915 quod
2915 1861 3022 1898 non
3062 1846 3266 1910 habuit,
3299 1845 3437 1900 dare
3466 1845 3688 1914 profecto
3717 1861 3782 1899 ne

2237 1931 2424 2003 quivit.
2460 1931 2636 2000 Quare
2659 1932 2898 1986 omnium
2929 1942 3167 1986 vestrum
3208 1943 3511 2006 cognoscat
3540 1934 3783 2003 sagacitas,

2237 2027 2288 2074 et
2307 2019 2575 2073 laudanda
2610 2019 2861 2084 ﬁdelitas,
2895 2021 3149 2091 quoniam
3204 2021 3438 2076 dilectus
3479 2036 3542 2076 ac
3572 2020 3785 2090 spiritalis

2235 2104 2375 2159 ﬁlius
2406 2116 2591 2162 noster
2621 2107 3068 2173 Carolomannus,
3101 2109 3369 2178 gloriosus
3401 2125 3501 2166 rex
3529 2109 3671 2162 istius
3707 2111 3787 2164 lta-

2235 2194 2323 2249 lici
2355 2195 2532 2264 regni,
2570 2195 2745 2264 ipsum
2793 2196 3194 2250 Vercellensem
3236 2197 3622 2267 episcopatum,
3667 2213 3787 2254 more

2234 2299 2632 2352 praecessorum
2665 2299 2887 2337 suorum
2919 2300 3110 2354 regum
3157 2294 3209 2339 et
3247 2286 3650 2356 imperatorum,
3687 2302 3790 2342 con-

2234 2371 2398 2424 cessit
2431 2371 2555 2425 huic
2584 2372 2882 2440 Consperto
2912 2389 3043 2426 vero
3072 2373 3434 2436 nobilissimo,
3481 2375 3789 2444 praesentibus

2235 2457 2418 2510 missis
2447 2459 2668 2523 nostris,
2701 2468 3052 2530 nostramque
3083 2461 3444 2529 apostolicam
3491 2461 3788 2516 clementiam

2237 2545 2347 2597 suis
2375 2553 2426 2599 et
2456 2545 2648 2599 litteris
2677 2546 3005 2616 deprecatus
3035 2557 3091 2601 ut
3121 2565 3242 2601 eum
3299 2549 3460 2603 vobis
3517 2551 3788 2620 episcopum

2235 2635 2839 2688 consecraremus.Nos
2881 2636 3218 2704 autem,ejus
3265 2637 3529 2706 precibus
3569 2637 3790 2699 inclinati,

2235 2720 2482 2775 nolentes
2511 2737 2608 2775 vos
2638 2721 2730 2776 diu
2761 2722 2877 2776 sine
2905 2723 3108 2792 pr0prii
3152 2739 3214 2778 ac
3243 2724 3476 2796 legitimi
3536 2741 3650 2780 esse
3685 2739 3790 2779 cura

2234 2807 2488 2877 pastoris,
2523 2810 2664 2863 hunc
2719 2809 2892 2878 ipsum
2938 2820 3136 2866 sancta:
3183 2812 3519 2867 Vercellensi
3574 2812 3792 2868 Ecclesia:

2236 2904 2431 2950 vestra:
2476 2897 2772 2966 apostolica
2827 2898 3086 2952 duntaxat
3143 2901 3466 2954 auctoritate
3522 2903 3794 2970 episcopum
3866 2899 3876 2907 “

2235 2985 2700 3048 consecravimus,
2726 2986 3086 3057 dedimusque
3115 2988 3267 3041 vobis
3297 3004 3398 3058 pro
3450 2989 3688 3043 invasere
3720 2988 3793 3042 illo

2235 3072 2396 3126 istum
2424 3082 2845 3144 pastorem,pro
2902 3076 3235 3130 mercenario
3281 3077 3490 3146 ignavo
3548 3077 3794 3148 providum

2235 3160 2365 3213 satis
2407 3169 2696 3223 rectorem,
2731 3161 2822 3232 qui
2861 3163 3068 3216 scilicet
3125 3164 3326 3217 nostris
3366 3181 3470 3218 vos
3522 3165 3795 3234 apostolicis

2235 3247 2490 3301 doctrinis
2527 3248 2856 3314 admonitus,
2925 3250 3082 3320 quasi
3146 3250 3405 3320 populant
3461 3253 3668 3306 Domini
3715 3252 3795 3305 sibi

2233 3335 2584 3389 commissum
2605 3353 2758 3390 more
2789 3338 2901 3390 veri
2947 3339 3179 3407 pastoris
3225 3339 3430 3408 pabulo
3461 3341 3583 3395 vita:
3633 3355 3795 3410 perpe-

2234 3431 2444 3493 tuzeque
2476 3424 2662 3477 salutis
2693 3441 2922 3493 pascere
2967 3435 3129 3496 atque
3155 3427 3208 3480 in
3266 3428 3423 3500 virga
3471 3427 3722 3500 aequitatis
3754 3437 3796 3480 et

2233 3511 2665 3564 mansuetudinis
2689 3529 2884 3583 regere
2923 3513 3167 3584 vigilanti
3198 3531 3422 3584 semper
3452 3533 3582 3570 cura
3603 3524 3652 3569 et
3671 3515 3796 3569 solli-

2231 3597 2468 3652 citudine
2497 3599 2727 3653 solerter
2745 3609 3014 3669 procuret.
3051 3599 3226 3668 Quem
3269 3603 3462 3674 itaque
3491 3619 3588 3660 vos
3639 3617 3798 3658 omnes

2231 3700 2340 3739 uno
2357 3694 2480 3740 volo
2526 3695 2578 3740 et
2612 3687 2700 3756 pio
2735 3686 2927 3742 affectu
2972 3690 3122 3758 quasi
3176 3699 3388 3760 patrem
3461 3701 3514 3747 et
3565 3701 3797 3746 rectorem

2231 3769 2532 3823 animarum
2565 3779 2888 3837 vestrarum,
2921 3781 3104 3841 utpote
3137 3774 3449 3828 charissimi
3497 3773 3610 3838 ﬁlii,
3657 3784 3707 3828 ut
3732 3788 3799 3827 re—

2229 3855 2440 3926 cipiatis
2470 3859 2722 3927 praesenti
2752 3867 2952 3913 statuto
2983 3861 3440 3929 nostrojubemus
3473 3882 3488 3927 ;
3522 3873 3572 3918 et
3617 3863 3797 3930 abjecto

2229 3959 2292 3999 ac
2323 3946 2608 4014 reprobato
2633 3947 2942 4016 supradicto
2972 3947 3242 4013 invasorc,
3279 3950 3444 4012 hunc.
3481 3967 3640 4021 quem
3679 3949 3797 4004 ordi-

2229 4033 2477 4086 navimus
2511 4034 2684 4096 vobis,
2720 4035 2971 4090 habetote
3027 4036 3362 4106 episcopum.
3425 4039 3566 4092 Nam
3623 4051 3792 4109 magna

2228 4135 2324 4174 vos
2345 4120 2504 4174 laude
2534 4121 2731 4190 dignos
2762 4122 2875 4176 fore
2907 4123 3184 4190 videmini,
3216 4127 3361 4196 quod
3403 4127 3475 4180 de
3510 4127 3644 4180 beati
3683 4123 3797 4178 Petri

2227 4208 2457 4277 apostoli
2487 4211 2900 4264 consecratione
2921 4212 3196 4265 meruistis
3251 4214 3453 4268 habere
3486 4216 3758 4268 antistitem
3785 4229 3795 4264 :

2227 4303 2277 4349 et
2309 4297 2410 4350 hoc
2441 4297 2492 4349 in
2524 4307 2875 4370 augmentum
2906 4299 3128 4354 honoris
3176 4300 3444 4356 Ecclesia:
3479 4299 3796 4358 Vircellensis

593 4384 858 4442 Omnibus
887 4389 1242 4460 presbyteris,
1263 4391 1598 4455 diaconibus,
1621 4393 2048 4448 subdiaconibus
2063 4404 2114 4449 et

2227 4383 2336 4436 sine
2366 4384 2528 4438 dubio
2576 4387 2907 4460 proveniett
2947 4387 2991 4440 si
3024 4402 3119 4440 vos
3148 4388 3344 4442 devota
3391 4399 3579 4445 mente
3625 4388 3797 4444 nostris

519 4475 667 4530 omni
723 4475 874 4538 clero
920 4492 988 4531 ac
1043 4477 1307 4547 primatis,
1367 4480 1624 4550 omnique
1670 4480 1869 4550 populo
1902 4482 2120 4538 Vercel-

519 4562 678 4617 lensi.

595 4651 692 4704 His
723 4651 926 4706 nostris
954 4653 1267 4722 apostolicis
1298 4654 1486 4708 litteris
1505 4655 1658 4708 vobis
1688 4657 1968 4727 cognitum
1991 4656 2116 4712 faci-

517 4753 640 4791 mus
673 4739 797 4810 quia
828 4743 1157 4810 Anspertuin
1197 4741 1399 4795 dudum
1417 4742 1888 4813 archiepiscOpum
1918 4745 2119 4799 Medio-

515 4824 796 4880 lanensem
820 4843 922 4897 pro
953 4828 1065 4882 suis
1096 4829 1282 4882 multis
1303 4831 1817 4900 praesumptionibus
1843 4840 1896 4885 et
1926 4833 2110 4904 negli-

519 4912 724 4983 gentiis
747 4914 856 4982 jam
875 4913 1002 4968 olim
1035 4931 1140 4971 una
1172 4933 1296 4972 cum
1327 4926 1514 4973 sancta
1543 4918 1754 4989 synodo
1783 4934 1942 4973 sacra
1970 4935 2118 4974 com-

516 5001 775 5055 munione
803 5002 1136 5072 privavimus
1171 5024 1185 5069 ;
1219 5006 1318 5059 sed
1348 5005 1466 5076 ipse
1491 5014 1677 5061 contra
1717 5007 1979 5062 canonica
2000 5017 2116 5062 sta-

505 5096 626 5150 tuta
659 5097 711 5143 et
759 5098 953 5144 contra
983 5099 1228 5146 nostrum
1276 5093 1634 5163 apostolicum
1683 5095 2115 5166 synodicumque

500 5175 765 5242 judicium
823 5193 1016 5249 agens,
1049 5187 1173 5234 ante
1229 5180 1573 5250 audientiam,
1612 5191 1665 5236 et
1713 5182 2110 5237 absolutionem

509 5263 868 5320 ministerium
897 5281 1111 5322 sacrum
1143 5282 1312 5337 agere
1341 5277 1504 5339 atque
1521 5270 1698 5324 adhuc
1729 5271 2108 5325 excommuni-

517 5357 672 5403 catus
701 5352 754 5405 in
782 5353 884 5409 hac
917 5353 1249 5410 Vercellensi
1281 5353 1528 5410 Ecclesia
1567 5366 1767 5423 vestra,
1821 5359 2112 5429 quemdam

505 5435 679 5490 virum
707 5438 909 5508 Ioseph
942 5443 1182 5511 nomine,
1205 5449 1265 5496 ut
1292 5441 1564 5509 audimus,
1587 5453 1775 5500 contra
1808 5447 2014 5514 regiam
2054 5456 2110 5501 et

2222 4469 2605 4540 obtemperatis
2649 4458 2958 4544 praeceptis.
2989 4476 3101 4528 Nos
3119 4476 3548 4539 enim,vestram
3597 4478 3793 4546 cupien-

2185 4569 2194 4576 “
2221 4566 2303 4612 tes
2325 4560 2573 4625 salutem,
2606 4563 2729 4615 ideo
2759 4578 3042 4616 monemus
3063 4572 3118 4616 ut
3137 4573 3316 4618 mente
3347 4574 3396 4618 et
3430 4581 3658 4636 corpore
3687 4563 3798 4618 salvi

2220 4662 2340 4701 esse
2373 4650 2888 4717 possitis..|ubemus
2909 4651 3072 4706 etiam
3120 4669 3312 4707 omnes
3368 4655 3686 4724 scripturas.
3727 4650 3798 4704 vel

2219 4735 2463 4790 dationes
2492 4738 2858 4808 cujuscunque
2882 4741 3101 4805 tenoris,
3127 4757 3260 4810 quas
3281 4741 3408 4796 fecit
3439 4743 3512 4796 de
3550 4741 3794 4812 plebibus,

2219 4824 2492 4877 casalibus
2522 4834 2573 4877 et
2605 4825 2744 4878 villis
2776 4826 2946 4896 ipsius
2979 4828 3235 4882 Ecclesia:
3281 4829 3662 4889 Yercellensis,
3704 4826 3797 4880 nul-

2218 4910 2326 4964 lam
2359 4912 2559 4966 habere
2591 4912 2899 4968 ﬁrmitatem
2932 4934 2946 4979 ;
2979 4915 3074 4969 sed
3125 4915 3308 4969 omnia
3356 4932 3480 4986 quae
3529 4916 3650 4971 fecit
3692 4927 3795 4970 esse

2211 4999 2520 5066 judicamus
2553 5017 2723 5055 vacua
2749 5011 2800 5055 et
2839 5002 3039 5064 inania,
3073 5003 3196 5073 quia
3253 5004 3533 5074 legitimus
3563 5004 3676 5074 ipse
3703 5017 3794 5055 non

2216 5085 2313 5139 fuit
2344 5087 2649 5158 episcopus.
2687 5097 2737 5142 et
2778 5089 2902 5143 ideo
2930 5091 3206 5160 quippiam
3250 5092 3384 5145 dare
3414 5108 3538 5160 non
3597 5090 3750 5162 potuit
3781 5105 3792 5140 :

2216 5190 2339 5227 eum
2372 5191 2503 5228 vero
2543 5175 2633 5246 qui
2663 5193 2728 5229 ex
2759 5178 2841 5229 his
2871 5195 2992 5248 qum
3025 5178 3146 5232 fecit
3197 5179 3396 5249 aliquid
3429 5178 3646 5232 lirmum
3694 5191 3796 5231 esse

2215 5262 2428 5326 dixerit,
2463 5265 2688 5318 Ananiae
2719 5273 2772 5317 et
2807 5266 3090 5336 Sapphirae
3118 5268 3460 5320 anathemate
3519 5266 3796 5322 feriendum

2215 5348 2332 5403 fore
2363 5366 2670 5404 censemus.
2707 5354 2840 5405 Nam
2873 5353 2916 5406 si
2947 5354 3228 5420 cujuslibet
3288 5354 3521 5408 consilio
3571 5355 3652 5408 vel
3689 5355 3798 5406 hor-

2214 5454 2326 5500 tatu
2357 5447 2510 5502 aliter
2541 5449 2740 5508 facere.
2775 5466 2881 5505 non
2913 5451 2980 5503 de
3009 5451 3258 5520 praesenti
3290 5452 3466 5521 ipsum
3500 5451 3786 5504 invasorem
