4028 6180
240 245 344 296 889

1315 228 1669 286 EPISTOLE
1725 228 1812 281 ET
1869 226 2213 281 DECRETA.

3439 215 3542 270 890

233 365 479 433 abjicere
511 360 848 422 studueritis,
872 366 1032 429 atque
1061 358 1201 410 hunc
1233 371 1394 427 quem
1421 369 1522 408 nos
1551 365 1842 408 consecra-
1869 355 1924 415 Α
1944 349 2198 405 deramus
2227 347 2530 418 perducere
2564 364 2577 399 :
2613 347 2657 399 si
2687 354 2866 400 tamen
2901 343 3056 400 bonis
3086 341 3344 414 operibus
3375 339 3542 395 dediti

238 453 420 508 vimus
449 450 629 515 vobis,
663 447 830 504 alacri
863 462 989 503 cum
1016 445 1295 502 voluntate
1343 459 1454 498 non
1501 439 1838 512 receperitis,

237 540 388 596 omni
411 538 780 596 ecclesiastica
817 551 916 591 vos
959 533 1340 590 communione
1380 529 1712 602 privabimus
1753 527 1842 582 di-

236 644 459 702 gnoque
489 628 834 682 anathemate
864 623 1141 679 feriemus.
1177 623 1310 676 Data
1339 623 1405 677 ut
1433 635 1626 691 supra.

882 765 1208 822 CCLXVIII.

435 873 507 912 Αι)
545 871 842 912 NOTINGUM
882 867 1283 910 NOVARIENSEN
1321 863 1652 906 EPISCOPUH.

869 944 1051 1014 (Anno
1083 941 1232 1009 879.)

252 1038 437 1092 Monet
467 1039 531 1089 ut
563 1049 652 1089 res
688 1033 1044 1103 Angelbergaa
1059 1029 1468 1103 restituat;sin
1511 1029 1720 1103 minus,
1755 1024 1848 1103 de-

315 1108 558 1161 nuntiat
621 1105 715 1160 illi
770 1097 1456 1165 exeomfmunicationem,
1515 1098 1633 1152 nisi
1687 1097 1846 1150 intra

316 1177 454 1232 duos
485 1191 704 1230 menses
733 1174 806 1228 ad
835 1173 1176 1228 reddendam
1205 1170 1270 1226 de
1303 1170 1389 1225 his
1422 1171 1702 1224 rationem
1751 1167 1849 1221 Ro-

321 1264 475 1301 mam
511 1247 721 1300 veniat.

318 1353 582 1406 Nonneo
610 1349 933 1406 Novariensi
963 1349 1242 1420 episcopo.

320 1427 642 1495 Audivimus
671 1447 725 1494 te
753 1455 842 1492 res
872 1437 1130 1508 spiritalis
1160 1435 1284 1491 filiae
1314 1442 1510 1489 nostrae
1541 1431 1848 1506 Angelber-

244 1544 334 1602 gae
368 1531 628 1598 Augustae
657 1527 857 1596 injuste
886 1535 1092 1590 tenere,
1143 1540 1281 1596 quas
1324 1522 1596 1602 volumus,
1627 1528 1682 1576 et
1711 1535 1849 1591 apo-

249 1601 446 1672 Stolica
477 1615 797 1670 auctoritate
839 1614 1202 1685 praecipimus,
1235 1619 1292 1666 ut
1321 1601 1575 1666 continuo
1618 1607 1850 1664 reddere

1942 445 2130 492 nostra
2161 435 2375 500 solatia,
2408 434 2762 502 voluntatem,
2807 431 3108 502 jussionem
3138 438 3192 486 et
3214 427 3544 484 admonitio-

1943 541 2067 581 nem
2099 523 2415 580 studueritis
2445 521 2732 594 perlicere,
2765 530 2819 576 et
2846 521 2900 575 in
2930 520 3022 574 tali
3052 519 3254 592 placito
3292 515 3548 588 nequitiae

1945 612 2384 684 contempseritis
2439 627 2682 666 manere.
2744 609 3010 680 Optamus
3060 623 3160 663 vos
3216 607 3272 661 in
3331 603 3546 660 Christo

1943 700 2084 755 bene
2127 700 2328 756 valere.
2377 699 2477 754 Die
2531 701 2600 754 24
2658 697 2864 754 mensis
2919 694 3194 758 Octobris,
3253 690 3548 748 indictione

1946 803 2069 842 XIII.

2624 858 2880 914 CCLXX.

2232 963 2303 1002 AD
2335 963 2668 1003 HELIOINUM
2700 960 3006 1001 EPISCOPUH
3037 956 3392 999 PEXNENSEM.

2567 1038 2748 1101 (Anno
2778 1035 2926 1102 879.)

1947 1124 2149 1195 Arguit
2177 1125 2319 1196 quod
2345 1124 2420 1196 ad
2440 1123 2715 1196 synodum
2744 1139 2860 1178 non
2887 1121 3189 1196 accesserit
3211 1141 3230 1186 ;
3238 1118 3405 1196 jubet
3421 1121 3550 1196 _sta_-

2021 1187 2148 1250 tuta
2177 1187 2266 1250 die
2287 1193 2358 1249 ad
2383 1211 2440 1250 se
2467 1187 2679 1259 uenire,
2713 1197 2767 1248 et
2789 1195 3022 1248 interim
3052 1187 3348 1264 quemdam
3376 1187 3552 1244 absol-

2023 1281 2165 1330 vere,
2199 1281 2361 1338 quem
2392 1267 2607 1336 injuste
2636 1265 3246 1320 excommunieaverat.

2025 1352 2501 1408 Reverendissimo
2521 1361 2573 1408 et
2603 1351 2947 1407 sanctissimo
2969 1351 3264 1404 Ηεωιοιδιο
3293 1345 3552 1418 episcopo

1948 1441 2236 1496 Pennensi.

2021 1529 2331 1584 Secundum
2375 1544 2565 1585 sacros
2609 1527 2999 1584 venerabilium
3049 1528 3266 1580 Patrum
3314 1538 3552 1580 canones

1951 1617 2150 1688 Spiritu
2206 1618 2307 1672 Dei
2363 1618 2630 1682 conditos,
2691 1626 2744 1672 et
2791 1617 2952 1671 totius
3008 1615 3194 1669 mundi
3249 1611 3556 1668 reverentia

247 1705 473 1759 Studeas
522 1713 620 1758 εει
669 1703 813 1774 quod
843 1703 938 1756 tibi
987 1703 1223 1756 retinere
1269 1700 1473 1754 debere
1522 1697 1670 1752 nulla
1731 1697 1852 1766 lege
1880 1709 2322 1772 Bconsecratos,
2356 1722 2456 1776 pro
2486 1705 2877 1761 ecclesiasticis
2908 1705 3166 1758 duntaxat
3212 1698 3557 1758 necessitati-

247 1793 586 1855 conceditur,
639 1791 740 1844 sub
781 1791 930 1845 omni
977 1789 1254 1845 celeritate
1301 1787 1557 1851 dimittas,
1589 1794 1646 1839 ut
1677 1784 1726 1839 ei
1769 1784 1855 1839 cui

249 1880 529 1950 pertinere
579 1879 812 1945 videtur,
844 1877 929 1932 his
958 1876 1162 1948 perfrui
1192 1875 1368 1930 modis
1397 1873 1647 1930 omnilnts
1675 1873 1852 1928 liceat.

249 1968 396 2022 Nam
443 1967 486 2021 si
532 1967 788 2022 continuo
831 1965 1084 2036 praelatas
1113 1981 1203 2019 res
1233 1980 1341 2018 non
1381 1961 1701 2028 reddideris,
1735 1975 1858 2015 mo-

250 2071 471 2120 nemus,
507 2063 559 2110 et
588 2054 890 2125 apostolica
925 2053 1240 2108 auctoritate
1283 2050 1648 2122 praecipimus,
1684 2059 1739 2103 ut
1772 2049 1858 2102 in-

251 2152 337 2197 tra
367 2142 604 2214 spatium
632 2142 864 2197 duorum
893 2141 1162 2195 mensium
1183 2141 1412 2195 Romam
1432 2137 1501 2192 ad
1523 2137 1858 2192 reddendam

254 2247 357 2302 pro
385 2232 471 2285 his
501 2231 766 2286 rationem
787 2245 1062 2296 occurras,
1087 2237 1140 2283 et
1159 2244 1341 2284 coram
1370 2226 1527 2282 nobis
1557 2241 1860 2296 congruam

248 2315 680 2374 satisfactionem
710 2318 968 2372 exhibeas
999 2335 1012 2371 :
1045 2316 1287 2387 alioquin
1317 2315 1500 2370 taudiu
1543 2329 1859 2370 excommu-

250 2408 472 2462 nicatus
502 2407 706 2461 existas
757 2406 995 2477 quandiu
1042 2406 1166 2460 huic
1209 2413 1410 2459 nostra?
1454 2402 1861 2460 commonitioni

250 2497 679 2564 obtemperans,
728 2495 842 2548 haec
885 2509 1004 2565 qua:
1049 2492 1329 2547 statuimus
1381 2493 1678 2562 adimplere
1727 2506 1860 2561 pro-

249 2598 434 2638 cures.
488 2583 625 2636 Data
677 2597 774 2638 xui
825 2581 1094 2636 Kalendas
1141 2580 1501 2642 Novembris,
1568 2579 1862 2634 indictione

249 2685 379 2724 XIII.
1503 2652 1512 2660 .

922 2756 1204 2812 CCLXIX.

749 2859 830 2899 AD
868 2857 1369 2900 AIALFI'I‘ANOS.

867 2936 1047 3004 (Anno
1111 2935 1260 3000 s79.)

256 3023 563 3095 Signiﬁcat
592 3038 652 3076 se
682 3037 772 3076 eos
801 3020 1526 3095 excommunieassedonee
1556 3033 1614 3074 se
1637 3035 1672 3072 a
1693 3034 1866 3095 page:

329 3089 434 3148 nis
464 3097 766 3163 separent;
817 3093 1076 3146 minatur
1123 3091 1241 3146 illis
1289 3091 1434 3145 alias
1483 3089 1703 3162 prunas,
1745 3089 1864 3142 nisi

325 3166 754 3236 quamprimum
789 3165 1051 3233 pareant.

329 3267 811 3324 Reverendissimo
857 3275 910 3322 et
959 3265 1301 3321 sanctissimo
1348 3266 1532 3319 Ριςτιιο
1578 3264 1864 3335 episcopo,

251 3373 356 3411 seu
417 3357 656 3410 Pnncam
711 3353 1087 3426 praefectorio,
1145 3362 1308 3424 atque
1357 3353 1615 3406 universo
1664 3351 1866 3422 populo

252 3443 608 3500 Amalfitano.

329 3535 536 3587 Notum
565 3547 688 3586 esse
720 3531 970 3586 volumus
1009 3529 1284 3586 dilectioni
1317 3537 1369 3584 et
1399 3527 1740 3584 unanimitati
1768 3543 1866 3582 ve-

250 3631 383 3678 strae
415 3621 542 3693 quia
572 3628 760 3675 contra
787 3618 972 3673 divina
1001 3626 1221 3684 statuta,
1265 3626 1319 3672 et
1346 3625 1535 3672 nostra
1565 3616 1867 3688 apostolica

257 3710 490 3776 monita,
527 3708 721 3778 quibus
751 3723 849 3762 vos
888 3706 1203 3778 frequenter
1243 3705 1570 3769 monuimus,
1603 3713 1656 3760 et
1685 3721 1750 3758 ex
1773 3719 1870 3758 au-

253 3798 518 3853 ctoritate
566 3797 666 3850 Dei
723 3803 776 3849 et
834 3804 1142 3850 sanctorum
1195 3794 1569 3865 apostolorum
1617 3796 1760 3850 Petri
1804 3813 1867 3850 ac

258 3885 438 3950 Pauli,
485 3883 845 3954 praecepimus
873 3891 932 3936 ut
960 3883 1164 3936 nullum
1193 3898 1315 3938 cum
1358 3882 1524 3952 impia
1569 3883 1867 3938 Saraceno-

253 3989 380 4028 rum
412 3980 577 4044 gente
613 3979 830 4042 pactum
857 3971 1154 4036 haberetis,
1178 3971 1530 4042 habitumque
1551 3971 1866 4027 omnimodo

255 4060 608 4130 rumperetis,
638 4059 694 4112 in
736 4059 828 4112 tali
871 4060 1095 4125 scelere,
1129 4067 1183 4114 et
1211 4059 1264 4113 in
1295 4059 1571 4114 consortio
1615 4059 1868 4116 inimico-

252 4166 381 4204 rum
415 4147 516 4202 Dei
545 4163 764 4202 manere
791 4163 904 4202 non
934 4146 1233 4201 formidatis
1265 4165 1278 4201 :
1313 4147 1508 4201 virtute
1539 4148 1710 4203 sancti
1740 4147 1868 4218 Spi-

250 4238 421 4304 ritus,
454 4245 504 4291 et
533 4235 845 4290 auctoritate
889 4235 1060 4289 sancti
1109 4235 1270 4300 Petri,
1302 4235 1390 4290 cui
1441 4235 1648 4307 ligandi
1679 4245 1731 4290 et
1759 4236 1868 4290 sol-

255 4324 429 4380 vendi
457 4324 512 4377 in
543 4323 684 4378 caelo
713 4331 765 4377 et
792 4325 846 4376 in
874 4331 1021 4377 terra
1051 4338 1083 4376 a
1111 4323 1342 4380 Domino
1373 4331 1457 4378 est
1485 4338 1748 4378 concessa
1777 4339 1872 4394 po-

1958 1793 2059 1848 bus
2087 1802 2248 1866 atque
2276 1795 2595 1848 utilitatibus
2615 1794 2684 1848 ad
2715 1809 2832 1862 eas,
2863 1808 3001 1864 quas
3018 1808 3191 1862 nuper
3218 1789 3430 1845 statutis
3449 1788 3561 1844 die-

1960 1881 2061 1936 bus
2089 1882 2511 1948 celebravimus,
2546 1881 2806 1953 synodos,
2839 1881 3022 1935 missis
3049 1897 3114 1934 ex
3145 1894 3296 1934 more
3325 1875 3558 1932 auctori-

1958 1969 2082 2024 tatis
2112 1979 2311 2025 nostrae
2339 1970 2547 2035 litteris,
2601 1969 2999 2024 fraternitatem
3027 1977 3172 2022 tuam
3221 1966 3426 2021 debere
3455 1979 3557 2020 oc-

1959 2073 2180 2114 currere
2229 2058 2407 2112 modis
2435 2058 2687 2113 omnibus
2721 2057 3063 2114 decrevimus
3097 2074 3111 2110 :
3145 2055 3243 2110 sed
3273 2053 3418 2125 quia,
3449 2068 3558 2108 ca:-

1961 2146 2090 2201 teris
2127 2147 2321 2201 devote
2369 2146 2527 2201 valde
2575 2147 2939 2215 venientibus,
2969 2155 3021 2200 te
3049 2143 3268 2198 minime
3318 2141 3554 2210 venisse,

1960 2249 2138 2306 neque
2179 2235 2583 2290 excusationem
2627 2243 2775 2289 tuam
2805 2235 2860 2288 in
2890 2232 3146 2289 tractoria
3192 2229 3426 2304 regulari
3474 2237 3560 2284 te-

1959 2339 2091 2378 nore
2120 2324 2480 2394 conscriptam
2513 2323 2670 2378 nobis
2699 2331 2752 2378 et
2781 2330 2984 2378 sanctas
3013 2320 3244 2392 synodo,
3276 2333 3444 2375 causa
3470 2318 3557 2373 vi-

1960 2411 2157 2466 delicet
2194 2411 2508 2465 temeritatis
2538 2419 2592 2466 et
2627 2409 3026 2475 inobedientize,
3057 2417 3114 2462 ut
3135 2409 3296 2464 etiam
3338 2406 3561 2462 eviden-

1963 2507 2045 2554 ter
2072 2508 2318 2569 apparet,
2353 2515 2460 2554 non
2491 2499 2754 2555 direxisse
2789 2497 3176 2569 comperimus,
3211 2512 3280 2551 ne
3311 2495 3559 2552 dilectio-

1963 2603 2090 2642 nem
2120 2595 2266 2642 tuam
2291 2587 2359 2641 de
2391 2588 2492 2642 hoc
2520 2587 2880 2643 indiscussam
2901 2585 3228 2657 praeteriisse
3255 2583 3558 2649 videamur,

1963 2675 2066 2729 hoc
2095 2683 2284 2729 nostro
2323 2674 2655 2746 apostolatus
2704 2682 2902 2728 statuto
2941 2674 3217 2742 jubemus,
3269 2687 3390 2726 eam
3419 2669 3564 2725 infra

1962 2771 2214 2818 octavum
2244 2762 2390 2817 diem
2425 2763 2745 2818 Decembris
2797 2761 3021 2829 mensis,
3056 2761 3173 2815 sine
3201 2759 3380 2832 aliqua
3408 2773 3562 2814 mora

1963 2851 2050 2905 vel
2077 2849 2426 2921 ambiguitate
2457 2851 2527 2906 ad
2555 2866 2657 2906 nos
2702 2849 2904 2905 debere
2933 2849 3118 2905 venire
3165 2847 3474 2918 nostrisque
3502 2861 3564 2902 se

1964 2939 2240 2992 obtutibus
2284 2947 2636 3009 praesentare.
2695 2939 2831 2992 Nam
2861 2946 2914 2993 et
2942 2936 3234 2992 Oteramus
3279 2935 3424 2990 filius
3472 2934 3565 3006 qui

1884 3053 1936 3116 Ο
1963 3025 2026 3098 [/2
2061 3026 2358 3099 quondam]
2391 3025 2609 3082 Corvini
2639 3043 2762 3081 cum
2792 3026 2916 3080 aliis
2946 3026 3058 3080 suis
3088 3024 3426 3088 concivibus,
3458 3037 3564 3077 no-

1966 3114 2092 3169 stris
2121 3115 2455 3185 apostolicis,
2480 3109 2662 3170 corain
2692 3113 2991 3169 venerabili
3010 3113 3394 3183 episcoporum
3423 3119 3567 3166 coetu

1967 3218 2134 3273 super
2165 3211 2215 3258 te
2241 3211 2466 3274 questus
2513 3211 2613 3268 est,
2661 3202 2906 3268 auribus,
2959 3201 3103 3272 quod
3147 3201 3274 3254 dum
3306 3217 3337 3254 a
3365 3207 3418 3253 te
3448 3199 3566 3269 ipse

1966 3290 2240 3360 impetitus
2287 3290 2656 3345 ecclesiastica
2686 3289 2754 3344 de
2789 3289 3211 3359 contemptione,
3257 3294 3380 3358 post
3418 3301 3566 3356 prae-

1967 3379 2092 3432 stito
2141 3386 2500 3447 sacramento,
2533 3394 2594 3432 se
2618 3393 2743 3433 cum
2775 3377 2888 3430 suis
2934 3374 3379 3432 sacramentariis
3425 3389 3564 3444 pur-

1967 3475 2170 3539 gasset,
2231 3474 2324 3520 tua
2382 3482 2505 3521 eum
2563 3465 2885 3533 fraternitas,
2943 3465 3084 3520 sicut
3139 3461 3416 3534 professus
3457 3470 3560 3526 est,

1967 3554 2123 3626 quasi
2153 3555 2426 3624 perjurum
2462 3553 3046 3618 excommunicaverit;
3080 3551 3274 3623 regula
3301 3551 3566 3607 canonica

1965 3643 2312 3713 praecipiente
2341 3643 2486 3714 quod
2529 3643 2671 3698 hanc
2718 3641 3006 3712 episcopus
3055 3640 3157 3694 sibi
3200 3639 3570 3712 cognitionem

1966 3731 2116 3785 nullo
2145 3731 2307 3785 modo
2337 3731 2534 3786 debeat
2563 3730 2855 3796 vindicare,
2889 3729 3228 3800 Dominoque
3258 3727 3472 3782 dicente
3500 3728 3570 3781 ad

1968 3820 2214 3889 Moysen,
2237 3819 2303 3872 ad
2336 3819 2494 3874 unius
2527 3819 2890 3874 testimonium
2911 3817 3184 3872 neminem
3217 3815 3570 3872 condemnari

1971 3913 2243 3977 Oportere.
2276 3904 2433 3976 Quod
2466 3907 2511 3962 si
2535 3907 2607 3962 ita
2635 3916 2737 3972 est,
2773 3906 2902 3982 quia
2931 3914 3135 3960 temere
3165 3904 3317 3958 illum
3348 3919 3569 3959 excom‘

1971 3995 2254 4050 municare
2284 4012 2393 4050 non
2423 3996 2676 4060 debuisti,
2709 3994 3055 4066 praecipimus
3081 4002 3139 4048 ut
3169 4009 3294 4048 eum
3321 3992 3390 4047 de
3418 4007 3568 4063 prte-

1970 4084 2110 4138 senti
2138 4084 2394 4138 absolvas
2443 4092 2656 4156 tuaeque
2685 4083 3053 4140 communioni
3085 4083 3334 4137 restituas
3364 4099 3378 4134 :
3408 4096 3571 4136 nam-

1970 4172 2016 4225 si
2047 4188 2182 4227 ausu
2212 4172 2460 4242 improbo
2490 4172 2646 4226 aliter
2676 4171 2892 4236 feceris,
2925 4186 3032 4225 non
3062 4171 3282 4242 quidem
3311 4185 3438 4223 eum
3465 4185 3570 4222 au-

1969 4260 2220 4314 ctoritate
2265 4259 2558 4329 apostolica
2614 4259 2806 4328 procul
2858 4259 3024 4312 dubio
3081 4257 3392 4310 absolutum
3447 4271 3571 4310 esse

1963 4347 2236 4415 jubemus.
2291 4347 2358 4399 Et
2389 4346 2433 4399 si
2471 4348 2610 4400 hanc
2645 4345 2945 4414 jussionem
2991 4353 3235 4398 nostram
3281 4342 3570 4413 parvipen-

253 4422 432 4468 testas
461 4412 682 4479 (Matth.
717 4416 858 4482 xvi),
891 4411 1039 4466 omni
1066 4426 1223 4466 sacra
1252 4411 1653 4473 communione,
1684 4420 1862 4467 sancte

1971 4435 2126 4500 deus,
2161 4433 2453 4488 temerario
2481 4449 2614 4488 ausu
2637 4432 2939 4503 praesentia
2979 4439 3178 4486 nostra:
3206 4430 3402 4485 adesse
3432 4445 3569 4485 con-

257 4501 520 4557 videlicet
565 4516 799 4570 corpore
842 4508 896 4555 et
943 4499 1206 4571 sanguine
1258 4499 1475 4554 Domini
1523 4500 1695 4554 nostri
1741 4500 1870 4554 Jesu

259 4589 488 4653 Christi,
523 4603 621 4643 vos
660 4603 767 4642 una
810 4605 932 4642 cum
980 4588 1142 4642 totius
1191 4587 1502 4658 apostolica:
1549 4588 1695 4642 sedis
1742 4603 1872 4642 con-

258 4694 436 4733 sensu
465 4676 820 4746 privavimus,
852 4684 904 4730 et
933 4677 1002 4730 ab
1033 4676 1294 4731 Ecclesia:
1314 4676 1413 4730 Dei
1435 4675 1694 4732 societate
1716 4693 1870 4747 sepa-

255 4766 530 4832 ravimus,
561 4773 618 4817 ut
647 4764 702 4817 in
739 4764 934 4818 eadem
981 4763 1537 4819 excommunicatione
1580 4764 1868 4828 maneatis,

254 4855 445 4908 donec
473 4852 856 4922 resipiscentes
887 4852 955 4905 ab
993 4851 1161 4922 impia
1187 4869 1288 4907 vos
1326 4868 1662 4924 paganorum
1691 4853 1872 4923 praeda

255 4940 569 5011 separetis;
605 4949 655 4993 et
683 4939 788 4993 nisi
815 4955 955 5010 puro
987 4940 1151 4995 corde
1177 4947 1231 4995 et
1255 4941 1450 4994 devota
1481 4941 1758 4996 voluntate
1789 4941 1871 4995 ei-

253 5030 370 5084 tius
404 5027 616 5082 fueritis
645 5028 892 5082 conversi
923 5029 992 5082 ad
1021 5029 1288 5101 gremium
1332 5037 1532 5084 sanctae
1561 5029 1750 5084 matris
1779 5045 1872 5084 ve-

253 5126 392 5172 strae
421 5117 684 5170 Romanae
708 5115 990 5180 Ecclesiae,
1015 5117 1237 5184 majoris
1267 5117 1630 5172 damnationis
1659 5125 1876 5172 senten-

249 5207 328 5260 tia
367 5220 470 5258 vos
499 5203 692 5273 procul
722 5204 888 5259 dubio
921 5204 1197 5260 feriemus.
1235 5206 1478 5260 Vestram
1508 5205 1742 5276 denique
1773 5222 1874 5260 nos

256 5293 502 5349 salutem
549 5291 869 5362 quaerimus,
921 5300 1134 5347 vestras
1184 5293 1430 5364 cupimus
1478 5293 1531 5346 in
1581 5302 1875 5364 conspectu

259 5380 486 5436 Domini
537 5379 750 5434 animas
797 5380 1098 5450 apostolica
1161 5380 1499 5452 benignitate
1547 5381 1773 5447 salvare,
1821 5389 1875 5437 et

256 5469 426 5542 quasi
457 5484 593 5523 oves
623 5467 928 5523 dominicas
958 5469 1029 5522 ad
1057 5484 1258 5538 pascua
1279 5469 1469 5522 salutis
1497 5477 1715 5525 aeternae
1739 5469 1876 5522 desi-

1973 4522 2281 4592 tempseris,
2315 4521 2689 4578 ecclesiastica
2719 4530 2770 4576 te
2799 4519 3180 4576 communione
3209 4518 3353 4574 velut
3382 4518 3570 4572 inobe-

1969 4611 2207 4665 dientem
2237 4626 2360 4664 esse
2389 4611 2606 4666 noveris
2643 4610 2984 4682 privandum,
3018 4623 3302 4679 quousque
3334 4621 3432 4678 pro
3461 4605 3569 4660 tuis

1973 4699 2322 4772 negligentiis
2375 4699 2597 4772 dignam
2657 4699 2878 4754 veniens
2934 4697 3091 4752 nobis
3147 4693 3571 4750 satisfactionem

1971 4789 2244 4842 humiliter
2273 4786 2492 4842 feceris.
2528 4789 2660 4842 Data
2691 4803 2786 4842 xm
2817 4786 3090 4841 Kalendas
3120 4782 3460 4840 Decembris.

2628 4876 2909 4930 CCLXXI.

2333 4979 2401 5017 AD
2443 4980 2659 5019 ΡΑυιυιι
2696 4979 3025 5019 EPISCOPUM.

2593 5054 2771 5120 (Anno
2811 5053 2960 5122 879.)

1972 5143 2132 5226 lueet
2182 5141 2479 5226 ecclesiam
2500 5143 2571 5226 .in
2611 5142 2748 5196 villa
2799 5142 3061 5226 Carpe-na
3106 5144 3279 5196 sitam
3318 5142 3564 5226 restitui,

2045 5213 2227 5284 ibique
2258 5211 2944 5284 sacerdotemgconstitui,
2979 5218 3037 5268 et
3063 5229 3292 5267 sacrum
3321 5211 3572 5266 chrisma

2043 5282 2348 5337 annuatim
2379 5283 2440 5336 in
2471 5282 2726 5338 eamdem
2757 5286 2932 5338 mitti.

2045 5370 2530 5425 Reverendissimo
2568 5379 2618 5424 et
2669 5372 3013 5425 sanctissimo
3074 5372 3257 5425 ΡΑυω
3313 5370 3574 5440 episcopo

1975 5466 2170 5512 sancta
2201 5457 2462 5512 Ecclesia:
2489 5446 2796 5528 Regiensis.
