4028 6180
543 249 638 298 891
1753 246 2048 301 JOANNIS
2106 247 2296 300 ΡΑΡΑΞ
2359 249 2493 302 ΠΗ.
3707 266 3788 316 89’sl

613 368 902 425 Bilectio‘ni
927 378 1036 424 tute
1078 371 1398 425 venerandis
1441 379 1752 426 sanctorum
1799 372 2017 426 Patrum
2047 386 2142 425 re-
2175 372 2229 432 Α
2250 380 2356 436 rat,
2390 387 2498 427 non
2527 382 2607 427 est
2634 374 2879 445 cogenda
2915 394 2928 428 :
2963 384 3143 432 tamen
3175 377 3446 432 sanctitati
3469 388 3646 436 vestrae
3669 396 3788 438 coni-

541 457 684 528 gulis
714 458 922 514 edoctae
947 459 1287 527 mandamus,
1316 467 1477 530 atque
1508 459 1590 512 bis
1621 458 1946 530 prtesulatus
1973 458 2146 513 nostri
2244 459 2504 515 mittimus
2553 471 2630 527 ut,
2660 463 2716 516 in
2746 479 2913 517 unum
2957 463 3366 534 convenientes,
3418 465 3578 537 ipsius
3613 468 3789 530 femine

542 545 735 600 litteris
775 547 1050 614 jubemus,
1083 547 1457 602 ut‘ccclesiam
1501 547 1599 602 Dei
1645 548 1879 618 positam
1915 547 1971 601 in
2019 547 2146 602 villa
2245 563 2462 603 causam
2485 551 2785 605 secundum
2806 552 2980 606 Deum
3009 552 3332 621 discutiatis,
3364 562 3416 610 et
3443 569 3642 611 omnem
3656 574 3787 628 super

543 633 815 704 Carpana,
843 635 958 703 jam
987 651 1165 705 nuper
1211 635 1466 690 incendio
1513 645 1808 691 crematam
1853 645 2140 702 restaures,
2243 637 2343 692 hac
2374 638 2716 708 querimonia
2756 639 3034 694 veritatem
3065 641 3252 696 subtili
3301 642 3632 714 indagatione
3657 663 3787 717 repe-

543 731 708 794 atque
748 721 802 776 in
846 723 1134 794 pristiam
1181 724 1436 779 decorem
1465 731 1518 780 et
1564 724 1812 778 ordinem
1857 725 2144 780 restituere
2244 724 2467 791 rientes,
2515 727 2585 781 ad
2617 727 2879 798 liquidum
2925 727 3141 784 ﬁniatis.
3193 730 3566 786 Verumtamen
3603 732 3784 806 dignum

545 810 849 866 nullatenus
877 811 1280 881 praetermittas,
1337 821 1496 884 atque
1529 814 1628 866 sub
1662 813 1861 884 proprii
1889 829 2018 868 cura
2049 828 2144 868 sa-
2243 829 2350 868 non
2413 830 2534 869 esse
2584 815 2856 870 sancimus
2893 824 2959 870 ut
2996 817 3188 888 jugnm
3245 819 3333 874 cui
3393 833 3498 873 non
3552 836 3639 874 suo
3685 838 3788 891 pro-

544 899 783 954 cerdotis
839 915 960 954 eam
1011 900 1331 968 constituas,
1383 901 1476 972 qui
1524 901 1744 955 sedulas
1789 901 1861 954 ibi
1913 901 2144 956 Domino
2241 903 2420 972 posito
2469 911 2636 968 mota,
2689 905 2782 958 sed
2837 905 3129 960 ambitione
3177 915 3228 960 et
3275 907 3528 962 violentia
3571 923 3785 979 oppressa

543 987 734 1041 laudes
783 987 1033 1058 quotidie
1083 988 1379 1058 persolvat,
1413 1004 1478 1043 ac
1525 1004 1624 1059 pro
1673 989 1846 1043 salute
1905 987 2142 1042 fidelium
2243 991 2466 1045 subacta
2502 999 2604 1056 est,
2659 1002 2876 1062 portare
2919 1003 3164 1064 cogatur,
3199 995 3324 1066 quia
3355 1004 3408 1050 et
3437 1006 3642 1052 sanctus
3678 1014 3789 1068 papa

541 1075 968 1146 omnipotentem
1002 1076 1292 1132 Dominum
1321 1077 1491 1131 valeat
1538 1093 1785 1143 exorare,
1821 1094 2142 1148 sacrumque
2244 1078 2544 1150 Gregorius
2571 1080 2627 1133 in
2659 1081 2887 1151 epistola
2935 1082 3004 1136 ad
3053 1082 3408 1137 Athanasium
3453 1082 3548 1156 [αι.
3603 1088 3788 1138 Anasta-

540 1163 671 1230 illic,
707 1165 823 1218 Deo
853 1164 1108 1236 prepitio,
1161 1181 1339 1219 annue
1383 1166 1622 1220 chrisma
1669 1166 1885 1220 mittere
1933 1166 2140 1219 indesi-
2243 1167 2404 1239 sium]
2433 1168 2811 1240 presbyterum
2854 1171 3093 1236 Isauriae,
3144 1171 3283 1225 inter
3312 1179 3502 1226 caetera
3529 1171 3594 1225 ita
3621 1171 3786 1226 refert:

541 1260 736 1307 neuter
765 1268 1050 1323 procures.
1076 1254 1218 1325 quod
1253 1262 1335 1307 est
1365 1254 1526 1308 totius
1545 1253 1960 1308 Christianitatis
1993 1254 2142 1308 salus
2242 1255 2429 1327 (epist.
2463 1255 2556 1310 lib.
2592 1273 2646 1322 v,
2683 1257 2840 1326 epist.
2876 1260 2986 1324 67).
3036 1256 3358 1329 Quanquam
3391 1274 3456 1314 ea
3499 1276 3613 1330 quae
3637 1260 3682 1314 vi
3707 1261 3787 1314 im-

541 1349 594 1396 et
638 1340 903 1411 perfectio
959 1357 1107 1398 vera.
1151 1340 1292 1394 Nam
1353 1341 1396 1394 si
1440 1341 1598 1396 aliter
1656 1342 1870 1408 feceris,
1930 1358 2030 1396 nos
2075 1359 2138 1395 ex
2240 1343 2504 1413 pulsionis
2554 1343 2704 1409 fiunt,
2739 1361 3004 1400 canonum
3049 1346 3272 1402 minime
3317 1363 3548 1402 censura
3587 1348 3789 1420 recipiat,

537 1429 837 1500 apostolica
856 1428 1174 1484 auctoritate
1203 1429 1358 1484 alteri
1385 1430 1640 1500 episcopo
1670 1429 1949 1500 praefatam
1972 1431 2140 1486 eccle-
2240 1440 2292 1485 et
2315 1432 2435 1500 jure
2465 1432 2764 1487 habeantur
2795 1431 3008 1488 infirma
3037 1434 3162 1506 quia
3192 1434 3309 1505 ipse
3341 1450 3407 1490 ea
3449 1435 3694 1499 dissolvit,
3720 1437 3791 1506 qui

541 1517 676 1574 siam
732 1518 802 1571 ad
875 1517 1278 1571 restaurandum
1338 1528 1387 1571 et
1444 1518 1705 1573 canonice
1777 1518 2136 1573 ordinandum
2239 1519 2494 1588 injustum
2541 1521 2700 1576 fateri
2742 1522 3035 1594 compellit,
3069 1523 3167 1577 sed
3215 1523 3394 1594 magis
3421 1523 3513 1578 illa
3540 1532 3618 1578 est
3653 1524 3791 1579 susci-

538 1603 728 1675 procul
761 1603 926 1658 dubio
959 1606 1372 1660 committemus.
1419 1607 1552 1660 Data
1583 1621 1684 1660 xm
1719 1606 1994 1661 Kalendas
2023 1607 2136 1661 De-
2237 1608 2435 1679 pieuda
2466 1617 2516 1662 et
2547 1609 2927 1680 amplectenda
2967 1610 3258 1676 confessio,
3294 1627 3415 1683 quae
3447 1627 3511 1666 ex
3541 1620 3791 1682 spontanee

541 1692 796 1747 cembris.
2163 1724 2217 1783 Β
2236 1705 2566 1751 monstratur
2594 1698 2866 1752 voluntate
2911 1699 3231 1768 procedere.
3267 1699 3334 1752 Et
3364 1716 3552 1754 rursus
3579 1699 3791 1770 scriptum

1175 1795 1481 1850 CCLXX",
2239 1792 2352 1839 est:
2388 1786 2709 1841 Voluntarir
2737 1787 3058 1854 sacriﬁcabo
3091 1788 3194 1841 tibi
3212 1788 3387 1856 (Psal.
3411 1789 3530 1858 Lm)
3549 1805 3564 1852 ;
3585 1796 3634 1842 et
3651 1787 3790 1842 alias:

825 1897 896 1936 ,ιο
927 1897 1341 1950 “mammam,
1364 1899 1686 1947 “Romam”,
1721 1901 1841 1938 κτα,
2247 1875 2574 1929 Voluntaria
2593 1876 2706 1929 oris
2733 1877 2848 1929 moi
2869 1876 3222 1946 bencplacita
3242 1878 3358 1946 fac,
3391 1877 3622 1932 Domine
3645 1877 3788 1944 (Psal.

1164 1956 1345 2013 (Anno
1376 1955 1524 2012 879.}
2236 1963 2452 2030 cxvm).
2487 1963 2660 2016 Porro
2685 1963 2796 2031 jam
2828 1961 2934 2017 fato
2954 1962 3151 2016 Joanni
3181 1964 3490 2018 reverendo
3521 1964 3791 2032 Aprutiensi

543 2051 797 2124 Ostendit
829 2053 1147 2124 mulierem,
1180 2052 1670 2124 graeci-minisque
1697 2057 1886 2108 coacta
1918 2054 2136 2124 religt‘o-
2235 2049 2456 2103 antistiti
2507 2049 2664 2104 etiam
2711 2050 2893 2104 verbis
2936 2049 3265 2119 injunximus
3307 2059 3386 2120 ut,
3447 2052 3610 2106 ascita
3649 2059 3793 2105 vestra

611 2130 737 2210 fit"?
767 2121 1021 2210 ῘέίιθξίῖιῙη
1052 2121 1392 2210 εει-δεέρεναί»
1441 2123 1512 2176 ad
1542 2121 1680 2210 υῐξξςι,
1711 2123 1988 2210 δί’ζύίιηίῗίι
2022 2139 2131 2210 ζῑθη
2236 2137 2589 2203 fraternitate,
2623 2154 2784 2192 omne
2815 2139 3004 2193 dehac
3036 2155 3096 2192 re
3116 2138 3392 2210 negotium
3425 2139 3691 2194 vobiscum
3717 2155 3793 2208 pa-

609 2193 2136 2347 εῐπῑέεξιίθὲΐΐίὶῖαέἓἵῖῖιᾝιὲ¹ῒίιὲῑὲῖ¹ιΐέῗί¹ἓὲ⁷ἔ
2235 2225 3792 2347 313531.13?“‘23:..‘iffiii‘:“if";:i‘ffi‘Efﬁiiiﬂ‘f'ili‘iﬁii

611 2334 698 2405 vel
727 2349 922 2388 eorum
949 2313 1155 2403 legatos
1193 2313 1322 2388 czZ-m
1361 2335 1482 2405 ipsa
1513 2313 1909 2390 mulierc'adsc
1949 2313 2136 2388 venire

2235 2321 2507 2383 procuret.
2559 2313 2733 2384 Super
2780 2330 2887 2384 quo
2918 2313 2962 2367 si
2993 2313 3172 2384 aliqua
3217 2313 3546 2385 ambiguitas
3591 2313 3793 2370 fortassis

602 2403 784 2473 jubet.
1001 2399 1018 2403 ⁷
1378 2399 1394 2405 ’
2236 2401 2534 2471 emerserit,
2569 2409 2692 2457 tunc
2715 2402 2973 2470 jubemus
3003 2409 3054 2455 ut
3087 2409 3176 2456 aut
3205 2417 3322 2468 vos,
3356 2411 3455 2456 aut
3483 2402 3639 2457 vestri
3663 2399 3793 2472 legati

608 2491 968 2546 Tuaonomco
1005 2488 1211 2558 Teatio,
1269 2493 1538 2545 llaommo
1583 2492 1852 2554 Firmano,
1905 2493 2134 2559 10mm,
2236 2489 2383 2544 vices
2425 2498 2634 2545 vestras
2679 2497 2928 2561 agentes,
2983 2506 3109 2544 cum
3136 2490 3325 2544 eadem
3383 2489 3588 2545 femina
3629 2488 3794 2544 nostris

535 2579 849 2650 Aprutiensi
878 2587 930 2633 et
962 2579 1255 2634 Haurorxo
1285 2579 1541 2634 Pinnensi
1573 2579 1864 2650 episcOpis.
2234 2577 2652 2648 prasentialiter
2711 2577 2987 2632 obtutibus
3053 2585 3486 2648 przesententur,
3542 2586 3597 2631 ut
3645 2591 3794 2631 coram

607 2662 872 2734 Quaedam
930 2676 1233 2722 vestrarum
1286 2667 1596 2722 dimceseon
1645 2667 1864 2732 femina,
1916 2669 2135 2723 nomine
2235 2665 2392 2721 nobis
2435 2666 2547 2733 jam
2597 2665 2911 2737 diligentius
2955 2665 3132 2718 omnis
3178 2665 3252 2719 rei
3293 2665 3502 2720 veritas
3543 2664 3796 2736 inquiratur

535 2755 893 2810 Thcoderona
923 2753 990 2811 de
1023 2756 1284 2821 Vivelata,
1335 2756 1526 2811 relicta
1575 2756 1850 2826 quondam
1882 2755 2130 2826 Tresigii.
2237 2761 2288 2806 et
2319 2753 2585 2823 aequitatis
2612 2753 2805 2825 regula
2849 2754 3184 2807 terminatur.
3218 2753 3505 2807 Postremo
3531 2753 3576 2806 si
3603 2750 3796 2822 praefata

535 2841 723 2898 sedem
776 2843 1129 2913 apostolicam
1194 2851 1545 2914 nostrumque
1593 2841 1750 2897 simul
1801 2843 2134 2914 pontiﬁcium
2237 2841 2452 2895 femina:
2482 2841 2698 2912 aliquod
2731 2841 2996 2895 invidiose
3045 2841 3314 2909 objectum
3341 2839 3558 2895 crimen
3584 2853 3794 2911 quoquo-

535 2921 746 2997 adiens,
797 2938 986 3000 questa
1036 2939 1118 2984 est
1148 2931 1305 2985 nobis
1349 2931 1516 3002 quod,
1551 2931 1665 2986 viro
1714 2947 1812 2986 suo
1855 2931 2131 2998 defuncto,
2236 2930 2400 2982 modo
2430 2928 2603 2992 fuerit,
2657 2943 2772 2996 vos,
2807 2929 2923 2982 Deo
2973 2945 3088 2998 pra:
3118 2928 3291 2984 oculis
3337 2928 3550 2993 habito,
3583 2929 3676 2982 hoc
3712 2941 3797 2979 non

534 3015 783 3071 velamen
810 3015 914 3070 sibi
944 3017 1085 3072 sacri
1103 3017 1318 3072 habitus
1348 3017 1416 3085 ab
1435 3017 1677 3086 ejusdem
1711 3019 1811 3073 viri
1841 3019 1924 3072 sui
1954 3017 2135 3073 fratris
2169 3069 2214 3086 Λ
2237 3016 2566 3078 admittatis;
2601 3024 2652 3070 et
2684 3016 2728 3068 si
2759 3023 3048 3071 accusator
3095 3016 3237 3070 illius
3265 3015 3320 3070 in
3349 3032 3452 3070 sua
3481 3013 3797 3071 obstinatione

532 3104 785 3162 duntaxat
816 3104 1035 3175 gemani
1065 3104 1137 3170 vi,
1170 3121 1278 3159 non
1318 3105 1520 3160 scilicet
1553 3091 1840 3161 dilectione
1866 3106 1986 3161 vitae
2016 3106 2133 3176 spi-
2165 3091 2617 3174 Upermanserit,
2653 3113 2756 3158 tam
2785 3112 3042 3160 accusata
3088 3120 3251 3176 quam
3298 3091 3588 3160 accusator
3627 3104 3679 3157 in
3717 3115 3798 3156 no-

533 3191 762 3260 ritualis,
797 3193 894 3248 sed
923 3192 1218 3248 ambitione
1266 3193 1597 3266 praediorum
1626 3192 1790 3260 ducti,
1822 3193 2133 3266 impositum
2235 3201 2403 3246 stram
2435 3208 2559 3247 cum
2589 3192 2786 3246 vestris
2816 3193 3021 3262 pariter
3063 3192 3244 3246 missis
3283 3192 3597 3247 accelerent
3634 3203 3798 3260 prope-

531 3278 714 3346 fuerit,
751 3289 801 3336 et
833 3281 951 3352 ipsa
998 3279 1289 3353 plurimum
1335 3281 1576 3338 renitens
1623 3289 1812 3337 contra
1856 3283 2134 3353 propriam
2235 3297 2355 3335 rare
2409 3280 2772 3350 praesentiam.
2839 3280 3222 3336 Verumtamen
3276 3280 3323 3334 si
3377 3288 3664 3336 accusator
3709 3277 3802 3345 ejus

533 3369 904 3441 sponsionem,
949 3369 1418 3441 pollicitationem,
1441 3370 1840 3441 expetitionem,
1905 3371 2132 3426 electio-
2233 3366 2485 3433 defuerit,
2512 3369 2629 3438 jam
2671 3367 2764 3422 illa
2791 3367 3017 3423 crimine
3057 3367 3152 3423 illo
3198 3383 3382 3423 coram
3415 3367 3577 3424 nobis
3615 3366 3802 3424 veniens

533 3457 1066 3529 nem,propositum,
1099 3467 1283 3514 votum
1303 3467 1463 3530 atque
1492 3467 1848 3529 spontaneum
1871 3458 2130 3527 judicium
2234 3473 2341 3511 non
2399 3456 2702 3519 tenebitur,
2773 3457 3070 3511 secundum
3123 3454 3581 3528 Carthaginensis
3626 3451 3802 3510 concilii

535 3546 652 3602 sine
683 3543 1061 3601 benedictione
1093 3546 1393 3601 sacerdotis
1423 3545 1567 3601 idem
1598 3545 1844 3602 velamen
1876 3561 2136 3616 suscepe—
2233 3561 2438 3599 nonum
2493 3544 2762 3600 decimum
2818 3544 3112 3614 capitulum
3137 3585 3152 3611 ,
3209 3544 3284 3600 ita
3340 3543 3597 3616 inquiens
3641 3543 3797 3612 (Coac.

533 3634 620 3690 rit.
657 3633 822 3703 Cujus
851 3634 1247 3706 professionem
1277 3651 1459 3690 coram
1489 3634 1828 3706 coepiSCOpis
1862 3643 1914 3690 et
1943 3635 2132 3689 fratri-
2237 3634 2428 3688 Carth.
2461 3648 2542 3698 ιιι,
2575 3648 2694 3703 cap.
2731 3633 2787 3702 ’7)
2821 3651 2834 3686 :
2869 3635 3167 3688 Accusator
3195 3632 3310 3702 ejus
3343 3631 3390 3686 si
3421 3646 3684 3703 nunquam
3711 3627 3802 3684 die

534 3723 634 3778 bus
663 3723 864 3776 nostris
893 3721 1254 3788 conferentes,
1289 3723 1665 3794 inquisivimus
1715 3723 1876 3778 etiam
1906 3722 2133 3777 idoneos
2235 3721 2336 3776 bus
2391 3735 2570 3776 causai
2627 3721 2874 3775 dicendae
2923 3719 3250 3784 defuerit,.a
3292 3720 3671 3775 communione
3716 3731 3801 3770 non

535 3810 680 3868 viros
709 3805 1084 3882 Opteramum,
1127 3809 1498 3879 Scattoimum,
1545 3810 1930 3876 Erfemarium,
1963 3814 2131 3866 Ame-
2234 3817 2620 3874 removeatur;
2681 3809 2924 3862 restituto
2983 3808 3035 3860 in
3091 3807 3484 3863 communione
3553 3813 3798 3864 accusata.

535 3897 696 3952 deum
745 3905 797 3951 et
842 3897 1128 3966 Cerisium,
1182 3899 1391 3953 vicinos
1424 3898 1630 3954 scilicet
1677 3899 1847 3970 ipsius
1897 3897 2128 3964 feminze,
2233 3897 2352 3966 ipse
2395 3903 2761 3952 removatura
2789 3895 3170 3951 communione
3219 3903 3535 3951 accusator.
3587 3897 3710 3949 Data
3743 3905 3800 3944 ιιι

535 3985 628 4055 qui
656 4000 784 4040 casu
808 3993 1106 4056 praesentes
1135 3986 1382 4050 aderant,
1404 3994 1584 4040 utrum
1615 4004 1673 4041 se
1692 3988 1765 4040 ita
1787 4003 1876 4040 res
1907 3987 2134 4042 haberet
2236 3984 2510 4038 Kalendas
2540 3983 2878 4049 Decembris,
2911 3983 3204 4039 indictione
3237 3999 3363 4038 xm.

535 4087 602 4126 an
633 4087 760 4126 non.
795 4069 900 4170 Sed
932 4071 1011 4126 illi
1041 4089 1149 4170 non
1181 4073 1357 4170 solum
1388 4073 1458 4128 ita
1489 4073 1656 4129 fuisse
1686 4073 1952 4129 testificati
1985 4084 2128 4170 sunt,
2853 4115 3166 4170 CCLXXI"

535 4175 722 4214 verum
769 4159 929 4213 etiam
961 4160 1135 4230 parati
1182 4161 1500 4216 exstiterunt
1532 4177 1748 4215 omnem
1797 4179 1961 4233 super
1995 4163 2132 4217 hanc
2563 4219 2624 4233 ,η

533 4263 757 4306 causam
805 4245 1232 4304 satisfactionem
1278 4249 1627 4318 praemittere.
1669 4251 1781 4305 Nos
1824 4250 1990 4322 igitur
2032 4251 2130 4303 ha-
2554 4245 2624 4257 “"
3065 4245 3211 4257 ’νυνί

533 4333 721 4358 L__,_
759 4335 999 4358 ,μμλω
1042 4354 1190 4358 ___m
1232 4345 1276 4358 ,Α
1302 4345 1483 4358 __
1516 4337 1685 4358 __,,_,
1983 4335 2105 4358 ομ,
2854 4293 3036 4358 (Anno
3067 4292 3215 4358 879.)

1339 4357 1348 4368 ι
1674 4337 1685 4348 .
1779 4339 1788 4349 .
1833 4338 1843 4348 .
2095 4338 2105 4348 .
2856 4333 3034 4362 ,θυμω
3068 4333 3215 4358 .,..,.,

749 4335 1200 4451 ffffimﬂﬂﬁﬁ
1226 4345 1281 4451 ei
1709 4335 2131 4451 8951:”)???
2159 4417 2210 4451 η
2237 4381 2496 4451 I’rtrcipit
2529 4384 2593 4434 ut
2621 4379 2800 4450 [trdus
2831 4395 2960 4434 cum
2989 4380 3286 4434 Saracenis
3317 4381 3501 4434 ictum
3532 4375 3800 4450 rumpant:

533 4434 586 4481 ει
614 4441 716 4522 ρετ
744 4425 976 4522 gratiae
1007 4425 1223 4491 ειιιυίειί,
1255 4425 1431 4522 ξςιυηι
1455 4425 1696 4522 iustitiae.
1744 4427 1934 4482 eadem
2159 4417 2210 4478 ο
2237 4417 2252 4435 ·
2282 4417 3501 4522 ’ἱίιὶξὶἒῖἧίέἕ1ξὲἧέἓῖίὲῗύἒέἓὲἒὲἕέίῗζῖἕεέἓὲἕξ
3519 4417 3801 4504 gazas:

2554 4219 2625 4257 AD
2653 4215 3030 4267 ATIMNASIUM,
3063 4217 3374 4265 PULCARELI,
3405 4217 3532 4257 ETC.

533 4513 775 4585 legitime
797 4513 988 4570 velatis
1019 4531 1142 4586 quae
1169 4521 1220 4568 et
1253 4511 1326 4568 illi
1345 4514 1607 4568 sentimus
1638 4515 1940 4586 eademque.
1960 4515 2134 4569 omni-
2302 4511 2750 4576 inunicationcm
2766 4522 3044 4576 minatur.
3069 4511 3368 4575 Pulchram
3390 4511 3802 4577 ‘nzonetnel’aa-

533 4619 606 4660 no
633 4601 1014 4667 decernimus;
1047 4611 1096 4657 et
1131 4602 1275 4673 quod
1307 4618 1414 4656 non
1443 4603 1662 4673 propria
1695 4603 1990 4672 voluntate,
2025 4619 2124 4657 non

2072 4619 2132 4657 οη
2305 4592 2536 4661 dcuulfo
2572 4592 2835 4662 ϐηματιηο
2855 4591 3045 4661 judici
3074 4592 3396 4646 molestiam
3430 4592 3663 4662 inferat.

533 4689 777 4756 arbitrio,
811 4705 920 4746 non
947 4699 1095 4756 voto,
1138 4706 1247 4744 non
1277 4689 1513 4760 expetitu
1545 4689 1631 4744 vel
1661 4699 1960 4760 spontaneo
1985 4691 2134 4759 judi-
2305 4700 2631 4751 ΑτιιΑΝΑειο
2654 4697 2912 4767 episcopo
2945 4695 3321 4766 Neapolitano,
3347 4697 3541 4750 Ριςτιιο
3561 4695 3802 4766 episcopo.

535 4779 640 4845 cio,
675 4779 805 4849 quin
835 4779 1014 4850 pctius
1064 4787 1254 4834 coacte
1285 4777 1602 4842 admittitur,
1655 4781 1980 4833 cassandum
2014 4796 2136 4834 esse
2235 4801 2330 4838 seu
2361 4785 2598 4839 PULCARI
2640 4785 2983 4854 praefectorio
3033 4784 3375 4848 Amaltitano,
3429 4783 3685 4854 episcopo
3721 4780 3804 4833 Ca-

535 4867 812 4922 sancimus
845 4885 858 4920 :
891 4867 1167 4937 praecipue
1215 4883 1340 4922 cum
1383 4867 1500 4922 huic
1547 4867 1736 4921 eadem
1787 4867 1983 4921 femina
2027 4884 2134 4922 non
2228 4873 2432 4941 jetano,
2475 4889 2572 4926 seu
2616 4872 2866 4937 Decibili,
2901 4881 2951 4926 et
2980 4875 3184 4926 Joaxxr
3233 4872 3496 4942 gloriosis
3542 4867 3756 4940 hypatis.
3781 4877 3806 4916 ι

533 4954 640 5010 nisi
667 4954 830 5009 minis
868 4955 1165 5025 perterrita,
1207 4954 1330 5026 plus
1382 4955 1557 5010 minus
1589 4955 1779 5010 diebus
1827 4955 2134 5026 quindecim
2233 4960 2478 5031 paribus.

532 5045 676 5099 idem
711 5043 955 5098 velamen
985 5053 1233 5116 gestasse
1262 5061 1321 5098 se
1342 5043 1556 5108 dixerit,
1592 5053 1639 5098 et
1672 5043 1818 5098 nullo
1850 5045 2136 5099 sacerdote
2307 5048 2498 5113 Pudet,
2532 5056 2586 5101 ut
2619 5047 2692 5102 ita
2741 5049 2990 5110 dixerim,
3050 5046 3380 5119 pontificium
3441 5056 3682 5102 nostrum
3731 5053 3806 5094 vos

537 5131 968 5188 benedictionem
1026 5133 1294 5186 tribuente
1352 5134 1454 5188 hoc
1499 5133 1766 5188 violenter
1812 5133 2132 5203 susceperit.
2230 5138 2345 5205 jam
2374 5152 2720 5191 commonere
2753 5153 2916 5207 super
2945 5138 3046 5191 hoc
3106 5137 3252 5207 quod
3311 5145 3417 5190 tam
3479 5132 3739 5190 multoties
3781 5142 3806 5182 ι

537 5219 694 5289 Quod
741 5221 867 5276 licet
916 5221 987 5276 ad
1031 5221 1189 5291 hujus
1231 5220 1628 5276 absolutionem
1679 5220 1919 5275 suilicere
1975 5237 2136 5292 posse
2237 5225 2394 5280 nobis
2425 5224 2737 5280 commoniti
2767 5225 3090 5294 resipiscere
3118 5223 3384 5288 noluistis,
3436 5231 3491 5278 et
3549 5237 3668 5278 cum
3715 5219 3806 5270 Deo

544 5324 842 5377 speremus,
875 5309 1004 5380 quia
1034 5310 1076 5363 si
1111 5309 1180 5362 ita
1211 5316 1313 5375 est,
1347 5310 1510 5364 totius
1549 5309 1818 5365 violentia)
1847 5325 1909 5364 ac
1940 5325 2136 5363 neccs-
2237 5313 2531 5368 odibilibus
2588 5312 2878 5367 Saracenis
2935 5312 3174 5367 habitum
3246 5320 3460 5382 pactum
3540 5305 3807 5364 dissolvere

542 5395 717 5448 sitatis
762 5398 992 5453 vinculis
1034 5399 1298 5458 absoluta.
1346 5415 1505 5453 suum
1554 5398 1777 5454 licenter
1819 5406 1868 5451 et
1920 5399 2137 5467 impune
2237 5404 2502 5456 hactenus
2531 5401 2953 5470 contempsistis.
3003 5401 3202 5455 Verum
3232 5399 3354 5472 quia
3403 5408 3612 5470 quanta
3636 5393 3807 5451 crude-

545 5482 697 5552 sequi
727 5484 888 5538 debet
917 5486 1222 5546 arbitrium.
1256 5496 1306 5541 et
1338 5488 1484 5558 quod
1515 5502 1619 5542 non
1652 5485 1835 5554 elegit,
1867 5495 1924 5540 ut
1955 5485 2137 5556 perfe-
2241 5491 2446 5544 litatum
2503 5505 2726 5559 genera,
2777 5505 2837 5544 ac
2869 5489 3266 5544 desolationem
3295 5496 3462 5543 terra).
3500 5486 3656 5541 istius
3685 5480 3810 5538 cala-
