4028 6180
259 297 356 347 893

1422 289 1774 346 EPISTOIJE
1815 289 1902 346 ET
1925 289 2252 346 DECRETA
2265 335 2277 348 .

3456 298 3558 350 894

255 417 504 472 initurum
555 417 716 472 nimis
773 433 838 471 ex
888 418 991 473 hoc
1042 417 1181 472 mala
1232 417 1467 490 lugenda
1501 415 1860 488 provenerint
1889 416 1944 476 Α
1966 428 2056 472 sos
2081 416 2424 472 fraternitate
2474 419 2768 474 enormiter
2799 421 3054 485 adversa,
3089 429 3138 476 et
3171 430 3357 476 contra
3381 432 3559 494 regu-

255 516 420 578 atque
447 504 792 577 proveniant,
819 519 1153 578 exaggerare
1173 504 1494 572 differimus,
1519 521 1587 560 ne
1615 505 1856 572 interim,

256 594 402 666 quod
452 589 676 666 dignmn
725 601 825 660 est,
853 591 1103 663 judicare
1144 609 1420 666 cogamur.
1468 595 1660 649 Adhuc
1689 594 1858 648 obse-

257 695 496 750 cramus,
543 677 730 737 adhuc
771 683 910 737 sicut
941 681 1207 754 spiritales
1230 680 1375 737 ﬁlios
1405 684 1774 750 exhortamur,
1809 690 1859 736 et

253 770 498 841 paternis
545 770 848 826 visceribus
891 785 988 826 vos
1035 771 1285 842 amplecti
1333 779 1614 840 conantes,
1665 770 1765 824 Dei
1795 785 1860 825 ac

249 858 564 929 principum
609 857 978 928 apostolorum
1029 857 1180 914 Petri
1225 874 1287 914 ac
1339 858 1488 913 Pauli
1545 858 1859 914 auctoritate

253 947 622 1018 praecipimus,
645 955 705 1001 ut
728 947 844 1016 jam
868 947 1093 1022 jamque
1113 947 1454 1018 disciplinam
1471 947 1857 1018 percipientes,

254 1034 326 1088 ab
358 1033 567 1089 eisdem
614 1034 814 1108 iniquis
855 1042 908 1089 et
932 1034 1150 1090 ancillae
1175 1033 1302 1088 ﬁliis
1341 1035 1614 1090 Saracenis
1645 1051 1744 1089 vos
1774 1051 1860 1090 se—

252 1121 480 1193 paretis,
511 1129 568 1177 et
591 1130 812 1194 pactum
859 1137 983 1178 cum
1007 1123 1093 1177 eis
1121 1123 1364 1178 habitum
1401 1123 1580 1177 modis
1608 1123 1860 1178 omnibus

253 1209 590 1275 dissolvatis,
645 1210 692 1266 si
741 1210 827 1267 vel
869 1217 1071 1268 nostra)
1119 1211 1536 1281 communionis,
1571 1211 1660 1266 vel
1687 1211 1860 1282 ipsius

255 1297 672 1353 Christianitatis
727 1299 887 1354 vultis
939 1315 1064 1354 esse
1101 1300 1434 1370 participes;
1467 1299 1522 1354 in
1567 1315 1706 1371 quos
1748 1300 1860 1368 jam

251 1385 511 1442 daremus
539 1383 897 1443 ecclesiastici
925 1387 1206 1442 mucronis
1250 1387 1590 1454 sententiam,
1625 1387 1730 1442 nisi
1759 1403 1860 1442 nos

251 1473 554 1544 apostolica
581 1474 836 1545 patientia
881 1475 1158 1530 retineret.
1192 1475 1399 1531 Idcirco
1429 1475 1587 1530 vobis
1615 1475 1860 1532 inducias

253 1577 430 1632 usque
478 1561 756 1618 Kalendas
818 1563 1169 1618 Decembrias
1213 1563 1370 1618 istius
1418 1564 1590 1619 tertiae
1633 1564 1861 1619 decimae

253 1648 568 1706 indiutionis
598 1650 666 1704 ad
694 1650 838 1706 idem
883 1660 1104 1721 pactum
1127 1666 1252 1706 cum
1284 1651 1572 1706 Saracenis
1602 1651 1857 1724 frangen-

254 1738 386 1794 dum
431 1737 723 1810 largimur,
753 1747 808 1794 et
860 1746 967 1794 tam
1017 1755 1114 1794 vos
1161 1756 1324 1812 quam
1370 1740 1658 1810 Cajetanos
1695 1749 1858 1812 atque
1880 1767 1932 1825 Β

252 1824 612 1882 Amalﬁtanos
638 1827 836 1882 lucrari
867 1827 1130 1896 volentes,
1164 1827 1210 1882 si
1241 1844 1413 1898 usque
1443 1829 1513 1882 ad
1541 1828 1688 1884 idem
1717 1837 1857 1882 tem-

252 1929 356 1986 pus
403 1929 626 1968 omnem
669 1898 1070 1970 Saracenorum
1109 1915 1423 1985 amicitiam,
1485 1933 1586 1972 nec
1641 1933 1752 1970 non
1806 1926 1858 1971 et

250 2017 418 2058 omne
443 2001 624 2057 fmdus
653 2003 952 2060 dissolvere
991 2003 1152 2059 solito
1182 2005 1640 2075 contempseritis,
1675 2013 1856 2060 utros-

255 2106 364 2161 que
385 2092 674 2146 senth
702 2091 1086 2147 ecclesiasticae
1120 2091 1315 2160 jaculis
1343 2092 1619 2160 feriemus,
1653 2101 1705 2146 et
1734 2109 1857 2163 per-

251 2187 422 2249 petuo
465 2178 792 2234 anathemati
835 2179 1236 2245 submittemus,
1288 2189 1345 2234 ut
1391 2181 1482 2250 qui
1524 2181 1658 2236 socii
1687 2181 1856 2236 disci-

255 2265 424 2335 plina:
450 2281 582 2322 esse
612 2281 722 2322 non
747 2267 932 2332 vultis,
964 2267 1364 2323 communionis
1410 2283 1626 2339 quoque
1657 2277 1857 2324 nostra:

253 2369 367 2408 non
399 2353 520 2410 sitis
546 2354 860 2425 participes.
896 2357 1001 2412 Hoc
1047 2355 1370 2411 addendum
1417 2361 1502 2411 est
1533 2358 1592 2411 in
1622 2357 1856 2428 epistola

254 2442 332 2498 ad
356 2443 682 2498 Pulcarem.

327 2530 609 2586 Postremo
659 2529 992 2586 nobilitatem
1039 2539 1185 2584 tuam
1231 2547 1514 2586 monemus
1557 2539 1612 2585 ut
1641 2532 1856 2586 Pande-

252 2617 409 2672 nulfo
443 2617 615 2684 iudici
663 2617 922 2688 Capuano
969 2619 1023 2672 in
1068 2619 1217 2674 nullo
1245 2619 1508 2674 molestus
1535 2620 1772 2684 existas;
1803 2629 1856 2674 et

249 2705 401 2776 quod
431 2700 731 2776 nobiszipse
757 2706 989 2762 devotus
1019 2714 1124 2772 est,
1156 2714 1213 2760 tu
1243 2707 1293 2761 ei
1324 2707 1612 2761 devotione
1643 2715 1696 2760 et
1723 2707 1858 2760 ami-

249 2792 380 2852 citia
429 2793 736 2863 copulatus,
767 2793 824 2848 in
853 2809 961 2864 quo
1003 2810 1167 2864 posse
1197 2794 1293 2848 tibi
1321 2793 1498 2863 fuerit,
1531 2802 1722 2850 contra
1753 2796 1854 2849 ad-

251 2880 542 2936 versitates
567 2881 712 2936 illius
745 2889 795 2937 te
822 2897 1035 2936 murum
1079 2897 1363 2952 oppones;
1398 2890 1659 2953 quatenus
1689 2883 1855 2952 patris

245 2967 396 3022 illius
444 2968 539 3039 qui
583 2968 802 3038 proprio
829 2968 1081 3041 genitore
1113 2969 1373 3024 salvando
1413 2969 1650 3040 sutligiit,
1687 2971 1853 3024 remi-

248 3055 494 3121 niscens,
529 3071 630 3126 pro
658 3056 940 3126 utriusque
986 3072 1197 3125 amore,
1231 3057 1275 3110 si
1305 3057 1374 3112 de
1409 3058 1564 3111 nobis
1597 3058 1688 3112 tibi
1720 3074 1854 3112 cura

247 3151 352 3208 est,
386 3143 562 3213 ipsius
609 3142 925 3198 Pandenulﬁ
995 3144 1334 3214 profectibus
1381 3145 1558 3215 potius
1617 3147 1850 3212 haereus,

249 3246 422 3302 quam
451 3231 676 3286 obviare
706 3233 1092 3303 quoquomodo
1119 3232 1379 3288 videaris.

883 3338 1216 3393 CCLXXIV.

493 3439 567 3478 AD
597 3439 891 3480 ABPALDUM
919 3440 1228 3480 EPISCOPUM
1258 3441 1606 3481 ASCULANUM.

871 3515 1054 3580 (Anno
1080 3514 1229 3570 8⁵79.)

248 3603 465 3684 Ανςυίζ
503 3601 643 3688 quod
671 3601 744 3688 ad
773 3602 1050 3672 synodum
1077 3604 1484 3688 pou'vcgzcrit;
1504 3603 1665 3688 jubet
1697 3604 1768 3688 (ut
1798 3619 1854 3656 sc

321 3671 570 3797 sena-5,1
573 3671 744 3796 uttiis
792 3671 913 3744 cum
943 3687 979 3726 α
1006 3673 1126 3728 suis
1169 3673 1392 3728 clericis
1427 3671 1851 3742 objiciebantur,

321 3759 530 3803 respon
573 3759 639 3798 ea
672 3784 684 3796 .

323 3837 804 3895 Reverendissimo
831 3847 886 3893 et
915 3839 1258 3895 sanctissimo
1303 3841 1566 3893 AarALno
1597 3841 1854 3912 episcopo

250 3928 552 3984 Asculane.

317 4016 637 4073 Secundum
682 4031 866 4072 sacros
907 4015 1296 4070 venerabilium
1345 4017 1560 4070 Patrum
1615 4031 1855 4072 canones

147 4121 156 4128 ‘
245 4105 462 4176 Spiritu
481 4104 584 4159 Dei
613 4104 882 4170 conditos,
915 4111 967 4158 et
993 4104 1158 4159 totius
1184 4104 1373 4158 mundi
1401 4105 1703 4159 reverentia
1725 4120 1857 4160 con-

245 4200 518 4258 secratos,
577 4207 679 4262 pro
723 4191 1112 4248 ecclesiasticis
1159 4192 1413 4245 duntaxat
1441 4193 1854 4248 necessitatibus

247 4282 322 4337 ad
383 4295 498 4350 eas,
557 4295 695 4353 quas
739 4295 912 4350 nuper
958 4278 1170 4334 statutis
1197 4279 1392 4334 diebus
1433 4279 1850 4346 celebravimus,

244 4359 518 4441 synodos,
549 4367 733 4422 missis
763 4383 830 4422 ex
859 4383 1011 4422 more
1037 4367 1372 4422 auctoritatis
1409 4375 1609 4423 nostrae
1638 4367 1850 4431 litteris,

243 4457 648 4513 fraternitatem
694 4464 844 4511 tuam
889 4456 1095 4511 debere
1134 4471 1421 4511 occurrere
1463 4455 1640 4510 modis
1681 4457 1855 4510 omni-
1882 4455 1936 4514 D

249 4547 360 4600 bus
391 4544 755 4600 decrevimus.
785 4543 894 4598 Sed
925 4542 1068 4614 quia,
1101 4543 1310 4599 caeteris
1338 4543 1532 4598 devote
1577 4543 1734 4598 valde
1764 4559 1856 4598 ve-

245 4632 551 4700 nientibus,
583 4639 638 4687 te
665 4631 888 4686 minime
928 4631 1164 4696 venisse,
1211 4645 1336 4685 cum
1382 4631 1546 4684 etiam
1589 4639 1642 4685 et
1670 4631 1854 4684 auditu

245 4721 521 4776 didiceris
563 4735 668 4774 nos
706 4720 980 4790 synodum
1007 4719 1310 4785 celebrare,
1339 4733 1516 4790 neque
1545 4719 1855 4774 excusatio-

245 4826 385 4864 nem
434 4817 577 4862 tuam
614 4807 854 4880 regulari
895 4816 1088 4862 tenore
1115 4807 1172 4861 in
1199 4807 1449 4861 tractoria
1491 4807 1854 4878 conscriptam

245 4897 415 4954 nobis
448 4903 503 4950 et
531 4905 736 4950 sancta:
763 4897 995 4966 synodo,
1027 4910 1196 4949 causa
1233 4895 1548 4948 temeritatis
1579 4903 1628 4948 et
1661 4895 1854 4950 inobe-

237 4984 475 5040 dientiae
513 4992 640 5048 tuae,
689 4991 748 5038 ut
791 4983 1073 5038 evidenter
1128 4991 1373 5053 apparet,
1434 4999 1541 5038 non
1591 4983 1855 5039 direxisse

241 5071 656 5144 comperimus;
689 5086 757 5124 ne
787 5069 1135 5125 dilectionem
1163 5077 1312 5124 tuam
1342 5069 1411 5123 de
1443 5071 1545 5124 hoc
1577 5071 1853 5126 indiscus-

235 5177 364 5220 sam
414 5158 746 5230 prmteriisse
792 5158 1088 5224 videamur,
1139 5159 1241 5212 hoc
1289 5166 1491 5212 nostra:
1521 5159 1855 5213 auctoritatis

231 5256 448 5304 statuto
482 5247 756 5317 jubemus,
807 5262 928 5302 eam
961 5245 1029 5301 de
1058 5245 1312 5316 prmsenti
1344 5245 1460 5300 sine
1491 5245 1666 5316 aliqua
1699 5263 1852 5302 mora

239 5337 335 5391 vel
385 5334 745 5406 ambiguitate
774 5335 845 5389 ad
874 5349 976 5389 nos
1005 5334 1206 5388 debere
1239 5333 1422 5388 venire
1452 5333 1763 5404 nostrisque
1794 5351 1852 5390 se

233 5423 528 5479 obtutibus
575 5429 932 5492 praesentare.
983 5421 1122 5475 Nam
1161 5428 1212 5474 et
1257 5421 1443 5476 clerici
1473 5429 1580 5475 tuae
1609 5435 1708 5475 nos
1742 5423 1850 5476 Ec-

230 5518 425 5577 clesiae
453 5518 728 5585 adierunt,
761 5517 1126 5574 reclamantes
1155 5517 1320 5572 multa
1350 5534 1408 5570 se
1439 5531 1470 5572 a
1495 5523 1586 5570 tua
1617 5533 1848 5588 perpes—

1960 504 2068 559 lam
2099 507 2529 562 ecclesiasticam
2577 508 2776 576 injuste
2809 507 2923 563 fore
2953 523 3248 580 oppressos
3278 529 3292 576 ;
3323 523 3551 582 quorum

1960 593 2210 649 videlicet
2259 595 2658 664 objectioni‘bus
2705 611 2887 650 coram
2919 605 3109 652 nostro
3137 599 3432 668 prmsnlatu
3463 614 3558 653 as-

1961 681 2236 736 sistentem
2281 691 2334 737 te
2381 691 2593 754 oportet
2631 686 2828 754 procul
2880 686 3046 741 dubio
3101 687 3459 756 respondere.
3491 689 3560 742 Et

1961 769 2084 824 ideo
2111 771 2215 826 hac
2233 771 2479 840 jussicme
2507 780 2694 826 nostra
2721 782 2982 844 percepta
3001 789 3291 830 occurrere
3313 776 3553 842 studeas,

1961 865 2250 929 antequam
2291 860 2535 914 Ecclesia
2584 868 2675 915 tua
2723 863 2898 931 majus
2936 862 3176 918 schisma
3205 852 3299 918 vel
3323 866 3558 919 scanda-

1960 945 2072 999 lum
2099 946 2334 1016 patiatur
2367 964 2378 1003 :
2411 949 2664 1020 quoniam
2699 949 2744 1004 si
2774 951 2962 1005 venire
2987 951 3099 1019 jam
3131 952 3295 1006 modo
3321 961 3565 1008 contem-

1960 1034 2157 1104 pseris,
2189 1035 2411 1105 dignam
2449 1038 3020 1094 exeammunicationis
3049 1055 3080 1093 a
3111 1041 3241 1094 sede
3262 1041 3554 1111 apostolica

1959 1123 2224 1192 prolatam
2275 1123 2566 1178 sustinebis
2608 1126 2828 1180 omnino
2890 1141 3196 1182 censuram.
3256 1129 3398 1182 Data
3459 1143 3557 1182 vm

1961 1209 2237 1265 Kalendas
2269 1211 2610 1266 Decembris.

2601 1337 2904 1394 CCLXXV.

2444 1439 2514 1477 AD
2555 1439 2810 1483 CAROLUM
2859 1441 3064 1485 REGE”.

2575 1513 2754 1582 (Anno
2794 1516 2944 1584 879.)

1967 1597 2202 1673 Miratur
2229 1599 2370 1673 quod
2391 1617 2527 1673 cum
2557 1602 2795 1673 Papiam
2825 1605 3063 1668 venerit,
3098 1605 3190 1660 ubi
3219 1607 3391 1662 simul
3425 1623 3558 1662 con-

2032 1669 2537 1748 ρςζηίνθξᾰθρρὺαῃι,
2572 1669 2782 1748 legatos
2811 1673 2885 1727 ad
2914 1690 2972 1728 se
2993 1691 3104 1748 non
3133 1676 3392 1730 miserit:
3412 1679 3558 1748 petit

2033 1739 2183 1805 illos,
2216 1740 2482 1812 destinet,
2516 1746 2583 1796 ut
2611 1739 2670 1797 se
2701 1743 2773 1797 ad
2801 1759 2930 1798 eum
2961 1747 3218 1814 conferre
3242 1739 3438 1818 post-ii.

2029 1843 2240 1898 Dilecto
2269 1859 2332 1899 ac
2363 1845 2584 1914 spiritali
2617 1844 2726 1902 ﬁlio
2756 1847 2978 1904 Canem
3009 1849 3252 1922 glorioso
3284 1851 3422 1925 regi.

2031 1931 2179 1987 Sicut
2209 1940 2398 1987 nostro
2430 1934 2746 2003 prazsulatui
2777 1937 2971 1990 vestris
2993 1938 3102 2006 jam
3135 1937 3261 1992 olim
3287 1940 3560 2011 regalibus

1959 2019 2230 2074 direxistis
2261 2021 2527 2091 apicibus,
2551 2029 2608 2075 ut
2627 2021 2712 2076 his
2737 2023 2996 2078 Kalendis
3025 2026 3424 2081 Novembribus
3447 2029 3557 2097 jam

1913 2167 1916 2171 _
1960 2109 2244 2162 transactis
2299 2109 2456 2163 vobis
2487 2110 2705 2180 Papiam
2737 2111 2953 2166 obviam
2984 2113 3170 2168 venire
3200 2115 3556 2170 deberemus:

1959 2205 2222 2266 quatenus
2278 2198 2551 2251 communi
2595 2199 2756 2252 simul
2801 2207 3032 2255 tractatu
3077 2216 3143 2256 ea
3197 2219 3320 2273 quae
3358 2212 3560 2258 sanctae

1958 2282 2222 2337 Ecclesia:
2251 2283 2348 2338 Dei
2382 2284 2533 2339 utilia
2563 2294 2707 2350 sunt,
2732 2295 2787 2340 et
2807 2287 2964 2358 regni
2988 2288 3260 2342 stabilitati
3292 2289 3554 2360 prolicua,

1956 2371 2164 2440 pariter
2239 2371 2762 2442 considerassemus,
2839 2375 3242 2448 stabilitateque
3297 2387 3558 2449 perpetua

1958 2455 2366 2524 ﬁrmassemus;
2399 2460 2503 2515 hoc
2548 2461 2768 2532 quidem
2816 2463 2973 2517 avida
3015 2479 3078 2518 ex
3125 2473 3252 2519 tunc
3291 2465 3558 2536 perlicere

1958 2554 2137 2600 mente
2181 2546 2354 2616 parati
2380 2547 2662 2603 existimus
2697 2568 2710 2604 :
2743 2552 2840 2605 sed
2873 2551 2995 2622 quia
3027 2567 3124 2607 vos
3154 2552 3207 2606 in
3238 2553 3448 2608 Italiam
3477 2555 3554 2608 in-

1957 2633 2153 2688 troisse
2202 2635 2471 2701 audimus,
2520 2637 2678 2692 valde
2724 2639 2905 2693 mirati
2952 2655 3140 2694 sumus
3198 2642 3556 2712 quamobrem

1957 2730 2194 2775 vestrum
2254 2724 2410 2776 nobis
2464 2724 2774 2792 adventum,
2825 2743 2926 2796 per
2972 2728 3306 2783 excellentiae
3359 2737 3556 2784 vestrm

1957 2808 2244 2864 mellitluos
2287 2811 2470 2880 apices
2503 2820 2555 2866 et
2585 2813 2812 2868 idoneos
2855 2815 3088 2887 legatos,
3137 2817 3417 2888 cognitum
3451 2819 3554 2873 mi-

1955 2895 2102 2950 nime
2133 2897 2404 2965 feceritis;
2439 2915 2564 2954 nam
2609 2909 2841 2972 paterno
2871 2919 2970 2959 vos
2999 2903 3198 2960 affectu
3241 2905 3555 2976 diligentes,

1957 2985 2180 3054 speciali
2211 2986 2468 3041 duntaxat
2497 2987 2692 3042 intuitu
2723 2991 3154 3062 magnitudinem
3184 3001 3422 3048 vestram
3443 3007 3554 3050 cer-

1957 3087 2090 3126 nere
2119 3073 2517 3143 desideramus,
2543 3074 2773 3132 filiorum
2793 3080 3136 3135 charissima.
3169 3083 3326 3137 Nunc
3353 3082 3552 3154 itaque,

1956 3160 2001 3213 si
2033 3162 2254 3217 omnino
2299 3179 2488 3219 verum
2537 3173 2618 3218 est
2644 3165 2755 3232 jam
2788 3169 3003 3238 Papiam
3033 3169 3555 3236 venisse,'volumus

1956 3257 2013 3301 ut
2043 3255 2269 3309 eximios
2317 3271 2382 3310 ex
2429 3256 2597 3312 latere
2638 3263 2821 3310 vestro
2849 3257 3010 3311 nobis
3039 3257 3289 3328 dirigatis
3318 3257 3550 3328 legatos,

1955 3342 2282 3397 honoriﬁcas
2309 3343 2429 3398 sedi
2459 3345 2774 3414 apostoli-ca:
2805 3345 3014 3398 litteras
3041 3343 3391 3410 deferentes;
3427 3346 3552 3416 qui-

1957 3430 2058 3484 bus
2088 3430 2340 3486 videlicet
2368 3433 2692 3502 perspectis,
2717 3434 2784 3487 ad
2815 3440 3050 3487 vestram
3078 3445 3378 3502 properare
3410 3447 3558 3488 sere-

1955 3517 2178 3572 nitatem
2209 3533 2610 3591 communeque
2637 3519 2967 3591 colloquium
2992 3519 3359 3574 indubitanter
3375 3521 3556 3576 valea-

1955 3621 2078 3660 mus
2110 3623 2123 3660 :
2156 3605 2278 3677 quia
2318 3621 2463 3673 cum,
2517 3609 2632 3663 Deo
2674 3607 2928 3679 prOpitio,
2981 3607 3262 3663 vobiscum
3295 3608 3551 3663 fuerimus

1956 3694 2248 3764 conjuncti,
2278 3695 2460 3749 omnia
2509 3711 2632 3766 qua:
2661 3697 2731 3750 ad
2760 3695 3140 3751 exultationem
3169 3703 3376 3752 sancta:
3404 3697 3552 3750 sedis

1957 3782 2270 3852 apostolicae
2295 3783 2487 3837 matris
2512 3792 2728 3851 vestrae,
2763 3791 2816 3840 et
2846 3785 2915 3838 ad
2941 3791 3186 3838 vestrum
3214 3799 3276 3838 ac
3305 3791 3551 3838 nostrum

1957 3871 2207 3924 videntur
2230 3871 2508 3941 pertinere
2537 3873 2822 3938 honorem,
2857 3873 2972 3928 Deo
3003 3871 3237 3938 favente,
3260 3871 3421 3926 facile
3447 3887 3551 3943 p0-

1957 3959 2182 4012 terimus
2211 3959 2495 4029 perlicere.
2521 3961 2626 4016 Pro
2654 3961 2850 4032 quibus
2879 3961 3034 4016 vobis
3063 3969 3116 4015 et
3144 3960 3198 4014 in
3228 3962 3333 4016 hoc
3353 3961 3554 4016 saeculo

1955 4047 2130 4117 gloria
2159 4047 2528 4119 multipliciter
2548 4057 2812 4121 augeatur
2841 4065 2873 4103 a
2903 4046 3154 4117 Domino,
3179 4057 3232 4103 et
3259 4049 3314 4103 in
3339 4049 3554 4104 caelesti

1955 4136 2302 4204 postmodum
2350 4137 2576 4207 regione
2623 4154 2834 4192 merces
2880 4145 3135 4208 perpetua
3165 4137 3552 4209 proculdubio

1957 4222 2239 4278 tribuetur.
2275 4225 2408 4277 Data
2437 4229 2502 4278 ut
2531 4241 2724 4296 supra.

2585 4347 2822 4400 CCLXX
2832 4347 2896 4399 Vl
2903 4389 2915 4400 .

2570 4447 2640 4485 ΑΒ
2685 4445 2934 4488 Βωωεκ.

2573 4523 2754 4574 (Anno
2782 4523 2905 4575 879.
2917 4537 2933 4588 )

1963 4627 2185 4680 Gratias
2217 4627 2340 4698 agit,
2355 4626 2496 4698 quod
2525 4642 2654 4681 cum
2674 4643 2708 4679 α
2731 4643 2787 4682 sc
2807 4627 2985 4698 fuerit
3009 4628 3346 4698 Conspertus
3369 4628 3552 4682 Eccle-

2025 4698 2126 4750 sia:
2150 4697 2522 4769 rt'erccllcnsi:
2564 4700 2856 4769 cpiscopus
2893 4697 3208 4762 ordinatus,
3240 4700 3362 4768 ejus
3391 4698 3549 4769 ordia

2028 4767 2262 4850 nationi
2309 4767 2565 4850 libenter.
2596 4767 3068 4850 faguiéverz’tilsc
3104 4767 3343 4850 excurrit
3407 4768 3550 4850 quod

2022 4837 2365 4908 Anspcrtum
2406 4835 2888 4962 urchieliiscOpum
2927 4835 3394 4894 Mediolanensem
3417 4835 3548 4911 'cjus

2027 4908 2281 4962 precibus
2311 4924 2421 4962 non
2455 4908 2580 4962 abso
2608 4913 2720 4962 vat.

2023 4908 2281 4978 precibus
2311 4924 2421 4962 non
2455 4908 2671 4962 absolva
2681 4913 2720 4962 t.

2027 4994 2236 5048 Dilecto
2265 5010 2327 5049 ac
2353 4994 2572 5064 spiritali
2604 4994 2715 5048 ﬁlio
2745 4995 2967 5049 Canem
2998 4995 3240 5068 glorioso
3271 5013 3331 5052 ae
3360 4998 3544 5053 excel-

1956 5082 2254 5136 lentissimo
2287 5081 2424 5153 regi.

2025 5168 2345 5238 Multiplices
2391 5169 2591 5241 gratias
2621 5179 2816 5225 vestrm
2847 5171 3136 5226 referimus
3163 5173 3545 5244 magnitudini,

1939 5256 2075 5327 .quia
2119 5271 2216 5326 pro
2264 5255 2593 5311 Vercellensi
2640 5258 2970 5329 episc0patu,
3019 5259 3073 5312 in
3122 5275 3230 5330 quo
3271 5277 3370 5316 nos
3399 5263 3547 5316 Con-

1955 5352 2194 5416 spei-tum
2241 5359 2348 5397 una
2393 5361 2517 5399 cum
2561 5346 2753 5415 synodi
2795 5347 3016 5402 decreto
3049 5349 3363 5420 episcopum
3395 5351 3548 5406 ordi-

1954 5430 2219 5494 navimus,
2273 5440 2511 5486 nostram
2559 5433 2791 5488 libenter
2836 5433 3144 5504 perfecistis
3191 5439 3546 5495 voluntatem.

1952 5520 2031 5573 De
2062 5526 2260 5574 cratere
2307 5528 2506 5587 autem,
2540 5521 2640 5576 hoc
2671 5530 2752 5575 est
2769 5521 3158 5585 Mediolanensi
3187 5527 3549 5599 archiepisco-
