4028 6180
493 262 595 316 895

1863 258 2162 315 JOANNIS
2198 258 2390 316 ΡΑΡιΕ
2431 261 2569 316 VIII.

3679 265 3778 316 896

490 390 637 456 patu,
669 399 703 440 ο
732 382 807 438 ﬁli
854 384 1190 448 charissima,
1241 384 1379 439 sicut
1427 382 1585 439 nobis
1613 398 1755 440 nunc
1783 381 2075 447 mandasti,
2109 381 2165 442 Α
2187 398 2315 438 nem
2369 384 2687 448 ostendatis,
2737 380 2994 455 quoniam
3042 391 3093 438 et
3123 397 3245 451 nos,
3299 383 3420 439 Deo
3446 382 3693 454 propitio,
3724 384 3779 438 in

491 481 546 527 ut
576 476 905 544 Anspertum
945 471 1437 542 archiepiscopum,
1470 487 1633 543 quem
1662 471 1719 526 in
1747 471 1958 544 synodo
1992 485 2090 542 pro

491 559 765 618 nonnullis
793 561 905 616 suis
923 559 1272 633 negligentiis
1300 567 1352 614 et
1379 560 1894 630 prmsumptionibus
1917 559 2080 628 judi-

493 651 762 714 cavimus,
787 649 1143 705 reconciliare
1171 649 1518 705 deberemus.
1551 648 1709 718 Quod
1741 649 1961 721 quidem
1989 664 2092 703 nos

492 753 594 809 pro
623 747 804 793 vestro
833 752 1020 792 amore
1049 736 1214 792 alacri
1244 745 1427 792 mente
1455 737 1769 793 omnimodo
1795 735 2092 808 perﬁcere-

492 841 636 892 mus,
695 826 741 880 si
797 825 1065 881 sententia
1111 825 1492 891 damnationis,
1541 839 1702 898 quam
1745 826 1802 880 in
1841 825 2091 881 eumdem

491 913 963 985 archiepiscopum
1009 912 1351 985 protulimus,
1403 914 1505 968 sub
1553 921 1743 969 tenore
1773 913 1954 985 aliquo
1982 929 2092 968 non

491 1000 682 1060 fuisset
726 1002 948 1072 prolata.
1003 1001 1217 1057 Dictum
1267 1010 1348 1056 est
1394 1001 1537 1056 enim
1586 1001 1776 1057 tandiu
1825 1017 1948 1057 eum
1976 999 2091 1056 fore

490 1091 559 1145 ab
613 1091 820 1144 honore
876 1099 929 1144 et
977 1089 1277 1145 ministerio
1337 1089 1659 1145 sacerdotali
1713 1105 2043 1160 suspensum
2073 1133 2086 1154 ,

493 1179 684 1244 donec,
719 1187 938 1234 auctore
969 1180 1104 1243 Deo,
1138 1193 1294 1233 suam
1322 1178 1614 1248 specialem
1645 1177 1803 1233 nobis
1833 1178 1903 1232 ad
1934 1177 2093 1233 satis-

493 1265 798 1322 faciendum
841 1266 1123 1322 exhiberet
1166 1266 1528 1336 praesentiam.
1562 1267 1628 1321 Et
1658 1266 1786 1338 quia
1830 1265 2092 1322 Ecclesiae

493 1355 592 1410 Dei
641 1355 990 1427 privilegium
1036 1370 1138 1410 nos
1167 1355 1325 1409 decet
1374 1353 1749 1408 immutilatum
1779 1355 2094 1410 solemniter

490 1458 839 1509 conservare,
872 1459 942 1498 ne
971 1443 1025 1496 in
1055 1443 1238 1514 aliquo
1285 1451 1496 1513 patrum
1527 1443 1784 1498 terminos
1811 1443 2091 1514 praeterire

492 1531 792 1596 videamur,
847 1539 1038 1586 contra
1084 1538 1282 1585 statuta
1325 1531 1595 1600 majorum
1638 1547 1804 1604 agere
1844 1530 2091 1602 nequivi-

404 1617 408 1620 ’
494 1635 632 1673 mus.
665 1619 819 1674 Unde
847 1619 1192 1690 benignitatis
1225 1628 1420 1674 vestrae
1460 1619 1834 1675 excellentiam
1861 1628 2090 1690 paterno

2191 487 2380 528 eorum
2434 472 2705 542 adjutorio
2780 471 3062 528 vobiscum
3131 471 3337 542 pariter
3405 471 3464 525 in
3537 471 3777 526 omnibus

2191 561 2424 632 prompti
2453 561 2733 617 existimus
2757 568 2848 616 :ut
2877 560 3099 633 dignam
3119 559 3316 616 exinde
3343 575 3445 614 vos
3473 574 3586 614 non
3612 559 3775 615 solum

2191 665 2221 702 a
2250 649 2367 704 Deo
2397 657 2450 704 et
2476 665 2510 705 ο.
2538 649 2716 718 nobis,
2748 665 2938 705 verum
2968 648 3129 704 etiam
3159 656 3213 703 et
3241 647 3313 702 ab
3339 647 3450 702 illis
3481 645 3780 702 retributio-

2193 752 2318 794 nem
2345 737 2629 808 percipere
2658 737 3002 793 mereamini.

2816 825 3152 880 CCLXXIX.

2429 929 2503 969 Δῐ)
2537 928 2799 972 ΙΟΔΝΝΕΗ
2836 928 3148 969 εριεοορωί
3183 927 3547 970 τιαωκηεκκ.

2737 1003 2916 1072 (Anno
2954 1002 3246 1073 879-880.)
3303 1049 3310 1054 .

2192 1092 2458 1164 Praecipit
2478 1095 2544 1147 ut
2563 1092 2861 1164 ecclesiam
2878 1093 2942 1164 in
2963 1093 3223 1164 Carpana
3243 1092 3382 1164 uilla
3401 1093 3597 1164 sitam,
3623 1109 3780 1164 quam

2263 1161 2475 1218 Paulus
2506 1162 2790 1234 Regiensis
2837 1161 3127 1234 episcOpus
3166 1161 3396 1234 reﬁcere
3423 1161 3784 1233 neglexerat,

2265 1235 2554 1299 restituat,
2587 1233 2768 1304 ibique
2796 1233 3137 1288 saCerdOtem
3160 1233 3454 1304 proprium
3502 1234 3784 1288 constitua

2263 1307 2318 1357 et
2349 1319 2574 1358 sacrum
2604 1303 2854 1358 chrisma
2886 1303 3196 1358 annuatim
3223 1303 3440 1357 mittat.

2263 1390 2738 1446 Reverendissimo
2757 1398 2810 1446 et
2829 1390 3171 1446 sanctissimo
3187 1391 3394 1444 JOANNI
3423 1389 3682 1460 episcopo
3701 1389 3784 1443 Ti-

2191 1479 2419 1546 cinensi,
2451 1479 2759 1551 dilectoque
2793 1478 3076 1535 confratri.

2263 1566 2404 1635 Quia
2434 1567 2630 1622 Paulus
2660 1567 2947 1640 Regiensis
2977 1565 3236 1622 Ecclesiae
3273 1565 3581 1636 episcopus,
3617 1575 3668 1620 et
3701 1580 3789 1622 ca-

2193 1655 2403 1711 nonicis
2458 1655 2768 1710 admonitus
2810 1655 3091 1720 institutis,
3136 1663 3189 1708 et
3235 1655 3439 1709 nostris
3477 1653 3790 1725 apostolicis

494 1705 694 1815 ξίῖεξξξιι
713 1707 1341 1815 μίξιςηξῖιξιξξξξξριξξξξίξ
1371 1709 1518 1815 ςξξεξίξ
1533 1707 2092 1815 Αίτῗῗιξξεῗξξδξξίδξξξίῗτ
2120 1705 3790 1815 Bgignimur};250331;;11Eeisiéaia'néigsaa

495 1809 664 1865 agere
713 1811 820 1850 non
862 1811 1152 1866 possumus
1199 1795 1346 1851 nullo
1395 1796 1558 1852 modo
1608 1795 1914 1863 turbemini,
1947 1812 2089 1868 quo—

495 1883 638 1937 niam
668 1892 902 1938 vestram
933 1883 985 1938 in
1015 1884 1265 1940 omnibus
1315 1885 1561 1956 cupimus
1590 1900 1692 1956 pro
1721 1885 1928 1939 honore
1957 1879 2089 1954 per-

493 1969 650 2026 ﬁcere
683 1971 1031 2053 voluntatem.
1065 1973 1200 2028 Data
1229 1977 1296 2028 ut
1325 1989 1520 2045 supra.

1109 2106 1466 2161 CCLXXVII.

653 2191 723 2230 AD
763 2191 1080 2232 LUDOVICUM
1121 2192 1192 2231 ET
1230 2191 1688 2232 CAROLOMANNUI
1729 2191 1925 2230 BEGES.

1099 2267 1278 2333 (Anno
1320 2265 1470 2335 879.)

497 2353 864 2424 Gratiasﬂagit
893 2354 958 2408 de
989 2354 1238 2424 ipsorum
1268 2369 1399 2424 erga
1432 2356 1740 2424 Romanam
1782 2352 2090 2408 Ecclesium

665 2423 893 2494 affectu,
928 2429 985 2479 et
1007 2423 1281 2478 mutuum
1311 2423 1566 2479 studium
1595 2424 1917 2495 pollicetur.

567 2528 945 2584 Dilectissimis
988 2528 1113 2583 filiis
1143 2529 1426 2584 Lunowco
1456 2537 1508 2582 et
1537 2528 1935 2582 Carolomanno
1964 2527 2091 2599 glo-

494 2616 811 2671 riosissimis
841 2617 1086 2690 regibus.

565 2705 762 2760 Audita
835 2721 936 2776 per
998 2705 1368 2761 venerabilem
1433 2705 1749 2774 episcOpum
1805 2704 2092 2759 devotione

495 2801 694 2861 vestra,
745 2809 906 2864 quam
952 2793 1095 2848 circa
1144 2801 1382 2849 sanctam
1445 2793 1743 2848 Romanam
1789 2790 2092 2847 Ecclesiam

496 2882 693 2936 habere
723 2889 944 2952 totoque
989 2881 1272 2936 conamine
1297 2896 1554 2936 exercere
1583 2879 1799 2950 cupitis,
1832 2879 2095 2934 maximas

497 2969 614 3024 Deo
643 2977 696 3023 et
742 2969 898 3024 vobis
943 2969 1143 3041 gratias
1185 2969 1416 3041 agimus.
1469 2967 1624 3024 Unde
1654 2983 1686 3022 a
1715 2975 1899 3022 nostra
1942 2975 2094 3037 parte

2191 1831 2247 1886 in
2277 1831 2404 1887 villa
2433 1848 2553 1904 qua:
2581 1831 2776 1886 dicitur
2803 1831 3069 1902 Carpana,
3102 1831 3229 1902 igne
3258 1838 3548 1886 crematam
3578 1837 3790 1884 restau-

2193 1934 2332 1988 rare,
2364 1919 2547 1992 ibique
2593 1936 2750 1974 suum
2776 1961 2790 1989 ,
2835 1919 3132 1974 secundum
3178 1919 3266 1988 jus
3312 1917 3786 1983 ecclesiasticum,

2193 2023 2354 2062 omne
2383 2007 2622 2064 ofﬁcium
2652 2007 2738 2062 vel
2767 2007 3128 2062 ministerium
3149 2007 3250 2061 rite
3271 2023 3540 2079 peragere
3568 2007 3789 2061 debuis-

2193 2105 2293 2160 set,
2329 2103 2534 2150 temere
2581 2095 2925 2166 contempsit,
2971 2103 3279 2166 nostrteque
3324 2094 3531 2149 salubri
3577 2109 3786 2164 prlece-

2191 2183 2360 2254 ptioni
2391 2183 2611 2239 obedire
2661 2183 3006 2254 contempsit,
3038 2199 3142 2238 nec
3185 2182 3426 2237 debitum
3455 2182 3511 2235 in
3541 2184 3648 2237 hoc
3679 2183 3790 2236 Deo

2193 2280 2377 2326 nostro
2407 2271 2712 2326 reddidisse
2742 2271 2956 2325 videtur
2985 2271 3264 2325 honorem.
3289 2269 3790 2339 Praecipientesigi-

2193 2368 2278 2413 tur
2305 2376 2370 2414 ex
2418 2359 2717 2429 apostolica
2755 2359 3073 2414 auctoritate
3121 2357 3428 2412 dilectionis
3477 2365 3585 2412 tuae
3629 2357 3791 2426 jube-

2191 2463 2332 2510 mus,
2364 2455 2419 2501 ut
2450 2447 2520 2502 de
2550 2446 2825 2517 przesenti,
2869 2454 2921 2500 et
2969 2447 3174 2516 absque
3220 2446 3364 2500 omni
3415 2444 3790 2525 protelatione,

2193 2535 2366 2606 ipsam
2397 2534 2688 2590 ecclesiam
2739 2533 2994 2589 restituas
3023 2533 3076 2587 in
3104 2532 3391 2603 pristinum
3437 2532 3699 2588 decorem
3743 2541 3794 2586 et

2192 2623 2463 2687 ordinem,
2483 2630 2643 2693 atque
2676 2621 2775 2675 sub
2803 2621 3012 2692 pr0prii
3042 2637 3168 2675 cura
3189 2619 3489 2675 sacerdotis
3507 2635 3634 2674 eam
3665 2635 3793 2674 con-

2193 2711 2402 2778 stituas,
2437 2710 2529 2780 qui
2559 2708 2778 2763 sedulas
2809 2708 2884 2763 ibi
2916 2708 3147 2763 Domino
3176 2707 3365 2762 laudes
3395 2707 3641 2778 quotidie
3672 2723 3795 2777 per-

2195 2798 2387 2862 solvat,
2411 2812 2474 2852 ac
2489 2811 2586 2868 pro
2606 2796 2778 2851 salute
2798 2795 3037 2850 fidelium
3059 2795 3479 2865 omnipotentem
3501 2795 3795 2849 Dominum

2193 2884 2364 2940 valeat
2395 2899 2646 2950 exorare,
2671 2899 2998 2954 sacrumque
3027 2882 3154 2951 illic,
3180 2883 3296 2936 Deo
3325 2881 3578 2952 propitio,
3615 2897 3795 2936 annue

2194 2972 2435 3028 chrisma
2464 2972 2678 3026 mittere
2707 2971 3079 3025 indesinenter
3105 2985 3383 3040 procures,
3419 2969 3564 3040 quod
3597 2979 3688 3024 est
3717 2978 3798 3024 to-

499 3071 598 3111 vos
627 3064 807 3112 certos
836 3056 1068 3110 existere
1110 3055 1357 3111 volumus
1388 3055 1514 3128 quia
1540 3055 1676 3111 sicut
1705 3055 1956 3110 dominus
1985 3054 2092 3108 Ca-
2123 3077 2173 3138 ρ
2193 3060 2298 3115 tius
2355 3057 2770 3115 Christianitatis
2833 3057 2980 3112 salus
3022 3067 3075 3112 et
3123 3056 3386 3128 perfectio
3445 3072 3596 3112 vera;
3663 3057 3798 3111 Data

497 3143 644 3199 rolus
671 3144 814 3200 divae
842 3144 1120 3200 memorize
1148 3145 1442 3215 imperator
1468 3159 1602 3199 avus
1631 3151 1830 3209 vester,
1853 3159 1917 3199 ac
1945 3150 2095 3214 post-

495 3232 720 3288 modum
767 3232 985 3305 genitor
1025 3241 1208 3288 vester
1255 3231 1558 3288 Ludovicus
1607 3247 1722 3300 rex,
1771 3231 1868 3286 sub
1909 3239 2092 3302 prote-

491 3321 671 3377 ctione
703 3322 960 3377 Romanae
995 3321 1257 3376 Ecclesiae
1290 3328 1584 3392 nostraque
1613 3319 1911 3390 apostolica
1933 3319 2006 3372 lui
2059 3349 2084 3360 -

490 3409 635 3465 tione
667 3424 764 3463 vos
780 3409 1316 3474 commendaverunt,
1349 3408 1420 3462 ita
1451 3416 1696 3464 nostrum
1727 3406 2090 3478 apostolicum

489 3494 741 3551 affectum
773 3496 918 3552 circa
938 3511 1036 3550 vos
1055 3495 1111 3550 in
1131 3496 1384 3551 omnibus
1404 3495 1696 3551 ostendere
1711 3510 1914 3566 vosque
1935 3494 2093 3562 adju-

492 3599 622 3639 vare
653 3599 716 3639 ac
755 3593 1048 3655 protegere
1094 3591 1318 3654 paterna
1360 3583 1649 3639 dilectione
1696 3591 1860 3654 atque
1901 3598 2090 3638 amore

492 3687 712 3743 semper
758 3672 926 3742 parati
973 3672 1270 3727 existimus.
1326 3673 1596 3727 Praeterea
1625 3672 1694 3727 de
1721 3671 1806 3726 his
1835 3688 1956 3742 qua?
1991 3687 2092 3740 per

485 3762 600 3831 jam
637 3761 838 3817 dictum
875 3761 1261 3831 coepiscopum
1287 3761 1456 3816 verbo
1485 3769 1644 3816 tenus
1671 3759 1988 3826 mandastis,
2020 3759 2090 3812 ita

494 3848 650 3903 vobis
678 3864 778 3918 per
803 3864 925 3902 eum
946 3848 1104 3903 dictis
1126 3849 1506 3918 respondendo
1526 3848 1840 3903 direximus.
1864 3848 2005 3902 Nam
2026 3861 2092 3902 ea

494 3952 616 4006 qua:
645 3943 832 3990 nostro
861 3935 1093 3990 consilio
1123 3935 1425 4005 reperimus
1455 3943 1507 3990 et
1527 3934 1683 3990 vobis
1703 3935 2090 3990 innotescendo

405 4091 408 4095 ἴ
494 4023 888 4090 mandavimus,
941 4022 1010 4076 ad
1057 4031 1297 4077 vestrum
1361 4024 1617 4077 honorem
1673 4021 1910 4093 proficua
1969 4035 2091 4077 esse

496 4109 812 4164 omnimodo
841 4109 1065 4164 credite.

1101 4232 1483 4288 CCLXXVIII.

802 4335 872 4375 AD
913 4337 1183 4377 HUGONEM
1221 4337 1292 4376 ET
1326 4337 1485 4376 ALIOS
1536 4337 1790 4378 ροισι-[εδ.

1107 4413 1288 4479 (Anno
1327 4413 1476 4480 879.)

499 4499 721 4553 Gratias
752 4499 871 4570 agit
894 4501 960 4553 de
987 4499 1096 4568 ﬁde
1125 4515 1292 4570 quam
1313 4499 1582 4554 Ludovico
1602 4504 1658 4554 et
1683 4499 2089 4554 Carolomanno

1014 4587 1230 4656 regibus
1258 4587 1573 4642 servabant.

569 4693 788 4746 Huaom
837 4692 1036 4746 eximio
1081 4691 1283 4752 abbati,
1343 4707 1440 4746 seu
1469 4693 1792 4757 BKRNAI.DO,
1826 4693 2088 4755 Gurrom,

498 4788 551 4834 et
579 4779 701 4834 aliis
731 4779 847 4850 regi
878 4779 1134 4850 gloriosis
1165 4779 1475 4835 comitibus.

571 4873 869 4928 Audientes
919 4875 1118 4929 bonam
1163 4873 1364 4928 famam
1409 4875 1478 4930 de
1519 4874 1696 4935 vobis,
1731 4873 1875 4944 quod
1904 4881 2092 4944 prote-

496 4969 699 5027 ctores,
727 4959 1044 5018 defensores
1072 4971 1233 5034 atque
1263 4961 1452 5017 fideles
1483 4961 1754 5017 Ludovico
1785 4969 1838 5016 et
1869 4960 2093 5016 Carolo-

496 5066 699 5106 manno
729 5049 1200 5106 excellentissimis
1231 5051 1474 5122 regibus,
1517 5051 1605 5122 qui
1647 5049 1806 5104 nobis
1834 5065 1865 5104 a
1895 5064 2095 5121 proge-

498 5138 764 5194 nitoribus
807 5138 919 5193 suis
965 5138 1242 5193 commissi
1288 5147 1428 5204 sunt,
1461 5137 1514 5191 in
1545 5137 1795 5192 omnibus
1843 5137 2092 5202 existitis,

494 5227 694 5297 gratias
742 5226 1022 5281 referimus
1065 5225 1349 5280 maximas.
1392 5225 1734 5296 Quapropter
1760 5226 1846 5280 his
1873 5234 2095 5296 aposto-

497 5314 616 5368 licis
664 5314 866 5368 nostris
907 5314 1100 5368 litteris
1144 5313 1598 5384 magniﬁcentiam
1629 5322 1862 5368 vestram
1891 5315 2094 5368 exhor-

501 5408 676 5454 tamur
703 5410 759 5454 ut
791 5417 942 5456 more
972 5401 1210 5456 fidelium
1241 5409 1528 5472 parentum
1561 5411 1886 5467 vestrorum,
1919 5401 2096 5474 magis

500 5501 566 5542 ac
595 5487 772 5557 magis
813 5489 954 5543 circa
983 5505 1080 5544 eos
1112 5497 1349 5544 vestram
1399 5489 1822 5543 sincerissimam
1855 5489 2096 5546 devotio.

2193 3153 2262 3204 ut
2289 3165 2480 3220 supra.
2832 3219 2844 3229 _

2833 3234 3144 3290 CCLXXX.

2493 3339 2564 3377 AD
2602 3339 2672 3377 TE
2680 3338 2942 3378 UTIABUI
2981 3337 3480 3377 ARCHIEPISCOPUI.

2683 3395 2864 3464 (Anno
2895 3395 2997 3448 879
3029 3392 3117 3448 vel
3145 3393 3296 3463 880.)

2193 3485 2432 3540 Miratur
2479 3499 2607 3538 eum
2655 3484 2871 3538 morari
2907 3483 3057 3537 etad
3085 3499 3146 3538 se
3175 3499 3290 3538 non
3335 3481 3555 3544 venire;
3605 3485 3798 3537 monet

2713 3557 2779 3609 ut
2809 3555 3009 3608 statim
3046 3553 3257 3607 veniat.

2263 3641 2739 3698 Reverendissimo
2786 3649 2838 3695 et
2887 3640 3230 3696 sanctissimo
3278 3641 3585 3694 Tstmuno
3619 3638 3804 3695 archi-

2197 3731 2456 3802 episcopo
2483 3729 2681 3785 dilecto
2711 3727 2965 3784 confratri
2993 3735 3202 3784 nostro.

2263 3819 2408 3873 Sicut
2458 3817 2615 3872 nobis
2655 3817 2884 3871 dilectus
2912 3831 2976 3871 ac
3009 3815 3270 3886 spiritalis
3299 3814 3440 3869 filius
3468 3821 3672 3869 noster
3700 3816 3802 3870 Ca—

2191 3907 2532 3962 rolamannus
2576 3904 2848 3976 gloriosus
2891 3920 2987 3958 rex
3030 3903 3142 3958 suis
3185 3904 3353 3975 regiis
3403 3901 3599 3957 direxit
3633 3903 3805 3974 apici-

2191 3995 2313 4060 bus,
2335 4003 2393 4048 ut
2421 4009 2519 4050 vos
2549 3993 2619 4047 ad
2647 3999 2884 4048 nostram
2915 3990 3273 4062 apostolicam
3293 3991 3480 4046 venire
3501 3990 3806 4046 debuisse-

2190 4083 2258 4138 tis
2304 4082 2668 4154 praesentiam,
2717 4089 2958 4136 vestrum
3005 4079 3245 4152 quotidie
3285 4078 3672 4150 praestolantes
3705 4079 3801 4134 ad-

2190 4179 2410 4226 ventum
2455 4169 2719 4223 miramur
2764 4183 2863 4224 cur
2890 4175 3101 4222 tantum
3139 4165 3427 4222 moremini
3461 4183 3474 4219 z
3507 4182 3619 4220 nos
3654 4166 3802 4220 enim

2189 4257 2441 4314 almitatis
2489 4265 2543 4312 et
2571 4255 2868 4327 prudentia:
2899 4263 3098 4310 vestrae
3125 4254 3312 4309 favore
3344 4253 3534 4324 repleti
3597 4253 3799 4308 frater-

2191 4347 2412 4402 nitatem
2432 4353 2666 4399 vestram
2686 4343 2777 4414 pio
2797 4343 3048 4414 cupimus
3063 4343 3176 4412 jam
3198 4341 3550 4412 contemplari
3577 4341 3800 4396 intuitu.

2116 4426 2169 4487 D
2191 4435 2344 4492 Unde
2375 4434 2459 4488 his
2487 4432 2689 4488 nostris
2719 4431 3037 4502 apostolicis
3075 4430 3272 4485 litteris
3301 4446 3398 4484 vos
3428 4445 3728 4484 monemus
3757 4439 3808 4484 et

2190 4524 2539 4578 exhortamur
2565 4529 2622 4575 ut
2650 4519 2838 4575 libenti
2852 4520 2920 4574 ad
2951 4534 3052 4574 nos
3081 4519 3264 4573 animo
3295 4532 3591 4588 properare
3624 4519 3807 4571 omni-

2189 4611 2368 4666 modis
2413 4609 2696 4674 studeatis,
2749 4617 3018 4680 quatenus
3065 4621 3173 4661 una
3220 4605 3504 4661 vobiscum
3548 4621 3624 4658 ea
3685 4621 3809 4676 qum

2193 4707 2392 4754 sanctae
2423 4698 2521 4753 Dei
2547 4697 2810 4752 Ecclesiae
2840 4696 2988 4750 utilia
3017 4703 3161 4758 sunt,
3185 4702 3344 4764 prout
3367 4708 3598 4748 necesse
3615 4692 3807 4753 fuerit,

2193 4785 2396 4857 pariter
2424 4785 2674 4840 ordinare
2705 4783 3006 4839 valeamus.
3037 4784 3172 4836 Data
3203 4785 3270 4836 ut
3300 4797 3492 4853 supra.

2817 4869 3156 4925 CCLXXXI.

2194 4978 2266 5017 AD
2307 4976 2594 5016 ANTONIUH
2633 4974 2943 5084 EPISiOPUH
3091 4971 3490 5093 gggﬂfiGABlU!
3521 4971 3805 5011 εοιητιιι.

2740 5038 2755 5093 (
2811 5045 2922 5084 nno
2998 5045 3000 5047 ’
3068 5059 3096 5068 -
3207 5070 3218 5080 .

2740 5038 2922 5098 (Anno
2961 5038 3218 5082 879-880.

2195 5121 2555 5192 Liutfrcdum
2570 5121 2853 5182 comitem,
2879 5118 3011 5188 quia
3034 5115 3344 5192 monialem
3369 5130 3492 5192 quae
3513 5129 3542 5168 e
3561 5130 3808 5192 monas-

2269 5183 2410 5247 terio
2473 5190 2762 5264 effugerat,
2793 5183 3094 5264 .su'scepit,
3141 5188 3196 5238 et
3245 5183 3391 5264 bona
3445 5185 3809 5264 {tngelbertcz

2267 5255 2649 5332 imperatriéis
2694 5257 2955 5332 diripuit,
2987 5255 3492 5332 excommunicat,
3529 5255 3651 5332 nisi
3683 5260 3810 5308 sta—

2271 5325 2393 5385 tuto
2435 5335 2681 5399 tempore
2721 5325 3066 5397 satisfecerit
3099 5345 3117 5379 :
3147 5328 3342 5379 monet
3386 5339 3457 5378 ne
3501 5325 3809 5395 quisquam

2269 5418 2400 5457 cum
2428 5416 2488 5455 eo
2518 5399 2914 5455 communicet.

2270 5485 2747 5546 Reverendissimo
2796 5489 3054 5542 ANTONIO
3097 5482 3358 5552 episcopo
3415 5480 3712 5542 Brixiensi,
3763 5492 3814 5534 et
