4028 6180
248 271 346 327 897

1415 268 1765 323 EPISTOLJS
1813 268 1901 322 ΕΤ
1953 269 2295 324 DECRETA.

3448 275 3548 327 898

241 392 585 448 nobilissimo
617 392 739 448 viro
759 391 1064 462 dilectaque
1089 390 1199 445 tilio
1221 393 1579 448 BERENGARIO
1611 390 1854 461 glorioso
1884 393 1935 449 Α
1961 408 2114 456 mus;
2146 410 2270 448 cum
2303 394 2446 447 idem
2476 394 2545 446 de
2568 393 2767 446 talibus
2789 393 3048 448 cavendis
3077 394 3270 449 doctor
3297 395 3552 466 egregius

240 474 466 536 comiti.’

313 567 458 638 Quia
489 567 725 623 dilectus
755 583 821 624 ac
845 567 1105 638 spiritalis
1134 567 1274 622 filius
1294 577 1482 622 noster
1510 566 1853 622 Caroloman-

241 673 347 711 nus
377 656 659 728 gloriosus
690 672 788 712 rex
816 656 930 710 suis
951 655 1229 727 regalibus
1248 655 1464 721 litteris,
1485 663 1537 710 et
1564 655 1854 708 missorum

241 752 561 799 nostrorum
590 743 784 810 verbo,
818 752 1007 798 nostro
1027 743 1343 814 praesulatui
1372 743 1462 813 pio
1497 742 1690 796 mentis
1711 739 1854 796 atie-

239 840 332 888 ctu
363 831 661 900 commisit,
694 840 753 886 ut
785 848 886 886 nos
911 847 1100 887 curam
1123 832 1280 900 hujus
1311 830 1480 886 Italici
1512 830 1668 902 regni
1697 829 1858 884 habe-

239 936 448 986 remus,
501 928 616 974 tam
664 935 766 990 pro
795 919 1054 973 divinitus
1084 919 1242 974 nobis
1281 918 1572 975 commissa
1601 916 1856 988 pastorali

241 1007 608 1063 sollicitudine
637 1007 882 1062 omnium
911 1007 1111 1062 Christi
1136 1007 1347 1078 ovium,
1379 1022 1543 1078 quam
1573 1005 1738 1061 etiam
1757 1021 1856 1076 pro

239 1095 451 1167 praefati
491 1095 643 1168 regis
688 1095 805 1150 vice
855 1111 980 1151 cura
1027 1110 1292 1151 concessa
1311 1137 1328 1160 ,
1380 1095 1473 1150 illa
1517 1110 1640 1166 quae
1667 1100 1856 1149 contra

241 1185 422 1239 Deum
452 1192 506 1238 et
542 1183 665 1252 jura
711 1183 854 1255 legis
896 1182 1095 1238 alicubi
1142 1182 1524 1256 cognoscimus
1586 1197 1854 1253 praesum-

239 1272 432 1342 ptione
460 1270 777 1339 commissa,
829 1271 978 1326 omni
1016 1271 1268 1326 volumus
1312 1269 1598 1327 conamine
1628 1284 1855 1340 compe-

239 1375 428 1425 scere,
473 1367 528 1414 et
567 1375 731 1414 unam
779 1374 940 1414 ovem
985 1359 1293 1414 morbidum
1343 1358 1528 1430 gladio
1566 1366 1856 1429 percutere

244 1447 499 1518 spiritali,
533 1455 592 1501 ut
620 1447 688 1502 ad
731 1447 962 1502 salutem
1013 1447 1396 1519 quoquomodo
1433 1447 1610 1501 anima
1659 1446 1856 1502 vulne-

245 1544 366 1591 rata
381 1535 684 1606 perveniat,
708 1543 996 1606 antequam
1017 1543 1162 1591 totus
1180 1551 1316 1608 grex
1347 1535 1508 1615 unius
1526 1534 1856 1607 contagione

244 1623 567 1679 maculetur.
629 1623 926 1679 Audientes
964 1623 1132 1697 igitur
1186 1623 1564 1695 veraciterque
1621 1623 1856 1678 scientes

246 1711 586 1766 Liutl'redum
616 1711 870 1768 comitem
901 1712 1209 1783 suscepisse
1240 1712 1530 1784 quamdam
1561 1711 1858 1767 sanctimo-

244 1799 467 1865 nialem,
492 1800 712 1855 nomine
743 1799 1082 1864 Gerlindam,
1107 1801 1176 1855 de
1208 1799 1505 1856 Placintino
1524 1798 1856 1855 monasterio

245 1887 380 1958 fuga
411 1887 646 1958 lapsam,
667 1895 720 1942 et
739 1896 862 1958 post
878 1895 1126 1943 nostram
1144 1903 1311 1960 super
1339 1888 1438 1944 hac
1470 1904 1638 1944 causa
1665 1888 1852 1942 admo-

245 1975 513 2030 nitionem
535 1976 924 2048 salubremque
936 1976 1378 2046 prohibitionem,
1392 1993 1512 2031 eam
1533 1975 1851 2040 detinuisse,

244 2071 416 2136 atque
447 2081 570 2118 cum
598 2064 821 2135 propria
868 2079 1038 2119 uxore
1079 2065 1304 2136 suisque
1349 2065 1426 2119 illi
1456 2065 1664 2136 pariter
1699 2079 1854 2120 com-

245 2151 590 2219 municasse;
623 2151 886 2206 nobilitati
933 2159 1131 2206 vestra:
1160 2161 1393 2222 paterna
1422 2152 1682 2206 duntaxat
1710 2151 1854 2206 dile-

243 2238 428 2294 ctione
469 2239 789 2293 mandamus
835 2247 891 2293 ut
939 2247 992 2294 et
1042 2247 1147 2292 tam
1197 2255 1296 2310 pro
1326 2240 1519 2294 eadem
1559 2240 1855 2295 sanctimo-

244 2327 378 2382 niali
402 2326 580 2399 [deest
607 2327 862 2399 aliquid],
897 2343 1058 2398 quam
1088 2327 1436 2383 facultatibus
1476 2327 1698 2384 dilectae
1735 2327 1858 2383 filiae

241 2423 452 2470 nostra:
483 2415 848 2486 Angelberga:
897 2418 1178 2486 Augustae,
1228 2417 1314 2472 cui
1353 2416 1594 2472 debitam
1635 2416 1856 2472 omnino

241 2503 437 2558 debuit
466 2501 629 2557 fidem
661 2518 1004 2570 conservare,
1038 2503 1271 2558 latenter
1301 2504 1541 2574 recepit;
1575 2512 1626 2559 et
1663 2505 1856 2559 hacte-

241 2607 351 2646 nus
373 2581 578 2646 icontra
607 2599 852 2646 nostrum
884 2591 934 2646 ei
974 2591 1204 2646 reddere
1235 2591 1441 2646 distulit
1469 2592 1813 2647 interdictum
1836 2635 1850 2659 ,

242 2694 528 2750 quamque
557 2679 742 2744 etiam,
793 2679 917 2750 quia
945 2688 1129 2734 cortex
1158 2680 1328 2750 ipsius
1372 2681 1473 2734 sub
1502 2689 1688 2735 nostra
1717 2696 1856 2751 apo-

241 2767 446 2822 stolica
475 2767 700 2822 tuitione
731 2783 796 2822 ac
834 2766 1156 2823 defensione
1185 2767 1500 2838 perenniter
1545 2777 1852 2838 susceptas,

241 2855 555 2926 deprazdari
587 2863 791 2910 temere
831 2856 1196 2926 praesumpsit,
1240 2872 1342 2910 nos
1369 2872 1492 2910 eum
1542 2871 1576 2910 a
1614 2871 1857 2911 commu-

239 2943 414 2998 nione
443 2941 684 2998 ﬁdelium
725 2951 1148 3011 sequestramus,
1203 2944 1278 2998 ita
1307 2944 1512 3000 scilicet
1545 2953 1600 2998 ut
1639 2944 1686 2998 si
1717 2943 1856 2998 infra

240 3031 502 3087 Italicum
531 3047 766 3104 regnum
796 3031 1063 3097 consistit,
1097 3032 1239 3086 intra
1267 3032 1385 3088 dies
1417 3033 1632 3104 triginta
1661 3033 1858 3088 habeat

239 3120 432 3174 omnia
462 3119 560 3173 sub
599 3135 724 3174 vera
757 3119 1122 3174 satisfactione
1178 3120 1388 3175 reddita
1431 3137 1555 3192 qua:
1593 3121 1855 3175 violenter

237 3205 487 3268 abstulit,
530 3215 584 3261 et
621 3207 667 3261 si
706 3215 860 3262 extra
897 3223 1130 3280 regnum
1172 3207 1416 3264 Italicum
1453 3224 1576 3262 esse
1606 3208 1850 3272 videtur,

237 3293 388 3349 infra
417 3294 537 3349 dies
567 3295 878 3365 sexaginta;
911 3310 977 3350 ac
1005 3295 1202 3350 deinde
1225 3295 1288 3360 si,
1321 3296 1440 3351 haec
1468 3296 1651 3350 omnia
1673 3297 1855 3366 parvi-

235 3382 516 3453 pendens,
549 3381 604 3436 in
633 3399 732 3437 sua
762 3383 1058 3454 pertinacia
1105 3400 1326 3438 manere
1355 3383 1596 3455 nihilque
1627 3384 1850 3438 studue-

237 3470 313 3526 rit
357 3471 672 3535 emendare,
727 3471 1084 3525 anathematis
1123 3471 1339 3527 vinculo
1397 3471 1462 3525 sit
1519 3471 1809 3526 innodatus
1831 3514 1846 3536 ,

236 3559 425 3614 donec
451 3559 522 3614 ad
541 3567 779 3612 nostram
801 3559 1154 3628 apostolicam
1192 3559 1540 3630 praesentiam
1570 3559 1779 3616 venerit
1800 3569 1853 3616 et

237 3663 342 3718 pro
370 3645 576 3700 illicitis
613 3646 698 3700 his
735 3647 986 3701 omnibus
1024 3663 1206 3702 veram
1255 3662 1441 3702 coram
1487 3648 1644 3702 nobis
1688 3648 1849 3703 satis-

236 3733 540 3790 factionem
569 3733 753 3789 facere
778 3735 1062 3790 studuerit.
1104 3735 1311 3791 Idcirco
1357 3736 1618 3790 volumus.
1635 3745 1691 3790 ut
1723 3736 1849 3790 nul,

237 3823 459 3878 latentis
488 3822 538 3876 ei
566 3822 997 3887 communicatis,
1031 3823 1077 3876 si
1107 3831 1292 3878 nostro
1329 3823 1632 3894 apostolico
1665 3823 1845 3892 vultis,

236 3917 300 3964 ut
327 3909 518 3965 dilecti
549 3908 663 3974 ﬁlii,
697 3911 974 3965 consortio
1006 3911 1130 3965 frui.
1166 3913 1300 3966 Data
1329 3916 1394 3967 ut
1423 3929 1614 3984 supra.

859 4033 1219 4087 CCLXXXII.

631 4135 660 4173 Α
669 4135 702 4173 D
740 4135 1089 4176 EGILBERTUH
1133 4136 1462 4177 Εριεροιιωί.

793 4209 975 4278 (Anno
1005 4210 1296 4277 879-889.)

233 4296 447 4368 Arguit
475 4311 604 4350 eum
637 4295 778 4366 quod
797 4312 930 4368 cum,
947 4298 1459 4368 ext-ommunicatis
1479 4315 1514 4352 α
1545 4299 1673 4352 sede
1695 4315 1847 4368 apos-

315 4365 491 4437 tolica
523 4365 959 4420 communicarit
989 4386 1006 4420 :
1029 4367 1191 4436 jubet
1221 4383 1292 4420 ne
1318 4384 1448 4421 cum
1471 4365 1760 4437 Liut/‘redb
1789 4373 1845 4435 et

313 4435 582 4491 Odebrico
612 4435 1124 4491 excommunicatis
1151 4438 1534 4494 comminicet.

308 4522 794 4578 Reverendissimo
855 4532 908 4576 et
964 4523 1306 4578 sanctissimo
1363 4527 1682 4580 EctLaanro
1722 4525 1842 4594 epi-

233 4625 436 4682 scopo.
1559 4649 1562 4652 .

305 4698 613 4753 Beatissimi
659 4699 952 4768 Apostolici
1000 4707 1270 4771 praecepto
1309 4701 1529 4772 (Ephes.
1579 4703 1658 4773 tv)
1681 4702 1844 4770 jube-

229 4803 368 4842 mur
410 4787 686 4857 deponere
731 4794 972 4842 veterem
1021 4789 1290 4844 hominem
1341 4805 1465 4844 cum
1493 4789 1704 4846 actibus
1734 4789 1846 4844 suis

229 4883 290 4930 et
323 4874 554 4928 induere
585 4889 810 4944 novum,
855 4875 947 4946 qui
992 4876 1294 4931 secundum
1337 4877 1513 4932 Deum
1542 4886 1757 4933 creatus
1787 4894 1847 4933 es

227 4965 292 5018 in
326 4962 538 5031 justitia
570 4969 622 5016 et
647 4962 929 5018 sanctitate
959 4963 1202 5018 veritatis
1235 4983 1248 5019 :
1278 4973 1500 5036 propter
1538 4966 1684 5038 quod
1713 4966 1848 5023 dile-

227 5051 484 5108 ctionem
514 5057 661 5104 tuam
690 5051 974 5106 audientes
1017 5068 1140 5106 cum
1169 5053 1250 5108 eis
1281 5053 1374 5124 qui
1401 5069 1435 5108 a
1475 5055 1606 5108 sede
1636 5064 1851 5126 aposto-

226 5140 364 5203 lica,
388 5139 446 5192 in
469 5155 578 5210 qua
597 5138 880 5194 beatorum
903 5140 1045 5194 Petri
1064 5157 1127 5196 ac
1149 5141 1301 5196 Pauli
1317 5158 1538 5212 semper
1556 5144 1849 5199 auctoritas

226 5228 405 5292 vivit,
439 5242 544 5297 pro
573 5226 686 5287 suis
725 5227 1025 5282 manifestis
1073 5229 1374 5284 sceleribus
1403 5232 1849 5289 excommunicati

228 5315 436 5370 merito
469 5314 725 5380 existunt,
760 5323 952 5372 contra
973 5316 1069 5384 jus
1110 5317 1562 5386 ecclesiasticum,
1594 5327 1719 5375 ante
1745 5335 1848 5375 au-

226 5403 501 5459 dientiam
535 5411 588 5457 et
616 5417 806 5458 veram
832 5402 887 5457 in
919 5403 1200 5460 reddendo
1229 5405 1680 5472 satisfactionem,
1705 5423 1849 5464 com-

229 5492 545 5558 municare,
572 5507 678 5544 non
717 5490 975 5546 mediocri
1011 5491 1172 5547 animi
1219 5492 1410 5550 dolore
1441 5494 1639 5549 turbati
1665 5495 1846 5550 existi-

1876 3081 1928 3145 C

1955 479 2101 536 dicat
2126 497 2139 534 :
2163 483 2221 536 Si.
2238 482 2360 553 quis
2384 497 2499 536 non
2521 480 2700 536 obedit
2725 480 2881 536 verba
2901 485 3094 536 nostra
3112 497 3213 553 per
3233 482 3548 553 epistolam,

1955 569 2106 624 hunc
2125 572 2412 637 notate,ut
2429 585 2541 625 non
2554 569 3035 625 commisceamini
3055 586 3187 624 cum
3203 585 3264 625 eo
3277 571 3350 638 (Il
3367 572 3551 625 Thess.

1955 659 2060 725 tu).
2093 656 2230 712 Hinc
2259 657 2421 712 etiam
2452 665 2504 711 et
2533 657 2883 726 coapostolus
2924 657 3043 726 ejus
3070 657 3330 734 Joannes,
3363 658 3554 728 hujus-

1954 744 2102 798 modi
2119 761 2218 800 nec
2236 749 2349 800 Ave
2371 745 2664 800 dicendum
2685 745 2936 800 concedit
2961 763 2973 798 :
3004 747 3062 801 Si
3092 747 3236 818 quis,
3281 746 3552 818 inquiens,

1958 835 2112 888 venit
2132 833 2202 888 ad
2226 849 2314 888 vos
2335 833 2558 889 ethunc
2580 833 2901 888 doctrinam
2923 851 3037 890 non
3058 834 3246 904 aﬂert,
3271 835 3448 890 nolite
3470 851 3556 890 re-

1955 922 2142 992 cipere
2163 937 2291 976 eum
2314 923 2374 976 in
2403 923 2656 986 Domino,
2696 938 2798 977 nec
2830 922 2938 978 Ave
2971 923 3024 977 ei
3055 922 3247 978 dicite.
3278 925 3380 992 Qui
3401 924 3556 978 enim

1955 1008 2171 1064 dixerit
2188 1011 2261 1074 ei,
2279 1009 2406 1074 Ave,
2431 1011 2816 1066 communicat
2831 1010 3086 1081 operibus
3105 1011 3264 1066 illius
3286 1012 3557 1083 malignis

1957 1097 2032 1164 (II
2063 1098 2224 1152 Joan.
2258 1097 2320 1167 ι).
2355 1099 2488 1152 Item
2516 1097 2704 1152 beatus
2741 1097 2993 1152 Clemens
3023 1097 3230 1154 Jacobo
3259 1097 3406 1152 fratri
3440 1100 3553 1154 Do—

1955 1183 2090 1238 mini
2118 1185 2388 1253 scribens,
2425 1185 2500 1239 ita
2527 1185 2597 1240 de
2628 1201 2688 1240 se
2717 1185 3025 1256 apostolum
3053 1187 3266 1242 Petrum
3296 1186 3554 1257 populum

1955 1272 2305 1328 admonuisse
2333 1280 2722 1329 commemorat
2755 1291 2768 1328 :
2800 1273 2857 1329 Si
2883 1273 3134 1330 inimicus
3163 1283 3246 1330 est
3275 1274 3437 1331 alicui
3455 1289 3558 1346 pro

1956 1359 2168 1415 actibus
2199 1360 2331 1416 suis.
2363 1378 2462 1418 vos
2492 1361 2658 1419 nolite
2688 1371 3005 1433 exspectare
3035 1371 3093 1417 ut
3135 1363 3252 1434 ipse
3281 1363 3436 1418 vobis
3466 1363 3555 1418 di-

1956 1456 2064 1515 cat,
2120 1465 2244 1504 cum
2305 1449 2398 1504 illo
2454 1450 2621 1505 nolite
2677 1450 2838 1506 amici
2883 1466 3044 1518 esse;
3089 1451 3282 1522 quibus
3327 1451 3558 1509 videlice

1957 1537 2266 1592 salubribus
2325 1538 2592 1610 exemplis
2647 1547 2699 1594 et
2745 1538 3026 1595 canonicis
3083 1539 3244 1594 etiam
3302 1539 3558 1595 institutis

1957 1625 2158 1691 edocti,
2209 1641 2280 1681 ne
2329 1625 2490 1681 simul
2535 1626 2738 1697 pariter
2781 1643 2904 1684 cum
2955 1627 3034 1682 eis
3062 1627 3559 1685 excommunicatus

1882 1714 2176 1798 Bexistas,
2228 1731 2294 1769 ex
2340 1715 2644 1785 apostolica
2692 1715 2788 1769 tibi
2835 1716 3155 1771 auctoritate
3195 1716 3472 1785 jubemus,
3505 1725 3562 1772 ut

1957 1801 2161 1858 nullam
2191 1801 2453 1872 deinceps
2483 1818 2607 1857 cum
2638 1803 2916 1858 Liutfredo
2946 1813 2998 1858 et
3029 1803 3325 1868 Odebrico,
3350 1821 3384 1860 a
3404 1805 3562 1859 nobis

1957 1889 2283 1961 regulariter
2313 1890 2817 1956 excommunicatis,
2842 1891 2928 1948 vel
2963 1891 3016 1945 in
3047 1893 3323 1948 communi
3344 1893 3561 1963 eloquio

1957 1979 2396 2035 communionem
2445 1979 2644 2034 habere
2688 1996 2987 2050 praesumas
3021 1997 3034 2034 :
3068 1981 3112 2034 si
3141 1981 3378 2036 debitam
3423 1982 3477 2035 in
3510 1991 3560 2036 te

1955 2082 2066 2122 non
2089 2067 2171 2122 vis
2197 2067 2488 2137 provinere
2517 2068 2861 2132 sententiam,
2897 2083 3026 2123 sane
3058 2069 3126 2139 (l,
3149 2071 3302 2138 cave)
3330 2076 3384 2123 ut
3419 2067 3558 2123 infra

1957 2154 2076 2210 dies
2105 2155 2329 2226 triginta
2359 2163 2482 2226 post
2530 2155 2690 2225 hujus
2739 2163 2942 2211 nostrae
2971 2156 3287 2226 apostolicae
3317 2157 3559 2226 epistola:

1957 2243 2440 2309 denuntiationem,
2493 2244 2725 2298 reddant
2766 2244 2870 2315 ipsi
2917 2244 3101 2299 omnia
3140 2244 3315 2299 eidem
3347 2245 3558 2300 dilectae

1957 2330 2083 2386 filias
2111 2339 2314 2387 nostra:
2342 2332 2695 2406 Angelbertse
2741 2336 3004 2406 Augusta:
3033 2348 3155 2404 quae
3198 2333 3466 2389 violenter
3494 2349 3558 2390 ac

1956 2420 2328 2474 fraudulenter
2355 2419 2566 2476 auferre
2599 2429 3086 2492 praesumpserunt.

2561 2509 2948 2564 CCLXXXHI.

2375 2608 2448 2647 AD
2485 2608 2816 2649 EGIPRIDIUM
2854 2609 2923 2647 ΕΤ
2961 2609 3137 2648 Αιιοδ.

2445 2683 2626 2747 (Anno
2657 2684 2759 2734 879
2799 2681 2884 2736 vel
2918 2683 3068 2753 880.)

1957 2771 2127 2840 Rogat
2159 2773 2221 2824 ut
2253 2771 2520 2826 bonorum
2559 2771 2911 2841 .l-ngelbergaz
2943 2772 3322 2842 imperatricis
3358 2789 3558 2827 curam

2579 2859 2928 2913 sustineant.

2029 2945 2402 2999 Nobilissimis
2421 2945 2554 2999 viris
2575 2945 2790 3001 dilectis
2811 2946 2934 3000 filiis
2955 2947 3266 3015 EGIFBEDO,
3293 2948 3555 3002 SUPPONI.

1961 3032 2261 3101 ERIPALDO,
2297 3035 2560 3088 Bunsano
2603 3033 2864 3090 Bonifacii
2904 3033 3036 3100 tilio,
3089 3043 3142 3090 et
3180 3037 3559 3090 Corapunsno

1956 3120 2216 3191 gloriosis
2246 3121 2556 3177 comitibus.

2028 3209 2274 3264 Scientes
2303 3209 2546 3280 profecto
2574 3227 2637 3264 ea
2679 3227 2802 3281 qua:
2841 3212 3120 3282 sagacitati
3163 3220 3354 3266 vestra:
3402 3229 3557 3268 com-

1953 3297 2234 3362 mittimus,
2266 3313 2363 3352 vos
2388 3315 2486 3368 pro
2511 3314 2697 3352 amore
2718 3299 2816 3352 Dei
2839 3307 2888 3354 et
2909 3307 3218 3354 sanctorum
3249 3300 3554 3370 principum

1953 3385 2282 3448 reverentia,
2316 3393 2607 3456 nostraque
2647 3385 2958 3452 dilectione,
3005 3387 3094 3456 pio
3135 3388 3332 3442 mentis
3361 3386 3558 3443 allectu

1952 3472 2248 3542 perficere;
2303 3473 2427 3528 ideo
2458 3489 2556 3544 pro
2601 3481 2758 3544 parte
2806 3473 3172 3530 dilectissimae
3201 3490 3268 3530 ac
3297 3474 3558 3546 spiritalis

1952 3559 2076 3615 tiliae
2123 3569 2322 3616 nostra:
2371 3561 2734 3633 Angelbergae
2780 3565 3042 3634 Augusta:
3086 3563 3172 3616 his
3219 3563 3556 3634 apostolatus

1952 3647 2119 3703 nostri
2145 3647 2338 3702 litteris
2369 3649 2600 3719 gloriam
2631 3659 2862 3703 vestram
2909 3665 3245 3722 magnOpere
3280 3651 3553 3721 depreca-

1951 3752 2071 3789 mur
2097 3744 2153 3790 ut
2181 3737 2424 3791 omnium
2447 3753 2629 3791 rerum
2665 3737 2782 3806 ejus
2806 3738 3116 3809 ubicunque
3145 3739 3553 3795 consistentium

1950 3839 2139 3879 curam
2170 3833 2222 3878 et
2252 3825 2993 3880 sollicitudinemmaximam
3023 3826 3272 3882 habeatis
3307 3843 3318 3881 :
3353 3834 3552 3898 quate-

1950 3928 2052 3966 nus
2081 3921 2264 3968 vestro
2294 3913 2550 3984 prudenti
2579 3913 2809 3968 consilio
2853 3914 3170 3986 ingentique
3215 3914 3408 3970 solatio
3436 3915 3556 3984 ejus

1948 4000 2129 4054 omnia
2158 4001 2311 4056 salva
2341 4009 2394 4056 et
2421 4001 2765 4067 indiminuta,
2799 4018 2987 4058 secura
3017 4011 3070 4057 et
3113 4002 3337 4058 defensa
3366 4004 3554 4059 consi-

1947 4097 2110 4158 stant,
2144 4089 2219 4144 ita
2249 4105 2381 4144 sane
2411 4098 2467 4144 ut
2515 4090 2648 4144 nulli
2679 4090 2900 4146 easdem
2929 4107 3020 4147 res
3069 4092 3332 4148 invadere
3361 4109 3426 4150 ac
3451 4093 3554 4148 de-

1945 4178 2196 4246 praedare
2219 4177 2426 4232 sinatis.
2447 4179 2588 4247 Quia
2609 4187 2662 4232 et
2685 4195 2786 4234 nos
2802 4196 2926 4236 cum
2949 4181 3042 4250 qui
3061 4180 3244 4237 facere
3266 4182 3352 4238 vel
3371 4181 3556 4237 favere

1944 4265 2171 4319 facienti
2203 4267 2626 4336 praasumpserit,
2679 4267 2910 4336 spiritali
2940 4269 3130 4338 procul
3161 4269 3327 4324 dubio
3368 4269 3555 4340 gladio

1946 4351 2224 4413 feriemus,
2258 4361 2520 4422 quatenus
2550 4368 2616 4406 ex
2637 4355 2741 4408 hoc
2763 4362 2815 4408 et
2841 4371 2943 4408 nos
2974 4356 3276 4410 secundum
3292 4355 3548 4410 collatum

1871 4425 1926 4486 D
1946 4439 2104 4494 nobis
2123 4438 2378 4493 divinitus
2395 4441 2751 4508 apostolicum
2772 4441 3152 4512 magisterium
3167 4443 3363 4513 dignas
3385 4452 3549 4512 atque

1947 4526 2269 4596 multiplices
2298 4527 2558 4580 nobilitati
2609 4537 2808 4584 vestra:
2836 4529 3038 4601 gratias
3084 4529 3408 4594 habeamus,
3441 4529 3542 4584 be-

1947 4614 2260 4670 nedicentes
2315 4615 2470 4670 vobis
2527 4616 2678 4670 omni
2733 4617 3112 4673 benedictione
3170 4617 3434 4687 spirituali
3496 4618 3552 4672 in

1947 4702 2164 4758 Christo
2191 4703 2320 4758 Jesu
2351 4703 2584 4759 Domino
2614 4713 2824 4771 nostro,
2851 4714 2901 4761 et
2920 4714 3112 4761 vestrae
3140 4703 3267 4760 fidei
3297 4704 3550 4760 laudabi-

1949 4790 2015 4846 lis
2042 4807 2228 4846 rumor
2256 4808 2357 4862 per
2402 4807 2503 4847 ora
2551 4792 2792 4849 fidelium
2835 4809 3053 4864 semper
3097 4793 3300 4865 ubique
3333 4803 3550 4851 resonet

1949 4881 2019 4935 ad
2075 4889 2427 4954 augmentum
2488 4889 2683 4937 vestra:
2737 4890 3015 4952 perpetuae
3073 4883 3544 4938 remunerationis.

1949 4970 2088 5024 Data
2117 4975 2183 5024 ut
2211 4987 2400 5042 supra.

2553 5059 2940 5114 CCLXXXIV.

2355 5161 2425 5201 AD
2468 5161 2826 5202 EUNIBERTUM
2871 5162 3119 5202 COMITEM
3129 5190 3140 5201 .

2440 5237 2622 5304 (Anno
2655 5237 2757 5289 879
2789 5235 2874 5291 vel
2907 5239 3056 5304 880.)

1949 5323 2199 5378 Minatur
2236 5323 2326 5376 illi
2369 5324 3039 5390 exeommunicationem,
3082 5325 3198 5379 nisi
3242 5340 3329 5380 res
3361 5327 3550 5381 sancti

2065 5395 2220 5448 l’ctri
2253 5397 2306 5448 et
2343 5393 2690 5464 .lngclberga:
2721 5395 3102 5465 imperatricis
3135 5397 3423 5450 restihmt.

2023 5490 2342 5543 Et’SIBEltTO
2373 5489 2611 5559 glorioso
2641 5489 2840 5543 comiti.
