4072 6186
496 265 604 318 .899

1757 264 1982 318 JOANN
1991 263 2052 318 IS
2094 262 2286 316 PAPzE
2327 264 2463 317 Vill.

3701 255 3804 310 900

575 386 770 441 Veraci
801 385 1064 440 relatione
1110 387 1473 456 comperimus
1519 396 1569 441 te
1619 404 1708 441 res
1754 387 1926 442 sancti
1957 386 2098 441 Petri
2129 385 2180 446 A
2209 386 2370 441 tionis
2398 385 2540 440 ﬁlios
2564 385 2774 441 victrici
2803 400 3019 454 semper
3046 384 3270 440 dextera
3294 381 3550 439 valeretis
3579 382 3808 439 eﬂicaci-

503 473 753 544 apostoli,
784 490 919 546 quas
949 473 1178 544 spiritali
1207 473 1332 529 ﬁliae
1361 483 1562 530 nostra:
1594 475 1961 548 Angelbergm
1991 477 2100 528 Au-

503 569 679 634 gustm
707 577 1000 618 concessas
1047 563 1332 627 habemus,
1383 579 1508 617 cum
1551 563 1672 617 aliis
1703 564 1944 632 ejusdem
1977 562 2101 618 ﬁliae

502 657 704 706 nostra:
735 651 1176 720 proprietatibus,
1209 659 1392 706 contra
1424 651 1605 724 legem
1635 651 1896 706 invadere
1927 666 1993 706 ac
2023 667 2104 706 re-

502 739 672 793 tinere
705 757 718 792 :
749 747 802 794 et
829 739 899 794 ob
949 741 1051 794 hoc
1101 749 1156 792 tu
1199 739 1317 808 ipse
1361 739 1672 794 admonitus
1714 740 1783 794 ab
1821 739 2102 795 invasione

503 826 595 881 illa
625 843 732 881 non
763 835 813 882 te
845 827 1200 888 subtraxeris,
1254 827 1382 898 quin
1413 829 1592 898 potius
1623 829 1886 882 hactenus
1913 828 1974 881 in.
1999 829 2100 884 hac

503 915 694 970 eadem
723 915 991 986 pravitate
1022 917 1315 987 persistere
1345 933 1685 988 nequaquam
1717 915 1988 971 omiseris.
2025 915 2107 970 ld-

500 1003 649 1060 circo
678 1003 774 1058 tibi
803 1005 1152 1074 praecipimus
1183 1013 1258 1070 ut,
1292 1005 1441 1059 omni
1470 1005 1755 1060 occasione
1801 1003 2101 1075 postposita

502 1100 553 1146 te
583 1107 960 1162 compescens,
993 1094 1214 1148 easdem
1247 1109 1336 1148 res
1375 1093 1598 1147 omnino
1626 1092 1935 1162 relinquas,
1969 1101 2024 1147 et
2051 1101 2104 1146 te

501 1180 614 1234 sive
647 1189 766 1235 tuos
797 1181 866 1236 ab
913 1181 1046 1252 ipsis
1095 1197 1398 1245 removeas,
1453 1190 1720 1252 quatenus
1764 1181 1941 1236 eidem
1981 1179 2104 1236 ﬁlia:

501 1277 704 1324 nostra;
732 1269 893 1326 liceat
921 1285 1114 1325 omnes
1143 1270 1264 1323 illas
1294 1285 1394 1324 suo
1413 1269 1676 1324 'dominio
1714 1269 1989 1324 vindicare
2017 1276 2102 1322 at-

500 1369 607 1424 que
655 1352 966 1424 diaponere,
1021 1361 1074 1406 et
1103 1361 1160 1406 ut
1207 1353 1257 1406 ei
1305 1352 1517 1406 libitum
1567 1351 1743 1422 fuerit,
1785 1353 1886 1406 sub
1915 1360 2102 1407 nostro

500 1441 722 1510 speciali
750 1441 1144 1496 mandeburdio
1188 1441 1426 1495 retinere
1460 1458 1472 1494 :
1506 1441 1749 1512 alioquin
1796 1441 2013 1496 noveris
2051 1449 2104 1496 te

501 1529 802 1601 apostolica
829 1537 1012 1584 nostra
1035 1529 1355 1584 auctoritate
1375 1538 1568 1584 sancta
1592 1529 1972 1584 communione
1992 1529 2105 1600 pri-

502 1625 705 1678 vatum,
738 1625 794 1672 et
819 1633 1100 1689 quousque
1145 1619 1248 1672 sub
1293 1633 1541 1690 congrua
1569 1617 1942 1674 satisfactione
1985 1635 2106 1689 quae

501 1705 724 1761 alterius
769 1714 894 1762 sunt
932 1705 1189 1761 restituas
1209 1749 1221 1772 ,
1267 1722 1301 1761 a
1349 1706 1776 1762 Christianorum
1827 1707 2114 1773 consortio
2132 1737 2184 1796 Β

497 1801 826 1863 separatum.
861 1794 999 1850 Data
1030 1799 1091 1850 ut
1123 1811 1259 1865 supr
1291 1813 1345 1851 ιι.

1119 1971 1479 2026 CCLXXXV.

945 2093 1017 2131 AD
1056 2093 1329 2133 GISULFUM
1369 2091 1648 2132 ABBATEM.

1067 2197 1248 2264 (Anno
1279 2196 1570 2264 879-880.)

505 2323 638 2392 Ejus
683 2336 834 2376 cura:
864 2320 1277 2374 monasterium
1319 2319 1671 2392 Angelbergw
1719 2318 2103 2387 imperatricis

1129 2391 1455 2444 com-mittit.

577 2506 822 2560 GISULPO
889 2502 1183 2558 venerabili
1256 2503 1439 2558 abbati
1506 2503 1823 2559 monasterii
1905 2510 2102 2557 sancta:

503 2593 809 2648 Christinte.

575 2681 904 2738 Auctoritate
935 2689 1139 2736 sanctae
1168 2681 1314 2736 sedis
1359 2680 1674 2752 apostolicae
1703 2687 1810 2734 tuae
1839 2694 2100 2734 reveren-

501 2769 594 2825 tiae
623 2769 1010 2824 committimus
1040 2776 1098 2824 ut
1143 2785 1336 2824 curam
1380 2769 1720 2840 perspicuam
1751 2776 1803 2822 et
1833 2767 2099 2822 sollicitu-

501 2857 686 2912 dinem
715 2857 918 2912 habeas
948 2857 1261 2911 monasterii
1291 2857 1502 2912 dilectae
1525 2856 1649 2911 ﬁlim
1680 2863 1875 2910 nostra:
1905 2854 2102 2928 Angel-

503 2945 689 3015 bergaa
733 2947 1026 3018 Augustae,
1079 2945 1166 2998 siti
1231 2944 1286 2998 in
1343 2944 1556 3000 civitate
1606 2944 1906 3008 Placentia,
1967 2943 2102 2998 sicut

503 3032 730 3087 idoneus
759 3033 956 3088 Christi
988 3032 1236 3087 minister
1281 3040 1332 3087 et
1362 3033 1550 3104 gregis
1595 3031 1814 3086 Domini
1852 3031 2102 3101 provisor

502 3121 752 3187 eximius,
785 3130 1053 3193 quatenus
1084 3121 1384 3176 secundum
1429 3121 1676 3193 regulam
1725 3119 1894 3175 sancti
1921 3121 2098 3175 Bene-

2199 491 2282 542 ter
2311 473 2573 529 dimicare
2608 491 2620 528 :
2654 473 2800 545 quod
2847 481 3028 528 tamen
3059 479 3116 527 ut
3143 471 3432 526 salubriter
3473 467 3648 526 facére
3676 487 3807 542 poe-

2199 562 2334 628 sitis,
2386 569 2443 616 ut
2489 569 2633 616 terra
2678 561 2924 632 marique
2989 561 3060 615 de
3105 559 3341 615 inimicis
3384 568 3439 615 et
3495 557 3803 614 inﬁdelibus

2200 650 2436 705 victores
2469 650 2698 706 feliciter
2727 649 2989 716 existatis,
3035 648 3158 704 ideo
3198 648 3530 703 mandamus
3569 647 3728 702 vobis
3749 657 3804 704 ut

2200 755 2318 793 cum
2371 738 2661 809 aliquantis
2703 737 3063 794 dromonibus
3111 751 3214 807 pro
3256 737 3463 792 honore
3513 736 3632 805 jam
3677 736 3804 792 didi

2203 826 2462 897 spiritalis
2513 826 2606 880 ﬁlii
2651 827 2824 882 nostri
2870 826 3102 899 Augusti
3139 826 3240 880 has
3277 833 3496 880 nostras
3531 824 3592 879 in
3626 833 3802 896 partes

2202 914 2401 969 iterum
2429 915 2616 971 venire
2645 915 2974 970 omnimodis
3004 913 3286 985 sanguis,
3319 922 3588 984 quatenus
3613 920 3804 968 contra

2203 1004 2426 1058 eosdem
2457 1004 2724 1059 nefandos
2752 1007 3042 1076 Agarenos
3069 1018 3380 1074 congruum
3403 1001 3576 1057 nobis
3593 1001 3799 1070 adjuto-

2202 1091 2344 1145 rium
2371 1092 2623 1162 prmbere
2650 1090 2892 1162 possitis,
2925 1100 2982 1146 ut
3013 1107 3078 1146 ex
3109 1091 3212 1146 hoc
3241 1091 3358 1145 laus
3388 1095 3690 1146 etmeroes
3714 1087 3804 1144 im-
3879 1086 3892 1096 ’
3931 1077 3942 1088 ’

2202 1180 2447 1250 peratori.
2467 1188 2765 1245 accrescat,
2800 1187 2857 1236 et
2897 1196 2926 1233 a
2975 1179 3134 1234 nobis
3175 1177 3371 1252 dignas
3418 1177 3804 1235 Mribuliones

2204 1269 2321 1324 sine
2347 1269 2515 1324 dubio
2548 1268 2844 1338 recipiatis.
2867 1266 3213 1338 Quapropter
3231 1282 3524 1340 monemus
3538 1274 3594 1321 et
3619 1266 3802 1330 hort-g-

2205 1373 2328 1411 mur
2358 1372 2456 1412 vos
2486 1365 2543 1411 ut
2572 1356 2776 1412 nostris
2804 1355 3026 1411 monitis
3055 1355 3242 1410 libenti
3270 1355 3466 1410 animo.
3490 1353 3799 1419 attemhtia,

2205 1453 2262 1499 et
2285 1445 2545 1518 quidquid
2575 1445 2746 1501 acturi
2776 1445 2927 1514 estis,
2960 1459 3060 1515 per
3089 1459 3188 1499 vos
3217 1443 3484 1500 volositea
3511 1457 3806 1513 cognosco-

2205 1549 2344 1588 mus.
2380 1535 2515 1589 Data
2544 1537 2611 1589 ut
2630 1551 2822 1606 supra.

2803 1682 3214 1738 CCLXXXVI].

2348 1805 2421 1844 AD
2459 1804 2818 1845 ATIIANASIUM
2855 1803 3160 1845 EPISCOPUN
3206 1802 3658 1846 NEAPOHMVUI-

2692 1899 2872 1964 (Anno
2904 1897 3005 1949 s79
3045 1894 3132 1949 vel
3171 1896 3320 1960 880.)

2209 2001 2574 2058 Commendat
2597 2003 2720 2072 ejus
2749 2017 2882 2071 erga
2902 1999 3092 2056 sedem
3112 1998 3480 2072 apostolicam
3509 1998 3802 2053 observan-

2277 2075 2450 2138 tiam;
2483 2071 2746 2128 hortatur
2766 2076 2851 2135 ut,
2875 2073 3026 2126 sicut
3044 2071 3400 2140 promiserat,
3425 2071 3802 2138 postumam

2274 2144 2574 2199 Saracenis
2600 2143 2782 2198 ictum
2819 2144 3071 2212 frangat.
3113 2141 3487 2209 Amal/itanos
3512 2155 3617 2210 per
3651 2140 3802 2212 legar-

2275 2219 2399 2268 tum
2426 2230 2593 2269 suum
2613 2229 2678 2268 ca
2697 2211 2763 2268 de
2795 2209 2854 2267 re
2875 2209 3210 2277 adinonitas,
3230 2213 3285 2282 si
3301 2225 3503 2282 parere
3516 2209 3801 2281 neglect:-

2274 2285 2414 2350 rint,
2447 2281 3022 2340 excommunicandos
3053 2281 3358 2352 signiﬁcat.

2277 2408 2758 2464 Reverendissimo
2805 2414 2857 2460 et
2902 2407 3250 2461 sanctissimo
3295 2408 3628 2462 Amm
3654 2403 3802 2473 epis:

2200 2512 2338 2566 copo
2365 2495 2738 2566 Neapolitana:
2765 2493 3050 2550 Ecclesiae.

2272 2583 2578 2640 Sanctitatis
2605 2590 2804 2638 vestrae
2833 2580 3180 2637 devotionem
3219 2595 3435 2650 semper
3461 2578 3521 2634 in
3549 2578 3802 2638 omnium

2200 2673 2346 2730 circa
2403 2671 2590 2727 sedem
2637 2669 2994 2742 apostolicam
3051 2677 3104 2724 et
3145 2676 3385 2724 nostram
3425 2667 3800 2738 paternitaten

2201 2762 2470 2817 sinceram
2498 2767 2660 2831 atque
2698 2757 3027 2830 praeclaram
3071 2772 3196 2813 esse
3241 2755 3626 2828 cognovimus,
3656 2755 3803 2826 quod

2199 2850 2364 2906 etiam
2389 2857 2442 2904 et
2471 2847 2758 2920 praesentis
2786 2845 3074 2919 legationis
3103 2852 3297 2900 vestrm
3330 2853 3520 2899 tenore
3554 2843 3804 2913 inspecto

2199 2937 2358 2993 nobis
2385 2945 2469 2992 est
2495 2936 2616 2992 luce
2647 2935 2846 2991 clarius
2883 2931 3252 2988 manifestum.
3303 2929 3674 3000 Quamobrem
3714 2929 3804 2988 his

2198 3025 2536 3096 apostolatus
2558 3023 2731 3080 nostri
2767 3022 2962 3078 litteris
2994 3019 3320 3092 multiplices
3349 3019 3585 3076 almitati
3603 3026 3802 3076 vcem

2199 3113 2404 3186 gratias
2451 3113 2667 3184 agimus
2692 3155 2705 3177 ,
2763 3118 2991 3182 paterno
3048 3125 3148 3165 vos
3185 3107 3382 3164 affectu
3419 3115 3708 3164 monentes
3745 3113 3806 3166 ω

502 3209 632 3266 dicti
651 3210 775 3278 jure
795 3209 1006 3269 abbatis
1037 3225 1158 3282 qua;
1177 3209 1479 3264 ordinanda
1500 3209 1585 3264 vel
1615 3208 1954 3279 disponenda
1977 3217 2099 3262 sunt
2192 3206 2347 3271 juxta
2375 3201 2643 3256 indultum
2672 3199 2829 3254 vobis
2857 3197 3096 3254 oﬂicium
3123 3196 3178 3250 in
3215 3196 3300 3251 his
3339 3211 3462 3266 qum
3497 3195 3602 3252 Dei
3649 3201 3797 3282 sunt,

501 3298 762 3369 disponas
792 3304 846 3353 et
873 3298 1116 3365 ordines,
1152 3306 1205 3353 et
1249 3313 1371 3370 quae
1403 3297 1730 3371 corrigenda
1757 3296 2099 3368 perspexeris

501 3387 682 3441 subtili
729 3388 988 3442 duntaxat
1035 3386 1400 3460 indagatione,
1451 3394 1509 3440 ut
1553 3385 1791 3441 Domino
1836 3385 2096 3456 placeas,

501 3490 574 3529 ex
622 3484 804 3530 nostra
845 3476 1160 3532 auctoritate
1210 3475 1490 3546 corrigere
1542 3489 1827 3544 procures.
1869 3474 2004 3527 Data
2037 3477 2100 3528 ut

499 3563 694 3618 supra.

1102 3697 1488 3752 CCLXXXVI.

499 3816 570 3858 ,ω
611 3818 955 3870 GREGOBIUM,
995 3817 1472 3858 THEOPHYLACTUM
1511 3817 1580 3856 ET
1619 3815 1930 3866 DIOGENEM,
1972 3814 2094 3854 ETC.

980 3909 1164 3978 (Anno
1205 3910 1306 3962 8'79
1347 3907 1430 3962 vel
1471 3908 1621 3975 880.)

502 4016 839 4070 Gratulatur
894 4015 961 4070 de
1017 4017 1254 4070 victoria
1294 4018 1493 4069 contra
1531 4014 1837 4069 Saracenos
1894 4015 2100 4082 parta;

571 4086 820 4140 miratur
865 4101 970 4140 cur
1011 4087 1241 4140 Romam
1284 4100 1400 4140 non
1428 4085 1690 4138 venerint
1719 4102 1736 4136 :
1766 4083 2004 4138 mandat
2035 4086 2100 4138 ut

571 4158 769 4210 contra
798 4157 1107 4214 Saracenos
1137 4157 1243 4212 sibi
1272 4155 1494 4210 auxilio
1525 4155 1779 4208 veniant.

571 4259 794 4316 Dilectis
823 4260 956 4316 viris
987 4262 1282 4316 Gnaeonto
1313 4259 1614 4332 spathario,
1647 4259 2098 4314 Tuncruvnxc'ro

499 4350 798 4415 turmaeho,
833 4357 998 4422 atque
1027 4350 1270 4404 DIOGENI
1297 4348 1479 4405 comiti
1509 4347 1902 4420 imperialibus.

2199 3299 2252 3345 et
2278 3288 2544 3346 Ecclesiae
2585 3285 2786 3343 Christi
2825 3285 2993 3350 utilia,
3041 3292 3155 3340 toto
3195 3283 3480 3340 conamine
3527 3281 3802 3340 desudare

2200 3393 2311 3433 non
2355 3375 2654 3432 desinatis:
2687 3391 2752 3430 ac
2799 3373 2936 3429 sicut
2982 3373 3142 3428 nobis
3183 3388 3281 3451 per
3323 3372 3538 3444 legatos
3588 3378 3802 3434 vestros

2198 3465 2521 3530 mandastis,
2575 3464 2720 3535 quod
2768 3462 2886 3517 sive
2933 3461 3191 3532 ruperint-
3227 3457 3534 3516 Amalﬁtani
3579 3466 3800 3529 pactum

2199 3570 2324 3610 cum
2351 3551 2654 3618 Saracenis,
2689 3551 2803 3606 sive
2842 3565 2970 3614 non,
3006 3565 3105 3605 vos
3133 3548 3356 3604 omnino
3381 3545 3675 3619 frangetis,
3707 3559 3801 3604 vt»

2199 3643 2375 3697 lumus
2421 3649 2478 3696 ut
2524 3640 2894 3696 indesinenter
2937 3637 2994 3691 id
3038 3651 3204 3709 agere
3251 3635 3532 3692 studentis.
3578 3635 3723 3691 Nam
3749 3642 3800 3697 et

2200 3730 2422 3786 missum
2454 3737 2717 3795 nostrum,
2753 3725 3094 3783 Dominicum
3137 3723 3390 3780 videlicet
3427 3721 3798 3782 venerabilem

2200 3818 2536 3890 episcopum,
2568 3816 2696 3872 illuc
2719 3813 3040 3879 direximus,
3090 3827 3187 3868 eos
3212 3812 3574 3868 admonentes
3610 3819 3678 3868 ut
3695 3824 3798 3882 με

2201 3907 2398 3962 tienter
2428 3914 2674 3961 nostram
2705 3904 2761 3958 in
2787 3903 2892 3958 hoc
2921 3899 3206 3972 perﬁciant
3241 3899 3574 3956 voluntatem
3607 3915 3622 3954 :
3653 3897 3798 3970 quod

2202 3995 2247 4049 si
2295 3994 2398 4065 ipsi
2440 4001 2684 4048 nostram
2730 3992 2784 4046 in
2831 3991 2936 4046 hoc
2982 3988 3181 4044 fuerint
3223 3987 3560 4044 voluntatem
3607 3985 3795 4050 secuti,

2201 4083 2502 4138 habeamus
2531 4097 2626 4138 eos
2655 4079 2948 4150 complices
2979 4085 3032 4133 et
3056 4076 3263 4132 amicos
3287 4095 3302 4143 ;
3322 4075 3407 4130 sin
3429 4083 3634 4140 autem,
3654 4073 3798 4130 velut

2203 4179 2420 4226 exteros
2448 4170 2696 4225 inimicos
2725 4183 2834 4224 non
2864 4166 3041 4222 solum
3071 4164 3268 4220 visibili
3299 4164 3398 4218 sed
3425 4163 3589 4218 etiam
3620 4159 3796 4216 invisi-

2202 4259 2294 4313 bili
2321 4258 2503 4331 gladio
2530 4257 2738 4329 pariter
2765 4269 3176 4326 persequamur,
3213 4260 3272 4307 ut
3299 4260 3354 4306 et
3381 4268 3412 4306 a
3441 4249 3604 4305 nobis
3629 4257 3684 4305 et
3727 4247 3795 4304 ab

2201 4346 2452 4402 omnibus
2483 4344 2798 4401 Christianis
2825 4349 3090 4413 perpetuo
3121 4339 3276 4413 digni
3323 4339 3450 4394 odio
3467 4338 3790 4394 habeantur.

568 4446 864 4502 Audientes
891 4464 992 4504 vos
1023 4464 1120 4518 per
1149 4447 1248 4502 Dei
1269 4447 1548 4512 auxilium,
1581 4455 1633 4500 et
1663 4445 1964 4501 secundum
1993 4444 2099 4515 spi-
2125 4433 2332 4494 DNam
2361 4443 2416 4490 et
2445 4450 2546 4505 per
2573 4432 2852 4504 praefatum
2882 4431 3110 4486 missum
3143 4436 3404 4518 nostrum
3450 4427 3797 4518 Dominicum

498 4534 671 4589 ritalis
701 4534 796 4590 ﬁlii
847 4530 1020 4592 nostri
1070 4536 1412 4607 imperatoris
1442 4535 1773 4590 voluntatem
1815 4531 2098 4604 Neapolim

499 4623 714 4678 venisse
770 4639 836 4680 ac
893 4624 1290 4680 multitudinem
1346 4622 1742 4678 Saracenorum
1797 4620 1873 4674 ibi
1911 4619 2097 4675 consi-

497 4711 746 4767 stendem
763 4713 970 4783 potenti
985 4711 1213 4768 brachio
1235 4726 1548 4782 superasse,
1565 4709 1689 4780 ~laeti
1711 4724 1900 4763 sumus
1920 4707 2098 4764 effecti

498 4807 551 4854 et
583 4801 763 4855 statim
790 4801 1002 4857 debitas
1047 4799 1401 4872 omnipotenti
1451 4797 1684 4854 Domino
1732 4797 1932 4868 gratias
1969 4786 2095 4868 egi-

497 4903 618 4942 mus
650 4905 813 4960 super
839 4889 1064 4947 victoria
1093 4897 1280 4944 vestra
1306 4897 1358 4942 et
1378 4887 1721 4942 inimicorum
1750 4884 2092 4940 contritione.

497 4976 605 5031 Sed
647 4977 838 5033 iterum
886 4979 1067 5034 mirati
1111 4994 1298 5032 sumus
1347 4976 1470 5048 quia
1519 4977 1747 5030 Romam
1778 4973 1963 5028 venire
1989 4987 2094 5026 no-

496 5072 776 5138 stramque
805 5067 1162 5138 apostolicam
1182 5064 1500 5138 neglexistis
1516 5062 1704 5120 videre
1725 5061 2090 5133 praesentiam,

495 5161 552 5208 ut
582 5171 680 5226 pro
703 5156 870 5210 vestri
897 5155 1100 5211 laboris
1147 5154 1440 5210 certamine
1467 5151 1821 5223 multiplicem
1864 5149 2094 5222 gratiam

497 5249 549 5295 et
580 5243 1017 5300 benedictionem
1048 5259 1080 5298 a
1109 5242 1265 5298 nobis
1295 5249 1349 5296 et
1378 5258 1407 5295 a
1441 5241 1569 5295 sede
1599 5237 1900 5311 apostolica
1929 5253 2096 5308 super

497 5345 595 5385 vos
625 5333 941 5402 reciperetis
961 5330 1212 5396 effusam,
1235 5337 1502 5403 quatenus
1524 5335 1838 5384 sanctorum
1868 5333 2093 5398 aposto-

498 5416 679 5476 lorum
726 5421 867 5476 Petri
916 5429 968 5476 et.
1017 5419 1168 5476 Pauli
1216 5418 1551 5474 orationibus
1600 5415 1787 5484 adjuti,
1837 5415 2094 5485 omnique

497 5508 720 5579 spiritali
753 5509 1131 5566 benedictione
1162 5505 1373 5572 muniti,
1423 5513 1608 5562 contra
1652 5503 1873 5559 eosdem
1904 5502 2091 5572 perdi-

2198 4523 2534 4594 episcOpum,
2583 4536 2680 4576 eos
2727 4519 2992 4576 obaudire
3065 4517 3314 4572 nolentes
3381 4513 3796 4586 pmsentialiter

2197 4608 2668 4666 excommunicare
2725 4607 3096 4678 praecipimus,
3156 4620 3221 4660 ac
3276 4602 3630 4674 postmodum
3697 4614 3794 4657 nos

2194 4698 2300 4769 ipsi
2347 4698 2513 4770 digno
2557 4697 2900 4752 anathemate
2946 4694 3226 4750 feriemus.
3277 4693 3388 4747 Vos
3425 4689 3597 4763 igitur
3625 4696 3794 4747 estote

2195 4786 2499 4854 nobiscum,
2533 4794 2584 4841 et
2612 4791 2827 4856 pactum
2856 4783 3104 4854 iniquum
3151 4777 3482 4850 corrumpite
3514 4796 3528 4832 :
3575 4777 3706 4850 quia
3743 4783 3792 4832 et

2196 4891 2296 4931 nos
2323 4875 2606 4931 vobiscum
2637 4873 2692 4928 in
2721 4872 2972 4928 omnibus
3002 4871 3227 4934 erimus,
3261 4875 3314 4923 et
3343 4866 3492 4938 quod
3510 4866 3634 4935 jam
3661 4865 3790 4920 dare

2195 4963 2592 5034 promissimus,
2617 4961 2911 5016 auxiliante
2927 4957 3184 5025 Domino,
3212 4955 3370 5011 annis
3391 4953 3630 5027 singulis
3640 4950 3786 5009 vobis

2193 5051 2387 5122 procul
2451 5050 2616 5105 dubio
2665 5049 3014 5114 tribuemus;
3073 5045 3203 5118 quia
3258 5043 3304 5098 si
3333 5058 3434 5098 vos
3475 5041 3628 5097 fmdu
3671 5052 3786 5096 cum

2195 5139 2482 5196 Saracenis
2527 5154 2634 5194 non
2670 5137 2984 5202 habueritis,
3035 5135 3130 5201 nil,
3174 5131 3406 5188 Domino
3449 5131 3692 5200 juvante,
3719 5125 3784 5180 de

2193 5225 2640 5282 Amalﬁtanorum
2687 5224 2918 5296 perﬁdia
2964 5221 3277 5280 curabimus
3300 5262 3314 5286 ,
3363 5234 3505 5290 quos
3542 5214 3782 5272 videlicet

2193 5316 2376 5390 gladio
2405 5315 2702 5388 poterimus
2729 5312 2956 5386 spiritali
3001 5308 3260 5382 persequi
3303 5314 3358 5363 et
3403 5305 3566 5363 facile
3608 5299 3777 5360 humi-

2193 5405 2346 5460 liare.
2381 5404 2648 5476 Optamus
2677 5402 3019 5459 sanctitatem
3046 5406 3294 5456 vestram
3313 5395 3372 5451 in
3411 5394 3624 5450 Christo
3650 5391 3777 5445 bene

2195 5501 2392 5556 valere.
