4072 6186
295 276 393 328 901

887 389 1324 446 CCLXXXVIII.

855 511 928 553 AD
956 509 1362 550 ΑιΛιΕιΤΑΝοδ.

782 605 963 671 (Anno
1003 603 1108 654 879
1138 600 1226 654 vel
1259 602 1411 665 880.)

314 715 502 768 Monet
526 714 590 764 ut
607 712 772 780 rupto
795 724 926 762 cum
965 708 1266 762 Saracenis
1305 705 1510 780 findere
1547 704 1618 780 ad
1658 700 1924 780 Ecclesia:

383 773 1066 853 gremium-reuertantur,
1087 782 1143 832 et
1163 793 1290 831 eam
1305 773 1376 832 ob
1385 791 1505 853 rem
1537 773 1781 843 singulis
1811 787 1923 853 aa-

383 841 687 908 ;u'sdeeem
707 850 895 906 millia
940 841 1339 904 mancosorum
1387 849 1517 902 eteo
1568 841 1720 900 anno
1763 841 1923 896 mille

381 925 656 986 daturum
698 936 754 975 se
790 920 1118 991 promittit;
1155 919 1271 972 nisi
1298 915 1620 988 paruerint,
1665 915 1923 969 minatur

330 1054 342 1064 ο
386 991 1063 1050 excommunicationem.

385 1096 867 1159 Reverendissimo
896 1097 1082 1150 Pareo
1101 1094 1380 1164 episcopo,
1407 1109 1504 1148 seu
1521 1093 1760 1146 PULCARI
1782 1107 1922 1162 pra:-

314 1186 564 1255 t‘ectorio,
599 1194 652 1241 et
681 1183 936 1242 omnibus
965 1181 1360 1247 sacerdotibus,
1395 1197 1458 1236 ac
1491 1179 1724 1244 clericis,
1757 1188 1920 1250 atque

311 1275 570 1332 universo
600 1272 802 1344 populo
832 1270 1172 1328 Amaltitanae
1201 1269 1454 1326 civitatis.

384 1363 554 1418 Multa
584 1360 742 1428 vobis
769 1360 912 1416 bona
943 1359 1125 1416 facere
1152 1357 1432 1429 alacrique
1464 1363 1645 1411 mente
1679 1355 1920 1410 tribuere

311 1466 462 1521 sape
489 1448 861 1521 promisimus,
895 1447 1242 1508 decertantes
1272 1453 1330 1500 ut
1361 1453 1576 1516 pactum
1601 1443 1744 1515 quod
1797 1458 1920 1498 cum

311 1538 482 1611 impia
510 1538 904 1594 Saracenorum
933 1543 1095 1610 gente
1122 1533 1354 1597 habetis,
1385 1531 1707 1588 omnimodi:
1761 1547 1915 1585 rum-

313 1625 536 1697 peretis,
569 1641 637 1682 ne
654 1642 721 1680 ex
743 1624 1016 1680 consortio
1046 1622 1226 1696 gentis
1247 1620 1502 1694 malignae
1535 1619 1782 1674 Ecclesia
1818 1618 1923 1674 Dei

1453 263 1806 320 EPISTULE
1845 261 1933 315 EI:
1974 261 2318 317 DECRETA.

1943 385 1996 444 Α
2020 385 2294 440 stolorum
2325 383 2628 455 principem
2660 388 3012 452 nostrumque
3029 379 3362 450 pontificium
3379 381 3622 450 veniens,

3507 261 3612 317 901

2033 472 2359 526 humilitatis
2403 471 2690 526 devotione
2729 469 2862 539 petit
2911 477 3175 540 quatenus
3221 466 3624 524 Lausanensem

2026 560 2354 626 Ecclesium,
2389 576 2548 631 quam
2573 559 2684 628 jam
2715 557 2843 612 olim
2875 558 3178 630 regendam
3211 564 3550 627 susceperat,
3570 556 3621 611 ei

2025 648 2286 720 deinceps
2317 647 2473 704 vobis
2504 647 2809 703 foventibus
2837 646 3045 702 habere
3073 646 3283 702 liceret.
3311 647 3423 699 Nos
3443 652 3624 700 autem

2025 737 2139 806 ejus
2167 737 2423 808 precibus
2453 737 2604 802 moti,
2630 736 2782 806 juxta
2814 735 2959 808 quod
2989 735 3229 790 omnium
3261 733 3628 790 Ecclesiarum

2023 825 2124 881 Dei
2153 841 2336 881 curam
2365 825 2634 882 habemus
2664 822 3035 890 commissam,
3071 833 3122 877 et
3155 823 3280 895 quia
3311 830 3498 878 nostra
3525 839 3624 878 ex-

2023 915 2329 969 hortatione
2361 913 2512 968 illum
2541 913 2695 968 vobis
2717 912 2931 968 ﬁdelem
2954 912 3007 965 in
3028 911 3297 981 omnibus,
3322 911 3628 983 proprium-

2024 1020 2148 1074 que,
2183 1003 2322 1058 sicut
2352 1002 2536 1058 caeteri
2567 1002 2726 1076 regni
2757 1001 2922 1056 vestri
2955 1000 3195 1072 epiSCOpi
3229 1000 3483 1068 existunt,
3503 1016 3628 1055 esse

2021 1091 2305 1161 cupientes
2336 1090 2681 1161 agnovimus,
2718 1090 2800 1144 his
2826 1089 3160 1160 apostolatus
3218 1087 3388 1144 nostri
3425 1088 3618 1146 litteris

2021 1179 2362 1236 excellentiae
2393 1186 2586 1233 vestrae
2613 1178 2966 1251 suggerimus
2996 1187 3052 1232 ut
3098 1193 3222 1233 eum
3281 1192 3382 1248 pro
3435 1192 3626 1234 amore

2020 1267 2123 1323 Dei
2152 1276 2204 1323 et
2239 1267 2413 1322 sancti
2445 1266 2585 1322 Petri
2607 1275 2658 1321 et
2687 1275 2895 1332 nostro,
2929 1274 2981 1319 et
3036 1265 3271 1336 benigne
3328 1252 3621 1336 recipiatis,

2019 1364 2074 1411 et
2097 1357 2208 1424 jam
2239 1355 2442 1412 dictum
2475 1355 2847 1426 episcopatum
2879 1355 3302 1422 Lausanensem,
3337 1353 3440 1408 sibi
3484 1353 3626 1410 divi-

2019 1444 2162 1498 nitus
2191 1459 2537 1510 concessum,
2571 1451 2867 1514 nostraque
2899 1441 3193 1512 apostolica
3228 1441 3390 1496 etiam
3431 1440 3634 1497 aucto-3

2020 1532 2175 1587 ritate
2217 1532 2590 1598 commissum,
2653 1531 2754 1584 sub
2812 1529 2962 1585 omni
3015 1529 3325 1602 integritate
3381 1529 3624 1600 recipere

2020 1621 2330 1692 habereque
2364 1619 2624 1674 securiter
2652 1618 2992 1690 permittatis,
3040 1635 3108 1674 ne
3154 1617 3387 1690 amplius
3434 1617 3628 1674 eadem

311 1731 412 1786 per
467 1729 564 1769 vos
621 1713 700 1768 sic
755 1711 1050 1768 crudeliter
1105 1709 1460 1780 atiligeretur,
1515 1716 1567 1763 et
1633 1707 1918 1762 animabus
1949 1708 2270 1794 BEcclesia
2299 1717 2486 1764 contra
2515 1715 2709 1762 statuta
2751 1708 2969 1761 Patrum
3000 1706 3115 1762 sine
3145 1706 3372 1778 proprio
3415 1713 3627 1762 restore

313 1803 510 1858 vestris
539 1817 648 1857 non
677 1800 853 1856 solum
881 1799 1181 1870 temporale
1213 1797 1409 1854 exinde
1443 1796 1770 1860 discrimen,
1821 1795 1918 1850 sed

317 1891 482 1946 etiam
525 1898 794 1948 aaternum
847 1887 1141 1960 acquiretis
1201 1884 1546 1956 supplicium.
1611 1885 1768 1939 Nunc
1825 1900 1927 1936 au-

317 1989 430 2035 tem
459 1993 577 2043 vos,
609 1976 770 2048 quasi
798 1975 939 2031 ﬁlios
967 1975 1196 2030 dilectos
1225 1989 1458 2044 corpore
1485 1980 1536 2026 et
1567 1971 1759 2042 spiritu
1809 1971 1924 2026 sal-

317 2083 450 2131 vare
497 2065 762 2128 volentes,
808 2063 891 2120 his
942 2063 1279 2134 apostolatus
1327 2061 1496 2116 nostri
1543 2059 1737 2115 litteris
1801 2075 1924 2114 mo—

317 2170 516 2222 nemus
546 2161 602 2212 et
629 2154 913 2211 hortamur
964 2150 1371 2205 unanimitatem
1414 2157 1652 2203 vestram
1701 2156 1776 2216 ut,
1831 2164 1922 2202 re-

317 2243 452 2299 licta
480 2257 626 2298 nunc
654 2240 870 2312 penitus
899 2239 1297 2296 Saracenorum
1327 2237 1602 2306 societate,
1638 2245 1922 2308 corrupto-

315 2347 428 2403 que
456 2329 661 2388 findere
691 2329 838 2401 quod
867 2344 991 2384 cum
1020 2328 1100 2382 eis
1129 2327 1197 2382 ad
1229 2326 1590 2397 perditionem
1620 2327 1922 2380 animarum

315 2427 622 2474 vestrarum
650 2427 702 2474 et
730 2426 888 2472 terra:
918 2415 1090 2470 sancti
1120 2417 1264 2472 Petri
1297 2413 1525 2480 habetis,
1559 2413 1722 2470 alacri
1743 2420 1922 2468 mente

317 2508 518 2578 pieque
547 2505 854 2569 devotione,
883 2504 994 2573 jam
1045 2504 1209 2560 modo
1263 2503 1334 2558 ad
1390 2502 1662 2574 gremium
1723 2509 1923 2557 sanctae

313 2595 602 2659 catholicae
657 2603 710 2649 et
764 2592 1080 2666 apostolicae
1133 2591 1400 2648 Ecclesia:
1454 2590 1642 2646 matris
1726 2597 1920 2645 vestrae

313 2682 680 2746 revertamini,
701 2689 756 2736 et
797 2681 866 2735 ad
911 2680 1228 2736 societatem
1247 2688 1300 2734 et
1351 2677 1802 2736 communionem
1816 2692 1919 2732 no-

315 2780 484 2826 stram
514 2770 692 2826 redire
726 2769 1009 2824 studentis.
1045 2769 1114 2822 Et
1152 2767 1404 2822 dabimus
1461 2766 1614 2822 vobis
1671 2781 1814 2820 nunc
1869 2772 1922 2820 et

313 2875 420 2930 per
451 2857 694 2929 singulos
741 2873 932 2922 annos,
979 2855 1120 2912 sicut
1165 2854 1304 2910 inter
1346 2871 1446 2910 nos
1495 2861 1750 2910 statutum
1797 2852 1916 2918 fuit,

315 2948 514 3002 decem
559 2945 730 3000 millia
787 2959 1170 3000 mancosorum
1229 2943 1479 3015 argenti;
1514 2951 1566 2998 et
1615 2942 1718 2998 isto
1773 2957 1918 3012 prae-

315 3034 464 3090 senti
487 3049 629 3088 anno
658 3034 850 3088 damus
881 3031 1038 3087 vobis
1065 3046 1164 3102 pro
1193 3030 1569 3086 benedictione
1590 3044 1756 3101 supra
1767 3028 1916 3084 mille

312 3137 629 3185 mancosos,
663 3128 718 3176 et
747 3120 1018 3176 teloneum
1047 3119 1190 3191 quod
1221 3119 1279 3172 in
1329 3127 1486 3190 portu
1539 3125 1723 3173 nostro
1779 3118 1910 3172 dare

313 3210 550 3274 debetis,
581 3209 736 3264 vobis
767 3207 1152 3264 concedimus.
1209 3206 1369 3276 Quod
1418 3207 1463 3261 si
1511 3205 1567 3260 in
1610 3205 1699 3259 tali
1745 3205 1912 3275 impio

315 3298 554 3364 scelere,
587 3297 804 3353 diabolo
832 3295 1115 3363 suadente,
1149 3295 1384 3365 amplius
1414 3309 1740 3365 permanere
1783 3309 1921 3363 prm—

316 3385 679 3456 sumpseritis,
715 3393 768 3440 et
796 3385 976 3456 ipsum
1005 3392 1223 3454 pactum
1252 3383 1322 3437 de
1351 3381 1609 3453 prmsenti
1641 3397 1750 3436 non
1794 3396 1917 3436 cor-

309 3474 590 3545 ruperitis,
624 3473 966 3544 praecipimus
1019 3473 1143 3527 huic
1192 3471 1449 3542 episcopo
1493 3478 1680 3525 nostro
1729 3468 1924 3525 Domi-

313 3561 444 3616 nico
473 3569 528 3615 ut
557 3561 672 3616 vice
701 3568 883 3616 nostra
933 3560 1081 3616 omni
1127 3557 1499 3614 ecclesiastica
1544 3573 1639 3612 vos
1682 3571 1924 3612 commu-

313 3649 482 3706 nione
509 3649 730 3719 privare
755 3656 1014 3720 procuret
1045 3666 1060 3714 ;
1092 3648 1322 3718 ipsoque
1369 3653 1698 3714 revertente,
1753 3661 1922 3716 syno-

315 3737 444 3794 dice
476 3752 576 3793 vos
602 3737 799 3792 iterum
826 3737 1076 3808 perpetui
1126 3734 1483 3790 anathematis
1525 3733 1753 3789 vinculis
1797 3732 1921 3787 alli-

313 3825 574 3897 gabimus
605 3842 618 3879 :
651 3833 704 3880 et
761 3825 1002 3880 omnium
1059 3831 1324 3878 terrarum
1375 3821 1575 3889 aditus,
1610 3820 1668 3875 in
1725 3820 1922 3892 quibus

309 3913 582 3985 negotiari
611 3912 752 3968 soliti
797 3913 949 3978 estis,
1002 3911 1156 3968 vobis
1205 3910 1426 3966 omnino
1476 3909 1817 3974 claudemus,
1865 3917 1921 3963 ut

316 4001 436 4057 illic
465 4001 612 4056 nulla
641 4001 864 4072 possitis
891 4015 1152 4068 exercere
1180 3999 1417 4071 negotia.
1452 3998 1591 4054 Sane
1625 3997 1671 4052 si
1701 3997 1770 4052 de
1799 3996 1920 4052 aliis

315 4088 633 4144 civitatibus
662 4088 918 4144 dubitatis
949 4089 1096 4160 quod
1125 4095 1341 4159 pactum
1370 4101 1480 4142 non
1509 4093 1781 4157 rumpant,
1807 4101 1921 4141 cre-

315 4176 502 4231 dimus
532 4177 659 4248 quia
688 4185 931 4232 nostram
962 4176 1162 4231 facient
1189 4175 1521 4231 voluntatem
1555 4192 1567 4228 :
1599 4189 1728 4228 nam
1757 4173 1920 4228 modo

314 4281 422 4336 per
451 4281 552 4320 vos
577 4265 810 4320 habeant
838 4265 1263 4321 excusationem.
1299 4265 1365 4318 Et
1394 4263 1440 4317 si
1468 4263 1649 4333 aliqua
1699 4262 1767 4317 de
1810 4261 1920 4315 illis

314 4352 480 4407 fuerit
510 4369 633 4424 quae
661 4353 802 4409 sicut
831 4369 930 4410 vos
976 4353 1162 4410 facere
1190 4351 1442 4424 voluerit,
1476 4367 1582 4404 una
1631 4349 1916 4404 vobiscum

315 4441 437 4509 ejus
488 4440 847 4511 perditionem
889 4440 1275 4496 ordinabimus.
1326 4440 1496 4494 Porro
1541 4437 1731 4492 scitote
1795 4435 1998 4508 quia!)

313 4530 560 4584 Leonem
586 4529 967 4601 presbyterum
997 4537 1235 4584 vestrum
1263 4543 1433 4598 penes
1461 4541 1560 4582 nos
1581 4524 1920 4581 retinuimus.

316 4618 466 4672 Data
495 4621 561 4672 ut
589 4634 783 4689 supra.

921 4731 1316 4788 CCLXXXIX.

951 4835 1200 4876 CRASSUI
1251 4833 1436 4874 REGE]!
1485 4831 1707 4872 ITALIB.

910 4910 1090 4979 (Anno
1117 4908 1268 4973 880.)

316 5003 500 5072 Ragat
533 5014 718 5070 regem
758 5001 823 5072 ut
853 4998 1253 5072 Hieronymum
1277 4995 1690 5072 episcopatum_
1715 4995 1926 5072 bituru-

392 5064 631 5126 {senserit
649 5068 881 5140 paci/tce
919 5064 1185 5140 reteﬁere
1209 5064 1518 5140 permitte,
1550 5068 1606 5118 et
1643 5064 1926 5140 (Iaboaem

392 5157 483 5196 res
513 5135 1111 5196 Ecclesim’Bisuntime
1130 5135 1349 5194 ablatas
1380 5135 1612 5190 reddere
1635 5135 1852 5205 jubeat.

391 5246 602 5300 Dilecto
629 5261 693 5300 ac
723 5244 946 5315 spiritali
976 5243 1087 5298 ﬁlio
1117 5245 1341 5300 Canem
1371 5241 1618 5314 glorioso
1679 5239 1816 5310 regi.

409 5331 836 5404 Magnitudinem
867 5340 1104 5388 vestram
1133 5331 1344 5404 ingenti
1371 5329 1528 5385 nobis
1557 5343 1740 5384 amore
1785 5326 1926 5382 dile-

535 4837 606 4876 ΑΒ
649 4835 904 4879 CABOLUI

315 5431 468 5477 ctam
492 5435 658 5476 nosse
687 5419 956 5484 volumus,
993 5420 1123 5491 quia
1153 5420 1514 5489 Hieronymus
1545 5424 1748 5472 sancta:
1787 5416 1928 5470 Lau-

318 5509 575 5565 sanensis
601 5507 864 5592 Ecclesia
895 5509 1207 5578 episcopus,
1241 5508 1384 5578 apud
1426 5508 1484 5562 Β.
1536 5506 1752 5560 Petrum
1797 5517 1927 5574 apo-

2027 1799 2308 1854 consistat.
2343 1798 2480 1850 Nam
2509 1795 2835 1870 regulariter
2867 1795 3016 1849 illum
3047 1795 3300 1862 electum,
3336 1813 3366 1851 e
3394 1795 3616 1866 proprio

2027 1885 2439 1956 archiepiscopo
2483 1900 2650 1938 causa
2696 1881 3024 1937 inﬁrmitatis
3067 1883 3348 1954 prazbenle
3399 1899 3632 1939 consen-

2027 1991 2166 2039 sum,
2201 1982 2251 2029 et
2281 1973 2568 2044 episcopos
2599 1979 3014 2027 consecratores
3055 1971 3198 2025 illius
3251 1971 3458 2040 litteris,
3493 1987 3631 2043 quas

2029 2063 2190 2117 nobis
2240 2061 2498 2129 ostendit,
2562 2068 2808 2133 rogante,
2869 2067 3245 2115 consecratum
3301 2058 3468 2114 fuisse
3518 2060 3630 2128 jam

2027 2151 2186 2206 dicta:
2216 2149 2480 2205 Ecclesiae
2500 2149 2840 2219 episcopum,
2865 2149 3236 2204 incunctanter
3255 2147 3624 2220 agnoscimus.

2027 2241 2091 2294 Et
2122 2239 2327 2294 idcirco
2359 2237 2611 2294 volumus
2641 2244 2693 2292 et
2725 2253 2984 2310 rogamus
3012 2245 3070 2291 ut
3111 2236 3319 2307 absque
3361 2235 3626 2307 temporis

2023 2327 2405 2398 protelatione,
2437 2325 2524 2380 vel
2553 2314 2734 2397 aliqua
2792 2325 3269 2392 contracdictione,
3333 2341 3509 2392 suum,
3570 2333 3629 2380 ut

2022 2415 2278 2480 diximus,
2315 2414 2690 2486 episcopatum
2720 2414 2936 2480 habeat,
2971 2422 3148 2469 teneat
3179 2422 3341 2485 atque
3371 2429 3494 2470 cum
3523 2413 3624 2468 Dei

2023 2503 2328 2559 reverentia
2355 2502 2630 2573 disponat,
2663 2503 2920 2573 quoniam
2952 2519 3053 2558 nos
3083 2502 3138 2555 in
3167 2502 3387 2557 alterius
3444 2501 3626 2557 nomi-

2022 2593 2106 2646 nis
2133 2592 2398 2648 electione
2429 2591 2517 2647 vel
2547 2591 2962 2647 consecratione
2990 2591 3098 2646 isto
3133 2590 3350 2646 vivente
3393 2606 3625 2648 consen-

2023 2681 2123 2736 tire
2153 2680 2301 2735 nullo
2330 2681 2494 2735 modo
2520 2679 2786 2750 patiemur
2813 2695 2879 2734 eo
2910 2679 3056 2750 quod
3088 2679 3372 2750 praecipua
3411 2687 3624 2734 sancto-

2021 2785 2141 2823 rum
2171 2769 2388 2823 Patrtun
2416 2768 2706 2824 auctoritas
2728 2768 2934 2836 jubeat,
2987 2767 3127 2822 duos
3185 2767 3346 2821 simul
3399 2766 3456 2820 in
3512 2781 3620 2822 una

2021 2857 2232 2912 civitate
2263 2872 2373 2911 non
2412 2857 2616 2911 debere
2673 2872 2797 2911 esse
2854 2855 3164 2926 episcopos.
3225 2853 3618 2924 Quamobrem,

2019 2944 2334 3001 charissima
2383 2943 2479 3015 fili,
2532 2946 2816 3000 hortamur
2858 2943 3211 3002 nihilominus
3259 2951 3312 2999 et
3358 2943 3614 2999 obsecra-

2019 3049 2141 3088 mus
2167 3033 2379 3105 regiam
2409 3033 2644 3107 gloriam
2673 3041 2930 3097 vestram,
2967 3040 3026 3086 ut
3054 3033 3170 3086 Deo
3199 3031 3490 3087 auxiliante
3505 3031 3626 3102 ipsa

2028 3121 2292 3189 Ecclesia,
2325 3121 2542 3193 proprio
2574 3137 2716 3178 nunc
2746 3129 2966 3192 recepto
2993 3129 3237 3191 pastore,
3288 3120 3389 3175 sub
3434 3127 3626 3176 vestrm

2030 3209 2334 3265 clementiae
2363 3209 2618 3264 tutamine
2650 3209 2879 3280 pacitica
2901 3210 3015 3278 jam
3045 3217 3097 3263 et
3125 3208 3308 3279 quieta
3345 3207 3622 3272 consistat,

2029 3305 2086 3351 ut
2115 3297 2231 3366 ejus
2262 3297 2516 3368 precibus
2547 3297 2736 3365 adjuti,
2769 3305 2892 3366 post
2919 3297 3023 3350 hoc
3071 3311 3304 3366 regnum
3353 3303 3626 3350 terrenum

2027 3383 2183 3439 vobis
2234 3399 2580 3449 concessum,
2635 3384 3030 3455 sempiternum
3078 3383 3365 3454 percipere
3410 3397 3626 3438 merea-

2025 3473 2175 3526 mini.
2211 3474 2483 3528 Praeterea
2511 3481 2562 3528 et
2591 3472 2960 3528 Theodoricus
3027 3479 3230 3527 sanctae
3277 3470 3626 3543 Chrysopoli-

2026 3570 2163 3616 tana':
2191 3561 2337 3616 sedis
2367 3561 2810 3631 archiepiscopus
2840 3560 3036 3615 multas
3065 3559 3264 3614 nostris
3309 3559 3624 3631 apostolicis

2025 3650 2244 3704 auribus
2283 3665 2446 3720 super
2485 3649 2772 3705 Hubonem
2820 3648 3038 3704 fidelem
3085 3657 3322 3703 vestrum
3367 3647 3620 3720 querelas

2023 3738 2238 3805 direxit,
2273 3753 2339 3794 eo
2368 3739 2518 3810 quod
2550 3755 2642 3792 res
2693 3737 2958 3794 Ecclesia:
3000 3737 3145 3792 illius
3187 3736 3466 3792 invaserit.
3518 3737 3622 3792 Pre

2022 3842 2128 3898 quo
2172 3827 2330 3882 etiam
2372 3833 2658 3897 precamur
2697 3834 2755 3880 ut
2801 3826 3023 3881 easdem
3069 3841 3162 3880 res
3221 3824 3622 3882 ecclesiasticas

2017 3914 2130 3982 jam
2163 3915 2306 3971 dicto
2335 3915 2746 3986 archiepiscopo
2777 3915 2876 3969 sub
2905 3914 3215 3988 integritate
3261 3913 3490 3969 reddere
3538 3912 3620 3968 fa-

2021 4003 2178 4058 ciatis
2207 4019 2308 4074 pro
2339 4019 2525 4058 amore
2557 4001 2654 4058 Dei
2688 4011 2740 4058 et
2771 4010 2978 4071 nostro,
3011 4011 3065 4058 et
3095 4001 3239 4056 nulla
3268 4001 3528 4074 deinceps
3573 4002 3625 4058 ei

2020 4091 2342 4161 permittatis
2373 4093 2607 4147 adversa
2639 4091 2726 4146 vel
2757 4090 3032 4147 contraria
3081 4089 3302 4146 inferre.
3351 4091 3488 4145 Data
3534 4087 3625 4146 die

2020 4184 2088 4236 2-0
2119 4180 2323 4236 mensis
2347 4180 2514 4245 Junii,
2546 4179 2840 4236 indictione
2889 4194 3016 4235 xm.

2717 4321 2920 4374 CCXC.

2181 4439 2252 4478 an
2281 4425 2660 4480 LIUTWARDUM
2693 4439 3000 4479 EPISCOPUM
3033 4438 3488 4483 \‘ERCBLLBNSEI.
3514 4471 3524 4478 .

2645 4515 2824 4582 (Anno
2853 4515 3003 4581 880.)

2028 4621 2093 4675 Ut
2133 4621 2452 4691 Hieronymi
2489 4621 2727 4692 episcopi
2767 4619 3148 4674 Lautanensis
3185 4634 3418 4674 causam
3472 4618 3624 4690 apud

2415 4691 2677 4748 Curatum
2706 4705 2890 4761 regem
2929 4692 3225 4760 'procuret.

2097 4791 2571 4848 Reverendissimo
2601 4799 2653 4847 et
2709 4789 3050 4846 sanctissimo
3108 4791 3444 4844 LIUTWABDO
3501 4787 3621 4860 epi-

2027 4895 2196 4951 scopo
2228 4888 2425 4936 sancta:
2453 4880 2716 4937 Ecclesia:
2748 4878 3130 4934 Vercellensis.

2103 4969 2390 5026 Dilectioni
2417 4976 2614 5024 vestrae
2641 4966 2892 5024 familiari
2940 4966 3176 5038 quodam
3215 4967 3378 5022 modo
3424 4967 3622 5039 pioque

2027 5058 2240 5124 affectu,
2273 5057 2438 5112 veluti
2468 5055 2787 5112 fidelissimo
2817 5054 2996 5124 nobis,
3027 5054 3350 5121 mandantes
3377 5053 3624 5110 commit-

2029 5147 2190 5202 timus
2221 5154 2278 5201 ιιι
2307 5144 2633 5215 recipientes
2662 5145 2805 5198 hanc
2835 5143 3004 5198 nostri
3029 5143 3366 5214 apostolatus
3413 5142 3621 5214 episto-

2029 5235 2158 5298 lam,
2192 5233 2464 5305 legatione
2495 5241 2684 5287 nostra
2713 5231 2914 5287 dilecto
2943 5247 3008 5287 ac
3039 5231 3263 5302 spiritali
3292 5229 3404 5286 filio
3433 5238 3621 5287 nostro

2029 5323 2222 5379 Carolo
2268 5319 2722 5377 excellentissimo
2752 5320 2891 5393 regi,
2931 5335 3032 5390 pro
3078 5320 3408 5392 Hieronymo
3471 5319 3620 5375 vide-

2027 5413 2154 5468 licet
2180 5409 2514 5466 Lausanensi
2535 5409 2794 5480 episcopo
2815 5409 3024 5464 directa
3045 5409 3343 5481 fungamini
3371 5426 3383 5462 :
3413 5418 3595 5464 vestro

2027 5515 2133 5570 que
2162 5498 2370 5570 ingenti
2397 5498 2710 5562 certamine,
2755 5497 3117 5567 prudentique
3155 5496 3402 5564 consilio,
3451 5496 3620 5569 ipsius
