4028 6180
535 249 639 303 903

1950 245 2248 302 .IOANNIS
2294 213 2486 301 raris
2547 249 2681 302 Vlll.
3711 260 3790 312 θοι

529 390 678 462 regis
708 389 1139 462 magnitudinem
1166 389 1458 444 admonere
1487 398 1650 459 atque
1694 388 1967 442 exhortari
2015 369 2208 443 ma-A
2239 384 2444 458 ingenti
2494 403 2623 443 cura
2661 396 2716 442 et
2771 388 3135 444 sollicitudine
3187 405 3348 460 quam
3401 390 3544 446 circa
3594 402 3793 449 sanctam

531 494 778 551 gnopere
808 478 1088 543 studentis,
1123 485 1387 549 quatenus
1427 477 1679 532 eumdem
1729 477 2134 532 Lausanensem

532 565 926 637 episcOpatum,
960 566 1035 620 illi
1061 565 1174 634 jam
1205 565 1332 620 olim
1355 565 1612 620 divinitus
1645 580 1988 629 concessum,
2034 580 2136 636 pro

535 669 719 709 amore
751 655 850 710 Dei
880 661 932 708 et
969 661 1154 709 nostro
1184 654 1252 708 de
1301 653 1555 724 praesenti
1599 653 1832 708 reddere
1881 664 1932 708 et
1972 669 2135 709 secu-

535 743 672 798 riter
699 742 854 814 quasi
885 757 986 797 suo
1015 741 1162 796 fideli
1191 742 1398 797 habere
1427 741 1722 812 permittat.
1754 743 1894 797 Nam
1939 758 2005 797 eo
2051 741 2136 796 vi-

533 839 692 886 vente
721 830 776 884 in
807 830 1034 885 alterius
1065 830 1332 886 electione
1363 829 1448 885 vel
1493 829 1789 900 episcopali
1836 845 2137 886 consecra-

533 918 678 974 tione
708 933 995 973 assensum
1027 919 1172 974 nullo
1205 919 1368 973 modo
1398 918 1784 988 praebebimus,
1810 917 1936 990 quin
1959 918 2138 988 potius

531 1005 831 1076 apostolica
861 1007 964 1062 hoc
994 1004 1110 1062 fieri
1142 999 1457 1062 auctoritate
1487 1006 1663 1062 modis
1693 1005 1946 1061 omnibus
1991 1005 2137 1060 inhi-

536 1094 803 1158 bebimus,
838 1111 906 1150 ne
937 1103 1128 1150 contra
1158 1103 1352 1150 statuta
1383 1096 1596 1150 Patrum
1645 1095 1754 1150 duo
1802 1095 1857 1149 in
1901 1111 2006 1150 una
2053 1094 2137 1148 vi-

537 1181 773 1237 deantur
822 1183 1040 1238 civitate
1091 1199 1214 1238 esse
1272 1183 1534 1254 episcOpi.
1587 1183 1934 1254 Quapropter
1980 1182 2140 1238 nobis

529 1270 679 1338 justa
706 1270 1087 1325 mandantibus
1117 1269 1264 1326 omni
1323 1270 1518 1325 annisu
1548 1279 1598 1326 et
1630 1271 1901 1325 voluntate
1953 1269 2140 1324 favere

533 1359 682 1414 nullo
729 1360 893 1414 modo
943 1359 1386 1430 praetermittatis,
1429 1376 1539 1429 quo
1594 1359 1772 1414 minus
1821 1367 2022 1414 nostra:
2052 1375 2146 1414 vo-

538 1447 760 1503 luntatis
809 1447 1009 1520 legatio
1059 1448 1206 1518 apud
1258 1447 1665 1502 serenissimum
1714 1463 1904 1520 regem
1953 1446 2140 1502 salutis

534 1544 588 1590 et
618 1535 772 1606 pacis
815 1535 1199 1591 ecclesiasticae
1245 1552 1343 1606 per
1390 1544 1626 1591 vestrum
1677 1543 1951 1592 certamen
2002 1535 2140 1592 eﬁ‘e-

536 1631 684 1679 ctum
714 1623 971 1688 obtineat,
1005 1631 1271 1696 quatenus
1300 1624 1488 1678 eadem
1536 1624 1786 1680 Ecclesia
1837 1625 1956 1690 Dei,
2008 1641 2138 1696 pro-

2234 474 2539 530 Romanam
2569 475 2874 531 Ecclesiam
2917 485 3149 532 matrem
3191 486 3427 532 vestram
3467 477 3678 543 habetis,
3711 491 3776 535 at-

2234 579 2342 634 que
2373 579 2476 634 pro
2508 571 2704 620 vestrae
2734 565 3040 620 devotionis
3072 565 3384 620 sinceritate
3417 581 3522 636 qua
3557 582 3646 622 nos
3670 585 3788 638 pure

2237 650 2434 705 mentis
2465 649 2660 707 affectu
2689 669 2844 708 more
2873 661 3156 723 parentum
3185 661 3495 708 vestrorum
3522 653 3719 727 diligitis
3751 667 3789 711 et

2236 738 2293 792 in
2322 739 2572 794 omnibus
2601 740 2861 810 adjuvare
2911 741 3164 796 alacriter
3209 741 3427 812 cupitis.
3468 743 3535 796 Et
3570 743 3676 814 quia
3713 761 3787 814 pro

2237 827 2561 883 exaltatione
2597 836 2762 899 atque
2805 828 3030 883 utilitate
3071 829 3220 884 sedis
3267 829 3590 900 apostolica,
3636 832 3787 887 totius-

2238 931 2344 987 que
2399 923 2563 970 terrae
2619 917 2790 972 sancti
2847 917 2990 972 Petri
3055 916 3395 982 defensione,
3438 933 3536 974 vos
3592 929 3792 990 prompta

2236 1012 2418 1058 mente
2447 1003 2719 1060 desudare
2750 1004 2893 1060 velle
2923 1005 3330 1078 cognoscimus,
3378 1006 3434 1060 in
3481 1021 3585 1076 quo
3636 1008 3796 1064 scilicet

2238 1091 2402 1147 vestri
2459 1091 2718 1147 desiderii
2772 1091 2972 1148 aﬂ‘ectu
3014 1093 3262 1164 piissimo
3300 1102 3353 1148 et
3408 1093 3638 1148 divinam
3685 1096 3792 1152 circa

2239 1181 2452 1252 regiam
2477 1181 2717 1252 gloriam
2749 1188 2986 1236 vestram
3015 1181 3285 1235 habebitis
3312 1181 3624 1249 adjutricem
3640 1191 3686 1237 et
3703 1184 3791 1252 pla-

2240 1269 2471 1324 cabilem
2501 1269 2857 1337 majestatem,
2889 1278 2940 1324 et
2988 1268 3211 1339 dignam
3261 1284 3367 1324 non
3416 1268 3590 1324 solum
3631 1271 3678 1323 in
3716 1271 3794 1326 hoc

2241 1357 2462 1422 smculo,
2505 1357 2603 1411 sed
2631 1355 2795 1410 etiam
2844 1355 2898 1410 in
2943 1356 3156 1412 ccelesti
3211 1357 3559 1427 postmodum
3613 1357 3796 1430 regione

2241 1445 2651 1500 retributionem
2702 1444 2894 1514 procul
2943 1444 3109 1499 dubio
3155 1444 3446 1515 recipietis.
3503 1445 3650 1512 Quod
3695 1461 3798 1501 vero

2239 1533 2558 1598 mandastis,
2592 1542 2648 1586 ut
2676 1531 3024 1588 marchiones
3052 1533 3222 1588 vestri
3249 1532 3338 1604 qui
3384 1533 3536 1588 circa
3579 1549 3672 1588 nos
3708 1533 3795 1588 exi-

2241 1629 2407 1687 stunt,
2438 1621 2506 1676 ad
2534 1619 2908 1676 defensionem
2939 1620 3309 1675 necessariam
3333 1621 3690 1693 peragendam
3716 1637 3796 1676 no-

535 1711 658 1783 prio
701 1720 922 1782 recepto
968 1719 1208 1782 pastore,
1261 1711 1409 1766 salva
1455 1711 1511 1766 in
1556 1712 1808 1768 omnibus
1858 1721 1912 1767 et
1959 1713 2138 1784 quieta
2168 1709 2450 1776 Bbiscum
2507 1709 2714 1779 pariter
2748 1708 3028 1763 decertare
3092 1707 3432 1772 debuissent,
3503 1709 3602 1764 hoc
3654 1717 3798 1764 autem

535 1799 815 1854 consistat.
850 1801 981 1854 Data
1011 1800 1102 1854 die
1133 1804 1202 1857 20
1239 1799 1444 1855 mensis
1474 1800 1637 1866 Junii,
1673 1801 1966 1856 indictione
2015 1817 2140 1857 xm.

582 2036 652 2074 ΑΙ)
683 2037 1079 2077 TIIEODORICUI
1109 2036 1586 2078 ARCHIEPISCOPUM
1635 2040 2100 2081 BISUNTINENSEI.

1171 2113 1350 2180 (Anno
1381 2115 1529 2181 880.)

539 2199 834 2270 Signiﬁcat
863 2215 920 2255 se
951 2201 1017 2256 de
1047 2201 1226 2271 ipsius
1256 2217 1430 2256 causa
1453 2202 1645 2257 Carolo
1661 2203 1779 2274 regi
1797 2204 2088 2274 scripsisse
2121 2223 2139 2269 ;

611 2304 677 2342 ac
708 2287 775 2342 de
803 2289 1138 2360 Hieronymo
1176 2291 1428 2361 episcopo
1450 2290 1819 2346 Laudunensi
1853 2291 2136 2356 hortatur,

621 2380 684 2430 ut
713 2377 984 2448 adjuvare
1015 2378 1184 2432 illum
1217 2377 1464 2432 studeat.

610 2464 1088 2519 Reverendissimo
1120 2472 1172 2519 et
1203 2465 1545 2520 sanctissimo
1575 2467 1937 2522 THEODORICO
1961 2468 2138 2523 archi-

541 2552 800 2623 episcopo
837 2560 1035 2608 sanctaa
1066 2552 1529 2624 ChrySOpolitanae
1570 2554 1852 2611 Ecclesiae.

608 2641 714 2696 Pro
744 2649 821 2696 tot
850 2649 904 2696 et
931 2641 1094 2696 tantis
1122 2641 1621 2712 perturbationibus
1659 2652 1712 2697 et
1742 2643 2140 2699 calamitatibus

533 2745 672 2801 quas
703 2729 774 2784 ab
807 2729 1005 2801 iniquis
1034 2737 1088 2784 et
1117 2731 1293 2785 Deum
1318 2746 1428 2786 non
1459 2729 1774 2785 timentibus
1802 2731 1934 2785 viris
1954 2732 2140 2787 Eccle-

538 2818 674 2872 siam
721 2817 815 2871 tibi
861 2817 1208 2873 commissam
1259 2819 1498 2890 quotidie
1545 2819 1653 2889 pati
1704 2819 1901 2874 vestris
1948 2820 2138 2875 litteris

537 2905 900 2961 referentibus
930 2906 1300 2978 agnoscimus,
1351 2907 1644 2976 plurimum
1685 2908 2040 2963 condolemus
2085 2916 2139 2964 et

537 3009 838 3065 congruum
885 2994 1153 3064 cupimus,
1213 2995 1329 3048 Deo
1376 2993 1606 3062 favente,
1677 2995 1832 3050 vobis
1895 2997 2136 3067 praebere

540 3081 808 3146 solatium,
860 3090 1127 3154 quatenus
1193 3083 1340 3137 sedis
1379 3090 1573 3138 vestra:
1635 3083 1880 3155 vigorem
1954 3085 2135 3156 pristi-
2164 3072 2216 3135 Ο

538 3185 668 3225 num
721 3169 1042 3225 indiminuto
1099 3170 1220 3238 jure
1304 3169 1534 3225 feliciter
1605 3171 1914 3226 obtineatis.
2001 3174 2138 3227 Nam

539 3257 741 3314 dilecto
799 3273 864 3314 ac
918 3258 1154 3328 spiritali
1211 3258 1323 3312 tilio
1379 3267 1567 3314 nostro
1625 3259 1821 3314 Carolo
1895 3260 2138 3334 glorioso

538 3347 654 3418 regi
720 3361 818 3417 pro
885 3355 989 3401 tuae
1054 3362 1218 3402 causa
1313 3347 1554 3401 utilitatis
1647 3364 1852 3420 proque
1943 3358 2140 3404 vestrae

537 3435 714 3506 plebis
745 3435 920 3490 salute
963 3435 1388 3508 suggessimus;
1433 3444 1488 3489 ut
1530 3451 1630 3506 pro
1687 3451 1875 3491 amore
1933 3437 2030 3492 Dei
2086 3447 2138 3492 et

537 3531 746 3589 nostro,
779 3538 877 3578 suo
909 3538 1004 3578 vos
1064 3522 1263 3578 auxilio
1311 3539 1375 3578 ac
1423 3522 1739 3579 defensione
1785 3524 1839 3578 in
1884 3525 2139 3579 omnibus

536 3619 766 3677 tueatur,
801 3620 853 3667 et
885 3613 952 3667 de
981 3611 1065 3666 his
1095 3611 1186 3682 qui
1217 3629 1306 3667 res
1336 3612 1601 3668 Ecclesiae
1631 3620 1827 3668 vestra:
1876 3613 2136 3669 invadere

537 3709 1024 3772 praesumpserunt,
1067 3699 1328 3769 justitiam
1375 3699 1553 3755 facere
1591 3699 1867 3772 dignetur,
1937 3718 2138 3774 resque

537 3789 687 3860 ipsas
719 3789 818 3842 sub
849 3787 1158 3860 integritate
1189 3789 1343 3842 vobis
1374 3787 1585 3842 restitui
1627 3788 1834 3856 jebeat.
1893 3791 2000 3844 Vos
2049 3799 2135 3844 ta-

536 3893 684 3944 men,
716 3891 867 3930 more
893 3875 1021 3930 boni
1051 3874 1300 3945 pastoris,
1335 3875 1470 3930 sicut
1496 3875 1551 3928 in
1575 3876 1853 3946 prosperis
1882 3877 2132 3942 humiles,

537 3965 613 4018 ita
643 3979 859 4034 quoque
891 3963 945 4016 in
973 3961 1220 4017 adversis
1270 3962 1439 4017 fortes
1482 3963 1715 4028 existite,
1769 3973 1821 4018 ut
1873 3965 2134 4035 populum

538 4051 758 4106 Domini
787 4051 882 4105 tibi
924 4049 1274 4106 commissum
1317 4067 1418 4121 pro
1441 4038 1739 4105 malorum.
1768 4052 2132 4118 infestatione,

537 4155 699 4211 quam
755 4138 1017 4209 patimini,
1068 4147 1284 4193 strenue
1331 4155 1518 4210 regere
1557 4156 1664 4194 non
1710 4141 1986 4196 omittatis.
2030 4143 2134 4197 Pro

539 4227 660 4298 ipso
690 4227 850 4283 etiam
880 4227 1214 4298 Hieronymo
1244 4227 1502 4298 episcOpo
1547 4227 1724 4282 eidem
1771 4229 1891 4302 regi
1936 4230 2135 4285 direxi-

532 4332 657 4372 mus
721 4325 778 4371 ut
845 4317 1251 4372 Lausanensem
1307 4317 1682 4388 episcopatum
1737 4317 1814 4372 illi
1877 4317 2134 4373 divinitus

536 4420 881 4471 concessum,
915 4414 967 4460 et
1011 4413 1202 4460 nostra
1250 4406 1554 4475 apostolica
1597 4406 1917 4461 auctoritate
1959 4407 2132 4480 largi-
2161 4417 2216 4481 D

534 4501 668 4556 tum,
703 4493 969 4548 securiter
1015 4493 1211 4548 amodo
1258 4494 1494 4548 retinere
1539 4494 1834 4564 permittat.
1887 4495 1953 4548 Et
2019 4495 2143 4550 ideo

534 4590 716 4637 vestra
745 4581 1052 4638 fraternitas
1082 4597 1206 4636 eum
1235 4581 1290 4634 in
1341 4582 1444 4637 hoc
1491 4582 1749 4649 adjuvare
1792 4599 1889 4653 pro
1938 4582 2142 4637 viribus

536 4685 649 4726 non
675 4670 1070 4741 praetermittat.
1105 4671 1238 4724 Data
1282 4669 1370 4724 die
1419 4673 1488 4724 20
1529 4671 1734 4724 mensis
1773 4670 1939 4734 Junii,
1996 4671 2140 4725 indi-

543 4759 723 4816 ctione
754 4773 876 4814 xui.

1232 4868 1487 4922 CCXCII.

1035 4969 1106 5014 ΑΙ)
1145 4971 1400 5011 (ιλιιοιυιι
1440 4971 1648 5011 REGBM.

1171 5049 1352 5113 (Anno
1382 5048 1528 5115 880).

544 5133 908 5190 Commendat
936 5137 1057 5201 ejus
1095 5150 1221 5204 erga
1257 5137 1562 5189 Romanam
1589 5135 1904 5189 Ecclesiam
1951 5135 2137 5189 obser-

607 5205 866 5259 vantiam
897 5207 1096 5275 ;rogat
1129 5209 1192 5258 ut
1227 5205 1476 5275 legatum
1505 5205 1610 5259 sibi
1661 5205 1886 5260 auxilio
1918 5206 2136 5258 mittat.

608 5308 816 5363 Dilecto
849 5325 910 5364 ac
939 5307 1162 5379 Spiritali
1195 5307 1302 5364 tilio
1333 5309 1557 5363 Csnom
1590 5309 1830 5382 glorioso
1864 5309 2000 5382 regi.

608 5396 926 5466 Multiplices
958 5397 1126 5468 regize
1157 5397 1515 5469 magnitudini
1567 5407 1758 5453 vestrae
1807 5399 1890 5452 his
1935 5398 2138 5452 nostris

542 5483 854 5552 apostolicis
889 5485 1076 5539 litteris
1109 5485 1312 5554 gratias
1344 5485 1559 5554 agimus
1619 5502 1715 5554 pro
1775 5495 1950 5540 vestra
2033 5495 2136 5539 tam

2241 1797 2359 1852 sine
2411 1805 2606 1852 vestrm
2653 1796 2954 1865 majestatis
2997 1795 3304 1866 praesentia,
3356 1797 3444 1850 vel
3487 1797 3602 1851 sine
3653 1796 3797 1852 idonei

2240 1885 2515 1956 optimatis
2544 1885 2730 1943 vestri.
2762 1883 2911 1939 nullo
2940 1884 3106 1939 modo
3162 1884 3300 1940 sicut
3344 1892 3561 1954 Oportet
3605 1885 3800 1955 proderit

2239 1973 2417 2041 nobis,
2451 1989 2518 2028 eo
2549 1973 2697 2044 quod
2727 1973 2832 2044 ipsi
2860 1973 3203 2028 marchiones
3231 1972 3486 2027 homines
3515 1973 3580 2028 de
3607 1973 3799 2027 civitati-

2240 2061 2342 2115 bus
2373 2069 2425 2116 et
2456 2061 2691 2132 propriis
2720 2059 2917 2114 ﬁnibus
2977 2060 3194 2128 nostris,
3255 2075 3379 2115 cum
3439 2060 3630 2130 quibus
3679 2059 3800 2114 terri-

2239 2149 2438 2205 torium
2486 2149 2656 2204 sancti
2701 2148 2846 2203 Petri
2888 2157 3200 2218 poteramus
3249 2147 3381 2202 satis
3430 2147 3725 2214 defendere,
3761 2148 3802 2201 in

2240 2253 2340 2292 suo
2385 2236 2606 2292 assiduo
2657 2235 2876 2290 servitio
2923 2236 3142 2302 habent,
3194 2243 3248 2290 et
3296 2235 3592 2290 nonnullos
3645 2250 3795 2290 eorum

2238 2325 2480 2396 potentia
2508 2341 2604 2378 sua
2633 2323 2950 2389 defendunt,
2985 2331 3038 2378 et
3065 2323 3140 2377 ita
3171 2322 3496 2393 impediunt,
3519 2331 3575 2377 ut
3602 2331 3802 2378 nostrum

2238 2413 2516 2468 servitium
2556 2413 2852 2468 secundum
2919 2410 3251 2466 voluntatem
3317 2421 3563 2466 nostram
3623 2411 3800 2464 minime

2241 2500 2510 2572 perﬁcere
2540 2500 2774 2556 valeant.
2809 2501 2965 2555 Unde
2992 2515 3277 2570 precamur
3323 2499 3692 2554 excellentiam
3734 2513 3805 2552 ve-

2241 2598 2408 2644 stram
2441 2597 2497 2644 ut
2525 2604 2627 2660 pro
2674 2603 2863 2644 amore
2910 2587 3009 2643 Dei
3064 2595 3116 2642 et
3163 2587 3432 2658 principis
3477 2587 3804 2658 apostolorum

2238 2679 2466 2744 honore,
2503 2676 2668 2732 talem
2697 2676 2857 2730 nobis
2891 2675 2961 2730 de
2989 2675 3246 2746 praesenti
3291 2676 3525 2730 missum
3578 2673 3800 2745 dirigatis,

2239 2782 2363 2822 Cum
2393 2781 2500 2837 quo
2530 2781 2628 2836 per
2655 2772 2851 2818 vestra:
2879 2763 3213 2818 auctoritatis
3241 2763 3565 2832 potentiam,
3610 2777 3670 2816 ea
3705 2776 3799 2832 qua

2240 2861 2439 2908 sanctae
2473 2854 2568 2907 Dei
2599 2852 2862 2908 Ecclesia:
2892 2857 2944 2906 et
2975 2851 3132 2906 nobis
3152 2851 3450 2922 pertinent,
3471 2852 3800 2906 incunctanter

2238 2941 2516 2996 valeamus
2543 2941 2831 3011 perficere,
2863 2947 3132 3010 quatenus
3174 2939 3398 2994 eosdem
3449 2939 3687 2992 homines
3721 2951 3801 2990 no-

2237 3038 2400 3095 stros,
2433 3028 2522 3100 qui
2553 3028 2710 3084 nobis
2739 3028 2932 3082 sublati
2961 3035 3102 3095 sunt,
3137 3026 3470 3082 omnimodis
3499 3026 3801 3096 recipiamus,

2240 3126 2294 3172 ut
2342 3117 2520 3172 omnis
2551 3117 2726 3171 honor
2757 3124 2809 3170 ct
2838 3115 2993 3186 vigor
3041 3123 3243 3169 sancta?
3272 3115 3536 3168 Romanae
3589 3111 3808 3167 Ecclesia:

2237 3205 2434 3260 vestris
2464 3205 2654 3259 diebus
2685 3204 2738 3258 in
2767 3203 3020 3259 omnibus
3049 3203 3262 3272 integer
3307 3211 3606 3262 accrescat,
3656 3209 3702 3254 et
3742 3199 3802 3252 in-

2236 3294 2535 3368 diminulus
2578 3301 2928 3364 permaneat,
2989 3291 3240 3362 quoniam
3299 3290 3477 3360 ipsius
3555 3291 3712 3345 honor
3770 3296 3808 3340 et

2237 3382 2512 3448 exaltatio,
2573 3389 2756 3436 vestra
2814 3381 2904 3436 hic
2942 3388 2995 3434 et
3031 3379 3084 3433 in
3124 3387 3388 3433 aeternum
3448 3387 3534 3433 est
3591 3378 3722 3432 salus
3768 3383 3806 3427 et

2238 3470 2433 3543 gloria.
2467 3471 2604 3524 Nam
2636 3479 2688 3524 et
2717 3485 2816 3524 nos
2848 3483 2912 3523 ea
2943 3483 3064 3539 quae
3107 3475 3299 3522 vestra:
3351 3467 3556 3539 gloriae
3604 3463 3810 3535 proﬁcua

2238 3566 2380 3626 sunt,
2437 3557 2793 3613 libentissime
2847 3555 3114 3626 perﬁcere
3170 3554 3440 3625 cupimus,
3522 3563 3575 3608 et
3645 3549 3808 3607 nostris

2237 3646 2474 3702 assiduis
2502 3645 2754 3717 precibus
2779 3660 2879 3699 vos
2908 3643 3140 3698 Domino
3171 3643 3587 3706 commendare,
3628 3647 3810 3711 aposto-

2237 3736 2412 3790 lorum
2461 3733 2888 3807 suﬁ‘ragantibus
2943 3730 3172 3794 meritis,
3233 3746 3457 3800 semper
3517 3729 3801 3802 satagimus.

2236 3824 2364 3878 Haec
2398 3823 2580 3894 itaque
2599 3837 2698 3893 pro
2726 3821 2952 3876 utilitate
2981 3827 3182 3875 sanctae
3211 3818 3483 3874 Ecclesiae
3530 3817 3686 3874 modo
3720 3813 3810 3870 ﬁeri

2234 3912 2490 3982 petimus,
2525 3918 2580 3964 ut
2610 3925 2737 3965 cum
2767 3917 3005 3964 vestrum
3035 3906 3334 3980 gloriosum
3388 3906 3702 3968 adventum,
3747 3902 3810 3955 fa-

2234 4007 2392 4054 vente
2425 3997 2677 4062 Domino,
2709 3995 3176 4067 conspexerimus,
3211 4001 3403 4064 optata
3438 4003 3494 4049 et
3525 3992 3720 4065 ingenii
3742 4004 3812 4060 pa-

2235 4087 2367 4142 riter
2394 4086 2580 4142 laetitia
2611 4085 2854 4140 exultare
2913 4083 3207 4138 valeamus.
3258 4082 3398 4136 Data
3452 4083 3546 4136 die
3591 4085 3654 4135 23
3694 4094 3810 4132 men-

2233 4175 2310 4229 sis
2337 4174 2497 4239 Junii,
2532 4173 2824 4230 indictione
2887 4187 3006 4227 xm.

2921 4260 3201 4315 CCXCﬂl.

2595 4347 2666 4386 AD
2697 4345 3169 4387 εινιςΝτορυιειιυιι
3215 4345 3491 4386 COIITEH.

2879 4422 3059 4489 (Anno
3078 4420 3229 4486 880.)

2249 4511 2481 4566 Gratata
2491 4514 2584 4565 tur
2605 4509 2672 4564 de
2693 4510 2815 4579 ejus
2832 4511 2888 4562 et
2905 4507 3256 4579 subditorum
3295 4507 3462 4579 illius
3497 4502 3811 4579 observantia

2313 4597 2443 4652 erga
2481 4579 2668 4635 sedem
2703 4571 3089 4652 apostolicam,
3139 4577 3341 4652 recipit
3399 4593 3498 4652 eos
3566 4577 3626 4630 in
3680 4571 3812 4652 ﬁdem

2312 4642 2476 4708 suam
2489 4670 2507 4706 :
2529 4642 2777 4722 ostendit
2801 4649 3139 4722 Methodium
3157 4642 3650 4722 archiepiscopum
3667 4642 3810 4722 arma

2311 4723 2521 4778 doxam
2540 4721 2708 4792 ﬁdem
2723 4721 2903 4790 fuisse
2922 4721 3278 4792 professum;
3303 4717 3476 4787 cujus
3490 4717 3628 4792 jura
3651 4717 3810 4792 etpri-

2312 4795 2515 4862 vilegia
2535 4785 2860 4864 conﬁrmat,
2885 4785 3123 4864 eumque
3141 4788 3213 4842 ad
3233 4804 3322 4842 eos
3339 4785 3624 4864 regendos
3644 4785 3809 4864 mittit.

2312 4861 2592 4930 Nitrensis
2617 4862 2880 4916 Ecclesia:
2899 4861 3222 4930 episcOpum
3249 4862 3651 4930 consecratum
3667 4861 3812 4930 signi—

2311 4923 2466 5002 ﬂeat,
2487 4937 2544 4988 et
2562 4933 2744 4986 alium
2766 4930 2838 4986 ad
2853 4947 2913 4986 se
2931 4922 3055 4984 uult
3077 4922 3254 5002 mitti,
3311 4943 3484 5002 quem
3523 4927 3628 5002 alii
3671 4922 3808 5002 eccle-

2312 4994 2410 5060 sia:
2429 4994 2740 5076 praeﬁciat:
2753 5001 3116 5076 iubetomncs
3128 4999 3244 5076 ῃ)ξὶ
3277 4994 3697 5076 archiepiswpo
3714 4994 3811 5047 obe-

2312 5022 2410 5060 sue
2429 5018 2705 5076 prie/ictas
2723 5018 2905 5068 quoet
2924 5018 3151 5055 omnes:
3195 5018 3244 5053 si
3277 5018 3697 5076 arcnzepiscapq
3714 5018 3811 5047 υσε-

2311 5076 2474 5140 dire;
2497 5073 2751 5129 concedit
2772 5076 2838 5127 ut
2857 5071 3050 5127 divina
3079 5018 3629 5142 oﬂt’eiaASclavonica
3657 5067 3814 5142 lingua

2311 5137 2543 5226 recitari
2595 5143 2832 5226 possint,
2893 5137 3188 5197 dummodo
3243 5139 3622 5209 Evangelium
3649 5137 3815 5190 Latias

2311 5219 2473 5289 prius
2493 5218 2788 5270 recitatur.

2312 5303 2524 5359 Dilecto
2555 5301 2667 5356 tilio
2699 5301 3135 5356 Srsx'roruncno
3161 5297 3408 5370 glorioso
3432 5296 3642 5353 comiti.

2314 5391 2600 5447 lndustria:
2631 5399 2734 5444 tute
2765 5397 2950 5444 notum
2979 5404 3102 5442 csse
3135 5387 3388 5442 volumus
3423 5385 3701 5457 quoniam,
3724 5394 3819 5435 con.

2243 5481 2405 5536 fratre
2425 5488 2612 5534 nostro
2649 5477 2916 5531 Methodio
2950 5474 3416 5529 reverendissimo
3442 5470 3819 5540 archiepiscopo
