4028 6180
194 280 291 333 905

1366 271 1722 329 EPISTOLE
1754 271 1842 325 ET
1898 271 2241 328 DECRETA.

3382 277 3486 331 906

199 407 392 457 sanctae
406 398 671 455 Ecclesiae
690 398 1029 453 Moravensis
1048 413 1156 451 una
1173 413 1297 452 cum
1318 396 1618 452 Semisisno
1638 394 1782 449 ﬁdeli
1813 396 1868 455 Α
1891 396 2135 453 similiter
2180 398 2234 451 in
2281 398 2382 451 alia
2430 397 2695 465 Ecclesia,
2744 398 2795 451 in
2846 414 2954 469 qua
2985 398 3354 468 episcopalem
3382 414 3481 453 ve-

198 496 286 544 tuo
312 489 378 543 ad
415 488 604 542 limina
639 495 950 543 sanctorum
980 486 1353 556 apostolorum
1388 484 1528 539 Petri
1558 492 1609 538 et
1640 482 1792 537 Pauli

198 584 543 647 nostramque
574 573 942 645 pontificalem
964 573 1309 644 praesentiam
1342 572 1615 638 veniente,
1636 578 1791 641 atque

200 680 447 719 sermone
478 662 699 718 lucitluo
730 661 1021 725 referente,
1053 662 1343 717 didicimus
1364 669 1471 715 tua:
1490 658 1791 714 devotionis

201 752 581 814 sinceritatem,
627 758 680 804 et
728 750 893 805 totius
941 749 1125 819 populi
1157 757 1234 803 tut
1265 747 1611 812 desiderium,
1646 746 1789 817 quod

200 840 344 895 circa
391 839 579 893 sedem
622 837 976 908 apostolicam
1023 844 1078 891 et
1125 843 1366 891 nostram
1411 834 1791 906 patet-nitatem

202 927 423 981 habetis.
456 928 614 994 Nam,
659 925 841 980 divina
884 924 1064 997 gratia
1112 923 1427 994 inspirante,
1468 921 1791 992 contemptis

200 1014 320 1068 aliis
347 1013 527 1069 saeculi
553 1014 713 1083 hujus
743 1012 1094 1082 principibus,
1144 1012 1360 1065 beatum
1406 1012 1621 1064 Petrum
1652 1024 1789 1079 apo-

201 1101 373 1156 stolici
401 1101 609 1155 ordinis
650 1099 951 1170 principem
994 1099 1370 1169 vicariumque
1417 1098 1560 1151 illius
1588 1098 1790 1151 habere

201 1197 487 1259 patronum
515 1196 568 1243 et
597 1187 653 1242 in
693 1186 943 1242 omnibus
984 1186 1287 1254 adjutorem
1331 1202 1395 1241 ac
1443 1185 1790 1251 deﬂeusorem

202 1276 397 1347 pariter
440 1291 564 1331 cum
609 1274 883 1339 nobilibus
928 1273 1060 1329 viris
1101 1272 1354 1328 ﬁdelibus
1399 1272 1521 1342 tuis,
1569 1280 1622 1326 et
1665 1288 1789 1327 cum

201 1364 345 1418 omni
373 1363 574 1433 populo
602 1370 760 1417 terra:
789 1370 894 1417 tuae
923 1377 1110 1417 amore
1132 1360 1451 1417 ﬁdelissimo
1471 1360 1703 1430 elegisti,
1737 1366 1791 1414 et

203 1467 372 1522 usque
399 1450 467 1504 ad
497 1449 661 1504 ﬁnem
689 1450 792 1504 sub
821 1449 992 1520 ipsius
1020 1456 1074 1503 et
1111 1448 1293 1504 vicarii
1324 1449 1441 1517 ejus
1472 1447 1789 1503 defensione

200 1539 339 1595 colla
367 1538 708 1601 submittens,
741 1536 832 1607 pio
850 1535 1046 1592 aﬁ‘ectu
1075 1537 1248 1606 cupis,
1280 1536 1571 1592 auxiliante
1598 1534 1785 1590 Domi-

202 1643 292 1695 no,
322 1634 503 1697 utpote
552 1624 695 1680 ﬁlius
741 1624 1141 1690 devotissimus,
1173 1639 1518 1694 permanere.
1552 1625 1653 1678 Pro
1683 1638 1790 1694 qua

204 1714 404 1769 scilicet
457 1721 601 1768 tanta
654 1713 760 1767 tide
806 1728 869 1767 ac
913 1712 1202 1767 devotione
1250 1720 1340 1766 tua
1382 1719 1435 1766 et
1475 1710 1660 1781 populi
1687 1711 1782 1775 tui,
1815 1737 1870 1798 B

204 1801 534 1872 apostolatus
578 1800 753 1855 nostri
794 1799 937 1854 ulnis
981 1799 1239 1864 eXtensis,
1284 1806 1337 1853 te
1375 1798 1528 1869 quasi
1568 1798 1787 1853 unicum

202 1887 369 1945 ﬁlium
398 1903 585 1943 amore
625 1886 836 1958 ingenti
862 1886 1274 1956 amplectimur;
1308 1893 1361 1940 et
1391 1901 1513 1941 cum
1540 1885 1792 1940 omnibus

200 1975 450 2030 ﬁdelibus
480 1976 583 2030 tuis
611 1974 950 2046 paternitatis
978 1981 1177 2028 nostrae
1205 1974 1436 2046 gremio,
1467 1973 1630 2028 veluti
1662 1988 1793 2028 oves

201 2063 417 2119 Domini
444 2063 601 2118 nobis
632 2062 974 2126 commissas,
1008 2060 1563 2131 recipimus,vitaaque
1593 2060 1795 2131 pabulo

202 2151 468 2207 clemente
524 2149 732 2204 nutrire
787 2157 1057 2219 optamus,
1108 2156 1271 2220 atque
1314 2148 1514 2202 nostris
1561 2147 1795 2202 assiduis

200 2240 451 2310 precibus
479 2237 836 2308 omnipotenti
865 2245 916 2291 te
948 2236 1179 2291 Domino
1206 2236 1591 2291 commendare
1621 2236 1800 2290 stude-

200 2343 321 2381 mus
355 2345 369 2380 :
403 2335 689 2397 quatenus,
740 2332 1052 2380 sanctorum
1098 2324 1471 2394 apostolorum
1495 2322 1797 2396 suifragan-

200 2414 346 2469 tibus
375 2414 605 2479 meritis,
637 2420 691 2467 et
716 2412 771 2465 in
800 2410 905 2466 hoc
936 2411 1136 2466 saeculo
1163 2403 1397 2467 adversa
1425 2410 1608 2466 omnia
1637 2426 1800 2481 supe-

202 2517 348 2567 rare,
383 2510 436 2556 et
464 2501 520 2556 in
549 2499 756 2562 caelesti
789 2499 1134 2570 postmodum
1181 2499 1406 2571 regione
1433 2515 1555 2553 cum
1585 2498 1799 2553 Christo

202 2590 321 2645 Deo
345 2596 533 2644 nostro
577 2588 763 2643 valeas
808 2586 1154 2656 triumphare.
1203 2587 1376 2658 Igitur
1411 2588 1554 2641 hunc
1584 2587 1798 2641 Metho-

206 2678 367 2733 dium-
388 2675 759 2731 venerabilem
788 2674 1263 2744 archiepiscopum
1290 2682 1527 2729 vestrum
1559 2673 1799 2728 interro-

202 2766 458 2839 gavimus
487 2779 669 2819 coram
699 2762 890 2833 positis
920 2761 1179 2816 fratribus
1200 2761 1401 2816 nostris
1432 2762 1722 2831 episcopis,
1754 2761 1801 2815 si

202 2852 528 2908 orthodoxae
558 2850 683 2905 ﬁdei
712 2849 1018 2921 symbolum
1048 2850 1119 2903 ita
1149 2848 1418 2914 crederet,
1453 2857 1505 2903 et
1532 2849 1675 2902 inter
1705 2864 1799 2902 sa-

204 2955 299 2996 cra
326 2939 622 2993 missarum
652 2936 916 2991 solemnia
945 2944 1184 2999 caneret,
1220 2935 1377 2990 sicuti
1410 2944 1655 2990 sanctam
1687 2936 1803 2990 Ro—

199 3043 425 3082 manam
452 3025 754 3081 Ecclesiam
786 3033 991 3091 tenere,
1030 3032 1084 3078 et
1130 3024 1185 3077 in
1225 3024 1428 3079 sanctis
1456 3039 1550 3077 sex
1576 3023 1800 3078 univer-

201 3115 409 3170 salibus
442 3112 667 3184 synodis
695 3129 728 3167 a
758 3112 961 3167 sanctis
1005 3112 1273 3176 Patribus,
1309 3110 1608 3166 secundum
1639 3126 1805 3165 evan-

199 3202 440 3275 gelicum
470 3200 670 3255 Christi
717 3200 817 3254 Dei
858 3199 1027 3254 nostri
1067 3198 1457 3266 auctoritatem,
1492 3198 1807 3270 promulga-

199 3298 318 3344 tum
347 3296 514 3360 atque
544 3288 796 3342 traditum
825 3294 1055 3342 constat.
1090 3286 1187 3341 Ille
1217 3293 1395 3340 autem
1413 3285 1696 3355 professus
1726 3293 1808 3339 est

198 3393 262 3433 se
276 3378 432 3447 juxta
447 3375 825 3448 evangelicam
848 3382 902 3429 et
922 3373 1279 3444 apostolicam
1301 3372 1624 3436 doctrinam,
1650 3372 1808 3427 sicuti

199 3472 395 3520 sancta
424 3464 666 3519 Romana
715 3461 958 3517 Ecclesia
1002 3462 1181 3526 docet,
1210 3468 1263 3515 et
1294 3476 1325 3513 a
1358 3459 1601 3529 patribus
1632 3459 1806 3512 tradi-

199 3562 321 3608 tum
350 3559 457 3615 est,
492 3559 676 3605 tenere
706 3558 759 3604 et
782 3549 1035 3620 psallere.
1068 3549 1182 3602 Nos
1211 3555 1392 3602 autem
1425 3547 1576 3601 illum
1605 3547 1661 3600 in
1692 3562 1807 3601 om-

198 3641 368 3696 nibus
416 3637 804 3694 ecclesiasticis
846 3635 1110 3692 doctrinis
1156 3643 1210 3690 et
1256 3634 1573 3689 utilitatibus
1619 3634 1807 3689 ortho-

196 3729 409 3785 doxum
440 3734 493 3781 et
519 3723 825 3796 proﬁcuum
865 3740 988 3779 esse
1034 3723 1384 3793 reperientes,
1430 3722 1586 3777 vobis
1612 3722 1808 3776 iterum

198 3815 274 3871 ad
306 3814 606 3886 regendam
626 3812 971 3867 commissam
999 3811 1100 3864 sibi
1133 3810 1437 3865 Ecclesiam
1467 3809 1565 3863 Dei
1596 3809 1809 3863 remisi-

199 3920 351 3969 mus,
386 3917 550 3972 quem
573 3900 736 3955 veluti
756 3907 1033 3970 pastorem
1049 3898 1322 3968 proprium
1339 3905 1393 3951 ut
1414 3897 1581 3969 digno
1603 3898 1809 3951 honore

199 4000 257 4049 et
317 3988 627 4045 reverentia
683 3987 911 4057 laetaque
967 3994 1149 4041 mente
1205 3984 1479 4055 recipiatis
1529 3985 1806 4053 jubemus,

200 4079 338 4153 quia
366 4086 573 4133 nostrae
601 4075 915 4146 apostolica:
957 4074 1291 4129 auctoritatis
1319 4080 1594 4143 prmeepto
1623 4072 1809 4128 archi-

198 4168 557 4238 episcopatus
587 4164 635 4218 ei
654 4162 997 4235 privilegium
1026 4160 1485 4225 conﬁrmavimus,
1520 4168 1573 4215 et
1604 4160 1657 4214 in
1685 4176 1810 4231 per-

195 4262 456 4327 petuum,
491 4253 607 4306 Deo
630 4252 867 4319 juvante,
903 4249 1116 4303 ﬁrmum
1145 4264 1369 4303 manere
1399 4248 1705 4316 statuimus,
1739 4248 1812 4301 si-

196 4342 317 4399 cuti
367 4348 778 4394 antecessorum
825 4346 1137 4392 nostrorum
1204 4336 1522 4390 auctoritate
1569 4335 1809 4389 omnium

1891 493 2053 540 stram
2084 487 2149 557 (f.
2176 487 2362 541 sedem
2386 488 2468 541 vel
2490 486 2829 556 cathedram)
2850 487 3065 542 noveris
3087 503 3208 541 esse
3230 501 3484 541 necessa-

1890 575 2044 643 riam,
2076 574 2388 629 ordinemus
2437 575 2775 645 episcopum,
2827 583 2883 629 ut
2927 592 3049 629 cum
3092 574 3174 628 his
3206 574 3419 628 duobus
3451 589 3482 626 a

1889 661 2047 715 nobis
2104 662 2368 717 ordinatis
2418 662 2689 733 episcopis
2736 662 2993 733 praefatus
3040 662 3482 732 archiepiscopus

1890 757 2089 813 vester,
2116 749 2267 818 juxta
2296 751 2575 806 decretum
2606 750 2983 820 apostolicum,
3010 767 3107 820 per
3135 749 3236 803 alia
3266 749 3405 816 loca,
3427 748 3482 802 in

1891 836 2087 906 quibus
2118 838 2355 909 episcopi
2378 837 2672 893 honoriﬁce
2689 838 2887 892 debent
2909 847 2959 892 et
2978 846 3205 908 possunt
3222 836 3476 905 existere,

1890 926 2235 994 postmodum
2265 927 2439 981 valeat
2470 927 2740 981 ordinare.
2786 926 3139 997 Presbyteros
3185 940 3333 988 vero,
3366 924 3479 977 dia-

1890 1028 2078 1078 conos,
2111 1029 2208 1067 seu
2238 1014 2601 1084 cujuscunque
2644 1013 2851 1069 ordinis
2900 1014 3148 1079 clericos,
3184 1013 3296 1067 sive
3330 1010 3481 1066 Scla-

1889 1115 2005 1167 vos,
2041 1101 2472 1169 sive.cujuslibet
2503 1101 2700 1173 gentis,
2748 1102 2839 1173 qui
2883 1102 3022 1156 intra
3050 1099 3340 1171 provincize
3369 1106 3476 1153 tuae

1887 1185 2024 1242 ﬁnes
2043 1188 2361 1250 consistunt,
2394 1189 2740 1259 pracipimus
2787 1205 2909 1244 esse
2957 1190 3229 1258 subjectos
3260 1195 3309 1242 et
3336 1186 3473 1241 obe-

1888 1274 2099 1330 dientes
2128 1276 2183 1329 in
2213 1278 2465 1331 omnibus
2489 1276 2597 1345 jam
2627 1277 2771 1331 dicto
2802 1276 3058 1332 confratri
3086 1283 3273 1331 nostro
3302 1273 3475 1329 archi-

1888 1359 2146 1429 episcopo
2166 1368 2367 1427 vestro,
2388 1368 2446 1414 ut
2466 1360 2598 1414 nihil
2618 1360 2839 1415 omnino
2858 1368 3050 1430 praeter
3063 1360 3179 1428 ejus
3194 1359 3476 1415 conscien-

1888 1448 2017 1501 tiam
2063 1455 2244 1519 agant.
2298 1447 2455 1516 Quod
2503 1449 2566 1513 si,
2614 1456 2965 1503 contumaces
3009 1456 3062 1502 et
3101 1447 3473 1503 inobedientes

1889 1535 2201 1603 existentes,
2254 1535 2570 1591 scandalum
2615 1536 2853 1607 aliquod,
2899 1543 2987 1589 aut
3031 1535 3267 1590 schisma
3298 1534 3477 1590 facere

1888 1622 2353 1693 praesumpserint,
2387 1631 2440 1677 et
2469 1631 2592 1693 post
2621 1623 2851 1693 primam
2885 1631 2937 1679 et
2966 1623 3263 1679 secundam
3291 1622 3479 1677 admo-

1890 1710 2149 1765 nitionem
2180 1727 2240 1766 se
2271 1711 2491 1766 minime
2538 1712 2894 1780 correxerint,
2948 1712 3101 1783 quasi
3148 1712 3479 1765 zizaniorum

1890 1798 2247 1854 seminatores
2274 1799 2343 1853 ab
2372 1799 2618 1854 ecclesiis
2649 1808 2701 1854 et
2729 1798 2926 1854 ﬁnibus
2942 1792 3151 1854 vestris
3165 1799 3481 1854 auctoritate

1890 1895 2076 1941 nostra
2094 1886 2437 1957 praecipimus
2459 1904 2580 1942 esse
2598 1887 2784 1958 procul
2805 1887 3156 1956 abjiciendos,
3179 1887 3480 1943 secundum

1890 1975 2261 2030 auctoritatem
2292 1975 2648 2046 capitulorum
2690 1992 2812 2047 quae
2859 1975 2935 2029 illi
2965 1975 3214 2029 dedimus
3243 1982 3295 2028 et
3322 1973 3480 2029 vobis

1892 2062 2205 2118 direximus.
2240 2063 2468 2118 Litteras
2499 2063 2734 2134 denique
2766 2062 3128 2128 Sclavonicas,
3162 2078 3193 2116 a
3220 2062 3483 2116 Constan-

1893 2150 2004 2204 tino
2034 2151 2269 2220 quodam
2299 2150 2624 2221 philosopho
2646 2159 2903 2221 repertas,
2929 2151 3124 2221 quibus
3145 2151 3260 2204 Deo
3292 2148 3484 2204 laudes

1894 2237 2074 2293 debite
2104 2246 2377 2307 resonent,
2406 2238 2526 2307 jure
2556 2238 2870 2304 laudamus;
2913 2247 2965 2292 et
2994 2238 3049 2291 in
3079 2237 3277 2291 eadem
3297 2236 3485 2308 lingua

1896 2325 2096 2380 Christi
2123 2326 2339 2381 Domini
2370 2327 2541 2381 nostri
2574 2326 2845 2397 praeconia
2874 2334 2926 2380 et
2956 2342 3117 2396 opera
3146 2332 3203 2380 ut
3223 2339 3484 2379 enarren-

1895 2420 2004 2477 tur,
2033 2413 2307 2480 jubemus.
2341 2414 2532 2485 Neque
2561 2414 2703 2468 enim
2733 2414 2907 2467 tribus
2936 2421 3161 2479 tantum,
3194 2412 3292 2467 sed
3321 2410 3489 2466 omni-

1897 2501 2001 2555 bus
2028 2500 2230 2571 linguis
2260 2501 2549 2555 Dominum
2582 2502 2802 2556 laudare
2831 2502 3148 2556 auctoritate
3179 2515 3337 2555 sacra
3365 2514 3455 2553 mo

1902 2605 2114 2654 nemur,
2168 2606 2290 2660 quae
2338 2589 2583 2660 praecipit
2628 2590 2816 2644 dicens
2850 2607 2864 2643 :
2896 2590 3145 2644 Laudate
3166 2588 3486 2652 Dominum,

1899 2693 2092 2733 omnes
2106 2681 2318 2748 gentes,
2335 2677 2728 2733 et‘collaudate
2749 2694 2875 2732 eum
2899 2693 3088 2733 omnes
3108 2676 3302 2748 populi
3315 2673 3490 2744 (Psal.

1852 2762 1859 2769 ’
1899 2769 2074 2833 cxvx).
2107 2765 2175 2817 Et
2204 2764 2436 2834 apostoli
2490 2764 2679 2835 repleti
2730 2764 2928 2835 Spiritu
2966 2772 3150 2819 sancto
3181 2761 3346 2817 locuti
3376 2767 3500 2815 sunt

1900 2851 2152 2906 omnibus
2180 2851 2381 2923 linguis
2410 2852 2679 2924 magnalia
2709 2852 2809 2906 Dei
2839 2853 2981 2921 (Act.
3003 2850 3086 2922 ιι).
3106 2850 3242 2904 Hinc
3272 2856 3323 2903 et
3352 2849 3498 2902 Pau-

1901 2938 1986 2992 lus
2017 2938 2255 2993 ccnlestis
2281 2954 2500 3010 quoque
2539 2940 2667 2994 tuba
2714 2940 2946 3007 insonat,
2995 2952 3225 2993 monens
3256 2952 3269 2991 :
3308 2936 3502 2991 Omnis

1908 3027 2103 3096 lingua
2133 3027 2475 3095 conﬁteatur
2500 3029 2632 3099 quia
2658 3029 2930 3083 Dominus
2954 3030 3148 3082 noster
3165 3027 3322 3081 Iesus
3352 3024 3505 3079 Chri-

1907 3117 2030 3168 stus
2058 3115 2120 3167 in
2140 3114 2323 3184 gloria
2342 3118 2429 3169 est
2456 3116 2553 3170 Dei
2585 3117 2775 3169 Patris
2807 3115 3039 3185 (Philip.
3072 3113 3135 3181 ll)
3181 3113 3260 3166 De
3309 3111 3507 3181 quibus

1907 3200 2069 3255 etiam
2097 3199 2298 3270 linguis
2326 3201 2381 3254 in
2410 3202 2586 3271 prima
2616 3202 2683 3255 ad
2714 3201 3022 3255 Corinthios
3047 3199 3288 3269 Epistola
3306 3197 3434 3251 satis
3454 3202 3508 3250 et

1906 3288 2188 3344 manifeste
2215 3305 2315 3343 nos
2345 3288 2618 3352 admonet,
2673 3296 2940 3358 quatenus
2988 3286 3191 3358 linguis
3217 3285 3504 3355 loquentes

1908 3376 2210 3431 Ecclesiam
2260 3376 2359 3430 Dei
2405 3374 2738 3430 aediﬁcemus
2783 3375 2833 3443 (I
2872 3377 2992 3431 Cor.
3040 3373 3183 3443 xxv).
3228 3373 3344 3427 Nec
3374 3386 3503 3435 sane

1906 3462 2031 3517 ﬁdei
2054 3464 2138 3518 vel
2166 3464 2428 3519 doctrinae
2447 3462 2647 3533 aliquid
2667 3463 2847 3517 obstat
2868 3463 2980 3516 sive
2998 3461 3195 3515 missas
3225 3460 3278 3513 in
3309 3459 3504 3514 eadem

1909 3552 2226 3606 Sclavonica
2256 3552 2440 3623 lingua
2471 3567 2686 3613 canere,
2724 3551 2838 3604 sive
2871 3565 3091 3604 sacrum
3120 3534 3501 3619 Evangelium,

1907 3639 1993 3693 vel
2023 3639 2285 3694 lectiones
2315 3638 2527 3693 divinas
2550 3638 2691 3692 Novi
2712 3646 2765 3691 et
2787 3637 2996 3692 Veteris
3012 3635 3339 3691 Testamenti
3363 3635 3504 3689 bene

1910 3712 2196 3781 translatas
2227 3736 2279 3781 et
2302 3726 2683 3795 interpretatas
2725 3725 2931 3796 legere,
2978 3732 3070 3778 aut
3112 3723 3217 3778 alia
3247 3724 3502 3777 horarum

1907 3812 2079 3869 ofﬁcia
2110 3814 2289 3868 omnia
2311 3812 2568 3883 psallere,
2604 3812 2860 3884 quoniam
2882 3811 2974 3883 qui
2996 3811 3121 3866 fecit
3150 3820 3258 3866 tres
3288 3810 3502 3881 linguas

1907 3901 2257 3971 principales,
2291 3901 2578 3956 Hebraeum
2610 3900 2835 3966 scilicet,
2878 3900 3127 3955 Graecam
3156 3907 3207 3953 et
3238 3899 3497 3962 Latinam,

1908 3990 2026 4059 ipse
2057 3989 2258 4044 creavit
2309 3997 2362 4044 et
2408 3988 2546 4043 alias
2596 4005 2787 4043 omnes
2834 3988 2903 4043 ad
2946 3988 3160 4057 laudem
3192 3994 3243 4042 et
3272 3984 3499 4058 gloriam

1909 4092 2082 4131 suam.
2115 4077 2376 4131 Jubemus
2417 4084 2594 4131 tamen
2622 4084 2681 4130 ut
2707 4076 2762 4130 in
2792 4076 3043 4130 omnibus
3070 4074 3315 4131 ecclesiis
3342 4082 3502 4128 terra).

1908 4172 2106 4220 vestrae
2121 4173 2342 4235 propter
2357 4165 2612 4233 majorem
2634 4162 3118 4228 honoriﬁcentiam,
3147 4161 3501 4232 Evangelium

1910 4253 2093 4306 Latine
2149 4252 2383 4324 legatur,
2444 4260 2497 4305 et
2554 4251 2899 4321 postmodum
2956 4250 3271 4304 Sclavonica
3316 4248 3498 4317 lingua

1909 4339 2226 4393 translatum
2258 4340 2313 4392 in
2341 4338 2561 4391 auribus
2589 4337 2772 4407 p0puli
2802 4337 2987 4390 Latina
3016 4336 3184 4390 verba
3213 4350 3320 4388 non
3350 4332 3500 4386 intel-

194 4428 583 4486 Ecclesiarum
614 4425 714 4480 Dei
736 4425 858 4493 jura
886 4433 940 4479 et
969 4423 1254 4494 privilegia
1292 4431 1487 4478 statuta
1513 4432 1564 4478 et
1592 4421 1802 4476 ﬁrmata
1830 4418 1884 4478 D
1908 4427 2145 4498 ligantis,
2205 4425 2546 4480 annuntietur
2599 4424 2735 4479 sicut
2788 4424 2841 4477 in
2892 4422 3214 4493 quibusdam
3251 4419 3497 4475 ecclesiis

194 4517 517 4575 consistunt
551 4530 564 4569 :
595 4512 671 4567 ita
698 4529 827 4567 sane
857 4520 913 4566 ut
938 4513 1089 4581 juxta
1119 4511 1436 4566 canonicam
1466 4510 1808 4565 traditionem

193 4605 456 4663 omnium
486 4601 831 4673 negotiorum
863 4599 1355 4656 ecclesiasticorum
1395 4614 1580 4653 curam
1612 4598 1809 4652 habeat

188 4695 346 4767 ipse,
383 4699 438 4745 et
467 4706 531 4744 ea
555 4688 703 4743 velut
751 4690 864 4743 Deo
912 4688 1310 4757 contemplanle
1340 4686 1637 4755 dispenset.
1670 4686 1809 4739 Nam

188 4779 450 4854 papulus
481 4777 697 4832 Domini
725 4776 801 4830 illi
828 4775 1155 4832 commissus
1185 4782 1287 4839 est,
1321 4781 1371 4829 et
1404 4789 1500 4843 pro
1529 4772 1808 4827 animabus

190 4883 402 4925 eorum
426 4865 521 4923 hic
550 4864 857 4919 redditurus
904 4863 1005 4918 erit
1047 4862 1308 4917 rationem
1341 4879 1354 4916 :
1385 4861 1561 4931 ipsum
1592 4876 1808 4932 quoque

186 4954 598 5029 presbyterum
618 4951 837 5006 nomine
850 4951 1353 5021 Wichinum,quem
1372 4949 1530 5003 nobis
1546 4947 1806 5014 direxisti,

189 5045 450 5100 electum
480 5039 792 5110 episcOpum
842 5038 1277 5094 consecravimus
1324 5044 1521 5091 sanctae
1550 5034 1810 5090 Ecclesiae

182 5127 501 5191 Nitrensis,
533 5142 694 5198 quem
724 5142 824 5181 suo
852 5125 1262 5195 archiepiscopo
1307 5125 1362 5178 in
1393 5123 1643 5195 omnibus
1672 5123 1810 5178 obe-

189 5220 479 5281 dientem,
512 5214 667 5270 sicuti
699 5215 871 5271 sancti
900 5229 1137 5270 canones
1164 5212 1381 5277 docent,
1402 5228 1524 5266 esse
1535 5211 1808 5279 jubemus,

186 5314 253 5362 et
288 5304 554 5360 volumus
583 5311 641 5357 ut
669 5302 872 5373 pariter
900 5317 1021 5356 cum
1054 5300 1222 5370 ipsius
1269 5298 1661 5369 archiepiscopi
1690 5314 1816 5354 con-

192 5408 386 5448 sensu
435 5398 490 5446 et
534 5390 891 5461 providentia,
938 5389 1165 5443 alterum
1216 5387 1373 5442 nobis
1415 5394 1540 5457 apto
1571 5396 1815 5456 tempore

188 5479 409 5537 utilem
462 5478 847 5550 presbyterum
901 5475 986 5530 vel
1043 5476 1331 5531 diaconum
1380 5474 1605 5548 dirigas,
1655 5489 1816 5545 quem

548 5592 792 5649 FA‘rROL.
824 5590 1069 5648 CXXVI.

1908 4513 2021 4568 ﬁeri
2051 4513 2280 4568 videtur.
2314 4514 2380 4566 Et
2410 4513 2454 4566 si
2484 4512 2580 4566 tibi
2610 4520 2662 4566 et
2685 4511 2958 4579 judicibus
2974 4510 3080 4564 tuis
3096 4509 3271 4579 placet
3298 4506 3495 4561 missas

1907 4602 2093 4656 Latina
2138 4601 2321 4671 lingua
2364 4600 2538 4673 magis
2584 4600 2791 4668 audire,
2838 4598 3181 4669 praecipimus
3225 4604 3283 4649 ut
3311 4593 3493 4648 Latine

1906 4689 2189 4743 missarum
2250 4689 2344 4742 tibi
2405 4688 2665 4743 solemnia
2719 4688 3082 4743 celebrentur.
3125 4685 3259 4738 Data
3304 4694 3494 4737 mense

1908 4777 2089 4843 Junio,
2121 4776 2416 4833 indictione
2446 4764 2658 4832 decima
2686 4776 2864 4830 tertia.

2578 4914 2856 4971 CCXCIV.

2143 5045 2216 5085 AD
2248 5044 2577 5085 ιΑΝουιιτωι
2605 5044 2910 5084 EPISCOPUM
2940 5041 3269 5084 ευιιιοοιιωί.

2514 5146 2694 5206 (Anno
2733 5144 2883 5212 s79.)

1918 5261 2184 5332 Objurgat
2214 5259 2354 5331 quod
2374 5258 2663 5313 violaverit
2684 5260 2932 5331 quwipse
2951 5258 3105 5312 inter
3125 5272 3253 5312 eum
3282 5256 3337 5310 et
3358 5252 3509 5309 Lan-

1986 5330 2285 5384 denulmm
2308 5329 2638 5384 Capuanum
2659 5330 2974 5384 episcopum
2994 5329 3059 5382 de
3076 5327 3327 5384 fruaibus
3350 5327 3505 5380 illius

1987 5330 2285 5398 denullum
2308 5330 2638 5400 Capuanum
2659 5330 2974 5400 episcopum
2994 5330 3059 5382 de
3074 5330 3327 5398 frugibus
3350 5330 3505 5380 illius

1987 5401 2235 5455 ecclesia
2263 5398 2613 5465 decreverat,-
2644 5402 2902 5454 minatur
2928 5399 3022 5453 illi
3051 5398 3515 5452 excommunica-

1992 5471 2163 5527 tionis
2189 5486 2431 5541 poenam,
2467 5471 2584 5524 nisi
2603 5471 2722 5525 suis
2739 5470 2980 5527 decretis
2995 5471 3199 5541 pareat
3219 5487 3236 5523 :
3259 5468 3520 5539 prcecipit
