4028 6180
591 288 696 341 907

1829 286 1856 338 J
1863 285 2056 340 OANN
2063 286 2124 340 IS
2183 286 2377 339 ΡᾹΡΕ
2425 285 2544 340 VIII
2556 326 2570 339 .

3745 295 3832 346 908

649 413 716 464 ut
745 410 796 464 si
825 425 884 464 se
907 411 1104 466 lassum
1131 411 1365 474 sentiat,
1386 425 1516 464 cum
1533 407 1724 464 eodem
1754 410 2006 480 epis-capo
2035 425 2174 464 cau-
2207 409 2264 469 A
2283 407 2588 462 celsitudini
2633 415 2829 462 vestrae
2875 408 3054 478 aliqua
3101 409 3427 464 verbotenus
3455 409 3734 466 intimanda
3755 412 3828 467 di-

651 496 775 534 sam
799 480 1157 548 dicturusad
1185 496 1244 534 se
1273 479 1484 534 veniat.

651 573 1127 630 Reverendissimo
1157 583 1208 630 et
1237 573 1580 630 sanctissimo
1601 573 1900 630 LANDULFO
1917 575 2179 646 episcopo

581 661 919 718 Suricorum.

647 745 842 800 Nostra
871 747 936 816 (/2
973 745 1140 816 Vera)
1167 745 1428 801 relatione
1457 747 1824 816 comperimus
1846 747 1992 818 quod
2023 747 2175 817 quid-

577 833 706 904 quid
735 841 978 902 tempore
1007 835 1438 889 consecrationis
1457 843 1564 890 tum
1579 835 1634 888 in
1663 843 1852 889 nostro
1881 843 2177 904 conspectu

577 920 646 975 de
695 919 944 992 frugibus
990 921 1136 975 illius
1186 922 1432 978 ecclesize
1474 938 1722 992 congrua
1781 923 2176 978 deliberatione

575 1005 748 1062 fuerat
773 1009 914 1062 inter
943 1017 995 1062 te
1025 1017 1076 1064 et
1107 1009 1498 1066 Landenulfum
1522 1012 1840 1080 Capuanum
1862 1011 2176 1081 episcopum

573 1093 876 1162 diﬁinitum,
907 1104 964 1150 tu
991 1097 1199 1168 ingenti
1245 1115 1374 1152 usus
1419 1099 1720 1154 temeritate
1767 1099 2089 1165 violaveris;
2123 1108 2177 1154 et

575 1183 718 1253 quod
747 1201 847 1238 nos
863 1185 1016 1252 juxta
1047 1187 1310 1255 temporis
1341 1187 1654 1256 qualitatem
1683 1187 1958 1242 moderari
1991 1187 2178 1242 decre-

573 1287 844 1340 veramus,
883 1281 936 1326 tu
965 1273 1264 1342 adimplere
1299 1274 1624 1344 neglexeris.
1657 1273 1778 1342 Quo
1808 1275 2176 1340 audito,valde

573 1367 761 1414 noster
815 1361 1032 1414 animus
1089 1369 1172 1414 est
1227 1370 1532 1416 commotus
1582 1362 1724 1432 quod
1773 1369 1884 1415 tam
1914 1362 2175 1416 audacter

572 1455 756 1502 nostra
784 1457 1056 1518 praecepta
1087 1448 1504 1518 parvipenderis
1543 1457 1596 1503 et
1629 1449 1889 1504 terminos
1915 1457 2174 1519 paternos

573 1535 897 1590 excesseris.
919 1535 1266 1605 QuaprOpter
1281 1537 1438 1604 hujus
1455 1537 1626 1590 nostri
1657 1535 1916 1606 pontiﬁcii
1945 1537 2176 1592 auctori-

573 1629 685 1676 tate
714 1623 782 1676 ab
812 1623 1186 1692 hujuscemodi
1217 1631 1268 1676 te
1286 1623 1518 1678 factione
1540 1639 1890 1694 compescere
1907 1625 2168 1690 volentes,

2281 495 2542 550 reximus.
2575 496 2901 566 (Aimoinus,
2937 498 2976 550 ι.
3011 509 3065 560 v;
3099 513 3146 552 c.
3181 500 3270 562 39,
3303 497 3398 562 40;
3449 497 3668 569 Regino,
3699 500 3733 553 ι.
3759 502 3828 570 ιι.)

2279 583 2360 637 De
2389 583 2839 654 oppressionibus
2883 591 3064 638 autem
3106 583 3420 639 Graecorum
3465 585 3622 652 (sicut
3647 586 3782 641 vobis
3803 603 3828 642 a

2280 671 2600 742 quibusdam
2631 671 2838 726 aemulis
2865 673 3065 726 nostris
3095 672 3398 728 nuntiatum
3427 674 3530 742 est)
3545 689 3642 728 nos
3659 674 3828 746 aliquid

2279 760 2428 814 nullo
2481 759 2645 814 modo
2703 760 2932 826 scimus;
2985 761 3032 814 si
3074 776 3204 816 vero
3249 761 3555 826 certissime
3582 763 3826 829 sciremus,

2277 847 2556 904 dilectioni
2585 856 2778 904 vestrae
2808 863 2933 903 cum
2961 849 3108 902 omni
3137 849 3426 904 devotione
3454 849 3691 904 celeriter
3714 867 3828 905 nun-

2277 936 2588 1002 tiassemus,
2641 937 2894 1008 quoniam
2933 937 3032 991 Dei
3079 937 3464 1007 omnipotentis
3493 937 3670 1007 procul
3695 938 3828 994 dubio

2275 1023 2630 1094 inspiratione
2661 1032 2714 1079 et
2741 1025 3037 1088 voluntate,
3069 1039 3168 1079 vos
3195 1041 3308 1094 pra
3323 1025 3576 1079 omnibus
3595 1025 3829 1097 eligereet

2275 1111 2530 1182 inclytum
2561 1111 2615 1164 in
2645 1111 2896 1164 omnibus
2915 1111 3148 1182 negotiis
3171 1120 3372 1167 sanctae
3391 1112 3538 1167 sedis
3563 1112 3829 1182 apostolica

2276 1199 2582 1270 nostrisque
2612 1198 2944 1270 profectibus
2973 1208 3256 1269 patronum
3297 1216 3364 1254 ac
3393 1200 3724 1256 defensorem
3749 1201 3828 1254 ha-

2277 1286 2404 1341 bere
2434 1286 2656 1342 omnino
2685 1287 3011 1354 curavimus,
3063 1295 3116 1342 et
3145 1287 3286 1350 ideo,
3321 1287 3432 1342 vita
3459 1287 3668 1352 comite,
3697 1287 3830 1360 longe

2273 1389 2373 1444 per
2402 1383 2644 1445 tempora
2673 1382 2922 1444 optamus
2942 1375 3248 1444 possidere.
3267 1373 3613 1445 Quapropter
3639 1375 3832 1430 inimicis

2273 1461 2498 1528 nostris,
2531 1477 2670 1534 quos
2697 1463 2856 1516 nobis
2884 1463 3224 1517 adversarios
3267 1469 3320 1517 et
3359 1463 3672 1517 zizaniorum
3699 1463 3832 1518 senti.

2275 1559 2494 1604 natores
2537 1565 2660 1605 esse
2705 1550 3056 1622 cognoscitis,
3109 1567 3296 1604 aurem
3343 1551 3643 1607 clementiae
3669 1559 3833 1607 vestra

2273 1638 3078 1724 nullatenugaccommodetis.
3155 1639 3288 1693 Nam
3350 1639 3598 1694 inimicus
3649 1655 3832 1709 semper

576 1711 942 1780 praecipimus,
977 1720 1028 1765 et
1057 1711 1233 1764 modis
1282 1711 1532 1764 omnibus
1581 1712 1677 1764 tibi
1707 1712 2058 1785 injungimus,
2091 1721 2159 1778 ut,

2273 1727 2546 1780 contraria
2597 1711 2850 1796 loquitur.
2893 1727 3096 1780 Tamen
3139 1727 3278 1781 bene
3325 1743 3424 1781 vos
3455 1727 3647 1782 fecisse
3673 1727 3832 1782 lauda-

577 1798 724 1852 omni
753 1798 1109 1853 obstinatione
1141 1797 1404 1868 deposita,
1448 1797 1710 1869 quidquid
1739 1815 1840 1854 nos
1869 1800 1978 1856 illic
2011 1800 2170 1870 positi

575 1885 718 1940 inter
745 1893 798 1940 te
825 1895 876 1940 et
925 1887 1176 1940 eumdem
1229 1886 1566 1956 episcopum,
1627 1887 1714 1942 vel
1771 1887 1916 1941 illius
1945 1887 2168 1942 fratrem

575 1973 968 2028 Pandenulfum
1000 1973 1216 2028 fidelem
1245 1982 1510 2042 nostrum,
1545 1975 1613 2030 de
1643 1975 1910 2030 divisione
1939 1975 2024 2030 vel
2051 1975 2169 2030 fru-

572 2061 732 2131 gibus
761 2061 905 2116 illius
934 2062 1182 2116 ecclesiae
1211 2063 1650 2128 deliberavimus,
1678 2063 1794 2118 sine
1823 2079 1976 2118 mora
2007 2063 2168 2118 adim-

575 2149 728 2220 plere
755 2165 1036 2219 procures,
1069 2151 1171 2205 hoc
1203 2151 1382 2206 sciens
1419 2151 1542 2222 quia
1573 2151 1616 2204 si
1645 2151 1802 2206 aliter
1829 2168 1997 2222 agere
2029 2168 2168 2222 prae-

575 2237 892 2306 sumpseris,
928 2237 1067 2292 sicut
1097 2238 1405 2292 invasorem
1449 2255 1624 2292 rerum
1677 2255 1955 2294 sacrarum
1991 2249 2042 2293 te
2073 2255 2168 2295 ca-

577 2323 786 2379 nonicis
803 2325 1001 2392 jaculis
1031 2325 1304 2380 feriemus.
1357 2325 1513 2394 Quod
1547 2327 1592 2379 si
1623 2326 1862 2397 aliquam
1895 2328 2170 2398 querimo-

575 2411 716 2466 niam
767 2420 856 2466 aut
894 2412 1094 2480 justam
1143 2413 1542 2468 excusationem
1593 2423 1642 2468 te
1689 2415 1890 2470 habere
1919 2414 2164 2476 conﬁdis,

571 2505 700 2554 tunc
729 2516 852 2554 cum
883 2500 1074 2555 eodem
1105 2501 1362 2570 episcopo
1393 2517 1609 2556 causam
1632 2501 1896 2568 dicturus,
1914 2503 2168 2572 jubemus

570 2595 628 2640 ut
655 2595 898 2642 nostram
927 2597 1080 2658 petas
1109 2589 1470 2658 praesentiam.
1519 2589 1659 2644 Nam
1700 2599 1752 2644 et
1781 2607 1882 2644 nos
1913 2591 2168 2660 praesenti

571 2673 752 2746 legato
783 2684 968 2730 nostro
997 2677 1283 2747 Walperto
1313 2678 1767 2732 reverendissimo
1799 2679 2056 2749 episcopo
2088 2679 2170 2734 di-

567 2760 710 2817 lecto
741 2763 1048 2818 consiliario
1077 2773 1262 2820 nostro
1287 2765 1652 2835 praecipimus,
1697 2773 1754 2820 ut
1785 2767 1829 2820 si
1861 2775 2050 2822 nostra
2079 2782 2168 2822 sa-

567 2848 742 2904 lubria
789 2852 993 2906 monita
1039 2852 1330 2922 adimplere
1378 2854 1801 2924 contempseris,
1866 2871 1930 2909 ex
1981 2863 2168 2909 nostra

566 2939 882 2992 auctoritate
943 2947 992 2992 te
1053 2940 1530 2995 excommunicare
1573 2949 1826 3010 procuret
1875 2949 2163 3012 quatenus,

565 3024 704 3080 sicut
749 3025 1113 3096 praediximus,
1165 3028 1388 3082 Romam
1438 3028 1492 3080 in
1539 3035 1724 3082 nostra
1757 3029 1822 3098 (f.
1859 3029 1986 3083 add.
2021 3046 2167 3098 prae-

563 3112 736 3167 sentia
765 3114 994 3182 venias).
1017 3115 1153 3169 Data
1182 3129 1262 3168 xv
1291 3114 1567 3170 Kalendas
1587 3116 1838 3187 Augusti,
1867 3117 2166 3172 indictione
2195 3099 2244 3164 Ο

569 3199 780 3255 decima
809 3201 980 3256 tertia.

1241 3300 1493 3354 CCXCV.

1041 3399 1113 3442 AD
1163 3403 1419 3442 CAROLUM
1469 3401 1677 3442 REGE".

1175 3477 1355 3544 (Anno
1396 3477 1546 3544 880.)

561 3565 896 3626 Gratulatur
924 3569 989 3626 de
1009 3573 1130 3640 ejus
1151 3587 1280 3642 erga
1305 3575 1612 3636 Romanam
1633 3572 1944 3626 Ecclesium
1966 3571 2155 3626 obser-

627 3642 840 3704 vantia,
873 3643 1034 3712 cujus
1065 3658 1194 3695 eum
1225 3641 1576 3711 defensorem
1602 3643 1822 3712 relegit;
1859 3646 2052 3712 monet
2083 3659 2154 3697 ne

624 3711 964 3766 adversariis
999 3712 1168 3780 ﬁdem
1203 3713 1442 3782 habeat:
1478 3711 1674 3782 laudat
1703 3712 1845 3782 quod.
1877 3711 2152 3766 ditionem

622 3784 810 3835 sancti
852 3783 1009 3835 Petri
1037 3783 1103 3835 ab
1137 3781 1330 3836 hostili
1359 3783 1600 3835 incursu
1628 3781 1858 3850 defendi
1882 3783 2146 3851 jusserit.

621 3853 822 3906 Bosom'
843 3855 1122 3921 tanquam
1141 3855 1382 3921 tyranno
1413 3853 1704 3906 auxilium
1739 3867 1795 3906 se
1831 3868 1944 3905 non
1976 3851 2148 3906 datu-

621 3937 753 3992 rum
781 3920 1063 3992 amr-mat;
1095 3920 1250 3990 optat
1287 3922 1408 3990 ejus
1433 3921 1760 3986 adventum,
1807 3926 1864 3975 et
1891 3925 2048 3992 rogat
2083 3926 2150 3977 ut

626 3991 833 4060 legatos
865 3991 1080 4044 mittat.

621 4101 832 4156 Dilecto
860 4117 922 4156 ac
944 4101 1170 4171 spiritali
1201 4101 1310 4156 filio
1340 4103 1562 4156 CAROLO
1591 4102 1834 4174 glorioso
1863 4105 1996 4174 regi.

621 4189 807 4260 Regia:
851 4189 1238 4262 magnitudinis
1287 4199 1482 4245 vestrae
1531 4191 1760 4261 receptis
1802 4192 2048 4262 apicibus
2078 4208 2142 4247 ac

547 4276 837 4348 diligenter
881 4278 1152 4348 perlectis,
1205 4277 1328 4349 quia
1375 4295 1527 4334 more
1560 4279 2138 4334 Christianissimorum

543 4365 843 4435 principum
911 4374 1194 4436 parentum
1267 4374 1566 4422 vestrorum
1641 4368 2028 4422 admonitionis
2085 4377 2137 4422 et

2269 1830 2406 1881 mus,
2443 1813 2586 1884 quod
2617 1813 2868 1868 omnibus
2898 1813 3172 1884 episcopis
3189 1822 3242 1868 et
3273 1815 3580 1880 comitibus,
3607 1815 3692 1886 qui
3717 1816 3834 1870 circa

2267 1917 2368 1956 nos
2397 1901 2716 1968 consistunt,
2763 1901 3079 1956 auctoritate
3117 1911 3302 1957 vestra
3349 1902 3652 1956 mandastis
3695 1911 3830 1973 atque

2262 1989 2502 2057 jussistis
2531 1997 2588 2043 ut
2617 1989 2902 2044 terminum
2948 1991 3117 2044 sancti
3165 1990 3306 2044 Petri
3355 1991 3428 2044 ab
3457 1989 3636 2044 hostili
3663 2005 3826 2059 nempe

2271 2076 2514 2144 incursu,
2545 2085 2734 2132 nostro
2763 2077 2966 2147 pariter
2993 2077 3239 2132 instructi
3265 2077 3544 2142 mandato,
3575 2077 3830 2132 defendere

2267 2165 2519 2220 debeant.
2553 2165 2722 2220 Valde
2753 2165 3120 2220 necessarium
3149 2174 3232 2220 est
3251 2173 3306 2219 ut
3337 2181 3448 2220 non
3479 2166 3652 2220 solum
3679 2182 3706 2218 a
3729 2181 3828 2218 ma-

2269 2251 2334 2306 lis
2365 2253 2702 2318 Christianis,
2745 2268 2932 2308 verum
2979 2253 3140 2307 etiam
3185 2261 3238 2308 et
3284 2268 3316 2307 a
3347 2253 3634 2308 Saracenis
3661 2253 3826 2322 ubique

2263 2337 2492 2407 diffusis,
2527 2341 2726 2411 ubique
2775 2349 2828 2394 et
2874 2339 3117 2410 undique
3167 2355 3268 2394 nos
3317 2341 3436 2394 sine
3465 2340 3828 2395 intermissione

2265 2427 2724 2498 depraedantibus,
2758 2435 2806 2482 et
2835 2443 2990 2482 more
3019 2427 3200 2481 furum
3249 2435 3436 2482 nostra
3465 2427 3828 2497 diripientibus,

2269 2516 2406 2570 tueri
2435 2523 2744 2585 procurent.
2783 2517 2885 2570 Pro
2915 2531 3022 2586 qua
3051 2515 3304 2570 videlicet
3333 2515 3677 2578 necessitate,
3699 2529 3831 2585 quam

2267 2618 2433 2673 supra
2453 2604 2670 2658 modum
2691 2603 2938 2672 patimur,
2961 2603 3130 2672 ipsius
3147 2603 3406 2658 Wibbodi
3421 2603 3662 2674 episcopi
3681 2603 3830 2656 horta-

2267 2697 2342 2756 tu,
2377 2690 2432 2744 in
2463 2691 2748 2761 quamdam
2799 2699 3004 2746 cortem
3047 2699 3292 2746 nostram
3341 2691 3632 2760 exivimus,
3679 2699 3724 2746 et
3743 2703 3826 2744 una

2267 2794 2388 2833 cum
2423 2779 2657 2834 Widone
2689 2779 2886 2834 comite
2931 2779 3204 2833 Lamberti
3249 2777 3360 2834 filio
3401 2779 3554 2850 loqui
3599 2779 3830 2834 voluimus

2267 2867 2424 2934 hujus
2453 2867 2528 2920 rei
2558 2883 2747 2930 causa;
2796 2867 2892 2921 sed
2943 2867 3060 2936 ipse
3105 2867 3300 2921 adesse
3339 2867 3696 2936 praetermisit,
3721 2866 3832 2922 sicut

2261 2955 2370 3021 jam
2401 2953 2576 3008 dictus
2607 2953 2782 3008 fidelis
2803 2963 2987 3009 noster
3015 2969 3078 3008 ac
3109 2963 3288 3008 vester
3307 2955 3466 3008 vobis
3483 2955 3676 3026 poterit
3703 2967 3832 3008 enar-

2269 3055 2412 3096 rare.
2447 3042 2526 3096 De
2557 3043 2768 3097 Bosonc
2819 3058 3034 3114 quoque
3081 3051 3262 3098 certos
3310 3057 3411 3097 vos
3459 3059 3588 3098 esse
3615 3042 3828 3096 volumus

2266 3129 2394 3200 quia
2425 3145 2600 3200 neque
2629 3131 2868 3200 aliquem
2899 3129 3274 3185 familiaritatis
3303 3130 3508 3196 locum,
3543 3139 3636 3185 aut
3665 3145 3830 3198 recep-

2263 3217 2424 3271 tionis
2455 3226 2654 3272 nostra:
2683 3217 2938 3272 auxilium
2967 3219 3110 3288 apud
3140 3232 3238 3273 nos
3259 3218 3484 3272 habebit
3507 3233 3680 3288 neque
3703 3223 3830 3286 pote-

2263 3305 2332 3358 rit
2360 3305 2625 3370 invenire,
2657 3321 2722 3360 eo
2755 3307 2902 3376 quod
2931 3321 3048 3370 vos,
3083 3315 3142 3359 ut
3169 3305 3596 3376 prtelibavimus,
3629 3305 3828 3360 amicum

2260 3401 2312 3446 et
2341 3392 2644 3460 adjutorem
2677 3393 3043 3463 quaesivimus,
3069 3402 3121 3448 et
3141 3393 3260 3448 loco
3281 3394 3593 3447 charissimi
3615 3393 3700 3446 filii
3727 3391 3828 3444 reti-

2258 3497 2390 3534 nere
2423 3489 2532 3534 toto
2561 3481 2756 3534 mentis
2773 3481 3057 3535 conamine
3079 3481 3343 3534 volumus.
3367 3481 3510 3535 Nam
3543 3479 3670 3534 nihil
3697 3477 3826 3534 nobis

2256 3565 2324 3622 de
2355 3575 2506 3636 parte
2533 3567 2704 3636 ipsius
2737 3568 3009 3637 pertinere
3041 3567 3273 3636 videtur,
3295 3568 3388 3638 qui
3421 3569 3588 3623 talem
3621 3566 3826 3638 tyranni-

2255 3655 2378 3709 dem
2407 3655 2754 3724 praasumpsit
2785 3655 3140 3710 committere.
3183 3657 3262 3709 De
3297 3663 3486 3710 vestro
3517 3671 3726 3726 quoque
3747 3651 3828 3706 ad-

2253 3751 2434 3808 ventu,
2468 3758 2648 3812 quem,
2683 3743 2797 3796 Deo
2840 3742 3071 3808 favente,
3113 3743 3306 3797 adesse
3343 3743 3665 3806 mandastis,
3695 3739 3823 3796 valde

2253 3846 2440 3884 sumus
2467 3831 2639 3900 gavisi
2669 3829 2864 3899 effecti,
2897 3837 2950 3884 et
2979 3846 3078 3900 pro
3109 3830 3270 3884 tantis
3290 3830 3704 3894 calamitatibus,
3733 3827 3826 3899 qui-

2249 3917 2350 3970 bus
2381 3917 2702 3972 circumdati
2761 3925 2813 3972 et
2867 3917 3116 3987 oppressi
3169 3917 3472 3983 existimus,
3527 3925 3766 3988 Optamus
3791 3921 3834 3968 et

2251 4005 2612 4058 vehementer
2657 4021 2911 4075 rogamus
2957 4013 3198 4060 vestram
3245 4005 3546 4074 specialem
3577 4003 3823 4067 citissime,

2245 4092 2360 4146 Deo
2389 4091 3014 4162 prOpitio,contemplari
3035 4093 3400 4162 praesentiam.
3423 4093 3688 4147 Joannem
3715 4103 3820 4144 vero

2253 4179 2774 4236 reverendissimum
2823 4180 3138 4250 episcopum
3185 4179 3515 4235 Tritiensem
3561 4195 3721 4250 penes
3745 4191 3825 4230 nos

2247 4268 2350 4322 hac
2383 4267 2502 4322 vice
2533 4267 2872 4332 retinuimus,
2907 4275 2964 4320 ut
2995 4267 3041 4320 si
3073 4267 3276 4338 aliquid
3299 4267 3428 4322 novi
3459 4268 3623 4322 nobis
3653 4279 3822 4321 evene-

2239 4355 2325 4420 rit,
2358 4363 2410 4409 et
2439 4370 2668 4410 necesse
2697 4355 2860 4410 fuerit
2887 4371 2984 4424 per
3015 4370 3139 4408 eum
3167 4354 3374 4408 vestris
3425 4356 3684 4408 mandare
3711 4351 3818 4404 iide-

545 4453 930 4507 exhortationis
981 4461 1176 4508 nostrae
1226 4453 1472 4508 doctrina
1517 4455 1718 4524 repleri
1747 4471 1843 4508 vos
1874 4455 2012 4509 velle
2046 4471 2146 4510 co-
2176 4444 2228 4502 D
2249 4444 2410 4510 libus.
2445 4459 2508 4499 ac
2537 4460 2638 4514 per
2667 4443 2916 4497 ordinem
2945 4459 3066 4513 quae
3095 4451 3397 4512 Opportuna
3427 4443 3644 4508 fuerint.
3679 4439 3820 4510 signi-

545 4539 878 4610 gnoscimus,
930 4547 1222 4611 nostroque
1269 4541 1517 4595 consultu
1563 4557 1624 4595 ea
1673 4559 1793 4612 (μιω
1823 4557 1919 4611 pro
1947 4551 2146 4598 sancta:

543 4627 730 4680 matris
759 4635 955 4682 vestra:
987 4629 1240 4682 Romanae
1263 4628 1522 4682 Ecclesiae
1551 4637 1604 4682 et
1635 4629 1792 4683 totius
1825 4629 2146 4684 Christiani-

543 4715 666 4768 tatis
690 4715 1006 4770 defensione
1037 4715 1271 4769 salubria
1301 4731 1363 4770 ac
1391 4717 1542 4770 utilia
1574 4733 1696 4770 esse
1727 4717 1993 4786 videntur,
2029 4718 2144 4772 ani-

545 4816 634 4855 mo
681 4801 866 4856 libenti
915 4803 1143 4873 cupiatis
1189 4803 1477 4873 perficere,
1529 4804 1688 4858 valde
1721 4805 2062 4876 gratulamur
2089 4815 2142 4860 et

545 4887 840 4944 immensas
871 4891 1104 4945 Domino
1145 4891 1342 4962 gratias
1389 4891 1693 4957 referimus,
1728 4901 1778 4946 et
1810 4901 2058 4962 optamus
2087 4901 2143 4948 ut

547 4983 738 5030 cuncta
781 4977 926 5031 circa
975 4994 1072 5032 vos
1126 4995 1344 5049 semper
1393 4995 1676 5048 prospera,
1712 4979 1894 5033 divina
1926 4979 2141 5035 favente

547 5064 738 5134 gratia,
774 5065 1024 5119 existant.
1059 5067 1138 5119 Ea
1179 5067 1379 5121 etenim
1410 5083 1528 5138 quae
1557 5067 1626 5121 de
1659 5068 1850 5121 vestris
1881 5069 2058 5122 causis
2089 5077 2140 5123 et

553 5153 829 5208 eventibus
878 5153 1074 5208 vestris
1121 5155 1280 5208 nobis
1325 5155 1514 5210 litteris
1545 5169 1654 5209 non
1683 5155 1961 5220 retulistis,
1994 5154 2141 5210 ﬁdeli

543 5239 806 5296 relatione
856 5241 1160 5296 communis
1209 5240 1384 5296 fidelis
1429 5251 1479 5297 et
1527 5243 1972 5298 reverendissimi
2019 5243 2141 5313 epi-

541 5327 692 5397 scopi
725 5329 986 5384 Wibbodi
1029 5329 1324 5384 luculenter
1371 5329 1687 5396 didicimus;
1737 5332 1893 5403 eique
1922 5347 2138 5387 omnem

543 5413 922 5471 familiaritatis
951 5417 1154 5472 aditum
1205 5417 1296 5488 pio
1341 5416 1536 5474 aﬂ‘ectu
1581 5420 1908 5490 praebentes,
1945 5427 2138 5475 vestrae

541 5501 830 5558 voluntatis
884 5519 1082 5560 arcana
1135 5507 1511 5577 cognovimus,
1571 5523 1672 5578 per
1721 5525 1884 5580 quem
1940 5515 1994 5564 et
2035 5523 2137 5563 nos

2245 4531 2408 4586 ficare
2439 4532 2730 4602 possimus.
2763 4531 2867 4584 Pro
2889 4529 3111 4598 justitiis
3141 4537 3318 4584 autem
3349 4530 3621 4585 faciendis
3649 4535 3818 4583 sancta

2243 4621 2502 4674 Romana:
2531 4618 2811 4685 Ecclesiae,
2843 4625 2900 4671 ut
2931 4617 3158 4672 idoneos
3200 4625 3254 4671 et
3296 4615 3490 4672 fideles
3523 4619 3668 4672 viros
3695 4633 3722 4670 e
3749 4615 3814 4668 la-

2241 4713 2357 4760 tere
2387 4715 2569 4761 vestro
2599 4706 2754 4760 nobis
2782 4706 2852 4758 de
2879 4704 3132 4774 praesenti
3161 4705 3412 4775 dirigatis
3441 4705 3643 4759 obnixe
3671 4703 3816 4771 depo-

2243 4795 2464 4858 scimus,
2501 4793 2592 4864 qui
2625 4793 2784 4848 nobis
2815 4794 3017 4862 pariter
3046 4809 3170 4848 cum
3198 4793 3352 4846 missi
3383 4795 3594 4847 nostris
3623 4788 3816 4862 proficio

2242 4883 2538 4946 scentibus,
2563 4882 2630 4935 de
2647 4881 2904 4935 omnibus
2925 4880 3182 4948 justitiam
3213 4880 3590 4950 plenissimam
3619 4879 3810 4934 faciant.

2241 4978 2292 5024 et
2323 4979 2502 5025 vestra
2545 4968 2714 5039 regali
2759 4968 3074 5023 auctoritate
3115 4967 3256 5022 male
3299 4975 3533 5040 agentes
3575 4967 3812 5036 cor-rigant

2241 5065 2292 5112 et
2324 5057 2615 5112 emendent
2647 5073 2660 5109 :
2693 5065 2976 5126 praeterea,
3028 5057 3166 5110 sicut
3213 5064 3397 5110 vestro
3425 5055 3654 5126 praprio
3682 5051 3812 5107 nobis

2239 5161 2355 5210 ore,
2389 5143 2462 5198 fili
2493 5143 2830 5209 charissime,
2883 5143 3227 5214 promisistis,
3279 5151 3338 5196 ut
3367 5143 3420 5196 in
3451 5143 3562 5197 hoc
3589 5141 3810 5196 duntaxat

2239 5247 2405 5303 opere
2435 5241 2672 5286 vestram
2723 5231 3052 5286 voluntatem
3097 5239 3402 5300 vestraeque
3445 5229 3650 5283 mentis
3677 5223 3814 5280 nfec-

2239 5329 2350 5374 tum
2381 5320 2525 5375 circa
2554 5335 2656 5374 nos
2682 5319 3036 5389 purissimum
3059 5317 3174 5372 fore
3203 5318 3324 5372 luce
3341 5317 3548 5372 clarius
3577 5325 3810 5388 agnosca-

2237 5425 2378 5474 mus,
2412 5416 2468 5462 ut
2499 5416 2552 5463 et
2581 5423 2682 5463 nos
2703 5415 2942 5462 vestrum
2964 5405 3292 5461 desiderium
3313 5404 3402 5476 pio
3422 5419 3648 5476 semper
3663 5401 3814 5457 vales-

2235 5522 2358 5561 mus
2385 5505 2580 5561 aﬂectu
2607 5503 2892 5576 perﬁcere.
2923 5503 3061 5559 Data
3089 5507 3156 5559 ut
3184 5519 3376 5576 supra.
