4028 6180
208 289 315 342 909

877 406 1152 463 CCXCVI.

599 509 674 550 AD
702 509 1090 552 ῙΠΡΕΙΙΔΤΟΚΒΒ
1126 509 1432 552 Αυϐυετοε.

840 595 1021 663 (Anno
1052 594 1202 663 880.)

219 708 594 768 Commendat
625 723 818 764 eorum
847 707 1105 762 studium
1125 708 1189 762 in
1230 707 1492 762 Ecclesiae
1522 706 1821 763 concordia

289 779 672 844 stabilienda;
693 782 883 834 monet
905 780 1049 833 utin
1078 793 1139 832 eo
1170 779 1480 849 persistant
1499 796 1517 832 :
1539 780 1659 849 agit
1687 794 1821 849 gra-

293 853 406 906 tias
427 851 495 906 de
514 849 874 905 dromonibus
893 849 1116 904 auxilio
1135 848 1322 903 missis
1343 867 1360 902 :
1378 848 1444 903 de
1476 848 1822 904 monasterio

289 922 483 977 sancti
507 921 708 990 Sergii,
732 923 788 974 et
805 919 871 974 de
892 919 1261 990 Bulgarorum
1281 919 1502 973 dioecesi
1520 919 1640 974 sedi
1655 935 1823 990 apos-

291 996 348 1047 to
357 993 482 1046 lica:
498 992 800 1056 restituta;
820 993 979 1061 rogat
992 993 1057 1061 ut
1075 991 1172 1044 Dei
1190 990 1500 1061 Ecclesiam
1518 992 1792 1044 tueantur
1804 1008 1822 1043 :

289 1061 522 1117 demum
544 1077 610 1115 ea
627 1076 750 1132 quae
767 1076 868 1132 pro
885 1059 1090 1132 'Photio
1116 1061 1177 1114 in
1198 1059 1406 1132 synodo
1425 1060 1826 1132 Constantino-

332 1132 414 1188 oli
441 1136 573 1186 acta
599 1130 849 1196 sima—se
880 1130 1186 1202 approbare
1212 1131 1520 1200 signiﬁcat,
1547 1131 1597 1185 si
1631 1133 1824 1184 tamen

332 1151 414 1188 ou
441 1151 573 1186 aeta
599 1151 758 1196 sum,
791 1151 849 1185 se
880 1151 1186 1202 approoare
1212 1151 1421 1200 signi/tt

288 1151 472 1274 fegati
493 1205 693 1257 contra
722 1217 829 1256 sua
850 1203 1017 1268 jussa
1035 1216 1150 1256 non
1183 1202 1421 1268 egerint.

295 1323 722 1396 Imperatoribus
752 1323 1031 1394 Augustis.

301 1414 436 1470 Post
462 1413 776 1468 innumeras
806 1411 1199 1467 sollicitudines
1219 1411 1414 1484 quibus
1431 1410 1682 1466 nimirum
1705 1426 1830 1466 one-

225 1511 381 1558 ratur
408 1500 692 1572 imperiale
709 1499 1002 1572 fastigium,
1025 1499 1294 1554 laudabile
1317 1498 1618 1555 clementia:
1634 1507 1828 1555 vestrze

225 1590 617 1664 cognoscimus
645 1587 1091 1649 Christianissimi
1131 1587 1478 1659 imperatoris
1527 1603 1648 1643 esse
1693 1603 1827 1658 pro-

226 1678 492 1751 positum,
551 1693 650 1748 per
699 1677 846 1748 quod
902 1676 1165 1731 submotis
1219 1676 1471 1731 omnibus
1527 1675 1828 1732 discordia—

229 1783 356 1822 rum
387 1773 553 1838 atque
583 1764 910 1820 zizaniorum
939 1763 1259 1830 seminibus,
1293 1781 1414 1836 qua:
1460 1763 1516 1818 in
1559 1780 1690 1835 agro
1719 1765 1829 1820 Do-

228 1854 440 1910 minico
470 1853 692 1908 humani
722 1853 943 1924 generis
973 1851 1222 1907 inimicus
1259 1861 1582 1922 asperserat,
1633 1860 1833 1908 sanctae

234 1942 526 2000 catholica:
553 1940 817 1998 Ecclesiae
843 1940 1088 2012 piissimo
1117 1940 1314 1996 mentis
1334 1939 1528 1996 aﬂ‘ectu
1549 1940 1834 1998 consulere

241 2031 518 2087 voluistis.
549 2031 611 2084 In
652 2045 758 2102 quo
805 2029 1011 2085 scilicet
1054 2028 1219 2084 animi
1266 2017 1392 2085 voto
1429 2045 1495 2086 ac
1538 2027 1832 2095 desiderio,

239 2128 509 2192 quantum
540 2117 701 2173 rebus
747 2117 998 2172 humanis
1045 2115 1224 2172 favere
1269 2117 1608 2189 providentia
1653 2117 1837 2174 divina

236 2208 518 2279 dignetur,
551 2205 857 2262 sollicitudo
905 2204 1208 2261 clementia:
1253 2214 1446 2260 vestrae
1490 2205 1690 2276 Spiritu
1737 2205 1838 2259 Dei

235 2295 458 2350 incitata
489 2295 840 2359 demonstrat,
873 2309 996 2365 quia
1025 2293 1081 2347 in
1111 2292 1376 2349 catholica
1408 2293 1654 2349 Ecclesia
1682 2292 1840 2348 mise-

235 2383 514 2439 ricordem
545 2398 644 2452 per
669 2369 1041 2438 auctoritatem
1068 2389 1121 2436 et
1143 2381 1406 2450 judicium
1436 2381 1584 2437 sedis
1623 2389 1841 2452 aposto-

233 2471 384 2536 licae,
419 2487 540 2542 qua:
569 2471 784 2525 Christo
811 2469 1044 2524 Domino
1064 2469 1372 2542 delegante,
1395 2469 1558 2525 totius
1579 2469 1842 2525 Ecclesiae

247 2558 440 2615 ‘etinet
476 2557 857 2629 principatum,
909 2557 1042 2611 nihil
1089 2557 1441 2627 impacatum,
1487 2557 1622 2611 nihil
1672 2557 1844 2612 voluit

241 2663 373 2703 esse
415 2645 735 2702 diversum:
775 2661 899 2700 cum
945 2661 1136 2700 omnes
1189 2645 1530 2701 schismatica
1581 2645 1846 2716 pravitate

243 2735 478 2800 divisos,
508 2733 596 2790 vel
625 2733 742 2788 zelo
771 2733 1010 2804 quolibet
1041 2741 1326 2804 separatos
1359 2742 1518 2805 atque
1545 2733 1846 2805 dispersos,

236 2822 501 2880 clementi
529 2821 814 2877 affectione
844 2821 929 2876 vel
960 2822 1140 2876 studio
1169 2822 1239 2875 ad
1269 2838 1410 2877 verae
1433 2821 1580 2892 pacis
1607 2821 1853 2876 solidita-

236 2919 380 2980 tem,
431 2910 848 2981 concordiaeque
895 2909 1286 2965 sincerissima:
1331 2909 1736 2964 unanimitatem
1783 2925 1848 2964 e-

239 3014 472 3064 vocare,
501 3005 553 3054 et
580 2999 634 3052 in
665 3013 773 3052 uno
801 2997 1000 3052 Christi
1028 2997 1154 3053 ovili
1183 3013 1303 3054 cum
1334 2997 1554 3068 proprio
1601 3007 1842 3069 pastore,

237 3087 442 3144 Photio
488 3085 742 3142 videlicet
789 3084 1060 3142 confratre
1107 3092 1160 3142 et
1207 3084 1578 3141 comministro
1628 3096 1838 3154 nostro,
1881 3109 1931 3172 ρ

240 3191 560 3250 aggregare
589 3174 815 3230 curavit.
862 3175 965 3228 Pro
994 3173 1188 3244 quibus
1236 3173 1488 3230 videlicet
1527 3175 1696 3230 nostri
1747 3190 1852 3246 pa-

241 3263 474 3320 storalis
529 3261 831 3335 magisterii
885 3259 1120 3316 oﬁicium
1177 3269 1280 3328 est,
1339 3263 1483 3332 apud
1544 3263 1852 3318 serenitatis

244 3359 455 3408 vestrae
485 3349 836 3422 Augustalem
859 3349 1200 3406 clementiam
1219 3350 1441 3405 assidua
1463 3367 1682 3421 semper
1707 3351 1854 3406 solli-

247 3439 500 3496 citudine
530 3437 859 3493 omnimodis
887 3437 1230 3493 intercedere
1255 3455 1270 3504 ;
1301 3446 1358 3492 ut
1402 3446 1599 3494 vestra:
1641 3438 1852 3509 pietatis

249 3527 536 3598 majestas,
595 3541 747 3582 more
803 3525 1388 3580 Christianissimorum
1444 3526 1852 3597 imperatorum,

254 3615 505 3686 benigna
531 3613 676 3669 circa
705 3629 896 3668 omnes
927 3613 1157 3679 existat;
1190 3621 1242 3668 et
1270 3613 1424 3685 quasi
1455 3615 1570 3669 Deo
1609 3623 1854 3670 contem-

247 3703 461 3775 plante,
495 3701 753 3773 populum
783 3699 999 3756 Domini
1021 3700 1124 3756 sibi
1152 3702 1506 3756 commissum
1537 3701 1680 3758 felici
1699 3711 1856 3774 regat

247 3806 480 3861 semper
517 3797 570 3845 et
615 3790 887 3863 gubernet
935 3789 1148 3856 intuitu,
1192 3805 1294 3844 nec
1341 3789 1572 3860 amplius
1619 3791 1858 3861 patiatur

250 3895 355 3935 eos
387 3877 657 3950 aliquibus
689 3876 874 3934 surculi
916 3877 1076 3946 hujus
1117 3877 1372 3948 procellis
1417 3878 1570 3946 illidi,
1612 3887 1706 3934 aut
1747 3895 1859 3932 ma-

242 3965 421 4040 lignis
450 3964 950 4036 perturbationibus
979 3965 1195 4021 concuti
1228 3983 1240 4019 :
1275 3973 1542 4037 quatenus
1588 3975 1712 4037 post
1755 3967 1858 4023 hoc

251 4054 386 4111 vita:
415 4054 716 4126 praesentis,
750 4053 1039 4124 imperium
1070 4052 1291 4109 caeleste
1320 4053 1544 4123 adipisci
1565 4062 1616 4110 et
1634 4055 1686 4109 in
1707 4062 1860 4110 aeter-

253 4158 394 4198 num
423 4158 546 4197 cum
577 4141 810 4197 Domino
841 4141 1075 4196 retinere
1104 4140 1348 4196 valeatis.
1381 4142 1539 4198 Nunc
1566 4142 1745 4214 itaque
1761 4159 1860 4213 pro

258 4238 413 4286 tanta
451 4229 740 4284 devotione
783 4229 1056 4300 animique
1103 4229 1271 4284 vestri
1318 4228 1650 4298 sinceritate,
1700 4247 1860 4302 quam

249 4335 373 4374 non
403 4317 580 4372 solum
609 4317 812 4382 verbis,
849 4317 946 4372 sed
977 4316 1210 4372 luciﬂuis
1241 4317 1404 4371 etiam
1437 4317 1694 4387 operibus
1715 4319 1861 4373 circa

249 4405 570 4462 Ecclesiam
627 4404 798 4460 sancti
862 4404 1009 4460 Petri
1065 4413 1119 4460 et
1174 4413 1413 4459 nostram
1478 4405 1857 4475 paternitatem

252 4493 594 4559 ostendistis,
629 4492 924 4548 immensas
954 4499 1078 4563 post
1124 4493 1296 4547 Deum
1341 4492 1613 4547 serenitati
1661 4501 1858 4548 vestra:

254 4582 468 4656 gratias
499 4581 732 4652 agimus.
765 4580 944 4635 Primo
974 4579 1194 4652 quidem
1229 4580 1373 4651 quod
1420 4580 1713 4635 dromones
1758 4597 1858 4636 ve-

253 4677 428 4737 stros,
462 4667 552 4740 qui
581 4683 682 4739 pro
713 4667 1030 4723 defensione
1058 4676 1220 4724 terras
1249 4671 1418 4723 sancti
1442 4667 1582 4722 Petri
1603 4668 1654 4722 in
1675 4675 1858 4722 nostro

252 4764 550 4814 manerent
598 4755 841 4825 servitio,
887 4755 1044 4810 nobis
1087 4755 1328 4810 misistis.
1383 4756 1633 4812 Secundo
1681 4764 1858 4810 autem

254 4844 414 4918 quod
441 4843 826 4899 monasterium
861 4842 1033 4899 sancti
1079 4843 1259 4916 Sergii
1306 4842 1443 4898 intra
1491 4851 1725 4898 vestram
1773 4860 1859 4898 re-

255 4933 416 5007 giam
445 4932 637 4986 urbem
668 4938 1035 4999 constitutum,
1069 4931 1214 5002 quod
1245 4938 1426 4985 sancta
1457 4932 1703 4986 Romana
1749 4932 1859 4987 Ec-

256 5019 434 5078 clesia
457 5018 582 5093 jure
610 5017 834 5090 proprio
873 5018 1146 5090 quondam
1190 5018 1404 5084 retinui,
1456 5018 1639 5074 divina
1685 5018 1860 5090 inspi-

255 5107 476 5164 ratione
519 5105 732 5177 repleti,
782 5121 885 5177 pro
931 5107 1138 5161 honore
1182 5105 1445 5177 principis
1493 5107 1862 5176 apostolorum

251 5203 455 5252 nostro
483 5193 796 5265 praesulatui
829 5192 1163 5248 reddidistis.
1187 5193 1365 5248 Tertio
1388 5209 1520 5248 vero
1553 5193 1708 5249 vobis
1737 5211 1862 5266 gra-

256 5293 347 5341 tes
377 5281 578 5338 multas
607 5280 891 5338 referimus
920 5280 1048 5352 quia
1075 5280 1434 5354 Bulgarorum
1474 5280 1735 5338 dimcesin
1765 5298 1864 5354 pro

332 5488 362 5518 ι
385 5458 455 5512 Et
471 5456 519 5510 si
544 5458 754 5522 fortasse
775 5455 932 5509 nostri
957 5457 1123 5522 legati.
1177 5457 1314 5508 Hanc
1339 5455 1570 5520 synodum
1597 5457 1866 5520 pseudooc-

257 5530 438 5580 tavam
461 5539 491 5578 a
513 5525 704 5578 Joanne
726 5525 834 5578 Vill
858 5523 1144 5591 ceterisque
1168 5523 1277 5588 ejus
1297 5523 1663 5576 successoribus
1701 5523 1866 5589 ponti-

1352 283 1706 341 Ειηετοωι
1751 286 1842 341 ΕΤ
1894 285 2240 342 DECRETA.

1841 409 1894 471 Α
1918 425 2107 465 amore
2130 416 2318 465 nostro
2347 408 2580 482 gratanti
2609 407 2792 464 animo
2818 416 3009 466 sancto
3037 409 3214 477 Petro,
3237 417 3297 465 ut
3309 409 3512 480 justum

1887 4453 1938 4513 D

3402 287 3508 342 910

1920 505 2055 564 erat,
2087 497 2447 569 permiseritis
2475 497 2697 553 habere.
2751 497 2904 553 Unde
2932 498 3130 553 obnixe
3177 498 3412 569 petimus
3457 505 3516 553 ut

1919 594 2106 641 vestro
2133 585 2340 656 potenti
2371 585 2565 642 solatio
2593 593 2841 641 sanctam
2871 586 3167 641 Romanam
3209 586 3515 643 Ecclesiam

1919 673 1974 728 in
2007 675 2111 730 hoc
2142 674 2453 745 periculoso
2483 682 2728 744 tempore
2757 673 2812 728 in
2841 675 3094 730 omnibus
3123 675 3381 744 adjuvare
3413 675 3516 730 de-

1923 761 2257 833 fendereque
2288 778 2395 818 non
2420 762 2809 835 dedignemini,
2835 772 3100 834 quatenus
3122 780 3188 818 ex
3209 765 3314 820 hoc
3333 772 3517 819 vestra

1923 849 2216 920 imperialis
2245 851 2443 923 gloria,
2475 849 2786 922 apostolicis
2816 849 3243 923 suffragantibus
3288 851 3511 918 meritis,

1922 954 2024 1010 per
2052 947 2272 994 cunctas
2296 939 2482 994 mundi
2512 947 2695 1011 partes
2725 939 2900 1012 magis
2928 955 2993 996 ac
3017 940 3196 1012 magis
3212 947 3514 1006 accrescat,

1925 1033 1976 1082 et
2006 1026 2150 1097 apud
2180 1027 2604 1098 omnipotentem
2633 1027 2919 1082 Dominum
2947 1027 3171 1099 dignam
3209 1027 3520 1083 retributio-

1925 1131 2050 1170 nem
2073 1115 2358 1186 percipiat.
2379 1116 2445 1169 Et
2461 1115 2650 1170 iterum
2667 1116 2941 1170 humiliter
2957 1117 3192 1187 petimus
3212 1125 3269 1171 ut
3283 1116 3339 1170 in
3357 1115 3518 1186 hujus

1926 1203 2084 1258 bona:
2114 1203 2406 1259 voluntatis
2433 1219 2495 1259 ac
2523 1203 2738 1274 pietatis
2765 1203 2979 1270 affectu,
3013 1220 3175 1276 quem
3205 1221 3306 1276 pro
3333 1220 3521 1260 amore

1927 1291 2027 1345 Dei
2054 1291 2199 1347 circa
2229 1291 2534 1347 Ecclesiam
2567 1291 2765 1346 Christi
2795 1293 3023 1360 habetis,
3063 1293 3368 1350 immobiles
3396 1309 3518 1364 per-

1927 1379 2210 1444 maneatis,
2246 1380 2505 1451 quoniam
2534 1395 2636 1434 nos
2665 1380 3016 1452 Augustalem
3033 1381 3405 1437 excellentiam
3427 1397 3522 1437 ve-

1930 1476 2098 1523 stram
2129 1468 2273 1522 ulnis
2302 1468 2541 1524 extensis
2568 1484 2756 1524 amore
2789 1477 3016 1539 paterno
3045 1470 3437 1541 amplectimur,
3470 1478 3525 1525 et

1929 1557 2138 1611 honore
2166 1555 2350 1612 debito
2379 1571 2725 1623 veneramur,
2749 1565 2908 1629 atque
2930 1558 3166 1612 assiduis
3194 1559 3526 1613 orationibus

1931 1643 2151 1713 nostris,
2205 1645 2353 1711 juxta
2410 1653 2760 1700 sacrosancta
2816 1645 3096 1701 beatorum
3152 1646 3526 1718 apostolorum

1857 1759 1911 1818 Β
1934 1733 2078 1787 Petri
2107 1748 2169 1788 ac
2209 1732 2361 1786 Pauli
2399 1749 2623 1804 corpora
2667 1732 2843 1800 fuisis,
2891 1735 3246 1805 omnipotenti
3294 1735 3527 1790 Domino

1933 1820 2318 1876 commendare
2349 1821 2647 1888 studemus,
2681 1829 2737 1875 ut
2767 1837 2869 1891 pro
2899 1823 3059 1876 tantis
3098 1822 3380 1878 beneficiis
3409 1838 3530 1894 quae

1931 1916 2116 1964 sancto
2147 1909 2306 1964 Petro
2336 1908 2664 1979 impenditis,
2697 1908 2812 1980 ipse
2845 1910 3000 1966 vobis
3030 1918 3083 1966 ct
3130 1911 3184 1964 in
3233 1911 3337 1967 hoc
3382 1927 3528 1983 pras-

1933 1997 2074 2052 senti
2103 1997 2304 2052 saeculo
2332 2005 2572 2053 vestrum
2603 2005 2850 2054 sanctum
2881 1998 3168 2069 imperium
3211 2013 3337 2054 cum
3379 1999 3528 2054 omni

1934 2085 2292 2158 prosperitate
2339 2085 2514 2158 magis
2561 2101 2628 2142 ac
2672 2086 2851 2158 magis
2897 2094 3184 2142 conservet
3233 2085 3526 2155 incolume,

1937 2173 2207 2245 clarisque
2237 2189 2455 2245 semper
2483 2174 2739 2247 dignetur
2779 2175 2980 2246 ubique
3026 2175 3290 2231 decorare
3338 2175 3533 2230 trium-

1937 2261 2062 2332 phis
2087 2279 2102 2328 ;
2134 2269 2186 2315 et
2207 2260 2262 2315 in
2279 2261 2514 2317 caelestis
2535 2262 2878 2332 postmodum
2903 2262 3128 2336 regione
3148 2263 3535 2334 sempiternam

1940 2349 2172 2421 gloriam
2203 2358 2256 2404 et
2283 2349 2670 2406 beatitudinem
2699 2366 2824 2406 cum
2853 2351 3053 2406 sanctis
3094 2359 3147 2406 et
3193 2351 3381 2408 electis
3423 2350 3537 2406 suis

1942 2435 2145 2491 habere
2172 2438 2458 2492 concedat.
2491 2439 2629 2492 Nam
2661 2447 2712 2493 et
2743 2455 2807 2494 ea
2838 2455 2958 2510 qua:
2986 2455 3084 2510 pro
3111 2455 3276 2496 causa
3315 2439 3538 2495 restitu-

1945 2523 2107 2580 tionis
2136 2526 2579 2580 reverendissimi
2609 2527 2779 2582 Photii
2811 2528 3132 2598 patriarchae
3169 2528 3416 2599 synodali
3444 2518 3541 2583 de-

1946 2621 2096 2668 creto
2126 2613 2590 2684 ConstantinOpoli
2618 2615 3046 2670 misericorditer
3073 2623 3191 2672 acta
3223 2625 3364 2683 sunt,
3398 2616 3542 2672 reci-

1948 2700 2126 2772 pimus
2161 2718 2174 2754 :
2207 2709 2232 2735 ι
2260 2701 2327 2755 Et
2358 2701 2403 2755 si
2425 2701 2659 2758 fortasse
2680 2703 2853 2758 nostri
2871 2703 3034 2774 legati
3052 2703 3105 2758 in
3123 2705 3313 2760 eadem
3333 2703 3546 2776 synodo

1950 2796 2138 2844 contra
2158 2789 2508 2859 apostolicam
2531 2790 2953 2862 praeceptionem
2971 2793 3205 2864 egerint,
3229 2809 3330 2848 nos
3346 2807 3450 2848 nec
3470 2808 3552 2848 re-

1953 2876 2184 2947 cipimus
2215 2892 2317 2933 nec
2341 2877 2651 2946 judicamus
2695 2879 2922 2948 alicujus
2970 2880 3204 2936 existere
3255 2879 3544 2936 ﬁrmitatis.

1953 2965 2090 3020 Data
2118 2965 2306 3021 Idibus
2334 2966 2587 3040 Augusti,
2617 2966 2912 3024 indictione
2941 2983 3065 3024 xm.

2595 3117 2897 3173 CCXCVII.

2372 3218 2444 3258 Αι)
2473 3219 2719 3260 Ριιοτιυιί
2749 3207 2841 3275 (ut
2866 3206 3131 3277 videtur).

2567 3301 2751 3371 (Anno
2782 3303 2930 3372 880.)

1956 3402 2298 3479 Gratulatur
2343 3403 2410 3479 de
2465 3406 2762 3479 concordia
2793 3408 3058 3462 Ecclesiae
3090 3409 3550 3479 Constantinopo-

2028 3475 2225 3528 litanae
2248 3493 2266 3528 :
2289 3477 2538 3548 miratur
2577 3477 2782 3548 multa,
2821 3493 2943 3548 quae
2981 3482 3284 3542 statuerat,
3323 3475 3551 3536 mutata

2025 3560 2142 3600 esse
2158 3564 2176 3609 ;
2197 3545 2468 3622 approbat
2479 3561 2600 3622 qua:
2620 3545 3108 3622 Constantinopoli
3127 3551 3188 3603 in
3201 3550 3438 3622 concilio
3448 3566 3551 3622 pro

2025 3630 2199 3690 causa
2222 3617 2408 3690 Photii
2430 3620 2558 3669 acta
2580 3620 2737 3690 sunt,
2760 3619 2810 3672 si
2832 3617 3024 3674 tamen
3043 3619 3216 3690 legati
3230 3623 3431 3675 contra
3447 3617 3551 3677 sua

2025 3685 2301 3740 mandata
2330 3701 2446 3740 non
2475 3688 2710 3756 egerint.

2027 3790 2141 3844 Hoc
2173 3790 2340 3844 nostri
2372 3806 2588 3861 semper
2612 3792 2925 3847 certaminis
2959 3801 3010 3848 et
3041 3793 3248 3849 laboris
3289 3794 3406 3861 fuit,
3452 3795 3556 3852 hoc

1955 3877 2131 3932 nostri
2163 3879 2270 3933 voti
2299 3878 2496 3945 existit,
2527 3887 2585 3934 ut
2613 3897 2714 3950 pro
2745 3882 3060 3938 orthodoxa:
3079 3881 3204 3938 fidei
3225 3883 3548 3955 integritate,

1958 3983 2055 4022 seu
2111 3981 2208 4036 pro
2263 3975 2405 4023 statu
2463 3975 2516 4022 et
2572 3984 2707 4039 pace
2750 3971 2992 4025 omnium
3029 3970 3129 4026 Dei
3161 3971 3550 4039 Ecclesiarum,

1959 4070 2184 4126 quarum
2215 4069 2350 4110 cura
2396 4057 2840 4129 constringimur,
2891 4059 3030 4114 adeo
3073 4072 3291 4131 operam
3341 4061 3554 4127 demus,

1959 4151 2227 4214 quatenus
2257 4144 2509 4215 dispersa
2539 4155 2964 4219 congregentur,
2988 4157 3323 4221 congregata
3343 4147 3562 4205 conser-

1958 4238 2167 4294 ventur,
2204 4238 2342 4285 etut
2371 4231 2633 4302 quidquid
2671 4233 3016 4288 inhonestum
3061 4235 3146 4289 vel
3189 4236 3346 4290 aliter
3391 4253 3555 4308 quam

1961 4333 2019 4371 se
2052 4317 2320 4372 rectitudo
2347 4317 2512 4371 habet
2543 4335 2643 4387 per
2672 4320 3064 4388 providentiam
3095 4321 3214 4386 Dei,
3244 4331 3555 4378 sanctorum

1961 4403 2333 4474 apostolorum
2363 4404 2569 4459 meritis
2590 4404 3028 4478 suifragantibus,
3053 4408 3384 4478 corrigatur,
3407 4409 3555 4464 omni

1960 4491 2264 4555 conamine,
2288 4491 2440 4559 juxta
2470 4490 2704 4547 otiicium
2735 4493 2894 4548 nobis
2924 4495 3297 4560 commissum,
3349 4513 3551 4567 specu-

1957 4579 2120 4633 lando
2152 4579 2468 4649 satagimus.
2503 4579 2671 4649 Hujus
2711 4581 2791 4636 rei
2836 4581 3009 4654 gratia
3052 4597 3203 4637 more
3252 4584 3552 4654 apostolico

1959 4673 2158 4722 sanctae
2202 4666 2811 4740 Constantinopolitanae
2852 4669 3116 4726 Ecclesiae
3160 4669 3401 4726 misereri
3447 4687 3548 4726 vo-

1957 4754 2150 4820 lentes,
2209 4754 2549 4810 decrevimus
2596 4765 2652 4811 ut
2690 4757 2846 4812 unius
2901 4757 3293 4814 incrementum
3349 4758 3550 4813 nullius

1960 4841 2112 4897 fieret
2139 4842 2544 4910 detrimentum,
2575 4845 2704 4915 quin
2733 4845 2911 4915 potius
2940 4844 3182 4900 omnium
3202 4845 3549 4901 manifestum

1960 4930 2215 4985 existeret
2270 4931 2614 5000 adjutorium.
2675 4933 2978 4988 Convocata
3039 4941 3224 4988 nostra
3279 4933 3545 5002 Ecclesia,

1961 5025 2221 5089 quantum
2253 5019 2322 5072 ad
2352 5035 2595 5088 praesens
2626 5027 2838 5090 tempus
2867 5020 3048 5092 coegit
3084 5021 3403 5089 necessitas,
3446 5038 3549 5078 au-
3574 5019 3585 5030 ⁸

1962 5105 2206 5163 ctoritate
2237 5114 2289 5161 et
2318 5113 2585 5176 potestate
2629 5107 2924 5178 apostolica
2967 5108 3125 5165 dictae
3171 5109 3552 5165 Constantino-

1961 5194 2216 5266 politanaa
2264 5193 2524 5249 Ecclesia:
2568 5195 2958 5262 consuluimus,
3015 5204 3067 5251 et
3111 5197 3304 5268 legatis
3348 5196 3551 5253 nostris

1962 5281 2202 5348 directis,
2233 5288 2291 5335 ut
2319 5279 2585 5338 inoffenso
2633 5283 2775 5354 pede
2819 5283 3150 5351 incederent,
3201 5285 3547 5342 instituimus.

1964 5458 2152 5530 deibus,
2172 5461 2229 5530 _et
2253 5471 2281 5509 a
2301 5458 2503 5530 concilio
2540 5459 2824 5530 [florentino
2841 5461 3152 5526 reprobatam
3175 5462 3346 5529 ﬁxisse,
3370 5467 3548 5530 praeter

1965 5525 2081 5589 alia,
2105 5524 2324 5578 indicant
2345 5526 2440 5578 ista
2464 5525 2632 5578 verba.
2657 5527 2778 5579 Sav.
2806 5524 2916 5579 Βιιιζ
