4028 6180
573 212 671 267 911
1789 207 2085 265 JOANNIS

2225 207 2336 262 PE
2392 208 2531 263 Vlll.
3725 223 3800 279 912

572 336 654 391 De
685 337 839 406 cujus
869 334 1076 392 scilicet
1104 335 1306 390 unitate
1335 334 1485 406 pacis
1515 334 1630 389 sive
1657 333 1948 389 concordia
1977 341 2162 406 gratu-
2191 333 2246 392 A
2267 333 2424 397 belis,
2457 331 2579 388 luce
2609 332 2806 388 clarius
2835 333 3104 400 novimus,
3151 335 3296 390 unde
3325 335 3639 406 multiplices
3661 339 3798 410 gloria:

570 423 766 491 lamur,
808 433 860 479 et
907 424 1290 494 cunctipotenti
1339 423 1568 478 Domino
1617 423 1810 477 laudes
1851 422 2168 477 innumeras
2267 429 2464 475 vestrae
2492 425 2692 493 gratias
2723 421 3038 476 referimus.
3096 423 3234 476 Nam
3277 431 3330 478 et
3373 440 3474 478 nos
3517 440 3611 478 vos
3636 443 3794 498 semper

568 512 908 576 referentes,
977 511 1102 567 licet
1159 511 1210 566 ei
1267 511 1360 582 qui
1417 519 1563 566 tanta
1623 511 1767 566 bona
1824 509 1999 563 servis
2055 509 2166 563 suis

567 599 812 674 largitur,
847 599 1146 671 condignas
1175 607 1360 671 grates
1389 615 1555 669 agere
1575 614 1684 652 non
1704 597 1998 668 possimus,
2022 599 2165 650 hunc

570 688 942 744 benedicimus
972 695 1025 742 et
1073 687 1306 742 assiduis
1348 688 1575 742 vocibus
1621 686 1928 759 gloriﬁcare
1973 685 2162 740 stude-

567 793 708 832 mus.
739 774 924 832 Gloria
955 791 1188 846 namque
1217 774 1284 828 sit
1314 775 1413 841 illi,
1446 784 1499 830 et
1529 775 1706 830 omnis
1725 775 1843 829 laus
1872 789 1938 830 ac
1967 774 2158 838 virtus,

564 865 717 932 cujus
746 864 1022 932 majestate
1050 871 1103 918 et
1133 879 1352 933 semper
1378 863 1737 934 perlaudabili
1759 863 1935 935 gratia
1955 870 2162 917 certata

563 949 628 1022 [Γ.
656 949 897 1023 curvata]
928 951 999 1006 ad
1027 951 1404 1006 rectitudinem
1432 952 1787 1016 reducuntur,
1827 966 1993 1020 prava
2021 949 2159 1004 diri-

558 1046 790 1110 guntur;
820 1039 1160 1095 contumacia
1188 1039 1512 1104 retunditur,
1544 1039 1818 1092 humilitas
1869 1037 2152 1103 exaltetur,

557 1126 764 1182 zizania
793 1127 1119 1200 quandoque
1149 1128 1439 1192 velluntur,
1483 1127 1740 1183 scandala
1781 1133 2151 1197 amputantur,

558 1223 611 1270 et
641 1215 818 1270 omnis
848 1215 1063 1270 bonitas
1092 1223 1474 1288 augmentatur
1507 1233 1520 1268 :
1552 1215 1696 1270 unde
1725 1231 1834 1269 non
1881 1215 1935 1268 in
1971 1214 2150 1283 nobis,

557 1303 656 1358 sed
683 1303 740 1357 in
769 1303 964 1358 eodem
993 1303 1227 1357 Domino
1256 1303 1578 1375 gloriemur,
1604 1303 1970 1371 jucundemur
1989 1309 2042 1356 et
2061 1317 2155 1357 ex-

556 1390 820 1446 sultemus
849 1389 906 1444 in
935 1389 1312 1445 misericordia
1341 1390 1458 1458 ejus
1495 1389 1587 1460 qui
1626 1389 1757 1444 dicit
1797 1407 1810 1442 :
1858 1389 2146 1459 Conﬁdite,

555 1480 688 1551 quia
715 1494 814 1550 ego
844 1479 956 1534 vici
982 1477 1264 1533 mundum
1293 1480 1476 1548 (Joan.
1509 1477 1652 1546 xvr);
1686 1485 1739 1532 et
1769 1476 1822 1530 in
1853 1477 1962 1531 alio
1985 1467 2146 1532 loco:

550 1566 686 1623 Sine
708 1581 822 1635 me,
841 1565 1037 1636 inquit,
1059 1566 1209 1622 nihil
1225 1566 1458 1638 potestis
1479 1567 1668 1636 facere
1689 1566 1872 1636 (Joan.
1904 1567 2026 1635 xv);
2051 1566 2148 1620 sed

549 1667 672 1710 cum
700 1669 800 1709 nos
829 1653 1044 1724 scriptis
1071 1661 1125 1708 et
1153 1653 1336 1708 verbis
1363 1653 1786 1708 misericorditer
1815 1661 1991 1708 tecum
2020 1669 2144 1723 spe-
2170 1681 2224 1740 Β

549 1741 756 1796 cialiter
778 1742 1052 1813 agendum
1073 1756 1196 1796 esse
1211 1741 1635 1807 decreverimus,
1658 1740 1962 1795 mirandum
1984 1741 2140 1796 valde

545 1836 628 1886 est
657 1845 756 1886 cur
782 1829 953 1884 multa
983 1845 1104 1901 qua:
1132 1844 1233 1884 nos
1261 1837 1638 1895 statueramus,
1657 1837 1746 1883 aut
1766 1829 1922 1884 aliter
1953 1829 2141 1884 habita

545 1925 636 1974 aut
665 1926 868 1973 mutata
892 1933 1016 1972 esse
1045 1925 1359 1984 noscantur,
1407 1925 1478 1984 et,
1526 1917 1800 1973 nescimus
1846 1917 2000 1986 cujus
2027 1925 2139 1972 stu-

541 2005 633 2062 dio
687 2005 775 2062 vel
830 2005 1104 2078 neglectu,
1161 2007 1367 2061 variata
1421 2013 1806 2060 monstrentur.
1867 2007 2133 2061 Caeterum

540 2093 790 2150 scribens
819 2093 1146 2148 subintulisti
1176 2093 1339 2165 quod,
1373 2101 1424 2148 te
1455 2093 1706 2161 innuens,
1759 2109 1867 2148 non
1914 2093 2017 2148 nisi
2064 2094 2135 2148 ab

537 2181 722 2253 iniqua
751 2181 1069 2255 gerentibus
1099 2181 1478 2238 misericordia
1507 2181 1575 2236 sit
1611 2182 1936 2253 quaerenda;
1987 2181 2134 2252 quod

535 2277 589 2326 et
616 2285 718 2324 nos
749 2269 816 2324 de
845 2270 931 2324 his
961 2269 1054 2341 qui
1083 2271 1255 2325 Deum
1278 2285 1338 2324 se
1360 2269 1503 2325 scire
1523 2285 1632 2325 non
1652 2268 1850 2335 fantur,
1876 2269 2002 2326 licet
2019 2269 2132 2324 dis-

529 2357 837 2428 pensatorie
892 2356 1139 2424 fatemur,
1196 2365 1376 2414 tamen
1432 2373 1534 2412 nos
1592 2357 1736 2428 quod
1793 2357 1994 2413 lectum
2048 2365 2132 2413 est

532 2457 873 2518 exaggerare
904 2445 1178 2512 nolumus,
1232 2462 1302 2501 ne
1349 2447 1496 2518 quod
1523 2445 1750 2518 dignum
1779 2454 1862 2501 est
1882 2446 2129 2514 judicare

529 2547 834 2606 cogamur;
888 2533 1123 2606 ideoque
1178 2533 1300 2588 talis
1347 2533 1626 2589 excusatio
1668 2533 1845 2601 sileat,
1896 2549 1966 2589 ne
2023 2534 2127 2590 hoc

526 2620 773 2678 dicentes
797 2621 890 2676 illa
918 2621 1189 2676 sententia
1217 2629 1399 2694 tangat
1431 2637 1540 2692 qua
1579 2621 1769 2677 dicitur
1801 2638 1815 2675 :
1855 2623 1948 2678 Vcs
1990 2625 2126 2679 estis

523 2711 623 2782 qui
623 2710 960 2782 justiﬁcatis
980 2726 1072 2768 vos
1090 2726 1279 2766 coram
1293 2711 1645 2778 hominibus;
1661 2711 1807 2766 Deus
1818 2715 2011 2766 autem
2030 2728 2126 2769 no-

522 2797 606 2853 vit
619 2798 788 2854 corda
806 2801 1013 2862 vestra,
1033 2799 1168 2869 quia
1178 2797 1320 2870 quod
1339 2798 1656 2854 hominibus
1671 2799 1857 2854 altum
1868 2801 1972 2868 est,
1996 2799 2121 2855 abo-

521 2883 796 2940 minabile
825 2888 912 2940 est
938 2884 1088 2956 apud
1107 2886 1286 2940 Deum
1303 2885 1455 2954 (Luc.
1479 2887 1624 2953 xvr);
1643 2884 1810 2955 igitur
1829 2885 2120 2940 laudabilis

521 2978 610 3026 tua
638 2971 950 3042 prudentia,
983 2987 1104 3043 quae
1152 2971 1349 3027 dicitur
1391 2971 1750 3026 humilitatem
1796 2973 1958 3042 scire,
2009 2989 2120 3029 non

523 3059 754 3115 moleste
785 3057 923 3114 ferat
970 3059 1114 3131 quod
1162 3059 1234 3114 ab
1282 3059 1532 3115 Ecclesia
1572 3059 1673 3114 Dei
1716 3059 2122 3116 miserationem

516 3147 673 3218 jussa
702 3155 787 3203 est
830 3147 1148 3218 postulare;
1195 3147 1327 3219 quin
1373 3147 1554 3218 potius
1601 3163 1680 3214 se,
1727 3155 1786 3203 ut
1830 3149 2114 3217 exaltetur,

518 3235 782 3306 bumiliet,
814 3243 869 3291 et
904 3235 1209 3291 fraternum
1235 3235 1411 3291 discat
1457 3251 1590 3308 erga
1637 3235 1722 3290 sui
1768 3236 2119 3292 miserantem

518 3339 744 3380 servare
775 3322 1050 3380 affectum.
1083 3322 1220 3392 Quia
1249 3339 1368 3389 nos,
1401 3323 1448 3378 si
1479 3331 1536 3378 tu
1577 3323 1816 3379 debitam
1867 3325 2117 3380 devotio-

520 3427 648 3467 nem
678 3418 731 3466 et
760 3409 1033 3466 ﬁdelitatis
1063 3410 1399 3467 incrementa
1447 3427 1584 3484 erga
1627 3420 1872 3468 sanctam
1909 3413 2115 3468 Roma-

522 3515 646 3554 nam
702 3499 1011 3556 Ecclesiam
1061 3507 1113 3554 et
1161 3506 1405 3554 nostram
1462 3499 1775 3570 parvitatem
1821 3501 2114 3556 observare

519 3585 813 3656 studueris,
845 3595 898 3642 et
928 3595 986 3642 ut
1010 3585 1234 3643 fratrem
1265 3587 1655 3658 avnplectemur
1683 3596 1736 3643 et
1765 3596 1823 3642 ut
1855 3589 2116 3644 charissi-

521 3691 670 3730 mum
699 3675 1008 3746 proximum
1035 3675 1408 3731 retinebimus.
1456 3677 1596 3731 Nam
1643 3684 1696 3731 et
1741 3691 1807 3730 ea
1854 3693 1975 3748 quae
2010 3693 2112 3748 pro

521 3779 689 3820 causa
717 3771 823 3822 tua:
854 3763 1208 3819 restitutionis
1239 3763 1489 3834 synodali
1543 3763 1761 3820 decreto
1801 3764 2110 3820 Constanti-

520 3851 708 3922 nopoli
753 3851 1180 3907 misericorditer
1225 3861 1344 3906 acta
1394 3859 1538 3921 sunt,
1592 3853 1899 3922 recipimus.
1950 3854 2017 3908 Et
2064 3853 2112 3908 si

519 3937 751 3993 fortasse
780 3937 949 3992 nostri
981 3937 1142 4008 legati
1172 3938 1227 3992 in
1256 3939 1446 3993 eadem
1467 3939 1675 4009 synodo
1696 3949 1880 3996 contra
1902 3949 2110 4010 apostoo

513 4022 676 4080 licam
703 4024 1118 4095 praeceptionem
1147 4033 1394 4096 egerunt,
1428 4041 1530 4080 nos
1559 4042 1661 4082 nec
1686 4027 1976 4098 recipimus
2005 4043 2108 4084 nec

502 4112 818 4182 judicamus
845 4111 1071 4182 alicujus
1100 4113 1333 4168 existere
1363 4111 1650 4168 firmitatis.

1143 4227 1470 4282 CCXCVIII.

1005 4328 1078 4368 AD
1107 4327 1362 4370 CAROLUM
1394 4330 1600 4372 REGEI.

1129 4404 1310 4473 (Anno
1335 4403 1486 4468 880.)
2118 4373 2172 4434 D

513 4489 736 4548 Gratias
757 4492 877 4563 agit
896 4491 961 4546 de
990 4492 1112 4561 ejus
1144 4507 1274 4562 erga
1303 4491 1489 4563 sedem
1509 4491 1876 4563 apostolicam
1906 4491 2094 4547 obser-

573 4561 807 4628 vantia;
830 4578 992 4616 suam
1021 4577 1163 4632 erga
1184 4561 1312 4632 eum
1343 4561 1785 4616 benevolentiam
1816 4565 2092 4618 testatur:

574 4633 880 4688 adventum
898 4633 1020 4702 ejus
1029 4631 1130 4702 pro
1146 4631 1411 4702 Ecclesiae
1426 4633 1854 4686 necessitatibus
1867 4648 2094 4702 exspec-

575 4706 681 4766 tat,
713 4706 1008 4772 monetque
1031 4701 1098 4772 ut
1127 4701 1373 4772 aliquem
1405 4701 1650 4770 legatum
1679 4704 1896 4757 mittat.
1943 4701 2087 4769 Que-

572 4772 725 4843 ritur
765 4771 833 4826 de
871 4771 1092 4840 Georgio
1113 4771 1368 4843 quodam
1413 4773 1921 4843 excommunicato,
1968 4775 2082 4843 qui,

569 4842 749 4910 ipsius
793 4841 1152 4912 imperatoris
1201 4842 1542 4896 auctoritate
1577 4843 1782 4911 fultus,
1816 4842 1957 4898 bona
1981 4841 2087 4898 Ro-

565 4926 756 4984 mana;
799 4912 1062 4984 Ecclesia:
1106 4913 1442 4980 invaserat;
1482 4915 1640 4982 rogat
1688 4916 1754 4966 ut
1808 4914 2084 4984 promissa

565 4981 792 5035 auxilia
821 4981 1036 5034 mittat.

555 5084 1034 5146 Excellentissimo
1064 5092 1118 5140 et
1165 5084 1366 5141 dilecto
1413 5084 1522 5140 ﬁlio
1572 5086 1794 5142 Canono
1837 5085 2078 5158 glorioso

483 5171 620 5244 regi.

547 5259 876 5334 Relegentes
909 5259 1111 5332 regalis
1141 5261 1476 5317 excellentia:
1507 5269 1706 5318 Vestra:
1731 5261 1960 5329 litteras,
1977 5262 2072 5318 de-

475 5345 751 5401 votionem
790 5355 1026 5403 vestram
1078 5361 1242 5421 quam
1289 5349 1438 5406 circa
1481 5357 1722 5405 sanctam
1768 5351 2070 5407 Ecclesiam

469 5441 964 5490 matrem‘vestram
1001 5444 1052 5491 et
1095 5436 1242 5492 circa
1286 5444 1530 5493 nostrum
1584 5436 1922 5508 pontificium
1963 5439 2067 5494 ha-

2265 508 2417 579 quasi
2446 509 2701 563 dilectum
2735 517 2788 564 et
2817 509 3120 578 spiritalem
3148 509 3316 564 filium
3351 511 3652 582 retinemus,
3675 525 3713 568 et
3732 517 3794 586 pio

2263 596 2462 651 mentis
2491 595 2686 652 affectu
2717 597 3095 653 desideramus
3116 598 3392 668 amplecti,
3417 607 3470 654 et
3491 615 3590 669 pro
3607 606 3794 675 augenda

2262 684 2434 754 gloria
2463 693 2645 740 vestra
2673 685 2892 740 assidue
2921 685 3134 741 solliciti
3157 686 3536 742 incunctanter
3555 689 3788 746 existimas.

2261 771 2422 841 Quod
2451 781 2634 828 autem
2666 773 2822 828 nobis
2866 773 3180 844 mandastis,
3227 783 3285 829 ut
3320 763 3574 830 vestrum
3611 786 3793 847 aptatum

2259 860 2706 930 prmstolaremur
2732 862 3047 928 adventum,
3079 878 3182 932 pro
3210 877 3400 917 eorum
3439 863 3789 922 adversitatibus

2258 949 2616 1004 emendandis
2647 949 2738 1020 qui
2769 949 2926 1004 nobis
2955 951 3226 1005 contraria
3253 949 3454 1005 inferre
3480 959 3534 1005 et
3575 952 3698 1023 quia
3718 971 3792 1009 no-

2257 1044 2368 1090 stra
2398 1036 2601 1091 ditione
2632 1037 2880 1091 homines
2910 1045 3128 1092 nostros
3149 1039 3472 1093 subtrahere
3497 1050 3788 1109 prmsumunt,

2255 1139 2356 1178 nos
2399 1124 2617 1194 quidem
2667 1133 2910 1180 vestrum
2951 1127 3246 1180 adventum
3272 1129 3396 1198 jtoto
3444 1127 3692 1184 desiderio
3721 1145 3792 1200 pro

2254 1211 2416 1267 tantis
2445 1211 2708 1268 Ecclesiae
2739 1213 2838 1267 Dei
2867 1213 3306 1280 necessitatibus,
3348 1231 3468 1286 qua
3494 1215 3568 1269 ad
3593 1231 3791 1289 augmen-

2251 1307 2362 1354 tum
2392 1300 2580 1372 gloriae
2611 1307 2806 1356 vestra.-
2827 1309 2948 1356 sunt
2968 1302 3341 1368 emendandae,
3365 1296 3665 1358 omnimodo
3680 1314 3792 1375 Opta-

2249 1404 2370 1442 mus
2400 1387 2690 1460 inspicere.
2738 1388 2846 1444 Sed
2890 1389 3028 1444 sicut
3072 1391 3228 1445 vobis
3274 1391 3475 1446 nostris
3510 1391 3792 1462 jampridem

2249 1475 2563 1546 apostolicis
2588 1476 2782 1532 litteris
2813 1477 3211 1550 suggessimus,
3235 1487 3292 1532 ut
3321 1487 3567 1534 vestrum
3593 1479 3793 1536 idoneum

2247 1563 2472 1618 missum
2503 1564 2660 1619 nobis
2689 1565 3046 1632 direxissetis,
3080 1582 3204 1621 cum
3232 1583 3341 1638 quo
3361 1567 3570 1638 aliquid
3587 1568 3794 1624 ecclesia-

2249 1650 2398 1707 sticis
2420 1651 2734 1706 utilitatibus
2751 1653 3117 1723 potuissemus
3131 1652 3414 1724 perﬁcere,
3439 1671 3545 1725 pro
3562 1671 3656 1728 qua
3671 1673 3794 1712 causa

2255 1754 2364 1794 non
2394 1755 2517 1794 eum
2545 1739 2824 1827 miseritis,
2863 1741 3143 1796 miramur.
3195 1741 3568 1810 Quamobrem
3607 1745 3796 1814 petimus

2251 1834 2309 1882 ut
2338 1828 2585 1884 eumdem
2617 1828 2864 1893 missum,
2897 1838 3190 1900 antequam
3218 1829 3466 1897 veniatis,
3518 1831 3663 1886 nobis
3685 1833 3792 1887 diri-

2247 1932 2382 1986 gere
2410 1931 2520 1970 non
2547 1915 2822 1982 omittatis,
2843 1923 2900 1971 ut
2920 1932 3063 1986 cum,
3087 1918 3202 1973 Deo
3223 1917 3540 1985 auxiliante,
3560 1920 3791 1987 veneritis,

2245 2003 2404 2058 nobis
2433 2003 2593 2058 simul
2621 2004 3088 2072 convenientibus,
3121 2021 3253 2060 vera
3280 2005 3428 2062 inter
3453 2021 3558 2062 nos
3592 2007 3790 2074 dilectio,

2244 2099 2430 2161 utpote
2458 2091 2602 2146 inter
2631 2091 2929 2162 spiritalem
2961 2095 3170 2148 Patrem
3193 2101 3245 2148 et
3263 2093 3641 2150 charissimum
3659 2095 3792 2151 ﬁlium

2239 2178 2411 2250 possit
2461 2179 2715 2235 existere.
2767 2181 3037 2235 Praeterea
3083 2189 3368 2253 postquam
3414 2182 3677 2252 Georgius
3715 2201 3790 2239 ex-

2240 2267 2672 2323 communicatus
2703 2259 2758 2322 et
2786 2267 3265 2324 anathematizatus
3291 2287 3416 2325 cum
3447 2271 3661 2326 homine
3690 2271 3792 2326 Wi-

2236 2355 2393 2410 donis
2425 2363 2507 2410 est
2536 2371 2566 2409 a
2597 2355 2754 2410 vobis
2783 2371 3058 2423 reversus,
3091 2357 3309 2412 assiduo
3356 2375 3550 2414 sumus
3591 2375 3791 2415 maerore

2234 2441 2467 2509 turbati;
2501 2459 2568 2498 eo
2597 2443 2742 2514 quod
2771 2444 3030 2500 audacter
3057 2445 3300 2514 veniens,
3335 2447 3494 2518 quasi
3527 2455 3694 2503 vestra
3717 2446 3792 2501 ful-

2231 2537 2316 2585 tus
2347 2531 2684 2597 auctoritate,
2718 2531 2773 2584 in
2801 2531 3166 2602 pr0prietates
3212 2532 3340 2587 olim
3389 2550 3544 2602 suas,
3591 2551 3698 2607 qua
3735 2535 3792 2590 ad

2222 2616 2314 2686 jus
2344 2626 2546 2674 sanctae
2575 2619 2830 2674 Romanae
2850 2619 3134 2688 Ecclesia,
3153 2619 3372 2690 (Carolo
3389 2621 3532 2677 divae
3550 2623 3789 2678 memorie

2228 2704 2558 2776 imperatore
2587 2714 2780 2778 patruo
2809 2714 2993 2762 vestro
3042 2708 3422 2779 concedente),
3469 2711 3792 2784 conlegaliter

2223 2801 2588 2864 pervenerunt
2619 2801 2696 2862 (et
2725 2809 2868 2850 nunc
2897 2811 3072 2866 usque
3095 2796 3206 2864 juri
3250 2805 3440 2853 nostro
3483 2799 3788 2854 defendeba-

2221 2897 2345 2936 mus
2367 2889 2420 2936 et
2437 2881 2796 2950 tenebamus),
2816 2890 3019 2938 temere
3038 2884 3246 2954 pariter
3265 2900 3390 2940 cum
3411 2885 3538 2941 aliis
3555 2886 3790 2952 introivit;

2219 2977 2273 3024 et
2303 2976 2538 3038 nostros,
2563 2969 2656 3041 qui
2679 2969 2733 3024 in
2755 2969 2982 3025 circuitu
3004 2971 3250 3027 homines
3271 2973 3530 3041 existunt,
3557 2973 3786 3046 afﬂigere,

2219 3064 2272 3112 et
2325 3057 2634 3128 depraedari
2689 3073 2799 3112 non
2855 3065 3053 3115 cessat.
3099 3060 3255 3115 Unde
3301 3061 3504 3118 obnixe
3559 3078 3793 3134 rogamus

2219 3153 2458 3202 vestram
2486 3145 2935 3218 magnitudinem,
2967 3155 3025 3202 ut
3065 3147 3204 3203 sicut
3245 3149 3404 3203 nobis
3451 3165 3556 3206 ore
3602 3149 3792 3220 preprio

2218 3232 2562 3315 promisistis,
2585 3241 2650 3296 ,et
2677 3249 2776 3305 per
2808 3234 3096 3305 epistolam
3125 3245 3383 3304 vestram,
3407 3245 3577 3310 atque
3605 3239 3795 3312 legatos

2217 3328 2455 3388 nostros,
2500 3321 2801 3376 Liutvvardo
2848 3323 3150 3378 venerabili
3198 3333 3401 3380 sanctae
3451 3325 3792 3381 Vercellensis

2214 3409 2478 3464 Ecclesiae
2505 3409 2764 3480 episcOpo
2800 3410 3102 3465 mediatore
3148 3413 3433 3480 existente,
3489 3413 3792 3476 mandastis,

2213 3497 2626 3567 praesentialiter
2663 3497 2821 3552 nobis
2863 3497 3164 3568 adimplere
3207 3500 3472 3572 satagatis
3509 3519 3524 3556 ε
3558 3501 3682 3574 quia
3707 3515 3793 3556 nos

2213 3599 2297 3650 ea,
2324 3601 2444 3656 qua:
2464 3585 2618 3640 vobis
2639 3585 3008 3656 promisimus,
3023 3587 3350 3642 omnimodis
3365 3589 3790 3661 adimplebimns,

2211 3681 2298 3727 aut
2328 3673 2551 3728 eosdem
2577 3672 2826 3728 inﬁdeles
2855 3682 3072 3729 nostros
3101 3675 3288 3746 procul
3321 3692 3354 3731 a
3380 3677 3546 3732 nobis
3567 3678 3790 3748 expella-

2210 3761 2298 3826 tis,
2327 3769 2383 3814 ut
2424 3760 2574 3816 nulla
2619 3761 2779 3816 nobis
2831 3761 3084 3829 adversa,
3138 3763 3224 3818 vel
3270 3766 3548 3821 contraria
3594 3765 3788 3821 valeant

2207 3847 2546 3919 aliquatenus
2562 3849 2754 3913 moliri,
2781 3865 3080 3921 quousque,
3107 3851 3221 3906 Deo
3241 3853 3498 3923 propitio,
3525 3869 3628 3910 vos
3647 3868 3791 3908 vene-

2207 3935 2346 3990 ritis.
2381 3934 2584 4003 Quarto
2607 3936 2734 3990 Idus
2756 3937 3113 4008 Septembris,
3139 3938 3332 4024 indict.
3348 3940 3573 3997 decima
3591 3949 3786 4014 quarta.

2857 4051 3142 4108 CCXCIX.

2345 4150 2420 4192 AD
2447 4150 2718 4193 ROXANUI
2749 4152 3223 4197 ARCHIEPISCOPUI
3250 4156 3659 4200 MVRNNAm.

2771 4229 2949 4296 (Anno
2997 4232 3148 4299 880.)

2203 4312 2366 4368 Iubet
2397 4328 2523 4368 eum
2556 4315 2786 4387 Romam
2823 4315 2895 4370 ad
2923 4316 3194 4387 synodum
3233 4335 3406 4374 causa
3451 4318 3787 4378 dissolvendi

2519 4385 2790 4456 quasdam
2821 4385 3154 4457 quaestiones
3183 4388 3469 4446 advenire.

2267 4478 2506 4534 Romano
2536 4481 2950 4552 archiepiscopo
2981 4483 3298 4539 Ravennati.

2265 4564 2402 4635 Quia
2433 4566 2650 4636 bellica,
2683 4568 2794 4624 imo
2822 4569 3092 4626 Saracena
3136 4571 3466 4642 impediente
3518 4573 3785 4648 angustia,

2185 4654 2338 4722 juxta
2369 4670 2554 4710 sacros
2584 4671 2840 4720 canones,
2873 4667 3068 4728 quarto
3096 4659 3298 4714 scilicet
3344 4661 3478 4714 Idus
3519 4661 3784 4729 Octobris,

2190 4741 2459 4811 synodum
2508 4741 2646 4797 sicut
2691 4743 3034 4798 volueramus
3087 4744 3369 4801 celebrare
3417 4749 3786 4820 nequivimus,

2187 4838 2492 4898 Opportune
2523 4829 2790 4901 valdeque
2820 4832 3131 4886 necessario
3161 4848 3294 4888 sane
3321 4835 3687 4904 praevidimus
3737 4842 3785 4887 ut

2185 4915 2327 4971 hanc
2347 4917 2592 4971 eamdem
2611 4917 2804 4972 vrldus
2819 4918 3141 4974 Novembris
3158 4920 3312 4976 istius
3329 4932 3549 4994 quarta!
3567 4923 3786 4980 decima:

2182 5001 2512 5068 indictionis,
2545 5003 2831 5070 adjuvante
2851 5005 3103 5070 Domino,
3126 5022 3519 5066 convocemus.
3544 5010 3785 5081 Quapro-

2179 5098 2300 5161 pter
2329 5091 2737 5146 sanctimoniam
2768 5099 2916 5146 tuam
2938 5094 3214 5149 hortamur
3231 5105 3288 5151 ut
3307 5098 3376 5152 ad
3397 5098 3557 5164 idem
3576 5109 3783 5170 tempus

2178 5177 2296 5232 sine
2325 5177 2474 5234 omni
2505 5194 2675 5245 mora,
2709 5179 2819 5235 imo
2846 5181 2992 5235 omni
3018 5187 3308 5242 occasione
3328 5187 3668 5257 postposita,
3690 5189 3784 5240 Ro-

2173 5282 2320 5322 mam
2348 5282 2632 5332 occurras,
2665 5276 2928 5338 quatenus
2961 5285 3026 5324 ea
3069 5287 3190 5342 qua:
3231 5273 3299 5326 ad
3345 5275 3631 5330 honorem
3674 5274 3779 5328 sive

2171 5354 2458 5410 utilitatem
2489 5364 2690 5410 sanctae
2719 5356 2820 5410 Dei
2851 5357 3113 5413 Ecclesiae
3157 5360 3444 5429 pertinent,
3492 5363 3782 5418 nobiscum

2169 5441 2388 5499 ordines
2417 5449 2471 5499 et
2487 5441 2738 5515 diﬁinias,
2756 5451 2810 5498 et
2830 5444 3004 5500 sancti
3024 5445 3258 5517 Spiritus
3277 5448 3450 5520 gratia
3469 5451 3780 5516 revelante,
