4072 6186
283 281 390 334 913

1461 265 1816 327 EPISLOLE
1868 263 1961 320 ET
2005 265 2357 323 DECRETA.

3493 271 3602 327 9η

280 427 410 475 voto
425 416 698 474 communi
713 381 995 472 decernas.
1014 417 1225 470 Interea
1237 413 1514 487 negotium
1531 412 1634 467 viri
1658 409 1880 466 illustris
1907 388 1964 450 Α
1986 388 2148 487 δοθτὲ
2171 399 2564 487 ξειεξεετθηιυξ·
2592 389 2940 462 Quapropter
2981 393 3142 487 11111.11?
3198 399 3396 449 nostra?
3450 409 3601 487 com-

287 506 596 562 Deusdedit
627 503 853 576 gloriosi
899 503 1076 571 ducis,
1121 503 1213 573 qui
1256 509 1501 556 nostrum
1561 497 1896 570 pontificium

282 594 441 663 adiit,
465 593 657 648 dicens
689 608 748 647 se
776 607 808 646 a
831 601 921 645 tua
951 591 1173 646 solertia
1203 605 1301 660 pro
1331 587 1588 660 conjugio
1615 603 1728 641 sua
1757 601 1896 640 uxo-

284 683 386 746 ris,
419 697 584 753 quam
616 680 758 734 illius
781 679 1247 751 consanguineam
1266 677 1451 731 fateris
1473 676 1725 740 existere,
1741 689 1895 730 com-

291 770 552 824 munione
582 769 876 839 privatum,
911 774 993 821 est
1055 766 1243 836 procul
1297 764 1463 819 dubio
1500 762 1892 824 ventilandum,

284 867 346 912 ut
377 855 638 928 quidquid
677 855 756 910 rei
787 856 992 910 veritas
1019 855 1143 909 hinc
1200 851 1665 915 demonstraverit,
1715 849 1895 905 omni-

285 945 468 1000 modis
493 959 875 1014 exsequamur.
935 941 1039 1011 Qui
1070 957 1166 1012 pro
1195 957 1263 996 eo
1291 941 1435 1013 quod
1469 947 1578 993 tam
1608 938 1700 993 diu
1749 937 1895 1008 apud

284 1049 391 1088 nos
424 1041 508 1086 est
537 1031 873 1096 immoratus,
908 1037 962 1085 et
1003 1030 1070 1084 de
1128 1037 1216 1083 tua
1246 1037 1418 1099 parte,
1479 1027 1573 1099 qui
1630 1025 1894 1081 rationem

285 1121 567 1184 redderet,
620 1135 728 1172 non
785 1126 867 1173 est
915 1119 1182 1184 inventus,
1245 1115 1641 1170 rationabiliter
1698 1121 1816 1168 erat
1863 1128 1896 1166 a

291 1207 457 1263 nobis
489 1207 704 1260 interim
733 1205 1103 1260 absolvendus
1137 1213 1354 1258 :tamen
1385 1203 1510 1274 quia
1538 1203 1593 1256 in
1623 1201 1890 1272 proximo,

298 1295 442 1351 sicut
462 1295 715 1363 diximus,
763 1293 1031 1364 synodum
1062 1292 1194 1363 (qua
1249 1293 1352 1347 hoc
1381 1307 1502 1346 cum
1545 1289 1894 1344 unanimitate

288 1383 524 1438 aliorum
571 1381 1026 1438 consacerdotum
1073 1379 1410 1450 fratrumque
1463 1387 1775 1434 nostrorum
1840 1380 1893 1432 et

282 1480 373 1526 tua
404 1479 484 1526 est
515 1471 658 1525 inter
713 1469 822 1524 alia
875 1468 1342 1540 pertractandum)
1405 1467 1688 1523 celebrare
1731 1465 1894 1520 debe‘

283 1575 429 1622 mus,
462 1557 682 1628 dignius
701 1555 1085 1626 judicavimus,
1119 1556 1265 1628 quod
1295 1563 1349 1610 et
1363 1555 1496 1626 ipsa
1517 1571 1606 1610 res
1637 1559 1893 1624 expetunt

277 1655 433 1700 tuum
462 1644 771 1716 prastolari
802 1644 1112 1712 adventum,
1145 1652 1205 1698 ut
1261 1645 1365 1699 hoc
1413 1641 1660 1714 synodali
1701 1641 1890 1696 discu-

274 1735 478 1790 tiamus
522 1732 777 1804 collegio,
810 1740 864 1787 et
891 1731 1100 1787 alterna
1143 1731 1352 1787 visione
1409 1729 1876 1802 congratulantes,
1908 1736 1962 1796 Β

1998 479 2312 534 monitionis
2358 479 2696 534 sanctitatem
2744 487 2985 534 vestram
3036 481 3388 536 exhortamur
3429 482 3602 552 apici-

1997 567 2119 632 bus,
2155 575 2231 634 ut,
2266 566 2422 620 solita
2451 567 2664 621 desidia
2692 567 2960 636 depoSita,
3005 569 3075 624 ad
3124 570 3375 624 eamdem
3431 587 3602 640 syno-

1995 654 2124 708 dum
2156 655 2382 709 Romam
2412 653 2597 709 venire
2627 670 2737 709 non
2787 653 3073 722 differatis,
3114 665 3403 728 quatenus,
3464 657 3606 714 sicut

1996 741 2250 806 diximus,
2285 758 2348 796 ea
2379 758 2499 813 qua
2529 743 2745 815 agenda
2774 751 2916 809 sunt,
2939 743 3155 799 Christo
3178 746 3420 814 juvante,
3454 761 3604 802 com-

1995 829 2231 884 muniter
2260 846 2608 902 peragamus,
2637 839 2689 885 et
2721 848 2842 902 qua
2891 832 3043 900 juxta
3098 833 3271 887 nostri
3313 833 3603 890 ministerii

1995 916 2175 973 ofﬁcia
2195 917 2485 972 statuenda
2514 927 2658 984 sunt,
2692 919 2979 975 salubriter
3019 928 3341 976 statuamus.
3403 921 3596 978 Videte

1993 1003 2177 1076 itaque
2207 1021 2276 1059 ne
2307 1005 2466 1060 solito
2494 1006 2840 1078 negligenter
2870 1008 3064 1080 agatis,
3100 1025 3168 1063 ne
3199 1009 3243 1063 si
3275 1025 3374 1080 per
3399 1025 3498 1065 vos
3529 1025 3598 1066 ea

1995 1109 2116 1164 qua
2146 1093 2341 1147 honori
2381 1100 2435 1147 et
2467 1094 2628 1147 statui
2658 1103 2860 1150 sancta
2905 1096 3003 1150 Dei
3031 1096 3294 1152 Ecclesia
3321 1105 3446 1152 sunt
3473 1113 3596 1168 pro-

1994 1179 2154 1245 ficua,
2191 1180 2502 1235 inordinata
2532 1183 2914 1252 remanserint,
2949 1191 3020 1250 et,
3047 1185 3194 1256 quod
3223 1201 3332 1240 non
3358 1193 3590 1256 oportet,

1993 1269 2178 1323 venire
2206 1269 2663 1340 contempseritis,
2699 1271 2973 1326 canonicis
3024 1273 3220 1328 ictibus
3253 1289 3362 1328 non
3391 1274 3589 1330 imme-

1993 1355 2098 1411 rito
2131 1355 2422 1411 feriamini.
2455 1359 2594 1412 Data
2614 1356 2788 1428 pridie
2820 1359 3091 1415 Kalendas
3121 1360 3394 1429 Octobris,
3443 1360 3590 1416 indi-

1992 1444 2168 1499 ctione
2189 1459 2307 1499 xiv.

2702 1533 2876 1590 CCCI.

2485 1633 2558 1674 AD
2582 1634 2838 1677 οΑιιοιυιι
2867 1637 3076 1680 REGE“.

2602 1708 2783 1778 (Anno
2822 1711 2973 1781 880.)

272 1822 394 1893 pari
425 1796 696 1876 sententia
734 1796 1092 1875 decernamus
1126 1837 1140 1874 :
1189 1818 1246 1872 in
1275 1833 1384 1890 qua
1412 1796 1575 1872 etiam
1611 1816 1876 1888 quidquid
1981 1796 3587 1893 ιιξξαξιέζξζίςίξιξξζιξρίξτνξίξιξξενρςξιῃξιῃέςρςᾳξᾳιβζγξηξᾳ

272 1925 441 1980 supra
457 1924 720 1981 generum
753 1923 910 1961 suum
937 1907 1212 1972 habueris,
1268 1905 1512 1960 similiter
1540 1904 1757 1959 diffiniri
1779 1905 1873 1973 ju-

275 1997 524 2051 beamus.
563 1997 818 2051 Praeterea
841 1996 950 2064 jam
981 1994 1110 2050 dicti
1141 1995 1240 2049 viri
1287 1995 1503 2063 cunjux,
1562 1993 1728 2047 Maria
1782 2008 1876 2048 no-

270 2085 441 2149 mine,
476 2083 717 2138 libellum
748 2099 860 2138 sua
890 2082 1288 2138 reclamationis
1317 2098 1415 2152 per
1451 2081 1672 2136 Paulum
1711 2080 1870 2152 lega-

264 2181 380 2226 tum
443 2187 596 2225 suum
647 2178 835 2226 nostro
890 2169 1202 2240 prasulatui
1231 2171 1467 2240 dirigere
1536 2168 1866 2240 procuravit,

273 2275 530 2314 asserens
551 2267 697 2313 tuam
726 2258 1062 2313 sanctitatem
1096 2258 1150 2312 in
1178 2258 1379 2328 nuptiis
1409 2273 1510 2327 per
1541 2272 1869 2312 consensum

273 2347 450 2418 patris
479 2347 548 2401 de
591 2361 656 2400 ea
712 2346 931 2410 habitis,
993 2345 1270 2401 consciam
1301 2345 1572 2400 exstitisse
1605 2363 1620 2409 ;
1653 2352 1706 2399 et
1762 2353 1865 2398 tam

268 2435 447 2490 virum
479 2450 637 2488 suum
676 2451 836 2505 quam
887 2450 965 2500 se,
1015 2442 1306 2504 postquam
1352 2448 1460 2487 una
1515 2447 1642 2488 caro
1689 2430 1868 2488 effecti

263 2531 411 2587 sunt,
463 2530 575 2576 tam
623 2521 693 2576 ad
735 2521 1058 2592 spiritalem,
1107 2521 1221 2576 sive
1270 2521 1630 2585 Dominicam,
1705 2536 1863 2591 quam

264 2611 428 2665 etiam
465 2610 535 2663 ad
565 2609 992 2664 communiorem
1048 2623 1315 2672 mensam,
1377 2625 1522 2678 sape
1551 2623 1658 2662 non
1689 2608 1864 2662 solum

267 2697 581 2765 admisisse,
609 2697 704 2752 sed
735 2697 898 2752 etiam
927 2696 1206 2752 invitasse.
1239 2697 1348 2752 Sed
1369 2705 1421 2750 et
1449 2697 1552 2752 hoc
1578 2712 1677 2766 per
1706 2712 1862 2750 eum-

271 2786 396 2841 dem
431 2801 586 2839 suum
631 2784 872 2840 libellum
928 2784 1276 2840 reclamando
1309 2783 1538 2838 innotuit
1570 2784 1714 2854 quod
1744 2785 1864 2838 Ma-

251 2873 506 2942 joranus,
541 2873 630 2944 qui
687 2880 742 2928 et
798 2872 1171 2943 Maginpertus
1218 2871 1484 2926 diaconus
1540 2871 1753 2939 dicitur,
1805 2871 1857 2925 in

261 2977 458 3017 necem
489 2961 573 3014 sui
600 2959 774 3030 patris
795 2959 1154 3022 consenserit,
1189 2967 1382 3030 petens
1411 2976 1440 3012 a
1472 2959 1631 3014 nobis
1669 2975 1731 3014 ex
1756 2960 1859 3016 hoc

2047 1869 2100 1940 ei
2129 1883 2392 1940 prospere
2409 1869 2673 1940 eveniant
2697 1887 2715 1922 :
2737 1871 2975 1940 nuntiat
2993 1869 3299 1925 Saracenos
3319 1888 3352 1926 (ι
3377 1872 3582 1928 Graeci:

2045 1938 2236 2014 vietos,
2259 1938 2426 2008 seque
2452 2013 2456 2014 ί
2471 1938 2794 2014 Saracenis,
2853 1942 2909 1993 et
2926 1941 3058 2014 aliis
3074 1941 3249 2014 etiam
3279 1943 3440 2014 valde
3453 1958 3580 2014 pre-

2043 2010 2124 2092 mi
2137 2023 2341 2132 :tquare
2360 2009 2510 2080 petit
2525 2012 2590 2063 ut
2606 2008 2714 2063 sibi
2731 2025 2902 2081 quam
2921 2010 3197 2065 citissime
3231 2008 3464 2068 auxilio
3478 2027 3574 2068 ve-

2043 2093 2141 2132 nia
2175 2119 2189 2132 .

2042 2093 2189 2133 mat.

1987 2227 2001 2232 _
2042 2165 2267 2220 Canono
2298 2165 2542 2236 glorioso
2569 2165 2708 2237 regi.

2041 2253 2319 2324 Susceptis
2349 2253 2540 2326 gloria
2577 2261 2790 2323 vestra,
2833 2255 3088 2326 spiritalis
3105 2265 3266 2330 atque
3285 2258 3572 2315 desidera-

1970 2340 2092 2396 bilis
2149 2339 2225 2394 ﬁli
2282 2341 2439 2396 nobis
2515 2341 2738 2398 directis
2789 2343 3052 2414 apicibus,
3112 2353 3276 2418 atque
3332 2347 3567 2417 relictis,

1968 2429 2096 2500 quia
2125 2445 2242 2495 vos,
2275 2429 2391 2484 Deo
2411 2429 2631 2501 gratias,
2667 2431 2896 2487 sanitate
2947 2432 3133 2503 vigere
3157 2431 3168 2447 ⁸
3190 2434 3567 2506 cognovimus,

1965 2514 2288 2571 ineffabiliet
2319 2517 2463 2572 ultra
2493 2534 2655 2588 quam
2712 2518 2818 2574 dici
2882 2521 3054 2590 possit
3099 2521 3435 2590 jucunditate
3472 2539 3566 2578 re-

1964 2602 2110 2670 fecti,
2147 2604 2200 2658 in
2233 2605 2466 2660 Domino
2512 2606 2766 2676 gratulati
2823 2623 3051 2663 sumus:
3086 2617 3137 2664 et
3195 2619 3248 2664 ut
3271 2611 3450 2683 magis
3503 2625 3569 2668 ac

1962 2693 2141 2762 magis
2170 2692 2326 2747 vobis
2369 2693 2633 2748 Dominus
2689 2695 2836 2748 Deus
2894 2704 3080 2751 noster
3146 2699 3563 2770 prosperitatem

1961 2781 2186 2848 tribuat,
2245 2780 2578 2851 triumphum
2615 2781 2684 2837 de
2739 2783 3149 2839 adversantibus
3194 2768 3476 2852 concedat,
3509 2795 3564 2844 et

1960 2866 2139 2922 felicia
2169 2876 2413 2938 tempora
2441 2869 2509 2923 ad
2531 2886 2761 2942 regnum
2789 2869 3014 2941 pacifica
3057 2880 3220 2944 atque
3261 2874 3561 2944 justissima

1961 2955 2360 3026 disponendum
2415 2957 2756 3029 multiplicat,
2801 2959 3073 3014 continuis
3113 2961 3252 3017 votis
3309 2963 3561 3019 eumdem

260 3049 676 3105 convenientem
698 3047 982 3116 justitiam,
1013 3055 1065 3103 et
1093 3047 1291 3103 obnixe
1319 3047 1600 3118 postulans
1629 3047 1732 3103 hoc
1779 3048 1860 3102 in-
1887 3083 1936 3145 C
1963 3044 2252 3099 Dominum
2282 3045 2658 3116 deprecamur.
2693 3045 2833 3116 Quia
2862 3047 2996 3102 nihil
3051 3056 3134 3104 est
3189 3050 3428 3118 omnino,
3487 3050 3566 3106 ﬁli

254 3137 568 3192 discussum
599 3151 707 3191 non
727 3135 1050 3207 derelinqui,
1085 3151 1249 3207 quem
1277 3135 1530 3191 videlicet
1563 3133 1862 3206 sapissinie

257 3223 623 3281 Bononiensis
653 3223 942 3295 episcopus
976 3240 1091 3279 sua
1137 3223 1400 3280 Ecclesia
1431 3223 1689 3279 famulum
1719 3241 1862 3296 qua-

252 3329 380 3368 rere
412 3311 633 3367 studuit.
667 3312 835 3381 Hujus
892 3312 972 3367 rei
1031 3311 1223 3385 gratia,
1284 3312 1630 3383 pracipimus
1683 3312 1858 3383 ipsum

251 3401 552 3457 diaconum
581 3399 946 3457 tecum-nobis
960 3400 1288 3456 omnimodis
1315 3399 1582 3466 exhiberi,
1616 3408 1673 3454 ut
1702 3401 1857 3472 quid-

255 3489 390 3561 quid
422 3487 647 3544 rationis
693 3489 830 3546 ordo
885 3489 1217 3560 poposcerit,
1269 3489 1562 3558 adjuvante
1599 3489 1852 3556 Domino,

251 3576 516 3634 canonice
547 3575 868 3632 ventilemus
893 3584 946 3632 et
976 3577 1236 3648 synodice
1259 3584 1577 3632 statuamus.
1609 3577 1746 3632 Data
1793 3593 1853 3634 ιιι

248 3664 528 3720 Kalendas
557 3663 829 3730 Octobris,
863 3663 1157 3720 indictione
1189 3664 1398 3721 decima
1427 3672 1636 3737 quarta.

961 3795 1114 3850 CCC.

961 3796 1090 3852 CCC
1101 3837 1114 3850 .

668 3897 741 3939 an
773 3898 1084 3938 uxxveasos
1111 3899 1426 3938 EPISCOPOS.

863 3973 1045 4041 (Anno
1079 3972 1224 4043 880).

517 4061 585 4117 Ut
610 4062 840 4117 Romam
861 4061 934 4115 ad
959 4060 1233 4132 synodum
1254 4061 1581 4118 adveniant.

315 4164 589 4221 Omnibus
619 4165 891 4237 episcopis
920 4182 1018 4236 per
1074 4166 1327 4222 ducatum
1385 4168 1740 4239 Spoletanum
1794 4176 1846 4223 et

247 4253 681 4320 Cameriensem,
711 4262 764 4310 et
791 4254 862 4308 ad
892 4270 1083 4309 omnes
1113 4255 1402 4326 episcopos
1459 4273 1559 4328 per
1595 4257 1843 4313 diversas

236 4341 555 4414 provincias
585 4342 926 4397 constitutos.

1959 3132 2296 3198 cbarissime,
2330 3133 2487 3189 nobis
2509 3133 2718 3190 dulcius
2748 3135 2990 3208 nihilque
3034 3138 3340 3205 amabilius,
3389 3155 3552 3211 quam

1958 3227 2015 3274 ut
2061 3236 2159 3275 vos
2207 3236 2425 3292 semper
2483 3221 2554 3276 ad
2627 3221 3005 3279 defensionem
3063 3233 3116 3279 et
3166 3226 3552 3282 exaltationem

1956 3315 2157 3364 sancta
2174 3308 2366 3362 matris
2397 3316 2594 3364 vestra
2622 3309 2879 3365 Romana
2932 3311 3198 3368 Ecclesia
3252 3328 3556 3384 cognosca-

1948 3411 2071 3448 mus
2099 3411 2222 3450 esse
2250 3395 2708 3466 promptissimos,
2741 3405 2796 3452 et
2819 3405 2873 3453 et
2902 3399 2982 3454 eis
3013 3400 3104 3470 qui
3134 3415 3254 3455 eam
3309 3401 3542 3458 diversis

1953 3483 2131 3538 modis
2159 3483 2496 3556 impugnant,
2530 3484 2702 3540 libera
2743 3487 3095 3543 correctionis
3149 3503 3216 3545 ac
3243 3489 3546 3561 disciplina

1953 3571 2217 3626 sententia
2246 3571 2536 3628 contraire.
2595 3574 2711 3629 Nos
2740 3581 2938 3643 autem,
3000 3575 3125 3632 licet
3151 3576 3206 3630 in
3252 3578 3550 3634 innumeris

1951 3657 2349 3714 infirmitatibus
2379 3667 2541 3730 atque
2574 3661 2846 3734 angustiis
2894 3664 3192 3732 constituti,
3255 3667 3371 3722 Deo
3427 3683 3556 3740 gra-

1951 3745 2072 3813 tias,
2133 3754 2404 3819 utcunque
2459 3747 2754 3816 valemus;
2787 3750 2886 3806 sed
2943 3759 3070 3807 tunc
3122 3753 3302 3824 potius
3361 3763 3550 3812 nostra

1950 3835 2154 3889 sanitas
2183 3835 2302 3900 erit,
2337 3835 2382 3889 si
2413 3851 2510 3891 vos
2541 3837 2688 3891 omni
2717 3839 3098 3910 prosperitate,
3161 3848 3220 3896 ut
3275 3842 3539 3910 diximus,

1947 3922 2156 3993 pollere
2211 3917 2653 3996 cognoverimus,
2714 3933 2768 3982 et
2813 3927 2884 3982 ad
2941 3928 3096 3983 nobis
3151 3928 3544 3987 conferendum

1945 4010 2196 4066 solatium
2226 4011 2548 4068 festinanter
2596 4029 2910 4080 occurrere,
2945 4024 3004 4071 ut
3069 4017 3279 4073 alterna
3328 4018 3539 4076 visione

1945 4097 2248 4171 loquamur,
2283 4116 2390 4156 non
2425 4102 2539 4172 pati
2594 4118 2776 4158 moras
2833 4104 3192 4161 advertimus.
3253 4107 3540 4175 Caeterum,

1945 4187 2090 4257 quod
2120 4187 2296 4244 dicitis
2328 4197 2386 4243 ut
2413 4189 2780 4246 Liutwardum
2809 4193 3175 4250 venerabilem
3223 4195 3541 4266 episcopum

1941 4290 2286 4330 communem
2345 4275 2559 4331 fidelem
2615 4286 2860 4333 nostrum
2911 4281 2979 4334 ad
3035 4297 3137 4336 nos
3174 4283 3534 4351 pramittatis,

1943 4362 2102 4418 valde
2132 4363 2185 4416 in
2219 4363 2448 4418 Domino
2477 4365 2815 4434 gratulamur
2845 4385 2859 4430 ;
2893 4374 3082 4422 etcum
3111 4384 3234 4422 eum
3265 4385 3366 4439 pro
3396 4386 3539 4426 com-

309 4438 582 4526 Nolumus
609 4439 866 4511 ignorare
885 4447 1123 4494 vestram
1161 4439 1554 4497 fraternitatem
1583 4441 1705 4512 quia
1735 4457 1836 4514 pro
1864 4432 1917 4492 D
1939 4449 2089 4504 muni
2127 4450 2354 4505 utilitate
2385 4432 2601 4521 semper
2628 4452 2896 4508 desudare
2925 4432 3365 4526 cognoverimus,
3416 4475 3535 4512 ma-

231 4525 632 4596 multiplicibus
671 4535 873 4582 sancta
895 4529 994 4582 Dei
1016 4529 1278 4585 Ecclesia
1310 4529 1744 4589 necessitatibus.
1781 4545 1836 4585 γι

233 4614 368 4669 Idus
413 4613 738 4668 Novembris
783 4613 937 4670 istius
994 4625 1200 4688 quarta
1254 4617 1482 4672 decima
1529 4617 1836 4672 indictionis

235 4701 564 4773 synodalem
593 4712 939 4768 conventum,
973 4705 1205 4760 Domino
1238 4705 1548 4774 adjuvante,
1581 4705 1833 4760 celebra-

231 4790 348 4845 turi
378 4807 568 4844 sumus
592 4808 608 4854 ;
631 4799 817 4847 etcum
833 4792 1087 4858 diversis,
1111 4794 1386 4864 pracipue
1410 4793 1829 4860 Saracenorum,

225 4878 642 4948 impedimentis
672 4879 932 4950 implicati
985 4896 1252 4945 essemus,
1312 4881 1658 4952 nequivimus
1709 4899 1830 4938 eum

227 4982 336 5022 suo
367 4975 616 5036 tempore
643 4982 1004 5040 congregare,
1039 4969 1265 5041 dignum
1315 4969 1568 5024 duximus
1613 4971 1683 5025 ad
1731 4987 1832 5026 au-

224 5049 600 5124 gmentandas
629 5057 790 5122 atque
820 5051 1180 5122 perticiendas
1201 5052 1602 5108 ecclesiasticas
1631 5055 1830 5110 utilita-

223 5146 337 5203 tes,
362 5137 453 5192 vel
473 5137 698 5208 prafato
727 5147 970 5210 tempore
1029 5156 1139 5195 non
1197 5141 1550 5210 praetermitti,
1615 5143 1830 5215 quomi-

219 5242 333 5281 nus
361 5233 513 5280 tanta
545 5227 841 5282 necessitas
893 5227 1011 5282 sine
1065 5228 1317 5284 consultu
1365 5229 1594 5284 aliorum
1623 5231 1832 5286 confra-

219 5322 370 5369 trurn
393 5321 702 5368 nostrorum
731 5315 1038 5372 indiscussa
1065 5333 1176 5373 non
1205 5327 1528 5384 remaneret,
1553 5327 1609 5373 ut
1639 5319 1831 5374 vestris

217 5401 545 5457 salubribus
576 5402 816 5458 consiliis
848 5402 985 5470 fulti,
1038 5405 1302 5476 quidquid
1333 5406 1401 5460 ad
1432 5407 1692 5462 honorem
1730 5407 1829 5462 Dei

221 5499 279 5548 et
310 5505 666 5547 communem
693 5491 980 5549 utilitatem
1007 5495 1262 5565 pertinet.
1295 5494 1656 5552 communiter
1697 5511 1828 5570 per-

1939 4553 2107 4608 gnum
2138 4537 2296 4592 nobis
2326 4539 2585 4608 gaudium
2615 4539 2670 4592 in
2717 4539 2953 4595 adventu
2986 4541 3132 4596 illius
3149 4554 3417 4611 nascetur,
3467 4561 3534 4603 eo

1939 4625 2084 4696 quod
2109 4625 2163 4678 in
2192 4625 2362 4695 ipsius
2392 4627 2682 4696 prasentia
2711 4636 2948 4684 vestram
2979 4630 3306 4686 intuebimur
3353 4634 3532 4690 excel-

1936 4712 2178 4767 lentiam.
2213 4715 2512 4781 Postremo,
2574 4714 2996 4782 filicharissime,
3022 4719 3166 4790 quod
3180 4721 3534 4779 sciscitamini

1936 4801 2004 4856 de
2035 4801 2266 4868 Gracis,
2301 4811 2464 4874 atque
2519 4804 2827 4870 Ismaelitis,
2859 4815 2912 4861 et
2969 4808 3176 4863 eateris
3225 4809 3529 4884 quibusque

1935 4890 2134 4945 exteris
2163 4891 2488 4960 nationibus,
2522 4893 2608 4947 vel
2639 4894 2975 4961 concivibus,
3008 4897 3240 4967 qualiter
3277 4915 3365 4953 res
3395 4915 3526 4972 aga-

1934 4983 2040 5044 tur,
2067 4977 2386 5034 brevissime
2419 4981 2832 5050 respondemus.
2868 4983 2975 5038 Sed
3021 4992 3076 5038 ut
3108 4985 3222 5042 hac
3250 4988 3432 5042 omnia
3459 5004 3525 5043 ex

1932 5064 2122 5119 intimo
2155 5067 2318 5122 corde
2347 5076 2508 5138 atque
2537 5068 2784 5123 dolenter
2812 5070 3120 5137 advertatis,
3181 5075 3328 5128 omni
3380 5091 3528 5129 men-

1933 5152 2000 5206 tis
2031 5155 2316 5209 conamine
2347 5156 2704 5211 exhortamur
2738 5173 2750 5212 :
2784 5165 2965 5214 tamen
3003 5162 3120 5216 Deo
3179 5161 3286 5216 sint
3337 5169 3521 5233 grates

1932 5249 1985 5296 et
2015 5241 2204 5296 laudes
2234 5243 2358 5313 quia
2388 5243 2705 5299 Gracorum
2739 5247 2960 5321 navigia
3002 5249 3056 5303 in
3086 5250 3224 5304 mari
3255 5250 3524 5306 Israelita-

1931 5345 2051 5382 rum
2110 5329 2518 5386 victorisissime
2549 5341 2855 5391 straverunt
2897 5337 3215 5412 phalanges,
3293 5347 3344 5394 et
3401 5355 3517 5407 eos,

1928 5423 2087 5485 prout
2118 5417 2380 5471 Dominus
2407 5418 2592 5484 voluit,
2625 5420 2879 5476 debellati
2902 5423 3046 5478 sunt;
3077 5426 3184 5480 Sed
3216 5443 3316 5481 nos
3345 5433 3525 5483 tamen

1929 5511 2040 5559 tam
2070 5503 2174 5576 ipsi
2197 5505 2313 5574 jam
2335 5505 2465 5564 dicti
2504 5508 2790 5565 Ismaelita
2820 5525 2980 5583 quam
3011 5511 3103 5568 alii
3132 5514 3386 5572 concives
3415 5531 3520 5573 no-
