4112 6192
1780 129 1806 150 Ν

527 265 634 319 915

1801 265 2096 323 JOANNIS
2152 267 2344 325 ΡΑΡιΕ
2403 271 2544 327 VIII.

3707 283 3812 335 916

529 387 628 442 stri
655 387 975 459 impugnant
1005 403 1072 444 ac
1125 397 1547 461 persequuntur,
1607 397 1666 444 ut
1721 398 1873 446 extra
1929 407 2118 448 muros
2149 392 2204 454 A
2225 393 2491 451 nefarium
2521 399 2863 456 commisisse
2918 401 3138 473 negavit
3170 421 3185 468 ;
3217 401 3314 458 sed
3345 417 3531 458 coram
3560 403 3810 459 omnibus

526 475 690 544 Urbis
719 475 1022 532 nullatenus
1049 477 1136 531 vel
1193 478 1286 548 qui
1336 478 1526 534 labore
1583 494 1844 534 manuum
1903 497 2122 536 suarum

527 564 716 620 vivere
745 564 980 634 valeant,
1009 565 1096 620 vel
1128 565 1240 636 qui,
1274 573 1328 620 ut
1357 565 1432 620 ita
1488 567 1740 634 dixerim,
1801 567 2125 623 Christiani-

527 659 694 707 tatem
723 653 1070 717 suam,'sicut
1101 654 1278 720 decet,
1339 655 1651 722 observent,
1709 656 1895 727 egredi
1954 656 2123 711 libere

523 740 734 810 possint
765 757 778 794 :
812 756 873 795 ac
900 758 1000 810 per
1029 741 1150 812 hoc,
1182 741 1292 797 imo
1322 758 1419 812 pro
1447 743 1532 797 his
1559 744 1832 809 omnibus,
1881 743 1926 798 si
1967 743 2120 798 citis-

533 827 669 883 sime
699 836 770 892 et,
806 829 1057 884 omnibus
1089 830 1470 884 occasionibus
1498 831 1857 902 omnibusque
1888 847 2120 887 excusa-

525 915 762 971 tionibus
795 917 1109 987 postpositis
1165 926 1217 972 et
1246 919 1587 990 contemptis,
1621 921 1691 974 ad
1745 936 1906 974 omne
1962 920 2121 974 nobis

525 1011 577 1058 et
606 1003 732 1060 huic
763 1005 972 1076 regioni
1005 1007 1160 1061 valde
1181 1007 1404 1085 .aﬁlictae
1435 1007 1830 1062 conferendum
1861 1007 2114 1062 solatium

522 1107 632 1148 non
659 1093 938 1158 veneritis,
974 1095 1164 1164 procul
1195 1095 1360 1149 dubio
1403 1095 1544 1150 scire
1586 1095 1813 1166 potestis
1867 1096 1996 1166 quia
2049 1097 2120 1151 ad

521 1189 809 1250 peccatum
838 1191 1081 1237 vestrum
1111 1191 1163 1236 et
1207 1183 1465 1236 damnum
1511 1183 1752 1238 omnium
1808 1184 1924 1238 haec
1971 1192 2119 1238 terra

520 1268 735 1337 peribit.
771 1270 923 1325 Unde
951 1285 1050 1340 pro
1080 1271 1194 1324 Deo
1245 1269 1560 1325 festinanter
1611 1269 1714 1324 iter
1767 1271 1835 1324 ad
1867 1286 1967 1326 nos
2026 1288 2118 1326 ve-

522 1355 706 1411 niendi
746 1357 1025 1425 assumite,
1061 1364 1113 1412 et
1143 1365 1201 1411 ut
1223 1357 1365 1412 bella
1387 1358 1599 1412 Domini
1620 1359 1736 1414 vice
1757 1359 1898 1413 illius
1912 1359 2119 1430 praelic-

520 1443 672 1513 mini,
706 1446 776 1499 ad
809 1446 1094 1500 beatorum
1133 1445 1505 1515 apostolorum
1562 1447 1768 1514 limina,
1827 1449 1941 1502 Deo
1971 1465 2118 1519 pra:-

523 1531 682 1596 duce,
718 1548 816 1601 pro
847 1531 1279 1587 Christianorum
1307 1533 1546 1588 omnium
1577 1535 1777 1590 auxilio
1805 1543 2114 1606 properate.

522 1619 660 1674 Data
690 1635 748 1674 ιιι
781 1619 1054 1676 Kalendas
1084 1621 1432 1688 Novembris,
1465 1622 1759 1679 indictione
1781 1639 1900 1679 xw.

1244 1745 1442 1801 CCCII.

1042 1845 1143 1886 AD
1200 1848 1585 1890 Ευκιιειιί.

1140 1921 1320 1988 (Anno
1354 1925 1502 1992 880.)

533 2007 829 2082 Deusdedit
873 2011 1256 2082 Ravennatem
1293 2012 1507 2082 injuste
1561 2015 2121 2069 excommunicatum

593 2079 863 2145 absolvit;
884 2080 1186 2146 conﬁrmat
1215 2079 1376 2136 illius
1406 2098 1536 2137 cum
1566 2083 1742 2138 Maria
1779 2099 1959 2140 uxore
1983 2101 2119 2140 con-

587 2150 812 2221 jugium
845 2168 863 2204 :
887 2151 1047 2222 jubet
1075 2167 1205 2207 eum
1231 2152 1484 2223 defendi.

594 2253 1072 2310 Reverendissimo
1101 2263 1153 2311 et
1183 2257 1523 2314 sanctissimo
1563 2259 1802 2314 Romxo
1845 2259 2120 2332 archiepi-

526 2357 694 2413 scopo
713 2342 1016 2397 Ravennati
1045 2359 1146 2415 pro
1176 2359 1343 2400 causa
1365 2346 1660 2401 Deusdedit
1689 2347 2034 2414 Ravennatis,
2068 2356 2122 2402 et

523 2429 692 2486 Leoni
745 2431 1044 2486 venerabili
1101 2432 1362 2504 episcopo
1421 2433 1588 2490 misso
1645 2442 1698 2490 et
1761 2435 2118 2506 apocrisiario

522 2533 747 2574 summae
775 2518 922 2574 sedis
951 2526 1152 2576 nostrae
1187 2522 1520 2592 apostolica,
1552 2522 1787 2589 {necnon
1837 2523 2118 2595 quibusvis

523 2605 707 2662 missis
737 2607 1075 2678 imperatoris
1105 2615 1157 2662 et
1187 2610 1438 2664 omnibus
1461 2610 1758 2679 judicibus,
1801 2619 1854 2666 et
1906 2611 2122 2682 populis

524 2693 757 2750 Romani
801 2695 1056 2750 territorii
1111 2695 1435 2762 constitutis,
1495 2697 1810 2770 cunctisque
1870 2696 2122 2752 fidelibus

525 2789 729 2838 sanctae
756 2783 1038 2849 Ecclesiae,
1072 2784 1435 2854 praesentibus
1463 2785 1670 2842 scilicet
1706 2794 1870 2858 atque
1905 2785 2118 2841 futuris.

597 2869 854 2926 Omnium
882 2872 1241 2926 reverentiam
1269 2872 1620 2944 omniumque
1637 2873 1962 2929 industriam
1984 2875 2120 2930 scire

519 2959 802 3013 hortamur
831 2959 977 3030 quod
1007 2959 1293 3014 Ravennas
1324 2961 1600 3016 Romanus
1654 2962 2118 3032 archiepiscopus,

517 3053 572 3100 et
601 3061 718 3111 ore,
755 3060 881 3102 cum
910 3047 1178 3102 Ravennae
1207 3045 1498 3116 fueramus,
1531 3048 1744 3114 dixerit,
1779 3057 1831 3104 et
1887 3049 2108 3120 scriptis

524 3133 902 3199 transmiserit,
953 3134 1100 3206 quod
1127 3135 1390 3190 nonnulla
1418 3137 1624 3192 incesta
1653 3137 1909 3211 conjugia
1937 3138 1992 3193 in
2023 3154 2122 3192 sua

522 3221 784 3294 parochia
829 3221 1077 3292 fuissent,
1111 3231 1164 3278 et
1223 3224 1460 3295 quotidie
1498 3223 1706 3280 fierent.
1754 3226 1963 3282 Deinde
2025 3242 2124 3298 per

525 3326 683 3366 suum
714 3310 974 3383 legatum,
1007 3311 1352 3368 Dominicum
1407 3313 1659 3370 videlicet
1715 3315 2118 3386 presbyterum,

526 3407 585 3454 ut
612 3399 717 3471 ipsi
747 3399 964 3472 triginta
1007 3408 1059 3454 et
1089 3401 1196 3456 duo
1250 3409 1466 3468 essent,
1499 3401 1730 3458 dicendo
1777 3400 2116 3474 signiﬁcavit,

529 3503 834 3561 suggerens
863 3497 922 3543 ut
951 3496 1133 3544 nostra
1163 3489 1477 3545 auctoritate
1505 3489 1609 3561 ipsi
1639 3506 1735 3546 eos
1788 3491 1978 3546 liceret
2025 3507 2120 3546 ca-

521 3576 718 3632 nonice
748 3592 938 3632 omnes
961 3577 1225 3646 judicare.
1290 3577 1395 3647 Qui
1422 3579 1674 3633 omnibus
1693 3578 1950 3644 dimissis,
1984 3595 2121 3650 quos

526 3664 689 3721 etiam
716 3665 1033 3721 nominatim
1088 3665 1319 3731 dixerat,
1355 3673 1408 3721 et
1447 3667 1560 3722 sola
1590 3667 1840 3722 inductus
1893 3667 2114 3735 invidia,

518 3759 576 3808 ut
607 3769 808 3820 remur,
843 3762 896 3808 et
927 3761 1118 3824 postea
1147 3753 1202 3808 in
1235 3762 1420 3810 sancta
1451 3755 1618 3824 patuit
1660 3755 1886 3826 synodo,
1949 3756 2120 3809 Deus-

521 3842 672 3898 dedit
701 3841 918 3898 fidelem
949 3850 1197 3897 nostrum
1229 3843 1364 3915 (qui,
1399 3843 1526 3898 dum
1569 3845 1840 3899 Ravennae
1897 3842 2114 3910 fuimus,

516 3929 635 4002 ipse
661 3946 831 4000 penes
863 3944 962 3983 nos
993 3929 1231 4000 quotidie
1278 3930 1394 3994 fuit,
1429 3939 1482 3984 et
1511 3947 1696 3986 coram
1727 3947 1834 3996 me,
1896 3938 1950 3986 et
1999 3931 2118 4001 ipso

515 4017 929 4087 archiepiscopo
951 4032 1163 4086 causas,
1195 4025 1252 4072 ut
1297 4017 1578 4086 debuerat,
1619 4018 1929 4089 judicavit),
1963 4026 2118 4088 post-

518 4119 684 4177 quam
732 4105 919 4158 sedem
997 4104 1354 4174 apostolicam
1413 4105 1722 4176 appellavit,
1800 4121 2120 4162 excommu-

517 4191 702 4248 nicare
730 4208 840 4247 non
869 4191 1202 4248 formidavit.
1242 4193 1364 4264 Ipse
1396 4193 1692 4249 Deusdedit
1721 4209 1852 4250 vero
1879 4194 1984 4248 dux
2015 4211 2116 4266 pro

521 4288 713 4336 nostra
767 4278 1024 4336 fidelitate
1067 4281 1151 4335 his
1197 4281 1457 4351 obedivit,
1530 4290 1581 4336 et
1628 4282 1696 4337 ad
1761 4283 2115 4353 apostolicam

519 4368 859 4441 prasentiam
889 4369 1076 4424 venire
1115 4369 1290 4425 modis
1341 4369 1594 4424 omnibus
1648 4369 1940 4426 festinavit.
2001 4371 2116 4426 Nos

2226 498 2284 537 se
2313 483 2658 542 innocentem
2687 489 2942 556 ostendit,
2978 499 3032 545 et
3059 489 3226 546 divini
3255 491 3623 564 mundanique
3671 491 3810 560 juris

2223 572 2546 629 auctoritate
2571 591 2631 630 se
2671 579 3023 650 conjugatum
3047 578 3311 649 probavit.
3332 577 3678 650 Quapropter
3704 595 3810 633 una

2221 673 2344 714 cum
2375 671 2560 717 sancta
2591 665 2802 734 synodo
2833 665 2986 720 illum
3013 666 3366 732 absolvimus,
3409 674 3462 722 et
3491 683 3616 721 eum
3660 682 3808 722 com-

2222 748 2466 804 munioni
2516 761 2718 808 nostra:
2763 754 3091 824 recepimus,
3143 763 3197 810 et
3249 755 3474 809 Mariam
3516 755 3804 827 conjugem

2221 851 2372 890 suam
2399 837 2478 892 illi
2506 855 2732 895 uxorem
2763 853 2884 896 esse
2936 841 3238 914 legitimam
3295 841 3630 914 firmavimus
3688 859 3808 898 cum

2221 924 2598 982 benedictione
2625 928 2726 983 Dei
2755 929 3140 1000 omnipotentis
3169 937 3222 985 et
3249 939 3434 986 nostra
3465 950 3481 996 ;
3513 938 3567 986 et
3596 929 3643 984 si
3661 947 3808 1002 prae-

2220 1011 2360 1067 fatus
2406 1015 2865 1087 archiepiscopus,
2917 1025 3010 1072 aut
3073 1019 3304 1073 ministri
3358 1019 3494 1088 ejus,
3533 1018 3592 1072 in
3646 1019 3809 1073 rebus

2221 1100 2332 1154 suis
2385 1117 2714 1180 suorumque
2757 1105 3037 1160 hominum
3083 1107 3420 1162 invasionem
3489 1115 3542 1162 et
3597 1105 3811 1161 fortiam

2220 1187 2400 1244 facere
2431 1191 2676 1260 voluerit,
2714 1209 2812 1248 vos
2842 1195 3184 1250 Ravennates
3238 1211 3337 1265 pro
3391 1195 3510 1264 ipso
3550 1193 3702 1248 illum
3756 1195 3810 1248 in

2221 1277 2334 1331 suis
2373 1277 2666 1335 defendite.
2709 1281 2846 1336 Data
2891 1285 2959 1338 ut
3011 1299 3204 1356 supra,
3252 1282 3543 1339 indictione
3597 1282 3808 1338 decima

2219 1373 2431 1436 quarta.

2903 1457 3127 1513 CCCIII.

2287 1556 2362 1596 AD
2389 1557 2722 1599 ANSPER'I‘UM
2751 1558 3228 1601 ARCHIEPISCOPUH
3244 1559 3742 1602 IEDIOLANENSKI.

2831 1633 3013 1703 (Anno
3049 1634 3202 1705 880.)

2147 1741 2201 1801 Β
2224 1735 2636 1812 Inobedientig
2655 1755 2784 1812 eum
2825 1741 3037 1810 arguit,
3065 1741 3430 1812 prcecipitque
3450 1744 3516 1796 ut
3535 1741 3814 1797 Rhodon!-

2293 1807 2428 1862 dum
2469 1812 2525 1863 et
2576 1807 2908 1883 Warlenum'
2940 1807 3279 1883 monachos,
3327 1807 3459 1883 ouo:
3501 1812 3717 1883 injuste
3750 1813 3812 1866 in

2291 1894 2576 1950 carcerem
2622 1881 2944 1950 conjecerat
2970 1923 2988 1948 ,
3035 1881 3108 1936 ad
3151 1881 3347 1937 eorum
3406 1881 3818 1938 monasterium

2290 1948 2594 2018 honoriﬁce
2620 1948 2902 2006 remittat.

2290 2055 2588 2112 ANsrnn'ro
2617 2056 3026 2128 archiepiscopo
3057 2056 3464 2113 Mediolanensi.

2289 2143 2558 2198 Decuerat
2589 2151 2660 2210 te,
2684 2143 2852 2199 frater
2881 2145 3214 2212 charissime,
3265 2160 3403 2216 pura
3431 2145 3598 2201 animi
3637 2145 3815 2202 since-

2220 2229 2378 2286 ritate
2435 2247 2555 2286 eam
2603 2233 2960 2287 reverentiam
3009 2249 3239 2306 eumque
3290 2234 3554 2288 honorem
3602 2242 3813 2289 sancta:

2221 2318 2338 2374 sedi
2367 2319 2698 2390 apostolicae,
2729 2321 2817 2376 cui
2847 2322 2961 2376 Deo
2990 2329 3211 2377 auctore
3255 2321 3633 2392 prazsidemus,
3679 2338 3816 2394 quo-

2221 2406 2350 2462 tidie
2378 2407 2714 2478 impendere,
2749 2425 2871 2481 qua:
2899 2425 3072 2481 usque
3102 2411 3171 2464 ad
3201 2417 3291 2464 tua
3321 2417 3570 2480 tempora
3618 2425 3814 2465 omnes

2220 2495 2295 2549 tui
2321 2496 2760 2565 praedecessores
2809 2497 3154 2552 laudabiliter
3207 2499 3469 2564 viventes,
3523 2497 3652 2554 huic
3705 2499 3816 2553 Ec-

2221 2583 2402 2638 clesia
2431 2583 2736 2638 obtulerunt
2762 2601 2938 2655 prona
2965 2585 3163 2640 mentis
3191 2585 3496 2640 devotione.
3559 2586 3664 2640 Pro
3709 2601 3818 2656 qua

2221 2687 2282 2726 re
2312 2671 2428 2740 ejus
2445 2671 2658 2743 gremio
2670 2673 2925 2744 suscepti,
2959 2673 3178 2744 quidam
3207 2689 3318 2744 pra:
3336 2673 3614 2730 nonnullis
3629 2689 3816 2728 amore

2220 2759 2404 2814 dilecti
2425 2768 2547 2815 sunt
2580 2779 2594 2827 ;
2631 2761 2728 2816 sed
2758 2777 2907 2827 ecce,
2939 2763 3215 2834 quodsine
3231 2761 3420 2817 dolore
3449 2762 3557 2816 dici
3577 2777 3688 2817 non
3715 2777 3816 2833 po-

2220 2854 2344 2916 test,
2378 2847 2565 2904 nescio
2595 2864 2703 2920 qua
2735 2849 2942 2922 antiqui
2982 2851 3156 2905 hostis
3197 2849 3405 2915 fraude,
3451 2866 3484 2904 a
3513 2850 3602 2905 die
3659 2849 3816 2905 ordi-

2221 2935 2454 2990 nationis
2482 2943 2607 3000 tute,
2641 2945 2691 2991 et
2723 2945 2965 3008 tempore
2995 2939 3307 3006 senectutis,
3332 2945 3520 2994 contra
3565 2945 3818 2993 sanctam

2222 3024 2526 3079 Romanam
2572 3025 2877 3081 Ecclesiam
2923 3035 3151 3080 matrem
3201 3034 3346 3080 tuam
3392 3041 3499 3082 non
3558 3025 3820 3081 destitisti

2151 3094 2200 3156 Ο
2220 3127 2366 3168 nunc
2393 3112 2735 3178 inobediens,
2765 3129 2908 3170 nunc
2937 3113 3162 3169 dolosus
3217 3123 3270 3169 te
3323 3113 3628 3184 patefacere
3663 3132 3678 3169 :
3711 3129 3822 3186 qua

2219 3201 2543 3256 necessitate
2572 3201 2856 3272 compulsi,
2890 3209 2942 3256 te
2972 3203 3249 3272 corripere
3268 3201 3566 3273 apostolico
3595 3201 3820 3274 ﬂagello

2220 3305 2400 3359 opera:
2423 3289 2655 3360 pretium
2687 3289 2936 3344 duximus
2960 3309 2974 3356 ;
3007 3290 3106 3345 sed
3135 3289 3328 3344 iterum
3355 3298 3586 3361 paterna
3641 3291 3818 3345 miseo

2221 3377 2424 3432 ratione
2453 3385 2506 3432 te
2535 3378 2605 3432 ad
2635 3393 2737 3433 nos
2766 3378 3034 3432 reducere
3060 3394 3169 3434 non
3189 3377 3664 3449 praetermisimus,
3689 3395 3817 3450 spe-

2219 3472 2403 3520 rantes
2435 3465 2488 3519 in
2519 3473 2568 3520 te
2597 3465 2666 3520 de
2695 3465 2908 3537 reliquo
2936 3465 3146 3520 nullum
3175 3465 3466 3538 vestigium
3513 3465 3666 3522 circa
3712 3482 3819 3522 nos

2218 3553 2393 3623 culpae
2423 3553 2606 3624 aliquo
2635 3553 2799 3609 modo
2827 3554 3089 3624 reperire,
3121 3554 3245 3624 quia
3299 3561 3349 3610 et
3394 3551 3667 3624 professio
3725 3563 3820 3610 tua

2218 3641 2324 3696 hoc
2343 3656 2525 3696 coram
2543 3641 2700 3696 nobis
2715 3641 3071 3710 jurejurando
3119 3640 3628 3713 spoponderat.En,
3673 3643 3819 3699 bone

2219 3729 2320 3796 vir,
2380 3729 2584 3800 aliquid
2627 3730 2862 3785 deterius
2916 3730 3253 3786 committere
3299 3745 3406 3784 non
3481 3729 3814 3800 formidasti,

2217 3833 2342 3871 cum
2363 3817 2628 3888 quosdam
2657 3820 2954 3875 monachos
2985 3826 3202 3874 nostros
3255 3817 3472 3874 nomine
3528 3817 3816 3874 Rhodoal-

2218 3905 2367 3971 dum,
2401 3913 2454 3960 et
2481 3905 2822 3973 Warlenum,
2861 3909 3034 3963 Roma
3086 3907 3155 3961 ad
3209 3922 3364 3961 suum
3422 3908 3816 3962 monasterium

2217 3993 2556 4049 Pultariense
2598 3994 2702 4049 iter
2756 4003 3064 4066 carpentes,
3111 3994 3534 4065 comprehensos
3583 3995 3819 4063 jusseris

2216 4080 2308 4136 diu
2338 4081 2440 4135 sub
2470 4082 2729 4138 custodias
2774 4083 3004 4139 vinculis
3051 4082 3342 4138 reservari.
3404 4079 3565 4150 Quod
3621 4082 3814 4154 quanti

2215 4169 2412 4240 piaculi
2443 4169 2510 4224 sit
2539 4187 2674 4226 sano
2706 4171 2981 4228 intellectu
3008 4171 3126 4242 ipse
3153 4169 3455 4242 perpende,
3519 4178 3816 4242 quantum-

2214 4273 2320 4329 que
2345 4259 2585 4314 dedecus
2605 4259 2752 4314 sedis
2775 4260 3108 4330 apostolica,
3141 4275 3263 4331 quae
3292 4259 3508 4314 Christo
3557 4267 3812 4324 auctore,

2215 4346 2380 4401 etiam
2410 4347 2464 4401 in
2493 4347 2756 4403 barbaras
2784 4348 3030 4404 nationes
3081 4347 3257 4402 libera
3285 4363 3506 4418 semper
3562 4347 3682 4404 visa
3732 4354 3818 4402 est

519 4433 676 4512 suam
705 4473 923 4512 causam
980 4457 1282 4523 audientes,
1341 4465 1394 4512 et
1424 4456 1515 4529 qui
1545 4473 1669 4513 eum
1717 4473 1977 4514 accusare
2007 4473 2117 4513 non
2135 4445 2187 4506 D
2222 4433 2370 4529 “fugi
2400 4435 2673 4529 Ῑθὲδίὶίξῐιθ
2705 4437 2901 4529 ε-(ἶιιοά
2927 4434 3086 4491 nefas
3113 4435 3320 4529 malunt
3335 4435 3436 4490 snb
3464 4435 3616 4529 omni
3637 4434 3834 4529 -cele-»

520 4545 840 4613 debuerant,
894 4562 959 4600 ex
987 4553 1144 4616 parte
1172 4545 1568 4616 archiepiscopi
1597 4561 1707 4600 non
1751 4545 2110 4611 invenientes,

517 4641 834 4706 poteramus
863 4633 1037 4704 ipsum
1057 4633 1346 4688 absolvere
1377 4651 1392 4694 :
1426 4633 1522 4688 sed
1579 4634 1870 4700 noluimus,
1916 4650 2117 4706 usque-

521 4737 630 4794 quo
661 4721 1071 4792 archiepiscopo
1127 4720 1484 4786 misissemus,
1547 4721 1656 4776 imo
1711 4722 1798 4776 cui
1846 4722 2112 4788 misimus,

521 4810 768 4866 dicentes
799 4825 811 4865 :
845 4817 902 4863 ut
930 4808 1046 4880 ipse
1075 4807 1520 4879 archiepiscopus
1534 4825 1636 4880 pro
1657 4809 1872 4864 statutis
1901 4817 2117 4866 sancta-

523 4913 646 4952 rum
677 4897 777 4951 Dei
807 4896 1269 4964 Ecclesiarum,vr
1303 4896 1430 4950 ldus
1457 4897 1786 4952 Novembris
1823 4897 1894 4952 ad
1951 4913 2113 4968 syno-

523 4986 654 5041 dum
675 4984 1054 5041 celebrandam
1075 4984 1298 5049 veniret,
1349 4984 1603 5039 deferens
1647 5000 1834 5040 secum
1889 5001 2116 5040 accusa-

522 5083 672 5130 tores
703 5079 752 5128 et
774 5081 958 5142 testes,
991 5079 1258 5144 quatenus
1288 5071 1372 5126 his
1411 5072 1602 5128 delatis
1632 5073 1910 5144 negotium
1941 5074 2114 5128 Deus-

521 5162 672 5218 dedit
700 5162 842 5216 inter
869 5160 974 5216 alia
1002 5160 1262 5216 canonice
1280 5159 1608 5215 ﬁnissemus.
1643 5160 1750 5230 Qui
1795 5177 1893 5233 pro
1939 5178 2000 5216 se
2031 5161 2111 5216 sui

523 5249 761 5305 cardinis
792 5247 1135 5304 Dominicum
1163 5248 1564 5319 presbyterum,
1599 5258 1650 5304 et
1693 5251 1957 5305 Joannem
2004 5249 2114 5304 dia-

527 5351 722 5392 conum
752 5335 1298 5400 misit,transmittens
1326 5351 1448 5390 cum
1482 5335 1588 5391 illis
1616 5337 1848 5407 scriptas
1878 5353 2112 5394 accusa-

528 5423 705 5478 tiones
737 5441 750 5478 :
785 5425 978 5496 quibus
1006 5423 1220 5495 scriptis
1248 5439 1432 5479 coram
1463 5432 1646 5478 sancta
1672 5425 1882 5494 synodo
1935 5425 2109 5491 lectis,

524 5511 595 5566 ad
625 5525 692 5566 ea
717 5511 1013 5570 Deusdedit
1054 5511 1352 5584 respondit,
1412 5519 1464 5568 et
1510 5528 1570 5568 se
1624 5513 1892 5570 incestum
1949 5520 2112 5588 atque

2219 4522 2376 4578 ritate
2407 4523 2700 4579 emendare
2728 4525 3024 4592 hortamur,
3055 4531 3110 4580 et
3153 4523 3444 4595 praedictos
3485 4523 3588 4578 Dei
3629 4521 3819 4578 famu-

2217 4610 2300 4666 los
2329 4626 2452 4666 cum
2469 4611 2724 4667 omnibus
2739 4611 2854 4667 suis
2873 4612 3078 4668 illaesos
3089 4611 3238 4667 abire
3261 4611 3485 4682 patiaris
3503 4612 3577 4666 ad
3604 4611 3814 4679 locum,

2215 4699 2508 4755 miserante
2538 4701 2675 4766 Deo,
2710 4715 2822 4757 sum
2851 4699 3216 4761 habitationis.
3273 4701 3342 4754 Et
3371 4699 3512 4756 sicut
3541 4708 3636 4754 tuo
3682 4715 3821 4756 con-

2217 4786 2336 4843 silio
2365 4803 2462 4858 pro
2489 4795 2640 4844 certo
2669 4804 2765 4844 eos
2793 4788 3150 4862 cOgnovimus
3205 4804 3329 4844 esse
3374 4788 3698 4844 innocenter
3726 4803 3820 4844 cu-

2216 4874 2772 4946 stodiaemancipatos,
2805 4877 2898 4942 ita,
2923 4884 2976 4932 te
3007 4876 3260 4944 faciente,
3293 4875 3532 4932 sciamus
3580 4877 3818 4932 eosdem

2213 4961 2454 5017 funditus
2481 4972 2532 5018 et
2561 4979 2684 5020 cum
2713 4964 3043 5035 competenti
3097 4966 3305 5020 honore
3333 4964 3612 5020 dimissos.
3666 4965 3812 5020 Data

2213 5067 2402 5107 mense
2419 5052 2761 5120 Novembris,
2793 5053 3089 5108 indictione
3115 5067 3235 5108 xw.

2889 5159 3112 5214 CCCIV.

2371 5256 2375 5260 ’
2452 5260 2526 5300 ΑΒ
2553 5259 2890 5302 εΑιοιιιοΝΕιί
2913 5260 3353 5303 PROCURATORKH
3379 5261 3576 5302 PAPIB.

2817 5334 3000 5404 (Anno
3032 5335 3182 5406 880.)

2711 5418 2974 5490 Ejusdem
2991 5419 3336 5490 argumenti.

2283 5514 2569 5571 SALouom
2600 5514 2940 5588 procuratori
2971 5514 3166 5586 Papiae.
