4028 6180
256 250 371 305 91⁸1

1434 204 1791 296 Episrom
1846 238 1947 296 ar
1990 239 2337 298 DECRE‘I'A.

3458 249 3562 302 918

338 368 652 443 Apostolica
707 367 806 423 tibi
854 366 1173 423 auctoritate
1227 364 1574 437 praecipimus
1629 372 1688 419 ut
1739 379 1862 420 mo-
1893 364 1949 425 Α
1970 364 2318 436 praecipimus
2347 373 2405 420 ut
2429 366 2499 421 de
2527 365 2785 436 praesenti
2830 366 3058 422 Romam
3104 368 3176 422 ad
3220 368 3407 424 limina
3449 385 3572 425 san-

256 461 476 516 nacbos
522 465 760 523 nostros,
802 456 858 510 id
900 462 979 510 est
1032 454 1412 510 Bhodoaldum
1442 461 1495 508 et
1524 452 1870 519 Warlenum,

259 564 429 620 quos,
462 554 648 617 spreto
680 544 779 599 Dei
807 544 1023 609 timore,
1046 558 1079 598 a
1099 542 1376 597 liminibus
1408 549 1717 597 sanctorum
1750 556 1876 611 apo-

263 636 536 691 stolarum
565 633 637 690 ad
668 648 825 687 suum
853 630 1243 687 monasterium
1273 638 1627 697 revertentes,
1661 637 1716 683 et
1745 629 1875 683 sim-

260 724 483 795 pliciter
510 737 611 792 per
638 721 784 776 viam
822 720 1157 792 gradientes,
1197 717 1664 788 comprehendere
1708 732 1874 771 ausus

262 810 422 866 fuisti
451 818 503 865 et
533 809 589 863 in
617 808 864 863 custodia
894 807 1151 871 retinere,
1184 806 1300 860 sine
1328 804 1475 859 omni
1515 820 1673 859 mora
1705 811 1758 859 et
1785 804 1873 858 di-

261 899 475 954 latione
502 896 738 951 dimittas
766 910 892 951 cum
933 894 1185 949 omnibus
1228 893 1341 947 suis
1384 893 1584 947 reverti
1613 892 1683 947 ad
1715 908 1872 946 suum

258 986 663 1042 monasterium
696 999 857 1039 sanos
885 991 1046 1053 atque
1075 980 1296 1036 illaesos.
1331 979 1472 1049 Quia
1500 988 1712 1035 tantum
1742 995 1868 1036 sce-

256 1076 352 1129 lus
384 1083 438 1130 et
465 1073 713 1142 iniuriam
735 1086 834 1142 pro
858 1072 963 1125 hac
984 1086 1043 1124 re
1064 1070 1119 1124 in
1140 1070 1329 1124 sedem
1348 1068 1701 1139 apostolicam
1723 1084 1871 1124 com-

259 1162 482 1226 misisti,
515 1176 617 1231 pro
646 1160 843 1229 quibus
866 1160 1012 1227 juste
1055 1172 1247 1213 carere
1283 1157 1554 1211 debueras
1593 1156 1871 1212 consortio

261 1249 448 1304 omnis
494 1246 951 1303 Christianitatis:
985 1254 1036 1301 et
1072 1245 1324 1310 fatemur,
1373 1245 1420 1299 si
1460 1245 1566 1300 hoc
1615 1244 1871 1300 continuo

261 1352 378 1391 non
408 1336 806 1399 emendaveris,
839 1350 872 1389 a
903 1334 1250 1404 perceptione
1280 1332 1528 1403 corporis
1555 1341 1609 1387 et
1638 1332 1869 1404 sangui-

260 1425 354 1479 nis
392 1424 607 1479 Domini
646 1422 820 1478 nostri
855 1423 985 1477 Jesu
1026 1421 1226 1476 Christi
1264 1430 1317 1475 et
1358 1421 1577 1476 introitu
1623 1421 1870 1476 ecclesiae

264 1519 323 1567 te
351 1512 784 1582 prohibebimus.
820 1512 959 1566 Data
987 1525 1185 1566 mense
1225 1509 1542 1574 Novembri,
1574 1508 1868 1564 indictione

262 1599 482 1656 decima
511 1607 719 1671 quarta.

971 1703 1167 1758 CCCV.

614 1806 687 1846 AD
725 1805 1094 1847 ADELBBBTUM
1131 1805 1516 1846 MARCHIONEI.

884 1881 1065 1950 (Anno
1103 1881 1252 1948 880.)

267 1972 347 2027 Ab
373 1968 965 2026 exeommunieatione
994 1984 1125 2022 eum
1154 1968 1407 2031 absolvit,
1438 1968 1664 2037 ejusque
1697 1965 1869 2021 homi-

260 2065 264 2069 ·
335 2057 458 2105 nes,
494 2042 545 2096 si
573 2041 754 2109 spatio
781 2039 1104 2109 quindecim
1152 2038 1374 2093 dierum
1418 2039 1576 2093 intra
1614 2051 1866 2091 mensem

335 2113 606 2167 Martium
638 2109 900 2164 Ecclesia:
930 2109 1335 2179 satisfecerint.

338 2219 679 2271 Annaeum
709 2213 1027 2269 marchioni.

336 2304 414 2359 Te
442 2319 573 2359 vero
603 2303 725 2373 quia
753 2318 1077 2359 conversum
1107 2309 1159 2356 et
1188 2300 1404 2357 ﬁdelem
1435 2301 1577 2357 circa
1622 2308 1865 2357 sanctam

266 2393 577 2447 Romanam
624 2390 926 2446 Ecclesium
974 2398 1027 2444 et
1069 2405 1171 2444 nos
1216 2389 1606 2461 cognovimus,
1657 2390 1865 2461 absque

264 2488 457 2535 tenore
488 2480 556 2533 ab
584 2480 729 2534 omni
757 2477 1317 2533 excommunicatione
1366 2477 1727 2542 absolvimus;
1762 2478 1864 2532 ho-

263 2568 511 2623 minibus
541 2567 645 2621 tuis
674 2566 773 2621 sub
800 2582 866 2621 eo
895 2574 1082 2621 tenore
1126 2581 1338 2621 sacram
1385 2565 1663 2621 reddimus
1707 2580 1864 2621 com-

259 2656 610 2721 munionem,
661 2663 718 2708 ut
762 2670 981 2709 omnem
1026 2653 1492 2720 emendationem,
1547 2652 1685 2708 sicut
1730 2668 1865 2724 pro-

259 2744 493 2799 missum
523 2751 624 2811 est,
659 2741 839 2797 facere
868 2742 937 2796 ad
966 2741 1270 2813 quindecim
1303 2741 1421 2796 dies
1449 2740 1591 2795 intra
1619 2757 1865 2796 mensem

258 2832 519 2887 Martium
548 2830 769 2886 omnino
798 2830 1120 2886 accelerent.
1155 2828 1313 2897 Quod
1342 2830 1389 2883 si
1414 2831 1518 2884 hoc
1549 2828 1731 2885 facere
1761 2845 1865 2884 ne-

260 2920 570 2993 glexerint,
639 2934 831 2975 omnes
886 2918 987 2973 sub
1044 2919 1238 2974 eadem
1306 2916 1865 2974 excommunicatione

256 3016 643 3081 permaneant,
674 3008 851 3064 donec
880 3008 1073 3062 iterum
1101 3007 1170 3062 de
1199 3006 1520 3077 perpetratis
1557 3006 1712 3060 malis
1743 3005 1865 3076 ple-

260 3111 398 3151 nam
439 3095 639 3151 faciant
685 3094 1128 3151 satisfactionem.
1176 3095 1311 3150 Data
1357 3098 1423 3150 ut
1469 3111 1661 3167 supra,
1710 3092 1858 3148 indi-

257 3184 449 3241 ctione
477 3198 598 3238 xxv.

484 3408 557 3449 AD
595 3407 899 3450 ΟτΕκΛκυΠ
926 3407 1295 3448 νιεΝΝεΝεειι
1320 3407 1645 3448 EPISCOPUI.

873 3482 1054 3552 (Anno
1110 3480 1263 3550 880.)

259 3572 474 3643 Arguit
501 3570 642 3643 quod
668 3573 858 3641 faveat
885 3572 1049 3643 sociis
1079 3571 1322 3633 Bosonis,
1358 3570 1521 3641 idque
1541 3586 1575 3643 a
1595 3585 1652 3624 se
1682 3570 1864 3643 impe-

334 3640 465 3697 rari
490 3640 741 3707 asserat;
768 3642 1029 3712 praecipit
1057 3644 1124 3696 ut
1152 3643 1383 3712 Romam
1407 3640 1639 3696 decedat
1666 3643 1733 3694 ut
1759 3640 1867 3696 cri-

334 3714 499 3768 mina
528 3728 651 3784 qua
676 3711 787 3785 ipsi
815 3712 1163 3779 obiiciuntur
1193 3711 1400 3766 diluat.

337 3817 615 3873 Οτειωίο
644 3826 669 3853 ³
698 3817 992 3873 Viennensi
1021 3816 1297 3887 episcopo.

339 3907 488 3962 Inter
513 3906 742 3961 eximios
768 3922 910 3961 nunc
940 3921 1114 3977 usque
1143 3904 1343 3959 Christi
1364 3904 1465 3960 Dei
1490 3902 1662 3959 nostri
1691 3917 1871 3957 sacer-

257 3996 425 4052 dotes
473 4003 526 4050 te
570 3994 772 4049 habere
814 4002 1114 4065 tenereque
1157 3993 1395 4048 omnimo
1439 3992 1724 4057 volumus;
1774 3990 1872 4045 sed

259 4084 400 4157 quia
442 4082 828 4139 ecclesiastica:
866 4082 988 4153 paci
1035 4090 1089 4138 et
1130 4081 1342 4137 utilitati
1387 4080 1658 4137 contraria
1704 4095 1873 4152 agere

257 4172 519 4227 audimus
544 4214 557 4237 ,
608 4170 768 4226 valde
813 4170 1099 4235 miramur,
1147 4169 1495 4225 nihilominus
1558 4177 1611 4225 et
1672 4167 1875 4223 turbati

258 4260 569 4325 existimus,
603 4274 670 4325 eo
698 4258 865 4330 quod,
917 4258 1055 4314 sicut
1095 4256 1334 4313 ﬁdelium
1380 4257 1552 4313 relatu
1600 4255 1874 4326 comperi-

260 4364 414 4414 mus,
439 4348 525 4402 his
555 4347 647 4419 qui
676 4362 802 4403 cum
830 4347 1042 4402 Bosone
1072 4353 1466 4416 praesumptore
1488 4352 1542 4400 et
1563 4343 1722 4415 regni
1750 4359 1870 4415 per-

1974 460 2185 508 ctorum
2216 453 2584 524 apostolorum
2614 462 2964 526 nostramque
3010 455 3357 525 prasentiam
3384 456 3571 513 venire

1971 557 2254 611 procures,
2289 550 2347 596 ut
2376 542 2446 597 de
2477 542 2676 597 talibus
2705 550 2757 598 te
2786 543 3101 597 criminibus
3130 545 3446 599 secumdum
3477 560 3574 600 au-

1972 629 2276 684 ctoritatem
2320 640 2631 686 sanctorum
2682 631 2901 685 Patrum
2948 646 3135 687 coram
3173 632 3332 686 nobis
3361 640 3414 687 et
3443 633 3574 688 sede

1972 718 2269 787 apostolica
2300 717 2682 774 satisfaciendo
2726 734 2959 791 purgare
2988 719 3193 785 valeas,
3226 728 3493 791 quatenus
3521 729 3576 776 te
3645 739 3649 743 ν

1971 806 2115 861 inter
2170 805 2366 862 fratres
2413 815 2465 861 et
2510 807 2932 862 consacerdotes
2988 808 3226 863 retinere
3277 808 3576 864 valeamus.

1972 892 2133 962 Nam,
2166 894 2313 964 quod
2346 910 2456 949 non
2486 895 2783 961 credimus,
2817 895 2863 949 si
2897 895 3054 951 aliter
3082 894 3296 961 feceris,
3323 904 3376 951 et
3396 897 3583 953 venire

1975 981 2291 1048 distuleris,
2341 983 2518 1038 donec
2565 984 2703 1038 hanc
2746 992 2989 1038 nostram
3031 984 3334 1052 jussionem
3382 985 3574 1057 imple-

1971 1069 2135 1137 veris,
2171 1069 2317 1125 scias
2344 1077 2397 1125 te
2427 1070 2576 1125 omni
2615 1070 2917 1143 episcopali
2961 1070 3137 1128 oﬁicio
3183 1088 3305 1128 esse
3352 1072 3581 1143 privan-

1970 1158 2119 1213 dum.

2653 1230 2899 1285 CCCVII.

2113 1330 2186 1370 Αι)
2219 1331 2584 1372 unumunum
2615 1332 2877 1385 (πονιτ-ευ,
2912 1332 3284 1386 smannorns,
3307 1334 3430 1374 aro.

2595 1408 2777 1471 (Anno
2805 1407 2954 1475 880.)

1971 1492 2364 1565 Ostenditsibi
2400 1494 2788 1565 gratissimam
2834 1492 3012 1565 fuisse
3042 1511 3234 1551 eorum
3279 1498 3339 1551 in
3384 1496 3571 1552 sedem

2039 1564 2404 1637 apostolicam
2419 1564 2879 1637 poseruantiam;
2920 1566 3184 1621 hortatur
3211 1566 3282 1637 ad
3308 1583 3565 1637 perseve-

2041 1634 2499 1707 rantiam._Jubet
2532 1634 2739 1703 legatos
2766 1635 2837 1689 ad
2856 1652 2921 1707 se
2950 1637 3126 1698 mitti,
3159 1634 3354 1707 quibus
3378 1653 3568 1691 rever-

1894 1714 1947 1773 B
2039 1704 2297 1777 tantibus
2315 1704 2560 1777 legatum
2589 1721 2757 1759 suum
2784 1706 3098 1777 missurum
3121 1704 3448 1777 pollicetur,
3472 1709 3566 1763 cui

2038 1774 2151 1845 ipsi
2165 1774 2505 1843 ﬁdelitatem
2516 1776 2696 1845 juxta
2714 1776 2978 1830 Ecclesia;-
2996 1774 3175 1831 ritum
3202 1779 3566 1848 promittant.

2039 1876 2508 1934 Excellentissimo
2529 1879 2649 1935 viro
2677 1881 3007 1935 Bnmnuno
3036 1881 3278 1953 glorioso
3308 1883 3492 1937 comiti
3519 1891 3572 1937 et

1967 1966 2168 2023 dilecto
2198 1965 2310 2022 ﬁlio
2338 1975 2526 2022 nostro
2572 1975 2731 2039 atque
2776 1968 3029 2023 omnibus
3072 1968 3345 2040 religiosis
3376 1985 3567 2025 sacer-
3652 2014 3661 2017 Ἰ

1967 2055 2205 2117 dotibus,
2239 2062 2292 2109 et
2322 2056 2732 2111 honorabilibus
2774 2056 3078 2124 judicibus,
3128 2065 3431 2129 cunctoque
3460 2073 3566 2129 po-

1966 2143 2092 2214 pulo
2121 2160 2222 2212 pax
2253 2151 2306 2197 et
2333 2144 2509 2216 gratia
2537 2160 2568 2198 a
2599 2145 2832 2199 Domino
2859 2146 2990 2198 Jcsu
3018 2145 3253 2199 Christo.

2038 2231 2235 2286 Audita
2281 2248 2380 2301 per
2420 2232 2785 2287 Theodosium
2834 2232 3203 2288 venerabilem
3247 2232 3565 2304 episcopum
3647 2276 3653 2283 .

1966 2327 2206 2375 vestrum
2236 2319 2344 2375 ﬁde
2372 2327 2425 2374 et
2455 2320 2741 2375 devotione
2760 2361 2773 2387 ,
2808 2336 2970 2391 quam
3016 2320 3156 2376 circa
3200 2321 3386 2375 sedem
3418 2321 3563 2376 beati

1966 2408 2108 2462 Petri
2144 2408 2375 2479 apostoli
2406 2416 2459 2463 et
2487 2408 2660 2463 nostri
2702 2406 2963 2479 pontificii
2994 2424 3092 2463 vos
3122 2409 3324 2464 habere
3353 2424 3564 2481 cogno-

1966 2495 2188 2562 scimus,
2222 2496 2519 2551 immensas
2550 2497 2666 2551 Deo
2695 2496 2899 2566 gratias
2928 2495 3245 2565 referentes,
3278 2497 3332 2551 in
3362 2513 3563 2568 magno

1966 2584 2168 2656 gaudio
2198 2601 2385 2639 sumus
2423 2585 2644 2655 repleti;
2678 2583 2768 2655 qui
2797 2600 2896 2638 vos
2927 2601 3069 2640 nunc
3096 2586 3165 2639 ad
3195 2593 3401 2640 tantam
3432 2601 3565 2657 gra-

1963 2672 2094 2727 tiam
2141 2673 2477 2742 perducere,
2525 2681 2577 2727 et
2622 2672 2762 2728 inter
2818 2688 2951 2728 oves
2998 2689 3123 2727 suas
3168 2688 3567 2730 connumerare

1964 2760 2217 2833 dignatus
2246 2767 2348 2829 ost,
2382 2761 2678 2815 secundum
2709 2761 2856 2831 quod
2886 2761 3150 2815 Dominus
3190 2760 3293 2833 ipsi
3337 2762 3563 2834 principi

1966 2848 2338 2918 apostolorum
2368 2848 2654 2914 commisit,
2681 2848 2871 2904 dicens
2895 2866 2908 2903 :
2933 2849 2993 2905 Si
3021 2850 3208 2921 diligis
3236 2866 3344 2916 me,
3369 2852 3565 2908 Simon

1966 2940 2150 3003 Petre,
2185 2953 2354 3009 pasce
2383 2953 2506 2994 oves
2548 2953 2703 2992 meas
2746 2938 2928 3006 (Joan.
2960 2939 3106 3007 xxx).
3140 2938 3296 2994 Unde
3325 2947 3562 2994 vestram

1891 3060 1940 3125 Ο
1965 3023 2316 3096 ﬁdelitatem,
2365 3033 2420 3081 et
2468 3024 2987 3081 Christianissimam
3042 3026 3420 3093 devotionem,
3481 3026 3564 3081 bis

1962 3114 2165 3169 nostris
2211 3113 2524 3185 apostolicis
2564 3112 2762 3169 litteris
2809 3114 3167 3170 admonemus
3209 3122 3263 3170 et
3307 3115 3563 3170 exhorta-

1960 3218 2103 3267 mur,
2150 3210 2206 3257 ut
2255 3202 2392 3257 sicut
2433 3201 2613 3256 divina
2667 3201 3017 3272 inspiratione
3069 3218 3233 3273 agere
3289 3202 3563 3273 ccepistis;

1960 3306 2135 3362 usque
2163 3290 2233 3346 ad
2262 3288 2426 3345 ﬁnem
2455 3287 2721 3360 perﬁcere
2752 3297 2806 3344 et
2834 3289 3131 3345 observare
3173 3304 3283 3344 non
3329 3298 3562 3360 praeter-

1961 3378 2205 3443 mittatis,
2256 3385 2523 3449 quatenus
2570 3378 2664 3449 qui
2706 3378 2807 3432 sub
2851 3378 2940 3432 ala
2986 3384 3040 3432 et
3083 3377 3351 3450 regimine
3400 3384 3563 3449 atque

1962 3466 2281 3522 defensione
2328 3465 2470 3523 beati
2498 3467 2642 3522 Petri
2670 3465 2902 3537 apostoli
2930 3473 2982 3521 et
3011 3473 3193 3521 nostra
3225 3473 3338 3521 toto
3385 3481 3559 3521 cona-

1963 3555 2108 3611 mine
2140 3571 2237 3610 vos
2258 3554 2511 3621 subdere,
2537 3563 2699 3626 atque
2722 3553 2777 3609 in
2798 3555 2914 3623 ejus
2937 3553 3158 3609 servitio
3186 3569 3560 3624 perseverare,

1966 3643 2120 3715 quasi
2150 3642 2333 3699 dilecti
2350 3638 2460 3698 ﬁlii
2486 3642 2836 3714 procurastis,
2868 3641 3107 3712 apertius
3132 3641 3237 3698 hoc
3264 3642 3565 3697 ostendatis

1966 3739 2126 3803 atque
2157 3730 2440 3802 impleatis,
2473 3739 2532 3786 ut
2551 3731 2815 3786 Dominus
2845 3730 2900 3784 in
2928 3728 3231 3801 Evangelia
3258 3729 3389 3786 dicit
3422 3746 3435 3784 :
3473 3731 3563 3787 Sic

1971 3821 2159 3876 luceat
2182 3821 2286 3876 (ua:
2307 3824 2492 3877 vestra
2520 3836 2707 3876 coram
2731 3819 3070 3884 hominibus,
3090 3822 3155 3873 ut
3176 3818 3403 3874 videant
3424 3818 3566 3875 bona

1969 3924 2140 3981 opera
2170 3912 2378 3977 vestra,
2410 3912 2465 3964 et
2492 3907 2811 3980 gloriﬁcent
2837 3909 3067 3963 Patrem
3098 3911 3348 3963 vestrum
3377 3907 3473 3980 qui
3502 3907 3565 3962 in

1970 3998 2126 4053 catis
2156 4001 2240 4054 est
2281 3998 2497 4068 (Matth.
2530 3995 2608 4065 v).
2644 3995 2713 4050 Et
2742 4003 2800 4050 ut
2828 3995 2902 4051 ita
2926 3995 3030 4051 hoc
3059 4012 3156 4066 per
3184 3995 3374 4051 orbem
3403 4003 3576 4050 terra-

1973 4101 2090 4140 rum
2120 4093 2318 4142 vestrze
2347 4084 2655 4156 sponsionis
2693 4082 3022 4153 diﬁ‘ametur,
3053 4091 3111 4138 ut
3137 4083 3429 4139 auxiliante
3464 4084 3570 4139 Do-

1973 4173 2145 4239 mino,
2179 4181 2232 4229 et
2263 4181 2575 4229 sanctorum
2604 4173 2975 4244 apostolorum
3008 4171 3429 4244 suifragantibus
3458 4188 3572 4228 me-

1975 4262 2112 4327 ritis,
2164 4276 2227 4316 ea
2272 4277 2395 4332 quae
2448 4261 2603 4315 saluti
2659 4269 2713 4316 et
2767 4260 2976 4316 utilitati
3033 4261 3272 4316 omnium
3332 4272 3576 4325 vestrum

1976 4348 2220 4421 proﬁcua
2248 4356 2391 4413 sunt,
2425 4347 2697 4418 possimus
2726 4348 2793 4401 ad
2824 4349 3088 4403 honorem
3118 4356 3170 4402 et
3201 4347 3575 4403 exaltationcm

254 4436 552 4492 turbatore
599 4435 943 4506 tyrannidem
994 4449 1248 4490 exercere
1292 4449 1401 4489 non
1447 4441 1684 4500 cessant,
1734 4448 1870 4487 ausu
1899 4412 2173 4493 Dsanctaa
2203 4436 2349 4492 sedis
2372 4434 2685 4506 apostolica:
2712 4435 3089 4491 incunctanter
3116 4433 3400 4505 perﬁcere,
3433 4435 3569 4490 sicut

259 4523 564 4580 temerario
593 4524 777 4578 favere
804 4538 1104 4593 eorumque
1130 4521 1292 4576 malis
1333 4521 1590 4592 operibus
1620 4535 1870 4576 commu-
1969 4526 2188 4581 nomine
2231 4533 2416 4581 vestro
2463 4523 2664 4594 scripta
2697 4523 2855 4579 nobis
2900 4523 3216 4590 mandastis,
3250 4523 3321 4576 ita
3352 4522 3405 4577 in
3438 4522 3577 4578 libro

259 4613 451 4669 nicare
497 4627 818 4682 prmaumas,
864 4618 920 4665 et
965 4610 1020 4664 in
1069 4608 1382 4680 superbiam
1429 4625 1619 4664 eorum
1670 4623 1874 4680 sequax
1971 4613 2181 4671 caelesti
2211 4614 2410 4684 scripta
2448 4619 2820 4683 permaneant.
2874 4610 3213 4683 Quapropter
3252 4610 3576 4664 mandamus

259 4701 529 4764 existens,
562 4699 698 4754 falsa
724 4698 980 4769 opinione
1010 4705 1257 4753 sanctam
1286 4704 1525 4753 nostram
1572 4699 1870 4754 Romanam

257 4785 573 4842 Ecclesiam
602 4785 865 4841 infamare
894 4801 1002 4841 non
1034 4785 1269 4853 dubitas,
1303 4786 1450 4857 quod
1480 4785 1551 4840 ad
1580 4784 1707 4840 talia
1736 4799 1871 4855 per-

262 4874 550 4947 agendum
597 4874 768 4944 ipsius
816 4874 1194 4930 auctoritatem
1240 4873 1443 4929 habere
1471 4881 1523 4929 te
1570 4871 1873 4939 certiﬁces;

261 4962 420 5035 quod
470 4977 635 5033 quam
682 4962 963 5017 evidenter
1008 4962 1300 5017 Ostendere
1347 4977 1458 5016 non
1496 4961 1724 5032 poteris,
1774 4976 1877 5032 pro

261 5066 374 5121 qua
423 5050 632 5106 scilicet
678 5050 921 5105 Romana
964 5050 1211 5105 Ecclesia
1239 5057 1290 5104 te
1336 5065 1549 5104 murum
1598 5064 1878 5120 apponere

262 5137 528 5193 omnibus
555 5138 745 5210 iniqua
773 5138 1061 5210 agentibus
1105 5138 1391 5193 debueras.
1426 5139 1532 5193 Pro
1562 5138 1759 5210 quibus
1789 5137 1878 5193 ni-

262 5226 475 5281 mirum
503 5234 580 5281 tot
607 5225 769 5281 malis
809 5226 1079 5297 tantisque
1125 5226 1657 5297 praesumptionibus,
1691 5226 1787 5283 tibi
1813 5243 1879 5283 ex

257 5314 597 5370 auctoritate
625 5314 746 5384 Dei,
774 5321 825 5369 et
846 5322 1158 5371 sanctorum
1179 5315 1546 5387 apostolorum
1578 5331 1641 5372 ac
1671 5323 1876 5383 nostra,

332 5483 352 5509 ⁸
377 5482 655 5547 om,
679 5482 760 5546 qui
782 5494 916 5548 saepe
937 5485 1109 5547 postea
1133 5486 1371 5535 occurret.

1973 4710 2029 4757 ut
2060 4710 2367 4758 revertente
2393 4701 2463 4756 ad
2484 4717 2582 4757 vos
2609 4701 2808 4756 dilecto
2838 4700 3095 4771 episcopo
3122 4707 3323 4765 vestro,
3349 4699 3577 4753 idoneos

1973 4791 2187 4864 legatos
2219 4798 2431 4846 vestros
2476 4789 2892 4861 praesentialiter
2930 4788 2997 4843 ad
3040 4804 3141 4843 nos
3184 4786 3421 4859 dirigere
3472 4801 3578 4842 non

1976 4878 2418 4951 prmtermittatis,
2453 4878 2544 4949 qui
2589 4892 2690 4948 pro
2718 4883 2876 4948 parte
2923 4876 3163 4930 omnium
3194 4881 3429 4929 vestrum
3478 4888 3578 4928 nos

1977 4975 2030 5023 et
2061 4968 2248 5023 sedem
2279 4966 2631 5037 apostolicam
2678 4964 2959 5021 consulant
2990 4964 3058 5018 de
3088 4962 3170 5016 his
3202 4978 3323 5034 quae
3351 4960 3576 5017 manda-

1978 5056 2097 5121 stis,
2134 5063 2189 5110 ut
2221 5063 2273 5110 et
2302 5070 2404 5109 nos
2431 5069 2556 5110 cum
2586 5052 2691 5107 illis
2722 5052 2948 5106 missum
2993 5058 3234 5105 nostrum
3280 5049 3581 5121 dirigamus
3680 5108 3685 5111 Α

1979 5144 2047 5198 ad
2075 5158 2192 5207 vos,
2226 5142 2423 5214 quibus
2462 5140 2764 5196 secundum
2809 5155 3021 5193 morem
3054 5147 3105 5193 et
3134 5136 3583 5193 consuetudinem

1980 5230 2244 5287 Ecclesiae
2273 5237 2477 5284 nostrae
2495 5228 2782 5283 universus
2807 5228 3040 5299 populus
3062 5234 3240 5281 vester
3268 5223 3582 5279 ﬁdelitatem

1975 5318 2273 5393 promittat.
2326 5317 2546 5373 Interim
2592 5331 2876 5373 monemus
2918 5323 2973 5371 ut
3016 5321 3325 5372 constantes
3355 5327 3575 5387 perma-
