4028 6180
456 216 560 270 919
1733 210 2028 287 JOANNIS
2073 209 2268 268 PAPE
2309 211 2447 267 Vill.
3658 223 3763 276 ego

453 338 648 402 neatis,
698 337 954 408 quoniam
1006 336 1265 408 scriptum
1311 343 1393 390 est
1433 353 1448 389 :
1489 337 1682 392 Melius
1727 345 1812 392 est
1860 333 2051 392 votum
2082 335 2137 396 Α
2157 335 2361 402 veritis,
2395 352 2495 391 nos
2523 337 2798 394 enimvero
2828 348 3092 411 quantum
3119 341 3174 396 in
3200 341 3359 396 nobis
3388 349 3494 408 est,
3519 341 3639 398 zelo
3663 342 3764 397 Dei

457 445 573 484 non
604 443 814 494 vovere,
837 443 1006 498 quam
1023 428 1146 498 post
1167 429 1356 480 votum
1374 426 1654 497 promissa
1677 441 1792 482 non
1820 425 2058 497 implere
2156 425 2406 480 succensi
2435 441 2502 481 ea
2531 443 2652 498 quas
2673 427 2742 482 ad
2773 429 3034 484 honorem
3065 437 3265 486 sancta:
3293 431 3553 486 Romana:
3571 431 3760 486 Eccle-

461 515 659 585 (Eccl-i.
692 515 768 583 v).
806 513 1038 584 Spiritus
1069 511 1304 581 Domini,
1339 512 1430 583 qui
1457 513 1646 566 orbem
1676 521 1837 567 teme
1874 511 2055 582 reple-
2157 512 2252 566 size
2280 513 2552 582 pertinent
2582 530 2919 588 exaggerare
2949 517 3164 587 penitus
3195 525 3514 590 satagemus
3541 535 3556 572 :
3589 533 3624 572 a
3653 518 3764 589 qui-

460 602 556 667 vit,
608 601 807 672 repleat
855 609 1094 656 vestrum
1141 616 1238 655 cor
1284 601 1431 655 omni
1478 615 1614 670 pace
1660 608 1712 655 et
1757 599 1958 672 gaudio
2003 599 2059 654 in
2160 600 2261 654 bus
2303 617 2402 656 nos
2449 601 2599 656 nulla
2648 601 2920 672 ferocitas,
2967 605 3118 658 nulla
3165 605 3436 660 malorum
3483 607 3762 660 hominum

463 690 678 746 Christo
707 690 836 744 Jesu
865 688 1096 743 Domino
1126 696 1328 744 nostro.
2158 689 2506 743 comminatio
2526 690 2702 746 donec
2723 692 2943 762 spiritus
2965 701 3125 764 reget
3154 702 3321 761 artus,
3347 695 3550 764 poterit
3571 710 3759 765 seque-

1125 785 1394 840 CCCVllI.
2161 784 2351 831 strare.
2386 776 2545 846 Quod
2569 779 2872 848 jussionem
2894 781 3068 835 nostri
3098 780 3358 852 pontificii
3387 781 3601 854 ingenti
3629 799 3763 852 prai-

711 870 783 908 AD
821 869 1144 940 utcusncsu
1185 871 1390 940 attentarit“
1412 870 1804 940 aULcARORUM-
2161 865 2465 935 sumptione
2509 865 2798 921 absurdam
2844 868 3092 938 posuisti,
3134 869 3464 924 omnimodis
3509 869 3762 940 temetip-

525 1015 536 1028 .
617 1017 628 1028 ι
860 1013 874 1028 '
920 1014 932 1028 _
1048 927 1262 1028 ,(Αηηο
1292 930 1440 1026 δθθς)
1507 1016 1543 1028 η
1819 1014 1833 1028 1
1950 1014 1962 1028 ⁸
2162 927 2529 1024 sum-proprio
2543 954 2723 1022 jaculo
2754 927 3135 1025 reverberasti,
3161 965 3213 1012 et
3242 956 3390 1012 velut
3419 956 3573 1028 aspis
3603 927 3763 1012 surda

468 1013 874 1097 Miratuilquod
914 1014 1136 1097 legatos.
1165 1031 1280 1070 non
1322 1015 1563 1097 miserit,
1595 1014 2062 1097 quemadmodum

540 1041 704 1068 ratur
732 1041 871 1086 quau
914 1041 1121 1097 ισξμιιυις
1165 1041 1280 1070 'uuu
1322 1041 1563 1076 Ἡιιδωίι,
1595 1041 2062 1084 quamuu'muuum
2949 1060 3134 1099 aurem

535 1087 649 1152 iam
670 1084 767 1138 diu
797 1088 1170 1155 promiserat,-
1201 1087 1391 1139 monet
1413 1088 1477 1138 ut
1498 1084 2063 1156 idquamplurimum
2163 1128 2266 1156 cm,
2326 1129 2450 1156 mu
2501 1129 2695 1156 ,δη-Λ,
2756 1131 2954 1156 ,ιη-Ψ
3022 1139 3176 1156 ______
3226 1132 3414 1156 :‘____
3467 1087 3760 1156 :_,_n__1:

797 1128 1166 1155 ¹”””””’””
1204 1128 1389 1139 "mm
1417 1128 1474 1138 ”’
1501 1128 2062 1156 ’“⁷”””’¹””””’”””
2162 1128 2270 1183 Sed
2307 1129 2452 1225 quid
2500 1129 2698 1225 plura?_
2755 1131 2958 1186 lterum
2993 1139 3179 1225 atque
3226 1132 3418 1225 iterum
3467 1133 3762 1225 inhibendo

533 1216 742 1297 bilecto
788 1257 852 1296 ac
901 1241 1128 1312 spiritali
1176 1240 1287 1296 ﬁlio
1335 1241 1609 1296 ΜιοιιΑειι
1659 1241 1902 1314 glorioso
1947 1241 2063 1312 regi

2170 1216 2460 1287 apostolica
2490 1219 2811 1274 auctoritate
2843 1219 3210 1290 praecipimus,
3243 1221 3534 1274 terminum
3569 1220 3627 1274 S.
3660 1221 3761 1275 Pe-

461 1328 779 1400 Bulgarum;
832 1304 1007 1402 gratia
1055 1329 1241 1398 vobis,
1292 1336 1345 1383 et
1367 1319 1494 1399 pax
1548 1345 1577 1382 a
1625 1304 1739 1384 D730
1794 1330 1955 1385 Patre
2008 1304 2065 1384 et
2163 1304 2229 1358 ίτί
2255 1305 2324 1359 ad
2354 1304 2775 1402 ingredi?de
2817 1307 3054 1402 animum
3097 1316 3339 1402 Ῡθδίῖυω
3369 1323 3482 1363 non
3508 1305 3762 1373 ίηθίίθίίεν

463 1394 698 1474 Dorium
725 1394 864 1471 δέδιῖ
885 1417 1117 1472 Christo.
1228 1394 1235 1398 ⁷
1391 1394 1410 1399 ”
2164 1408 2446 1464 quousque
2477 1395 2716 1464 prmdicti
2746 1394 2914 1468 legati
2961 1396 3135 1450 nostri
3165 1397 3236 1451 ad
3265 1411 3366 1452 nos
3396 1404 3762 1462 revertantur,

535 1505 796 1559 Miramur
825 1505 972 1576 quod
993 1512 1142 1559 tanto
1155 1505 1270 1574 jam
1293 1513 1536 1575 tempore
1559 1513 1847 1571 transacto,
1867 1503 2064 1560 missos
2163 1481 2342 1576 °"_mia
2363 1481 2522 1536 ηοδίδ
2552 1482 2924 1576 Γθξιιῐιίίειιιΐί,
2949 1483 3185 1576 “egique
3208 1484 3443 1576 alios_ad
3463 1500 3568 1539 nos

467 1601 681 1656 vestros
726 1593 795 1646 ad
843 1569 1088 1648 gamma“,
1137 1569 1432 1650 ﬁomanan}
1478 1593 1785 1649 Ecclesium
1835 1569 2064 1648 matrem
2163 1569 2374 1625 mittere
2406 1585 2582 1626 cures.
2615 1571 2752 1626 Data
2781 1579 2976 1628 octavo
3019 1571 3294 1628 Kalendas
3339 1572 3648 1639 Februarii,
3678 1572 3765 1628 in-

466 1689 702 1737 vestram
735 1689 790 1736 et
833 1681 903 1735 ad
950 1697 1051 1736 nos
1095 1697 1205 1736 non
1255 1681 1652 1736 transmisistis.
1705 1681 1866 1737 Modo
1910 1697 2062 1748 vero,
2097 1657 2403 1744 Bdiotione
2433 1673 2552 1714 Χίνο

469 1769 608 1824 sicut
637 1768 795 1823 nobis
823 1768 1002 1824 retulit
1031 1769 1368 1824 Theodosius
1390 1769 1718 1824 venerabilis
1751 1747 2061 1840 episcopus,
2859 1747 3063 1803 CCCX-

467 1857 666 1912 missos
687 1865 807 1912 tuos
826 1873 949 1913 cum
979 1873 1044 1911 eo
1073 1857 1312 1929 dirigere
1341 1858 1694 1927 promiseras,
1721 1859 1817 1913 sed
1838 1874 1939 1928 pro
1961 1873 2058 1929 qua

2236 1849 2310 1888 AD
2337 1849 2668 1891 ANSPBRTUI
2697 1850 3172 1892 NEDIOLANBNSBM
3193 1851 3697 1892 ARCHIEPISCOPUI.

471 1961 630 2002 causa
659 1961 756 2000 eos
782 1945 1022 2017 dirigere
1070 1923 1514 2016 praetermiseris,
1545 1923 1880 2018 ignoramus.
1915 1923 2069 2002 Unde
2183 2011 2209 2018 _
2301 2010 2322 2018 Δ
2467 2014 2476 2018 Α
2523 2013 2542 2018 _
2677 2011 2690 2018 _
2718 2013 2729 2018 _
2779 1923 2962 2018 (A9110
2995 1925 3150 2018 ξ)

474 2049 571 2089 vos
593 2034 708 2102 jam
735 2010 1126 2104 recognoscere
1154 2033 1464 2104 oportebat,
1497 2010 1661 2088 etiam
1693 2034 1762 2089 ad
1790 2041 2070 2105 pastorem
2171 2010 2478 2105 Con/ETW}!
2507 2011 2731 2105 Iosephi
2759 2014 3005 2085 episcopi
3033 2013 3762 2105 Astcnsis‘ord‘inantionern,

472 2130 524 2177 et
551 2119 866 2193 pontificem
914 2121 1219 2176 animarum
1249 2128 1554 2177 vestrarum
1605 2122 1797 2177 reverti
1830 2130 1937 2178 tota
1966 2123 2063 2178 de-

2239 2100 2334 2171 qui
2379 2099 2526 2155 alias
2572 2103 2773 2156 contra
2819 2115 3061 2158 canones
3101 2101 3464 2158 Vercellensis
3508 2101 3765 2158 Ecclesia

470 2189 686 2266 vatione
715 2209 1062 2276 debueratis;
1095 2210 1240 2264 unde
1269 2209 1354 2264 his
1385 2210 1584 2264 nostris
1612 2210 1928 2281 apostolicis
1975 2211 2061 2265 lit-

1628 2210 1928 2281 tpostolicis
1975 2211 2068 2265 lit-
2238 2191 2432 2287 fuerat
2460 2189 3144 2287 ερίξίίορξξῆοοηειξιαιιέςξ.
3210 2275 3219 2287 ⁸

473 2299 601 2354 teris
649 2313 748 2354 vos
794 2297 949 2369 quasi
995 2297 1374 2352 charissimos-
1401 2296 1542 2353 ﬁlios
1604 2298 1961 2353 admonemus
2017 2307 2064 2353 et

1822 2315 1961 2353 amns
2017 2307 2070 2353 ει
2239 2278 2538 2331 ANSPnn'ro
2568 2275 2959 2332 Mediolanensi
2987 2275 3413 2348 archiepiscopo.

472 2387 838 2450 exhortamur,
871 2393 928 2440 ut
958 2385 1026 2440 de
1054 2385 1310 2456 praesenti
1353 2393 1568 2441 vestros
1618 2385 1845 2442 idoneos
1870 2387 2063 2442 missos

2240 2363 2661 2418 Consultationis
2707 2372 2812 2420 tute
2840 2381 2948 2436 qua
2996 2380 3096 2420 nos
3145 2381 3312 2436 super
3339 2365 3568 2436 Ioseph,
3599 2381 3766 2436 nuper

469 2473 627 2530 nobis
657 2472 1021 2528 transmittere
1049 2451 1156 2528 non
1184 2473 1460 2541 dubitetis,
1489 2481 1752 2546 quatenus
1781 2474 1850 2528 ab
1879 2475 2070 2529 uberi-
2169 2452 2223 2506 in
2240 2451 2589 2546 Fercflleesi
2617 2452 3143 2546 39°l‘15ia_°’fiin§‘i-
3160 2468 3298 2546 ηονξδ
3327 2469 3474 2508 nunc
3503 2454 3766 2546 εἶῙεθίίοηθ

470 2562 573 2617 bus
602 2561 790 2616 matris
817 2568 1014 2616 vestrae
1035 2567 1238 2616 sanctis
1260 2539 1786 2617 videlicet-Romanae
1807 2562 2071 2618 Ecclesiae
2170 2540 2256 2597 vel
2305 2539 2644 2596 ordinatione
2677 2541 2732 2594 in
2761 2541 3007 2597 Εοοιθείθ
3055 2541 3292 2606 Αδίθηδίθ
3343 2541 3641 2596 consulere
3668 2557 3765 2596 ‘0’

473 2649 741 2706 saticmini
771 2649 1027 2721 omnique
1057 2649 1200 2704 bono
1246 2650 1584 2720 repleamini.
1619 2648 1760 2718 Quia
1791 2661 1892 2704 nos
1917 2665 2064 2705 more

2177 2627 2333 2694 luisti,
2369 2628 2668 2698 perspectis
2711 2628 3172 2702 suggestionibus,
3217 2629 3415 2701 quibus
3466 2645 3635 2700 super
3671 2631 3768 2686 hoc

471 2745 702 2810 paterno
730 2737 871 2793 ulnis
901 2717 1139 2792 eitensis
1184 2753 1282 2794 vos
1308 2717 1598 2810 ‘amplecti,
1648 2717 1704 2794 et
1751 2738 1907 2810 quasi
1938 2753 2070 2794 oves
2171 2717 2754 2810 P°_S_‘m_a“°‘°rimis
2801 2717 3116 2810 οίῗηδιξξίξιηξ
3154 2717 3407 2810 τθίιιξίτίεν
3451 2717 3768 2810 amnicum

473 2805 668 2882 Christi
725 2825 882 2882 nobis
937 2825 1260 2881 commissas
1315 2805 1461 2880 alere
1519 2835 1573 2880 et
1625 2805 1837 2881 salva-re
1893 2826 2070 2897 parati
2165 2805 2568 2897 indi°_8Yim}1$9_
2599 2813 2654 2897 ἐι
2697 2805 2895 2860 nostris
2943 2805 3315 2897 iibi__decreii_5
3361 2805 3765 2897 οοιινεηίειιιθῗ,

473 2914 776 2980 existimus,
807 2913 1106 2969 secundum
1136 2914 1280 2984 quod
1330 2913 1591 2968 Dominus
1620 2914 1748 2968 dicit
1777 2893 1933 2970 beato
1965 2916 2064 2970 Pe-

2177 2893 2402 2964 prOpitia
2449 2893 2762 2959 Divinitate,
2813 2894 3214 2965 respondimus.
3265 2893 3466 2949 Fuerat
3496 2902 3678 2950 autem
3704 2895 3768 2950 de

473 3010 552 3058 tro
585 3019 598 3056 :
631 3005 802 3057 Pasce
831 3017 954 3056 oues
985 2981 1170 3068 meas}
1202 3001 1466 3073 quidquid
1513 3002 1658 3056 enim
1687 3002 1843 3057 vobis
1873 3002 2070 3074 dirigi-
2100 3033 2150 3095 Ο
2173 2981 2265 3036 illo
2292 2981 2548 3095 ἰξτίπξυω)
2583 2981 2784 3095 "illis"
2832 2998 3046 3095 "39°21!"
3096 2982 3356 3095 θάνθιξίξ
3389 2983 3668 3095 inﬁdam
3697 2982 3766 3036 ir”

470 3106 612 3155 mus,
637 3089 863 3146 credere
883 3088 1104 3143 omnino
1125 3089 1370 3160 potestis,
1404 3089 1526 3160 quia
1555 3105 1656 3160 pro
1686 3089 1858 3144 salute
1889 3098 2061 3146 vestra

2178 3069 2495 3142 regulariter
2523 3069 2855 3136 institutum;
2891 3071 2990 3125 sed
3019 3086 3120 3124 nos
3147 3069 3293 3140 apud
3313 3071 3372 3124 Β.
3398 3071 3621 3125 Petrum
3645 3085 3769 3141 apo-

472 3193 688 3248 semper
733 3193 899 3250 agere
947 3171 1018 3233 ac
1059 3157 1327 3247 perficere
1373 3157 1748 3233 incunctanter
1802 3178 2068 3249 cupimus.
2173 3157 2369 3250 5‘01“?
2400 3174 2520 3213 cum
2549 3157 3594 3250 $39943ASYDOde‘eSidemesrsalilbl‘i
3622 3158 3770 3250 Ρριίίί

472 3245 736 3340 optamus
764 3245 863 3321 {os
894 3264 945 3321 ίη
977 3245 1195 3321 Chiis“,
1223 3282 1366 3320 nunc
1388 3274 1440 3321 ει
1461 3283 1678 3337 semper
1701 3266 1841 3322 bene
1872 3245 2070 3324 ζτδιθτθ,
2173 3245 2420 3314 consilio,
2453 3254 2506 3300 et
2535 3246 2934 3300 animositatem
2962 3246 3106 3300 illius
3152 3245 3493 3302 correximus
3521 3256 3576 3302 et
3603 3247 3767 3301 mise-

1153 3372 1382 3429 CCCIX.
1581 3333 1596 3337 ’
2173 3334 2420 3429 ricordim
2464 3333 2722 3429 fomenta,
2755 3335 2929 3406 gratia
2949 3333 3164 3429 "sancti
3211 3333 3445 3429 Spiritus
3476 3335 3768 3429 revelante,

615 3460 684 3500 an
725 3457 998 3508 QUEMDAH
1032 3444 1100 3514 (f.
1143 3413 1399 3498 canonum
1436 3457 1685 3499 cmssuu
1723 3451 1958 3507 ascen).
2173 3440 2206 3494 Ρ

2179 3423 2422 3494 protinus
2466 3422 2836 3491 adhibuimus,
2887 3422 3093 3479 scilicet
3139 3431 3224 3490 ut,
3278 3438 3345 3478 eo
3391 3422 3448 3477 in
3493 3423 3770 3494 pristinum

1085 3515 1267 3584 (Anno
1305 3517 1457 3583 881.)
2174 3511 2422 3567 ordinem
2453 3511 2696 3581 reducto,
2731 3511 2778 3566 si
2807 3511 2972 3566 alium
2994 3510 3363 3583 episcopatum
3395 3511 3446 3568 ei
3476 3511 3772 3568 concedere

556 3607 735 3663 Monet
767 3609 832 3660 ut
854 3603 1116 3676 perﬁciat
1145 3619 1266 3675 qua:
1289 3617 1392 3674 per
1423 3603 1632 3673 legatos
1663 3603 1978 3657 mandavit.
2174 3600 2464 3665 voluisses,
2495 3607 2549 3654 et
2576 3599 2710 3655 cleri
2731 3599 2816 3654 vel
2838 3599 3022 3670 populi
3045 3608 3172 3654 vota
3193 3601 3336 3656 hunc
3363 3599 3471 3654 sibi
3501 3599 3773 3656 concordi-

543 3691 820 3764 Susceptis
849 3691 1038 3746 litteris
1087 3690 1280 3763 gloria:
1309 3699 1526 3756 vestrae,
1560 3690 1755 3762 quibus
1786 3705 1884 3745 vos
1913 3689 2077 3761 plena
2176 3695 2260 3743 ter
2288 3687 2341 3741 in
2373 3687 2690 3758 episcOpum
2737 3696 3068 3758 expeterent,
3113 3697 3166 3742 et
3210 3687 3528 3760 eligeretur,
3561 3696 3618 3743 et
3643 3688 3772 3744 sicut

476 3781 773 3838 intentione
803 3779 1120 3835 monstratis
1149 3779 1217 3833 ad
1246 3778 1431 3832 limina
1460 3778 1831 3848 apostolorum
1860 3777 2074 3843 festiue,
2178 3775 2270 3848 qui
2315 3775 2446 3830 nihil
2475 3775 2542 3828 ab
2571 3775 2881 3830 ordinatore
2920 3776 3075 3846 prius
3117 3775 3414 3847 acceperit,
3457 3775 3515 3830 in
3563 3775 3770 3847 episco-

478 3871 588 3927 imo
616 3871 796 3941 potius
821 3867 1085 3938 praecipiti
1115 3883 1313 3937 gressu
1342 3875 1394 3921 et
1423 3866 1562 3921 velle
1592 3866 1913 3933 convolare;
1947 3882 2078 3937 qua-
2175 3879 2302 3934 pum
2334 3871 2635 3919 crearetur.
2667 3864 2884 3918 Interea
2909 3864 3106 3920 accidit
3135 3872 3211 3929 ut,
3243 3863 3496 3919 Astensis
3519 3863 3770 3920 Ecclesia

475 3965 697 4029 pr0pter
733 3955 960 4021 attoniti,
1019 3955 1104 4008 vel
1135 3954 1308 4026 magis
1357 3953 1640 4024 stupefacti
1687 3953 1950 4008 miramur
1977 3955 2080 4009 de-
2179 3960 2408 4008 rectore.
2437 3951 2659 4022 proprio
2706 3952 2958 4020 obeunte,
3005 3952 3273 4022 permissu
3323 3952 3510 4008 Caroli
3555 3949 3770 4023 gloriosi

480 4044 717 4102 centiam
751 4050 986 4112 vestram
1021 4041 1284 4096 terminos
1328 4041 1543 4095 Patrum
1593 4042 1994 4108 transcendere,
2028 4050 2082 4097 et
2181 4039 2328 4112 regis
2359 4039 2504 4094 idem
2531 4040 2755 4110 Ioseph,
2789 4049 2912 4111 post
2939 4039 3257 4096 electionem
3304 4040 3435 4096 cleri
3475 4049 3530 4096 et
3572 4039 3770 4110 expeti-

483 4133 685 4187 lineam
715 4130 932 4204 generis
961 4129 1128 4184 vestri
1159 4129 1391 4199 superbo
1421 4128 1607 4198 spiritu
1650 4130 1996 4197 conculcare,
2031 4139 2084 4185 et
2181 4128 2380 4183 tionem
2424 4128 2609 4198 papuli
2651 4129 2706 4182 in
2747 4128 2942 4184 eadem
2989 4128 3222 4184 ecclesia
3269 4128 3498 4183 deberet
3544 4126 3770 4183 ordinari

486 4220 543 4275 in
576 4219 834 4284 deterius,
882 4233 991 4272 non
1039 4217 1092 4271 in
1141 4215 1335 4271 melius
1378 4232 1604 4288 prorsus
1652 4217 1964 4273 convenire.
2017 4219 2084 4272 Et
2182 4216 2490 4287 episcopus,
2559 4224 2647 4270 tua
2697 4216 3024 4282 fraternitas,
3057 4225 3169 4272 tam
3215 4223 3395 4272 nostra
3439 4216 3770 4272 absolutione

485 4325 615 4365 ecce
651 4307 896 4362 dolenter
941 4321 1063 4361 cum
1109 4305 1367 4376 Apostolo
1410 4305 1710 4376 compellor
1752 4306 1937 4362 dicere
1971 4323 1982 4362 :
2017 4307 2084 4362 In
2183 4321 2347 4377 quam
2403 4304 2566 4358 etiam
2622 4305 2793 4376 ipsius
2846 4305 2996 4377 regis
3045 4307 3328 4361 exhortata
3373 4305 3767 4366 monitionibus,

484 4395 805 4453 novissimis
853 4394 1193 4466 temporibus
1243 4394 1540 4448 instabunt
1571 4397 1823 4466 tempora
1853 4396 2082 4466 pericu-
2113 4387 2165 4446 D
2187 4394 2292 4448 hoc
2319 4392 2551 4447 libenter
2578 4393 2796 4448 admisit
2825 4402 2877 4448 et
2903 4394 3161 4449 canonice
3186 4394 3340 4462 jussa
3379 4393 3658 4464 complere
3681 4407 3769 4448 co—

489 4487 622 4553 losa,
656 4485 717 4538 in
749 4484 946 4556 quibus
976 4486 1150 4538 erunt
1180 4482 1436 4537 homines
1459 4485 1786 4553 semetipsos
1806 4487 2088 4548 amantes,
2188 4490 2308 4535 nata
2351 4489 2452 4535 est.
2504 4479 2664 4550 Quod
2710 4482 2836 4552 quia
2879 4497 3023 4537 nunc
3073 4481 3396 4536 sententiam
3442 4491 3679 4536 nostram
3723 4487 3771 4532 tu

489 4577 548 4630 et
573 4575 886 4644 quaerentes
917 4587 1038 4642 qua:
1067 4586 1171 4625 sua
1201 4574 1358 4635 sunt,
1390 4585 1506 4624 non
1535 4587 1657 4641 qua:
1703 4571 1833 4627 Jesu
1883 4571 2092 4626 Christi
2189 4585 2406 4642 quoque
2434 4578 2686 4635 secutus,
2717 4580 2771 4625 et
2810 4571 3049 4642 regalem
3098 4570 3516 4641 permissionem
3562 4570 3766 4634 devote,

491 4662 544 4730 (1
573 4663 710 4716 Tim.
767 4659 868 4729 ιιι).
919 4658 1027 4727 Sed
1077 4673 1178 4712 nos
1205 4665 1276 4722 te,
1311 4655 1384 4717 ﬁli
1425 4657 1764 4722 charussime,
1799 4658 1854 4712 in
1883 4658 2093 4714 viscere
2191 4657 2327 4712 sicut
2377 4657 2674 4724 condecet,
2726 4674 2786 4713 es
2834 4657 3204 4728 amplexatus,
3255 4657 3542 4729 przefatum
3585 4656 3768 4726 Joseph

488 4747 685 4804 Christi
714 4747 1003 4818 plurimum
1031 4745 1342 4817 diligentes,
1368 4745 1436 4798 ad
1459 4760 1523 4799 ea
1553 4753 1604 4800 te
1635 4759 1938 4815 provocare
1967 4763 2094 4819 ges-
2191 4746 2571 4817 presbyterum
2624 4754 2827 4801 sanctus
2882 4747 3142 4802 Ecclesiae
3199 4747 3418 4801 Astensi
3475 4747 3769 4818 episcopum

489 4837 653 4890 timus
683 4852 801 4906 qua:
834 4835 1026 4889 anima:
1056 4841 1246 4888 vestra:
1291 4832 1575 4904 proﬁciant
1603 4834 1669 4887 ad
1700 4834 1949 4890 salutem.
1983 4835 2092 4890 Le-
2193 4833 2502 4904 praefecisti,
2536 4842 2588 4888 et
2617 4833 3012 4890 ordinationem
3060 4834 3204 4888 illius
3249 4843 3422 4889 ratam
3471 4834 3656 4889 haberi
3695 4833 3774 4886 de-

493 4931 654 4998 gatos
675 4938 806 4978 sane
827 4939 856 4977 e
876 4923 1044 4977 latere
1065 4930 1251 4976 nostro
1273 4922 1433 4992 plene
1453 4921 1748 4977 instructos
1773 4923 2093 4988 direximus,
2194 4923 2485 4989 cernimus,
2519 4931 2572 4977 et
2602 4923 2842 4978 omnium
2871 4939 2968 4978 ora
2997 4931 3186 4998 contra
3213 4924 3318 4978 hoc
3355 4938 3580 4994 quoquo
3623 4920 3769 4976 modo

495 4996 690 5084 quibus
716 5010 898 5066 omnia
927 5011 996 5066 ad
1020 5025 1218 5080 purum
1243 5010 1468 5066 credere
1491 5026 1604 5065 non
1625 5011 1912 5082 ambigatis
1932 5011 1987 5066 in
2013 5011 2097 5068 his
2193 5009 2528 5065 mussitantia
2558 5011 2858 5080 apostolica
2899 4996 3216 5066 auctoritate
3255 5011 3586 5066 obstruimus
3617 5028 3630 5064 :
3662 5007 3770 5080 quia

495 5117 618 5173 qum
649 5100 977 5154 verbotenus
1007 5107 1060 5153 et
1089 5098 1308 5169 scriptis
1339 5099 1704 5170 capitulariter
1747 5100 1997 5154 dedimus
2041 5102 2097 5154 in
2196 5099 2336 5154 sicut
2364 5099 2432 5153 de
2462 5098 2834 5172 irregulariter
2861 5099 3189 5170 quibuslibet
3217 5098 3416 5153 habitis
3445 5115 3549 5153 nos
3578 5098 3643 5152 ad
3673 5098 3771 5150 huc

497 5187 784 5244 mandatis.
817 5185 933 5256 Qua
977 5187 1045 5241 de
1092 5203 1152 5241 re
1199 5195 1426 5257 paterno
1476 5185 1670 5242 aﬂ‘ectu
1716 5204 2001 5243 monemus
2030 5195 2094 5244 ut
2197 5185 2526 5258 corrigenda
2555 5187 2700 5241 zelus
2723 5187 2944 5256 justitiaa
2973 5187 3192 5255 excitat,
3218 5186 3289 5240 ita
3318 5187 3387 5240 de
3419 5187 3680 5242 bonorum
3703 5183 3769 5238 vi-

499 5277 682 5330 omnia
729 5275 866 5331 sicut
914 5274 1068 5330 vobis
1107 5274 1403 5329 direximus
1445 5291 1545 5346 per
1593 5276 1816 5330 eosdem
1861 5276 2092 5350 legatos,
2198 5289 2382 5328 rorum
2436 5274 2797 5330 laudabilibus
2850 5273 3006 5330 factis
3068 5275 3240 5347 gratia
3296 5275 3480 5328 divina
3535 5272 3765 5329 lzetiticat.

501 5361 798 5432 adimplere
830 5362 1052 5417 omnino
1096 5362 1318 5418 curetis.
1366 5363 1598 5434 [deoque
1628 5363 1814 5418 scitote
1844 5365 2098 5436 quoniam
2196 5363 2336 5416 Nam
2365 5369 2418 5417 et
2444 5363 2604 5418 sedes
2634 5363 2960 5433 apostolica,
3005 5363 3154 5431 juxta
3197 5362 3343 5433 quod
3391 5362 3448 5417 S.
3501 5362 3607 5416 Leo
3651 5373 3770 5430 papa

501 5449 548 5507 si
577 5449 738 5522 pleno
765 5451 882 5524 jure
911 5458 1101 5507 cuncta
1133 5467 1254 5527 quae
1285 5451 1678 5507 destinavimus
1704 5467 1811 5510 non
1841 5453 2101 5527 adimple-
2199 5449 2406 5518 scribit,
2457 5451 2600 5507 hanc
2647 5451 3057 5526 temperantiam
3103 5459 3306 5521 servat,
3347 5458 3404 5506 ut
3450 5459 3505 5506 et
3550 5447 3770 5511 severius
