4028 6180
238 289 348 343 921

1414 294 1770 353 EPISTOLE
1823 295 1917 351 ET
1968 297 2311 359 DECRETA.

3439 324 3543 378 922

243 415 380 479 agat
413 423 532 462 cum
563 408 842 465 obduratis
871 420 923 466 et
952 414 1162 468 veniam
1202 416 1380 487 cupiat
1427 426 1691 488 prastare
1720 435 1848 474 cor-
1878 417 1933 479 A
1949 422 2260 491 pontificem
2289 434 2436 483 tuum
2468 430 2647 486 redire
2693 432 3079 491 satisfaciendo
3126 440 3539 509 contempseris,

245 495 419 550 rectis
448 512 462 549 :
497 504 550 551 et
581 496 705 553 ideo
735 499 820 553 his
847 501 1085 568 omissis,
1118 504 1187 559 de
1217 506 1484 574 pralibati
1512 509 1714 578 Joseph
1745 507 1849 561 ite-

246 585 680 641 ratacreatione
708 588 965 643 sanctitas
996 598 1085 645 tua
1115 590 1169 644 in
1200 593 1347 647 nullo
1374 595 1587 664 penitus
1616 595 1844 659 hasitet,

245 670 383 741 quia
438 672 575 727 hanc
632 682 685 727 et
744 690 845 729 nos
897 678 1250 747 approbatam
1306 678 1638 737 admittimus
1679 690 1730 737 et
1779 678 1849 737 ab

243 758 503 813 omnibus
545 761 930 817 admittendam
980 780 1102 821 esse
1149 768 1467 824 mandamus
1502 788 1514 824 :
1551 770 1673 841 quia
1704 771 1848 842 quod

242 860 360 901 non
391 848 696 903 ostenditur
725 848 923 905 factum
959 869 1058 922 per
1104 854 1503 925 impositionem
1553 873 1747 912 manus
1777 857 1847 911 il-

242 932 374 999 lius,
410 935 497 989 cui
543 943 787 1006 tempore
835 956 944 993 sua
990 941 1276 1013 legationis
1303 987 1315 1009 ,
1349 946 1493 1015 quod
1533 947 1666 1000 dare
1698 946 1846 1001 visus

243 1029 352 1083 est,
407 1030 461 1074 ut
508 1022 582 1076 ita
626 1023 857 1079 dixerim
882 1070 894 1091 ,
929 1044 1036 1082 non
1068 1030 1274 1096 habuit,
1310 1032 1442 1087 ratio
1471 1049 1579 1088 non
1610 1033 1735 1088 sinit
1789 1041 1846 1087 ut

241 1108 499 1162 videatur
543 1110 812 1166 iteratum.
845 1114 980 1168 Data
1021 1130 1100 1170 xv
1150 1119 1422 1174 Kalendas
1448 1120 1639 1185 Martii,
1674 1121 1845 1177 indic-’

241 1195 397 1251 tione
426 1211 544 1255 xxv.

929 1288 1157 1344 CCCXL

774 1401 860 1439 AD
906 1399 1317 1440 ATTONIUH.

865 1484 1043 1550 (Anno
1075 1485 1168 1535 881
1185 1482 1225 1552 .)

247 1570 721 1625 Excommunicat
751 1586 912 1633 eum,
972 1571 1089 1624 nisi
1136 1570 1397 1625 Ecclesia
1443 1570 1840 1628 Mediolanenu'

318 1640 461 1695 bona
483 1656 603 1712 qua:
621 1640 935 1712 abstulerat
968 1641 1255 1703 restituat,
1289 1644 1346 1712 et
1365 1641 1436 1695 ad
1464 1641 1839 1698 obedientiam

316 1712 411 1765 sui
438 1710 843 1781 archiepiscopi
872 1726 1002 1766 cum
1030 1712 1196 1766 socii:
1224 1710 1435 1765 redeat.

317 1810 572 1861 ΑττοΝιο
601 1806 1087 1861 excommunicato.

317 1894 486 1948 Missa
513 1894 821 1964 prasulatui
853 1901 1038 1949 nostro
1069 1894 1135 1948 ab
1166 1897 1438 1967 Ansperto
1482 1905 1681 1953 sancta
1728 1898 1845 1952 Me-

240 1982 584 2038 diolanensis
614 1982 877 2037 Ecclesia
922 1983 1335 2056 archiepiscOpo
1380 1985 1640 2041 relatione
1683 1994 1846 2057 atque

243 2070 624 2143 suggestione,
660 2070 948 2125 didicimus
983 2079 1033 2125 te
1062 2073 1232 2127 multa
1256 2089 1356 2143 per
1372 2074 1658 2129 horrenda
1686 2081 1851 2129 teme-

240 2159 420 2213 ritatis
444 2158 837 2228 impudentiam
869 2159 982 2214 sive
1011 2160 1290 2215 audaciam
1323 2162 1504 2234 egisse
1548 2162 1762 2229 illicita,
1795 2164 1849 2218 et

239 2247 300 2301 in
331 2254 707 2316 contemptum
740 2246 880 2301 beati
910 2248 1181 2302 Ambrosii
1212 2256 1375 2321 atque
1403 2250 1572 2320 ipsius
1593 2250 1847 2305 antistitis

240 2334 685 2391 contrarietatem
711 2376 725 2399 ,
775 2335 829 2388 in
875 2336 1014 2390 locis
1061 2344 1114 2391 et
1156 2337 1315 2392 rebus
1360 2338 1410 2393 ei
1452 2339 1846 2409 pertinentibus

240 2423 389 2479 mala
437 2431 491 2478 et
540 2438 887 2494 quacunque
947 2432 1164 2493 poteras
1227 2427 1525 2481 enormiter
1569 2444 1674 2480 una
1720 2442 1843 2482 cum

238 2511 368 2566 ﬁliis
398 2513 501 2566 tuis
530 2512 869 2567 commisisse
898 2513 1150 2567 adversa.
1176 2516 1221 2568 Α
1254 2530 1474 2585 quorum
1489 2512 1691 2571 scilicet
1714 2532 1845 2586 per-

237 2600 544 2672 petratione
572 2599 792 2653 assidua
821 2607 873 2653 te
913 2601 1065 2670 quasi
1114 2616 1273 2655 ovem
1318 2603 1507 2674 gregis
1557 2603 1841 2670 Dominici,

238 2688 431 2743 multis
454 2688 565 2756 jam
597 2687 806 2742 vicibus
834 2688 1141 2758 arguendo,
1175 2689 1521 2746 obsecrando
1568 2699 1621 2745 et
1662 2691 1844 2747 incre-

235 2777 423 2848 pando
453 2775 746 2831 convenire
776 2783 938 2846 atque
967 2791 1246 2831 removere
1277 2778 1511 2847 curavit,
1542 2794 1612 2833 ne
1639 2780 1847 2851 antiqui

234 2864 416 2919 hostis
445 2863 638 2919 callida
663 2864 1014 2934 persuasione
1033 2865 1203 2919 semel
1228 2866 1516 2937 deceptum
1549 2867 1603 2920 in
1624 2868 1847 2937 profun-

236 2954 373 3008 dum
400 2951 591 3007 mortis
620 2951 928 3005 barathrum
957 2951 1171 3022 lapsum
1194 2954 1379 3022 jacere
1409 2954 1697 3010 omitteret.
1734 2956 1845 3011 Sed

235 3041 368 3113 quia
398 3049 451 3095 te
471 3046 674 3095 sancta
694 3039 1077 3095 admonitionis
1095 3040 1280 3120 verbis
1310 3042 1616 3097 salubribus
1655 3038 1844 3098 humili

234 3108 472 3200 prorsus
499 3126 787 3182 devotione
806 3143 914 3182 non
936 3128 1178 3193 obedire,
1210 3108 1385 3201 neque
1414 3146 1598 3185 aurem
1627 3132 1830 3197 cordis,
1859 3108 1908 3170 Ο

1870 1761 1924 1820 Β

1950 525 2014 563 ex
2045 514 2363 570 auctoritate
2393 518 2493 573 Dei
2522 519 2717 584 Patris,
2751 530 2803 575 et
2833 522 2983 587 Filii,
3016 539 3079 579 ac
3109 524 3337 595 Spiritus
3367 528 3543 584 sancti

1951 598 2164 663 virtute,
2215 602 2606 677 beatorumque
2652 608 3018 678 apostolorum
3070 613 3213 667 Petri
3260 629 3326 669 ac
3368 615 3539 682 Pauli,

1949 691 2001 739 et
2031 682 2271 744 omnium
2301 702 2608 749 sanctorum
2642 688 2888 765 Patrum,
2924 696 3213 771 nostraque
3244 702 3544 772 apostolica

1950 776 2228 832 sanctione
2249 821 2261 843 ,
2298 781 2597 836 secundum
2620 783 2735 851 jam
2766 785 2892 840 dicti
2921 786 3103 842 dilecti
3133 788 3419 845 confratris
3445 806 3543 846 no-

1950 870 2046 922 stri
2089 873 2483 945 archiepiscopi
2530 886 2582 931 et
2632 880 3011 951 episcoporum
3060 884 3380 939 sententiam
3421 886 3534 954 jam

1947 956 2075 1010 olim
2105 958 2159 1012 in
2191 968 2242 1014 te
2272 963 2565 1033 prolatam,
2591 966 2842 1033 iubemus
2872 976 2924 1023 te
2945 984 3065 1023 cum
3100 969 3223 1025 filiis
3242 981 3294 1026 et
3325 974 3547 1044 compli-

1947 1044 2105 1099 cibus
2127 1047 2231 1101 tuis
2252 1050 2398 1103 omni
2420 1052 2790 1111 ecclesiastica
2811 1072 2934 1111 esse
2954 1059 3335 1114 communione
3354 1060 3539 1130 priva-

1947 1138 2080 1198 tum,
2101 1141 2155 1188 et
2176 1150 2209 1189 a
2238 1143 2377 1191 catu
2406 1147 2566 1210 atque
2595 1142 2849 1197 societate
2870 1145 3107 1199 omnium
3138 1145 3539 1202 Christianissi-

1944 1235 2180 1286 morum,
2205 1231 2390 1293 utpote
2420 1233 2694 1283 tantorum
2723 1231 2989 1286 malorum
3018 1242 3421 1304 perpetratores
3450 1236 3538 1291 in-

1945 1309 2348 1379 convertibiles,
2373 1313 2619 1369 seclusos
2654 1323 2704 1370 et
2739 1318 3024 1374 damnatos
3043 1321 3308 1389 existere;
3332 1314 3538 1394 quous-

1944 1410 2051 1464 que
2094 1397 2294 1467 omnia,
2349 1417 2470 1471 qua
2511 1419 2798 1473 perperam
2841 1408 3121 1477 gessistis,
3173 1411 3534 1479 emendando,

1945 1484 2313 1556 canoniceque
2345 1488 2749 1558 satisfaciendo,
2774 1494 2987 1549 veniam
3014 1497 3337 1569 condignam
3357 1499 3538 1568 perci-

1944 1586 2074 1638 pere
2094 1574 2438 1630 merearnini.
2494 1578 2628 1633 Data
2672 1594 2751 1635 xv
2797 1582 3067 1638 Kalendas
3113 1584 3308 1650 Martii,
3359 1585 3537 1642 indic-

1945 1657 2090 1713 tione
2122 1674 2241 1715 xxv.

2607 1788 2861 1848 CCCXII.

2016 1889 2090 1930 AD
2133 1891 2433 1936 ANSBLMUH
2472 1897 2945 1942 HEDIOLANENSEM
2987 1902 3465 1951 ARCHIDMCONUU.

2566 1979 2747 2051 (Anno
2777 1982 2925 2053 881.)

1948 2078 2197 2136 Minatur
2225 2082 2315 2138 illi
2335 2088 2943 2173 eaeommunieationis
2955 2093 3319 2173 Ρωηαηιρηίξὶ
3346 2093 3419 2149 ad
3446 2096 3537 2151 sui

2261 2154 2666 2229 archiepiscopi
2694 2154 3066 2216 obedientiam
3093 2154 3308 2218 redeat.

2015 2264 2283 2320 Axsnwo
2312 2267 2695 2326 archidiacono
2724 2271 3133 2330 Mediolanensi.

2016 2351 2178 2406 Missa
2206 2355 2516 2423 prasulatui
2558 2366 2746 2414 nostro
2793 2362 3181 2434 suggestione,
3232 2367 3536 2436 Anspertus

1945 2448 2149 2495 sancta
2212 2442 2631 2499 Mediolanensis
2711 2447 2973 2505 Ecclesia
3052 2454 3537 2511 reverendissimus

1944 2528 2384 2601 archiepiscOpus
2409 2575 2422 2597 ,
2454 2533 2606 2603 cujus
2643 2535 2891 2591 minister
2933 2553 3055 2594 esse
3101 2539 3322 2608 videris,
3374 2559 3537 2613 super

1944 2623 1997 2669 te
2027 2624 2249 2687 questus
2269 2626 2350 2672 est
2372 2620 2517 2690 quod
2538 2620 2679 2676 inter
2702 2632 2925 2680 cateras
2956 2628 3377 2697 perturbationis
3408 2645 3534 2687 mo-

1942 2702 2180 2758 lestiasa
2202 2712 2251 2759 te
2272 2706 2375 2760 sibi
2397 2715 2602 2764 temere
2618 2710 2808 2780 illatas,
2851 2721 2904 2768 et
2933 2723 3056 2785 post
3090 2732 3274 2771 rerum
3309 2733 3533 2774 suarum

1943 2790 2140 2846 damna
2168 2808 2276 2849 non
2294 2795 2527 2861 modica,
2568 2813 2676 2853 non
2718 2801 2935 2870 propria
2972 2802 3231 2860 derelicta
3264 2806 3531 2877 Ecclesia,

1943 2879 2009 2932 ab
2041 2880 2158 2948 ejus
2202 2890 2254 2935 te
2293 2882 2558 2955 obsequio
2589 2893 2643 2939 et
2670 2890 2945 2945 consortio
2984 2906 3273 2962 separare,
3304 2900 3356 2949 et
3385 2894 3534 2949 velut

1947 2967 2323 3026 schismaticus
2372 2987 2471 3042 per
2516 2972 2722 3029 alienas
2775 2978 3057 3046 parochias
3123 2989 3315 3036 contra
3360 2997 3534 3038 cano-

1946 3055 2068 3111 nica
2112 3065 2311 3113 statuta
2358 3061 2681 3117 commorari
2725 3067 3143 3136 prasumpseris
3179 3108 3193 3136 ,
3228 3084 3443 3126 necnon
3484 3079 3538 3126 et

1935 3144 2077 3213 apud
2122 3145 2480 3216 principalem
2539 3151 2837 3219 potentiam
2899 3156 3284 3224 properando,
3343 3158 3533 3213 noxias
3606 3222 3611 3223 ί

233 3217 389 3272 velut
429 3215 672 3286 aspidem
719 3216 939 3270 surdam
962 3258 975 3283 ,
1020 3216 1282 3273 inclinare
1333 3218 1419 3273 vel
1482 3218 1833 3289 acquiescere
1928 3230 2012 3286 illi
2072 3215 2379 3303 preparare
2445 3215 2670 3291 insidias
2740 3215 2939 3294 callida
2998 3215 3357 3311 persuasione
3422 3245 3525 3300 de-

232 3306 387 3360 nolle
425 3303 713 3375 aspiciens,
736 3306 858 3373 pest
879 3311 955 3359 tot
976 3305 1349 3376 correptiones
1378 3321 1487 3361 una
1524 3323 1649 3362 cum
1669 3323 1833 3363 vene-

234 3392 491 3447 rabilium
510 3391 959 3462 coepiscoporum
993 3400 1136 3448 catu
1165 3409 1195 3447 a
1225 3394 1555 3450 sacrosancti
1587 3395 1833 3466 corporis

235 3488 290 3536 et
312 3479 594 3551 sanguinis
624 3479 861 3545 Domini,
886 3481 1188 3536 secundum
1212 3482 1560 3537 institutionis
1590 3490 1834 3553 paterna

233 3583 533 3627 censuram
559 3611 572 3634 ,
617 3568 996 3624 communione
1043 3570 1315 3641 separavit
1361 3579 1414 3626 et
1460 3571 1529 3625 ab
1574 3571 1835 3627 Ecclesia

237 3657 342 3713 Dei
394 3657 650 3712 societate
677 3656 871 3711 merito
919 3657 1185 3725 removit;
1238 3666 1290 3713 et
1332 3659 1508 3714 adhuc
1550 3659 1603 3713 in
1644 3660 1834 3715 eadem

236 3746 404 3801 sorde
453 3745 750 3816 iniquitatis
807 3744 1029 3800 fetidum
1080 3754 1132 3801 et
1176 3746 1515 3802 vulneratum
1577 3756 1629 3803 te
1689 3748 1837 3802 dolet

227 3836 421 3905 jacere
447 3875 462 3903 ,
509 3835 780 3904 cordeque
828 3834 1183 3904 impanitenti
1227 3835 1373 3889 nolle
1422 3836 1492 3890 ad
1534 3843 1587 3891 te
1636 3852 1835 3908 percu-

234 3925 467 3979 tientem
521 3921 720 3977 reverti
767 3922 1077 3993 aspiciens,
1129 3922 1325 3978 clamat
1367 3932 1424 3978 ut
1485 3940 1585 3995 per
1646 3923 1836 3980 salutis

236 4011 634 4066 medicamenta
662 4009 827 4063 animi
861 4009 934 4063 tui
966 4010 1143 4065 valeat
1182 4011 1402 4066 vulnera
1448 4007 1590 4066 male
1636 4011 1838 4067 inﬂicta

235 4114 453 4154 sanare.
504 4097 658 4152 Unde
702 4105 753 4152 et
797 4100 901 4153 nos
932 4098 1187 4169 pastorali
1231 4099 1591 4155 sollicitudine
1617 4144 1630 4165 ,
1678 4108 1838 4171 atque

234 4184 534 4243 confratris
579 4185 748 4239 nostri
793 4185 1189 4257 archiepiscopi
1237 4187 1340 4241 hoc
1398 4188 1653 4257 praesenti
1695 4188 1838 4242 dile-

232 4276 416 4332 ctione
447 4274 723 4337 commoti,
761 4274 1099 4330 auctoritatis
1136 4283 1335 4331 nostra
1361 4283 1555 4332 statuto
1586 4276 1840 4345 iubemus

231 4373 312 4429 ut,
348 4369 497 4417 tanta
523 4361 880 4433 perversitate
942 4370 995 4417 et
1038 4363 1221 4419 cordis
1256 4364 1449 4419 duritia
1486 4365 1600 4433 jam
1647 4360 1842 4435 procul

1934 3327 2132 3374 cretas.
2199 3322 2349 3376 Unde
2396 3323 2481 3378 his
2528 3325 2730 3380 nostris
2788 3327 3100 3397 apostolicis
3153 3329 3341 3386 litteris
3389 3332 3531 3388 dile-

1934 3406 2168 3462 ctionem
2230 3416 2377 3465 tuam
2441 3419 2669 3481 paterno
2734 3412 2926 3469 affectu
2988 3418 3376 3486 convenimus,
3435 3419 3525 3475 ni-

1934 3494 2225 3550 hilominus
2268 3506 2321 3551 et
2363 3512 2486 3553 cum
2534 3504 2682 3554 omni
2722 3501 2979 3570 jubemus
3042 3504 3302 3575 imperio,
3356 3514 3414 3562 ut
3460 3508 3530 3564 de

1933 3583 2191 3652 prasenti
2220 3585 2289 3639 ad
2320 3584 2496 3641 sinum
2530 3595 2582 3642 et
2611 3588 2879 3660 gremium
2910 3599 3114 3647 sancta
3158 3593 3529 3651 Mediolanen-

1936 3670 2010 3725 sis
2055 3671 2318 3727 Ecclesia
2364 3674 2554 3728 matris
2600 3682 2742 3743 tua,
2790 3693 2951 3748 quam
3010 3678 3298 3737 furibundo
3345 3682 3528 3739 animo

1935 3759 2202 3830 reliquisti
2227 3801 2241 3828 ,
2292 3760 2451 3816 valde
2481 3763 2709 3818 devotus
2734 3764 2913 3821 redire
2942 3764 3163 3823 festines
3186 3810 3200 3838 ,
3233 3776 3397 3841 atque
3427 3771 3529 3826 sub

1936 3847 2138 3917 proprii
2186 3849 2418 3919 pastoris
2462 3851 2727 3923 regimine
2768 3853 2858 3908 vel
2896 3856 3187 3926 prasentia
3215 3873 3337 3913 esse
3381 3858 3530 3913 omni

1936 3935 2132 3990 mentis
2160 3936 2436 3992 alacritate
2466 3938 2716 3996 decertes
2737 3984 2750 4007 ,
2782 3949 2852 4010 et,
2885 3950 3069 4014 utpote
3098 3944 3327 4001 idoneus
3372 3946 3531 4001 mini-

1938 4031 2069 4091 ster,
2103 4024 2292 4079 humili
2321 4042 2547 4095 prorsus
2566 4028 2853 4085 devotione
2874 4030 3134 4099 debitum,
3152 4033 3304 4102 juxta
3323 4033 3531 4089 ordinis

1939 4112 2013 4166 tui
2041 4111 2243 4182 locum,
2275 4123 2586 4170 reverenter
2612 4116 2896 4187 impendas
2922 4119 3243 4192 obsequium
3290 4130 3344 4177 et
3391 4123 3530 4180 obe-

1940 4200 2158 4255 dientia
2187 4200 2501 4257 famulatum
2526 4245 2539 4269 ,
2590 4213 2853 4275 quatenus
2876 4248 2889 4274 ,
2942 4208 3060 4276 ejus
3105 4210 3275 4281 gratia
3304 4212 3528 4281 potitus,

1941 4288 2295 4358 omnipotenti
2322 4291 2556 4345 Domino
2576 4291 2643 4345 de
2662 4292 2838 4349 officii
2869 4295 2944 4348 tui
2970 4295 3283 4351 assiduitate
3314 4314 3532 4370 semper

1943 4376 2162 4446 placere
2188 4376 2392 4431 valcas.
2427 4377 2584 4447 Quod
2614 4379 2659 4432 si
2690 4380 2848 4435 aliter
2892 4390 3083 4436 contra
3127 4385 3431 4455 praecipuas
3478 4395 3533 4442 et

231 4453 472 4521 abjecta,
506 4450 762 4521 quoniam
794 4451 1090 4523 hactenus,
1139 4452 1236 4507 Dei
1280 4453 1474 4509 timore
1511 4452 1829 4523 postposito,
1863 4450 1915 4509 D
1938 4480 2047 4518 non
2074 4462 2359 4519 violandas
2389 4473 2698 4520 sanctorum
2716 4468 2929 4522 Patrum
2957 4450 3341 4539 institutiones,
3366 4482 3528 4546 atque
3555 4484 3560 4489 '

232 4540 439 4597 multos
468 4546 574 4594 tua
620 4538 912 4610 iniquitatis
956 4540 1106 4609 lepra
1149 4540 1541 4611 coinquinasti,
1575 4547 1629 4594 et
1658 4547 1833 4594 tanto-

229 4644 355 4683 rum
385 4627 653 4682 malorum
686 4635 871 4682 auctor
897 4643 1019 4682 esse
1048 4642 1155 4682 non
1188 4627 1458 4696 dubitasti,
1489 4627 1830 4699 praecipimus

229 4726 285 4771 te
331 4732 460 4771 cum
505 4714 651 4769 omni
699 4714 973 4770 celeritate
1040 4716 1236 4770 reverti
1281 4716 1349 4770 ad
1393 4732 1577 4771 veram
1625 4714 1832 4786 prafati

230 4802 511 4876 pontificis
540 4803 615 4856 tui
641 4802 1057 4858 satisfactionem
1089 4820 1213 4858 eum
1243 4802 1365 4858 filiis
1407 4813 1458 4859 et
1502 4805 1608 4859 tuis
1650 4803 1831 4859 omni-

232 4894 336 4947 bus
367 4891 757 4961 complicibus,
792 4907 1017 4962 quorum
1060 4892 1306 4948 incentor
1347 4894 1527 4949 adhuc
1568 4893 1831 4948 malorum

230 4989 359 5052 post
390 4988 568 5034 tantas
596 4978 960 5035 correctioues
999 4997 1122 5036 esse
1166 4997 1274 5036 non
1318 4981 1570 5046 timuisti,
1618 4989 1670 5036 et
1716 4982 1833 5051 ejus

230 5067 551 5123 salubribus
612 5068 829 5122 monitis
886 5068 1129 5122 subditus
1176 5077 1227 5123 et
1273 5070 1551 5139 subjectus
1613 5070 1830 5135 existas,

230 5156 492 5212 omnibus
530 5165 709 5210 tamen
754 5156 1012 5212 Ecclesia
1054 5157 1551 5227 depradationibus
1601 5158 1653 5212 in
1699 5159 1833 5212 inte-

232 5261 397 5316 grum
431 5244 707 5312 restitutis,
748 5252 801 5298 et
849 5245 1148 5299 secundum
1179 5245 1350 5315 ipsius
1386 5246 1646 5300 Ecclesia
1678 5246 1837 5316 privi-

232 5333 437 5404 legium
479 5331 778 5386 emendatis
807 5341 965 5402 atque
995 5332 1202 5387 solutis.
1246 5333 1402 5402 Quod
1434 5334 1478 5387 si
1526 5341 1648 5404 post
1678 5335 1834 5402 hujus

234 5429 439 5477 nostra
467 5420 847 5491 praceptionis
878 5421 1133 5476 reiectam
1164 5421 1449 5491 epistolam
1480 5422 1533 5475 in
1552 5421 1834 5494 tuainiqua

233 5517 600 5579 obstinatione
628 5517 947 5589 perdurans,
982 5525 1038 5573 ut
1066 5517 1272 5576 dictum
1301 5526 1412 5588 est,
1461 5518 1529 5574 ad
1556 5516 1835 5591 prafatum

1932 4559 2120 4606 contra
2149 4552 2287 4607 hanc
2318 4560 2563 4607 nostram
2592 4554 2998 4611 saluberrimam
3023 4557 3325 4627 jussionem
3358 4577 3528 4636 agere

1931 4639 2365 4710 prasumpseris,
2392 4649 2444 4695 et
2462 4641 2530 4696 ad
2558 4650 2702 4698 tuam
2731 4644 3031 4700 Ecclesiam
3060 4653 3320 4720 tuumque
3348 4657 3528 4720 pasto-

1931 4743 2067 4794 rem,
2101 4727 2240 4783 sicut
2267 4730 2461 4800 regula
2487 4731 2860 4789 ecclesiastica
2890 4734 3066 4800 docet,
3091 4736 3272 4791 redire
3291 4746 3526 4794 contem-

1930 4816 2130 4886 pseris,
2162 4816 2302 4872 scias
2334 4826 2385 4873 te
2416 4820 2513 4874 Dei
2543 4820 2885 4890 omipotentis
2917 4822 3115 4878 virtute
3144 4832 3196 4879 et
3227 4825 3369 4881 beati
3390 4828 3528 4881 Petri

1932 4905 2302 4974 apostolorum
2346 4907 2601 4978 principis
2650 4917 2941 4980 nostraque
2985 4912 3334 4981 auctoritate,
3367 4922 3526 4987 atque

1936 4993 2203 5049 canonico
2255 4995 2473 5049 Patrum
2519 4996 2760 5064 judicio,
2811 4996 2925 5053 fore
2971 4999 3118 5055 omni
3159 5002 3526 5060 ecclesiastica

1933 5083 2315 5137 communione
2344 5083 2633 5153 privatum,
2667 5100 2967 5158 quousque,
2987 5096 3045 5142 ut
3072 5090 3393 5159 praedictum
3423 5098 3523 5161 est,

1933 5170 2001 5224 ad
2032 5178 2181 5224 tuam
2210 5170 2511 5225 Ecclesiam
2544 5172 2726 5227 redire
2754 5180 2953 5246 tuoque
2981 5178 3183 5246 pastori
3213 5178 3525 5233 humilitatis

1933 5256 2074 5313 colla
2103 5257 2335 5314 subdere
2364 5257 2583 5314 omnino
2627 5261 2917 5330 studueris,
2966 5265 3219 5335 quoniam
3250 5265 3393 5321 ferro
3423 5283 3524 5322 ne-

1934 5361 2088 5401 cesse
2119 5354 2201 5399 est
2229 5353 2283 5399 ut
2312 5347 2696 5403 abscindantur
2736 5349 2963 5406 vulnera
3007 5369 3127 5424 qua
3171 5361 3229 5408 ut
3256 5354 3363 5408 illis
3411 5370 3525 5410 ma-

1933 5449 2063 5487 num
2091 5433 2407 5497 adhibueris
2446 5434 2804 5531 fomentorum
2849 5455 2956 5497 non
3003 5441 3271 5503 senserint
3300 5443 3524 5504 medici-

1933 5537 2077 5584 nam,
