4112 6192
1194 387 1472 442 CCCXIII.

861 501 934 541 an
971 500 1264 550 JOANNEM,
1305 495 1648 546 EGILULFUM,
1689 494 1812 534 n'rc.

1157 573 1336 640 (Anno
1369 573 1516 638 881.)

549 673 788 730 Causam
809 673 962 726 inter
979 669 1384 724 Tridentanum
1398 669 1453 719 et
1477 666 1846 720 l’aronenscm
1859 661 2138 730 episcopos

611 747 932 798 versantem
982 741 1060 794 eis
1106 739 1450 800 committit;
1497 739 1686 788 monet
1731 737 1794 786 ut
1845 748 1968 786 eam
2004 733 2138 800 jure

615 813 914 880 deﬁniant,
939 815 994 864 et
1023 809 1094 862 ad
1123 825 1180 862 se
1211 807 1558 862 sententiam
1594 805 1866 866 mittant,
1901 804 1966 854 ut
2013 816 2138 853 eam

613 883 949 950 conﬁrmare
973 881 1169 951 possit.

611 997 816 1050 10mm
831 993 1175 1058 Bononiensi,
1189 993 1471 1045 EGILULPO
1484 989 1796 1049 Mantuano,
1815 993 1868 1040 et
1888 986 2137 1038 EICARDO

549 1083 848 1148 Vicentino,
882 1091 934 1137 et
968 1083 1194 1135 VIATORI
1227 1077 1558 1132 Ferrariensi
1583 1074 1872 1146 episcopis.

615 1171 976 1226 Sanctitamen
1005 1177 1242 1223 vestram
1273 1167 1525 1220 nolumus
1569 1165 1820 1234 ignorare
1869 1159 2138 1230 quoddam

543 1260 672 1314 olim
719 1259 858 1312 inter
904 1265 1146 1311 sanctam
1188 1255 1560 1308 Veronensem
1593 1248 1900 1304 Ecclesiam
1933 1255 1984 1301 et
2015 1247 2137 1299 Tri-

543 1349 838 1418 dentanam
866 1346 934 1399 de
966 1343 1290 1415 quibusdam
1325 1341 1487 1394 rebus
1537 1337 1752 1392 Asiana:
1785 1337 1924 1390 villa:
1975 1351 2138 1389 exor-

541 1443 656 1490 tum
685 1435 850 1488 fuisse
883 1432 1133 1503 litigium,
1170 1445 1305 1499 quas
1339 1425 1632 1480 Veronensi
1665 1424 1923 1478 Ecclesiae
1968 1423 2140 1494 perti-

543 1523 728 1577 nuisse
753 1519 1125 1590 probavimus,
1159 1517 1296 1571 sicut
1323 1531 1355 1570 a
1385 1515 1577 1584 legatis
1608 1513 1807 1566 nostris
1833 1556 1846 1576 ,
1877 1511 1968 1582 qui
1998 1519 2138 1564 tem-

545 1625 679 1679 pore
707 1609 799 1662 illo
829 1607 883 1660 in
915 1606 1082 1660 Italia
1111 1605 1348 1674 partibus
1380 1601 1665 1672 legationis
1695 1609 1890 1654 nostrae
1939 1598 2138 1670 funge-

544 1697 744 1750 bantur
772 1694 967 1758 officio,
993 1693 1172 1747 veraci
1202 1691 1460 1746 relatione
1481 1688 1844 1758 comperimus
1871 1704 1881 1741 :
1909 1703 2140 1757 quorum

549 1791 602 1838 et
621 1783 808 1851 judicii
839 1781 1210 1836 diﬂinitionem
1258 1779 1524 1844 vidimus,
1575 1785 1625 1830 et
1671 1793 1857 1830 eorum
1902 1774 2140 1828 subscri-

549 1871 761 1941 ptiones
793 1885 1042 1924 manuum
1069 1869 1301 1922 lectione
1331 1866 1726 1936 percurrimus,
1773 1879 1879 1933 quo
1908 1861 2142 1916 manife-

547 1959 680 2012 stius
701 1959 1012 2013 declaratur
1043 1957 1265 2010 easdem
1296 1971 1385 2008 res
1415 1955 1484 2008 ad
1517 1961 1754 2008 sanctam
1779 1953 2144 2005 Veronensem

549 2046 853 2102 Ecclesium
887 2047 1032 2114 juste
1079 2044 1440 2114 pertinuisse,
1491 2051 1542 2095 et
1588 2057 1680 2095 eas
1727 2041 1780 2093 in
1827 2047 2146 2110 perpetuum

545 2135 908 2206 possidendas
929 2133 1214 2186 ditiin'itum
1244 2131 1431 2184 fuisse.
1468 2129 1574 2184 Sed
1597 2129 1724 2200 quia
1755 2143 1899 2197 saepe
1930 2135 2148 2182 conten-

546 2224 620 2278 tio
651 2223 786 2277 solet
817 2236 1087 2293 generare
1118 2219 1470 2286 discordiam,
1521 2233 1664 2271 nunc
1685 2259 1698 2282 ,
1749 2216 1886 2270 sicut
1931 2215 2142 2280 dicitur,

546 2309 889 2366 Adelchisius
917 2307 1246 2362 venerabilis
1272 2307 1636 2362 Tridentanus
1669 2303 1979 2374 episcopus,
2015 2319 2146 2357 con-

546 2407 630 2452 tra
659 2395 1034 2452 diﬁinitionem
1063 2395 1240 2465 ipsam
1271 2409 1560 2465 peragens,
1595 2400 1757 2464 atque
1787 2400 1978 2446 contra
2013 2407 2147 2460 pro-

545 2485 841 2540 fessionem
865 2527 877 2549 ,
926 2499 1228 2554 manusque
1277 2499 1389 2536 suae
1429 2481 1884 2550 subscriptionem
1925 2495 2147 2534 movere

545 2573 910 2646 praesumpsit,
963 2571 1287 2626 reverentia:
1333 2579 1525 2624 vestrae
1575 2585 1740 2639 super
1779 2570 1882 2622 hoc
1928 2566 2148 2637 negotio

547 2662 721 2717 vicem
751 2668 988 2714 nostram
1019 2659 1423 2720 committimus,
1457 2666 1510 2711 ut
1541 2659 1606 2710 ad
1637 2657 1758 2710 illas
1775 2663 1956 2726 partes
1985 2671 2150 2710 acce-

545 2750 754 2818 dentes,
791 2765 914 2804 cum
946 2747 1234 2806 Adelardo.
1271 2755 1322 2800 et
1353 2747 1542 2800 eodem
1575 2745 1900 2806 Adelchisio,
1933 2759 2155 2798 venera-

547 2837 750 2892 bilibus
782 2836 1074 2905 episcOpis,
1109 2836 1212 2888 hoc
1242 2833 1473 2906 litigium
1504 2833 1652 2900 (licet
1683 2833 1786 2887 hoc
1809 2875 1822 2896 ,
1856 2832 1981 2902 quia
2030 2847 2152 2885 cum

549 2923 748 2996 legatis
778 2923 980 2978 nostris
1011 2922 1370 2976 deliberatum
1419 2928 1518 2984 est,
1573 2919 1906 2989 superﬂuum
1933 2918 2147 2986 judice-

553 3013 698 3081 mus)
729 3025 948 3064 rursum
980 3008 1259 3062 audientes
1288 3007 1626 3075 deliberetis,
1667 3015 1720 3060 et
1748 3007 1816 3060 ad
1847 3005 2150 3078 legitimum

550 3097 712 3153 ﬁnem
741 3097 1046 3168 perducere
1075 3095 1250 3149 modis
1281 3095 1530 3148 omnibus
1568 3093 1827 3165 satagatis
1859 3110 1870 3147 :
1906 3109 2014 3164 quo
2045 3093 2146 3147 rite

549 3195 604 3242 et
633 3185 934 3242 secundum
965 3184 1164 3238 seriem
1195 3183 1587 3254 scripturarum
1639 3198 1858 3236 suarum
1901 3189 2142 3251 peracto,

547 3273 814 3346 quidquid
861 3273 992 3326 illud
1041 3271 1240 3338 fuerit,
1307 3279 1494 3326 nostro
1563 3269 1890 3340 apostolatui
1935 3269 2149 3339 scriptis

543 3361 740 3418 vestris
771 3361 1022 3418 volumus
1057 3359 1329 3428 intimari,
1379 3367 1438 3412 ut
1487 3374 1588 3414 nos
1639 3367 1691 3412 et
1738 3357 1970 3413 libenter
1999 3357 2147 3412 acci-

545 3451 780 3522 piamus,
831 3457 884 3504 et
932 3457 1120 3504 nostra
1167 3447 1489 3502 auctoritate
1534 3446 1783 3500 stabilire
1827 3461 1936 3500 non
1985 3446 2149 3500 omit-

546 3546 747 3592 tamus.
801 3535 940 3605 Quia
987 3545 1040 3590 et
1083 3535 1310 3605 primum
1361 3550 1540 3590 coram
1591 3533 1904 3604 apostolicis
1971 3533 2151 3588 missis

547 3625 778 3697 aliisque
825 3623 1299 3680 reverendissimis
1341 3623 1612 3693 episcopis
1663 3623 1718 3676 in
1769 3621 1978 3692 synodo
2007 3621 2151 3676 Tici-

545 3713 734 3778 nensi,
769 3721 822 3768 et
851 3721 975 3783 post
1023 3711 1076 3765 in
1122 3711 1438 3766 Tridentina
1479 3711 1714 3766 ecclesia
1741 3753 1753 3774 ,
1805 3709 2154 3764 nihilominus

547 3817 734 3857 coram
763 3800 966 3855 nostris
995 3793 1276 3870 legatis'et
1304 3799 1424 3852 aliis
1469 3798 1838 3868 imperialibus
1885 3798 2155 3866 judicibus

552 3887 620 3944 de
652 3889 756 3944 hoc
780 3887 1082 3956 judicatum
1113 3885 1209 3940 fuit
1240 3894 1290 3939 et
1319 3885 1565 3956 legaliter
1595 3885 1899 3940 diﬂinitum.
1933 3886 2070 3939 Data
2098 3900 2154 3940 Iv

553 3975 744 4032 Nonas
775 3974 969 4039 Martii,
1003 3973 1298 4028 indictione
1328 3986 1448 4026 xxv.

1218 4077 1493 4132 CCCXIV.

713 4191 786 4230 AD
823 4189 1196 4230 ADELCHISIUM
1232 4188 1541 4228 Εριεοορωι
1579 4187 2000 4229 TRIDENTANUM.

1175 4261 1361 4332 (Anno
1389 4263 1537 4332 881.)

549 4353 752 4436 Arguit
771 4368 900 4408 eum
913 4351 1054 4424 quod
1071 4351 1213 4436 bona
1237 4351 1562 4436 lferonensis
1581 4351 1824 4434 episcopi
1843 4352 2158 4434 invaserit;

1762 254 2056 314 JOANNIS
2113 251 2307 308 PAPE
2347 252 2486 306 VIII.

2159 375 2215 435 A
2235 375 2460 430 aliorum
2507 373 2795 430 certificari
2843 389 3004 444 super
3047 375 3150 428 hoc
3199 369 3642 426 attestationibus.
3707 367 3804 422 Sed

3709 245 3804 302 92‘

2239 465 2361 534 quia
2393 465 2494 518 hoc
2523 481 2632 518 non
2661 480 2784 518 esse
2812 471 3174 532 opportunum
3203 459 3552 530 praevidimus
3577 501 3588 520 ,
3631 455 3808 510 Joanni

2237 553 2596 618 Bononiensi,
2631 551 2870 624 Egilulfo
2901 553 3188 604 Mantuano
3215 592 3226 614 ,
3259 547 3490 604 Eicardo
3525 545 3802 610 Vicentino,

2239 649 2290 696 et
2339 641 2546 696 Viatori
2591 639 2922 694 Ferrariensi
2971 637 3367 693 venerabilibus
3417 633 3718 704 episcopis,
3747 633 3806 685 ad

2240 731 2342 783 hoc
2373 729 2670 783 secundum
2699 731 2872 782 Deum
2903 726 3296 798 providendum
3323 767 3334 788 ,
3365 731 3422 780 et
3451 729 3704 794 quantum
3747 719 3808 774 ad

2241 825 2606 886 contemptum
2645 815 3070 870 inobedientium
3118 812 3386 884 pertinet,
3433 825 3644 866 rursum
3689 807 3810 862 difﬁ-

2241 905 2534 968 niendum,
2580 905 2754 959 vicem
2801 911 3042 958 nostram
3093 917 3255 972 super
3297 902 3440 954 hanc
3477 897 3810 969 quaestionem

2240 991 2608 1048 commisimus
2631 1036 2646 1058 ,
2681 1001 2736 1046 ut
2765 992 2818 1044 in
2847 991 2901 1045 id
2931 991 3110 1060 ipsum
3135 987 3518 1044 convenientes
3540 1029 3554 1050 ,
3587 987 3688 1040 hoc
3711 983 3808 1037 liti-

2241 1081 2388 1153 gium
2423 1097 2544 1135 cum
2575 1079 2856 1134 sanctitate
2887 1087 2974 1132 tua
3003 1077 3378 1139 determinent,
3409 1083 3462 1130 et
3491 1073 3810 1142 irrepreheu-

2243 1169 2445 1236 sibiter,
2479 1170 2592 1222 Deo
2623 1185 2732 1237 pra:
2761 1167 2932 1222 oculis
2971 1166 3188 1230 habito,
3235 1163 3468 1218 ditlinire
3515 1169 3808 1231 procurent.

2242 1256 2584 1326 Quapropter
2631 1255 2864 1308 fraterno
2907 1262 2959 1308 te
3001 1269 3186 1308 amore
3233 1265 3516 1306 monemus
3557 1257 3610 1302 ut
3640 1248 3692 1301 in
3721 1247 3812 1301 hoc

2241 1345 2316 1397 ita
2343 1359 2579 1414 peragas
2617 1351 2882 1414 quatenus
2911 1359 2940 1396 a
2971 1342 3128 1396 nobis
3157 1340 3348 1394 merito
3369 1335 3692 1408 reprehendi
3721 1349 3814 1390 non

2239 1432 2420 1502 possis
2454 1439 2502 1485 et
2533 1431 2848 1486 canonicam
2893 1430 3212 1484 sententiam
3263 1444 3370 1482 non
3415 1425 3650 1494 excipias
3681 1441 3696 1476 :
3729 1437 3814 1476 ve-

2241 1528 2544 1574 rumtamen
2574 1520 2644 1574 ad
2674 1521 2850 1575 locum
2885 1535 3044 1589 quem
3073 1517 3314 1588 praedicti
3345 1513 3684 1568 venerabiles
3709 1511 3816 1582 epi-

2241 1609 2392 1678 sc0pi
2425 1609 2518 1662 tibi
2549 1606 2976 1678 signiﬁcaverim
2997 1649 3009 1672 ,
3043 1620 3336 1661 occurrere
3363 1619 3470 1656 non
3501 1601 3732 1656 omittas.
3763 1599 3820 1652 Et

2169 1719 2220 1778 Β
2242 1697 2310 1750 de
2341 1697 2546 1751 eisdem
2575 1697 2741 1750 rebus
2771 1696 2984 1749 Asiana:
3014 1693 3154 1748 villa:
3185 1692 3539 1762 respondeas,
3560 1698 3616 1742 ut
3647 1703 3710 1742 ex
3727 1689 3820 1742 hoc

2237 1787 2346 1853 jam
2377 1785 2522 1838 nulla
2552 1785 2778 1856 quaestio
2819 1799 3047 1854 prorsus
3076 1789 3356 1836 remaneat
3385 1779 3470 1834 vel
3497 1785 3816 1834 renascatur.

2246 1874 2384 1928 Data
2417 1878 2480 1930 ut
2511 1890 2700 1945 supra.

2927 1973 3176 2029 CCCXV.

2431 2081 2503 2122 ΑΙ)
2541 2079 2856 2120 ιυοονῐοωι
2894 2079 2963 2118 ΕΤ
3000 2075 3415 2116 οΔιιιοΜΑΝΝωι
3455 2073 3650 2112 ιιεςεο.

2861 2171 3041 2239 (Anno
3075 2171 3221 2236 881.)

2249 2264 2416 2331 Rogat
2449 2265 2510 2314 ut
2541 2276 2670 2314 cum
2694 2259 2885 2312 Carolo
2915 2257 3252 2331 imperatore
3273 2253 3634 2331 consentiant
3655 2251 3720 2304 de
3747 2263 3824 2331 re:

2319 2319 2566 2385 {vocanda
2615 2334 2670 2383 et
2713 2331 2942 2384 Romam
2993 2319 3274 2380 mittenda
3303 2325 3644 2392 Angelberga
3671 2361 3686 2384 ,
3741 2319 3826 2373 ubi

2317 2419 2442 2456 eam
2473 2403 2556 2455 ita
2586 2417 2644 2454 se
2682 2399 3102 2454 custoditurum
3143 2397 3468 2468 pollicetur,
3523 2397 3588 2448 ut
3645 2394 3826 2462 contrq

2319 2475 2468 2543 ipsos
2497 2472 2690 2526 moliri
2721 2470 2867 2524 nihil
2895 2468 3090 2539 possit.

2319 2579 2604 2632 Lunovrco
2643 2583 2694 2630 et
2753 2575 3138 2628 CARLOMANNO
3193 2568 3454 2638 regibus;
3513 2573 3568 2620 et
3620 2565 3830 2619 HCGONI

2255 2665 2458 2720 abbaﬁ.

2320 2755 2496 2808 Nosse
2533 2750 2782 2806 volumus
2816 2753 3053 2802 vestram
3119 2741 3462 2797 dilectionem
3529 2739 3618 2810 qui
3685 2737 3828 2808 spiri-

2251 2842 2413 2896 talem
2445 2839 2611 2893 ﬁlium
2641 2845 2884 2891 nostrum
2934 2833 3184 2888 Carolum
3235 2828 3642 2884 serenissimum
3673 2826 3828 2896 impe-

2251 2937 2486 2984 ratorem
2537 2929 2722 2984 Roma:
2771 2926 3054 2981 nobiscum
3103 2925 3392 2994 degentem
3439 2919 3754 2992 rogavimus
3781 2925 3832 2970 ut

2252 3017 2553 3088 spiritalem
2567 3014 2731 3070 ﬁliam
2749 3023 2988 3068 nostram
3013 3013 3418 3084 Angelhergam
3435 3011 3550 3064 Deo
3569 3008 3830 3072 devotam,

2249 3121 2368 3178 quas
2417 3121 2476 3160 se
2523 3111 2712 3159 sancto
2759 3104 2922 3158 Petro
2959 3101 3202 3172 apostolo
3251 3107 3304 3154 et
3345 3098 3504 3154 nobis
3562 3112 3690 3151 cum
3732 3093 3834 3150 suis

2251 3193 2503 3248 omnibus
2535 3191 3034 3256 commendaverat,
3067 3204 3228 3260 quam
3257 3188 3421 3243 etiam
3451 3186 3650 3254 conjux
3703 3183 3836 3238 illius

2251 3281 2392 3338 divae
2441 3280 2718 3336 memoriae
2761 3279 3065 3334 Ludovicus
3103 3281 3381 3348 Augustus
3439 3275 3618 3330 adhuc
3659 3272 3836 3328 vivens

2253 3377 2450 3425 nostra:
2477 3369 2686 3424 tuitioni
2729 3367 3036 3438 specialiter
3083 3365 3444 3428 submiserat,
3491 3363 3560 3416 ab
3609 3360 3836 3417 exsulatu

2253 3458 2554 3522 reduceret,
2589 3465 2642 3512 et
2671 3457 2812 3526 apud
2843 3471 2946 3510 nos
2993 3470 3114 3510 eam
3162 3455 3410 3518 Romam,
3441 3451 3534 3506 ubi
3563 3450 3712 3504 nulla
3733 3449 3836 3517 jam

2253 3547 2321 3602 de
2351 3546 2444 3600 illa
2471 3545 2692 3600 sinistra
2721 3543 2962 3614 suspicio
2989 3543 3126 3598 oriri
3153 3549 3368 3612 posset,
3401 3555 3502 3610 pro
3531 3553 3718 3594 amore
3747 3535 3838 3591 Dei

2255 3643 2308 3690 et
2335 3633 2549 3696 Christi,
2573 3632 2832 3704 clavigeri
2861 3631 3030 3702 ipsius
3059 3631 3203 3684 beati
3229 3629 3374 3684 Petri
3402 3627 3634 3698 apostoli
3663 3623 3838 3680 simul-

2255 3739 2360 3794 que
2390 3729 2576 3776 nostro
2606 3721 2880 3790 dirigeret.
2913 3719 3070 3788 Quod
3111 3719 3202 3773 ille
3229 3717 3464 3773 libenter
3493 3732 3554 3771 se
3585 3715 3836 3770 {acturum

2255 3810 2611 3880 promittens,
2646 3815 2908 3879 quantum
2955 3808 3354 3876 comperimus,
3401 3812 3644 3858 vestrum
3687 3816 3840 3872 super

2257 3898 2361 3952 hoc
2391 3897 2736 3967 praestolatur
2765 3911 3072 3950 assensum.
3125 3896 3193 3949 Et
3221 3894 3438 3966 quidem
3470 3908 3572 3947 nos
3603 3892 3674 3947 de
3700 3905 3836 3946 com-

2255 3985 2406 4040 muni
2435 3984 2724 4039 dilectione
2745 3991 2798 4038 et
2827 3999 2962 4053 pace
2991 3984 3108 4038 sive
3123 3982 3414 4038 concordia
3443 3989 3629 4036 vestra
3650 3977 3842 4051 gaude-

2258 4089 2396 4138 mus,
2431 4081 2482 4126 et
2511 4073 2626 4127 Deo
2655 4087 2752 4142 pro
2820 4072 2925 4128 hoc
2951 4071 3268 4126 innumeras
3315 4076 3504 4141 grates
3546 4067 3842 4122 referimus.

2260 4161 2367 4216 Sed
2397 4168 2606 4214 tantum
2647 4161 2716 4216 de
2762 4160 2935 4232 ipsius
2974 4159 3235 4230 spiritalis
3278 4156 3404 4212 ﬁliae
3447 4165 3650 4212 nostra:
3687 4169 3840 4210 recu-

2261 4249 2540 4318 peratione
2583 4256 2636 4303 et
2685 4247 2858 4302 reditu
2901 4263 3002 4304 vos
3048 4248 3422 4317 deprecamur,
3459 4251 3757 4316 quantum,
3801 4239 3844 4295 si

2259 4337 2376 4408 ipsa
2402 4337 2472 4392 ad
2503 4351 2603 4392 nos
2632 4336 2852 4392 reducta
2879 4336 3056 4400 fuerit,
3107 4343 3164 4390 ut
3205 4335 3340 4389 nihil
3385 4333 3598 4404 penitus
3625 4333 3738 4400 jam
3765 4328 3844 4384 vel

623 4419 744 4495 ejus
772 4419 1008 4495 causam
1037 4422 1366 4493 quibusdam
1397 4419 1669 4495 episcopis
1709 4419 1775 4477 se'
1811 4423 2156 4495 commisisse
2185 4419 2237 4478 D
2260 4433 2448 4480 contra
2497 4424 2746 4479 eumdem
2787 4424 3162 4494 imperatorem
3181 4463 3195 4490 ,
3229 4422 3316 4478 vel
3343 4429 3532 4478 contra
3561 4435 3664 4476 vos
3689 4432 3844 4490 agere

625 4494 916 4565 signiﬁcat
934 4513 952 4548 :
974 4496 1170 4548 monet
1187 4496 1253 4547 ut
1267 4509 1459 4547 eorum
1489 4494 1808 4564 acquiescat
1831 4494 2153 4548 sententia.

625 4602 968 4654 Anancmsro
1003 4598 1262 4668 episcopo
1291 4597 1642 4652 Tridentano.

620 4687 964 4760 Suggerente
993 4685 1328 4756 coepiscOpo
1348 4693 1534 4740 nostro
1555 4685 1832 4740 Adelardo
1855 4685 2156 4741 Veronensi

549 4775 839 4846 episcopo,
893 4774 1181 4830 didicimus
1225 4774 1567 4828 sanctitatem
1615 4781 1758 4828 tuam
1785 4773 1942 4828 aliter
1974 4774 2158 4846 egisse

550 4879 712 4934 quam
744 4879 803 4917 se
833 4854 1094 4918 canonica
1117 4905 1132 4927 ,
1179 4862 1286 4916 imo
1334 4861 1634 4916 Christiana
1665 4861 2009 4916 observantia
2063 4863 2161 4916 ha-

549 4951 682 5006 bere
710 4950 940 5006 videtur.
990 4948 1130 5018 Quia
1173 4949 1415 5018 scilicet,
1465 4957 1781 5020 contempto
1829 4949 2152 5019 praeceden-

546 5039 678 5096 tium
711 5041 928 5094 Patrum
949 5038 1174 5108 judicio,
1198 5039 1284 5093 cui
1311 5038 1429 5108 ipse
1453 5037 1766 5093 interfuisse
1786 5038 2149 5109 dignosceris,

548 5145 634 5186 res
691 5127 959 5200 quasdam
1006 5127 1076 5181 ad
1125 5134 1371 5182 sanctam
1421 5127 1792 5181 Veronensem
1849 5126 2151 5182 Ecclesiam

548 5215 878 5286 pertinentes
921 5213 1184 5269 invasisse
1231 5213 1466 5280 diceris,
1502 5223 1554 5268 et
1601 5222 1789 5269 contra
1821 5231 2013 5268 manus
2044 5222 2148 5270 tum

551 5303 1007 5374 subscriptionem
1035 5310 1088 5358 te
1119 5302 1301 5374 egisse
1345 5303 1748 5373 quodammodo
1797 5302 2096 5374 suspicaris
2139 5335 2154 5371 ε

547 5389 604 5445 in
649 5407 880 5462 quarum
921 5407 1104 5446 rerum
1151 5389 1468 5446 diﬁinitione
1496 5434 1508 5456 ,
1558 5391 1604 5445 si
1652 5391 1798 5448 sedis
1838 5391 2149 5462 apostolicae

549 5485 716 5562 legati
743 5502 850 5543 non
879 5487 1222 5556 interessent,
1259 5503 1608 5560 speraremus
1639 5488 1816 5544 adhuc
1845 5504 2008 5560 posse
2051 5503 2154 5544 nos

2259 4513 2452 4582 possit,
2489 4511 2692 4567 nostris
2719 4527 2818 4568 vos
2847 4511 3280 4568 attestationibus
3307 4509 3638 4565 certissimos
3667 4503 3846 4562 reddi—

2260 4616 2400 4655 mus.
2461 4599 2670 4656 Idcirco
2716 4601 2902 4669 juncta
2947 4607 3128 4654 vestra
3171 4598 3390 4654 devotio
3437 4613 3558 4652 cum
3611 4595 3846 4664 ejusdem

2259 4689 2491 4760 Augusti
2521 4687 2830 4743 obedientia
2851 4731 2864 4754 ,
2913 4688 3118 4758 absque
3159 4686 3306 4742 omni
3347 4683 3722 4756 protelatione,
3749 4683 3848 4750 jam

2259 4776 2458 4830 dictam
2489 4777 2605 4830 Deo
2634 4776 2882 4831 devotam
2917 4775 3193 4840 feminam,
3225 4789 3388 4845 quam
3417 4773 3486 4828 ad
3515 4773 3704 4826 limina
3729 4783 3850 4840 apo-

2261 4864 2551 4930 stolorum,
2599 4879 2633 4918 a
2677 4879 2906 4934 quorum
2975 4862 3320 4918 confessione
3381 4860 3628 4914 altarium
3673 4865 3849 4912 nostro

2261 4968 2480 5022 semper
2511 4953 2766 5008 tuendam
2793 4951 3046 5022 praesidio
3094 4950 3464 5020 suscepimus,
3517 4963 3620 5019 pro
3661 4959 3840 5002 amore

2262 5040 2363 5094 Dei
2389 5048 2440 5094 et
2469 5049 2658 5096 nostro
2687 5040 2962 5095 remittere
2989 5081 3002 5108 ,
3037 5046 3296 5110 quantum
3343 5038 3399 5092 in
3447 5036 3602 5092 vobis
3631 5043 3716 5090 est
3745 5048 3844 5088 non

2261 5128 2539 5183 omittatis.
2573 5127 2712 5196 Quia
2743 5128 2789 5182 si
2817 5128 2902 5183 hic
2935 5129 3080 5198 apud
3121 5143 3221 5182 nos
3265 5125 3483 5180 rediens
3511 5121 3846 5184 habitaverit,

2259 5223 2406 5271 tanta
2437 5217 2680 5272 custodia
2711 5216 3123 5286 circumspecta,
3157 5215 3314 5270 nobis
3343 5214 3578 5280 credite,
3615 5211 3722 5266 erit
3743 5253 3756 5274 ,
3787 5215 3841 5262 ut

2260 5321 2364 5361 nec
2393 5305 2611 5374 Bosoni,
2645 5321 2746 5360 nec
2777 5305 2884 5359 alio
2911 5304 3134 5368 homini,
3167 5303 3235 5358 ad
3265 5301 3735 5372 perturbationem
3765 5297 3848 5351 im-

2259 5393 2396 5464 perii
2427 5393 2541 5448 sive
2571 5393 2744 5464 regni,
2797 5393 3074 5464 quodlibet
3117 5391 3436 5460 adjutorium
3467 5389 3554 5444 vel
3585 5386 3849 5442 auxilium

2261 5490 2440 5546 verbis
2469 5498 2562 5546 aut
2591 5489 2806 5561 scriptis
2834 5490 3084 5562 praebere
3109 5485 3492 5562 quoquomodo
3525 5483 3718 5540 valeat.
3749 5482 3854 5536 νε-
