4112 6192
347 253 455 309 925

1487 248 1838 307 EPISTOLE
1883 251 1974 307 ΕΤ
2028 251 2374 309 DECRETA.

350 381 654 431 cumtamen
684 390 850 430 unum
897 381 979 430 est
1012 375 1158 447 quod
1188 375 1343 432 vobis
1400 374 1666 432 veraciter
1702 383 1756 431 et
1806 376 1949 430 unde
1978 377 2119 438 Anc
2147 377 2368 450 aliquod
2397 378 2666 463 solatium,
2699 379 2786 436 vel
2822 379 3108 436 consilium
3150 382 3302 449 dare,
3352 382 3643 456 facereque

347 463 696 519 occasionem
733 478 832 518 vos
869 463 938 517 ad
975 478 1075 518 nos
1111 465 1568 519 contemnendum
1598 478 1705 519 non
1727 463 1949 534 possitis

350 567 654 617 assumere,
682 552 787 606 hoc
814 566 943 606 ecce
971 552 1350 622 proponimus,
1375 552 1601 617 scilicet,
1627 552 1673 605 si
1701 551 1950 606 eamdem

347 640 764 711 Angelbergam
784 639 871 694 vel
899 639 952 693 in
983 640 1200 695 modico
1248 649 1435 695 contra
1478 640 1814 711 imperialem
1858 648 1950 693 aut

345 736 588 783 nostram
649 728 974 782 voluntatem
1044 728 1263 783 adversi
1313 729 1587 800 quippiam
1638 728 1812 783 moliri
1859 734 1952 780 aut

348 816 492 871 velle
520 814 821 869 manifestis
839 816 1258 886 cognoverimus
1275 817 1511 883 indiciis,
1535 815 1951 887 praesentialiter

346 904 500 958 illam
521 904 751 959 reddere
796 920 861 959 ac
905 904 1181 959 remittere
1209 905 1579 975 imperialibus
1636 913 1950 975 satagemus

348 993 645 1057 obtutibus,
677 1000 943 1063 quatenus
973 1010 1097 1064 quae
1131 993 1476 1064 disciplinam
1504 993 1644 1048 forte
1683 993 1945 1063 recipere,

349 1081 495 1152 quod
514 1097 613 1135 nec
634 1090 900 1151 Optamus,
915 1081 1203 1150 distulerit,
1228 1097 1336 1136 non
1358 1082 1533 1136 solum
1554 1081 1828 1135 mundana
1849 1096 1948 1134 ve-

351 1178 461 1223 stra
471 1168 676 1238 judicia
688 1184 794 1223 non
814 1170 1022 1234 evadat,
1039 1185 1223 1223 verum
1241 1169 1399 1223 etiam
1420 1185 1521 1224 nec
1538 1176 1775 1224 nostram
1786 1168 1952 1223 mise-

348 1258 638 1323 rationem,
678 1273 800 1327 quae
837 1256 1279 1329 delinquentibus
1300 1272 1523 1327 parcere
1554 1255 1855 1319 consuevit,
1875 1255 1950 1309 in-

348 1344 557 1399 veniat.
600 1345 857 1416 Ideoque,
881 1346 1189 1400 charissimi
1210 1343 1324 1411 ﬁlii,
1358 1352 1533 1400 estote
1548 1344 1619 1403 in
1646 1345 1750 1399 hoc
1780 1343 1950 1398 nostri

354 1440 742 1503 cooperatores
772 1440 824 1487 et
852 1433 1151 1501 adjutores,
1174 1441 1225 1488 et
1243 1433 1427 1487 audiat
1446 1448 1550 1487 nos
1583 1431 1840 1487 continuo
1856 1447 1952 1485 ex-

350 1520 606 1577 cellentia
633 1521 1025 1591 magnitudinis
1065 1530 1278 1587 vestrae,
1308 1529 1367 1575 ut
1404 1529 1458 1575 et
1482 1536 1582 1576 vos
1639 1535 1673 1574 a
1717 1519 1949 1575 Domino

352 1609 598 1664 exaudiri
650 1609 985 1677 mereamini,
1036 1617 1089 1664 et
1136 1625 1232 1680 per
1260 1608 1437 1665 felicia
1493 1617 1737 1679 tempora
1792 1607 1951 1678 regni

2048 465 2221 535 possit
2263 466 2484 533 Bosoni,
2541 467 2616 521 ita
2662 474 2714 522 et
2759 483 2859 523 nos
2891 484 3013 523 eam
3033 469 3087 523 in
3125 470 3219 524 tali
3247 471 3369 526 loco
3396 471 3643 527 habitare

2050 551 2329 619 faciemus,
2369 571 2476 625 quo
2503 555 2634 609 nihil
2676 556 2893 611 adversi
2924 557 3121 621 moliri,
3169 559 3410 629 nihilque
3465 559 3645 614 valeat

2048 641 2348 695 machinari
2407 642 2739 697 contrarium
2794 644 2864 697 ad
2896 644 3056 711 hujus
3104 645 3280 717 regni,
3336 654 3387 700 et
3429 646 3644 717 imperii

2048 728 2528 797 perturbationem.
2571 731 2637 785 Et
2666 731 2712 784 si
2741 739 2931 786 contra
2951 732 3066 799 ejus
3097 748 3160 787 ac
3180 741 3422 787 nostram
3446 734 3643 788 volun-

2050 822 2212 871 tatem
2243 815 2582 886 aliquatenus
2612 833 2735 871 eam
2764 833 2953 889 agere,
2984 826 3078 872 aut
3124 818 3261 874 velle
3318 821 3643 890 cognoveri-

2050 918 2191 970 mus,
2215 902 2362 959 illico
2392 905 2461 958 ad
2509 905 2847 974 imperialem
2896 906 3232 961 remittemus
3271 909 3638 977 praesentiam,

2050 1006 2151 1045 nec
2180 998 2362 1045 nostro
2393 991 2493 1045 erit
2520 991 2751 1062 amplius
2781 993 2964 1061 adjuta
2994 993 3240 1048 consilio.
3293 993 3449 1062 Quod
3477 994 3642 1049 nimi-

2050 1095 2188 1144 rum,
2218 1087 2274 1132 ut
2302 1079 2460 1133 nobis
2495 1078 2612 1133 sine
2640 1079 2785 1134 omni
2816 1080 3145 1135 dubitatione
3174 1083 3444 1147 credatur,
3475 1099 3643 1137 unum

2051 1180 2122 1219 ex
2152 1166 2236 1221 his
2264 1166 2455 1236 legatis
2476 1167 2677 1220 nostris
2706 1168 3110 1222 venerabilibus
3157 1169 3448 1240 episcopis,
3503 1185 3641 1241 quos

2050 1269 2151 1323 pro
2181 1269 2244 1308 ea
2271 1254 2585 1324 imperatori
2631 1254 2927 1308 direximus
2981 1255 3387 1324 satisfaciendo,
3451 1273 3643 1329 repro-

2050 1341 2261 1396 mittere
2274 1342 2537 1411 jussimus
2564 1342 2635 1396 ita
2665 1357 2765 1396 nos
2812 1357 2937 1397 esse
2983 1343 3357 1401 incunctanter
3384 1345 3638 1402 facturos.

2049 1430 2240 1500 Neque
2265 1431 2431 1495 enim,
2470 1430 2608 1486 sicut
2638 1446 2761 1486 cum
2809 1431 3168 1502 coepiscopis,
3226 1440 3279 1487 et
3321 1434 3642 1503 primatibus

2051 1519 2169 1587 ejus
2198 1519 2527 1588 promissum
2573 1526 2677 1585 est,
2708 1519 2918 1573 nullum
2962 1520 3263 1590 temporale
3318 1521 3643 1589 adjutorium

2053 1614 2105 1661 et
2134 1605 2423 1661 consilium
2445 1606 2559 1674 jam
2590 1605 2701 1660 fato
2749 1622 2808 1661 se
2865 1606 2981 1662 fore
3028 1607 3380 1677 praebiturum
3411 1608 3640 1676 Bosoni,

347 1697 713 1767 gubernacula
739 1697 1103 1764 moderantes,
1138 1713 1263 1752 cum
1285 1698 1497 1752 Christo
1524 1712 1775 1769 regnum,
1802 1697 1948 1767 quod
1976 1723 2028 1783 Β
2055 1701 2108 1748 et
2140 1695 2304 1766 quod,
2337 1694 2476 1748 sicut
2504 1693 2874 1764 praediximus,
2909 1694 3324 1765 diligentissime
3353 1697 3641 1763 custodita,

346 1782 473 1838 ﬁnis
501 1784 682 1838 nullus
711 1791 984 1855 angustat,
1033 1785 1495 1845 intercedentibus
1524 1785 1694 1839 beatis
1724 1792 1946 1855 aposto-

352 1872 439 1940 lis,
474 1887 765 1942 capescere
795 1872 1042 1928 valeatis.
1075 1874 1209 1928 Data
1257 1888 1313 1927 tv
1361 1873 1487 1927 Idus
1516 1872 1754 1939 Martias,
1802 1871 1947 1926 indi-

350 1960 533 2016 ctione
562 1974 679 2014 xw.

1013 2092 1288 2148 CCCXVI.

353 2194 428 2235 AD
473 2194 661 2236 OMNBS
715 2194 1200 2246 ARCHIEPISCOPOS,
1262 2195 1561 2236 EPISCOPOS
1597 2195 1667 2234 ET
1715 2193 1950 2235 COMITES

1044 2284 1261 2325 ITALIJE.

989 2358 1168 2429 (Anno
1200 2358 1344 2428 881).

352 2467 623 2521 Hortatur
642 2464 775 2520 dent
795 2480 1020 2537 operam
1053 2468 1119 2519 ut
1141 2464 1369 2537 Carolus
1406 2465 1716 2537 imperator
1745 2461 1947 2537 Angel-

424 2537 649 2605 bergam
668 2535 898 2590 Romam
919 2537 1108 2590 venire
1120 2535 1575 2606 patiatur,quam
1586 2550 1644 2589 se
1658 2536 1739 2606 ita
1758 2536 1950 2606 custo-

425 2604 686 2661 ditumm
702 2604 1461 2677 promittit,ut1iihileontra
1482 2606 1667 2677 ipsum
1687 2604 1952 2677 Carolu‘m

426 2692 559 2731 cum
580 2674 787 2731 Bosone
814 2677 1009 2731 moliri
1039 2678 1214 2747 possit
1236 2678 1331 2747 ;et
1362 2678 1414 2730 si
1441 2676 1572 2747 quid
1620 2674 1948 2743 tentaverit,

427 2762 487 2801 se
503 2747 756 2801 eamdem
785 2745 1161 2802 remissurum
1186 2745 1516 2827 pollicetur.
1866 2776 1871 2781 ε

426 2850 693 2907 Omnibus
751 2849 1222 2906 reverendissimis
1276 2859 1328 2906 et
1371 2850 1728 2906 sanctissimis
1773 2848 1953 2905 archi-

353 2939 630 3011 episc0pis
659 2947 712 2995 et
740 2939 1012 3010 episcOpis
1042 2940 1201 3007 hujus
1230 2939 1402 2994 Italici
1423 2938 1596 3009 regni,
1628 2946 1680 2993 et
1701 2938 1952 2993 omnibus

351 3027 610 3101 gloriosis
640 3027 924 3084 comitibus
955 3026 1049 3081 filii
1077 3026 1249 3082 nostri
1274 3026 1640 3097 imperatoris.

429 3116 486 3171 Si
517 3131 583 3170 ea
604 3131 724 3186 quae
750 3116 908 3170 saluti
928 3123 980 3170 et
1009 3114 1223 3170 utilitati
1244 3115 1616 3186 proximorum
1643 3113 1953 3171 necessaria

352 3212 498 3269 sunt,
530 3203 827 3259 secundum
854 3203 1274 3259 sollicitudinem
1320 3210 1374 3259 et
1411 3218 1595 3258 curam
1624 3203 1816 3276 gregis
1843 3204 1953 3257 Do-

352 3291 541 3347 minici
569 3292 727 3346 nobis
758 3292 826 3347 ab
882 3293 1022 3348 bene
1065 3292 1368 3363 regendum
1410 3290 1705 3357 commissi,
1759 3290 1955 3346 divina:

352 3379 571 3451 pietatis
625 3396 894 3436 memores
949 3396 1117 3453 agere
1174 3380 1475 3444 studemus,
1528 3379 1954 3451 omnipotentem

355 3469 532 3523 Deum
564 3468 619 3522 in
654 3468 740 3522 his
768 3468 961 3539 quibus
996 3476 1048 3523 et
1094 3467 1197 3539 ipsi
1252 3485 1319 3523 ex
1347 3469 1581 3523 humana
1643 3466 1955 3522 inﬁrmitate

352 3555 596 3628 quotidie
625 3554 954 3628 indigemus,
995 3556 1317 3611 habebimus
1364 3556 1584 3611 omnino
1643 3555 1952 3627 propitium,

354 3652 411 3699 et
435 3644 492 3697 in
509 3643 667 3698 bonis
696 3643 950 3699 omnibus
978 3643 1166 3714 procul
1205 3644 1371 3698 dubio
1402 3644 1745 3712 adjutorium.
1785 3642 1959 3715 Igitur

355 3732 693 3787 sanctitatem
722 3740 956 3788 vestram
986 3746 1149 3786 nosse
1180 3730 1429 3786 volumus
1471 3730 1728 3801 quoniam
1774 3730 1958 3784 missis

352 3827 411 3877 et
438 3810 768 3890 apostolatus
797 3819 967 3875 nostri
996 3818 1208 3884 litteris,
1251 3818 1432 3874 dilecti
1462 3833 1529 3873 ac
1558 3817 1814 3888 spiritalis
1852 3816 1947 3872 filii

320 3909 332 3919 ⁸
354 3908 529 3963 nostri
585 3908 760 3963 Caroli
817 3906 1194 3978 gloriosissimi
1228 3905 1570 3976 imperatoris
1618 3905 1959 3961 clementiam

352 3996 557 4051 obnixe
616 4011 875 4068 rogamus
902 4002 960 4049 ut
1001 3994 1409 4066 Angelbergam
1467 3993 1636 4048 ﬁliam
1694 4001 1956 4059 nostram,

354 4099 523 4156 quam
549 4083 689 4138 divae
718 4082 998 4139 memoria;
1026 4082 1332 4138 Ludovicus
1379 4098 1473 4138 rex
1515 4089 1669 4152 pater
1720 4082 1960 4153 impera-

353 4171 514 4235 toris,
549 4179 601 4226 et
622 4171 927 4228 Ludovicus
978 4171 1272 4242 imperator
1298 4171 1379 4226 vir
1399 4171 1513 4242 ejus
1534 4169 1693 4227 nobis
1724 4170 1955 4225 Verona;

350 4260 891 4328 commendaverunt,
965 4275 1029 4315 ac
1105 4259 1450 4330 postmodum
1504 4258 1622 4329 ipsa
1702 4274 1761 4313 se
1839 4273 1958 4310 san-

351 4354 447 4403 cto
471 4348 627 4402 Petro
646 4348 883 4416 tradidit,
900 4355 951 4403 et
968 4348 1036 4403 de
1048 4347 1219 4418 ipsius
1235 4347 1424 4401 altaris
1436 4345 1779 4402 confessione
1798 4351 1961 4399 tuen-

2048 1797 2157 1836 non
2188 1782 2381 1852 poterit
2407 1782 2475 1836 de
2504 1781 2587 1835 his
2616 1782 2868 1836 omnibus
2889 1783 3186 1854 quidquam
3215 1799 3400 1853 agere.
3433 1784 3643 1840 Idcirco

2047 1886 2147 1940 per
2197 1870 2487 1925 Dominum
2534 1884 2632 1925 vos
2660 1870 2993 1939 adjuramus,
3027 1878 3085 1923 ut
3133 1877 3244 1925 toto
3271 1872 3558 1927 conamine
3588 1872 3645 1926 in

2048 1958 2153 2012 hoc
2182 1973 2344 2028 opere
2368 1958 2654 2014 nobiscum
2682 1973 2783 2028 pro
2802 1973 2987 2012 amore
3017 1958 3117 2012 Dei
3139 1958 3426 2024 desudare,
3481 1959 3642 2030 eique

2048 2062 2269 2101 manum
2318 2046 2604 2118 porrigere
2663 2045 2986 2117 procuretis,
3039 2053 3097 2099 ut
3147 2054 3197 2101 et
3226 2061 3327 2100 nos
3355 2046 3410 2100 in
3449 2047 3643 2101 vestris

2048 2133 2306 2205 proficuis
2327 2134 2646 2188 utilitatibus
2690 2141 2743 2188 et
2773 2133 3187 2189 necessitatibus
3234 2149 3356 2188 esse
3409 2134 3644 2205 prompti

2048 2223 2323 2293 possimus
2350 2241 2365 2289 ;
2396 2230 2450 2277 et
2478 2222 2563 2278 cui
2601 2237 2821 2277 manum
2868 2221 3152 2293 porrigere
3204 2221 3485 2277 vobiscum
3517 2238 3641 2277 om-

2048 2310 2285 2366 nimodis
2312 2311 2679 2381 porrigamus,
2722 2310 3029 2382 dignasque
3064 2317 3247 2365 vestro
3276 2310 3393 2364 Deo
3435 2309 3645 2366 dilecte

2050 2398 2318 2454 sanctitati
2347 2414 2444 2469 pro
2474 2406 2654 2454 vestro
2684 2398 2891 2465 labore,
2925 2405 3085 2470 atque
3114 2398 3402 2454 devotione
3439 2398 3644 2470 gratias

2051 2488 2251 2543 habere
2279 2487 2580 2542 valeamus.

2688 2602 2989 2657 CCCXVII.

2405 2703 2476 2744 AD
2521 2704 2739 2746 CLERUM
2793 2703 3286 2745 υεῡιοιιΑΝκΝεειι.

2659 2779 2840 2848 (Anno
2884 2779 3034 2843 881.)

2052 2875 2268 2946 Recipit
2296 2858 2631 2930 Haderieum
2669 2875 2769 2929 sub
2801 2875 2981 2929 tutela
3010 2875 3157 2930 sedis
3196 2875 3536 2945 apostolicae,
3583 2879 3642 2946 et

2122 2945 2581 3018 excommunieat
2606 2960 2801 3018 omnes
2840 2947 2936 3018 qui
2964 2946 3055 3001 illi
3083 2947 3168 3001 vel
3214 2947 3336 3017 ejus
3384 2945 3641 3003 ecclesiis

2122 3017 2445 3072 molestiam
2464 3015 2796 3071 intulerint.

2122 3103 2389 3160 Omnibus
2416 3102 2891 3159 reverendissimis
2911 3102 3185 3174 episcopis
3206 3110 3260 3159 et
3280 3103 3648 3160 sacerdotibus

2051 3208 2148 3249 seu
2177 3192 2345 3259 clero,
2394 3206 2461 3247 ac
2509 3190 2711 3262 populo
2745 3198 2950 3246 sancta:
2985 3190 3406 3247 Mediolanensis
3450 3191 3648 3247 Eccle-

2053 3280 2166 3336 sim.

2124 3366 2257 3422 Boni
2284 3364 2703 3436 patrisfamilias,
2752 3380 2915 3435 quem
2942 3365 3083 3421 bene
3126 3372 3180 3420 et
3207 3364 3438 3421 fideliter
3489 3365 3648 3422 labo-

2052 3462 2235 3511 rantes
2252 3467 2632 3509 remunerasse
2649 3453 3054 3525 cognoscimus,
3079 3451 3353 3507 informati
3373 3454 3643 3524 exemplo,

2056 3551 2108 3599 et
2129 3541 2442 3613 apostolica:
2470 3540 2804 3596 auctoritatis
2823 3548 2877 3595 et
2905 3540 3276 3596 miserationis
3305 3541 3644 3613 magisterio,

2057 3657 2152 3695 seu
2191 3638 2592 3705 benovolentia,
2627 3637 2899 3706 omnibus,
2934 3653 3073 3709 quos
3100 3653 3203 3708 pro
3243 3637 3506 3693 Ecclesiae
3548 3636 3651 3693 Dei

2056 3728 2371 3783 utilitatibus
2427 3725 2660 3781 ﬁdeliter
2713 3726 2982 3780 desudare
3021 3724 3404 3795 conspicimus,
3455 3725 3653 3782 subve-

2057 3817 2176 3871 nire
2206 3815 2488 3883 debentes,
2508 3821 2870 3885 opportunum
2893 3828 2957 3869 ac
2974 3813 3344 3868 necessarium
3363 3828 3465 3868 nos
3480 3828 3650 3884 opor-

2057 3912 2130 3960 tet
2184 3903 2431 3975 przabere
2477 3902 2760 3956 auxilium.
2818 3901 2986 3972 Igitur
3041 3901 3168 3974 quia
3221 3908 3275 3957 te
3327 3900 3651 3957 Hodericum

2060 3991 2435 4048 venerabilem
2500 3990 2880 4062 presbyterum
2936 3997 2991 4045 et
3072 3989 3324 4044 abbatem
3372 4004 3654 4046 sacrorum

2058 4080 2513 4136 monasteriorum
2540 4079 2843 4147 beatorum,
2876 4076 3081 4133 scilicet
3150 4077 3398 4133 Gervasii
3439 4085 3493 4133 et
3510 4078 3652 4132 Pro-

2060 4168 2200 4235 tasii,
2233 4176 2395 4239 atque
2416 4161 2771 4237 Simpliciani,
2803 4181 2905 4221 nec
2933 4181 3045 4220 non
3077 4181 3145 4220 ex
3164 4166 3488 4221 xenodochii
3517 4164 3651 4238 (ali-

2066 4256 2199 4328 quid
2219 4256 2395 4323 deest)
2424 4262 2736 4309 sanctorum
2764 4253 2979 4309 Cosme
2995 4253 3333 4319 etDamiani,
3365 4252 3510 4324 quod
3537 4254 3651 4308 Ro-

2062 4358 2357 4397 manorum
2385 4341 2607 4405 dicitur,
2638 4348 2691 4395 et
2722 4340 2831 4395 alia
2858 4347 2951 4394 tua
2979 4338 3245 4394 beneﬁcia
3272 4338 3358 4395 vel
3387 4338 3654 4410 patrimo-

352 4436 486 4490 dain
524 4436 853 4507 recepimus,
886 4436 955 4491 de
997 4435 1119 4491 loco
1148 4436 1202 4489 in
1232 4450 1342 4507 quo
1369 4449 1513 4489 nunc
1543 4449 1666 4489 esse
1722 4439 1955 4499 constat,
1979 4418 2031 4478 D
2063 4429 2155 4485 nia
2184 4430 2324 4484 intra
2351 4428 2439 4484 vel
2468 4435 2621 4482 extra
2649 4426 2921 4483 civitatem
2953 4427 3417 4482 Mediolanensem
3445 4426 3652 4482 consti-

350 4540 462 4595 pro
491 4539 680 4578 amore
709 4524 840 4578 Jesu
881 4523 1076 4579 Christi
1108 4522 1326 4580 Domini
1352 4522 1544 4587 nostri,
1584 4529 1637 4577 et
1680 4536 1782 4592 pro
1825 4536 1958 4575 san-

351 4619 569 4668 ctorum
628 4612 997 4683 apostolorum
1048 4612 1189 4667 Petri
1237 4627 1301 4668 ac
1330 4611 1476 4666 Pauli
1506 4610 1826 4675 reverentia,
1862 4625 1960 4665 no-

350 4706 582 4771 straque
628 4708 854 4771 paterna
892 4700 1183 4756 dilectione
1209 4698 1627 4770 praesentialiter
1656 4698 1861 4764 reduci,
1907 4704 1962 4752 et

348 4788 429 4843 ad
460 4803 559 4843 nos
589 4804 711 4843 eam
741 4789 978 4862 dirigere
993 4788 1203 4857 jubeat.
1226 4788 1380 4845 Unde
1401 4803 1499 4843 vos
1518 4786 1718 4842 fratres
1739 4795 1791 4842 et
1811 4802 1959 4842 com-

346 4875 636 4932 ministros
663 4885 884 4932 nostros
910 4877 1002 4948 pio
1031 4876 1228 4932 mentis
1257 4876 1608 4932 convenimus
1638 4884 1802 4947 atque
1831 4876 1960 4931 hor-

348 4973 536 5019 tamur
562 4963 778 5031 aifectu,
814 4974 1083 5037 quatenus
1113 4965 1168 5019 in
1198 4964 1358 5033 hujus
1405 4964 1620 5020 feminae
1649 4964 1958 5019 reversione

341 5052 444 5111 vel
477 5054 646 5108 salute
676 5053 961 5109 nobiscum
1002 5053 1288 5123 cooperari
1343 5052 1651 5125 pariterque
1684 5052 1956 5107 desudare

346 5141 640 5209 studeatis,
675 5151 734 5196 ut
772 5148 956 5197 vestro
998 5140 1226 5196 consilio
1251 5151 1544 5212 vestroque
1573 5141 1793 5194 instanti
1825 5140 1960 5195 hor-

340 5236 490 5296 tatu,
525 5230 640 5301 ipse
683 5232 962 5303 Augustus
993 5238 1193 5285 nostrae
1222 5229 1499 5300 petitionis
1527 5226 1777 5283 affectum
1810 5243 1961 5283 more

336 5326 645 5391 parentum
685 5335 913 5374 suorum
968 5316 1156 5374 libenti
1210 5316 1461 5389 perﬁciat
1495 5316 1787 5373 voluntate.
1820 5317 1962 5371 Nam

342 5407 496 5463 sicut
527 5407 661 5463 illud
692 5423 944 5480 regnum,
979 5406 1035 5460 in
1075 5421 1183 5478 quo
1231 5422 1374 5461 nunc
1416 5406 1509 5461 illa
1553 5405 1655 5459 sub
1714 5404 1962 5461 custodia

346 5503 568 5566 manet,
604 5496 723 5567 ejus
754 5504 856 5569 est,
889 5496 964 5553 ita
992 5503 1046 5553 et
1071 5495 1216 5551 istud
1243 5513 1259 5565 ;
1309 5502 1363 5550 et
1391 5494 1525 5552 sicut
1544 5493 1620 5550 ibi
1639 5492 1957 5562 custoditur,

2059 4525 2173 4573 tuta
2198 4516 2348 4572 fideli
2394 4515 2705 4583 devotione,
2737 4522 2962 4587 totoque
2988 4514 3184 4570 mentis
3222 4514 3504 4571 comanine
3551 4530 3654 4585 pro

2059 4607 2289 4679 pristino
2334 4613 2474 4661 statu
2505 4611 2559 4660 et
2613 4605 2802 4677 vigore
2846 4611 3009 4677 atque
3060 4603 3399 4659 restitutione
3452 4610 3655 4659 sancta:

2058 4694 2481 4751 Mediolanensis
2509 4693 2771 4750 Ecclesiae
2799 4700 2881 4748 ter
2925 4700 3221 4764 quaterque
3276 4692 3333 4746 in
3388 4690 3653 4762 obsequia

2059 4783 2317 4854 Ansperti
2376 4782 2818 4839 reverendissimi
2886 4780 3285 4852 archiepiscopi
3350 4780 3426 4835 tui
3493 4787 3654 4851 atque

2061 4872 2350 4929 confratris
2378 4870 2553 4927 nostri
2582 4871 2835 4926 devotum
2848 4868 3081 4942 atquein
3109 4868 3360 4924 omnibus
3388 4866 3652 4924 ﬁdelissi-

2060 4979 2210 5017 mum
2224 4976 2553 5037 permanere
2573 4966 2737 5031 atque
2749 4958 3031 5014 decertare
3043 4957 3265 5013 omnino
3293 4965 3346 5012 et
3374 4956 3655 5012 evidenter

2060 5051 2448 5122 comperimus,
2500 5056 2553 5104 et
2590 5046 2918 5120 legationem
2967 5045 3342 5101 Ambrosianm
3391 5044 3656 5101 Ecclesia:

2062 5138 2329 5196 catholica
2358 5136 2464 5192 fide
2506 5143 2580 5202 te,
2615 5143 2668 5190 et
2698 5141 2859 5207 prout
2886 5133 3035 5190 vires
3097 5133 3507 5205 suppleverunt,
3563 5146 3658 5187 ar-

2061 5225 2380 5282 dentissimo
2419 5224 2619 5279 ardore
2666 5223 2907 5293 explere,
2941 5222 3108 5278 crebo
3157 5220 3538 5292 cognovimus.
3589 5220 3657 5275 Et

2061 5315 2133 5370 ob
2163 5315 2265 5369 hoc
2311 5312 2525 5384 aliquos
2582 5312 2942 5367 contumacia
2970 5311 3143 5366 livore
3174 5309 3464 5365 adversum
3511 5315 3659 5364 tuam

2063 5409 2364 5459 commotos
2396 5417 2518 5455 esse
2548 5400 2915 5466 dilectionem,
2949 5399 3035 5454 vel
3082 5398 3154 5453 ob
3183 5397 3321 5452 alias
3350 5411 3546 5452 causas
3579 5397 3662 5452 in-

2066 5491 2242 5558 vidiae,
2268 5489 2360 5567 qui
2391 5496 2444 5546 et
2470 5488 2633 5546 modo
2661 5487 2822 5547 labiis
2852 5487 3058 5545 dolosis
3077 5486 3179 5544 zeli
3207 5493 3395 5544 contra
3439 5493 3494 5545 te
3520 5500 3657 5546 con-
