4112 6192
490 276 597 333 927

1743 276 1772 329 J
1777 274 1970 332 ΟΑΝΝ
1977 274 2042 330 18
2083 273 2278 330 PAPE
2328 277 2468 334 VIII.

3667 284 3771 338 928

485 416 654 482 citati,
687 424 741 471 et
784 417 1130 487 postmodum
1183 417 1395 473 callidis
1451 417 1788 490 argumentis
1829 417 2077 473 nocivam

2189 399 2404 456 vinitate
2433 402 2682 473 prapitia,
2706 417 2914 459 careas.
2955 404 3242 474 Memento,
3275 420 3479 476 quaeso,
3513 404 3642 475 quid
3671 421 3728 459 es
3753 425 3770 471 ;

492 503 588 558 tibi
615 503 922 574 moliuntur,
944 513 1128 560 nostro
1157 511 1358 560 statuto
1387 505 1748 571 decernimus,
1790 514 1951 578 atque
1983 505 2081 560 Dei

491 592 872 662 omnipotentis
913 592 1226 648 auctoritate
1257 587 1510 664 beatique
1543 589 1683 648 Petri
1713 593 2084 664 apostolorum

495 679 756 750 principis
771 687 824 734 et
847 688 1035 734 nostra
1051 680 1330 736 sanctione
1361 681 1666 746 statuimus,
1693 682 1825 735 nulli
1848 697 2085 752 unquam

491 763 1048 832 archiepiscoporum,
1099 763 1182 818 vel
1229 765 1596 830 sacerdotum,
1655 772 1746 818 aut
1801 765 2085 832 cujuslibet

495 849 699 904 ordinis
737 849 1060 905 clericorum
1120 852 1362 921 ejusdem
1419 860 1621 927 sanctae
1663 852 2084 907 Mediolanensis

495 937 778 1010 Ecclesiae,
815 953 915 993 nec
958 939 1184 993 aliarum
1235 940 1627 1009 Ecclesiarum,
1689 956 1865 1012 neque
1922 940 2084 994 alicui

495 1037 711 1100 magna:
779 1039 1074 1099 parvaque
1120 1042 1386 1098 personae,
1437 1025 1806 1099 cujuscunque
1864 1027 2085 1082 honoris

494 1116 734 1186 prazditaa
763 1115 1026 1188 dignitate
1057 1131 1178 1170 esse
1233 1115 1456 1181 licitum,
1488 1131 1591 1184 pro
1645 1123 1749 1170 tum
1798 1115 2084 1168 laudabilis

491 1203 792 1259 devotionis
846 1203 1042 1258 affectu
1077 1211 1129 1258 et
1183 1218 1280 1274 pro
1311 1212 1414 1258 tuae
1431 1201 1556 1257 ﬁdei
1578 1203 1890 1258 sinceritate
1921 1211 2084 1274 atque

491 1291 772 1347 charitatis
801 1291 1118 1355 certamine,
1155 1291 1300 1362 quod
1330 1306 1428 1360 pro
1459 1289 1628 1360 ipsius
1671 1289 1931 1346 Ecclesiae
1976 1291 2083 1344 uti-

492 1379 642 1434 litate
673 1379 876 1434 nostris
913 1386 966 1432 te
1013 1378 1207 1432 diebus
1256 1377 1512 1432 habuisse
1555 1379 1932 1450 cognovimus,
1977 1377 2082 1432 ali-

497 1483 662 1539 quam
681 1467 778 1520 tibi
804 1481 1127 1537 quocunque
1159 1465 1317 1520 modo
1347 1465 1434 1520 vel
1455 1467 1556 1520 sub
1586 1466 2084 1532 ecclesiasticarum

498 1570 677 1609 rerum
704 1553 948 1622 obtentu,
982 1552 1185 1608 inferre
1217 1553 1539 1608 calumniam
1565 1562 1656 1608 aut
1687 1554 1772 1608 his
1819 1553 2079 1624 praefatis,

491 1657 612 1713 qua:
640 1656 742 1711 pro
764 1640 838 1694 tui
868 1639 1021 1713 digni
1052 1640 1251 1695 laboris
1306 1641 1502 1696 merito
1547 1641 1750 1696 retines
1800 1639 2083 1697 beneﬁciis

493 1736 546 1782 et
573 1727 930 1798 patrimoniis,
955 1727 1038 1783 vel
1069 1743 1102 1783 a
1142 1728 1338 1798 quibus
1383 1728 1620 1799 propriis
1651 1729 1815 1783 rebus
1872 1729 2084 1784 mobili-

491 1816 594 1870 bus
622 1815 840 1886 privare
872 1833 885 1868 :
919 1815 1016 1870 sed
1046 1815 1238 1870 diebus
1277 1815 1400 1872 vitm
1419 1823 1544 1885 tuae,
1579 1817 1876 1872 secundum
1905 1824 2086 1872 aucto—

489 1899 660 1954 ritatis
688 1906 886 1955 nostra:
913 1900 1210 1966 decretum,
1243 1915 1341 1970 pro
1371 1915 1558 1956 amore
1589 1901 1689 1956 Dei
1724 1909 1778 1956 et
1833 1902 2084 1956 mercede

490 1987 686 2042 animat
713 1995 914 2044 nostrae
941 1996 1136 2060 tuaque
1167 1987 1440 2054 ﬁdelitate,
1477 2005 1636 2060 quam
1666 1997 1770 2044 ωδε
1815 1997 1864 2044 te
1921 1989 2081 2044 novi-

489 2091 610 2130 mus
667 2075 868 2130 habere
915 2075 1196 2140 Ecclesiae,
1253 2075 1417 2133 liceat
1473 2076 1568 2130 tibi
1625 2077 1723 2130 sub
1772 2077 2085 2148 apostolica:

491 2163 639 2219 sedis
689 2178 1180 2236 successorumque
1239 2172 1551 2219 nostrorum
1621 2165 1899 2234 tutamine,
1959 2181 2083 2220 cum

492 2251 732 2322 propriis
764 2251 1062 2316 beneficiis,
1114 2259 1167 2306 et
1195 2267 1318 2306 cum
1347 2252 1601 2307 omnibus
1630 2252 1736 2307 tuis
1775 2253 2083 2308 hominibus

495 2339 776 2410 utriusque
805 2339 1034 2408 ordinis,
1065 2355 1287 2394 manere
1317 2339 1557 2410 quietum
1611 2348 1774 2411 atque
1806 2357 2080 2396 securum.

460 2418 470 2430 ’
497 2427 670 2481 Porro
700 2426 1006 2498 quicunque
1037 2435 1227 2482 contra
1256 2427 1360 2483 hoc
1408 2437 1662 2483 nostrum“
1698 2437 1956 2483 statutum
1999 2439 2082 2484 te-

495 2513 726 2570 merario
777 2529 912 2568 ausu
965 2530 1132 2586 agere
1191 2521 1350 2586 teque
1379 2531 1480 2586 pro
1508 2516 1815 2584 hujusmodi
1861 2517 2082 2590 negotio

489 2602 820 2658 calumniare
835 2603 1412 2674 praesumpserit,omni
1429 2621 1552 2658 eum
1565 2604 1934 2661 ecclesiastica
1939 2605 2082 2673 judi-

490 2705 675 2747 camus
704 2691 1085 2746 communione
1097 2707 1305 2756 carere,
1339 2707 1622 2764 quousque
1651 2708 1752 2762 per
1781 2708 2083 2764 congruam

489 2777 913 2834 satisfactionem
942 2779 998 2832 in
1027 2787 1211 2834 nostra
1241 2795 1732 2852 successorumque
1771 2789 2082 2836 nostrorum

487 2866 797 2936 praesentia,
834 2866 980 2936 quod
1007 2882 1298 2936 perperam
1326 2867 1564 2936 laeserat,
1597 2869 1890 2923 emendare
1926 2883 2084 2924 cura-

489 2951 646 3006 verit.
701 2953 772 3006 Et
827 2951 959 3006 ideo
1001 2961 1190 3006 nostra
1246 2953 1407 3007 etiam
1439 2954 1740 3024 apostolica
1769 2955 2082 3011 auctoritate

489 3037 834 3108 praecipimus
866 3047 917 3092 te
942 3054 1213 3110 nusquam
1241 3040 1526 3108 cujuslibet
1554 3041 1797 3113 episcopi
1852 3043 1940 3098 vel
1997 3059 2083 3097 sa-

491 3119 730 3181 cerdotis
757 3125 1040 3196 subjacere
1063 3126 1288 3198 judicio,
1315 3143 1597 3200 quousque
1627 3129 1682 3182 in
1730 3137 1967 3185 nostram
1996 3131 2084 3186 vel

491 3229 874 3270 successorum
917 3222 1241 3281 nostrorum,
1277 3215 1448 3272 libere
1502 3233 1565 3273 ac
1621 3218 1905 3284 securiter,
1965 3219 2083 3274 sine

489 3301 718 3371 alicujus
745 3303 1023 3358 obstaculo
1057 3303 1146 3358 vel
1174 3304 1564 3376 impedimento
1601 3307 1952 3377 praesentiam
1983 3323 2082 3363 ve-

489 3389 628 3446 nias.
662 3387 794 3445 Data
822 3395 890 3447 ut
907 3407 1101 3464 supra.

1119 3522 1446 3579 CCCXVIII.

625 3623 698 3665 AD
724 3623 1081 3666 ΑτΗΑΝΑειωί
1109 3625 1419 3666 EPISCOPUI
1462 3626 1916 3668 NEAPOLITANUM.

1055 3757 1062 3765 ,
1112 3701 1292 3770 (Anno
1331 3699 1481 3771 881.)

488 3803 688 3876 Arguit
714 3819 844 3860 eum
868 3805 1011 3876 quod
1037 3820 1153 3860 non
1181 3807 1418 3876 fregerit
1436 3806 1618 3876 fcedus
1645 3806 1787 3930 ἵιιοά
1817 3823 1948 3862 cum
1979 3808 2078 3864 Sa-

555 3875 778 3930 racenis
809 3877 1042 3930 fecerat.
1073 3889 1204 3929 cum
1233 3876 1556 3930 promiserit
1594 3877 1639 3930 il
1666 3877 1742 3930 ud
1770 3893 2038 3930 rumpere
2063 3894 2076 3930 :

555 3875 781 3948 racenis
806 3875 1042 3948 fecerat,
1073 3889 1204 3948 cum
1231 3875 1556 3948 promiserit
1594 3875 1742 3948 illud
1770 3893 2038 3948 rumpere
2063 3894 2076 3930 :

561 3944 808 3999 ostendit
820 3945 1007 3998 multa
1026 3945 1181 4015 mala
1202 3944 1324 4015 ejus
1343 3961 1516 4000 causa
1536 3963 1571 4000 a
1590 3947 1888 4001 Saracenis
1903 3944 2080 4002 'Chri-

561 4015 768 4068 stiunis
797 4015 975 4083 fuisse
1018 4014 1280 4080 inﬂicta;
1310 4016 1570 4070 minatur
1600 4017 1691 4070 illi
1747 4032 2080 4072 excommu-

560 4083 932 4147 nicationem,
961 4083 1076 4137 nisi
1103 4083 1284 4152 [cadus
1314 4084 1461 4139 illud.
1489 4089 1744 4158 rumpat.

559 4179 888 4234 ArnANAsto
917 4177 1176 4249 episcopo
1203 4179 1581 4250 Neapolitano.

559 4267 682 4322 Jam
709 4265 837 4338 quia
863 4273 918 4321 te
947 4265 1257 4323 luctantium
1280 4275 1334 4322 et
1356 4269 1426 4323 ab
1457 4268 1590 4340 ipsis
1628 4269 1913 4326 cunabulis
1953 4271 2081 4327 edu-

493 4355 731 4412 cantium
761 4361 964 4411 sanctae
990 4355 1178 4410 matris
1222 4363 1328 4412 tuae
1356 4358 1613 4414 Romana:
1641 4359 1906 4414 Ecclesiae
1933 4359 2078 4414 obli-

2113 3087 2162 3150 Ο

2190 498 2458 544 memento
2489 491 2638 561 quid,
2673 491 2716 544 si
2739 507 2845 546 non
2874 491 3186 561 resipueris,
3217 492 3344 555 eris;
3365 500 3418 546 et
3441 492 3767 558 judiciorum

2153 572 2401 630 'Domini
2449 594 2659 632 memor
2697 587 2831 646 esto,
2892 596 2959 634 ne
3015 595 3116 650 pro
3147 579 3304 633 tantis
3362 581 3477 635 Deo
3507 581 3768 634 rationem

2186 664 2417 720 reddere
2447 665 2686 737 cogaris,
2717 667 2901 738 quanti
2923 683 3021 736 per
3049 676 3194 722 tuam
3223 668 3492 722 desidiam
3521 667 3771 722 interem-

2185 752 2261 822 pti
2275 760 2414 816 sunt,
2449 761 2502 808 et
2517 754 2716 824 captivi
2741 755 2890 810 ducti
2918 755 3152 809 diversis
3181 755 3448 810 mortibus
3467 755 3766 825 perierunt.

2185 841 2264 894 De
2297 856 2527 911 quorum
2559 842 2876 897 crudelitate
2909 842 3038 914 quid
3067 843 3250 898 dicere
3279 843 3609 914 possumus?
3638 844 3773 897 Cum

2183 934 2333 982 tanta
2361 928 2486 984 hinc
2514 929 2692 984 ﬂenda
2715 930 2820 984 sint
2851 938 2902 984 et
2922 930 3183 1002 lugenda,
3215 939 3272 984 ut
3303 931 3349 984 si
3378 931 3618 986 scribere
3647 930 3778 985 veli—

2183 1030 2324 1078 mus,
2385 1025 2438 1070 et
2477 1016 2840 1087 lacrymarum
2889 1018 3047 1072 rivuli
3115 1026 3383 1084 crescent,
3439 1027 3491 1072 et
3543 1018 3774 1089 primum

2183 1104 2366 1158 charta
2395 1119 2559 1174 quam
2589 1106 2750 1160 verba
2779 1104 3052 1160 deficient.
3085 1106 3333 1177 Denique
3360 1107 3504 1176 apud
3534 1106 3772 1174 Cajetam

2183 1189 2310 1244 olim
2339 1191 2498 1245 nobis
2527 1193 2842 1248 necessario
2867 1194 3190 1260 constitutis,
3222 1193 3385 1266 legati
3405 1193 3483 1248 tui
3514 1193 3780 1264 promise-

2185 1285 2302 1333 rant
2335 1286 2392 1332 ut
2421 1279 2560 1334 intra
2589 1280 2819 1350 spatium
2850 1281 3041 1352 viginti
3071 1281 3278 1336 dierum
3309 1297 3418 1336 non
3441 1281 3615 1336 solum
3652 1297 3777 1337 cum

2183 1366 2453 1438 Agarenis
2480 1367 2727 1422 habitum
2749 1377 2973 1438 pactum
3002 1369 3353 1436 dissolveres,
3386 1385 3575 1425 verum
3607 1371 3778 1426 etiam

2185 1454 2485 1510 Saracenos
2515 1471 2766 1526 caperes,
2801 1465 2852 1510 et
2881 1457 3040 1512 nobis
3077 1473 3173 1512 eos
3201 1457 3600 1513 transmitteres
3631 1477 3647 1524 ;
3679 1458 3781 1512 sed

2183 1556 2331 1607 ecce,
2355 1543 2500 1613 quod
2528 1544 2856 1622 promissum
2901 1552 3002 1609 est,
3033 1543 3141 1600 ﬁde
3174 1547 3436 1601 hactenus
3467 1545 3664 1610 caruit,
3726 1553 3783 1600 et

2183 1629 2425 1684 omnium
2453 1631 2809 1700 sponsionum
2839 1639 3054 1686 tuarum
3093 1633 3236 1688 dicta
3286 1639 3491 1688 cessata
3520 1642 3662 1702 sunt,
3700 1642 3776 1700 et,

2110 1725 2242 1800 But
2272 1725 2512 1788 apparet,
2554 1717 2834 1774 frustrata.
2868 1720 3043 1788 Unde,
3093 1720 3230 1774 sicut
3283 1721 3538 1785 diximus,
3596 1729 3781 1776 cesset

2177 1805 2309 1874 jam,
2341 1815 2518 1861 cesset
2573 1807 2690 1862 haec
2751 1808 3138 1862 immanissima
3194 1808 3382 1879 pestis,
3433 1817 3491 1863 ut
3531 1808 3779 1880 reliquiae

2183 1892 2504 1949 Christianae
2531 1893 2770 1949 funditus
2800 1911 2909 1950 non
2937 1896 3252 1966 depereant,
3287 1904 3340 1950 et
3368 1903 3428 1950 tu
3455 1896 3649 1951 animae
3669 1904 3780 1952 tua:

2183 1981 2466 2051 dispendia
2494 1997 2602 2037 non
2632 1981 2900 2049 incurras,
2935 1983 3059 2055 quia
3090 1983 3136 2038 si
3175 1983 3377 2054 populo
3395 1983 3494 2038 Dei
3523 1998 3781 2055 compas-

2184 2084 2278 2122 sus
2305 2068 2492 2135 fueris,
2528 2077 2580 2124 et
2609 2070 2784 2126 Deum
2811 2071 2908 2125 tibi
2935 2071 3226 2142 propitium
3247 2070 3436 2137 facies,
3460 2079 3514 2126 et
3529 2080 3779 2126 nostram

2181 2155 2558 2226 paternitatem
2589 2158 2746 2213 solito
2795 2175 2948 2214 more
2989 2159 3282 2230 percipies,
3325 2167 3378 2213 et
3419 2159 3780 2215 ministerium

2180 2251 2329 2297 tuum
2359 2245 2631 2300 custodies
2655 2263 2668 2300 :
2702 2247 2940 2318 alioquin
2969 2263 3078 2301 non
3109 2247 3284 2302 solum
3313 2255 3495 2302 nostra
3540 2247 3637 2302 tibi
3666 2263 3782 2302 non

2181 2331 2532 2402 dimittemus,
2567 2334 2664 2388 sed
2696 2334 2858 2390 etiam
2898 2335 3213 2390 canonicam
3243 2335 3298 2389 in
3351 2342 3404 2390 te
3452 2334 3780 2390 sententiam

2174 2419 2324 2488 juxta
2344 2429 2588 2475 nostrum
2617 2422 2974 2478 ministerium
2990 2423 3274 2492 jaciemus.
3300 2422 3410 2478 Sed
3439 2431 3492 2478 et
3519 2423 3624 2479 hoc
3667 2439 3778 2478 no-

2181 2507 2276 2562 stri
2295 2509 2628 2578 apostolatus
2657 2510 2969 2566 auctoritate
2999 2527 3300 2576 monemus,
3331 2519 3383 2564 et
3403 2511 3782 2566 excommuni-

2181 2595 2356 2650 cando
2411 2597 2590 2652 modis
2638 2599 2890 2653 omnibus
2948 2599 3343 2664 interdicimus,
3391 2606 3448 2652 ut
3476 2598 3606 2669 quia
3649 2615 3779 2655 ecce

2181 2686 2402 2755 tempus
2418 2701 2581 2758 accep
2589 2687 2756 2742 tabilc
2769 2691 2873 2753 est,
2893 2703 3018 2742 ecce
3036 2704 3191 2742 nunc
3203 2687 3324 2742 dies
3334 2687 3538 2742 salutis
3557 2687 3630 2754 (II
3651 2687 3780 2742 Cor.

2181 2775 2284 2837 vn,
2304 2771 2504 2826 nullam
2535 2773 2879 2840 seditionem,
2911 2774 3116 2828 nullam
3133 2774 3574 2839 commotionem,
3619 2773 3780 2828 nulla

2181 2858 2496 2915 discrimina
2534 2861 2620 2916 vel
2650 2862 2926 2918 laesionem
2959 2879 3083 2918 cum
3113 2863 3198 2916 his
3254 2863 3344 2934 qui
3390 2862 3448 2916 in
3506 2862 3780 2917 Berolassi

2180 2957 2588 3003 commorantur
2643 2958 2732 3004 aut
2776 2949 2940 3004 facias
3013 2963 3102 3004 aut
3158 2949 3482 3012 facientibus
3549 2949 3784 3004 omnino

2182 3036 2509 3103 consentias,
2577 3045 2840 3108 quatenus
2905 3053 3095 3109 pacem
3177 3037 3462 3104 sectando,
3502 3037 3572 3091 ab
3627 3037 3785 3092 omni

2186 3123 2424 3193 nequitia
2453 3133 2734 3197 purgatus,
2768 3143 2964 3181 munus
2993 3126 3095 3182 Dei
3121 3125 3525 3182 immaculatum
3553 3123 3779 3193 offeras,

2185 3217 2238 3264 et
2266 3211 2582 3267 charitatem
2630 3213 2732 3268 Dei
2787 3215 2842 3269 in
2873 3222 2967 3269 tuo
2996 3229 3126 3270 vase
3164 3212 3414 3268 diffusam
3463 3213 3788 3269 cohabitare

2163 3291 2498 3370 permittas:
2523 3300 2652 3372 quia
2688 3317 2808 3368 nos,
2839 3302 3034 3372 quibus
3079 3302 3147 3357 de
3176 3302 3428 3357 omnibus
3481 3317 3614 3356 cura
3667 3309 3780 3366 est,

2182 3387 2298 3442 Deo
2344 3388 2588 3458 juvante,
2647 3397 3009 3462 congruenter
3063 3389 3192 3445 illuc
3257 3388 3689 3461 properabimus,
3725 3396 3786 3443 et

2181 3473 2324 3529 inter
2365 3491 2484 3543 vos,
2561 3485 2613 3532 te
2676 3477 3016 3548 potissimum
3071 3485 3420 3549 cooperante,
3479 3491 3672 3547 pacem
3727 3484 3790 3530 et

2180 3562 2468 3618 amicitiam
2517 3564 2950 3622 reformabimus.
2983 3567 3121 3622 Data
3172 3563 3347 3638 pridi'e
3403 3565 3532 3620 ldus
3575 3564 3782 3632 Martii,

2181 3649 2476 3708 indictione
2505 3667 2625 3708 xiv.

2835 3758 3118 3814 CCCXIX.

2492 3861 2565 3900 AD
2593 3861 2923 3903 METRODIUH
2968 3861 3463 3903 ARCHIEPISCOPUN.

2781 3937 2962 4004 (Anno
3019 3937 3169 4005 881.)

2181 4023 2518 4079 Gratulatur
2545 4022 2610 4079 de
2627 3986 2954 4080 orthodoa;
2969 3986 3300 4092 ﬁdei—cultu,
3333 4027 3390 4078 et
3412 3986 3479 4078 de
3501 4024 3624 4092 ejus
3645 4038 3786 4092 erga

2249 4094 2582 4164 religionem
2609 4094 2796 4149 studio
2831 4097 2888 4149 et
2917 4110 3090 4159 cura;
3117 4097 3388 4164 precatur
3418 4095 3482 4148 in
3502 4093 3622 4148 dies
3652 4093 3782 4164 spi-

2246 4164 2518 4218 ritualem
2535 4165 2854 4236 profectum
2872 4166 3407 4237 majorem,eumque
3426 4164 3782 4222 consolatur.

2254 4251 2553 4306 Mn'rnomo
2575 4251 3009 4323 archiepiscopo,
3041 4267 3142 4323 pro
3172 4251 3302 4307 ﬁde.

2247 4352 2537 4407 Pastoralis
2585 4352 2960 4409 sollicitudinis
2995 4360 3100 4408 tuae
3147 4368 3354 4419 curam,
3387 4367 3550 4424 quam
3581 4351 3638 4406 in
3692 4352 3785 4406 lu-

491 4452 576 4499 tus
607 4459 669 4499 es
697 4443 942 4509 uberum,
973 4443 1060 4499 vel
1088 4453 1290 4500 nostrae
1321 4445 1715 4502 benevolentiae
1741 4462 1851 4502 non
1870 4447 2075 4504 debue-
2100 4431 2160 4496 D
2181 4441 2394 4496 crandis
2423 4441 2708 4496 animabus
2737 4439 2977 4496 ﬁdelium
3007 4441 3238 4496 Domino
3269 4443 3386 4496 Deo
3416 4449 3604 4496 nostro
3623 4439 3783 4494 exhi-

491 4548 578 4587 ras
611 4531 880 4597 oblivisci,
915 4547 1077 4602 quam
1108 4532 1205 4588 tibi
1259 4533 1612 4604 paternaliter
1657 4535 1996 4602 exhibentes,
2028 4545 2083 4591 et

488 4619 676 4674 salutis
705 4627 812 4674 tuae
829 4619 1077 4674 consulta
1106 4621 1476 4689 praevidimus,
1509 4629 1560 4677 et
1589 4621 1646 4676 in
1689 4623 2080 4694 temporalibus

489 4703 790 4759 commodis
813 4703 967 4770 juxta
997 4702 1306 4774 qualitatem
1338 4705 1620 4776 temporis,
1654 4707 1910 4776 praesidia
1939 4723 2081 4778 quaa-

489 4807 596 4862 que
649 4791 1015 4858 contulimus;
1057 4799 1111 4845 et
1162 4792 1420 4863 quoniam
1493 4803 1904 4864 cooperatorem
1973 4811 2078 4851 no-

489 4886 657 4933 strum
714 4878 771 4932 in
821 4877 904 4932 his
955 4895 1077 4950 qua:
1125 4879 1226 4935 Dei
1256 4889 1401 4946 sunt,
1449 4888 1501 4936 te
1552 4881 1758 4937 habere
1806 4883 2076 4948 volumus,

489 4967 758 5038 nimisque
791 4973 939 5022 tuam
984 4967 1395 5024 sanctimoniam
1442 4968 1742 5042 diligimus,
1790 4987 2078 5026 monemus

484 5063 544 5111 ut
570 5054 656 5110 vel
687 5070 832 5110 nunc
861 5055 934 5109 ad
965 5070 1058 5110 cor
1087 5056 1300 5125 redeas,
1334 5065 1390 5111 ut
1435 5073 1601 5127 prava
1655 5075 1885 5129 quaeque
1931 5060 2078 5128 juxta

490 5151 636 5199 tuum
667 5142 1027 5198 ministerium
1059 5143 1254 5212 diluas,
1277 5153 1332 5200 et
1370 5145 1714 5202 inimicorum
1744 5147 2076 5204 Christiano-

488 5247 610 5286 rum
639 5231 876 5286 nominis
905 5230 1086 5286 foedus
1115 5233 1450 5289 exsecrando
1481 5233 1709 5300 devites,
1743 5243 2007 5307 quatenus
2023 5243 2078 5292 et

487 5318 682 5373 animae
740 5327 846 5374 tua).
901 5319 1108 5375 lucrum
1140 5320 1411 5392 acquiras,
1460 5329 1512 5377 et
1558 5323 1758 5377 nostris
1806 5323 1983 5395 magis
2011 5339 2076 5380 ac

489 5405 668 5474 magis
693 5404 976 5462 affectibus
1006 5407 1212 5478 perfrui
1241 5409 1440 5474 valeas,
1503 5418 1556 5464 et
1610 5410 1962 5481 blasphemiis
2009 5427 2076 5468 ac

488 5491 956 5552 maledictionibus
987 5496 1336 5573 reliquiarum
1389 5497 1578 5572 populi
1630 5499 1943 5572 Christiani,
1975 5501 2075 5556 Di-

2181 4529 2298 4593 bes,
2329 4529 2716 4599 approbantes,
2767 4537 2820 4583 et
2875 4529 3194 4584 orthodoxae
3251 4528 3378 4584 ﬁdei
3407 4537 3460 4584 te
3509 4529 3786 4584 cultorem

2181 4625 2459 4672 strenuum
2516 4617 2747 4672 existere
2795 4617 3243 4688 contemplantes,
3299 4616 3462 4671 nimis
3491 4617 3546 4671 in
3577 4616 3779 4671 eodem

2181 4705 2804 4773 Dominojucundamur,
2837 4713 2891 4760 et
2915 4706 2965 4762 ei
2995 4706 3291 4761 immensas
3320 4705 3530 4769 laudes,
3563 4712 3614 4759 et
3639 4719 3784 4776 gra-

2179 4793 2280 4850 tias
2306 4809 2474 4864 agere
2501 4809 2610 4848 non
2639 4809 2938 4861 cessamus,
2974 4794 3098 4864 quia
3119 4802 3168 4848 te
3200 4793 3379 4866 magis
3408 4808 3475 4848 ac
3502 4791 3680 4866 magis
3707 4792 3774 4846 in

2180 4881 2294 4936 suis
2322 4881 2591 4936 mandatis
2621 4882 2902 4948 accendat,
2936 4889 2988 4936 et
3026 4883 3096 4936 ad
3125 4890 3324 4938 sanctae
3355 4897 3468 4936 suae
3509 4879 3784 4936 Ecclesiae

2178 4969 2480 5040 profectum
2511 4969 2578 5024 ab
2606 4970 2858 5025 omnibus
2885 4970 3304 5025 adversitatibus
3333 4969 3630 5026 clementer
3659 4969 3777 5024 eri-

2176 5058 2306 5128 piat.
2357 5059 2554 5112 Verum
2588 5059 2784 5113 auditis
2831 5075 2932 5129 per
2961 5066 3082 5114 tuas
3125 5058 3331 5113 litteras
3361 5057 3516 5113 vanis
3555 5057 3780 5112 casibus

2177 5146 2264 5202 vel
2290 5146 2574 5201 eventibus
2603 5145 2728 5214 tuis,
2759 5155 2963 5218 quanta
2985 5147 3372 5216 compassione
3403 5145 3501 5200 tibi
3555 5146 3774 5201 condo-

2175 5233 2456 5300 luerimus,
2489 5251 2556 5288 ex
2583 5234 2688 5290 hoc
2717 5235 3000 5290 advertere
3028 5234 3254 5304 poteris,
3289 5235 3344 5288 in
3367 5249 3474 5306 quo
3505 5241 3556 5288 te
3579 5249 3777 5289 coram

2175 5321 2333 5377 nobis
2360 5322 2614 5393 positum,
2639 5330 2840 5378 sancta:
2865 5323 3125 5378 Romamn
3144 5321 3407 5378 Ecclesiae
3435 5321 3768 5387 doctrinam,

2169 5410 2318 5479 juxta
2374 5419 2682 5466 sanctorum
2730 5411 2949 5465 Patrum
2994 5411 3332 5481 probabilem
3396 5409 3766 5474 traditionem,

2177 5497 2332 5576 sequi
2379 5499 2583 5556 debere
2646 5499 2976 5566 monuimus,
3010 5508 3063 5556 et
3119 5507 3230 5556 tam
3260 5498 3566 5572 symbolum
3611 5513 3783 5572 quam
