4112 6192
342 289 447 344 929

1433 281 1790 339 EPISTOLE
1843 282 1934 336 ET
1981 283 2325 375 DECRETA.

3531 293 3636 346 930

341 418 544 466 rectam
577 409 738 465 fidem
771 425 800 463 a
828 413 878 464 te
907 407 1209 464 docendam
1242 415 1295 462 et
1322 407 1720 478 praedicandam
1751 406 1935 462 subdi-
1955 409 2012 470 Α
2040 409 2196 476 nobis
2239 409 2762 482 quantulamcunque
2791 411 2859 466 de
2887 411 3020 482 ipsis
3047 411 3280 484 paganis
3325 414 3636 485 tranquilli-

345 498 561 565 dimus;
592 498 900 568 nostrisque
933 496 1248 567 apostolicis
1293 495 1484 550 litteris
1514 495 1756 568 glorioso
1787 496 1938 566 prin-

347 587 456 658 cipi
487 585 858 657 SfentOpulco,
891 601 1026 658 quas
1055 585 1134 640 eis
1165 585 1368 639 asseris
1397 583 1563 638 fuisse
1586 584 1815 648 delatas,
1840 584 1942 638 hoc

343 673 523 746 ipsum
565 673 1009 745 signiﬁcavimus,
1045 681 1097 728 et
1124 689 1300 744 neque
1343 672 1463 726 alia:
1507 672 1696 728 litterae
1740 679 1943 726 nostrae

346 763 415 818 ad
445 779 570 818 eum
600 762 818 817 directae
845 769 989 827 sunt,
1021 777 1199 832 neque
1247 760 1508 832 episcopo
1535 759 1612 814 illi
1643 759 1825 830 palam
1856 759 1942 814 vel

346 859 560 906 secreto
602 849 750 904 aliud
800 849 1107 904 faciendum
1155 847 1516 918 injunximus.
1564 855 1618 902 et
1657 847 1804 902 aliud
1831 855 1942 902 ate

342 939 721 1011 peragendum
752 937 1112 1006 decrevimus,
1147 945 1348 1008 quanto
1388 937 1565 990 minus
1610 935 1943 992 credendum

343 1034 428 1080 est
459 1034 515 1080 ut
543 1034 944 1082 sacramentum
975 1025 1044 1080 ad
1075 1025 1268 1080 eodem
1299 1024 1555 1094 episcOpo
1576 1024 1941 1095 exegerimus,

344 1130 509 1184 quem
539 1113 732 1168 saltem
763 1113 867 1168 levi
899 1129 1152 1168 sermone
1198 1129 1364 1183 super
1409 1113 1512 1168 hoc
1555 1111 1774 1182 negotio
1805 1113 1944 1167 allo-

344 1203 456 1257 cuti
495 1219 602 1256 non
646 1201 863 1256 fuimus.
916 1201 1152 1272 Ideoque
1199 1209 1377 1256 cesset
1423 1201 1528 1256 ista
1572 1201 1834 1267 dubietas,
1869 1208 1942 1264 et,

343 1289 464 1346 Deo
493 1298 853 1361 cooperante,
905 1290 1042 1345 sicut
1083 1289 1394 1362 evangelica
1442 1297 1496 1344 et
1543 1288 1837 1360 apostolica
1887 1304 1945 1342 se

345 1378 506 1434 habet
567 1377 838 1447 doctrina,
899 1377 1212 1433 orthodoxae
1259 1376 1384 1432 ﬁdei
1435 1377 1635 1433 cultum
1692 1375 1946 1432 fidelibus

345 1466 555 1522 cunctis
585 1467 818 1532 inculca,
851 1475 907 1520 ut
935 1467 1004 1521 de
1035 1466 1220 1521 labore
1265 1465 1342 1520 tui
1370 1465 1681 1521 certaminis
1709 1465 1945 1520 Domino

343 1556 474 1611 Jesu
501 1555 716 1610 Christo
745 1553 981 1611 fructum
1012 1552 1205 1608 afferas
1243 1553 1629 1623 abundantem,
1677 1561 1729 1608 et
1773 1553 1946 1626 gratia

343 1644 464 1714 ejus
491 1651 890 1711 remuneratus,
923 1643 1233 1697 mercedem
1266 1641 1494 1712 recipias
1525 1648 1941 1712 competentem.

2043 504 2206 552 tatem
2241 497 2418 553 valeat
2447 497 2610 554 ferre.
2643 499 2749 554 Sed
2779 507 2830 554 et
2858 516 2888 554 e
2917 500 3087 555 latere
3119 509 3318 579 vestro,
3345 501 3436 572 qui
3457 502 3636 557 eidem

2042 581 2298 638 exercitui
2323 599 2561 653 prmesse
2589 582 2780 654 possit,
2815 591 2922 638 tam
2956 591 3236 639 strenuum
3267 593 3484 656 tamque
3514 585 3638 640 ido-

2043 686 2203 724 neum
2249 670 2476 725 missum
2517 671 2694 726 modis
2736 672 2986 726 omnibus
3029 673 3294 738 tribuatis,
3329 673 3421 745 qui
3451 681 3504 728 et
3533 673 3639 728 du-

2043 766 2162 813 ctor
2207 759 2474 814 exercitus
2520 760 2688 816 vestri
2735 761 2949 827 existat,
2981 768 3032 816 et
3059 778 3221 832 quam
3263 761 3636 818 defensionem

2043 847 2130 902 vel
2183 847 2506 916 adjutorium
2553 848 2713 904 nobis
2760 847 2984 916 faciant,
3035 849 3150 920 ipse
3197 849 3525 919 przevideat,
3586 857 3640 904 et

2045 935 2307 1006 quidquid
2355 945 2535 992 vestra
2583 937 2699 992 vice
2745 946 2826 992 est
2872 937 3244 1008 peragendum
3296 945 3637 1008 potestateve

2044 1021 2306 1092 perﬁciat.
2351 1025 2600 1096 Alioquin
2644 1041 2755 1080 non
2797 1025 2972 1080 solum
3003 1041 3067 1080 ex
3100 1027 3202 1080 hoc
3250 1025 3489 1080 maxima
3536 1041 3639 1080 ne-

2045 1111 2308 1184 gligentia
2335 1113 2457 1179 erit,
2499 1122 2551 1168 et
2577 1115 2752 1170 omnis
2784 1123 2961 1170 vestra
3000 1114 3200 1168 utilitas
3244 1114 3508 1185 deperiet,
3541 1113 3640 1170 sed

2045 1200 2210 1254 etiam
2245 1201 2544 1256 novissima
2591 1209 2777 1256 nostra
2820 1209 2978 1256 erunt
3020 1201 3202 1272 pejora
3243 1203 3555 1272 prioribus;
3587 1207 3641 1256 et

2045 1303 2160 1356 vos,
2211 1298 2468 1360 quantum
2497 1307 2562 1344 ex
2594 1291 2695 1346 hoc
2743 1289 2986 1344 habeatis
3031 1298 3334 1360 peccatum,
3379 1289 3487 1345 dici
3529 1304 3641 1344 non

2045 1383 2240 1446 potest.
2298 1377 2532 1448 Ideoque
2587 1385 2815 1448 propter
2865 1379 3034 1431 Deum
3093 1377 3388 1432 succurrite
3444 1377 3637 1442 nobis,

2047 1464 2362 1530 succurrite,
2397 1474 2452 1518 ut
2475 1481 2583 1520 non
2631 1465 2814 1520 dicant
2856 1464 2912 1518 in
2954 1464 3179 1520 circuitu
3219 1465 3506 1520 nationes:
3538 1464 3643 1522 Ubi

2047 1560 2128 1606 est
2157 1552 2448 1622 imperator
2493 1552 2722 1611 eorum?
2766 1553 3035 1608 Prazterea
3077 1550 3504 1607 honorificentia?
3543 1567 3640 1606 ve-

2047 1648 2174 1694 strae
2199 1656 2320 1695 cum
2350 1639 2726 1696 benedictione
2750 1640 3050 1710 apostolica
3077 1639 3330 1710 palmam,
3362 1655 3462 1710 per
3481 1655 3641 1710 quam

344 1730 610 1786 Caeterum
641 1730 708 1785 de
737 1729 857 1785 aliis
903 1729 1293 1784 tentationibus
1337 1745 1474 1801 quas
1523 1729 1740 1784 diverso
1782 1729 1946 1783 modo
1974 1727 2266 1817 Bsignum
2313 1727 2472 1782 datur
2517 1727 2778 1793 victorizn,
2831 1744 2959 1783 ecce
3007 1745 3074 1782 ex
3121 1744 3275 1782 more
3322 1727 3639 1796 direximus,

342 1834 641 1893 perpessus
671 1834 750 1888 es,
782 1817 892 1872 noli
925 1817 1144 1882 tristari,
1180 1817 1308 1888 quin
1339 1819 1518 1887 potius
1566 1817 1669 1872 hoc
1689 1859 1702 1882 ,
1753 1833 1946 1871 secun-

345 1907 479 1962 dum
508 1905 858 1977 Apostolum,
892 1921 1052 1960 omne
1097 1906 1355 1978 gaudium
1396 1921 1625 1976 prorsus
1669 1903 1944 1970 existima,

343 1995 474 2067 quia
503 1995 550 2050 si
579 1995 726 2049 Deus
769 2009 870 2064 pro
924 2002 995 2063 te,
1036 2009 1198 2048 nemo
1244 2009 1368 2048 esse
1411 1992 1610 2064 poterit
1657 1999 1844 2048 contra
1875 1999 1944 2047 te.

343 2083 556 2138 Tamen
610 2099 734 2138 cum
789 2083 905 2137 Deo
952 2081 1090 2137 duce
1137 2097 1390 2158 reversus
1444 2081 1632 2149 fueris,
1687 2077 1948 2152 quidquid

336 2170 642 2226 enormiter
687 2171 978 2225 adversum
1035 2178 1086 2224 te
1132 2177 1214 2224 est
1262 2169 1630 2236 commissum,
1682 2166 1949 2238 quidquid

334 2258 452 2328 jam
480 2258 658 2314 dictus
687 2258 977 2328 episcopus
1005 2265 1186 2312 contra
1215 2273 1372 2311 suum
1420 2255 1780 2310 ministerium
1808 2255 1865 2309 in
1897 2263 1948 2310 te

342 2347 608 2412 exercuit,
641 2353 929 2416 utramque
959 2345 1290 2400 audientiam
1326 2360 1513 2400 coram
1541 2343 1700 2399 nobis
1729 2344 1947 2399 discus-

345 2449 488 2499 sam,
519 2434 809 2502 adjuvante
837 2433 1088 2498 Domino,
1131 2431 1376 2504 legitimo
1422 2431 1517 2486 ﬁni
1562 2432 1862 2498 trademus,
1896 2439 1950 2486 et

333 2521 494 2576 illius
518 2521 870 2592 pertinaciam
908 2519 1100 2588 judicii
1149 2520 1315 2574 nostri
1365 2518 1629 2574 sententia
1667 2518 1948 2589 corripere

343 2624 460 2665 non
487 2608 816 2664 omittemus.
859 2609 999 2663 Data
1044 2607 1258 2663 decimo
1288 2607 1561 2662 Kalendas
1591 2607 1792 2678 Aprilis
1811 2649 1825 2674 ,
1859 2606 1946 2660 in-

345 2696 586 2753 dictione
615 2696 823 2752 decima
851 2704 1064 2768 quarta.

1009 2792 1272 2848 CCCXX.

727 2895 799 2936 AD
839 2895 1094 2936 CAROLUH
1141 2893 1560 2935 IMPERATOREM.

963 2969 1144 3040 (Anno
1174 2968 1326 3039 881.)

342 3057 590 3114 Nuntiat
619 3057 952 3128 imperatori
980 3073 1037 3112 se
1076 3058 1148 3112 iis
1177 3056 1348 3111 malis
1375 3072 1410 3128 a
1445 3055 1742 3111 Saracenis
1773 3054 1944 3128 allici,

413 3130 484 3210 ut
512 3125 756 3210 amplius
779 3129 1071 3210 sustinere
1095 3143 1214 3210 non
1241 3127 1456 3210 possit;
1485 3125 1946 3210 rogatleumdem

414 3201 484 3252 ut
513 3195 620 3252 sibi
643 3197 883 3252 subsidio
913 3195 1257 3268 exercitum
1277 3200 1504 3268 mature
1541 3195 1764 3256 mittat.
1797 3195 1952 3268 eique

415 3268 676 3340 palmam
703 3283 832 3322 cum
863 3267 1251 3324 benedictione
1282 3267 1485 3322 mittit.

420 3355 645 3409 Canoao
675 3362 700 3388 ⁸
729 3353 1068 3424 imperatori.

415 3441 702 3496 Multarum
723 3441 1142 3512 Oppressionum
1161 3449 1487 3508 nostrarum,
1512 3439 1585 3494 fili
1607 3437 1949 3506 charissime,

348 3529 513 3585 vobis
543 3529 792 3585 oblivisci
817 3546 926 3584 non
957 3530 1228 3598 convenit,
1263 3537 1316 3584 et
1342 3528 1710 3584 calamitatum
1742 3534 1952 3582 nostra-

339 3633 490 3685 rum,
542 3631 681 3688 quas
727 3625 918 3672 sancta
961 3624 1136 3672 mater
1179 3624 1362 3673 vestra
1417 3616 1664 3672 Romana
1707 3614 1952 3670 Ecclesia

339 3704 566 3776 patitur,
601 3711 815 3775 Oportet
857 3719 956 3759 vos
1003 3703 1300 3770 reminisci,
1351 3709 1406 3758 et
1446 3711 1574 3758 tunc
1618 3703 1836 3757 demum
1881 3701 1952 3756 ad

339 3792 592 3864 aliquam
621 3791 1052 3847 consolationem
1080 3800 1325 3847 nostram
1351 3805 1577 3845 manum
1603 3797 1803 3846 vestrae
1827 3790 1950 3860 pie-

341 3877 478 3934 tatis
497 3880 780 3952 porrigere
813 3888 866 3934 et
895 3879 1152 3935 auxilium
1181 3878 1341 3934 nobis
1368 3878 1616 3948 praebere
1637 3877 1952 3950 quantocius

339 3967 581 4023 debetis.
614 3967 774 4022 Scitis
811 3983 1044 4039 namque
1074 3984 1217 4039 quae,
1261 3975 1455 4038 quanta
1486 3974 1539 4022 et
1569 3966 1763 4038 qualia,
1810 3980 1950 4036 pras-

337 4055 506 4125 cipue
549 4069 580 4108 a
615 4055 866 4127 paganis,
915 4055 1059 4109 mala
1103 4063 1444 4126 quantasque
1493 4053 1656 4110 etiam
1699 4052 1950 4108 miserias

337 4142 614 4214 patimur;
645 4151 698 4198 et
727 4142 780 4196 in
826 4143 984 4198 nobis
1029 4142 1355 4212 commissis,
1403 4151 1665 4214 quantum
1711 4141 1950 4214 quotidie

337 4227 674 4300 aﬁligamur,
706 4238 760 4284 et
789 4245 886 4285 vos
915 4231 1046 4285 estis
1076 4230 1302 4302 experti,
1329 4238 1382 4286 et
1401 4246 1502 4285 nos
1530 4230 1730 4302 partim
1755 4237 1951 4285 vestrae

336 4316 652 4374 clementia;
699 4316 861 4387 paulo
904 4326 1030 4372 ante
1078 4316 1522 4389 significavimus.
1557 4319 1624 4372 Et
1653 4333 1778 4372 cum
1806 4332 1948 4388 quo-

338 4403 483 4460 tidie
511 4405 624 4460 haec
654 4405 846 4460 eadem
875 4405 1019 4460 mala
1062 4422 1170 4461 non
1197 4405 1365 4460 minui
1397 4405 1494 4460 sed
1522 4404 1702 4477 magis
1729 4421 1794 4460 ac
1827 4419 1946 4458 ma-

335 4491 440 4566 gis
465 4508 713 4548 crescere
742 4510 804 4549 ac
834 4493 1045 4548 dilatari
1088 4510 1392 4559 cernamus,
1425 4493 1580 4548 dolor
1611 4500 1661 4547 et
1690 4491 1944 4564 gemitus,

336 4596 418 4636 ac
449 4580 563 4635 sine
591 4579 698 4636 ﬁne
726 4581 944 4636 tristitia
973 4581 1238 4650 imminet,
1270 4597 1334 4638 ac
1362 4599 1462 4652 per
1490 4582 1594 4637 hoc
1619 4579 1749 4634 libet
1774 4579 1952 4651 magis

339 4667 517 4732 mori,
544 4684 725 4738 quam,
751 4670 890 4739 proh
911 4669 1095 4725 dolorl
1123 4671 1235 4740 jam
1255 4669 1380 4724 talia
1411 4669 1666 4724 tolerare.
1698 4667 1951 4736 Proinde,

336 4755 607 4826 spiritalis
635 4754 710 4810 fili
749 4773 1075 4830 semperque
1122 4763 1387 4828 Auguste,
1439 4757 1670 4829 gloriam
1714 4763 1955 4810 vestram

335 4858 700 4914 summopere
749 4844 1109 4915 deprecamur
1136 4853 1192 4900 ut
1221 4861 1320 4916 pro
1350 4861 1535 4900 amore
1577 4843 1678 4899 Dei
1708 4842 1956 4914 omnipo-

332 4929 514 4987 tentis
545 4938 597 4984 et
627 4933 933 4988 reverentia
961 4933 1267 5004 principum
1298 4932 1668 5003 apostolorum
1719 4932 1862 4987 Petri
1893 4946 1957 4986 ac

329 5017 499 5074 Pauli
546 5018 794 5075 hostilem
835 5019 899 5093 [f.
936 5020 1198 5092 vestrum]
1247 5020 1566 5088 exercitum,
1618 5035 1780 5092 quem
1829 5019 1958 5074 istas

335 5107 404 5162 in
439 5098 618 5175 partes
647 5117 936 5163 venturum
966 5125 1090 5163 esse
1119 5109 1352 5174 dixistis,
1383 5124 1588 5163 moram
1619 5107 1828 5178 perpeti
1847 5123 1958 5162 non

340 5193 579 5260 sinatis,
613 5195 710 5249 sed
755 5211 880 5252 cum
919 5197 1068 5252 omni
1114 5196 1400 5252 velocitate
1449 5197 1516 5250 ad
1566 5195 1823 5250 auxilium
1853 5210 1958 5250 no-

331 5293 540 5350 strum,
591 5298 923 5354 quaesumus,
971 5284 1243 5358 dirigatis,
1277 5292 1349 5353 ut,
1385 5283 1617 5339 Domino
1645 5283 1956 5352 adjuvante,

326 5374 408 5428 ad
466 5372 884 5443 respirationem
929 5382 1173 5430 nostram
1220 5375 1506 5445 Agarenos
1555 5379 1859 5444 expugnet,
1910 5378 1963 5426 et

432 5529 460 5558 ⁸
484 5525 604 5588 Ejus
631 5523 841 5576 nominis
864 5524 1030 5589 tertio,
1057 5523 1345 5589 cognomine
1367 5525 1560 5578 Crasso.

1977 4451 2030 4512 D

2048 1823 2388 1886 exoptantes,
2419 1815 2951 1886 omnipotentemque
2981 1816 3154 1870 Deum
3187 1815 3565 1886 deprecantes,
3589 1822 3646 1868 ut

2048 1904 2187 1959 hanc
2235 1919 2360 1959 cum
2401 1903 2581 1959 lmtitia
2609 1919 2707 1958 vos
2737 1903 2791 1956 in
2821 1903 2908 1958 die
2937 1910 3100 1958 tanta}
3147 1902 3503 1958 solemnitatis
3549 1919 3648 1975 ge-

2049 1999 2191 2046 stare
2223 1991 2381 2047 faciat
2410 1999 2572 2062 atque
2601 1991 2892 2062 permittat.
2924 1992 2990 2045 Et
3017 1991 3085 2044 ad
3115 1992 3356 2044 omnium
3395 1998 3642 2044 nostrum

2049 2078 2332 2134 utilitatem
2364 2087 2416 2134 et
2443 2079 2744 2150 profectum
2773 2095 2934 2134 aures
2963 2077 3394 2149 pi'mcordiorum
3424 2085 3641 2132 vestro-

2048 2183 2168 2221 rum
2198 2167 2456 2223 divinitus
2500 2167 2764 2224 inclinare
2812 2167 3082 2239 dignetur.
3115 2166 3255 2220 Data
3283 2180 3341 2220 tv
3370 2164 3644 2220 Kalendas

2055 2255 2269 2326 Aprilis,
2303 2255 2597 2312 indictione
2625 2271 2743 2310 xiv.

2705 2396 2988 2452 CCCXXI.

2475 2507 2547 2548 AD
2583 2508 2857 2548 DIVERSOS
2895 2507 3212 2547 EPISCOPOS.

2663 2581 2844 2653 (Anno
2875 2584 3024 2651 881.)

2047 2687 2428 2759 Athanasium
2443 2688 2878 2759 Neapolitanum
2894 2689 3236 2758 episcopum,
3261 2669 3357 2759 qui
3375 2699 3518 2756 περι
3535 2696 3646 2759 mo-

2118 2755 2635 2830 nitus,inunqua'm,
2661 2759 2808 2812 sicut
2825 2755 3188 2830 pro—miserat,
3207 2755 3388 2827 fw'dus
3402 2755 3651 2830 cum‘Sa-

2119 2829 2343 2884 racenis
2372 2825 2552 2884 ictum
2581 2825 2844 2900 rumpere
2862 2829 3122 2900 voluit,a
3142 2825 3214 2882 se
3231 2842 3360 2900 cum
3389 2825 3647 2900 omnibus

2118 2900 2172 2954 ei
2199 2899 2680 2954 consentientibus
2709 2895 3272 2954 excommunicatum
3299 2895 3609 2968 signiﬁcat.

2119 3003 2385 3060 Omnibus
2427 3003 2698 3075 episcopis
2745 3003 3004 3072 Cajetam,
3048 3001 3352 3073 Neapolim,
3404 3001 3646 3072 Capuam

1967 3103 2017 3167 α
2045 3091 2370 3147 Berolassim
2416 3101 2470 3147 et
2518 3091 2771 3148 Amalﬁm
2790 3134 2804 3157 ,
2850 3092 3218 3147 Beneventum
3264 3097 3317 3146 et
3364 3089 3647 3144 Saternum

2056 3180 2438 3248 incolentibus,
2468 3197 2498 3235 a
2526 3181 2768 3252 paribus.

2127 3267 2261 3337 Quae
2285 3277 2339 3323 et
2359 3276 2564 3340 quanta
2598 3267 2667 3322 ab
2701 3266 2995 3322 Athanasio
3014 3265 3370 3336 Neapolitano
3392 3264 3651 3335 episcopo

2055 3356 2252 3411 Christi
2293 3356 2540 3412 Ecclesia
2583 3355 2816 3426 patiatur
2863 3355 3112 3423 adversa,
3157 3360 3467 3424 optaramus
3495 3350 3652 3407 vobis

2053 3461 2164 3500 non
2193 3460 2316 3500 esse
2345 3444 2604 3510 dicturos,
2637 3442 2742 3498 nisi
2771 3451 2956 3498 essent
2986 3456 3154 3512 supra
3182 3439 3405 3495 modum
3435 3439 3648 3510 gravia.

2052 3534 2196 3588 Ecce
2225 3532 2388 3602 enim,
2422 3539 2479 3586 ut
2507 3531 2612 3602 ipsi
2637 3532 2748 3600 jam
2779 3547 2847 3586 ex
2874 3530 3107 3585 maxima
3147 3535 3300 3599 parte
3339 3543 3450 3582 non
3495 3525 3653 3599 igno-

2053 3621 2206 3687 ratis,
2240 3621 2307 3674 ad
2337 3619 2692 3691 perditionem
2737 3619 2898 3674 totius
2942 3615 3376 3680 Christianitatis,
3409 3631 3440 3668 a
3470 3613 3653 3668 multis

2053 3716 2198 3764 retro
2245 3707 2582 3778 temporibus
2629 3723 2752 3763 cum
2797 3704 2923 3760 ﬁliis
2971 3705 3165 3760 lsmael
3196 3712 3248 3759 et
3279 3704 3396 3758 Deo
3446 3700 3654 3758 scilicet

2051 3795 2341 3851 odibilibus
2389 3795 2678 3851 Saracenis
2724 3802 2947 3865 pactum
2976 3792 3200 3858 faciens,
3243 3806 3457 3848 omnem
3491 3789 3650 3845 istam

2052 3895 2248 3941 terram
2295 3884 2368 3938 ita
2413 3883 2480 3938 ad
2524 3882 2748 3938 nihilum
2797 3882 3028 3954 redegit,
3058 3888 3116 3935 ut
3138 3881 3250 3950 jam
3291 3895 3401 3935 non
3449 3877 3517 3932 sit
3562 3877 3656 3950 qui

2053 3989 2172 4028 eam
2201 3987 2430 4043 prorsus
2461 3971 2739 4036 inhabitet.
2785 3971 2960 4042 Super
3003 3985 3111 4042 quo
3153 3967 3361 4024 scelere
3391 3983 3517 4023 eum
3545 3982 3654 4021 sae-

2050 4059 2274 4132 pissime
2305 4060 2762 4127 commonuimus,
2785 4067 2846 4114 et
2879 4057 3098 4129 corpori
3126 4065 3314 4113 nostro
3343 4054 3658 4112 omnimodo

2049 4165 2159 4205 non
2188 4156 2494 4220 parcentes,
2530 4165 2703 4220 usque
2733 4147 3019 4218 Neapolim
3049 4145 3486 4217 properavimus,
3517 4141 3661 4198 mul-

2049 4244 2270 4308 tumque
2314 4236 2526 4308 argenti
2573 4235 2625 4290 ei
2677 4235 3024 4302 contulimus,
3059 4242 3111 4288 et
3140 4231 3456 4304 rogavimus
3487 4238 3544 4286 ut
3583 4229 3654 4284 ab

2049 4340 2238 4380 eorum
2269 4340 2329 4378 se
2359 4323 2618 4378 societate
2667 4321 2948 4386 divideret,
2992 4328 3050 4374 ut
3094 4321 3316 4374 tandem
3361 4317 3653 4388 aliquando

2051 4412 2402 4483 resipiscens,
2435 4417 2642 4464 tantam
2670 4416 2882 4479 pestem
2911 4407 3134 4462 deleret.
3161 4406 3285 4475 Qui,
3319 4413 3376 4460 ut
3404 4405 3476 4460 ita
3505 4404 3656 4459 dixe-

2051 4499 2172 4567 rim,
2204 4497 2669 4569 importunitatem
2699 4503 2962 4561 nostram,
2995 4495 3122 4550 licet
3159 4493 3304 4561 ﬁcte,
3357 4509 3467 4548 non
3515 4491 3655 4546 tole-

2053 4605 2199 4652 rans,
2226 4587 2475 4658 promisit
2503 4602 2564 4640 se
2593 4586 2664 4640 ita
2707 4601 2830 4640 esse
2878 4583 3162 4648 facturum,
3195 4590 3246 4638 et
3271 4589 3486 4652 pactum
3529 4596 3652 4635 cum

2053 4675 2340 4732 Saracenis
2369 4675 2612 4730 habitum
2659 4674 2979 4736 soluturum.
3015 4672 3115 4728 sub
3145 4688 3207 4727 ea
3236 4671 3495 4726 duntaxat
3523 4683 3654 4725 con-

2053 4765 2256 4820 ditione
2283 4771 2342 4818 ut
2369 4764 2415 4818 si
2445 4764 2706 4834 deinceps
2737 4764 2842 4818 hoc
2871 4761 3018 4817 malo
3049 4776 3108 4816 se
3137 4773 3461 4832 quocunque
3490 4756 3656 4812 modo

2054 4853 2327 4919 misceret,
2365 4860 2419 4907 et
2448 4851 2756 4908 sacerdotio
2799 4857 2946 4904 esset
2971 4849 3214 4920 privatus
3245 4855 3296 4902 et
3325 4844 3660 4902 anathemati

2056 4941 2380 5010 subjaceret.
2434 4940 2560 5007 Sed,
2612 4937 2746 4994 heul
2796 4953 2894 5009 pro
2941 4937 3115 5008 turpis
3163 4935 3297 4992 lucri
3344 4934 3654 5002 commodo,

2057 5029 2204 5100 quod
2233 5029 2300 5082 ab
2329 5028 2463 5098 ipsis
2495 5026 2802 5096 Saracenis,
2835 5026 2904 5080 de
2931 5025 3117 5096 praeda
3146 5040 3334 5080 eorum
3362 5030 3546 5094 partes
3575 5037 3660 5076 re-

2025 5117 2329 5187 .cipiendo,
2387 5116 2549 5186 hujus
2604 5113 2977 5186 promissionis
3031 5113 3247 5180 oblitus,
3279 5111 3446 5167 noluit
3477 5109 3656 5165 adim-

2059 5205 2224 5276 plere,
2258 5205 2404 5275 quod
2446 5203 2630 5258 multis
2677 5217 2864 5258 coram
2911 5201 3100 5272 positis
3143 5199 3361 5272 scriptis
3391 5207 3445 5254 et
3474 5197 3657 5254 verbis

2059 5291 2327 5363 promisit.
2361 5293 2596 5347 Rursum
2643 5291 2819 5360 nobis,
2863 5307 2972 5346 non
3014 5289 3214 5346 modici
3251 5287 3463 5362 argenti
3493 5287 3658 5344 adau-

2061 5380 2160 5438 ctis
2205 5379 2557 5451 ponderibus,
2605 5388 2658 5436 et
2705 5379 2847 5450 apud
2895 5379 3138 5448 Cajetam
3191 5376 3654 5450 pervenientibus,
