4112 6192
516 253 616 304 931

1765 239 2063 298 JOANNIS
2111 237 2307 293 PAPJE
2363 240 2504 294 Vlll.

3708 243 3818 298 932

510 387 610 442 per
639 386 766 426 suos
813 369 1025 442 legatos
1055 369 1104 424 ei
1133 367 1508 424 mandavimus
1537 375 1595 421 ut
1624 366 1670 420 si
1701 366 1836 421 intra
1882 364 2104 437 triginta
2125 360 2181 420 A
2209 363 2476 433 imperiali
2523 364 2840 418 Ravennam
2881 363 3172 430 asciscere,
3205 370 3259 418 et
3287 361 3498 418 nobiles
3542 362 3689 419 cives
3716 363 3808 434 ip-

513 459 724 513 dierum
770 459 938 528 spatia
984 473 1107 513 cum
1156 456 1444 512 Saracenis
1488 455 1731 509 habitum
1781 453 1956 508 foedus
2001 467 2110 506 non

513 555 810 617 rumperet,
843 555 935 601 aut
964 562 1030 601 ea
1058 562 1179 617 qua:
1220 545 1377 599 nobis
1423 543 1841 616 tergiversando
1871 540 2112 596 abstule-

516 643 621 704 rat,
651 651 756 689 non
787 634 1254 701 retransmitteret,
1289 641 1474 687 nostro
1499 632 1703 701 judicio
1733 631 1929 686 iterum
1979 645 2109 684 sen-

515 723 758 788 tentiam,
793 738 951 793 quam
983 722 1098 791 ipse
1119 722 1174 775 in
1196 737 1254 776 se
1277 721 1511 792 pertulit,
1545 736 1769 790 prorsus
1801 719 2107 789 exciperet;

518 812 615 866 sed
643 819 751 864 tam
783 809 928 864 varia
954 810 1256 878 juramenta
1288 825 1450 880 quam
1481 809 1756 863 absolutas
1785 806 2109 884 promissio-

513 915 614 954 nes
643 907 996 968 postponens,
1027 915 1128 952 nos
1157 899 1225 952 de
1255 899 1342 952 die
1372 898 1424 951 in
1456 897 1598 952 diem
1639 897 1855 964 delusit,
1891 903 1944 950 et
1979 894 2109 949 foris

513 987 764 1042 omnibus
794 986 1086 1056 dissipatis,
1129 987 1273 1040 intus
1320 1002 1452 1040 vero
1499 1003 1599 1056 per
1645 1001 1795 1039 suam
1842 983 2111 1038 callidita-

515 1083 624 1129 tem
653 1074 836 1129 multis
867 1075 1067 1129 nostris
1099 1075 1313 1140 ablatis,
1347 1075 1611 1129 hactenus
1654 1089 1754 1128 nec
1786 1089 1906 1127 cum
1943 1073 2112 1126 Sara-

515 1162 663 1217 cenis
695 1163 937 1216 habitum
965 1170 1180 1232 pactum
1210 1162 1476 1226 dissolvit,
1509 1177 1611 1216 nec
1641 1161 1883 1231 reliquiae
1904 1160 2003 1214 Dei
2024 1175 2116 1230 pO-

515 1250 624 1320 puli
653 1250 818 1304 voluit
848 1249 1113 1304 misereri.
1149 1249 1291 1316 Quin
1319 1249 1498 1318 potius
1528 1265 1652 1304 cum
1701 1248 1834 1318 ipsis
1877 1263 2112 1304 conver-

516 1353 661 1402 sans,
695 1337 763 1391 de
791 1337 923 1407 ipsis
951 1337 1110 1390 malis
1140 1337 1194 1390 in
1223 1337 1379 1406 pejus
1419 1337 1608 1401 crevit,
1643 1343 1694 1390 et
1725 1335 1822 1390 Dei
1855 1335 2114 1390 mandata

518 1433 890 1492 contemnens,
931 1425 1221 1478 sacerdotii
1250 1425 1417 1478 etiam
1452 1424 1533 1477 sui
1567 1424 1779 1488 oblitus,
1814 1440 1923 1478 non
1946 1423 2120 1478 solum

517 1513 708 1567 similis
739 1512 844 1565 illis
876 1511 1100 1566 effectus
1131 1520 1232 1578 est,
1267 1513 1362 1566 sed
1393 1511 1556 1566 etiam
1579 1513 1632 1566 in
1654 1512 1834 1566 multis
1855 1512 2109 1566 deterior.

517 1601 688 1668 Hujus
721 1601 798 1654 rei
828 1599 1004 1669 gratia
1035 1600 1178 1670 apud
1210 1600 1424 1654 beatum
1455 1601 1671 1654 Petrum
1701 1600 2002 1670 apostolum
2033 1617 2117 1670 sy-

2214 451 2344 520 sius,
2377 451 2534 506 nobis
2579 450 2918 518 inconsultis,
2967 467 3102 506 ausu
3148 450 3440 506 temerario
3487 450 3807 522 distringere

2213 539 2507 594 enormiter
2546 540 2793 611 coegisti,
2827 540 3104 606 miramur,
3139 555 3204 594 eo
3235 539 3378 610 quod
3423 547 3476 594 te
3517 539 3806 594 adversum

2213 636 2360 683 tuam
2391 629 2805 698 promissionem
2830 628 3178 697 jurejurando
3209 643 3394 683 coram
3428 627 3584 682 nobis
3605 635 3658 682 et
3678 628 3807 683 sede

2211 717 2510 786 apostolica
2557 717 2859 787 prolatam,
2910 717 3124 786 penitus
3172 716 3353 788 egisse
3400 717 3802 788 cognoscimus.

2213 806 2313 860 Pro
2359 821 2464 876 quo
2510 805 2763 858 nimirum
2794 813 2846 860 te
2879 805 3036 860 valde
3085 820 3278 860 cavere
3325 813 3558 874 oportet,
3591 821 3658 858 ne
3707 820 3810 873 pro

2211 893 2407 947 talibus
2439 901 2524 947 tua
2547 893 2812 948 sententia
2833 893 2977 948 velut
2998 901 3464 963 transgressorem
3490 891 3806 947 ulciscatur.

2211 981 2325 1035 Nos
2355 980 2499 1035 enim
2532 990 2582 1036 te
2611 998 2837 1054 gregem
2883 981 3100 1036 Domini
3145 996 3390 1051 pascere,
3425 997 3534 1035 non
3587 987 3808 1050 pertur-

2211 1069 2374 1136 bare;
2424 1069 2661 1135 salvare,
2713 1079 2765 1124 et
2809 1085 2919 1124 non
2964 1069 3198 1138 perdere
3244 1067 3548 1123 statuimus.
3607 1068 3812 1123 Tamen

2212 1173 2336 1214 cum
2366 1174 2488 1226 nos,
2519 1159 2633 1213 Deo
2663 1159 2898 1224 volente,
2931 1157 3180 1228 Neapoli,
3207 1174 3315 1229 quo
3345 1173 3486 1212 nunc
3515 1155 3808 1227 proﬁcisci-

2211 1263 2347 1311 mur,
2400 1245 2664 1300 fuerimus
2708 1245 2947 1312 reversi;
2999 1255 3052 1301 et
3097 1253 3186 1300 aut
3233 1253 3310 1310 tu,
3356 1245 3650 1300 secundum
3701 1260 3806 1299 no—

2213 1342 2384 1389 stram
2412 1335 2506 1389 tibi
2528 1335 2831 1402 jussionem
2869 1335 3153 1399 directam,
3201 1335 3424 1390 Romam
3454 1333 3686 1400 veneris,
3717 1341 3814 1388 aut

2213 1439 2312 1478 nos
2355 1422 2440 1478 vel
2483 1423 2680 1478 missus
2724 1431 2907 1478 noster
2953 1423 3082 1477 istas
3129 1422 3184 1476 in
3227 1431 3412 1492 partes
3457 1422 3806 1490 venerimus,

2211 1511 2508 1582 plenariam
2551 1512 2618 1566 de
2650 1513 2902 1566 omnibus
2932 1529 3052 1582 qua:
3081 1519 3185 1566 tua:
3215 1511 3478 1566 Ecclesia:
3525 1525 3810 1582 cognove-

2213 1599 2383 1654 rimus
2410 1616 2532 1654 esse
2561 1599 2872 1655 necessaria
2897 1599 3159 1666 justitiam
3181 1599 3494 1653 omnimodo
3523 1597 3808 1654 faciemus.

519 1687 712 1742 nodice
741 1687 796 1741 in
825 1704 949 1742 eum
993 1689 1313 1742 sententiam
1361 1689 1702 1758 protulimus,
1739 1697 1792 1742 et
1818 1705 1937 1742 cum
1989 1703 2111 1742 om—
2141 1712 2193 1770 Β
2215 1687 2481 1742 Defuncto
2503 1697 2762 1758 prmterea
2781 1687 3044 1743 Ecclesia:
3060 1687 3369 1742 Faventinaz
3387 1685 3817 1756 episcopo,praa—

519 1775 679 1828 nibus
710 1775 811 1829 sibi
842 1775 1302 1830 consentientibus
1334 1777 1448 1830 sive
1479 1775 1784 1830 faventibus
1822 1775 1969 1830 omni
2017 1791 2112 1829 ec—

520 1863 823 1919 clesiastica
851 1865 1227 1919 communione
1277 1865 1376 1918 sub
1423 1863 1782 1918 anathematis
1820 1863 2114 1934 interposi-

518 1951 663 2006 tione
691 1951 1042 2023 privavimus.
1091 1952 1284 2006 Modus
1326 1959 1499 2006 autem
1544 1951 2114 2007 excommunicationis

519 2039 608 2094 hic
673 2047 756 2095 est
814 2058 827 2093 :
897 2041 1252 2095 Athanasium
1315 2041 1732 2111 Neapolitanum
1799 2041 2114 2111 episcopum

520 2127 817 2198 saepissime
851 2129 1332 2196 admonitionibus,
1366 2137 1417 2183 et
1445 2129 1627 2183 multis
1657 2128 1870 2198 argenti
1901 2128 2114 2198 ponde-

519 2215 669 2292 ribus
708 2217 890 2286 datis,
959 2225 1016 2270 ut
1053 2225 1268 2286 pactum
1334 2233 1457 2272 cum
1524 2217 1808 2272 Saracenis
1873 2216 2113 2270 habitum

520 2304 904 2374 disrumperet,
935 2305 1334 2359 admonuimus.
1371 2306 1465 2358 Ille
1495 2314 1673 2358 autem
1721 2304 1866 2359 idem
1897 2313 2115 2374 pactum

520 2407 580 2446 se
621 2391 933 2446 omnimodo
982 2392 1282 2446 soluturum
1311 2401 1363 2447 et
1393 2393 1463 2446 ab
1495 2409 1682 2446 eorum
1732 2393 1988 2446 societate
2031 2408 2118 2447 se-

518 2487 829 2550 paraturum
879 2496 1000 2535 esse
1049 2481 1368 2551 promittens
1399 2481 1500 2534 sub
1529 2497 1591 2536 ea
1620 2480 1947 2546 conditione,
1981 2487 2038 2533 ut
2069 2479 2116 2534 si

519 2567 698 2622 denuo
748 2584 870 2622 cum
917 2568 1025 2622 illis
1075 2567 1316 2638 quolibet
1363 2569 1525 2623 modo
1573 2567 1751 2623 foedus
1800 2567 2112 2633 habuisset,

519 2656 664 2709 omni
693 2663 839 2710 esset
870 2656 1188 2711 sacerdotali
1239 2658 1447 2712 honore
1497 2657 1741 2726 privatus
1789 2664 1841 2710 et
1884 2656 2114 2710 anathe-

477 2815 480 2818 .
519 2743 835 2810 matizatus;
887 2745 984 2799 sed
1038 2746 1153 2800 haec
1201 2745 1384 2799 omnia
1431 2745 1934 2815 parvipendcntem,
1969 2752 2019 2798 et
2047 2744 2116 2798 ad

517 2832 877 2901 perditionem
927 2823 1368 2887 Christianorum.
1386 2849 1508 2886 cum
1539 2833 1618 2887 eis
1648 2840 1858 2902 pactum
1901 2833 2115 2886 haben-

521 2927 650 2982 tem,
685 2927 737 2972 et
765 2935 865 2972 nos
896 2920 1195 2988 sacpissime
1227 2921 1595 2985 deludentem,
1626 2928 1679 2974 et
1709 2921 1777 2974 de
1806 2921 1988 2989 praeda
2018 2935 2115 2974 eo-

522 3023 642 3059 rum
683 3015 896 3075 partem
935 3007 1306 3076 recipientem,
1335 3008 1540 3075 judicio
1569 3015 1622 3062 et
1651 3009 1970 3062 auctoritate
2017 3007 2118 3061 Dei

522 3093 941 3163 omnipotentis,
994 3103 1045 3148 et
1099 3095 1381 3149 beatorum
1438 3095 1800 3164 apostolorum
1856 3095 1998 3149 Petri
2055 3111 2118 3150 ac

523 3181 668 3235 Pauli
699 3181 857 3235 simul
887 3191 938 3236 et
969 3190 1172 3248 nostra,
1199 3199 1320 3238 cum
1350 3183 1600 3238 omnibus
1631 3183 1950 3254 sequacibus
1980 3184 2112 3248 suis,

522 3277 573 3324 et
629 3270 777 3324 omni
833 3271 1202 3326 ecclesiastica
1259 3272 1649 3339 communione,
1693 3273 2002 3342 privamus,
2065 3279 2116 3325 et

521 3374 804 3429 quousque
837 3375 896 3412 se
923 3360 992 3413 ab
1021 3359 1154 3429 ipsis
1185 3360 1471 3416 Saracenis
1501 3361 1716 3430 penitus
1760 3361 2113 3431 separaverit,

519 3445 666 3500 velut
695 3446 855 3500 totius
907 3447 1318 3502 Christianitatis
1363 3449 1640 3504 inimicum
1687 3449 2116 3504 anathematiza-

521 3549 664 3588 mus.
697 3533 833 3588 Data
862 3551 1050 3590 mense
1080 3536 1271 3605 Aprili,
1303 3535 1596 3592 indictione
1627 3552 1744 3591 xxv.

1163 3687 1470 3742 CCCXXII.

655 3786 728 3828 AD
766 3787 1037 3830 ROMANUM
1074 3788 1549 3829 ARCHIEPISCOPUM
1587 3789 1988 3832 RAVENNATEH.

1140 3863 1320 3932 (Anno
1352 3863 1500 3932 881.)

525 3950 727 4022 Arguit
756 3950 1245 4022 quodiAilbericum
1275 3953 1537 4006 comitem
1565 3955 1888 4006 Ravennam
1911 3955 2120 4008 ascive—

597 4021 700 4092 ru,
731 4025 786 4073 et
829 4021 1040 4092 nobiles
1087 4022 1435 4075 Ravennates
1481 4026 1680 4076 contra
1711 4023 2120 4092 jusjurandum

597 4089 704 4170 sibi
738 4091 1060 4170 prestitum
1109 4093 1334 4170 vexarit
1367 4109 1384 4144 :
1416 4107 1544 4170 cum
1593 4089 1837 4170 Neapoli
1867 4110 2120 4170 reuersus

596 4162 794 4232 fuerit,
827 4162 912 4213 ait
934 4176 1092 4232 seea
1120 4163 1312 4215 omnia
1339 4165 1677 4216 curaturum
1708 4162 1725 4216 ξ
1745 4164 1907 4232 jubet
1926 4165 2119 4220 Domi-

597 4231 796 4295 nicum
823 4231 1286 4314 archidiaconum
1325 4233 1650 4288 Faventino:
1685 4231 1947 4289 Ecclesia:
1976 4235 2122 4306 epis-

601 4316 802 4371 copum
832 4316 1170 4356 consecrart.

599 4405 840 4461 ROMANO
870 4407 1282 4478 archiepiscopo
1311 4408 1628 4463 Ravennati.

595 4493 674 4548 Ea
703 4509 825 4564 quae
853 4501 1037 4548 nostro
1067 4495 1378 4564 praesulatui
1399 4512 1497 4565 pro
1519 4496 1744 4550 utilitate
1763 4505 1815 4552 et
1837 4513 2122 4552 neccessan

524 4581 602 4636 ria
645 4590 844 4637 sancta:
891 4583 1216 4637 Ravennatis
1263 4583 1526 4638 Ecclesia“:
1572 4584 1911 4639 restitutione
1953 4585 2122 4655 perfi-

525 4669 717 4726 cienda
757 4670 1045 4738 mandasti,
1079 4670 1309 4726 luciﬂuis
1357 4679 1762 4726 antecessorum
1809 4681 2124 4728 nostrorum

523 4757 803 4812 informati
831 4758 1115 4828 exemplis,
1141 4774 1442 4831 congruum
1475 4768 1528 4814 et
1555 4769 1918 4830 opportunum
1945 4762 2122 4816 eidem

524 4846 786 4902 Ecclesiae
829 4845 1061 4901 libenter
1108 4847 1386 4914 volumus,
1419 4848 1534 4902 Deo
1583 4847 1826 4914 favente,
1879 4850 2124 4919 praebere

443 4947 448 4953 '
527 4933 780 4988 solatium
839 4941 891 4987 et
946 4933 1278 4990 defensionis
1327 4935 1618 5005 auxilium,
1677 4937 1948 5007 praecipue
1999 4953 2122 4992 cum

523 5021 694 5092 ipsius
723 5037 824 5077 nos
854 5022 950 5076 tibi
980 5024 1330 5078 commissum
1359 5024 1654 5078 habeamus
1703 5025 1970 5097 regimen.
2015 5027 2124 5081 Sed

523 5109 650 5180 quia
679 5110 832 5165 multi
871 5110 1133 5166 nobilium
1179 5113 1568 5168 Ravennatium
1614 5113 1820 5168 crebris
1863 5114 2126 5170 duntaxat

524 5197 879 5268 querimoniis
935 5199 1274 5269 apostolatus
1321 5201 1490 5256 nostri
1540 5217 1703 5256 aures
1750 5202 1965 5272 pulsare
2015 5219 2125 5258 non

522 5285 795 5352 desinunt,
845 5287 991 5342 circa
1039 5296 1092 5344 te
1141 5289 1444 5344 clementiae
1493 5297 1693 5344 nostrae
1743 5291 2124 5346 benevolentia

523 5381 794 5429 commota
833 5391 942 5431 non
987 5375 1260 5432 immerito
1307 5377 1550 5432 habetur.
1601 5379 1774 5446 Nam,
1823 5388 1880 5432 ut
1928 5388 2124 5436 caetera

525 5459 854 5532 omittamus,
891 5463 1018 5534 quia
1047 5465 1359 5522 Albericum
1390 5465 1644 5522 comitem
1687 5467 1844 5538 quasi
1875 5483 1942 5524 ex
1967 5475 2124 5540 parte

2214 1775 2446 1828 vidimus
2494 1777 2636 1830 hunc
2684 1775 3024 1830 Dominicum
3072 1774 3438 1829 venerabilem
3474 1773 3816 1828 archidiaco-

2211 1879 2360 1931 num,
2413 1863 2558 1916 sedis
2607 1863 2776 1932 ipsius
2824 1865 3031 1918 honore
3079 1862 3376 1933 episcopali
3424 1862 3648 1934 dignum
3693 1861 3816 1915 exi-

2213 1959 2376 2005 stere.
2412 1952 2527 2006 Hoc
2559 1951 2892 2006 auctoritatis
2924 1958 3124 2007 nostra:
3162 1959 3360 2005 statuto
3391 1949 3640 2020 praesenti
3667 1949 3816 2004 dile-

2213 2038 2376 2093 ctioni
2418 2047 2524 2094 tuae
2571 2040 2918 2109 praecipimus
2965 2047 3040 2108 ut,
3090 2039 3298 2110 absque
3348 2039 3495 2093 omni
3540 2054 3694 2092 mora
3725 2037 3816 2092 vel

2213 2127 2586 2198 protelatione,
2617 2129 2866 2182 eumdem
2898 2127 3340 2182 archidiaconum
3369 2127 3590 2181 studeas
3617 2142 3820 2182 secun-

2215 2215 2342 2269 dum
2389 2231 2592 2270 morem
2644 2216 2958 2286 episcopum
3008 2232 3345 2270 consecrare.
3389 2217 3526 2270 Nam
3555 2214 3602 2268 si
3630 2215 3818 2285 aliqua

2215 2304 2518 2358 temeritate
2563 2305 2916 2373 depravatus,
2965 2305 3066 2358 hoc
3117 2312 3302 2358 contra
3348 2311 3451 2358 tua:
3505 2302 3820 2372 sponsionis

2209 2391 2530 2460 juratoriam
2573 2391 2826 2463 paginam
2875 2391 3290 2461 praesentialiter
3339 2391 3516 2448 facere
3563 2401 3816 2446 contem-

2215 2479 2408 2549 pseris,
2443 2494 2541 2550 pro
2571 2486 2716 2534 certo
2747 2478 2890 2534 scias
2920 2479 3044 2550 quia
3075 2496 3174 2534 nos
3205 2478 3374 2549 ipsius
3425 2478 3682 2534 Ecclesiae
3715 2494 3820 2534 cu—

2217 2582 2329 2619 ram
2361 2574 2412 2620 et
2459 2565 2874 2621 sollicitudinem
2925 2567 3212 2634 habentes,
3257 2567 3370 2635 jam
3417 2566 3586 2620 fatum
3630 2565 3820 2620 archi-

2217 2654 2504 2708 diaconum
2535 2654 2604 2708 ad
2633 2671 2733 2708 nos
2764 2670 2830 2709 ex
2860 2662 3044 2708 nostra
3074 2655 3439 2724 praeceptione
3462 2655 3608 2709 illico
3637 2669 3822 2709 rever-

2217 2750 2418 2796 tentem
2449 2743 2762 2812 episcopum
2792 2743 3254 2798 consecrabimus.
3288 2743 3426 2797 Data
3455 2747 3523 2798 ut
3548 2759 3744 2814 supra.

2845 2831 3175 2886 CCCXXIII.

2340 2933 2412 2973 AD
2453 2932 2725 2973 ROMANUM
2765 2933 3240 2974 ARCIIIEPISCOPUM
3289 2931 3684 2974 ΒΔἾΒΝΝΑΤΕΙ.

2837 3007 3018 3078 (Anno
3052 3011 3144 3060 88f
3161 3008 3200 3072 .)

2217 3095 2418 3166 Arguit
2448 3111 2576 3149 eum
2607 3095 2747 3166 quod
2777 3096 3014 3150 alterius
3047 3097 3361 3165 legitimam
3393 3111 3634 3150 uxorem
3680 3110 3823 3165 rap-

2291 3167 2398 3221 tori
2431 3166 2584 3220 tradi
2615 3167 2980 3226 consenserit,
3023 3169 3076 3219 et
3121 3168 3382 3221 Roma-na:
3411 3166 3675 3222 Ecclesiae
3701 3181 3818 3218 au-

2288 3253 2382 3291 sus
2409 3238 2585 3305 fuerit
2645 3236 2966 3298 adversari;
2999 3237 3098 3290 has
3117 3236 3179 3290 ob
3199 3253 3399 3291 causa:
3430 3240 3596 3293 illum
3626 3252 3660 3288 a
3689 3251 3826 3290 con-

2287 3306 2540 3376 ferendis
2595 3309 2775 3361 sacris
2834 3307 3126 3361 ordinibus
3185 3309 3497 3377 suspendit,
3554 3309 3728 3362 donec
3789 3323 3826 3360 α

2289 3377 2510 3446 synodo,
2545 3377 2616 3430 ad
2647 3395 2816 3446 quam
2845 3393 2975 3432 eum
3013 3377 3175 3447 jubet
3223 3379 3434 3446 venire,
3481 3381 3602 3450 ejus
3645 3391 3826 3430 causa

2289 3451 2674 3516 cognoscatur.

2287 3540 2527 3594 ROMANO
2557 3541 2966 3611 archiepiscopo
3007 3541 3326 3606 Ravennati,
3359 3540 3524 3595 missa
3553 3556 3655 3610 per
3683 3539 3826 3596 Del-

2218 3635 2400 3683 tonem
2431 3628 2798 3683 venerabilem
2831 3628 3166 3699 episcopum.

2289 3717 2437 3770 Inter
2465 3725 2658 3770 caetera
2689 3733 2808 3787 quas
2835 3717 2904 3770 de
2933 3724 2985 3770 te
3014 3717 3336 3782 audivimus,
3367 3714 3592 3770 veniens
3639 3715 3826 3770 Deus-

2220 3803 2367 3857 dedit
2395 3803 2502 3858 dux
2533 3803 2712 3859 retulit
2751 3804 2909 3859 nobis
2957 3804 3102 3874 quod
3151 3819 3372 3858 uxorem
3417 3803 3580 3872 illius,
3612 3803 3681 3857 de
3711 3819 3828 3874 qua

2219 3891 2473 3963 legaliter
2505 3891 2788 3946 diffinitum
2820 3899 2923 3957 est,
2959 3893 3028 3946 ad
3059 3900 3110 3946 te
3140 3891 3332 3947 callide
3361 3891 3549 3946 venire
3571 3891 3826 3956 fecisses,

2221 3987 2274 4034 et
2303 3979 2458 4034 alteri
2501 3980 2616 4034 viro
2664 3979 2868 4051 raptori
2898 3979 2950 4034 in
2983 3989 3170 4050 stupro
3219 3981 3402 4050 utique
3447 3979 3772 4034 tradidisses
3811 3996 3824 4034 :

2222 4068 2366 4138 quod
2419 4067 2669 4122 nimirum
2718 4068 2852 4122 tanti
2899 4068 3086 4138 ﬂagitii
3132 4068 3311 4124 scelus
3352 4076 3422 4134 te,
3469 4068 3622 4135 juxta
3671 4077 3827 4122 tuum

2221 4155 2598 4220 ministerium,
2651 4155 2978 4210 omnimodis
3025 4156 3314 4226 prohibere
3351 4172 3413 4210 ac
3443 4155 3680 4210 funditus
3723 4171 3832 4211 re-

2223 4259 2410 4298 secare
2441 4244 2726 4314 Oportebat
2758 4261 2771 4297 :
2805 4251 2858 4298 tu
2885 4251 3066 4298 autem
3095 4259 3422 4298 consensum
3460 4243 3643 4298 illicite
3672 4258 3831 4311 prae-

2225 4331 2406 4386 buisti.
2439 4331 2830 4404 Cognoscimus
2860 4331 3019 4385 etiam
3047 4331 3227 4385 multis
3265 4331 3480 4386 indiciis
3511 4331 3654 4401 quod
3683 4345 3832 4384 ausu

2147 4405 2200 4465 D
2225 4418 2513 4473 temerario
2543 4426 2734 4474 contra
2763 4427 3004 4474 sanctam
3035 4427 3086 4472 et
3118 4418 3392 4473 dominam
3437 4427 3586 4472 tuam
3617 4419 3834 4472 Roma-

2223 4522 2350 4561 nam
2379 4505 2685 4561 Ecclesiam
2727 4507 3091 4572 recalcitrare,
3127 4515 3177 4562 et
3205 4514 3392 4562 contra
3423 4514 3526 4561 tua:
3551 4504 3836 4574 juratoriaa

2225 4595 2534 4665 sponsionis
2562 4603 2806 4650 tenorem
2844 4595 3272 4650 luculentissime
3301 4611 3467 4666 agere
3513 4594 3836 4648 nullatenus

2223 4683 2500 4736 dubitasti.
2535 4683 2688 4737 Unde
2717 4682 3032 4737 auctoritate
3056 4681 3156 4736 Dei
3185 4690 3236 4736 et
3266 4682 3410 4735 beati
3441 4681 3580 4736 Petri
3609 4687 3839 4734 nostra-

2225 4785 2328 4840 que
2359 4769 2454 4823 tibi
2492 4769 2858 4840 praecipimus,
2909 4777 2961 4824 et
3008 4768 3260 4839 praesenti
3304 4775 3502 4822 statuto
3543 4768 3833 4836 jubemus,

2223 4865 2282 4912 ut
2327 4857 2530 4912 nullam
2577 4857 2798 4912 omnino
2845 4857 3237 4911 sacerdotalem
3281 4855 3676 4912 ordinationem
3722 4871 3838 4924 pro

2224 4946 2438 5011 talibus,
2472 4945 2666 5016 quibus
2705 4961 2764 4999 es
2808 4944 3065 5010 irretitus,
3109 4943 3440 5012 criminibus,
3475 4943 3653 4998 facere
3683 4958 3838 5013 quo-

2225 5033 2497 5104 quomodo
2527 5048 2850 5103 praesumas,
2882 5032 3055 5088 donec
3075 5047 3176 5086 vm
3195 5031 3421 5086 Kalend.
3457 5030 3712 5086 Octobris
3743 5029 3842 5085 fu-

2225 5129 2358 5176 turae
2387 5121 2586 5192 quintae
2614 5121 2842 5176 decimae
2873 5119 3199 5184 indictionis,
3233 5119 3304 5174 ad
3335 5117 3604 5189 synodum
3635 5133 3836 5189 quam,

2225 5211 2340 5264 Deo
2369 5208 2604 5276 favente,
2636 5224 2736 5279 pro
2766 5207 3153 5264 ecclesiasticis
3191 5206 3444 5262 videlicet
3487 5205 3836 5274 utilitatibus,

2225 5296 2525 5352 secundum
2581 5305 2892 5352 sanctorum
2953 5296 3173 5350 Patrum
3231 5303 3428 5350 statuta
3495 5294 3840 5350 celebraturi

2225 5387 2442 5450 erimus,
2491 5385 2636 5440 omni
2685 5384 2983 5454 postposita
3031 5383 3352 5448 occasione,
3385 5381 3572 5438 venire
3619 5397 3840 5453 procu-

2223 5489 2346 5542 res;
2380 5481 2645 5544 quatenus
2689 5471 2937 5544 synodali
2980 5471 3204 5530 decreto
3233 5487 3318 5540 ea,
3349 5487 3468 5544 qua
3496 5470 3566 5528 de
3598 5479 3650 5528 te
3677 5469 3839 5528 didi-
