4112 6192
335 264 443 316 933

1614 252 1968 310 ΕΡιὸΤοιῶ
2014 252 2102 307 ΕΤ
2158 254 2482 312 DECRETA
2494 298 2507 311 .

3542 264 3646 318 93‘

341 384 546 449 cimus,
579 381 905 451 examinata,
938 381 1256 437 canonicum
1280 378 1443 436 finem
1476 377 1793 450 percipiant.
1820 375 2012 436 DataA
2032 385 2189 433 aucto
2206 379 2382 447 ritate,
2419 386 2716 452 nostroque
2745 381 3044 451 apostolico
3066 382 3209 451 jure,
3238 390 3291 438 te
3321 398 3640 440 excommu-

345 476 413 527 ut
440 486 639 543 supra.

989 558 1321 614 CCCXXIV.

951 660 1024 700 AD
1088 661 1341 702 EWDEI.

971 734 1153 804 (Anno
1182 737 1275 788 881
1288 733 1329 803 ).

351 841 513 898 lubet
533 842 743 911 Plaeen
751 841 898 895 tinos
917 840 1168 907 clericos,
1184 854 1316 911 quos
1327 839 1451 893 sine
1467 834 1947 911 commendatitiis

429 913 641 967 litteris
658 910 729 965 ad
745 927 875 966 eum
890 905 1278 981 confugientes
1299 911 1626 981 receperat,
1648 905 1721 981 ad
1753 921 1948 981 eorum

421 983 749 1054 episcopum
759 982 979 1054 remitti
996 976 1015 1046 ξ
1038 976 1288 1054 ejusdem
1304 976 1480 1054 etiam
1498 977 1760 1054 Ecclesia:
1788 976 1950 1054 cleri-

423 1047 515 1107 cos
545 1047 772 1119 absolvi,
796 1051 969 1106 donec
998 1047 1129 1105 cum
1148 1051 1228 1105 eis
1257 1049 1329 1103 ad
1365 1047 1642 1119 synodum
1672 1048 1879 1100 veniat.

423 1155 903 1212 Reverendissimo
937 1162 990 1209 et
1018 1154 1364 1210 sanctissimo
1394 1152 1634 1207 Romam
1674 1149 1948 1220 archiepi-

351 1258 521 1313 scopo
553 1243 867 1298 Ravennati.

424 1332 572 1385 Inter
600 1339 825 1386 cateras
854 1329 1053 1401 pr0prii
1068 1329 1311 1394 affectus,
1332 1327 1571 1383 rationes
1592 1326 1945 1398 incongruas,

353 1420 553 1491 quibus
582 1418 817 1489 teipsum
855 1418 1094 1489 quotidie
1139 1425 1320 1472 mente
1368 1414 1672 1487 improvida
1713 1414 1948 1470 insertiri

353 1505 419 1577 [f.
453 1506 671 1577 irretiri]
701 1521 811 1561 non
847 1506 1082 1570 dubitas,
1135 1505 1301 1560 Paulo
1344 1503 1678 1560 charissima
1725 1503 1949 1559 Placen-

351 1594 480 1648 tina
501 1594 763 1649 Ecclesia
792 1593 1028 1649 antistite
1074 1592 1142 1646 ad
1189 1608 1350 1647 aures
1398 1590 1735 1662 apostolatus
1780 1592 1951 1646 nostri

354 1681 629 1737 humiliter
659 1681 1009 1746 reclamante,
1040 1681 1328 1736 didicimus
1349 1679 1492 1751 quod
1530 1678 1763 1734 clericos
1781 1679 1949 1749 ipsius

350 1768 620 1825 Ecclesia
647 1769 856 1841 regula
886 1784 1134 1824 normam
1159 1769 1356 1824 sectari
1376 1766 1640 1833 nolentes,
1672 1774 1725 1821 et
1746 1766 1948 1825 idcirco

352 1856 473 1911 sine
501 1856 953 1912 commendatitiis
982 1857 1167 1929 utique
1195 1855 1390 1911 litteris
1418 1855 1488 1911 ad
1535 1862 1586 1909 te
1619 1857 1947 1929 confugien-

354 1953 461 2011 tes,
492 1953 685 2000 coutra
712 1960 869 2001 sacra
899 1944 1179 1999 beatorum
1226 1946 1439 2000 Patrum
1482 1954 1676 2001 statuta
1708 1946 1948 2017 recepis-

353 2047 465 2099 ses,
498 2040 859 2104 receptosque
901 2033 1109 2087 tibimet
1156 2032 1408 2087 famulari
1456 2034 1741 2090 decernas.
1790 2033 1947 2103 Quod

351 2119 606 2175 nimirum
649 2129 869 2191 pr0pter
914 2120 1136 2175 multam
1186 2121 1669 2190 perturbationem,
1703 2130 1757 2177 et
1804 2122 1948 2178 sedi-

352 2208 531 2263 tiones
588 2224 709 2279 qua
755 2224 900 2278 sape
956 2208 1108 2275 fiunt,
1166 2209 1483 2265 auctoritate
1538 2210 1840 2281 apostolica
1895 2218 1950 2266 et

354 2303 670 2351 sanctorum
708 2297 923 2351 Patrum
972 2297 1249 2367 pracipua
1290 2296 1621 2353 institutione
1665 2305 1947 2369 amputare

350 2383 619 2453 volentes,
652 2384 970 2438 reverentia
999 2391 1105 2438 tua
1128 2384 1383 2452 jubemus
1402 2385 1674 2456 pradicta
1689 2386 1948 2442 Ecclesia

357 2470 668 2526 Faventina
722 2470 1071 2543 [Placentina
1126 2476 1192 2527 ut
1245 2472 1438 2544 supra]
1508 2472 1759 2539 clericos,
1811 2489 1947 2545 quos

350 2574 525 2629 penes
586 2567 636 2614 te
691 2560 985 2614 enormiter
1032 2560 1232 2615 habere
1289 2560 1511 2625 videris,
1573 2568 1626 2615 et
1672 2562 1946 2632 pracipue

353 2645 599 2701 Gausum
629 2646 934 2713 diaconum,
966 2648 1033 2701 de
1063 2648 1319 2719 prasenti
1350 2663 1449 2703 suo
1470 2648 1699 2703 reddere
1719 2649 1807 2703 vel
1827 2649 1948 2704 diri-

350 2750 487 2807 gere
517 2750 777 2806 procures
808 2736 1086 2806 episcopo.
1135 2736 1277 2803 Quia
1323 2752 1433 2791 non
1479 2736 1607 2792 licet
1650 2738 1948 2807 quemlibet

352 2822 613 2877 clericum
644 2822 699 2877 in
741 2823 971 2878 duarum
1012 2824 1290 2878 civitatum
1339 2824 1608 2879 conscribi
1653 2823 1810 2878 simul
1841 2825 1945 2879 Ec-

350 2910 555 2976 clesiis,
588 2918 642 2965 et
669 2912 726 2965 in
754 2927 857 2982 qua
889 2912 958 2966 ab
988 2912 1139 2966 initio
1169 2911 1384 2978 exstitit,
1420 2912 1489 2966 ad
1520 2927 1684 2983 quam
1704 2911 1946 2982 confugit

351 2997 509 3068 quasi
539 2998 610 3053 ad
638 2999 903 3069 potiorem
926 3001 997 3055 ob
1026 2999 1199 3054 inanis
1248 2999 1435 3072 gloria
1472 2999 1820 3071 cupiditatem
1848 3018 1861 3053 :
1892 3004 1969 3054 et“

2044 464 2307 531 nicamus,
2341 475 2399 522 ut
2426 467 2577 523 nullo
2603 468 2768 524 modo
2796 469 3001 524 habeas
3029 469 3302 525 licentiam
3344 470 3547 543 aliquid
3575 472 3646 529 de

2045 554 2343 625 episcOpali
2385 554 2564 612 oﬂicio
2609 572 2894 629 peragere,
2941 565 3032 612 aut
3080 558 3255 629 ipsam
3289 558 3643 615 Faventinam

2044 642 2351 699 Ecclesiam
2380 645 2764 716 quoquomodo
2795 645 3074 711 invadere,
3098 662 3275 718 neque
3295 646 3352 701 in
3369 646 3641 719 plebibus,

2045 730 2134 784 vel
2162 732 2341 800 rebus,
2387 748 2483 787 seu
2531 732 2839 787 hominibus
2880 733 3054 803 ipsius
3096 724 3383 801 Ecclesia,
3420 734 3643 807 aliquod

2046 818 2346 873 dominium
2371 834 2539 892 agere
2583 836 2904 891 prasumas,
2947 837 3232 893 usquequo
3277 838 3401 878 cum
3446 824 3643 878 eodem

2047 904 2294 960 Romano
2331 907 2743 979 archiepiscOpo
2780 918 2892 973 tuo,
2951 909 3189 982 (αιίᾳαίἀ
3230 910 3406 980 deest)
3453 918 3646 966 octavo

2048 992 2321 1049 Kalendas
2350 994 2603 1050 Octobris
2644 1012 2825 1067 quam,
2872 998 2989 1052 Deo
3036 995 3271 1064 favente,
3316 997 3645 1054 celebraturi

2045 1081 2232 1136 Roma
2269 1082 2494 1149 erimus,
2544 1091 2687 1137 tuam
2736 1083 3031 1154 specialem
3077 1085 3242 1149 rebus
3287 1086 3641 1155 prasentiam

2047 1168 2307 1225 exhibere
2349 1186 2630 1240 procures.
2679 1171 2817 1225 Nam
2864 1171 2911 1225 si
2970 1180 3162 1227 contra
3209 1173 3352 1228 hanc
3399 1181 3643 1229 nostram

2048 1258 2405 1327 apostolicam
2456 1257 2778 1328 jussionem,
2824 1267 2877 1313 et
2931 1268 3053 1330 post
3096 1260 3256 1329 hujus
3303 1269 3503 1317 nostra
3548 1277 3643 1317 ex-

2048 1346 2552 1401 communicationis
2584 1347 2926 1413 sententiam,
2959 1347 3163 1418 aliquid
3191 1348 3261 1403 de
3289 1348 3409 1419 ipso
3428 1348 3642 1419 episco-

2047 1432 2158 1502 pali
2187 1433 2486 1489 ministerio
2514 1450 2680 1507 agere
2708 1436 3140 1506 praesumpseris,
3174 1436 3260 1491 vel
3306 1437 3361 1491 in
3390 1437 3642 1492 omnibus

2050 1537 2172 1590 qua
2201 1522 2271 1575 ad
2301 1522 2552 1577 eumdem
2596 1523 2968 1594 episcopatum
3015 1524 3305 1594 pertinent,
3356 1524 3644 1580 temerario

2049 1617 2102 1663 te
2149 1626 2281 1663 ausu
2330 1610 2683 1665 intromittere
2732 1612 3047 1678 tentaveris,
3092 1620 3253 1684 atque
3298 1613 3366 1667 ad
3397 1613 3643 1668 denomi-

1975 1705 2226 1780 Bnatam
2256 1699 2524 1768 synodum
2570 1714 2863 1754 occurrere
2911 1701 3307 1770 postposueris,
3357 1700 3499 1757 scias
3544 1716 3644 1771 pro

2050 1793 2198 1840 certo
2228 1785 2349 1857 quia
2378 1802 2488 1841 non
2516 1787 2689 1842 solum
2720 1788 2867 1842 omni
2887 1789 3254 1844 ecclesiastica
3306 1797 3356 1843 te
3403 1804 3645 1844 commu-

2048 1872 2210 1927 nione
2238 1874 2588 1943 privabimus,
2623 1874 2722 1930 sed
2751 1876 2915 1933 etiam
2957 1876 3206 1946 synodali
3241 1877 3464 1932 decreto
3493 1892 3528 1932 a
3556 1891 3644 1931 sa-

2049 1960 2313 2015 cerdotali
2345 1962 2552 2017 honore
2569 1970 2621 2017 te
2642 1963 2948 2018 sanciemus
2981 1962 3217 2019 alienum
3235 1964 3489 2019 existere.
3509 1964 3647 2020 Data

2050 2062 2150 2102 xvr
2178 2049 2449 2104 Kalendas
2480 2050 2731 2123 Augusti,
2765 2051 3056 2107 indictione
3088 2051 3296 2108 decima
3324 2059 3533 2123 quarta.

2651 2156 3036 2212 CCCXXXVI.

2267 2258 2340 2298 AD
2378 2257 2638 2299 ΙΟΑΝΝΕΠ
2675 2259 2981 2299 ΕΡΙΒΟΟΡΙΙΠ
3020 2260 3417 2301 ΡΙΟΟΟιΕΝεΕΙ.

2665 2334 2844 2401 (Anno
2888 2334 3032 2403 881.)

2062 2419 2447 2501 Vititationem
2465 2420 3312 2504 Faventinch’c‘les-iw'pastore
3333 2421 3642 2504 destitutae,

2122 2491 2351 2560 ejusque
2379 2505 2579 2544 curam
2608 2492 2661 2545 ei
2690 2491 3014 2555 committit,
3046 2491 3219 2546 donec
3248 2507 3425 2548 novus
3451 2495 3647 2564 pastor

2124 2560 2302 2614 eidem
2330 2560 2701 2631 prwﬁciatur.

2119 2646 2324 2700 10mm
2353 2647 2611 2718 episcopo
2642 2646 2964 2703 Ficoclensi.

2119 2732 2340 2788 Obitum
2368 2735 2595 2789 Romani
2625 2735 2935 2791 Faventina
2961 2735 3193 2791 civitatis
3222 2736 3474 2793 antistitis
3490 2737 3643 2795 dire-

2046 2828 2134 2875 cta
2161 2822 2369 2876 dudum
2398 2822 2589 2877 relatio
2619 2822 2873 2893 patefacit
2907 2841 2919 2877 :
2954 2831 3287 2895 quapropter
3320 2824 3642 2881 visitationis

2046 2909 2315 2964 destituta
2343 2910 2606 2966 Ecclesia
2627 2910 2948 2966 fraternitati
2962 2921 3066 2967 tua
3084 2928 3309 2982 operam
3330 2913 3648 2968 solemniter

2058 2997 2395 3069 delegamus.
2430 2998 2602 3066 Quam
2648 2999 2720 3053 ita
2767 3007 2819 3054 te
2839 3000 3091 3055 convenit
3119 3002 3397 3068 exhibere,
3429 3009 3485 3056 ut
3516 3001 3649 3057 nihil

348 3085 476 3141 ideo
505 3102 600 3141 eos
631 3087 699 3141 ad
743 3103 894 3141 suam
942 3061 1536 3144 Ecclesiamvrevocari
1575 3088 1939 3156 decernimus,
1975 3061 2026 3125 Ο
2048 3085 2115 3140 de
2136 3087 2576 3157 provectionibus
2598 3086 2661 3159 [f.
2681 3087 3057 3161 proventibus]
3080 3089 3424 3156 clericorum,
3448 3090 3645 3159 reditu,

349 3181 405 3227 et
433 3173 503 3228 de
534 3173 642 3229 illis
670 3175 900 3245 amplius
927 3190 1094 3248 agere
1123 3192 1319 3232 cavere
1359 3191 1584 3246 prorsus
1610 3184 1841 3247 Oportet,
1874 3193 1944 3231 ne

350 3273 665 3317 sanctorum
712 3264 930 3318 Patrum
972 3264 1192 3332 judicio,
1246 3264 1392 3335 quod
1442 3273 1632 3320 contra
1661 3265 1819 3334 hujus
1850 3281 1941 3320 re—

347 3349 495 3423 gula
523 3358 960 3424 transgressores
988 3352 1260 3422 prolatum
1308 3361 1407 3417 est,
1443 3353 1683 3407 damnari
1723 3353 1943 3407 omnino

346 3438 635 3494 merearis.
669 3442 736 3494 At
765 3440 812 3493 si
841 3439 1043 3510 aliquid
1090 3441 1232 3495 inter
1288 3456 1384 3496 eos
1431 3440 1641 3495 adversi
1691 3449 1943 3495 exortum

345 3524 531 3590 fuerit,
560 3526 822 3582 canonice
851 3527 990 3581 inter
1017 3542 1112 3582 eos
1155 3526 1405 3593 diﬂinias,
1453 3527 1605 3582 salvo
1636 3528 1783 3582 sedis
1812 3543 1944 3598 apo-

351 3612 560 3669 stolica
587 3614 815 3682 honore,
849 3622 1012 3685 atque
1043 3615 1253 3685 vigore,
1287 3614 1548 3686 salvoque
1564 3622 1669 3670 tua
1684 3615 1945 3670 Ecclesia

347 3701 657 3773 privilegio.
691 3704 758 3757 Et
786 3711 1054 3772 praterea
1104 3702 1415 3759 sacerdotes
1460 3711 1514 3758 et
1560 3702 1791 3759 clericos
1820 3702 1946 3757 Pla-

346 3787 581 3843 centina
624 3790 884 3846 Ecclesia
906 3831 921 3857 ,
967 3807 1104 3863 quos
1161 3790 1641 3847 excommunicasti
1665 3834 1677 3856 ,
1746 3799 1803 3845 ut
1877 3791 1942 3845 ab

345 3874 541 3931 eadem
570 3879 1123 3934 excommunicatione
1161 3879 1432 3945 absolvas,
1479 3894 1761 3950 quousque
1800 3885 1942 3934 tem-

344 3978 484 4033 pore
513 3979 756 4038 congruo
787 3974 842 4022 tu
868 3982 990 4022 cum
1017 3967 1097 4022 eis
1127 3966 1356 4024 Romam
1386 3967 1457 4023 ad
1505 3967 1772 4038 synodum
1800 3966 1945 4039 pari-

344 4058 434 4106 ter
462 4052 708 4109 veniatis.
740 4055 873 4109 Data
910 4071 1097 4111 mense
1125 4055 1290 4123 Julio,
1336 4055 1631 4113 indictione
1661 4071 1779 4112 xxv.

987 4205 1294 4261 CCCXXV.

660 4302 733 4346 Αι)
771 4304 1204 4349 εοΝετΑΝτιΝυυ
1241 4307 1624 4350 SACERDOTEI.

968 4383 1147 4449 (Anno
1177 4381 1326 4453 881.)

342 4464 823 4542 Ezeommunicat
839 4485 969 4524 eum
987 4469 1130 4540 quod
1144 4470 1350 4542 absque
1365 4486 1470 4525 sua
1502 4467 1733 4542 licentia
1752 4468 1820 4542 a_b
1847 4485 1940 4542 ar-

418 4538 763 4624 chiepiscopo
809 4538 1131 4624 Ravennate
1177 4538 1265 4624 ad
1306 4541 1631 4624 faventinfe
1653 4540 1941 4624 nEcelesia:

420 4609 805 4733 eriscogatum
846 4614 1135 4681 promotus
1164 4612 1344 4693 fuerit
1373 4629 1392 4665 :
1413 4609 1771 4692 prohibetque
1810 4624 1940 4664 eum

418 4680 441 4733 i
470 4681 580 4733 ltus
611 4750 619 4752 _
646 4681 861 4752 cclesite
905 4680 1467 4752 administrationem
1504 4684 1805 4752 attingere,
1837 4680 1937 4734 do-

417 4765 522 4804 nec
550 4750 621 4804 ad
648 4749 922 4820 synodum
954 4752 1264 4806 Romanam
1288 4751 1498 4806 veniat.
1662 4749 1674 4752 ⁷
1698 4785 1702 4790 -

418 4853 818 4908 ΟοΝειτΑΝτῐΝο
875 4855 1149 4910 sacerdoti
1195 4854 1456 4912 Ecclesia

336 4940 506 5013 plebe
534 4942 701 4998 sancti
730 4942 874 4997 Petri
904 4942 1267 4997 Transilvani.

416 5029 710 5086 Audientes
740 5038 793 5085 te
820 5046 943 5086 esse
973 5031 1131 5102 quasi
1158 5031 1226 5085 ad
1273 5030 1641 5102 episcopalem
1674 5032 1938 5087 honorem

334 5132 378 5172 δ
433 5118 674 5173 Romano
718 5118 1028 5174 Ravennate
1103 5118 1532 5189 archiepiscopo,
1595 5119 1711 5174 sine
1764 5119 1937 5174 nostri

327 5204 600 5277 pontiﬁcii
628 5206 964 5272 auctoritate,
996 5221 1092 5262 seu
1142 5206 1375 5273 licentia,
1427 5215 1481 5261 et
1527 5206 1735 5278 absque
1763 5222 1934 5262 cano-

330 5291 482 5346 nica
532 5292 880 5348 institutionis
921 5294 1115 5367 regula
1160 5294 1453 5349 enormiter
1493 5303 1819 5365 promotum,
1850 5295 1935 5349 his

1518 4854 1829 4912 Faventina
1868 4855 1939 4910 de

328 5379 674 5450 apostolatus
703 5381 876 5436 nostri
905 5381 1101 5437 litteris
1146 5397 1213 5437 ex
1262 5382 1359 5437 Dei
1392 5381 1777 5453 omnipotentis
1806 5397 1936 5438 san-

324 5474 657 5541 ctorumque
705 5468 847 5525 Petri
892 5484 960 5527 ac
1006 5470 1161 5527 Pauli
1216 5470 1583 5542 apostolorum
1630 5470 1935 5542 principum

2044 3182 2236 3228 ornatu
2266 3174 2710 3246 ministeriisque.
2739 3176 2825 3230 vel
2846 3176 3109 3246 quidquid
3130 3176 3261 3231 illud
3279 3185 3362 3232 est
3378 3177 3432 3231 in
3450 3177 3645 3232 matri-

2043 3261 2227 3317 monio
2257 3263 2469 3327 eodem,
2502 3278 2535 3317 a
2565 3278 2839 3333 quoquam
2858 3272 3224 3333 prasumatur
3253 3264 3555 3331 Ecclesia;
3591 3272 3645 3319 et

2043 3348 2166 3404 ideo
2195 3349 2442 3404 Ecclesia
2472 3348 2823 3421 [fraternitas]
2860 3358 2951 3405 tua
2980 3351 3051 3404 ad
3084 3350 3397 3420 pradictam
3446 3351 3641 3407 Eccle-

2044 3437 2181 3490 siam
2208 3437 2289 3491 ire
2310 3445 2581 3507 procuret,
2605 3445 2662 3491 ut
2684 3437 2944 3507 quidquid
2966 3438 3180 3491 utilitati
3200 3438 3346 3493 illius
3362 3439 3636 3511 congruit,

2042 3523 2262 3578 interim
2290 3524 2477 3579 solerti
2506 3539 2639 3579 cura
2659 3524 2977 3594 pravideat,
3003 3541 3303 3597 quousque,
3328 3526 3560 3597 qualiter
3578 3543 3640 3582 se

2041 3612 2236 3667 habeat
2293 3611 2506 3677 electio,
2556 3612 2642 3667 vel
2697 3612 2966 3667 ordinatio
3017 3613 3362 3669 succedentis
3397 3615 3642 3685 episcopi

2044 3714 2228 3754 coram
2257 3700 2415 3754 nobis
2444 3700 2697 3770 synodali
2725 3700 3043 3755 discutiatur
3064 3701 3331 3767 examine,
3355 3710 3408 3757 et
3430 3710 3642 3772 aposto-

2041 3786 2148 3843 lica
2176 3787 2513 3853 terminatur,
2546 3789 2662 3843 Deo
2684 3788 2926 3857 juvante,
2959 3804 3209 3844 censura.
3236 3790 3373 3845 Data
3390 3804 3493 3846 xm
3513 3790 3638 3846 Kal.

2042 3878 2337 3948 Augustas,
2368 3876 2662 3932 indictione
2700 3891 2819 3931 xxv.

2662 4000 3019 4057 CCCXXVII.

2376 4102 2449 4143 AD
2488 4103 2758 4145 ROMANI}!
2796 4104 3291 4146 ARCHIEPISCOPW.

2654 4173 2835 4244 (Anno
2873 4174 3025 4242 881.)

2041 4258 2124 4317 Ad
2151 4259 2424 4345 synodum
2456 4264 2685 4345 Romgm
2713 4262 2813 4316 sub
2830 4278 2998 4345 pana
3019 4263 3630 4345 excommunicatMﬁ

2069 4331 2395 4401 venirejube
2402 4335 2439 4395 t,
2457 4334 2522 4385 ut
2532 4331 2605 4385 ad
2618 4347 2681 4385 ea
2698 4348 2819 4401 qua:
2833 4331 3242 4401 objiciebantur
3252 4333 3607 4403 respondeat.

1968 4410 2023 4471 D
2114 4417 2589 4472 Reverendissimo
2635 4423 2686 4471 et
2732 4417 3077 4472 sanctissimo
3141 4417 3401 4474 confratri
3446 4425 3637 4474 nostro

2043 4503 2284 4559 Romano
2313 4503 2741 4573 archiepiscopo.

2113 4590 2252 4659 Quia
2272 4591 2600 4661 jampridem
2629 4591 2810 4646 missis
2838 4591 2936 4646 tibi
2964 4608 3064 4664 per
3101 4594 3365 4649 Joannem
3397 4608 3637 4649 venera-

2042 4678 2205 4734 bilem
2235 4679 2549 4750 episcopum
2578 4680 2775 4735 Montis
2804 4681 3081 4737 Feretrani
3099 4681 3434 4753 apostolatus
3464 4682 3638 4737 nostri

2039 4767 2249 4831 litteris,
2283 4767 2353 4822 ad
2382 4767 2641 4838 synodale
2672 4775 2725 4823 te
2762 4769 3056 4841 collegium
3101 4786 3203 4841 pro
3247 4770 3636 4827 ecclesiasticis

2039 4855 2302 4911 duntaxat
2330 4855 2649 4910 utilitatibus
2676 4856 2963 4912 nobiscum
3000 4858 3205 4928 pariter
3233 4858 3637 4915 celebraturum

2039 4959 2328 4999 occurrere
2376 4943 2639 5012 jussimus
2662 4987 2676 5009 ,
2735 4952 2789 4999 et
2844 4951 2990 5000 tuam
3049 4946 3207 5001 nobis
3263 4946 3638 5019 contempsisti

2037 5032 2385 5102 prasentiam
2459 5031 2752 5099 exhibere;
2843 5049 2988 5089 nunc
3067 5034 3250 5089 multis
3320 5034 3637 5091 criminibus

2038 5119 2308 5174 irretitum
2327 5162 2340 5185 ,
2399 5119 2800 5191 multorumque
2864 5120 3143 5177 hominum
3199 5123 3636 5179 accusationibus

2035 5206 2328 5262 horrendis
2369 5206 2672 5278 impetitum
2696 5248 2711 5277 ,
2736 5214 2809 5262 ~et
2856 5208 3131 5280 pracipue
3167 5209 3453 5265 manifesto
3495 5226 3632 5282 per-

2031 5293 2175 5363 jurio
2204 5310 2328 5349 esse
2356 5294 2641 5365 pollutum,
2673 5304 3057 5368 agnoscentes,
3097 5298 3202 5353 hac
3247 5297 3502 5354 secunda
3531 5314 3636 5355 vo-

2035 5381 2260 5438 cationis
2315 5391 2516 5438 nostra
2572 5385 2891 5441 auctoritate
2928 5385 2998 5440 ad
3044 5386 3420 5443 venerabilem
3472 5403 3638 5460 syno-

2034 5469 2186 5540 dum,
2217 5485 2397 5542 quam,
2429 5471 2547 5527 Deo
2575 5471 2810 5542 favente,
2842 5481 3033 5531 octavo
3061 5474 3339 5533 Kalendas
3380 5474 3636 5534 Octobris
