4060 6184
501 238 604 290 935

1743 229 2037 288 JOANNIS
2089 224 2288 284 PAPE
2341 231 2480 287 VIII.

3699 239 3798 291 936

496 356 692 412 futura:
721 357 922 428 quintae
949 356 1175 412 decimae
1215 355 1544 420 indietionis,
1597 355 1800 410 erimus
1843 355 2090 410 celebra-
2118 352 2172 410 A
2195 355 2278 408 his
2308 357 2644 425 apostolatus
2675 357 2844 412 nostri
2885 357 3076 412 litteris
3119 359 3275 413 vobis
3317 359 3596 428 jubemus,
3651 368 3702 414 et
3735 377 3796 414 ex

499 446 624 510 turi,
657 446 806 500 omni
834 446 1122 501 occasione
1151 444 1236 498 vel
1285 459 1434 498 mora
1477 446 1793 514 postposita,
1831 459 1940 497 una
1976 459 2100 497 eum

500 534 752 587 omnibus
783 532 1144 604 suﬁ‘raganeis
1174 533 1278 586 tuis
1311 532 1582 602 episcopis
1611 533 1792 586 venire
1823 531 2096 599 jubemus,

501 629 767 692 quatenus
797 621 868 674 ibi
899 637 1084 675 coram
1117 619 1350 674 fraterno
1380 627 1432 674 et
1469 619 1768 674 venerabili
1808 619 2098 688 episcopo-

501 725 622 762 rum
652 717 812 772 eoetu,
847 724 943 777 pro
973 708 1224 760 omnibus
1253 707 1346 760 tibi
1377 707 1604 775 objectis
1649 707 1748 760 rite
1781 705 2100 760 examinatis

499 811 594 850 ore
623 797 844 865 proprio
865 795 1046 850 valeas
1077 797 1412 865 respondere
1437 803 1488 850 et
1507 803 1557 850 te
1577 795 1852 849 innoxium
1875 795 2102 848 demon-

499 891 704 947 strare;
737 899 864 936 nam
895 883 940 936 si
989 883 1171 954 aliqua
1215 883 1519 938 temeritate
1569 883 1830 946 tumidus,
1879 883 1966 936 vel
2011 882 2098 934 in-

497 971 820 1025 obedientim
847 971 1080 1024 stimulis
1101 978 1296 1038 motus,
1321 973 1460 1025 hanc
1485 979 1720 1026 nostram
1745 971 2099 1040 apostolicam

495 1066 548 1112 et
577 1060 894 1113 canonicam
933 1059 1294 1126 vocationem,
1349 1075 1510 1129 quam
1565 1058 1658 1111 tibi
1707 1059 1957 1128 primitus
1999 1073 2101 1126 per

497 1145 799 1212 Deltonem,
833 1163 930 1200 seu
953 1155 1004 1200 et
1021 1146 1182 1200 modo
1205 1161 1304 1215 per
1320 1147 1582 1200 Joannem
1603 1146 1916 1200 Callensem
1937 1161 2102 1200 vene-

499 1234 698 1288 rabiles
730 1234 1016 1304 episcopos
1047 1234 1366 1298 direximus,
1391 1233 1854 1303 parvipendendo,
1879 1233 1946 1286 ad
1965 1249 2100 1302 prae-

499 1318 666 1372 fatam
695 1318 964 1388 synodum
995 1317 1176 1372 venire
1205 1317 1618 1386 contempseris,
1653 1317 1796 1372 scias
1827 1331 1928 1386 pro
1949 1324 2098 1371 certo

502 1407 756 1477 quoniam
803 1405 951 1460 omni
999 1413 1051 1459 te
1101 1405 1480 1460 communione
1528 1405 1894 1460 ecclesiastica
1921 1405 2100 1474 priva-

501 1493 696 1559 bimus,
755 1502 808 1548 et
851 1492 1108 1564 fugiendo
1167 1500 1272 1548 tuae
1336 1493 1696 1546 damnationis
1754 1492 2096 1558 sententiam,

497 1581 682 1651 utique
715 1581 936 1635 honoris
967 1579 1192 1664 patieris
1217 1580 1504 1648 jaeturam.
1543 1581 1676 1634 Data
1727 1595 1784 1634 vt
1821 1579 2098 1634 Kalendas

503 1669 754 1740 Augusti,
789 1669 1078 1724 indictione
1111 1683 1226 1722 xxv.

1108 1789 1490 1844 CCCXXVIII.

884 1893 956 1932 AD
995 1893 1250 1932 CAROLUM
1289 1891 1704 1932 IMPERATOREM.

1101 1967 1282 2036 (Anno
1343 1967 1492 2036 881.)

501 2057 734 2110 Petrum
762 2059 818 2109 et
836 2053 1170 2110 Zachariam
1190 2055 1396 2124 legatos
1419 2055 1490 2108 ad
1512 2070 1642 2108 eum
1682 2053 1866 2108 mittit
1888 2069 2096 2119 ;causa

571 2125 888 2249 corrigendi
915 2125 1088 2186 mala,
1113 2141 1234 2196 qua:
1262 2139 1338 2186 se,
1362 2140 1422 2181 eo
1453 2128 1746 2194 regnante,
1771 2140 2096 2196 perpessum

572 2211 730 2268 queri
764 2213 850 2250 ur.

572 2283 796 2336 anono
827 2281 1156 2352 imperatori.

573 2369 712 2438 Quia
741 2386 884 2424 nunc
901 2371 1090 2424 eadem
1121 2368 1373 2422 omnibus
1395 2369 1572 2434 vobis,
1591 2369 1704 2436 jam
1721 2369 1836 2422 Deo
1859 2367 2094 2432 favente,

499 2473 601 2528 per
629 2457 948 2512 humilitatis
977 2463 1176 2512 nostra:
1213 2454 1446 2510 ofﬁcium
1489 2456 1864 2528 regnantibus,
1899 2455 2098 2526 ubique

499 2545 732 2616 patimur
787 2553 840 2600 et
877 2545 1204 2599 sustinemus
1261 2543 1508 2609 adversa,
1569 2559 1689 2614 quae
1732 2551 1854 2598 ante
1903 2551 2100 2597 vestrae

501 2632 796 2703 imperialis
823 2633 1012 2704 gloriae
1031 2631 1434 2702 provectionem
1453 2647 1552 2686 nos
1583 2631 1902 2686 sustinuisse
1923 2630 2099 2700 quoti-

502 2720 592 2776 die
623 2721 991 2788 recordamur,
1025 2721 1110 2775 his
1138 2717 1474 2789 apostolatus
1523 2719 1690 2774 nostri
1737 2719 1982 2788 apicibus
2011 2717 2100 2772 di-

503 2808 687 2876 rectis,
719 2809 944 2880 dignum
975 2807 1223 2862 duximus
1253 2807 1534 2876 Augustali
1585 2805 1861 2861 serenitati
1903 2813 2100 2860 vestrae

499 2911 600 2966 pro
629 2896 854 2950 utilitate
884 2911 950 2950 ae
993 2895 1273 2964 multiplici
1321 2895 1644 2948 necessitate
1693 2893 1952 2948 Ecclesim
1981 2893 2100 2946 uni-

503 2982 756 3048 versalis,
788 2983 874 3037 cui
917 2997 1016 3042 per
1059 2982 1158 3036 Dei
1202 2984 1438 3053 gratiam
1482 2982 1856 3052 prmsidemus,
1891 2996 2098 3052 sugge-

502 3085 646 3135 rere,
687 3079 847 3140 atque
895 3069 1171 3142 cognitum
1217 3069 1540 3125 omnimodis
1587 3068 1794 3134 facere,
1843 3068 2097 3138 quoniam

503 3158 802 3214 secundum
833 3173 1120 3216 commune
1149 3158 1404 3228 placitum
1425 3165 1586 3228 atque
1603 3157 1877 3212 decretum
1898 3155 2100 3210 direxi—

499 3263 622 3300 mus
653 3246 891 3313 Petrum,
923 3245 1194 3315 insignem
1221 3246 1404 3316 palatii
1437 3245 1626 3310 nostri,
1661 3259 1825 3314 super
1851 3243 1954 3296 ista
1994 3244 2096 3296 de-

499 3333 750 3389 liciosum
779 3333 1140 3389 consiliarium
1171 3343 1430 3402 nostrum,
1477 3347 1928 3402 communemque
1957 3330 2096 3384 fide-

502 3421 630 3490 lem,
664 3438 789 3476 cum
819 3421 1075 3476 Zacharia
1107 3421 1404 3476 venerabili
1437 3420 1695 3490 epi500po
1725 3427 1778 3473 et
1807 3417 2100 3472 bibliothe-

501 3509 652 3564 cario
711 3509 856 3564 sedis
913 3515 1133 3574 nostra},
1195 3525 1296 3578 pro
1351 3506 1678 3578 recipiendis
1719 3506 1787 3560 de
1825 3505 2093 3573 omnibus,

503 3613 624 3669 qum
653 3598 916 3652 hactenus
971 3611 1260 3666 perperam
1317 3604 1436 3650 acta
1493 3594 1724 3658 fuerant,
1769 3592 1990 3661 justitiis
2045 3599 2098 3645 et

503 3683 990 3752 emendationibus,
1023 3697 1087 3738 ac
1114 3699 1216 3753 pro
1245 3683 1406 3738 totius
1439 3691 1594 3738 terrae
1639 3682 1694 3736 S.
1729 3680 1875 3734 Petri
1903 3679 2095 3746 salute,

501 3773 830 3844 pristinaque
861 3771 1194 3826 restitutione
1219 3790 1234 3837 ;
1264 3781 1526 3843 quatenus
1558 3770 1614 3823 in
1641 3768 1930 3840 praesentia
1967 3767 2097 3821 mis-

503 3876 690 3916 sorum
719 3867 1024 3914 vestrorum
1072 3875 1133 3914 ea
1177 3876 1298 3930 quae
1337 3855 2011 3914 necessarioemendanda
2045 3861 2100 3908 et

503 3947 832 4019 corrigenda
880 3955 1050 4010 erant,
1097 3947 1220 4014 jure
1261 3947 1503 4018 legitimo
1560 3945 1987 4016 corrigerentur,
2039 3949 2098 3996 ut

505 4042 618 4088 tam
645 4035 962 4108 diuturnum
991 4033 1190 4088 malum
1221 4033 1384 4088 tinem
1413 4033 1703 4102 acciperet.

1051 4233 1058 4240 ἢ
1126 4155 1464 4210 cccxxrx.

1049 4257 1122 4298 AD
1159 4257 1546 4298 RAVENNATES.

1125 4332 1305 4402 (‘Anno
1335 4333 1483 4402 881.)

510 4421 780 4494 Praecipit
799 4423 862 4477 ut
891 4435 992 4494 sea
1013 4417 1782 4494 Ravennatis,archiepiscopi
1801 4419 1864 4472 in
1895 4414 2097 4486 synodo

583 4491 1063 4549 excommunicati
1084 4493 1475 4547 communione
1503 4491 1798 4560 separent:
1823 4500 2099 4558 quousque

581 4581 712 4620 eum
738 4563 1055 4618 absolutum
1085 4563 1459 4632 cognoverint.

583 4660 850 4716 Omnibus
879 4658 1279 4714 venerabilibus
1309 4655 1684 4711 sacerdotibus
1705 4661 1758 4708 et
1777 4653 1923 4708 clero
1939 4661 2100 4723 atque

511 4749 782 4804 universis
804 4747 1076 4815 judieibus
1103 4745 1412 4816 populoque
1451 4742 1768 4798 Ravennati.

580 4838 760 4891 Nosse
799 4835 1045 4890 volumus
1085 4832 1396 4888 fidelitatem
1455 4841 1506 4886 et
1547 4829 1952 4884 unanimitatem
2001 4843 2099 4882 ve-

513 4933 682 4980 stram
712 4924 838 4994 quia
867 4925 1168 4978 Romanum
1213 4919 1676 4990 archiepiscopum
1726 4925 1966 4971 vestrum
2003 4931 2102 4984 pro

509 5011 734 5084 periurii
765 5019 916 5065 reatu
945 5009 1230 5064 manifeste
1271 5008 1553 5078 pollutum,
1586 5005 1812 5076 aliisque
1853 5002 2102 5058 nefandis

511 5099 830 5156 criminibus
875 5098 1194 5168 impetitum,
1239 5103 1292 5150 et
1347 5096 1552 5150 idcirco
1583 5095 1654 5148 ad
1691 5092 1958 5164 synodum
2001 5105 2102 5160 pro

511 5189 594 5242 sui
629 5187 954 5260 purgatione
993 5189 1262 5248 vocatum,
1311 5197 1598 5238 occurrere
1647 5185 2098 5242 contemnentem,

513 5275 660 5328 omni
687 5272 1060 5330 ecclesiastica
1093 5271 1472 5326 communione
1501 5286 1604 5324 una
1633 5285 1754 5325 eum
1785 5275 1985 5322 sanctas
2014 5282 2102 5334 sy-

515 5361 644 5415 nodi
671 5362 891 5416 decreto
921 5360 1273 5430 privavimus,
1308 5373 1592 5429 quousque
1631 5373 1783 5412 suam
1813 5354 2102 5424 specialem

515 5447 780 5504 studuerit
823 5449 980 5504 nobis
1025 5447 1278 5504 exhibere
1325 5446 1687 5518 praesentiam.
1737 5442 2104 5512 Quamobrem

2115 1697 2168 1756 Β

2201 445 2522 500 auctoritate
2557 446 2650 500 Dei
2683 455 2732 499 et
2767 447 2910 500 beati
2943 447 3086 500 Petri
3117 448 3490 516 apostolorum
3537 448 3796 518 principis

2201 538 2254 584 et
2285 539 2468 586 nostra
2501 532 2864 602 praecipimus,
2899 541 2954 586 ut
2981 549 3171 588 omnes
3218 550 3317 588 vos
3365 535 3435 588 ab
3479 535 3626 588 illius
3675 550 3790 589 con-

2201 619 2369 674 sortio
2399 627 2448 674 et
2469 621 2844 675 communione
2865 621 3039 675 modis
3059 621 3310 676 omnibus
3323 623 3612 692 separetis,
3633 622 3796 676 donec

2200 723 2299 775 per
2327 715 2527 762 nostra;
2557 708 2870 778 apostolicae
2891 708 3256 764 miserationis
3273 709 3530 774 ofﬁcium,
3551 711 3624 763 ab
3645 711 3796 778 hujus

2201 795 2774 850 excommunicationis
2817 797 3036 852 vinculo
3080 814 3202 852 eum
3239 799 3612 870 eognoveritis
3643 799 3798 852 abso-

2199 882 2368 936 lutum
2398 883 2650 938 existere.
2685 883 3008 956 Quicunque
3037 893 3215 940 autem
3246 887 3296 940 ei
3325 895 3450 940 ante
3467 887 3795 940 audientiam

2201 977 2254 1023 et
2282 971 2676 1026 absolutionem
2723 981 2964 1026 nostram
3009 973 3344 1044 aliquatenus
3391 975 3796 1028 communicare

2199 1059 2625 1128 praesumpserit,
2687 1061 2876 1114 eodem
2937 1061 3512 1116 excommunicationis
3571 1063 3794 1132 laqueo,

2201 1147 2496 1200 secundum
2529 1155 2838 1202 sanctorum
2871 1149 3088 1202 Patrum
3135 1148 3546 1212 institutionem,
3583 1158 3798 1203 maneat

2197 1233 2452 1300 irretitus,
2487 1251 2660 1305 usque
2687 1235 2818 1288 dum
2859 1251 2888 1289 a
2935 1235 3094 1290 nobis
3141 1236 3306 1290 fuerit
3351 1236 3793 1302 misericorditer,

2199 1321 2498 1377 absolutus.
2531 1323 2670 1376 Data
2719 1323 2923 1377 mensis
2953 1323 3208 1378 Octobris
3247 1324 3335 1378 die
3371 1332 3586 1394 quarta,
3631 1325 3797 1379 indie-

2197 1409 2342 1465 tione
2372 1411 2689 1465 duodecima
2719 1410 2952 1482 [decima
2979 1409 3204 1483 quinta].

2837 1517 3149 1572 CCCXXX.

2579 1619 2650 1658 AD
2691 1617 2945 1659 CAROLUM
2983 1618 3397 1660 IMPERATOREM.

2817 1693 2995 1760 (Anno
3026 1693 3174 1762 881.)

2200 1778 2536 1834 Gratulatur
2548 1779 2611 1834 de
2627 1782 2748 1850 ejus
2765 1781 3116 1834 observantia
3137 1797 3266 1850 erga
3287 1783 3598 1836 Romanam
3615 1781 3790 1835 Eccle-

2265 1851 2414 1932 sium
2437 1869 2454 1903 :
2479 1851 2712 1932 testatur
2731 1852 3274 1932 ipsu-mjlaqcnnam
3297 1852 3502 1932 _ve-nire
3531 1851 3694 1932 cette,
3729 1855 3792 1932 ut

2267 1919 2334 2002 (te
2363 1921 2625 1974 Ecclesia:
2654 1925 2712 1974 et
2737 1919 2964 2002 imperii
2993 1923 3150 2002 statu
3179 1924 3308 2002 agat
3339 1939 3358 1974 :
3389 1925 3552 1991 rogat
3575 1925 3642 1974 ut
3661 1925 3792 1976 ante

2267 1989 2414 2043 diem
2445 2007 2608 2060 quem
2635 1989 3022 2060 prastituerat
3053 1989 3302 2045 accedat.

2265 2077 2350 2130 Ad
2379 2077 2779 2146 imperatorem.

2266 2165 2517 2234 Receptis
2549 2165 2851 2220 serenitatis
2881 2173 3077 2220 vestra:
3107 2165 3302 2219 litteris
3329 2173 3494 2236 atque
3513 2165 3786 2234 perlectis,

2193 2253 2426 2308 aesieut
2455 2253 2612 2306 nobis
2643 2269 2742 2323 per
2781 2253 3046 2308 Joannem
3097 2252 3536 2307 Venticinensem
3579 2253 3784 2322 episeo—

2195 2357 2322 2412 pum
2381 2339 2708 2394 verbotenus
2755 2341 3068 2404 mandastis,
3121 2339 3244 2410 quia
3291 2340 3658 2410 cognovimus
3697 2356 3788 2394 vos

2197 2430 2455 2483 honorem
2488 2435 2686 2482 sanctae
2717 2428 2972 2482 Romanae
3001 2427 3262 2482 Ecclesiae
3292 2427 3484 2480 matris
3517 2435 3716 2482 vestra:
3739 2437 3788 2481 et

2198 2516 2426 2572 salutem
2449 2523 2610 2569 terra:
2637 2515 2806 2584 ipsius
2829 2523 2940 2569 toto
2977 2515 3263 2568 conamine
3311 2513 3451 2568 velle
3499 2513 3782 2584 perﬁcere,

2199 2603 2528 2658 exsultantes
2559 2617 2743 2656 sumus
2771 2601 2952 2656 animo
3001 2601 3192 2673 gavisi.
3243 2601 3408 2655 Porro
3445 2601 3590 2655 sicut
3639 2616 3785 2655 man-

2199 2691 2368 2746 dastis
2391 2699 2446 2744 ut
2472 2690 2560 2744 die
2590 2688 2971 2760 puriﬁcationis
3003 2689 3172 2744 beate
3215 2689 3392 2742 Mariae
3437 2705 3664 2758 semper
3691 2689 3789 2743 vir-

2197 2778 2342 2850 ginis
2371 2779 2644 2832 Ravennae
2671 2777 2949 2831 venientes
2995 2776 3153 2830 simul
3198 2776 3472 2844 conjuncti
3501 2775 3786 2830 fuissemus

2200 2882 2296 2936 pro
2340 2865 2410 2920 ad
2454 2865 2927 2932 considerandum,
2976 2880 3097 2920 cum
3149 2863 3246 2918 Dei
3295 2863 3516 2928 auxilio,
3563 2871 3618 2918 et
3671 2880 3787 2933 per-

2200 2953 2470 3025 agendum
2499 2952 2804 3022 profectum
2829 2960 3028 3008 sancta:
3073 2951 3172 3006 Dei
3201 2951 3480 3018 Ecclesiae,
3516 2959 3568 3005 et
3600 2959 3784 3004 statum

2127 3039 2176 3102 C
2199 3041 2406 3112 imperii
2435 3039 2602 3096 vestri
2627 3059 2642 3106 ;
2675 3055 2775 3096 nos
2804 3047 2984 3094 autem
3015 3041 3188 3094 ethoc
3219 3039 3406 3093 libenti
3436 3039 3624 3094 animo
3653 3039 3786 3094 reei-

2197 3129 2425 3200 pientes,
2460 3128 2708 3183 volumus
2738 3136 2927 3198 quarto
2959 3127 3046 3182 die
3075 3135 3198 3182 ante
3225 3127 3338 3194 jam
3369 3126 3572 3180 dictam
3593 3125 3786 3180 festivi-

2197 3225 2362 3271 tatem
2392 3231 2488 3272 vos
2518 3216 2590 3269 ibi
2619 3216 2831 3278 adesse,
2863 3216 2990 3286 quia
3019 3223 3072 3270 et
3101 3230 3200 3268 nos
3231 3214 3301 3268 ita
3331 3213 3786 3268 desideratissime

2196 3304 2442 3375 cupimus
2473 3303 2752 3359 vobiscum
2783 3303 2944 3356 simul
2973 3301 3248 3372 conjungi,
3283 3309 3335 3355 et
3381 3309 3622 3356 vestram
3651 3301 3784 3370 peti-

2197 3392 2400 3446 tionem
2451 3391 2684 3446 libenter
2738 3390 3056 3460 adimplere,
3089 3389 3154 3454 si,
3205 3388 3436 3442 Domino
3495 3396 3780 3452 annuente,

2196 3479 2396 3534 sanitas
2427 3479 2673 3549 corporis
2705 3477 2960 3532 divinitus
3002 3491 3266 3533 concessa
3305 3475 3484 3530 fuerit.
3539 3476 3610 3528 Et
3659 3491 3785 3546 quo-

2196 3567 2360 3632 niam,
2399 3567 2536 3621 sicut
2564 3565 2886 3634 audivimus,
2920 3581 3016 3620 vos
3049 3565 3286 3619 laborem
3326 3571 3488 3633 atque
3515 3571 3786 3617 certamen

2197 3671 2297 3725 pro
2321 3655 2688 3710 Ecclesiarum
2723 3653 2820 3707 Dei
2849 3660 2990 3706 statu
3019 3661 3072 3706 et
3113 3651 3324 3722 imperii
3369 3651 3540 3706 vestri
3577 3650 3782 3706 incolu-

2197 3743 2398 3806 mitate,
2447 3749 2608 3812 atque
2656 3739 2930 3796 communi
2977 3739 3404 3794 Christianorum
3461 3737 3654 3804 salute,
3699 3738 3782 3806 pio

2198 3829 2603 3898 aﬂ'eetucupitis
2651 3827 2935 3898 perﬁcere,
2987 3827 3068 3880 his
3115 3827 3452 3896 apostolatus
3497 3826 3670 3880 nostri
3697 3825 3778 3878 lit-

2197 3918 2326 3972 teris
2353 3917 2708 3972 admonemus
2737 3923 2787 3970 et
2818 3915 3164 3970 exhortamur
3201 3923 3256 3968 ut
3303 3913 3478 3985 magis
3523 3929 3591 3968 ac
3617 3913 3780 3983 magis

2197 4007 2254 4060 in
2293 4006 2396 4060 hoc
2439 4011 2618 4060 vestra
2665 4003 2958 4074 imperialis
3003 4001 3306 4057 sollicitudo
3359 3999 3654 4070 proﬁciat:
3687 4000 3776 4054 hoc

2200 4093 2426 4166 gloriam
2463 4099 2696 4148 vestram
2744 4091 3088 4146 obsecramus
3135 4099 3186 4144 et
3229 4087 3658 4160 magnitudinem
3703 4103 3778 4142 ve-

2199 4189 2364 4236 stram
2395 4188 2450 4234 ut
2480 4196 2604 4234 cum
2631 4179 2685 4232 in
2717 4179 2812 4232 has
2841 4185 3020 4248 partes
3047 4177 3232 4232 venire
3249 4175 3546 4245 emperitis,
3581 4175 3776 4244 Suppo-

2199 4285 2324 4324 nem
2353 4268 2649 4339 gloriosum
2693 4267 2944 4321 comitem
2975 4273 3028 4320 et
3067 4279 3408 4320 communem
3439 4261 3656 4316 fidelem
3685 4277 3774 4317 vo-

2127 4380 2180 4439 D
2202 4357 2414 4412 biseum
2443 4355 2626 4410 venire
2649 4355 2906 4424 jubeatis.

2819 4467 3154 4522 CCCXXXI.

2261 4573 2334 4612 AD
2359 4571 2716 4612 WILIBERTUM
2743 4569 3220 4610 ARCIIIEPISCOPUM
3249 4567 3714 4608 AGRIPPINENSBH.

2817 4645 2996 4710 (Anno
3025 4641 3174 4706 881.)

2206 4732 2571 4789 Commendat
2591 4733 2712 4801 ejus
2731 4731 3105 4800 vigilantiam,
3131 4731 3186 4784 et
3195 4729 3582 4801 presbyterum
3603 4743 3778 4801 que-m-

2271 4804 2402 4858 dam
2431 4797 3006 4867 excommunicatum,
3041 4797 3209 4854 nunc
3247 4797 3428 4871 ipsius
3467 4797 3776 4871 testimonio

2278 4875 2442 4942 longa
2499 4872 2836 4944 paenitentia
2858 4870 3334 4944 purgatum,_ejus_
3355 4870 3614 4944 precibus
3643 4884 3778 4944 cout-

2271 4937 2456 4997 mot'us
2485 4937 2734 5004 absoluit,
2783 4937 3575 4994 et'sacerdotati'ministerio
3623 4937 3778 4992 resti-

2276 5016 2390 5067 tuit
2421 5028 2690 5067 :causam
2721 5011 2986 5066 Gedeonis
3017 5009 3268 5064 adulteri
3289 5010 3340 5064 ei
3369 5011 3694 5068 committit,
3719 5007 3778 5060 ut

2273 5085 2620 5138 sententiam
2650 5083 2920 5136 canonice
2947 5083 3116 5150 ferat.

2275 5169 2747 5225 Reverendissimo
2805 5175 2856 5222 et
2914 5166 3254 5221 sanctissimo
3301 5165 3664 5220 WtLLtnnaro
3697 5177 3774 5216 ar-

2203 5259 2547 5329 chiepiscopo
2573 5255 2976 5326 Agrippinensi.

2273 5346 2544 5402 Almitatis
2599 5353 2702 5400 tuae
2749 5341 3086 5413 prudentiam
3144 5341 3462 5397 sacerdotali
3517 5337 3770 5411 vigilantis

2203 5451 2304 5507 pro
2335 5433 2520 5507 gregis
2551 5431 2817 5488 Dominici
2847 5431 2952 5486 sibi
2981 5429 3257 5488 commissi
3305 5429 3494 5494 salute,
3533 5437 3686 5498 atque
3713 5424 3772 5478 de
