4060 6184
215 329 330 382 937

1393 318 1749 380 EPISTOLE
1795 314 1886 371 ΕΤ
1939 316 2283 375 DECRETA.

3411 320 3515 373 938

210 451 375 506 fauce
405 449 575 506 hostis
604 450 848 521 maligni,
886 450 978 522 qui
1008 466 1226 521 semper
1256 450 1473 505 incauto
1503 449 1573 503 ad
1602 456 1818 503 aeternae
1843 441 1897 501 Α
1919 441 2041 512 psit.
2094 443 2203 497 Vos
2250 449 2447 506 tamen,
2500 456 2775 514 rogamus,
2826 448 2932 495 tam
2984 446 3203 495 strenue
3249 439 3411 514 agite,
3462 448 3522 496 ut

214 540 413 594 mortis
441 538 713 610 profunda
742 541 1059 610 pertrahere
1091 539 1247 594 avide
1269 545 1459 603 certat,
1483 538 1822 602 liberatione,

207 629 371 697 juxta
401 628 677 699 pastorale
706 627 1076 701 magisterium
1109 628 1425 683 reverentiae
1448 636 1549 682 tua:
1570 625 1826 681 divinitus

219 716 543 789 delegatum
574 715 863 771 sollicitam
911 715 1045 783 fore,
1093 715 1285 771 litteris
1328 715 1521 770 vestris
1570 714 1827 785 inspectis

218 804 529 860 luculenter
577 812 943 876 agnoscentes
999 803 1297 872 laudamus,
1346 820 1470 859 cum
1514 803 1828 875 apostolicae

219 888 376 944 sedis
406 888 755 960 privilegium
787 887 1097 959 perspicaci
1125 888 1323 943 mentis
1362 887 1549 943 intuitu
1595 903 1823 944 conser-

219 976 410 1032 vando
442 978 587 1032 hunc
616 984 724 1031 tuae
743 975 1049 1031 dimceseos
1068 976 1462 1047 presbyterum,
1498 975 1716 1030 nomine
1735 973 1827 1028 Tal

216 1066 452 1138 (aliqua
473 1065 725 1135 desunt),
752 1063 1081 1136 Ingeltrudae
1093 1064 1320 1119 Bosonis
1334 1064 1605 1135 quondam
1618 1064 1831 1120 comitis

224 1152 392 1207 uxori
423 1161 596 1207 torum
626 1152 993 1224 conjugalem,
1026 1161 1215 1208 contra
1258 1152 1455 1208 divinas
1502 1153 1642 1225 legis
1687 1168 1830 1223 pra:-

224 1251 391 1313 cepta
421 1241 763 1313 relinquenti.
798 1242 865 1295 Et
905 1241 1111 1297 idcirco
1146 1241 1214 1295 ab
1256 1249 1599 1297 antecessore
1643 1249 1832 1296 nostro

227 1331 409 1385 beata
437 1329 719 1384 memoria:
746 1344 886 1399 papa
930 1329 1152 1384 Nicolao
1178 1329 1420 1401 legitime
1458 1329 1833 1384 excommuni-

227 1427 416 1474 catum
469 1416 776 1488 improvide
830 1416 1267 1472 communicasse
1323 1417 1621 1487 reperiens,
1680 1432 1836 1473 sacra

224 1507 341 1575 jam
375 1506 502 1561 olim
532 1504 915 1561 communione
946 1505 1184 1576 privasti.
1219 1504 1392 1574 Quem
1440 1505 1666 1571 scilicet,
1712 1521 1837 1561 cum

231 1603 343 1650 tum
373 1592 551 1649 ﬁdelis
581 1593 888 1650 devotionis
918 1593 1259 1649 attestatione
1297 1601 1484 1649 nostro
1528 1594 1837 1665 prmsulatui

233 1681 505 1753 dirigens,
538 1680 822 1752 professus
851 1697 913 1738 es
943 1697 1043 1752 per
1095 1697 1269 1737 annos
1324 1682 1576 1738 undecim
1636 1683 1839 1737 illatam

1925 530 2079 584 vobis
2108 530 2304 601 gratias
2335 528 2651 593 referamus.
2686 537 2737 584 et
2773 529 2972 598 majora
3001 528 3156 585 vobis
3186 527 3519 586 committere

1926 617 2237 674 invitemur.

2530 741 2915 798 CCCXXXIII.

2175 869 2248 909 AD
2288 869 2608 911 IICHAELEI
2648 870 2836 910 ιιεσειι
2877 869 3268 909 Βυιαλιιοιιοκ.

1963 969 2239 1025 Hortatur
2284 973 2351 1024 ut
2383 970 2455 1025 ad
2500 970 2668 1038 ﬁdem
2707 974 2763 1025 et
2810 970 3182 1025 obedientiam
3230 972 3489 1025 Romam

2199 1040 2459 1095 Ecclesiae
2490 1041 2679 1096 redeat
2710 1044 2764 1095 et
2798 1041 3005 1111 legatos
3036 1041 3254 1095 mittat.

2002 1140 2276 1194 MICHAELI
2308 1140 2424 1212 regi
2452 1140 2829 1211 Bulgarorum.

2005 1228 2141 1283 Cum
2172 1244 2282 1283 non
2312 1236 2420 1282 tam
2452 1221 2604 1282 initia
2633 1228 2739 1282 sint
2776 1229 2831 1282 in
2874 1227 3032 1284 bonis
3061 1227 3326 1282 laudanda
3370 1243 3531 1299 quam

1934 1310 2075 1379 ﬁnis,
2111 1312 2225 1366 Deo
2275 1311 2629 1382 omnipotenti
2679 1311 2866 1367 factori
2898 1314 3134 1366 omnium
3166 1311 3452 1366 visibilium
3482 1317 3538 1367 et

1935 1398 2285 1453 invisibilium
2316 1399 2520 1471 gratias
2567 1398 2805 1471 agimus,
2841 1398 2931 1471 qui
2961 1407 3197 1453 vestrum
3228 1400 3368 1455 bene
3394 1398 3535 1455 velle

1936 1487 2195 1541 hactenus
2233 1486 2289 1540 in
2340 1486 2605 1541 soliditate
2657 1503 2802 1542 veras
2848 1484 2973 1541 ﬁdei
3031 1486 3298 1553 solidavit,
3356 1494 3410 1543 et
3454 1485 3583 1561 sui-

1940 1581 2237 1628 amatorem
2282 1572 2540 1639 efﬁciens,
2594 1582 2847 1645 tanquam
2894 1590 2954 1630 re
3011 1590 3139 1631 vera
3189 1590 3253 1629 ex
3300 1573 3537 1630 tenebris

1941 1661 2069 1716 olim
2100 1661 2280 1716 lumen
2311 1660 2696 1732 splendescere
2724 1660 2872 1731 fecit,
2906 1670 2960 1717 et
2989 1661 3058 1716 ad
3089 1661 3315 1717 salutem
3343 1660 3513 1717 multo

231 1770 337 1825 sibi
369 1769 944 1826 excommunicationis
991 1770 1306 1824 sententiam
1355 1770 1625 1827 humiliter
1669 1773 1835 1828 susti-

1951 1766 2060 1804 rum
2086 1748 2534 1820 benignissimum
2556 1765 2654 1806 cor
2691 1758 2923 1805 vestrum
2950 1750 3128 1822 gratia
3158 1766 3273 1806 suae
3293 1749 3551 1820 potentia:

232 1858 423 1912 nuisse
458 1874 472 1913 :
504 1866 557 1914 et
588 1858 733 1929 quod
764 1874 830 1913 ex
860 1857 1065 1928 polluto
1095 1859 1366 1913 consortio
1405 1858 1620 1916 feminae
1667 1879 1838 1920 vene-

233 1963 365 2002 num
398 1953 709 2014 attraxerat,
742 1945 908 2016 longa
936 1946 1270 2016 poenitentiae
1305 1947 1670 2005 satisfactione
1705 1968 1839 2021 pur-

239 2051 428 2106 gasse,
461 2050 496 2089 a
522 2033 740 2090 vinculo
783 2050 894 2089 suae
939 2035 1284 2106 obligationis
1330 2044 1387 2090 ut
1433 2037 1842 2095 absolveremus

235 2122 534 2178 mandasti.
570 2123 686 2177 Nos
715 2137 845 2177 vero
874 2121 1266 2178 misericordiae
1319 2123 1529 2191 intuitu,
1586 2128 1843 2196 precibus

238 2212 351 2267 tuis
406 2210 669 2276 inclinati,
717 2210 913 2264 interni
957 2210 1238 2265 arbitrium
1281 2212 1481 2279 judicis
1532 2223 1842 2285 sequentes,

244 2301 317 2355 ab
349 2299 525 2370 ipsius
554 2298 1129 2354 excommunicationis
1160 2299 1396 2366 vinculo,
1428 2300 1473 2354 si
1504 2301 1578 2355 ita
1596 2310 1700 2372 est,
1724 2319 1848 2358 eum

241 2387 603 2451 absolvimus,
638 2396 689 2442 ct
720 2403 880 2443 omne
910 2385 1146 2443 ofﬁcium
1176 2387 1263 2442 vel
1293 2388 1651 2443 ministerium
1672 2406 1851 2447 sacer-

242 2476 450 2541 dotale,
478 2476 626 2544 juxta
665 2475 1061 2547 precedentem
1089 2476 1554 2541 consuetudinem,
1593 2478 1849 2548 jubemus

245 2564 568 2620 solemniter
595 2580 658 2619 ac
698 2563 868 2619 libere
927 2580 1051 2619 cum
1110 2564 1327 2619 Domini
1384 2581 1603 2636 semper
1654 2567 1849 2623 timore

243 2667 541 2724 peragere.
573 2652 838 2706 Praeterea
876 2651 945 2706 de
976 2650 1253 2718 Gedeone,
1288 2654 1442 2723 cujus
1470 2670 1699 2709 uxorem
1727 2672 1850 2710 cum

243 2754 521 2814 germano
550 2738 704 2794 istius
752 2739 1076 2795 adulterium
1122 2749 1473 2811 perpetrasse
1522 2741 1731 2808 fateris,
1786 2759 1851 2799 ex

246 2837 406 2900 parte
436 2828 586 2882 dubii
610 2827 925 2892 existentes,
970 2835 1151 2882 utrum
1205 2846 1397 2884 verum
1455 2830 1522 2883 sit
1584 2832 1729 2902 quod
1786 2831 1854 2886 de

244 2917 353 2972 hoc
383 2915 580 2971 dicitur
616 2930 809 2979 necne,
869 2914 1142 2970 dilectioni
1198 2924 1304 2972 tuae
1358 2917 1743 2973 committimus
1797 2926 1855 2973 ut

243 3004 399 3060 omni
430 3019 497 3060 ex
528 3011 684 3074 parte
714 3003 1070 3076 diligentique
1098 3019 1248 3070 cura,
1294 3005 1373 3060 rei
1422 3006 1582 3074 hujus
1629 3008 1856 3062 veritate

244 3100 551 3163 comperta,
603 3091 734 3163 quid
778 3108 940 3162 super
982 3093 1085 3148 hoc
1133 3093 1619 3149 excellentissimus
1666 3095 1916 3196 doctorC

249 3182 450 3237 beatus
479 3180 816 3252 Augustinus
845 3180 899 3234 in
932 3180 1081 3235 libris
1111 3181 1179 3235 de
1208 3181 1525 3237 adulterinis
1571 3184 1854 3256 Conjugiis

246 3270 319 3325 ad
349 3268 676 3323 Pollentium
706 3268 921 3334 dixerit,
974 3268 1213 3340 quidque
1260 3269 1453 3323 beatus
1506 3271 1856 3328 Innocentius

257 3371 412 3430 papa
444 3356 706 3412 vicesimo
738 3364 890 3411 sexto
929 3356 1168 3427 capitulo
1228 3358 1473 3412 statuerit
1557 3358 1745 3430 (epist.
1778 3360 1857 3428 2)

246 3446 527 3517 relegens,
561 3445 860 3500 secundum
888 3446 1084 3499 horum
1115 3445 1449 3500 sanctionem
1496 3446 1571 3500 ita
1613 3445 1851 3501 difﬁnire

247 3541 515 3607 procuret
548 3551 563 3599 ;
596 3541 862 3605 quatenus
890 3534 1171 3588 animabus
1203 3550 1389 3589 eorum
1407 3550 1504 3604 per
1525 3533 1857 3605 paenitentiae

246 3622 495 3678 remedia
525 3621 802 3677 subveniri
830 3621 1018 3691 possit,
1056 3632 1108 3677 et
1146 3637 1374 3693 corpora
1418 3638 1518 3692 per
1565 3630 1671 3677 tuas
1717 3637 1851 3676 san-

245 3711 451 3768 ctitatis
480 3709 884 3781 providentiam
934 3710 1231 3765 secundum
1274 3712 1448 3766 Deum
1496 3710 1551 3764 in
1599 3710 1854 3766 omnibus

247 3798 581 3873 dirigantur.

819 3903 1183 3960 CCCXXXII.

449 4007 525 4048 AD
560 4007 786 4047 LEONEI
807 4036 819 4058 ,
860 4008 1299 4134 amongst)”
1337 4008 1658 4053 uNooxBu.

934 4080 1043 4119 nno
1152 4072 1204 4121 2.

934 4080 1043 4119 nno
1083 4072 1204 4121 882.

254 4156 321 4213 Ut
371 4153 652 4209 Auxentii
696 4152 918 4221 ﬁlium,
969 4153 1035 4225 ah
1084 4154 1370 4223 Attinulfo
1405 4158 1664 4225 captum,
1698 4154 1851 4224 patri

716 4223 1136 4278 restituendum
1174 4228 1395 4278 curent.

324 4315 504 4368 Laom
543 4312 801 4382 episcopo
849 4310 1159 4375 Thienensi,
1210 4311 1337 4365 item
1386 4311 1685 4367 LANDULPO
1731 4311 1850 4382 epi-

253 4417 447 4472 scopo,
480 4408 536 4454 et
565 4400 819 4453 LANDONI
852 4398 1115 4469 gastaldio
1143 4399 1284 4468 patri
1317 4399 1451 4467 ejus.

1941 1837 2241 1892 illustravit.
2299 1836 2407 1893 Sed
2466 1846 2518 1892 et
2575 1838 2698 1892 hinc
2756 1837 3030 1893 devotioni
3077 1846 3270 1893 vestrae
3320 1838 3546 1909 dignum

1898 1940 1901 1945 '
1940 1925 2188 1980 duximus
2217 1940 2491 1997 congruas
2520 1933 2701 1998 grates
2748 1923 2974 1991 referre,
3019 1925 3166 1996 quod
3200 1925 3396 1996 partim
3426 1924 3551 1980 finis

1941 2013 2192 2079 ostendit,
2227 2024 2388 2085 quam
2434 2012 2744 2069 fidelitatem
2790 2029 2921 2085 erga
2968 2021 3216 2069 sanctam
3246 2014 3547 2070 Romanam

1941 2101 2244 2156 Ecclesium
2264 2101 2504 2156 omnium
2534 2109 2801 2156 terrarum
2830 2109 3065 2156 matrem
3097 2110 3150 2155 et
3180 2109 3342 2172 caput
3367 2100 3551 2157 obser-

1942 2205 2067 2245 vare
2098 2189 2312 2245 curetis.
2348 2190 2478 2245 Cum
2522 2191 2660 2245 hanc
2708 2197 2761 2244 et
2799 2189 2949 2245 initio
2999 2198 3196 2246 vestrae
3220 2188 3544 2245 conversio-

1944 2276 2030 2331 nis
2059 2277 2406 2348 quaesieritis,
2448 2285 2499 2333 et
2527 2278 2596 2332 ad
2635 2293 2881 2348 praesens
2927 2276 3317 2333 auxiliatricem
3344 2276 3549 2337 habere

1945 2365 2017 2420 ad
2063 2372 2378 2436 perpetuam
2446 2365 2653 2421 scilicet
2706 2373 2944 2421 vestram
2999 2365 3354 2420 salvationem
3392 2380 3555 2420 mon-

1954 2461 2128 2509 strare
2183 2469 2289 2509 non
2334 2453 2643 2519 omiseritis,
2704 2461 2919 2509 sanctos
2967 2452 3217 2511 videlicet
3272 2453 3553 2524 apostolos

1949 2541 2239 2611 visitando,
2274 2549 2327 2597 et
2356 2557 2561 2607 eorum,
2603 2548 2661 2595 ut
2698 2541 2951 2611 diximus,
2983 2539 3241 2613 suffragia
3267 2540 3552 2611 postulan-

1951 2630 2041 2685 do.
2075 2630 2248 2701 Igitur
2277 2630 2571 2685 absurdum
2605 2629 2761 2685 valde
2790 2638 2872 2685 est
2901 2645 2962 2685 ac
2990 2629 3379 2689 inconveniens
3408 2628 3554 2701 quod

1953 2718 2045 2787 pia
2102 2726 2279 2772 vestra
2327 2718 2576 2773 voluntas
2628 2718 2789 2773 aliter
2845 2734 2906 2773 se
2968 2726 3089 2789 post
3145 2717 3350 2773 habere
3389 2716 3557 2772 voluit

1955 2821 2139 2876 quam,
2174 2806 2311 2861 sicut
2341 2806 2594 2861 omnibus
2640 2814 2825 2861 notum
2858 2813 2959 2871 est,
2994 2806 3378 2876 primum.Vos
3410 2803 3557 2860 enim

1952 2892 2213 2948 divinitus
2244 2894 2489 2961 inspirati
2521 2902 2748 2948 matrem
2768 2892 2944 2949 omnis
2974 2893 3273 2967 religionis,
3319 2901 3560 2949 sanctam

1958 2981 2159 3052 quippe
2191 2982 2488 3037 Romanam
2520 2981 2824 3037 Ecclesiam
2856 2981 3175 3051 ductricem,
3209 2990 3262 3037 et
3289 2982 3433 3037 viam
3458 2997 3561 3053 per

1956 3085 2117 3140 quam
2150 3070 2218 3124 ad
2256 3068 2572 3125 aeternitatis
2603 3085 2806 3140 pascua
2837 3070 3191 3135 duceremini,
3238 3070 3430 3125 merito
3461 3086 3561 3125 ex-

1950 3158 2193 3228 petistis;
2227 3165 2280 3212 et
2309 3158 2423 3225 illa,
2450 3158 2575 3229 quia
2618 3158 2869 3212 omnibus
2901 3155 3153 3212 ﬁdelibus
3199 3157 3411 3214 viscera
3440 3173 3559 3213 ma-

1953 3253 2106 3299 terna
2136 3246 2339 3315 praebet
2360 3260 2425 3300 ac
2463 3244 2709 3314 prmhuit,
2742 3261 2842 3299 vos
2882 3245 3137 3314 expansis
3166 3244 3234 3298 ad
3264 3245 3437 3299 Deum
3467 3244 3557 3298 ul-

1952 3332 2056 3401 nis,
2091 3332 2308 3387 Christo
2336 3332 2543 3405 gratias
2573 3347 2766 3405 agens,
2801 3332 3007 3401 recepit
3038 3349 3052 3385 :
3085 3346 3427 3401 consequens
3457 3330 3558 3385 fuit

1950 3427 2008 3473 ut
2039 3436 2070 3472 a
2100 3420 2234 3475 recti
2265 3436 2459 3492 gressu
2490 3418 2715 3485 itineris,
2741 3419 2797 3473 in
2815 3427 3025 3489 partem
3046 3434 3152 3474 non
3178 3416 3555 3487 ﬂecteremini,

1950 3522 2052 3562 nec
2120 3523 2355 3562 manum
2419 3507 2693 3562 mittentes
2759 3505 2814 3561 in
2854 3514 3129 3573 aratrum,
3162 3505 3556 3576 retroaspicere

1952 3595 2327 3666 cujuscunque
2359 3594 2503 3650 forte
2553 3593 2898 3649 suasionibus
2945 3593 3272 3649 niteremini.
3301 3592 3562 3663 Nunquid

1949 3698 2083 3748 non,
2138 3682 2211 3736 ﬁli
2250 3683 2570 3738 charissime
2594 3726 2606 3747 ,
2672 3690 2918 3738 sanctum
2975 3681 3335 3752 Evangelium
3391 3681 3555 3735 surda

1948 3786 2080 3827 aure
2109 3771 2324 3839 auditis,
2358 3787 2466 3842 quo
2498 3770 2699 3841 legitur
2733 3786 2746 3824 :
2784 3770 2888 3837 Qui
2916 3772 3357 3841 perseveraverit
3382 3786 3556 3842 usque

1953 3861 2017 3914 in
2048 3860 2242 3928 ﬁnem,
2279 3861 2367 3915 hic
2399 3860 2588 3915 salvus
2618 3859 2776 3913 erit?
2803 3858 3023 3929 (Matth.
3059 3858 3145 3929 χ.)
3165 3860 3269 3912 Aut
3301 3857 3347 3912 si
3378 3858 3556 3912 audis-

1951 3947 2019 4001 tis
2049 3955 2102 4002 et
2130 3947 2401 4003 obauditis
2436 3964 2451 4001 :
2485 3947 2681 4002 Redite
2712 3945 2784 4001 ad
2813 3950 3061 4001 mentem
3082 3950 3345 4012 vestram,
3378 3945 3556 4001 redite

1951 4036 2022 4091 ad
2052 4041 2195 4092 cor?
2225 4038 2356 4105 (Ira.
2400 4038 2579 4104 XLVI.)
2601 4035 2670 4089 Et
2700 4042 2893 4089 vestrae
2922 4034 3230 4104 sponsionis
3258 4032 3562 4089 reminisci—

1950 4124 2103 4178 mini.
2141 4124 2282 4192 Quia
2309 4124 2434 4194 plus
2454 4139 2611 4177 amor
2631 4131 2684 4178 et
2706 4123 2868 4178 timor
2898 4121 2996 4177 Dei
3023 4138 3121 4177 vos
3148 4121 3272 4177 fecit
3300 4137 3421 4177 esse
3444 4138 3558 4178 creo

1951 4212 2137 4266 dulum
2150 4212 2433 4282 apostolici
2452 4211 2745 4282 privilegii,
2763 4226 2947 4282 quam,
2962 4218 3019 4263 ut
3036 4210 3109 4264 ita
3124 4210 3557 4275 dixerim,exem-

1950 4300 2042 4369 pla
2070 4299 2380 4354 multorum.
2408 4300 2463 4353 Si
2485 4298 2628 4353 enim
2646 4298 2788 4368 quod
2812 4296 3119 4368 quicunque
3140 4298 3255 4351 Deo
3272 4297 3555 4362 vovit,hoc

1968 4388 2124 4442 debet
2152 4396 2203 4442 et
2232 4387 2481 4452 reddere,
2516 4385 2675 4440 valde
2705 4392 2917 4454 oportet
2960 4392 3019 4437 ut
3047 4400 3145 4438 vos
3175 4384 3321 4455 quod
3351 4392 3556 4441 sanctas

325 4469 531 4545 Audita
574 4486 793 4542 certiori
822 4486 1181 4557 comperimus
1212 4487 1356 4559 quod
1403 4484 1568 4540 ﬁlium
1611 4487 1859 4542 Auxentii
1889 4483 1938 4543 ο
1957 4478 2212 4532 Romanu:
2242 4473 2501 4529 Ecclesiae
2530 4479 2721 4542 sponte
2749 4470 3005 4559 vovistis,
3038 4469 3145 4525 fine
3176 4480 3330 4559 tenus
3361 4471 3555 4526 redde-

251 4576 494 4649 Capuani
521 4619 535 4641 ,
598 4582 844 4630 nostrum
903 4574 1161 4629 duntaxat
1231 4574 1507 4645 prOprium
1564 4575 1858 4643 hominem,

252 4664 555 4722 Attinulfus
581 4671 817 4734 caperet,
851 4670 905 4717 et
935 4678 1043 4718 non
1074 4663 1212 4717 bene
1242 4671 1474 4717 tractans
1504 4679 1626 4717 eum
1658 4663 1861 4719 violen-

254 4763 341 4811 ter
391 4760 616 4817 teneret,
663 4751 809 4823 quod
855 4750 1146 4805 admodum
1194 4750 1566 4806 admiramur:
1619 4760 1668 4807 et
1719 4753 1863 4824 quod

255 4842 366 4899 tale
397 4840 527 4913 quid
556 4838 964 4910 praesumpserit
991 4854 1187 4911 agere,
1222 4840 1450 4893 moleste
1482 4840 1681 4911 quippe
1710 4857 1866 4897 acce-

256 4930 464 5002 pimus.
498 4928 654 4983 Unde
683 4928 837 4982 vobis
874 4927 1044 4981 nostri
1091 4927 1421 4998 apostolatus
1464 4928 1654 4983 litteris
1685 4929 1865 4998 injun-

258 5034 394 5091 gere
425 5017 651 5088 dignum
702 5016 972 5082 duximus,
1028 5024 1089 5070 ut
1130 5031 1346 5071 omnem
1376 5031 1598 5086 operam
1628 5017 1787 5085 dctis,
1815 5025 1867 5071 et

260 5123 330 5162 ex
390 5113 575 5160 nostra
640 5112 794 5175 parte
854 5104 958 5175 ipsi
1040 5103 1299 5158 Attinulfo
1359 5104 1541 5158 tandiu
1607 5104 1868 5159 insistatis

258 5209 547 5266 quousque
576 5192 827 5248 eumdem
857 5192 1110 5247 Auxentii
1140 5191 1327 5261 filium,
1357 5192 1633 5246 hominem
1665 5192 1869 5247 scilicet

262 5291 535 5349 nostrum,
584 5280 720 5351 patri
768 5295 868 5335 suo
916 5280 1121 5335 salvum
1172 5279 1437 5343 restituat,
1489 5288 1541 5334 et
1589 5296 1711 5335 cum
1760 5280 1870 5335 suis

259 5369 579 5426 hominibus
611 5368 798 5424 reddat
827 5368 1079 5424 illaesum.
1129 5368 1380 5439 Alioquin
1417 5368 1734 5422 sententiam
1767 5384 1871 5422 no-

265 5467 441 5514 stram
486 5457 718 5513 evadere
765 5472 875 5512 non
921 5456 1136 5527 poterit,
1189 5456 1278 5527 qui
1327 5463 1569 5510 nostrum
1598 5456 1872 5511 hominem

1961 4582 2020 4620 re
2051 4562 2326 4630 studeatis,
2351 4577 2459 4616 non
2488 4561 2804 4633 ignorantes
2826 4558 2970 4630 quod
2992 4559 3178 4613 beatus
3207 4558 3397 4613 Petrus
3426 4573 3555 4629 apo-

1962 4652 2130 4709 stolus
2162 4650 2314 4723 regni
2361 4649 2596 4704 cielestis
2642 4648 2821 4703 claves
2866 4663 2899 4702 a
2929 4647 3160 4702 Domino
3188 4647 3315 4701 .lesu
3344 4647 3556 4702 Christo

1963 4740 2249 4811 acceperit,
2282 4746 2334 4794 et
2365 4738 2671 4809 quibusque
2702 4736 2955 4791 ﬁdelibus
2984 4735 3285 4806 aperiendi,
3316 4735 3436 4789 aliis
3462 4750 3558 4789 au-

1964 4839 2074 4886 tem
2113 4826 2397 4885 claudendi
2443 4824 2799 4897 promeruerit
2844 4831 3183 4895 potestatem.
3233 4823 3344 4878 Hac
3373 4823 3555 4903 igitur,

1965 4918 2103 4974 sicut
2132 4925 2184 4972 et
2228 4915 2396 4971 nostri
2441 4914 2904 4985 prmdecessores,
2954 4927 3054 4966 nos
3097 4919 3383 4982 potestate,
3432 4911 3559 4967 licet

1966 5006 2197 5078 indigni,
2236 5011 2466 5068 utentes,
2491 5001 2760 5073 cogimur,
2786 5000 2830 5054 si
2852 5015 2960 5055 non
2981 4999 3397 5055 emendaveritis
3418 4998 3561 5071 quod

1966 5093 2241 5167 gessistis,
2285 5099 2338 5146 et
2382 5090 2449 5144 ad
2497 5105 2736 5159 praesens
2781 5104 2880 5142 vos
2926 5088 2981 5142 in
3028 5089 3133 5143 hoc
3169 5088 3364 5143 saeculo
3391 5087 3558 5159 digne

1968 5182 2257 5250 corripere,
2284 5186 2335 5233 et
2356 5187 2409 5231 ut
2438 5177 2491 5230 in
2513 5176 2706 5245 futuro,
2730 5184 2981 5248 quantum
3004 5175 3056 5229 in
3080 5175 3238 5229 nobis
3257 5183 3360 5242 est,
3391 5174 3563 5230 male-

1969 5268 2296 5324 dictionibus
2317 5264 2658 5335 repleamini,
2682 5280 2790 5319 non
2827 5263 3122 5335 praeterire.
3149 5264 3317 5332 Hujus
3345 5263 3422 5319 rei
3442 5278 3569 5333 gra-

1969 5357 2063 5422 tia,
2095 5355 2171 5409 ﬁli
2212 5353 2552 5421 charissime,
2603 5352 2854 5425 festinate
2889 5351 3162 5421 corrigere
3210 5351 3351 5421 quod
3382 5351 3568 5422 inique

1972 5442 2253 5518 gessistis;
2291 5449 2341 5496 et
2373 5440 2520 5496 omni
2548 5440 2833 5496 occasione
2876 5438 3131 5510 omnique
3159 5454 3314 5493 mora
3343 5447 3571 5511 postpo-
3656 5434 3667 5445 “

264 5555 374 5601 tam
422 5543 742 5615 simpliciter
788 5526 1156 5600 ambulantem
1203 5526 1440 5615 afﬂigere
1484 5559 1593 5598 non
1625 5551 1849 5600 contem

1973 5533 2092 5598 sita,
2123 5530 2281 5587 nobis
2312 5546 2413 5601 per
2451 5537 2689 5585 vestrum
2718 5528 2958 5599 legatum
2988 5526 3248 5599 quidquid
3276 5544 3441 5600 super
3472 5529 3577 5583 hoc

479 5661 724 5715 Panos.
767 5659 1016 5716 CXXVI.

3112 5653 3181 5705 30
