4112 6192
471 283 575 337 939

1743 271 2039 330 JOANNIS
2099 271 2292 325 ΡΑΡίΕ
2345 271 2488 326 VIII.

3657 269 3771 321 940

476 404 772 460 emendare
801 402 984 468 vultis,
1017 401 1270 456 mandate
1302 417 1313 456 :
1348 400 1476 472 quia
1513 415 1642 466 nos,
1675 401 1791 454 Deo
1816 399 2057 466 iuvante,
2091 395 2146 454 Α
2167 394 2400 450 nominis
2445 395 2500 448 in
2547 393 2900 450 Christicolas
2957 393 3378 456 debacchantur,
3411 397 3556 445 tanto
3599 391 3768 444 vehe—

479 507 696 548 omnem
727 492 1061 548 voluntatem
1091 498 1287 546 vestrae
1317 489 1674 544 correctionis
1705 486 2070 556 implebimus,

480 588 532 636 et
559 597 657 636 vos
687 581 870 636 anima
918 587 970 634 et
1015 593 1242 649 corpore
1285 577 1468 632 salvos
1517 577 1750 632 existere
1789 577 2071 644 cupientes

477 683 702 724 causam
733 668 1032 724 secundum
1062 667 1234 722 Deum
1262 666 1515 722 ordinare
1549 664 1905 720 studebimus.

1079 808 1466 864 CCCXXXIV.

711 913 784 952 AD
826 911 1222 952 IMPERATORI“!
1279 911 1348 950 ET
1401 908 1834 950 IMPERATRICEH.

993 986 1208 1056 Fragm.
1243 1015 1311 1024 —
1340 987 1465 1052 (An.
1501 985 1648 1050 882.)

545 1073 678 1128 Cum
712 1073 920 1128 reversi
951 1071 1260 1136 fuissemus,
1296 1073 1478 1126 omnia
1529 1071 1710 1124 littora
1754 1077 1940 1124 nostra
1972 1069 2073 1122 de-

479 1160 724 1231 pretiata
756 1161 919 1217 etiam
951 1169 1002 1214 et
1031 1161 1084 1214 in
1115 1160 1317 1214 Fundis
1339 1169 1390 1214 et
1425 1159 1478 1212 in
1509 1158 1820 1224 Terracina,
1853 1157 1998 1212 velut
2021 1157 2074 1210 in

476 1248 639 1303 domo
670 1249 892 1319 propria
918 1248 1118 1302 multos
1142 1249 1446 1302 Saracenos
1467 1247 1772 1300 invenimus
1805 1246 2068 1310 residere,

475 1351 576 1406 pro
605 1337 802 1406 quibus
832 1351 942 1390 non
991 1335 1113 1404 plus
1159 1351 1316 1406 quam
1348 1335 1585 1405 quinque
1609 1335 1802 1388 diebus
1837 1335 1890 1387 in
1923 1334 2073 1388 Urbe

481 1431 786 1488 manentes,
821 1424 1068 1493 quamvis
1115 1423 1360 1492 corporis
1408 1439 1517 1476 non
1555 1423 1770 1477 modica
1802 1422 2074 1476 detinere-

479 1527 600 1566 mur
645 1511 912 1574 molestia,
947 1509 1210 1564 cxivimus
1238 1526 1361 1565 cum
1405 1509 1655 1564 ﬁdelibus
1687 1511 1905 1574 nostris,
1942 1525 2074 1580 quo-

479 1615 622 1662 rum,
655 1599 886 1652 Domino
917 1599 1224 1666 adjuvante,
1261 1598 1524 1668 cmpimus
1554 1615 1719 1654 naves
1749 1599 2070 1653 octodecim.

479 1685 736 1740 Saraceni
767 1701 898 1740 vero
917 1685 1069 1738 multi
1091 1685 1260 1741 occisi
1291 1693 1433 1750 sunt,
1469 1687 1710 1756 captivos
1743 1695 1924 1740 autem
1957 1687 2072 1740 fere

479 1781 764 1828 sexcentos
811 1773 1180 1828 liberavimus.
1235 1775 1362 1828 Ideo
1405 1775 1560 1828 vobis
1601 1775 1944 1829 venientibus
1975 1791 2075 1828 ne-

480 1876 634 1916 cesse
663 1860 820 1914 valde
851 1869 932 1915 est
961 1869 1016 1915 ut
1047 1861 1166 1916 talis
1186 1861 1240 1915 in
1267 1861 1540 1916 littoribus
1569 1863 1792 1916 marinis
1825 1861 2077 1916 fortitudo

477 1948 720 2003 virorum
768 1957 1065 2014 remaneat,
1129 1966 1356 2020 quorum
1403 1950 1598 2005 virtute
1656 1959 1844 2005 nostra
1897 1951 2077 2004 omnia

478 2036 627 2090 salva
657 2037 976 2104 consistant,
1009 2045 1061 2091 et
1101 2053 1163 2092 ea
1194 2055 1314 2110 qua:
1345 2039 1578 2093 necdum
1597 2039 1923 2110 ‘deprazdata
1957 2047 2078 2094 sunt

475 2123 598 2180 loca
629 2139 737 2180 non
765 2124 1098 2195 praedantur.

1097 2247 1458 2303 CCCXXXV.

775 2349 848 2390 AD
889 2350 1297 2392 ΑΝστΕωειιτΑιι
1337 2351 1770 2392 ΙΜΡΕΠΑἸἮῙΩΕΙ.

957 2422 1173 2495 Fragm.
1209 2453 1278 2464 —
1308 2425 1434 2494 (An.
1468 2424 1602 2494 inc.)

546 2517 628 2573 Ad
669 2517 774 2574 hoc
821 2534 995 2590 usque
1031 2519 1234 2574 malum
1285 2520 1454 2575 crevit
1503 2529 1554 2574 et
1583 2521 1942 2575 incrassatum
1973 2528 2076 2586 est,

473 2613 532 2660 ut
579 2605 812 2661 factione
839 2607 1168 2662 Ravennatis
1209 2608 1613 2678 archiepisc0pi
1643 2609 1915 2663 Maurinus
1957 2625 2082 2663 cum

477 2694 592 2748 suis
612 2694 990 2764 complicibus,
1026 2695 1116 2766 qui
1157 2696 1604 2751 excommunicati
1635 2705 1688 2751 et
1717 2697 2082 2752 anathemati—

478 2783 584 2836 zati
632 2798 664 2836 a
717 2783 875 2836 nobis
899 2784 1012 2851 jam
1060 2791 1202 2849 sunt,
1250 2785 1566 2840 Ravennam
1597 2786 1998 2858 ingrederetur,
2032 2795 2085 2840 et

477 2867 716 2924 fidelium
749 2879 1056 2926 nostrorum
1085 2887 1177 2925 res
1205 2888 1332 2926 cum
1382 2873 1462 2927 eis
1507 2873 1748 2928 funditus
1779 2883 1995 2944 raperet
2019 2890 2084 2928 ac

479 2955 812 3023 devastaret,
848 2957 988 3012 adeo
1036 2967 1093 3012 ut
1122 2957 1305 3014 claves
1351 2959 1583 3014 civitatis
1609 2962 1881 3016 Ravennae
1911 2979 1941 3015 a
1975 2963 2082 3016 Ve-

481 3043 708 3098 starario
751 3052 943 3100 nostro
997 3045 1264 3101 violenter
1311 3048 1649 3103 subtraheret
1696 3057 1748 3103 et
1790 3065 1890 3119 pro
1929 3050 2084 3104 libitu

485 3127 603 3196 suo,
635 3131 908 3186 nescimus
939 3133 1092 3201 cujus
1137 3135 1470 3201 auctoritate,
1504 3135 1607 3206 ipsi
1649 3137 2079 3208 archiepiscopo,

482 3218 626 3290 quod
659 3235 938 3291 nunquam
987 3219 1190 3277 factum
1231 3221 1397 3278 fuisse
1447 3223 1724 3294 recolitur,
1757 3226 2084 3296 potestative

482 3307 836 3363 concederet.

1091 3379 1478 3436 CCCXXXVI.

1107 3482 1178 3522 AD
1210 3483 1462 3524 EAMDEM.

949 3553 1168 3626 Fragm.
1209 3585 1277 3596 —
1321 3557 1447 3624 (An.
1490 3557 1625 3626 inc.)

553 3655 834 3732 Siquidem
872 3673 997 3714 cum
1029 3661 1226 3716 virtute
1259 3661 1376 3732 Dei,
1411 3662 1605 3717 melius
1627 3679 1787 3734 quam
1815 3663 2082 3730 Naletam,

501 3761 612 3816 {ua}
639 3754 826 3801 nostra
857 3755 979 3800 sunt
1010 3747 1363 3804 defendemus
1395 3759 1446 3804 et
1491 3750 1703 3806 illorum
1734 3753 1788 3806 in
1817 3753 1964 3808 nullo
1993 3769 2088 3823 pe-

492 3833 636 3888 nitus
682 3834 1011 3904 indigemus,
1066 3836 1360 3892 dromones
1407 3837 1658 3893 videlicet
1703 3856 1824 3894 cum
1874 3842 2088 3896 cameris

491 3921 725 3975 navibus
755 3931 1156 3990 construentes,
1210 3933 1262 3978 et
1293 3933 1490 3980 caetera
1519 3942 1652 3981 vasa
1681 3927 1877 3984 bellica
1907 3938 1958 3984 et
1987 3946 2088 4000 ap-

491 4017 734 4077 paratus,
780 4009 908 4078 quin
937 4010 1118 4079 potius
1149 4019 1201 4065 et
1231 4012 1379 4081 ipsos
1407 4013 1617 4068 animos
1641 4015 1916 4070 hominum
1945 4034 2088 4086 pras-

491 4103 768 4164 parantes,
804 4105 854 4150 et
886 4097 1152 4152 adversus
1189 4099 1412 4154 hostiles
1441 4101 1690 4156 incursus
1721 4103 2092 4160 indesinenter

498 4190 798 4238 armantes.

1095 4273 1504 4332 CCCXXXVII.

1117 4377 1188 4416 AD
1221 4379 1471 4420 EAHDEM.

965 4448 1184 4521 Fragm.
1227 4481 1296 4493 —
1333 4455 1460 4524 (An.
1501 4453 1635 4524 inc.)

511 4535 757 4592 Επαδαί
787 4537 1062 4592 Joannem
1101 4541 1418 4612 episcopum
1457 4546 1728 4599 removeri
1757 4545 1822 4600 de
1861 4546 2093 4602 militia.

735 4625 892 4690 [Apud
914 4627 1086 4690 Grad.,
1118 4630 1262 4680 Decr.
1295 4644 1350 4693 ιι,
1371 4645 1417 4680 c.
1443 4633 1528 4694 25,
1555 4645 1604 4694 q.
1633 4634 1683 4694 8,
1711 4647 1757 4684 c.
1791 4635 1864 4697 1.]

572 4723 810 4780 Nimium
842 4725 941 4797 [αἱ.
983 4727 1256 4800 nimirum]
1289 4739 1436 4785 certe
1481 4741 1712 4800 veretur,
1759 4743 1812 4789 et
1835 4735 1957 4803 jure
1987 4737 2096 4792 for-

501 4811 666 4866 midat
705 4823 895 4868 contra
943 4815 1336 4884 professionem
1384 4819 1464 4872 sui
1525 4821 1728 4875 ordinis
1781 4823 2096 4879 saecularem

1157 4913 1358 4960 terram
1408 4907 1722 4975 defendere,
1771 4911 1839 4965 de
1895 4913 2096 4981 praeliis

498 4899 746 4954 militiam
796 4918 1048 4957 exercere
1092 4921 1104 4956 :

501 4995 750 5054 tractare,
786 4989 854 5044 de
883 4991 1050 5046 armis
1079 4999 1310 5049 terrena:
1336 4997 1616 5064 potestatis
1647 5005 1748 5053 est.

1078 5123 1514 5181 CCCXXXVIII.

775 5221 849 5262 AD
885 5223 1222 5266 DOHASOLEII
1259 5227 1442 5268 DUCEM
1481 5230 1814 5272 οιοιιιοευιι.

977 5297 1194 5371 Fragm.
1228 5329 1296 5341 —
1327 5302 1462 5368 (Inc.
1503 5305 1620 5374 an.)
1705 5319 1712 5326 ·

569 5397 841 5455 Preterea
870 5401 1174 5458 devotionis
1211 5412 1318 5461 tua:
1361 5408 1595 5464 studium
1633 5411 2002 5480 exhortamur,
2036 5421 2093 5468 ut

497 5491 688 5540 contra
729 5487 966 5544 marinos
1017 5491 1374 5565 latrunculos,
1422 5496 1514 5568 qui
1560 5498 1661 5552 sub
1707 5507 1974 5570 prmtextu
2015 5502 2092 5556 tui

2112 3094 2160 3156 C

2171 483 2404 537 mentius
2434 483 2780 546 accendatur,
2812 491 3012 553 quanto
3039 481 3254 536 illorum
3283 481 3545 550 pravitate
3565 479 3776 532 famam

2171 572 2513 626 tuinominis
2553 571 2889 626 obfuscatam
2927 569 3094 624 fuisse
3141 569 3452 640 cognoscis,
3509 567 3770 638 quoniam

2171 659 2298 715 licet
2324 660 2476 714 credi
2505 659 2676 730 possit
2708 659 2872 729 quod,
2907 667 2959 712 te
3001 658 3238 723 nolente,
3273 657 3352 710 illi
3381 654 3772 728 navigantibus

2173 747 2513 814 insidientur,
2545 755 2727 802 tamen
2760 747 2882 818 quia
2909 761 2938 800 a
2968 753 3022 800 te
3061 744 3347 815 comprimi
3377 759 3538 814 posse
3567 743 3768 798 dicun-

2173 843 2279 900 tur,
2323 835 2426 890 nisi
2473 851 2567 891 eos
2611 835 3018 906 compresseris,
3069 833 3322 888 innoxius
3369 849 3478 887 non
3523 830 3768 885 haberis.

2173 923 2442 994 Scriptum
2501 923 2700 994 quippe
2757 931 2838 978 est
2887 939 2899 978 :
2944 921 3048 990 Qui
3105 921 3352 986 crimina,
3409 935 3534 976 cum
3587 925 3772 990 potest

2173 1011 2467 1066 emendare
2496 1027 2606 1066 non
2635 1011 2884 1083 corrigit,
2915 1011 3032 1082 ipse
3059 1009 3366 1066 committit.

2529 1189 2532 1194 .
2775 1134 3164 1189 CCCXXXIX.

2261 1233 2334 1272 AD
2373 1233 2706 1274 ROSTAGNUM
2744 1231 3221 1272 ARCIIIEPISCOPUH
3259 1229 3681 1271 ARBLATENSEH.

2655 1307 2876 1378 Fragm.
2908 1336 2976 1346 -—
3002 1309 3128 1374 (An.
3161 1305 3295 1374 inc.)

2147 1395 2580 1450 -Communiona
2605 1395 2874 1466 privetur
2919 1410 3144 1465 sponsa,
3184 1395 3302 1466 nisi
3333 1397 3620 1466 raptorem
3671 1391 3770 1446 de-

2243 1481 2429 1520 serere
2467 1468 2524 1520 et
2545 1464 2896 1530 ad‘sponsum
2929 1464 3098 1520 suum
3131 1464 3318 1520 redire
3349 1465 3608 1518 voluerit.

2245 1571 2386 1624 Atho
2431 1569 2781 1640 praesentium
2831 1570 2988 1632 lator,
3039 1570 3164 1624 dum
3214 1569 3268 1622 in
3317 1576 3502 1622 nostro
3551 1565 3778 1622 servitio

2175 1656 2408 1712 fideliter
2455 1658 2767 1726 excubaret,
2815 1657 3105 1728 quemdam
3155 1657 3326 1712 virum
3369 1655 3620 1710 feminam
3671 1651 3778 1708 sibi

2105 1745 2562 1815 Bdesponsatam
2609 1745 2852 1816 queritur
2898 1745 3162 1814 rapuisse.
3213 1744 3282 1800 Et
3309 1743 3433 1798 ideo
3467 1741 3778 1798 fraternitas

2181 1841 2288 1898 tua,
2341 1833 2658 1888 auctoritate
2707 1842 2892 1888 nostra
2943 1832 3178 1898 suffulta,
3227 1831 3606 1902 suffraganeos
3645 1845 3778 1884 suos

2178 1921 2466 1992 episcopos
2513 1922 2927 1992 praesentialiter
2953 1929 3254 1987 convocet;
3305 1921 3490 1990 sicque
3533 1919 3776 1973 unanimi

2180 2010 2462 2078 sententia,
2515 2010 2562 2063 si
2609 2025 2864 2080 sponsam
2910 2009 3036 2063 huic
3085 2016 3266 2079 raptor
3302 2023 3412 2062 non
3443 2005 3774 2076 reddiderit,

2179 2105 2288 2152 tam
2319 2097 2464 2152 idem
2493 2113 2654 2168 quam
2683 2105 2854 2167 rapta,
2889 2097 2934 2150 si
2979 2097 3048 2150 ad
3080 2111 3340 2166 sponsum
3367 2096 3653 2166 pristinum
3685 2110 3776 2149 re-

2179 2201 2362 2240 meare
2393 2185 2642 2251 noluerit,
2675 2185 2824 2240 omni
2847 2185 3228 2240 communione
3257 2185 3560 2255 priventur.

2855 2316 3098 2372 CCCXL.

2278 2428 2351 2469 AD
2390 2429 2690 2469 SIGIBODUM
2728 2427 3204 2470 ARCIIIEPISCOPUH
3243 2427 3676 2468 NARBONBNSEI.

2661 2504 2875 2575 Fragm.
2909 2533 2978 2543 --
3007 2505 3134 2572 (An.
3178 2501 3308 2572 inc.)

2281 2591 2356 2644 De
2377 2592 2764 2646 examinanda
2784 2607 2956 2646 causa
2988 2592 3284 2662 cujusdam
3323 2590 3652 2662 presbyteri.

2255 2695 2606 2749 Praesentium
2671 2695 2968 2750 litterarum
3011 2695 3256 2767 gerulus,
3299 2695 3416 2749 sedi
3462 2695 3778 2765 apostolicae

2182 2791 2558 2852 pi'zesentatus,
2593 2799 2652 2837 se
2673 2785 3052 2854 presbyterum
3083 2799 3206 2838 esse
3235 2783 3466 2854 querula
3495 2791 3548 2838 et
3577 2785 3782 2838 lamen-

2185 2871 2336 2924 tabili
2383 2887 2516 2926 voce
2561 2871 2849 2942 perhibuit,
2902 2879 2953 2926 ct
2997 2888 3026 2924 a
3075 2872 3338 2926 sanctitati
3381 2881 3488 2926 tua:
3527 2872 3782 2940 subjecta:

2186 2959 2487 3014 dioeceseos
2519 2960 2791 3030 episcopis
2820 2959 2887 3014 ab
2921 2959 3098 3014 oﬁicio
3126 2961 3534 3030 presbyteratus
3561 2977 3784 3030 suspen-

2187 3063 2325 3112 sum,
2360 3054 2412 3101 et
2439 3047 2557 3100 aliis
2602 3048 2922 3118 quibusdam
2953 3047 3206 3118 epitimiis
3243 3063 3416 3119 usque
3447 3048 3517 3102 ad
3549 3049 3782 3118 speciale

2177 3134 2442 3202 judicium
2472 3143 2716 3189 nostrum
2749 3136 3076 3190 submissum
3101 3178 3114 3204 ,
3147 3151 3248 3206 pro
3278 3151 3344 3190 eo
3389 3137 3554 3207 quod,
3589 3136 3778 3206 inquit,

2183 3221 2322 3277 facto
2355 3223 2596 3286 tumultu,
2633 3223 2854 3292 quidam
2903 3241 2962 3278 se
3004 3225 3424 3294 apprehensum,
3477 3233 3530 3278 et
3573 3241 3606 3278 a
3641 3233 3784 3278 terra

2185 3311 2420 3365 brachiis
2451 3311 2812 3380 sublevatum,
2845 3312 2900 3365 in
2923 3312 3198 3382 proprium
3227 3312 3448 3366 fratrem
3479 3311 3600 3367 forti
3625 3313 3786 3380 jacta-

2185 3399 2323 3454 verit
2371 3399 2594 3469 impetu,
2643 3407 2702 3452 ut
2749 3400 2893 3454 idem
2922 3415 3218 3470 germanus
3261 3417 3392 3454 suus
3439 3401 3570 3454 tanti
3601 3402 3786 3471 operis

2187 3486 2328 3541 male
2360 3485 2486 3558 [leg.
2521 3487 2776 3556 ponderis
2806 3487 2970 3560 malo]
2993 3487 3255 3560 impulsus
3283 3489 3336 3543 in
3357 3497 3559 3544 terram
3593 3491 3780 3558 ruerit,

2187 3583 2240 3630 et
2268 3583 2570 3644 prostratus
2599 3583 2758 3646 atque
2788 3591 3081 3647 oppressus
3129 3577 3250 3632 vitae
3293 3577 3478 3630 ﬂatum
3523 3577 3788 3632 violenter

2189 3663 2448 3716 amiserit.
2481 3662 2725 3734 Denique
2753 3663 2829 3718 illi
2859 3663 3142 3719 reverendi
3171 3665 3456 3730 antistites,
3505 3681 3632 3720 cum
3661 3666 3784 3730 sibi,

2189 3757 2246 3804 ut
2275 3749 2375 3805 iste
2417 3752 2612 3816 retulit,
2661 3767 2747 3805 res
2793 3751 2850 3805 in
2892 3751 3116 3806 dubium
3162 3753 3389 3822 veniret,
3425 3761 3603 3807 utrum
3635 3765 3790 3808 com-

2188 3838 2357 3894 misso
2399 3839 2500 3892 sibi
2542 3839 2746 3893 dudum
2793 3855 2978 3894 carere
3023 3856 3216 3908 necue,
3265 3843 3480 3911 penitus
3509 3841 3787 3896 debuisset

2189 3926 2384 3992 oflicio,
2419 3943 2526 3982 non
2558 3927 2660 3998 ipsi
2691 3929 2832 3984 hanc
2863 3929 3186 3996 deliberare,
3221 3931 3318 3984 sed
3347 3939 3540 3986 nostro
3571 3930 3788 3986 decerni

2189 4023 2242 4070 et
2273 4015 2490 4069 diﬁiniri
2513 4015 2719 4083 judicio
2751 4017 3057 4072 voluerunt.
3093 4019 3202 4072 Sed
3231 4027 3357 4074 tunc
3384 4019 3487 4074 hoc
3528 4020 3784 4074 solemni-

2191 4111 2273 4158 ter
2301 4111 2547 4175 agerent,
2583 4104 2630 4158 si
2659 4103 2892 4175 primum
2917 4105 3019 4176 ipsi
3040 4105 3306 4176 plenario,
3331 4113 3384 4161 et
3404 4121 3472 4160 ex
3491 4107 3786 4162 canonibus

2193 4190 2246 4245 in
2279 4207 2438 4246 causa
2468 4191 2771 4262 presbyteri
2803 4193 3056 4262 delegato
3079 4193 3282 4262 judicio
3303 4237 3318 4259 ,
3354 4203 3592 4265 quatuor
3621 4195 3786 4266 depu-

2195 4278 2316 4333 tatis
2347 4293 2420 4334 ex
2449 4281 2774 4334 venerandis
2804 4281 3037 4336 decretis
3067 4289 3119 4335 et
3141 4282 3351 4352 legibus
3383 4283 3636 4352 personis
3663 4299 3788 4353 pra!-

2197 4367 2460 4432 sentibus,
2495 4369 2636 4422 hanc
2665 4368 3016 4422 ventilassent
3035 4377 3088 4424 et
3107 4371 3290 4424 subtili
3316 4370 3567 4424 examine
3588 4371 3794 4426 discus-

2121 4441 2175 4500 Ῑ)
2195 4454 2426 4520 sissent;
2462 4463 2516 4508 ut
2547 4456 2616 4509 ita
2649 4455 2788 4510 facta
2819 4457 3018 4526 scripto
3047 4457 3330 4526 relatione,
3356 4457 3402 4512 si
3423 4459 3558 4528 quid
3573 4459 3792 4512 dubium

2197 4543 2298 4596 sibi
2329 4559 2425 4596 seu
2455 4541 2670 4598 ditlicile
2697 4543 2996 4614 ingessisse
3025 4545 3330 4612 videretur,
3359 4555 3608 4600 nostrum
3639 4563 3796 4618 super

2195 4629 2298 4684 hoc
2328 4646 2478 4685 more
2507 4631 2691 4700 prisco
2713 4633 2987 4687 decretum
3017 4643 3390 4703 exposcerent.
3415 4637 3482 4688 At
3515 4635 3608 4688 ubi
3641 4635 3794 4690 nobis

2195 4727 2248 4770 et
2279 4733 2508 4788 persona
2553 4719 2802 4774 relatoris
2829 4720 3123 4792 incognita,
3157 4730 3209 4776 et
3239 4721 3387 4776 nullo
3419 4721 3795 4793 episcoporum

2195 4805 2397 4875 scripto
2445 4807 2843 4862 commendatio
2893 4809 3190 4878 approbata
3231 4819 3334 4874 est,
3385 4818 3436 4863 et
3485 4827 3680 4864 rursus
3709 4809 3796 4864 ubi

2193 4891 2342 4946 nulla
2383 4901 2466 4947 est
2511 4895 2843 4950 accusatoris
2889 4897 3142 4965 objectio,
3197 4913 3299 4952 nec
3344 4887 3582 4952 accusati
3615 4907 3794 4954 reatus

2195 4979 2486 5044 confessio,
2511 4998 2612 5037 uec
2629 4981 2870 5038 fidelium
2892 4985 3259 5054 comprobatio
3293 4987 3528 5052 testium,
3563 5003 3670 5042 nos
3699 5001 3796 5041 nec

2191 5067 2334 5122 illius
2367 5069 2532 5124 solius
2579 5071 2873 5126 narrationi
2921 5073 3130 5126 creduli
3173 5089 3294 5128 esse
3334 5089 3666 5144 possumus,
3701 5091 3794 5130 nec

2191 5171 2381 5210 rursus
2426 5157 2482 5210 in
2528 5172 2652 5212 eum
2699 5157 3030 5214 deﬁnitivam
3075 5161 3434 5216 damnationis
3475 5164 3792 5218 sententiam

2193 5242 2434 5312 proferre
2467 5245 2726 5300 valemus.
2760 5249 2910 5320 Ergo
2942 5247 3132 5302 saltem
3171 5265 3316 5304 nunc
3343 5249 3660 5306 fraternitas
3689 5259 3790 5316 tua,

2191 5331 2588 5401 metropolitani
2611 5334 2732 5401 jure
2762 5335 2948 5404 potita,
2981 5351 3047 5390 ex
3080 5337 3350 5408 episcopis
3381 5337 3483 5392 sub
3507 5355 3568 5392 se
3597 5341 3794 5412 degen-

2189 5417 2324 5474 tium
2355 5419 2442 5474 vel
2471 5419 2768 5476 vicinorum
2789 5439 2906 5489 sex,
2935 5439 3044 5480 una
3073 5439 3194 5481 cum
3217 5425 3496 5496 episcopo,
3529 5427 3687 5496 cujus
3715 5435 3796 5481 est

2188 5503 2292 5562 iste
2336 5507 2610 5577 parmciae,
2659 5510 2763 5566 sibi
2811 5511 3049 5580 socians,
3099 5520 3306 5570 tantum
3347 5513 3567 5586 negotio
3615 5513 3788 5570 subtili
