4112 6192
318 295 415 349 941

1603 290 1957 363 EPISTOLE
1995 292 2084 348 ET
2140 295 2485 355 uacuam.

3516 306 3623 372 ωε
3680 332 3689 341 ,

316 416 547 472 ventilet
589 416 965 473 discussionis
1019 417 1322 476 ventilabro
1378 426 1432 474 et
1483 417 1723 481 invento.
1782 418 1928 491 quod
1959 417 2309 478 Anientibus
2338 422 2554 479 illorum
2587 422 2655 479 sit
2679 432 2807 480 nota
2835 423 3092 496 iniquitas
3123 432 3176 482 et
3220 428 3495 484 consortio
3544 444 3630 485 sa-

316 505 527 575 justum
555 514 638 560 est
658 507 921 563 canonice
983 507 1249 564 decernat
1291 515 1344 563 et
1371 509 1647 564 communi
1700 507 1924 562 fratrum

320 609 551 649 censura
579 593 825 651 diﬂiniat.

996 686 1269 742 CCCXL].

504 786 577 826 AD
605 787 992 829 CENNEHOCUI
1020 789 1328 831 EPISCOPUH
1356 788 1749 829 νεΝΕτΕΝεευ.

799 844 1018 916 Fragm.
1051 875 1120 886 —
1155 848 1280 918 (An.
1314 846 1448 916 inc.)

331 930 484 998 Quod
514 931 770 988 sacerdos
799 932 1082 989 homicida
1130 949 1244 989 non
1275 938 1457 1006 potest
1510 936 1574 990 in
1615 932 1924 989 sacerdotio

988 1021 1239 1061 manere.

394 1088 565 1143 Miror
592 1089 773 1144 minus
810 1090 1027 1147 doctam
1063 1093 1348 1148 scientiam
1386 1101 1537 1148 tuam
1583 1092 1924 1148 sacerdotem

321 1184 519 1247 putare
545 1187 668 1247 post
696 1188 1060 1249 perpetratum
1090 1182 1439 1237 homicidium
1470 1198 1636 1253 posse
1663 1182 1719 1237 in
1747 1197 1927 1236 sacer-

320 1264 472 1320 dotio
503 1264 809 1322 ministrare
833 1286 848 1334 ;
880 1267 1010 1334 imo,
1035 1270 1181 1340 quod
1204 1278 1285 1324 est
1315 1271 1488 1340 pejus,
1522 1269 1680 1326 nobis
1698 1269 1926 1325 suadere

322 1352 486 1419 velle,
511 1363 568 1408 ut
599 1353 703 1425 ipsi
732 1354 826 1410 tali
875 1358 1281 1428 presumptioni
1312 1358 1684 1429 praeberemus
1729 1373 1924 1413 assen-

319 1457 460 1496 sum.
482 1440 617 1509 Quis
645 1443 790 1498 enim
819 1452 928 1498 tam
957 1444 1187 1500 demens
1216 1454 1431 1518 tamque
1460 1446 1709 1516 perversi
1731 1462 1926 1501 sensus

322 1529 433 1583 tale
462 1529 593 1600 quid
619 1531 934 1597 mstimaret,
971 1533 1056 1588 vel
1086 1541 1209 1604 post
1241 1542 1717 1606 quantumcunque
1746 1534 1926 1604 poeni-

324 1617 549 1672 tentiam
579 1619 1012 1687 concedendum,
1048 1637 1170 1677 cum
1201 1622 1348 1677 omni
1368 1623 1436 1677 sit
1464 1622 1741 1679 canonica:
1755 1622 1926 1677 disci-

322 1705 487 1776 plinae
520 1707 847 1762 contrarium
869 1708 897 1762 ?
926 1709 1100 1765 Debet
1153 1726 1288 1783 ergo
1315 1710 1625 1766 sacerdotio
1680 1711 1925 1781 privatus

318 1792 690 1865 lacrymarum
710 1794 857 1851 fonte
879 1797 1139 1868 ﬂagitium
1168 1807 1276 1853 tam
1320 1798 1559 1855 immane
1606 1798 1832 1865 diluere,
1865 1806 1923 1852 ut

319 1882 516 1936 talibus
546 1882 739 1938 saltem
757 1886 1014 1941 remediis
1034 1894 1267 1955 curatus,
1306 1887 1496 1943 salutis
1537 1887 1711 1959 possit
1764 1886 1921 1942 inve-

321 1970 443 2026 nire
472 1968 815 2044 suﬂ‘ragium.

606 2126 617 2127 ,
976 2063 1273 2118 CCCXLII.

715 2145 790 2186 AD
822 2148 1125 2189 EPISCOPOS
1153 2148 1491 2190 BRITANNIE.

996 2207 1097 2259 An.
1132 2205 1238 2259 inc.

996 2207 1097 2259 An.
1132 2205 1185 2259 in
1226 2247 1238 2259 .

439 2294 517 2349 De
545 2293 824 2349 ordinatis
850 2295 917 2349 ab
944 2205 1462 2349 Ileclocafgabbate
1490 2293 1803 2349 monachis.

608 2398 764 2452 (Mart.
792 2397 937 2444 Thes.
962 2396 1165 2453 Anecd.,
1215 2397 1333 2442 tom.
1356 2399 1438 2451 III,
1458 2412 1500 2451 p.
1534 2384 1650 2452 861.)

397 2487 654 2541 JOANNES
684 2487 942 2541 Romana
973 2486 1119 2541 sedis
1149 2486 1461 2558 episcopus,
1507 2486 1708 2541 dilecto
1761 2493 1925 2557 atque

316 2574 581 2645 praeclaro
609 2573 717 2629 ﬁlio
747 2577 932 2629 MAINO
961 2584 985 2610 ³
1014 2575 1444 2646 archiepiscopo,
1477 2590 1688 2629 necnon
1749 2581 1801 2628 et
1828 2589 1928 2630 cae-

324 2662 458 2717 teris
523 2662 796 2734 episcopis
827 2679 923 2733 per
953 2663 1281 2718 Britanniam
1326 2662 1791 2719 commanentibus
1824 2661 1903 2734 [al

332 2751 820 2824 commorantibus]
880 2752 1107 2807 salutem
1162 2760 1215 2807 et
1255 2752 1610 2823 apostolicam
1697 2751 1926 2807 benedi-

321 2839 578 2896 ctionem.

386 2929 593 2985 Notum
622 2928 690 2983 sit
723 2928 877 2983 vobis
908 2928 1185 3000 quomodo
1210 2928 1508 3001 Resgallon
1529 2936 1582 2983 et
1601 2927 1800 2983 Corvili
1826 2927 1924 3000 [al.

326 3033 420 3073 rex
449 3017 650 3072 Gallon
677 3025 729 3071 et
762 3016 992 3089 Gorvili]
1025 3033 1147 3073 cum
1170 3017 1290 3072 aliis
1332 3017 1619 3072 monachis
1695 3032 1928 3087 corpora

2026 524 2136 565 crae
2165 510 2435 568 Ecclesiae
2464 512 2753 568 videantur
2783 515 3052 569 extranei.

2662 602 2984 658 CCCXLIV.

2402 685 2752 729 ADUARINUM
2783 687 2852 728 ΕΤ
2880 687 3230 730 PULCBAREH.

2531 743 2731 815 Fragm
2761 774 2831 783 —
2859 744 2986 814 (An.
3018 744 3153 813 inc.)

2096 836 2204 891 Sed
2222 844 2273 892 et
2302 838 2598 907 provinciis
2628 846 2823 894 vestras
2879 838 3152 896 ﬁdelitatis
3197 841 3356 896 vobis
3383 842 3624 914 injungi-

2024 939 2167 988 mus,
2199 931 2258 977 ut
2287 940 2411 980 cum
2442 925 2713 998 aliquibus
2741 927 2971 982 navibus
3000 937 3214 984 vestros
3241 929 3441 986 milites
3469 932 3629 987 robu-

2025 1010 2299 1066 stissimos
2327 1014 2740 1083 praesentialiter
2769 1015 3071 1082 destinatis,
3118 1017 3210 1088 qui
3264 1019 3627 1092 quadraginta

2025 1097 2350 1167 Saracenos,
2385 1101 2477 1171 qui
2507 1102 2709 1157 dudum
2740 1103 3060 1159 Graecorum
3099 1113 3410 1160 nostrorum
3465 1107 3625 1163 navi-

2024 1186 2127 1241 bus
2152 1186 2209 1240 in
2236 1203 2389 1242 mare
2418 1187 2626 1259 fugere,
2660 1190 2860 1261 quique
2890 1199 3082 1261 postea
3130 1193 3468 1249 terrestrium
3517 1212 3620 1252 no-

2026 1282 2259 1330 atrorum
2309 1276 2540 1331 militum
2592 1278 2878 1347 exspoliati
2907 1280 3074 1334 armis
3108 1281 3358 1336 omnibus
3404 1283 3618 1351 virtute,

2022 1363 2076 1416 in
2107 1363 2308 1417 montis
2335 1364 2510 1419 Circel
2538 1364 2774 1419 latibulis
2800 1376 3106 1433 evaserunt,
3130 1384 3239 1423 una
3268 1385 3390 1425 cum
3420 1373 3624 1427 nostris

2022 1450 2365 1521 pedestribus
2422 1454 2850 1522 apprehendant,
2915 1455 3044 1525 quia
3097 1472 3198 1511 nos
3252 1474 3351 1528 pro
3397 1459 3622 1515 tantillis

2027 1539 2319 1594 Saracenis
2352 1539 2641 1595 dromones
2670 1550 2891 1596 nostros
2922 1542 3154 1614 fatigare
3181 1545 3450 1614 nolumus,
3489 1547 3620 1602 dum

2025 1626 2094 1680 de
2123 1626 2278 1682 vobis
2308 1625 2586 1683 conlidere
2609 1629 2771 1697 (sicut
2807 1639 2859 1684 et
2889 1630 2994 1700 ipsi
3008 1631 3148 1686 velle
3176 1631 3441 1705 dicimini)
3494 1650 3624 1704 pro-

2024 1729 2278 1770 vocamur
2303 1715 2481 1770 modis
2510 1716 2762 1771 omnibus
2791 1717 3148 1774 confidentes.
3201 1718 3341 1788 Quia
3395 1721 3442 1775 si
3494 1722 3625 1778 obe-

2039 1764 2267 1770 .--ρη-
2304 1764 2479 1770 --η-η
2514 1764 2761 1771 ---ω----
2795 1764 3148 1774 η----ν-..π-
3205 1764 3341 1788 κη..
3395 1764 3442 1775 υ.
3495 1764 3611 1778 νυνί

1951 1764 2005 1826 Β
2027 1801 2242 1857 dientize
2272 1811 2469 1858 vestrae
2499 1804 2854 1859 constantiam
2885 1813 2936 1859 et
2990 1804 3116 1860 ﬁdei
3162 1808 3453 1877 puritatem
3500 1825 3624 1865 cum

2023 1890 2233 1945 virtutis
2262 1890 2499 1946 eliicacia
2541 1891 2687 1947 circa
2715 1891 2771 1946 S.
2823 1892 2888 1947 R.
2920 1893 2986 1947 E.
3044 1894 3243 1949 amodo
3280 1897 3624 1953 consenseri-

2022 1994 2161 2043 mus,
2221 1972 2329 2034 non
2382 1979 2555 2034 solum
2585 1980 2654 2035 de
2676 1980 2761 2034 his
2778 1980 2949 2035 tribus
2970 1982 3166 2052 quibus
3197 1998 3294 2038 vos
3322 1983 3464 2039 ultra
3493 2000 3626 2041 con-

2024 2066 2366 2121 suetudinem
2427 2075 2803 2139 praegravatos
2841 2067 3039 2135 dicitis,
3071 2069 3127 2123 in
3181 2078 3437 2141 quantum
3483 2073 3625 2129 ratio

2023 2154 2393 2225 postulaverit,
2426 2154 2803 2228 levigabimus,
2835 2171 3021 2211 verum
3049 2157 3209 2212 etiam
3256 2166 3315 2211 ut
3342 2159 3624 2229 propriam

2024 2242 2083 2297 S.
2115 2242 2261 2296 Petri
2290 2242 2552 2297 familiam
2581 2243 2728 2299 terra
2747 2245 2998 2316 marique
3038 2260 3136 2301 vos
3187 2246 3345 2315 tueri,
3388 2247 3622 2303 Domino

2023 2329 2380 2398 oonfortante,
2438 2332 2794 2387 studebimus.

2665 2439 2960 2495 CCCXLV.

2484 2523 2557 2563 AD
2592 2525 2827 2565 COZILEM
2861 2525 3129 2567 ΩΟΠῙΤΕΠ.

2661 2582 2787 2650 (An.
2821 2581 2957 2651 inc.)

2027 2669 2117 2725 De,
2132 2666 2250 2722 illis
2279 2668 2393 2739 qui,
2427 2668 2699 2744 uxoribus
2716 2668 2833 2744 suis
2850 2669 3119 2744 dimissis,
3136 2669 3207 2725 ad
3226 2670 3372 2726 alias
3390 2671 3621 2744 nuptias

2402 2802 2406 2807 .
2647 2740 3010 2794 transierint.

2101 2843 2270 2896 Porro
2282 2858 2377 2896 eos
2398 2841 2490 2913 qui
2502 2858 2701 2897 uxores
2723 2859 2851 2898 suas
2888 2843 3225 2914 dimiserunt,
3250 2845 3340 2901 vel
3373 2846 3443 2901 ad
3471 2846 3625 2914 alias,

2030 2927 2137 2984 illis
2155 2930 2476 2999 viventibus,
2509 2930 2727 3002 nuptias
2748 2932 3141 3004 migraverunt,
3171 2934 3354 2989 tandiu
3376 2950 3472 2990 eos
3500 2951 3626 2991 cum

2032 3019 2414 3073 consentaneis
2470 3035 2653 3075 eorum
2710 3019 3261 3088 excommunicamus,
3323 3039 3627 3094 quousque,

318 3105 692 3176 apostolorum
714 3106 1013 3171 visitarunt,
1047 3113 1340 3177 nostraque
1389 3106 1442 3159 in
1484 3105 1773 3176 praesentia
1829 3121 1927 3160 ve-
1961 3114 2009 3177 (3
2030 3106 2427 3177 posterioribus
2458 3109 2699 3177 remot'n,
2723 3109 2934 3179 priores
2962 3109 3277 3179 pmnitendo
3307 3111 3633 3181 receperint.

318 3201 533 3249 nerunt.
569 3194 762 3248 Postea
789 3194 858 3248 de
906 3194 1123 3248 illorum
1179 3194 1522 3248 ordinatione
1582 3201 1633 3247 et
1692 3193 1924 3248 aliorum

316 3282 712 3338 monachorum
742 3298 841 3353 per
870 3282 1228 3354 ignorantiam
1268 3282 1336 3337 ab
1368 3282 1670 3337 Heclocaro
1728 3282 1924 3336 abbate

319 3379 548 3441 accepta
571 3371 955 3438 judicavimus,
1005 3379 1063 3425 ut
1121 3371 1168 3425 si
1224 3371 1341 3442 ipse
1372 3371 1595 3443 indigne
1626 3371 1924 3440 usurpavit,

322 3459 416 3531 qui
447 3458 512 3531 [Γ.
548 3457 712 3532 quod]
741 3475 772 3513 a
800 3458 1017 3514 nemine
1065 3458 1207 3513 illius
1238 3458 1398 3514 ofﬁcii
1447 3459 1761 3514 ordinatore
1817 3458 1924 3512 mi-

324 3547 473 3602 nime
505 3548 777 3618 acceperit
810 3566 824 3613 ;
856 3547 973 3602 istis
1004 3555 1186 3602 tamen
1215 3547 1284 3601 sit
1337 3546 1575 3618 perfecta
1631 3546 1920 3612 ordinatio,

326 3636 454 3707 quia
485 3636 611 3690 mali
639 3644 869 3707 possunt
898 3637 1042 3691 bona
1072 3636 1209 3691 bene
1255 3636 1585 3701 ministrare,
1637 3652 1758 3691 cum
1820 3635 1927 3689 sint

325 3740 582 3795 nequam.
615 3724 719 3779 llle
736 3740 867 3779 vero
897 3724 1130 3795 amplius
1183 3724 1456 3779 neminem
1484 3724 1697 3779 ordinet
1726 3739 1925 3795 quous-

321 3828 431 3884 que
464 3813 531 3867 sit
548 3812 633 3867 sui
659 3813 895 3884 contagii
924 3813 1082 3868 nodis
1112 3806 1338 3869 solutus.
1397 3814 1507 3868 Hos
1537 3812 1827 3866 suademus
1858 3811 1926 3866 de

341 3908 544 3957 σείετο
574 3917 725 3956 suam
755 3909 1115 3972 procurantes
1144 3901 1413 3975 regulam,
1446 3909 1504 3955 ut
1533 3899 1729 3955 fratres
1765 3915 1828 3955 ac
1858 3898 1925 3953 ﬁ-

314 3988 405 4044 liis
436 3989 502 4062 [/'.
540 3988 698 4062 ﬁlios]
728 3990 998 4056 alacriter,
1033 3990 1179 4045 omni
1199 3989 1489 4045 occasione
1527 3987 1846 4060 postposita,
1872 3987 1926 4041 in

321 4094 425 4134 suo
457 4078 790 4132 monasterio
820 4077 1062 4148 recipiat,
1095 4078 1162 4133 ad
1183 4078 1446 4147 deinceps
1479 4077 1680 4131 bonum
1712 4091 1846 4148 erga
1866 4091 1925 4129 se

324 4166 565 4221 studium
585 4182 823 4237 suosque
851 4166 1126 4235 subjectos
1163 4165 1342 4231 faciat,
1377 4181 1445 4225 ne
1484 4172 1632 4219 sator
1688 4164 1925 4218 zizanio-

319 4270 447 4309 rum
485 4254 567 4308 sui
596 4254 784 4327 gregis
813 4254 881 4308 sit
910 4270 1152 4325 sparsor,
1178 4262 1231 4309 et
1252 4271 1320 4309 ne
1358 4253 1557 4308 nostris
1586 4253 1779 4306 iterum
1838 4265 1928 4303 au-

322 4341 474 4397 ribus
505 4342 573 4396 de
592 4342 684 4397 illo
702 4342 1085 4414 proclametur,
1113 4351 1170 4398 ut
1200 4342 1387 4416 regula
1423 4341 1521 4396 rite
1548 4338 1831 4410 judicabit,
1859 4337 1927 4391 ed

320 4431 403 4486 eis
434 4439 681 4503 peragat.

978 4519 1301 4574 CCCXLIII.

790 4603 862 4643 AD
913 4604 1134 4644 PETRUM
1168 4603 1496 4643 EPISCOPUM.

801 4660 1020 4732 Fragm.
1055 4690 1123 4699 —
1154 4662 1278 4730 (An.
1314 4660 1447 4729 inc.)

400 4747 458 4804 Si
488 4747 765 4802 Deodatus
787 4748 1156 4818 etGregorius
1187 4755 1387 4803 statuto
1428 4748 1543 4817 jam
1585 4754 1829 4817 tempore
1860 4744 1926 4799 ad

331 4852 436 4891 nos
465 4835 654 4891 venire
680 4844 733 4890 et
762 4836 945 4890 omnia
969 4837 1115 4905 juste
1143 4844 1308 4906 atque
1340 4836 1602 4891 canonice
1631 4834 1927 4890 emendare

325 4924 773 4994 contempserint,
806 4924 1151 4996 gravioribus
1182 4940 1276 4979 eos
1297 4924 1543 4994 perpetui
1573 4921 1929 4978 anathematis

326 5011 561 5067 vinculis
590 5012 992 5076 innodabimus,
1029 5028 1327 5083 eorumque
1372 5012 1583 5068 scelera
1631 5019 1683 5066 et
1711 5026 1928 5067 excom-

323 5100 738 5166 municationes,
773 5108 826 5155 et
853 5102 1202 5155 anathemata
1216 5101 1519 5156 scribentes
1554 5108 1679 5154 ante
1710 5102 1934 5157 sanctis-

330 5188 527 5243 simam
556 5188 703 5243 beati
730 5188 872 5243 Petri
903 5188 1136 5259 apostoli
1182 5188 1478 5260 imaginem
1528 5198 1930 5257 suspendemus

330 5284 394 5331 ut
425 5275 679 5331 omnibus
708 5276 777 5331 de
805 5284 918 5331 toto
947 5277 1151 5332 mundo
1180 5276 1251 5331 ad
1269 5275 1457 5330 limina
1487 5276 1781 5345 apostolica
1831 5293 1930 5333 ve-

394 5426 418 5453 a
455 5402 631 5452 Merito
676 5402 987 5453 Turonenses
1056 5402 1104 5452 in
1166 5402 1419 5465 responsis
1505 5401 1567 5451 ad
1610 5401 1800 5464 objecta
1833 5404 1933 5453 Do-

330 5468 540 5520 lensium
603 5474 830 5520 asserunt
871 5468 1126 5532 scriptoris
1199 5469 1386 5520 incuria
1458 5480 1637 5519 nomen
1685 5469 1933 5532 archiepi-

339 5535 482 5599 ποιῇ
529 5534 790 5599 irrepsisse
808 5536 859 5586 in
906 5536 1045 5587 titulo
1092 5534 1240 5597 hujus
1281 5535 1502 5599 epistola:
1528 5548 1544 5599 ;
1569 5535 1715 5599 idque
1775 5537 1937 5600 arguit

2028 3194 2180 3250 Sicut
2210 3194 2355 3249 enim
2388 3195 2589 3265 nuptiae
2610 3212 2642 3251 a
2661 3198 2794 3265 Deo,
2823 3198 2895 3252 ita
2926 3198 3219 3252 divortium
3239 3215 3269 3252 ει
3291 3199 3512 3254 diabolo
3532 3205 3633 3266 est,

2027 3290 2168 3337 teste
2201 3290 2392 3338 sancto
2413 3284 2733 3353 Augustino,
2766 3293 3060 3355 repertum.
3090 3286 3239 3352 Quod
3285 3288 3441 3341 enim
3489 3287 3636 3340 Deus

2024 3371 2349 3441 conjunxit,
2369 3370 2527 3426 homo
2557 3386 2671 3425 non
2701 3377 2921 3442 separet
2951 3373 3170 3444 (Matth.
3201 3373 3335 3442 xv):
3359 3371 3635 3443 praecipue

2028 3473 2150 3512 cum
2178 3457 2297 3513 haec
2326 3456 2563 3527 pessima
2598 3459 2933 3513 consuetudo
2964 3476 3029 3515 ex
3084 3474 3426 3532 paganorum
3484 3474 3635 3514 more

2034 3546 2379 3613 remanserit,
2413 3562 2643 3617 quorum
2669 3545 2723 3599 in
2756 3546 2950 3601 talibus
3006 3564 3115 3604 non
3173 3549 3312 3605 alias
3338 3587 3342 3590 -
3369 3548 3475 3603 nisi
3513 3547 3631 3620 ipse

2041 3634 2288 3689 diabolus
2316 3642 2430 3688 erat
2448 3633 2713 3706 magister
2737 3643 2791 3689 et
2820 3643 3023 3689 auctor.

2098 3721 2518 3777 Prudentissime
2549 3723 2648 3788 vir,
2682 3722 2836 3776 stude
2869 3731 2922 3777 et
2951 3723 3187 3793 praevide
3218 3725 3400 3780 utduo
3435 3725 3587 3783 viriil
3612 3727 3630 3782 i

2028 3809 2119 3880 qui
2150 3826 2346 3865 uxores
2376 3825 2523 3875 suas,
2559 3825 2693 3881 quas
2721 3810 2866 3864 Deus
2891 3810 2997 3864 illis
3020 3813 3343 3883 praeparavit
3365 3815 3625 3883 etjunxit,

2027 3898 2345 3966 abjeceruut
2378 3941 2389 3963 ,
2422 3913 2512 3952 cas
2568 3897 2835 3968 repellere
2912 3897 3134 3954 minime
3206 3901 3623 3970 permittantur:

2030 3986 2155 4057 quia
2184 3985 2406 4056 impium
2435 3994 2518 4041 est
2545 3994 2601 4041 ut
2642 3986 2753 4058 qui,
2789 3995 3013 4043 auctore
3041 3988 3178 4054 Deo,
3218 3988 3383 4060 legali
3416 3989 3621 4046 {cedere

2027 4073 2259 4144 copulati
2289 4082 2432 4141 sunt,
2465 4090 2567 4145 pro
2598 4075 2838 4129 humano
2860 4074 3034 4140 libitu,
3065 4076 3173 4130 imo
3204 4075 3394 4132 fraude
3436 4078 3620 4134 diabo-

2025 4161 2130 4216 lica
2144 4170 2480 4231 separentur.
2495 4163 2645 4217 Idem
2657 4163 3150 4218 commonitorium
3161 4165 3336 4219 Paulo
3349 4168 3620 4238 episcopo.

2027 4249 2272 4304 Praevide
2299 4259 2355 4303 ut
2375 4250 2443 4304 de
2474 4250 2816 4319 separatione
2862 4252 3275 4323 conjugatorum
3328 4253 3623 4308 maximam

2028 4352 2221 4391 curam
2252 4353 2434 4408 geras,
2468 4336 2539 4391 ita
2556 4345 2613 4391 ut
2633 4338 2724 4409 qui
2757 4352 2789 4392 a
2819 4338 3162 4409 susceptione
3205 4339 3351 4394 sedis
3398 4349 3625 4410 aposto-

1951 4424 2146 4519 Dlictn
2191 4424 2486 4479 litterarum
2545 4425 2783 4495 separati
2831 4432 2973 4494 sunt,
3034 4426 3306 4496 inculpate
3362 4427 3622 4483 reducant

2024 4510 2234 4583 priores
2264 4528 2483 4577 uxores,
2517 4511 2757 4581 injuncta
2794 4512 3137 4569 convenienti
3170 4515 3503 4585 paenitentia,
3537 4515 3620 4570 di-

2026 4598 2210 4654 missis
2238 4616 2377 4671 quas
2404 4601 2750 4669 postmodum
2781 4609 2904 4655 sunt
2934 4602 3124 4656 sortiti.
3157 4601 3314 4671 Quod
3346 4603 3391 4658 si
3435 4602 3627 4659 nolue-

2028 4687 2155 4753 rint,
2188 4695 2342 4742 extra
2372 4687 2661 4743 ecclesiam
2687 4687 2846 4744 facite
2875 4705 2980 4743 una
3009 4705 3131 4744 cum
3172 4690 3258 4744 his
3287 4690 3378 4762 qui
3434 4706 3531 4746 eos
3569 4690 3623 4745 in

2029 4775 2416 4831 communione
2445 4775 2711 4847 recipiunt
2736 4820 2748 4842 ,
2771 4777 2945 4833 donec
2966 4777 3255 4832 emendent
3294 4794 3416 4850 quae
3443 4777 3622 4833 admi-

2028 4871 2230 4918 serunt.

2651 4948 2969 5007 CCCXLVI.

2310 5036 2542 5077 CONSTIT
2543 5032 2775 5160 0110(212
2802 5034 3351 5162 JDRE)CARDINALIUI.

2738 5108 2771 5145 n
2780 5133 2792 5145 .
2828 5107 2932 5146 inc.

2738 5108 2792 5145 n.
2828 5107 2932 5146 ch.

2102 5189 2347 5261 Itemque
2380 5204 2444 5244 ex
2477 5195 2667 5243 nostra
2696 5187 2951 5258 praesenti
3008 5188 3390 5243 constitutione
3439 5181 3524 5241 bis
3571 5183 3628 5242 in

2030 5292 2220 5331 mense
2245 5276 2333 5332 vel
2365 5292 2430 5331 eo
2461 5275 2714 5346 amplius,
2748 5275 2835 5331 vel
2862 5275 3006 5346 apud
3037 5274 3185 5330 illum
3234 5275 3320 5331 vel
3349 5272 3498 5329 illum
3554 5274 3630 5329 ti-

2245 5400 2514 5466 sequentis,
2560 5400 2642 5452 ubi
2687 5401 2908 5453 Dolensis
2971 5402 3222 5466 episcopus
3257 5400 3414 5453 solum
3467 5401 3635 5454 nomi-

2152 5481 2193 5518 r.

2152 5481 2193 5518 ι’.
