4060 6184
520 247 623 302 9ιό

1847 237 2142 296 JOANNIS
2199 238 2396 294 PAPxE
2451 239 2593 296 VIII.

3715 243 3813 294 944

515 370 708 434 tulum,
741 367 856 423 sive
885 367 1024 437 apud
1074 353 1224 422 illam
1277 363 1363 420 vel
1413 365 1560 420 illam
1615 363 1943 428 diaconiam,
2005 363 2119 418 sive
2151 362 2376 422 Anobili
2404 363 2522 419 viro
2555 363 2804 428 Radulfo,
2857 363 2996 420 sicut
3020 363 3130 431 jam
3167 371 3294 418 ante
3323 361 3581 428 diximus,
3645 371 3812 417 matu-

515 459 658 529 apud
692 457 826 512 alias
857 456 1126 527 quaslibet
1167 455 1423 510 ecclesias
1439 471 1534 509 vos
1567 453 1860 508 convenire
1879 453 2107 506 manda-

515 562 656 600 mus.
686 547 753 600 Et
782 545 854 600 ob
883 552 1118 600 vestram
1149 551 1200 598 et
1231 541 1544 597 inferiorum
1577 542 1901 596 clericorum
1925 541 2104 604 vitam,

516 643 568 689 et
597 649 796 700 mores,
829 641 878 686 et
910 631 1213 702 qualitates,
1247 639 1300 685 et
1329 631 1540 685 habitus
1593 630 1822 684 vestium
1852 645 2111 698 perscru-

513 722 753 782 tandum,
780 727 830 775 et
860 719 1092 790 qualiter
1121 719 1346 789 quilibet
1377 718 1654 789 praepositi
1685 735 1744 772 se
1789 734 1916 788 erga
1979 717 2106 769 sub-

512 809 654 864 ditos
685 809 934 873 habeant,
985 806 1072 860 vel
1093 807 1238 877 quod
1270 807 1470 861 subditi
1517 806 1630 860 suis
1647 805 1952 876 praepositis
1997 819 2106 858 non

507 897 780 962 obediant,
807 903 860 949 et
890 895 960 949 ad
981 895 1209 966 quaeque
1251 895 1436 950 illicita
1479 895 1828 964 amputanda,
1881 892 2106 948 clerico-

509 1001 630 1038 rum
663 999 876 1055 quoque
906 983 1238 1038 etlaicorum
1269 983 1658 1054 querimonias,
1721 999 1842 1051 quae
1895 981 1964 1035 ad
2001 997 2106 1034 no-

509 1079 680 1125 strum
706 1071 970 1140 judicium
999 1071 1286 1140 pertinent,
1325 1079 1582 1142 quantum
1613 1068 1732 1124 ﬁeri
1761 1077 1955 1139 potest,
2004 1069 2104 1122 de-

507 1157 791 1214 ﬁniendas.
825 1157 1040 1228 Quippe
1071 1173 1194 1214 cum
1245 1159 1384 1214 sicut
1430 1166 1670 1212 nostram
1727 1156 2104 1210 mansuetudi-

505 1261 632 1300 nem
661 1246 946 1316 Moysi,ita
979 1255 1028 1300 et
1065 1255 1304 1300 vestram
1337 1245 1728 1300 fraternitatem
1761 1243 2105 1314 septuaginta

503 1334 796 1402 seniorum,
832 1334 924 1404 qui
955 1334 1058 1386 sub
1089 1335 1284 1387 eodem
1306 1349 1592 1388 causarum
1624 1333 1842 1404 negotia
1899 1331 2102 1400 dijudi-

504 1423 720 1486 cabant,
765 1421 1190 1476 vicissitudinem
1251 1437 1464 1490 gerere,
1517 1429 1722 1475 certum
1779 1420 2098 1474 habeamus.

501 1511 651 1566 Idem
707 1509 1040 1563 monasteria
1093 1508 1378 1562 abbatibus
1427 1508 1642 1564 viduata
1697 1517 1750 1561 et
1823 1508 2098 1572 abbatum,

501 1606 690 1653 nostra
719 1597 1063 1666 praecedente
1121 1595 1470 1662 conscientia,
1533 1595 1966 1650 substitutionem
2017 1596 2102 1648 his

2203 452 2314 505 rius
2355 453 2656 518 restituere,
2693 461 2744 508 et
2793 451 2907 506 viro
2939 469 3040 506 suo
3071 453 3374 516 adhaerere,
3409 451 3710 507 secundum
3737 451 3811 506 le-

2205 555 2332 611 gem
2363 541 2576 594 Domini
2619 539 2800 595 facere
2837 559 2848 593 :
2885 556 2990 594 non
3051 541 3193 594 enim
3253 541 3338 594 lex
3389 539 3497 593 ulla
3553 539 3812 609 permittit

2203 628 2491 698 quominus
2521 637 2613 682 aut
2647 630 2902 697 injectum
2925 629 3028 682 sibi
3069 629 3278 684 crimen
3307 627 3655 694 conﬁteatur,
3723 635 3807 682 aut

2205 724 2410 770 cei-tea
2439 716 2662 771 crimine
2717 717 2936 784 injecto,
2997 715 3244 788 legitima
3291 718 3578 786 praemissa
3627 731 3811 787 purga-

2199 803 2360 870 tione,
2397 804 2652 859 solvatur.
2691 803 2850 872 Quod
2879 813 3128 858 neutrum
3179 821 3346 878 agere
3395 804 3484 858 illa
3517 804 3800 876 delegerit,

2207 892 2302 946 sed
2332 891 2446 946 sola
2473 893 2832 948 obstinatione
2889 909 3008 958 usa,
3079 893 3210 946 nulli
3269 891 3626 948 satisfactioni
3683 893 3808 947 dare

2205 995 2426 1048 operam
2473 981 2867 1050 procuraverit,
2919 980 3086 1051 liquet
3169 989 3352 1051 aperte
3407 980 3534 1051 quia
3603 979 3806 1035 crimen

2206 1067 2349 1137 quod
2375 1083 2484 1122 non
2513 1069 2702 1134 deluit,
2735 1069 2921 1138 procul
2951 1069 3114 1122 dubio
3149 1067 3454 1124 conﬁtetur.
3483 1067 3630 1122 Solae
3657 1083 3804 1120 nam-

2205 1171 2327 1225 que,
2361 1164 2416 1210 ut
2437 1165 2656 1212 sanctus
2685 1173 2827 1226 papa
2857 1156 3045 1212 scribit
3069 1157 3370 1222 Hormisda,
3407 1171 3640 1212 examen
3671 1155 3804 1210 eﬂ'u-

2201 1243 2354 1312 giunt
2383 1244 2750 1310 conscientiae,
2805 1261 2925 1316 qum
2977 1253 3122 1300 recta
3187 1253 3312 1298 sunt
3359 1261 3468 1299 non
3535 1253 3800 1299 tenentes.

2203 1331 2351 1402 Ergo
2382 1332 2426 1385 si
2457 1332 2521 1396 is,
2557 1332 2644 1386 vel
2677 1333 2790 1401 illa,
2843 1333 2930 1387 vel
2961 1350 3078 1398 vos,
3112 1333 3448 1404 apostolatus
3479 1333 3656 1387 nostri
3701 1333 3804 1387 de-

2199 1419 2358 1474 cretis
2389 1420 2615 1474 obedire
2647 1429 3057 1492 postponentes,
3090 1437 3236 1492 saepe
3253 1429 3612 1476 memoratam
3647 1420 3804 1476 femi-

2201 1523 2328 1561 nam
2355 1515 2446 1560 aut
2474 1525 2504 1560 a
2533 1508 2632 1562 viri
2659 1517 2947 1578 potestate,
2987 1518 3079 1564 aut
3117 1526 3146 1562 a
3177 1509 3316 1580 legis
3337 1509 3610 1576 examine,
3659 1508 3804 1562 nulla

2201 1595 2504 1650 rationabili
2531 1611 2692 1651 causa
2719 1605 2980 1664 exstante,
3016 1597 3320 1652 subducere
3349 1597 3584 1667 amplius
3631 1597 3804 1652 conati

498 1686 590 1757 qui
621 1693 746 1739 sunt
768 1685 906 1738 inter
935 1699 1034 1738 nos
1065 1682 1226 1754 [vos],
1261 1684 1346 1738 vel
1377 1683 1576 1737 fuerint
1622 1683 1940 1738 monasticae
1969 1699 2092 1754 pro-
2115 1711 2168 1770 Β
2197 1683 2422 1750 fueritis,
2457 1692 2564 1738 tam
2595 1684 2684 1738 illa
2715 1701 2874 1756 quam
2895 1701 3012 1752 vos,
3069 1686 3378 1757 Theiberga
3427 1693 3481 1740 et
3527 1685 3798 1750 Alderice,

493 1773 776 1838 fessionis,
808 1771 1148 1842 disponenda
1177 1771 1580 1826 committimus.

573 1863 803 1930 Pr0pter
833 1859 1250 1914 sollicitudinem
1273 1867 1456 1914 autem
1489 1859 1843 1914 ecclesiarum
1895 1867 1946 1914 et
1997 1861 2106 1916 cle-

504 1949 734 2006 ricorum
765 1947 1080 2002 eorumdem
1111 1946 1473 2016 disciplinam,
1508 1947 1620 2001 sive
1675 1947 1934 2002 laicorum
1974 1964 2108 2019 que-

502 2036 762 2092 rimonias
791 2034 1150 2100 deﬁniendas,
1201 2035 1286 2088 bis
1315 2035 1368 2088 in
1391 2035 1732 2090 hebdomade
1785 2037 1852 2090 ad
1910 2051 2103 2090 sacro-

501 2131 744 2180 sanctum
773 2123 1056 2194 palatium,
1087 2123 1240 2192 juxta
1269 2123 1487 2178 decreta
1517 2124 1941 2192 praedecessoris
1997 2140 2102 2178 no-

499 2212 602 2267 stri
631 2211 828 2267 Leonis
857 2211 1058 2282 quarti,
1092 2227 1192 2266 vos
1223 2211 1514 2265 convenire
1547 2211 1884 2266 mandamus.

571 2302 706 2354 Item
737 2299 1011 2354 sancimus
1041 2298 1108 2354 de
1136 2299 1407 2368 parochiis
1453 2299 1674 2364 nostris,
1738 2307 2100 2371 quantumque

495 2385 736 2459 pontiﬁci
766 2384 1354 2457 competit,pontiﬁcali
1385 2385 1650 2442 beneﬁcio
1705 2403 1803 2442 vos
1857 2389 1912 2441 in
1969 2405 2098 2458 per-

499 2484 722 2548 petuum
753 2474 1058 2545 possidere,
1093 2481 1146 2529 et
1175 2475 1228 2528 in
1258 2475 1645 2544 principalibus
1675 2475 1922 2530 ecclesiis
1945 2476 2099 2544 juxta

501 2563 788 2634 primatum
818 2569 1013 2618 vestrae
1041 2561 1467 2617 consecrationis
1496 2563 1736 2617 vicissim
1777 2562 1946 2618 ofﬁcia
2005 2563 2095 2618 di-

495 2651 622 2708 vina
649 2666 938 2723 peragere,
971 2659 1024 2704 et
1055 2665 1252 2704 earum
1284 2650 1666 2718 oblationibus,
1699 2650 1848 2706 salva
1877 2667 2096 2722 semper

499 2739 858 2795 cardinalium
887 2738 1240 2794 diaconorum
1255 2739 1439 2810 prisca
1468 2739 1880 2806 consuetudine,
1911 2756 2093 2810 aequa-

495 2827 620 2882 liter
653 2826 1001 2897 participare,
1035 2835 1142 2880 tam
1171 2835 1396 2896 propter
1423 2845 1582 2881 usum
1595 2837 1832 2882 vestrum
1853 2843 2016 2899 quam
2037 2829 2092 2882 in

494 2914 846 2970 ecclesiarum
875 2923 1178 2970 vestrarum
1223 2915 1569 2970 luminarium
1627 2916 2090 2976 concinnationes.

1120 3020 1465 3075 CCCXLVII.

973 3107 1190 3181 Fragm.
1225 3141 1293 3148 —
1325 3109 1448 3178 (An.
1476 3109 1610 3180 inc.)

833 3199 1042 3254 Contra
1071 3197 1367 3252 violatores
1398 3197 1592 3253 domus
1627 3199 1746 3252 Dei.

568 3283 625 3342 Si
655 3283 776 3358 quis
803 3285 1024 3340 domum
1054 3285 1154 3340 Dei
1184 3285 1468 3340 violaverit
1488 3293 1539 3339 et
1559 3285 1734 3357 aliqua
1765 3285 1880 3340 sine
1918 3287 2088 3343 licen-

492 3375 568 3430 tia
597 3374 760 3440 illius,
793 3373 878 3430 cui
910 3373 1199 3428 commissa
1229 3390 1352 3428 esse
1372 3373 1728 3446 dignoscitur,
1753 3375 1880 3430 inde
1895 3377 2084 3431 abstu-

493 3463 631 3526 lerit,
665 3461 750 3517 vel
766 3461 822 3515 in
851 3461 1237 3518 ecclesiasticis
1265 3462 1514 3532 personis
1561 3461 1814 3531 injuriam
1873 3463 2080 3534 fecerit,

492 3551 667 3605 donec
697 3549 752 3603 in
791 3557 1057 3604 conventu
1113 3549 1420 3603 admonitus
1469 3549 1708 3622 legitime
1769 3551 2079 3622 satisfaciat,

495 3637 626 3692 sciat
651 3653 710 3691 se
739 3636 1118 3692 communione
1141 3635 1257 3691 fore
1312 3637 1601 3706 privatum.
1663 3637 1720 3692 Si
1777 3655 1904 3694 vero
1959 3649 2083 3710 post

489 3725 780 3780 secundam
822 3732 874 3779 et
895 3724 1108 3779 tertiam
1146 3724 1559 3780 conventionem
1597 3741 1775 3781 coram
1823 3729 2080 3798 episcopo

494 3811 812 3868 satisfacere
840 3813 1232 3878 detrectaverit,
1266 3813 1542 3884 sacrilegii
1599 3815 1842 3884 periculo
1873 3817 1940 3870 ab
1971 3833 2083 3872 om-

489 3900 650 3956 nibus
671 3900 937 3954 obnoxius
977 3906 1245 3964 teneatur,
1269 3901 1344 3954 ita
1363 3909 1420 3955 ut
1437 3901 1738 3956 secundum
1761 3905 2079 3973 Apostolum

485 3987 691 4041 nemini
724 3985 958 4040 ﬁdelium
987 3986 1294 4041 misceatur.

1132 4091 1500 4146 CCCXLVIII.

817 4193 888 4234 AD
919 4194 1274 4234 THEIBEIIGAM
1303 4195 1372 4233 ET
1392 4193 1724 4238 ALDERICUM.

1141 4269 1265 4338 (An.
1291 4269 1424 4338 inc.)

487 4359 618 4416 Illos
641 4359 904 4414 hortatur
929 4361 992 4411 ut
1033 4356 1270 4426 Radulfo
1327 4373 1490 4412 suam
1523 4376 1760 4416 uxorem
1809 4363 2067 4419 reddant.

591 4499 594 4502 _
907 4441 1066 4498 (Apud
1089 4446 1308 4498 lvonem,
1331 4453 1435 4498 vni,
1468 4455 1509 4490 c.
1541 4447 1647 4500 118.)

537 4517 736 4572 Iterum
767 4515 1072 4584 iterumque
1103 4529 1200 4568 vos
1229 4515 1600 4584 admonemus,
1634 4525 1684 4572 et
1714 4523 2072 4588 praesentibus

483 4603 816 4675 apostolatus
861 4601 1034 4658 nostri
1091 4601 1282 4656 litteris
1313 4603 1591 4658 hortamur
1611 4605 1868 4662 feminam
1917 4627 2070 4664 suam

551 4762 574 4808 ει
621 4737 836 4808 Photius_
866 4737 996 4808 inter
1067 4735 1186 4785 alias
1264 4737 1444 4808 etiam_
1503 4739 1630 4788 hanc
1699 4741 1870 4792 Joanni
1932 4757 2069 4808 papas

483 4803 720 4863 afﬁngens
765 4802 1078 4860 calumniam,
1156 4802 1290 4862 quasi
1358 4803 1527 4852 eadem
1591 4818 1698 4854 cum
1761 4802 1947 4860 Graecis
1997 4802 2068 4862 'de

483 4869 696 4930 Spiritus
755 4869 914 4918 sancti
1011 4869 1324 4929 processione
1419 4872 1648 4930 senserit,
1713 4872 1852 4923 ﬁnxit
1941 4879 2066 4928 hanc

492 4933 740 4996 :pistolam
795 4935 884 4982 sub
931 4933 1125 4982 nomine
1171 4934 1370 4984 Joannis
1417 4949 1554 4998 papie
1602 4938 1703 4988 Vill
1744 4942 1804 4989 ad
1845 4954 1896 4990 se
1943 4945 2068 4993 Pho-

484 5000 894 5069 tium_sc_riptam_
933 4999 993 5069 de
1065 4999 1374 5069 processione
1421 5001 1629 5069 Spiritus
1675 5007 1875 5056 sancti:
1923 5021 2064 5069 quam

477 5065 556 5115 vel
589 5065 657 5136 ab,
693 5065 1034 5136 ipquhotio,
1108 5065 1184 5136 vel
1254 5066 1346 5136 alio
1405 5068 1608 5136 quodam
1675 5073 1888 5122 efﬁctam
1937 5065 2066 5125 'esse

476 5135 689 5192 oportet.
767 5132 852 5180 His
908 5132 1036 5180 enim
1103 5133 1398 5192 temporibus
1437 5135 1484 5184 in
1557 5135 1776 5190 Romana
1852 5141 2064 5192 Ecclesia

481 5197 659 5266 absque
728 5197 886 5258 aliqua
955 5193 1404 5266 ambiguitateiusu
1455 5207 1706 5266 receptum
1793 5205 1938 5255 fuisse
2011 5213 2064 5258 ut

476 5263 685 5323 Spiritus
743 5267 945 5330 sanctus
1013 5273 1059 5330 a7
1091 5264 1490 5330 PatreFilioque
1561 5263 1766 5330 procede
1797 5283 1824 5320 e
1876 5271 2062 5324 dicere-

479 5330 581 5400 tur,
631 5333 738 5400 post
777 5329 896 5400 alias
941 5342 996 5378 ea
1049 5328 1288 5400 impr-imis
1329 5333 1516 5400 ratione
1561 5328 1850 5386 _manifeste
1897 5342 2064 5400 proba-

477 5397 574 5454 tur,
611 5393 736 5454 quod
799 5396 1012 5446 Joannes
1078 5399 1261 5444 sancta:
1331 5398 1558 5448 Romanae
1627 5402 1853 5452 Ecclesiae
1899 5393 2062 5456 diaco-

473 5467 586 5516 nus,
657 5459 876 5510 scribens
943 5461 1005 5512 ad
1075 5461 1203 5511 hanc
1265 5463 1423 5526 ipsum
1488 5466 1720 5520 Joannem
1781 5471 2058 5532 pontiﬁcem

2207 1788 2490 1844 quousque
2519 1773 2782 1828 sanctioni
2813 1781 3010 1828 nostra
3041 1774 3296 1844 parcatis,
3335 1774 3432 1828 Dei
3459 1774 3798 1844 omnipoten-

2207 1860 2273 1914 tis
2295 1861 2520 1928 judicio,
2547 1869 2598 1915 et
2628 1863 2906 1916 beatorum
2949 1861 3091 1916 Petri
3141 1871 3192 1916 et
3245 1861 3394 1916 Pauli
3432 1863 3800 1932 apostolorum

2205 1949 2468 2002 sententia
2496 1949 2822 2020 principum,
2859 1950 3306 2006 excommunicati
3335 1957 3388 2004 et
3417 1966 3450 2004 a
3481 1966 3716 2020 corpore
3753 1959 3800 2005 et

2203 2037 2470 2110 sanguine
2501 2037 2718 2092 Domini
2763 2038 2936 2092 nostri
2972 2039 3102 2092 Jesu
3141 2037 3336 2092 Christi
3387 2038 3504 2091 sitis
3563 2038 3793 2102 alienati,

2201 2140 2310 2178 una
2358 2139 2484 2179 cum
2539 2123 2854 2192 fautoribus,
2910 2127 3310 2190 consentaneis,
3369 2126 3700 2198 sequacibus
3745 2135 3794 2180 et

2201 2213 2785 2282 complicibus‘vestris,
2821 2221 3006 2284 utpote
3026 2213 3334 2268 divinarum
3364 2223 3418 2268 et
3439 2215 3795 2268 humanarum

2199 2299 2382 2372 legum
2413 2301 2724 2368 violatores,
2777 2301 3032 2373 sedisque
3081 2302 3398 2372 apostolicae
3453 2302 3794 2358 decretorum

2198 2396 2616 2460 contemptores,
2649 2397 2702 2445 et
2731 2389 2889 2445 toties
2934 2405 2998 2446 ac
3045 2390 3410 2462 multipliciter
3457 2389 3789 2447 infractores.

2833 2527 3152 2583 CCCXLIV.

2635 2629 2710 2669 AD
2739 2631 3056 2672 BERRARIUM
3077 2631 3350 2672 ABBATEM.

2673 2704 2892 2775 Fragm.
2923 2735 2992 2744 —
3019 2705 3145 2774 (An.
3177 2705 3314 2772 inc.)

2369 2787 2446 2842 De
2475 2789 2792 2842 reverentia
2823 2804 2956 2858 erga
2983 2805 3230 2844 summos
3256 2789 3578 2859 pontiﬁces.

2671 2886 2832 2942 (Apud
2857 2889 3060 2934 tvonem
3081 2899 3146 2940 1v,
3163 2897 3205 2933 c.
3231 2889 3322 2942 102)

2261 2975 2416 3029 Absit
2445 2989 2478 3028 a
2505 2975 2612 3044 piis
2639 2976 2913 3030 mentibus
2963 2977 3093 3047 quid
3121 2979 3188 3032 de
3247 2979 3480 3033 Romani
3535 2979 3780 3033 culminis

2118 3061 2166 3123 C
2185 3061 2438 3133 pontiﬁce
2461 3063 2740 3118 sinistrum
2771 3065 2988 3130 sentire,
3023 3081 3146 3120 cum
3175 3067 3336 3120 beato
3369 3067 3624 3122 Ennodio
3655 3083 3779 3122 con—

2187 3150 2396 3206 fessore
2427 3151 2726 3206 Ticinensis
2755 3153 2903 3206 urbis
2931 3153 3166 3208 antistite
3197 3155 3467 3210 scribente
3497 3155 3778 3210 doceamur

2189 3239 2312 3310 quia
2333 3240 2476 3294 Deus
2505 3240 2848 3310 omnipotens
2879 3249 2970 3295 aut
3011 3242 3188 3297 claros
3243 3243 3310 3296 ad
3367 3251 3520 3298 tanta
3567 3243 3778 3316 fastigia

2186 3328 2366 3398 erigit,
2399 3336 2488 3382 aut
2516 3337 2663 3383 certe
2695 3345 2830 3398 quos
2861 3329 3046 3401 elegit,
3079 3331 3330 3386 illustrat.

2884 3453 3074 3508 CCCL.

2183 3555 2255 3595 AD
2275 3554 2522 3594 PIIOTIUM
2552 3553 2940 3596 PATRIARCIIAM
2989 3555 3698 3600 CONSTANTINOPOLITAXUN
3725 3553 3765 3598 ⁸.

2726 3628 2906 3698 (Anno
2939 3631 3227 3700 879-882.)

2498 3717 2571 3770 De
2597 3717 2944 3787 processione
2975 3718 3218 3789 Spiritus
3252 3719 3460 3775 sancti.

2247 3817 2500 3873 Joxxzvas
2531 3821 2838 3891 episc0pus,
2875 3837 3065 3878 servus
3093 3839 3372 3879 servorum
3405 3825 3525 3892 Dei,
3559 3827 3764 3880 Pnorio

2179 3907 2635 3980 reverendissimo
2667 3917 2718 3963 et
2747 3911 3013 3966 catholico
3057 3911 3208 3966 fratri
3263 3913 3586 3982 patriarcha:
3633 3917 3764 3970 Con-

2178 3987 2677 4066 stantinopolitano,
2721 3998 2956 4070 gratiam
2994 4000 3232 4072 desuper
3259 4001 3330 4055 ad
3359 4017 3533 4072 opera
3561 4003 3756 4058 saluta-

2175 4097 2292 4135 rem
2301 4123 2312 4135 .

2245 4171 2368 4224 Non
2397 4171 2712 4242 ignoramus
2727 4175 2872 4245 quod
2895 4177 3136 4231 nonnulli
3179 4193 3363 4232 eorum
3407 4179 3500 4249 qui
3519 4180 3659 4250 apud
3675 4197 3764 4236 vos

2175 4265 2318 4324 sunt,
2343 4261 2494 4329 pacis
2522 4277 2714 4330 parum
2745 4263 2990 4328 studiosi,
3013 4265 3082 4320 de
3105 4275 3290 4321 nostra
3321 4267 3566 4322 Ecclesia
3606 4278 3653 4323 et
3693 4269 3756 4324 de

2175 4345 2331 4400 nobis
2361 4347 2512 4417 ipsis,
2546 4349 2772 4404 veritate
2808 4353 3076 4424 neglecta,
3112 4355 3252 4410 male
3285 4355 3600 4426 loquuntur.
3633 4359 3760 4412 Res-

2099 4409 2154 4471 D
2175 4451 2280 4504 que
2297 4451 2362 4489 eo
2377 4451 2676 4508 progressa
2706 4447 2806 4504 est,
2831 4409 2902 4494 ut;
2915 4457 3106 4510 parum
3136 4443 3276 4496 absit
3333 4409 3462 4514 quin
3511 4451 3602 4498 tua
3655 4445 3760 4500 fra-

2171 4523 2391 4577 ternitas
2422 4524 2489 4579 de
2519 4526 2676 4580 nobis
2725 4528 2873 4582 etde
2923 4529 2987 4582 iis
3035 4531 3126 4600 qui
3185 4533 3340 4586 nobis
3387 4546 3512 4590 sunt
3567 4537 3758 4600 subditi

2169 4605 2310 4660 male
2341 4607 2554 4662 sentiat.
2585 4609 2653 4662 Et
2684 4609 2760 4663 illi
2801 4612 3020 4682 quidem
3051 4615 3188 4670 nacti
3239 4627 3362 4672 sunt
3395 4622 3754 4682 occasionem,

2169 4759 2446 4834 quatuor‘a
2493 4771 2569 4834 seu
2610 4759 2890 4834 elaboratos
2960 4763 3112 4834 libros
3159 4767 3281 4816 Vita
3327 4771 3486 4819 sancti
3541 4771 3754 4834 Gregorii

2168 4833 2324 4884 papae,
2351 4823 2431 4896 ubi
2475 4825 2659 4896 agitde
2707 4828 2918 4888 Dialogis
2965 4830 3028 4878 ab
3074 4843 3132 4880 eo
3175 4834 3391 4896 scriptis,
3443 4841 3496 4886 et
3537 4839 3588 4887 in
3627 4823 3756 4888 Crte-

2169 4901 2280 4937 cum
2317 4902 2344 4966 a
2391 4890 2628 4966 Zacharia
2671 4907 2796 4966 pa_pa
2841 4897 3108 4966 translatis,
3155 4890 3292 4959 justé
3361 4890 3592 4962 queritur
3633 4905 3760 4966 quod

2172 4961 2667 5030 cumipsesanctus
2712 4961 2976 5023 Gregorius
3021 4964 3070 5012 in
3115 4967 3184 5014 eis
3225 4961 3493 5019 asseruerit
3562 4961 3754 5020 disertis

2163 5021 2326 5099 verbis
2357 5023 2605 5099 ‘Spiritum
2653 5021 2874 5099 sanctum
2923 5043 2952 5099 ἓ
3001 5031 3146 5080 Putre
3211 5033 3425 5094 Filioque
3473 5037 3750 5099 procedere.

2163 5085 2230 5164 illi
2271 5091 2468 5164 textum
2517 5093 2847 5164 corruperint,
2892 5095 3080 5164 aliaque
3139 5099 3286 5147 verba
3341 5085 3750 5164 Fitw‘qneabra;

2161 5151 2325 5234 dendo
2340 5232 2363 5234 Η
2388 5154 2500 5234 inde
2527 5151 2841 5234 abstulerint
2863 5151 3016 5234 :illus'
3036 5230 3046 5234 _
3063 5175 3356 5234 magnopere
3435 5151 3748 5234 redarguens,

2161 5219 2286 5294 quod
2308 5219 2538 5294 audacter
2581 5224 2723 5294 nimis
2777 5225 2908 5275 sicut
2949 5231 2998 5277 et
3035 5219 3342 5292 impudetitei-
3409 5219 3748 5286 sanctivde

2161 5287 2282 5344 gorii
2345 5289 2546 5360 text_um_
2595 5287 2662 5360 ita
2712 5295 3055 5355 corruperint:
3085 5287 3224 5357 plane
3285 5300 3564 5360 significans
3649 5303 3742 5352 Ro-

2159 5361 2353 5430 manam
2435 5354 2700 5430 Ecclesiam
2771 5354 2892 5430 nihil
2952 5354 3196 5430 diversum
3255 5354 3354 5414 ab-
3405 5368 3510 5430 ipso
3583 5371 3740 5418 sancto

2157 5415 2386 5496 Ψῳυῖίο
2417 5419 2638 5496 “sen't'im’
2701 5434 2792 5472 nec
2839 5425 3092 5490 Joannem-
3133 5429 3196 5480 ad
3239 5443 3387 5492 (luem
3425 5415 3662 5496 “scribit:
3674 5415 3738 5482 ab

2157 5493 2214 5530 ea
2239 5485 2482 5536 sententia
2505 5485 2798 5551 discrepare.
