4112 6192
333 292 438 347 945

1539 284 1895 342 EPISTOLE
1940 284 2034 340 ET
2088 285 2413 343 DECRETA
2427 329 2439 342 .

3532 291 3634 345 9L6

331 414 472 470 sicut
504 412 668 469 etiam
696 427 802 484 ego
816 411 934 483 ipse
961 409 1290 467 afﬁrmarem
1314 410 1622 480 hujusmodi
1652 408 1931 481 proposito
1950 408 2006 469 A
2034 425 2151 464 rum
2175 410 2384 475 Petrus,
2404 411 2497 483 qui
2527 412 2586 465 in
2620 411 2765 466 vobis
2795 415 2879 465 est
2907 426 3129 482 gregem
3148 413 3263 478 Dei,
3281 412 3637 483 providentes

333 502 468 557 satis
515 517 831 574 congruam,
881 500 1080 556 veritas
1121 508 1304 555 tamen
1346 500 1486 571 ipsa,
1531 499 1607 553 uti
1664 514 1723 552 se
1753 497 1937 563 habet,

330 590 478 645 nullo
518 598 680 661 pacto
723 597 805 644 est
850 589 1154 644 adulterata
1198 604 1378 659 neque
1419 587 1622 652 vitiata,
1655 594 1711 639 ut
1741 600 1941 655 proce-

332 679 469 733 dens
515 693 699 733 sermo
765 694 883 732 rem
932 676 1271 731 manifestam
1316 675 1498 739 faciet,
1550 682 1603 730 et
1646 675 1793 728 Deus
1840 675 1943 729 hoc

332 767 512 837 ipsum
554 766 713 821 nobis
782 781 880 820 suo
926 764 1235 821 testimonio
1296 764 1533 834 desuper
1575 761 1939 818 conﬁrmabit.

334 855 533 909 Verum
565 855 667 919 illi,
694 854 866 908 instar
924 868 1111 908 eorum
1143 852 1233 924 qui
1290 852 1472 906 vinum
1519 866 1659 922 aqua
1713 850 1944 904 miscent

336 950 387 997 et
419 943 812 1007 adulterantur,
871 941 1127 996 nonnulla
1164 955 1195 994 a
1245 940 1438 1011 seipsis
1496 938 1631 993 falsa
1673 937 1944 1010 ﬁngentes

334 1038 385 1085 et
410 1031 787 1103 excogitantes
817 1029 1096 1084 adhibent.
1142 1028 1370 1099 Oportet
1410 1027 1555 1082 enim
1601 1035 1660 1082 ut
1705 1026 1936 1090 daemon,

333 1118 424 1190 qui
455 1119 524 1172 ab
554 1118 706 1173 initio
734 1118 860 1172 mali
902 1116 1084 1188 opifex
1125 1115 1222 1170 fuit
1267 1124 1319 1171 et
1356 1115 1496 1170 inter
1532 1131 1633 1170 nos
1674 1122 1726 1169 et
1768 1114 1940 1168 Deum

333 1206 645 1262 inimicitias
674 1206 873 1276 posuit,
906 1221 971 1261 ac
1013 1204 1212 1259 deinde
1266 1211 1512 1259 nostrum
1566 1202 1800 1274 primum
1849 1217 1917 1271 pa

333 1303 543 1350 rentem
571 1310 601 1349 a
630 1294 730 1349 Dei
756 1309 939 1348 amore
982 1293 1272 1364 separavit,
1323 1301 1376 1347 et
1432 1291 1664 1347 creatori
1713 1305 1812 1344 suo
1842 1288 1944 1343 ini-

332 1383 535 1438 micum
563 1382 715 1436 illum
756 1381 1052 1448 constituit,
1097 1381 1259 1436 etiam
1308 1396 1453 1436 nunc
1495 1379 1705 1450 aliquos
1748 1377 1943 1431 habeat

333 1471 416 1525 sui
445 1465 803 1532 ministros,et
832 1472 931 1525 hos
961 1469 1111 1541 ipsos
1143 1469 1383 1540 impellat
1412 1475 1470 1522 ut
1498 1468 1642 1522 inter
1667 1465 1942 1521 Ecclesias

346 1558 664 1615 scandalum
691 1558 911 1630 aliquod
943 1557 1230 1613 concitent.

396 1649 518 1717 Ego
549 1662 682 1701 vero
711 1647 778 1700 ad
810 1647 981 1700 Deum
1012 1645 1192 1716 potius
1224 1652 1500 1700 auctorem
1548 1651 1600 1698 et
1627 1641 1942 1715 largitorem

328 1733 519 1788 oculos
549 1734 808 1804 dirigens,
844 1733 937 1805 qui
967 1732 1275 1789 inimicitias
1305 1733 1465 1787 etiam
1519 1732 1573 1785 in
1630 1746 1788 1787 cruce
1836 1745 1932 1783 sua
1952 1761 2003 1820 B
2034 1767 2256 1823 Laudat
2275 1783 2303 1822 ϐ

328 1822 494 1877 morti
541 1822 780 1886 tradidit,
828 1837 929 1892 pro
972 1821 1179 1876 viribus
1225 1821 1437 1875 illorum
1499 1818 1783 1875 hominum
1838 1818 1930 1888 qui

327 1907 489 1964 malis
521 1911 879 1976 delectantur,
908 1924 1004 1965 ora
1058 1910 1340 1964 obstruere
1388 1908 1675 1965 contendo.
1728 1907 1793 1962 Et
1839 1905 1939 1961 hac

327 1998 396 2053 de
443 2014 612 2053 causa
657 1998 818 2052 etiam
869 2005 1161 2068 antequam
1216 2005 1309 2051 tua
1380 1995 1684 2051 fraternitas
1733 1996 1938 2068 aliquid

333 2086 467 2140 mihi
498 2085 786 2158 signiﬁcet,
822 2087 937 2141 haec
984 2086 1077 2140 tibi
1108 2084 1395 2140 manifesta
1467 2085 1648 2140 facere
1698 2084 1935 2152 decrevi,

329 2183 388 2229 ut
417 2175 486 2230 de
518 2175 683 2229 rebus
714 2174 917 2229 nostris
949 2175 1082 2228 satis
1114 2174 1359 2240 edoctus,
1392 2189 1556 2228 aures
1584 2172 1763 2228 minus
1790 2190 1938 2245 prae-

322 2262 459 2317 beas
490 2262 559 2316 iis
592 2262 685 2334 qui
716 2262 1048 2318 contendere
1080 2269 1132 2318 et
1160 2261 1456 2317 conviciari
1514 2261 1731 2317 student
1764 2280 1778 2327 ;
1840 2262 1936 2317 sed

328 2350 480 2421 ipsos
511 2351 728 2419 rejicias
755 2351 935 2421 potius
967 2358 1020 2405 et
1057 2365 1327 2420 respuas;
1362 2347 1565 2405 efﬁcias
1593 2357 1938 2420 prmtereamt

390 2439 645 2494 iieorum
675 2438 859 2493 verbis
888 2436 1049 2493 ﬁdem
1082 2454 1192 2493 non
1220 2438 1531 2493 adhibeant.

395 2527 561 2582 Novit
590 2527 754 2581 etiam
783 2534 875 2581 tua
924 2526 1233 2581 fraternitas
1282 2526 1427 2597 quod
1469 2541 1594 2581 cum
1643 2540 1821 2595 nuper
1868 2525 1938 2580 ad

326 2630 430 2670 nos
468 2615 699 2670 accessit
738 2614 828 2687 qui
857 2630 886 2667 a
924 2622 978 2669 te
1007 2613 1208 2668 missus
1238 2621 1339 2681 est,
1373 2620 1424 2668 et
1454 2613 1523 2668 de
1569 2620 1759 2668 sancto
1791 2629 1938 2685 εγω.

322 2702 452 2757 bolo
479 2718 581 2757 nos
612 2702 901 2768 consuluit,
955 2702 1230 2773 quomodo
1278 2700 1483 2756 invenit
1531 2717 1633 2756 nos
1678 2700 1815 2755 illud
1844 2701 1933 2755 in-

324 2806 674 2856 concussum,
708 2790 844 2845 sicut
865 2790 1025 2845 nobis
1051 2790 1117 2844 ab
1146 2789 1300 2845 initio
1330 2789 1585 2844 traditum
1643 2797 1744 2855 est,
1805 2804 1937 2845 con-

327 2894 572 2944 servare,
602 2894 780 2950 neque
802 2878 1005 2950 aliquid
1031 2876 1310 2933 addidisse
1338 2877 1425 2933 vel
1457 2877 1777 2945 detraxisse,
1812 2892 1934 2933 cum

324 2975 476 3023 recte
506 2966 820 3023 noverimus
851 2966 997 3038 quod
1028 2982 1124 3022 eos
1172 2965 1265 3038 qui
1304 2966 1430 3021 talia
1475 2964 1657 3022 facere
1713 2965 1929 3034 audent,

323 3055 513 3128 gravis
564 3055 945 3111 condemnatio
997 3061 1292 3125 exspectat.
1347 3054 1681 3110 Reverentia:
1749 3054 1933 3126 itaque

319 3151 429 3199 tuae
450 3143 642 3198 iterum
673 3142 1066 3214 signiﬁcamus,
1090 3150 1148 3197 ut
1175 3144 1243 3197 de
1262 3144 1366 3199 hac
1394 3142 1667 3198 additione
1688 3142 1743 3197 in
1773 3143 1934 3214 Sym-

320 3230 452 3286 bolo
480 3231 571 3301 (ex
598 3230 733 3286 Filio
787 3230 1015 3302 scilicet)
1054 3229 1149 3285 tibi
1178 3229 1559 3296 satisfacimus,
1610 3230 1757 3302 quod
1820 3246 1931 3285 non

322 3318 503 3374 solum
532 3319 635 3374 hoc
666 3334 777 3373 non
806 3318 1057 3386 dicimus,
1118 3319 1217 3374 sed
1275 3318 1436 3373 etiam
1501 3318 1653 3390 quod
1709 3333 1807 3373 eos
1838 3317 1929 3389 qui

312 3405 589 3478 principio
616 3407 721 3462 hoc
769 3407 953 3463 dicere
995 3421 1092 3461 sua
1149 3405 1362 3461 insania
1414 3406 1533 3461 ausi
1588 3412 1731 3472 sunt,
1767 3405 1929 3477 quasi

317 3501 760 3567 transgressores
817 3494 984 3549 divini
1041 3494 1191 3550 verbi
1261 3494 1709 3563 condemuamus,
1794 3494 1931 3550 sicut

312 3582 605 3653 theologia;
657 3582 855 3638 Christi
934 3581 1147 3637 Domini
1165 3597 1473 3649 eversores,
1518 3589 1571 3637 et
1602 3589 1918 3638 sanctorum

315 3670 544 3725 Patrum
573 3670 665 3742 qui
732 3669 990 3740 synodica
1040 3670 1423 3725 convenientes
1482 3677 1726 3725 sanctum
1768 3669 1929 3740 Sym-

317 3758 507 3813 bolum
537 3757 693 3812 nobis
720 3757 1081 3825 tradiderunt,
1114 3766 1165 3812 et
1194 3773 1303 3811 una
1332 3773 1454 3813 cum
1486 3757 1625 3812 Juda
1653 3756 1776 3812 illos
1807 3756 1926 3812 col-

314 3845 582 3910 locamus,
615 3846 759 3917 quod
789 3845 980 3901 eadem
1008 3845 1129 3916 ipsa
1158 3861 1278 3916 quae
1307 3846 1403 3900 ille
1431 3852 1644 3917 patrare
1673 3860 1783 3900 non
1804 3852 1927 3899 sunt

312 3933 475 3988 veriti
500 3952 515 3998 ;
548 3949 656 3989 non
687 3933 813 4005 quia
843 3933 1191 3989 Dominicum
1220 3949 1419 4004 corpus
1474 3933 1636 3989 morti
1675 3934 1924 3988 tradide-

317 4029 468 4087 runt,
503 4022 598 4077 sed
628 4023 753 4094 quia
783 4022 884 4077 Dei
911 4021 1123 4091 ﬁdeles,
1186 4022 1277 4094 qui
1304 4031 1427 4076 sunt
1484 4023 1601 4091 ejus
1655 4023 1924 4089 membra,

317 4110 612 4165 schismate
659 4120 1014 4184 segregarunt
1063 4119 1115 4165 et
1148 4110 1377 4167 invicem
1416 4110 1735 4178 diviserunt,
1770 4119 1822 4165 et
1854 4111 1928 4166 ita

317 4206 528 4253 aeterno
560 4198 674 4271 igni
703 4198 826 4253 illos
864 4198 1172 4269 praecipites
1202 4199 1415 4263 dantes,
1449 4206 1502 4253 et
1554 4198 1723 4253 multo
1752 4198 1925 4271 magis

317 4287 554 4357 seipsos,
588 4293 645 4341 ut
672 4286 800 4341 fecit
829 4287 1121 4357 praedictus
1184 4287 1355 4342 Judas
1416 4285 1672 4358 indignus
1728 4286 1928 4340 Christi

322 4374 648 4447 discipulus,
683 4373 1070 4473 suﬂ‘ocarunta

2039 515 2153 555 non
2183 504 2389 565 coacto,
2426 500 2520 579 sed
2548 503 2853 569 spontanee
2896 515 3074 571 neque
3103 504 3169 555 ut
3186 498 3543 556 dominantes
3572 502 3635 555 in

2040 587 2228 651 cleris,
2261 587 2357 642 sed
2386 590 2571 659 forma
2591 589 2735 658 facti
2762 589 2940 658 gregis
2973 588 3025 655 (I
3050 589 3201 643 Petr.
3234 586 3311 657 v).
3346 586 3449 656 Qui
3478 587 3642 658 igitur

2041 672 2117 727 ita
2147 690 2251 729 nos
2291 665 2547 730 accusant
2578 690 2643 731 ac
2682 674 2728 729 si
2776 674 2904 729 talia
2952 675 3091 729 mala
3149 675 3467 739 sentiamus,
3536 691 3643 730 non

2036 762 2155 829 jure
2193 778 2292 818 nos
2321 770 2595 819 accusant.
2632 765 2799 817 Tuam
2828 763 3006 835 itaque
3053 763 3208 819 decet
3250 763 3639 818 fraternitatem

2040 865 2217 921 neque
2245 851 2559 905 scandalum
2588 850 2809 922 aliquod
2849 851 3115 906 adversus
3146 866 3245 906 nos
3274 851 3402 921 pati,
3463 866 3643 922 neque
3718 838 3727 853 ’

2041 953 2070 991 a
2102 938 2312 1009 reliquo
2343 936 2865 1010 Ecclesize‘corpore
2896 939 3194 1009 proscindi,
3213 939 3309 993 sed
3335 939 3513 1009 potius
3543 955 3642 994 no-

2043 1026 2251 1081 biscum
2285 1026 2412 1080 ﬁdei
2452 1042 2659 1099 agones
2691 1028 2958 1082 sustinere
2988 1042 3111 1083 cum
3142 1026 3428 1097 prudentia
3465 1026 3644 1082 etlon-

2041 1114 2353 1187 ganimitate
2382 1132 2396 1178 ;
2429 1122 2482 1168 et
2511 1114 2644 1169 alios
2684 1116 2775 1186 qui
2807 1132 2840 1170 a
2868 1115 3094 1170 veritate
3122 1115 3549 1182 declinaverunt,
3574 1115 3642 1169 ad

2042 1202 2190 1256 illam
2206 1202 2638 1272 amplectendam
2665 1212 3003 1270 revocare,ut
3029 1218 3126 1274 pro
3154 1203 3239 1257 his
3262 1203 3507 1258 eamdem
3536 1219 3640 1257 no-

2042 1289 2251 1344 biscum
2284 1289 2593 1345 mercedem
2633 1291 2884 1361 recipias.
2919 1290 3052 1346 Vale
3080 1291 3132 1345 in
3166 1291 3416 1357 Domino,
3476 1304 3639 1361 reve-

2040 1376 2367 1469 rendissime
2397 1386 2448 1432 et
2479 1360 2759 1433 catholica
2776 1376 2962 1433 frater.
3474 1360 3567 1373 im
3582 1370 3595 1373 ⁷

2715 1502 2929 1558 CCCLI.

2146 1604 2219 1644 an
2257 1604 2529 1653 QUEMDAM
2560 1588 2624 1663 [Γ.
2657 1602 2927 1645 nomnen
2970 1603 3233 1644 ARCHIBP.
3281 1588 3532 1662 navem].

2650 1679 2829 1746 (Anno
2860 1680 3009 1748 880.)

2298 1768 2395 1838 ejus
2417 1765 2671 1821 studium
2691 1783 2821 1838 erga
2850 1768 3037 1822 sedem
3059 1767 3443 1839 apostolicam,
3476 1781 3640 1839 eum-

2110 1854 2213 1910 que
2243 1840 2433 1891 monet
2466 1840 2529 1891 ut
2553 1841 2871 1907 perseveret
2899 1857 2917 1910 ς
2946 1838 3251 1910 pollicetur
3280 1853 3408 1892 eum
3438 1854 3472 1891 a
3492 1853 3550 1891 se
3582 1838 3645 1892 in

2110 1908 2424 2032 amicotrum
2444 1924 2680 1963 numero
2712 1908 2914 1979 referri
2938 1908 2960 1963 Ξ
2980 1910 3241 1979 prwcipit
3288 1911 3353 1962 ut
3411 1909 3644 1964 Romam

2110 1995 2272 2032 venia
2308 2019 2320 2031 .

2110 1995 2320 2033 veniat.

2111 2067 2258 2121 Sicut
2286 2066 2443 2120 nobis
2474 2082 2573 2136 per
2628 2066 2833 2121 litteras
2888 2074 3007 2121 tuas
3067 2073 3121 2120 et
3177 2065 3508 2120 verbotenus
3542 2081 3644 2136 per

2038 2155 2334 2210 Deusdedit
2366 2155 2684 2228 religiosum
2722 2154 3106 2226 presbyterum
3157 2161 3307 2208 tuum
3346 2153 3640 2223 mandasti,

2038 2251 2094 2297 ut
2123 2243 2284 2298 ﬁdem
2317 2251 2369 2297 et
2397 2244 2760 2312 devotionem,
2792 2259 2952 2314 quam
2982 2242 3126 2299 circa
3160 2242 3363 2311 sedem
3417 2249 3642 2313 aposto-

2036 2331 2194 2386 licam
2233 2332 2438 2386 habere
2476 2332 2665 2398 debes,
2700 2339 2751 2385 te
2780 2331 2921 2386 velle
2960 2338 3073 2386 toto
3102 2330 3387 2386 conamine
3419 2345 3643 2385 conser-

2036 2435 2165 2474 vare
2222 2419 2596 2474 indiminutam
2652 2434 2883 2484 asseras,
2946 2426 3235 2491 gratanter
3280 2417 3638 2488 suscepimus.

2037 2508 2193 2564 Unde
2217 2515 2269 2562 te
2300 2507 2625 2562 omnimodis
2652 2506 3026 2574 admonemus,
3079 2514 3132 2561 et
3188 2506 3273 2560 his
3328 2505 3641 2576 apostolicis

2034 2595 2227 2649 litteris
2256 2596 2614 2662 exhortamur,
2665 2602 2722 2648 ut
2775 2595 2922 2648 nulla
2973 2594 3312 2649 inimicorum
3368 2593 3638 2649 calliditas

2035 2683 2120 2738 vel
2146 2682 2388 2738 seductio
2417 2682 2652 2753 amplius
2679 2698 2709 2736 a
2740 2689 2929 2736 nostra
2957 2680 3214 2736 ﬁdelitate
3250 2681 3636 2753 quoquomodo

2033 2770 2210 2824 valeat
2257 2777 2307 2825 te
2353 2786 2675 2837 removere;
2727 2770 2825 2825 sed
2855 2769 3157 2826 secundum
3187 2769 3500 2840 sponsionis
3528 2778 3633 2825 tua:

2033 2866 2278 2913 tenorem
2325 2858 2379 2913 in
2438 2875 2504 2914 ea
2559 2858 2911 2914 devotissime
2966 2873 3293 2929 permanere
3350 2873 3634 2928 procures.

2026 2945 2382 3018 Quapropter
2429 2947 2565 3003 scito
2621 2947 2747 3018 quia
2788 2946 2906 3002 sine
2936 2946 3083 3001 omni
3146 2946 3420 3001 dubietate
3492 2946 3635 3002 inter

2033 3035 2263 3091 dilectos
2282 3042 2497 3091 nostros
2524 3044 2575 3091 te
2604 3035 2839 3091 retinere
2867 3035 3133 3100 volentes,
3165 3034 3416 3090 volumus
3471 3034 3636 3090 etiam

1964 3110 2081 3179 Cet
2101 3124 2447 3195 praecipimus
2476 3132 2533 3180 ut
2561 3132 2613 3179 et
2639 3140 2739 3194 pro
2763 3123 3088 3180 necessitate
3126 3122 3406 3188 Ecclesiae,
3441 3130 3495 3177 et
3530 3138 3634 3194 pro

2030 3218 2135 3267 tuas
2172 3227 2342 3267 causa
2363 3211 2622 3279 utilitatis,
2656 3212 2843 3267 Romaa
2897 3211 2966 3265 ad
2994 3217 3238 3266 nostram
3277 3210 3630 3281 apostolicam

2028 3300 2369 3370 prmsentiam
2398 3298 2812 3370 praesentialiter
2855 3298 3042 3354 venire
3086 3298 3453 3353 indubitanter
3505 3313 3633 3368 pro-

2030 3403 2210 3456 cures,
2265 3387 2391 3459 quia
2473 3394 2526 3441 et
2615 3394 2811 3441 statum
2880 3394 3081 3441 sanctae
3136 3386 3468 3441 Ravennatis
3524 3386 3634 3441 Ec-

2028 3475 2211 3530 clesiae
2293 3474 2622 3531 incolumem
2697 3489 3044 3539 conservare,
3128 3482 3389 3545 tuumque
3442 3473 3631 3544 profe-

2028 3571 2174 3618 ctum
2202 3571 2255 3618 et
2292 3564 2553 3619 honorem
2585 3562 2871 3634 perﬁcere,
2905 3562 3199 3618 auxiliante
3236 3562 3487 3629 Domino,
3537 3577 3631 3618 cu-

2027 3650 2224 3723 pimus.

2703 3751 2945 3807 CCCLII.

2168 3854 2241 3894 AD
2278 3853 2633 3895 ATHANASIUU
2662 3854 2965 3896 EPISCOPUH
3001 3852 3450 3895 NEAPOLITANUI.

2574 3928 2753 3997 (Anno
2782 3931 3073 3999 881-882.)

2027 4017 2104 4072 Ab
2134 4018 2720 4073 excommunicatione
2747 4033 2876 4073 eum
2906 4018 3161 4084 absolvit,
3209 4021 3266 4073 et
3311 4018 3631 4073 ministerio

2098 4088 2439 4161 sacerdotali
2466 4090 2745 4161 restituit,
2777 4089 3075 4144 dummodo
3104 4092 3335 4161 pactum
3361 4104 3491 4144 cum
3523 4088 3630 4144 Sa-

2097 4160 2320 4233 racenis
2350 4159 2582 4222 initum,
2617 4160 2765 4233 sicut
2789 4159 3151 4233 promiserat,
3186 4163 3435 4233 rumpat.
3471 4162 3528 4214 et
3553 4174 3628 4213 ex

2099 4230 2189 4301 eis
2209 4229 2447 4300 aliquos,
2482 4229 3020 4301 cwterisjugulatis,
3055 4229 3247 4299 captes
3278 4229 3495 4292 niittat.
3528 4243 3633 4285 nec

2099 4299 2361 4370 deinceps
2391 4315 2521 4353 cum
2551 4301 2631 4353 eis
2660 4299 2839 4369 frrdas
2861 4302 3055 4369 feriat.
3628 4324 3631 4325 ν

2095 4388 2421 4439 ATHANASIO
2452 4385 2707 4456 episcopo
2738 4386 3115 4456 Neapolitano.

391 4462 737 4523 Arbitramur
762 4471 941 4518 autem
969 4459 1119 4518 ῐῑῖεῖηι
1148 4461 1506 4518 reverentiam
1536 4469 1685 4517 recte
1741 4477 1929 4533 110888,
1962 4459 2012 4519 Ι)
2105 4473 2235 4527 Boni
2265 4474 2498 4543 pastoris
2529 4472 2725 4527 eximio
2764 4467 3035 4528 informati
3063 4473 3331 4544 exemplo,
3365 4472 3455 4544 qui
3488 4473 3634 4526 venit

315 4566 443 4607 cum
469 4551 549 4605 sis
577 4551 793 4622 sapiens
822 4559 876 4605 et
904 4550 1150 4605 doctrina
1206 4550 1482 4621 prmditus,
1520 4551 1665 4621 quod
1696 4550 1845 4616 dum,
1877 4554 1936 4604 ut

317 4637 519 4710 reliqui
547 4638 719 4693 nostri
750 4638 992 4709 episcopi
1021 4637 1303 4693 nobiscum
1333 4638 1479 4693 idem
1517 4638 1770 4702 sentiant,
1806 4638 1931 4692 totis

320 4726 535 4780 viribus
563 4726 963 4792 contendimus,
996 4741 1105 4780 non
1126 4725 1459 4781 mediocrem
1487 4727 1541 4780 id
1570 4726 1727 4781 nobis
1755 4725 1931 4781 mole-

322 4815 481 4869 stiam
506 4813 681 4869 affert.
718 4815 784 4869 Et
813 4829 1008 4869 revera
1037 4830 1152 4869 rem
1182 4815 1319 4870 adeo
1350 4830 1575 4888 gravem
1613 4816 1719 4870 cito
1776 4830 1930 4870 com-

320 4910 553 4971 mutare,
588 4903 769 4957 nullus
797 4902 850 4956 id
881 4902 1062 4957 facere
1082 4911 1289 4973 posset,
1322 4903 1449 4959 licet
1487 4904 1640 4959 brevi
1687 4912 1929 4973 tempore

318 4999 503 5045 ortum
525 4991 793 5054 habuerit,
826 5006 929 5046 nec
958 4991 1251 5047 multorum
1281 5007 1545 5047 annorum
1589 4992 1760 5063 spatio
1814 4990 1931 5045 fue-

321 5079 392 5133 rit
420 5076 760 5134 conﬁrmata.
795 5080 857 5133 Et
887 5080 987 5135 hac
1040 5079 1108 5137 de
1165 5095 1329 5135 causa
1378 5080 1573 5135 rationi
1630 5096 1929 5153 congruum

321 5167 483 5222 nobis
512 5167 688 5221 visum
722 5175 821 5233 est,
857 5183 926 5222 ne
957 5167 1224 5223 violenter
1253 5169 1445 5239 aliquis
1466 5176 1695 5241 cogatur
1714 5184 1745 5222 a
1774 5168 1929 5223 vobis

320 5255 657 5310 additionem
704 5255 852 5310 illam
908 5255 1198 5325 dimittere,
1258 5273 1417 5328 quam
1492 5257 1609 5326 ipse
1663 5256 1928 5325 adjecisse

322 5343 584 5415 Symbolo
617 5360 675 5399 se
704 5343 936 5409 noverit,
970 5345 1067 5399 sed
1096 5345 1275 5416 potius
1303 5344 1715 5399 mansuetudine
1745 5344 1929 5416 aliqua

322 5431 635 5501 hujusmodi
664 5431 914 5486 homines
943 5433 1258 5499 admonere,
1291 5441 1343 5489 et
1389 5431 1646 5503 paulatim
1712 5448 1745 5487 a
1803 5432 1927 5487 bla-

322 5530 568 5602 sphemia
607 5544 869 5586 revocare
894 5547 907 5585 :
928 5531 1167 5595 Pascite,
1191 5530 1364 5604 inquit
1395 5545 1637 5586 summus
1657 5530 1929 5603 apostolo-

2033 4577 2274 4633 quaerere
2305 4569 2358 4616 et
2386 4561 2594 4616 salvare
2624 4562 2768 4634 quod
2797 4562 3055 4632 perierat,
3085 4569 3235 4616 tanto
3290 4568 3537 4630 tempore
3580 4567 3633 4615 te

2029 4665 2129 4719 per
2156 4649 2315 4703 devia
2353 4657 2637 4716 errantem,
2672 4649 2884 4717 abjecto
2932 4648 3128 4704 Christi
3187 4648 3293 4704 levi
3316 4649 3471 4719 jugo,
3507 4663 3632 4703 cum

2031 4736 2339 4792 inﬁdelibus
2390 4738 2582 4811 jugum
2625 4738 2861 4793 obscena
2918 4738 3210 4809 cupiditate
3265 4737 3465 4792 ducere
3523 4751 3633 4791 non

2030 4826 2379 4894 dubitantem,
2422 4826 2668 4897 quamvis
2689 4842 2814 4881 sero
2836 4826 2903 4880 ad
2934 4834 2985 4881 te
3017 4825 3410 4896 percutientem
3434 4825 3629 4880 reverti

2030 4915 2170 4969 velle
2199 4915 2482 4982 mandasti,
2516 4914 2771 4970 alacriter
2798 4914 3110 4984 recipimus,
3145 4921 3198 4968 et
3226 4914 3366 4969 inter
3396 4921 3626 4969 caeteros

2031 5003 2450 5058 consacerdotes
2490 5010 2705 5056 nostros
2737 5001 3008 5072 praecipue
3039 5000 3417 5056 honorabilem
3474 5000 3631 5070 cupi-

2029 5106 2151 5144 mus
2180 5090 2435 5154 retinere,
2469 5097 2628 5159 prout
2658 5088 2775 5159 ipse
2805 5105 2905 5143 nos
2919 5089 3031 5157 jam
3053 5088 3183 5143 olim
3212 5087 3408 5143 fecisse
3438 5086 3635 5157 procul

2029 5178 2196 5232 dubio
2227 5177 2617 5232 reminisceris.
2651 5176 2759 5232 Sed
2806 5176 2953 5248 quia,
2986 5184 3077 5231 tua
3109 5176 3362 5249 exigente
3409 5174 3639 5230 sceleris

2028 5265 2160 5320 tanti
2190 5265 2439 5330 audacia,
2472 5264 2642 5319 sancti
2673 5264 2903 5336 Spiritus
2928 5264 3136 5333 judicio
3167 5273 3218 5319 te
3260 5278 3294 5317 a
3353 5263 3631 5319 consortio

2028 5361 2214 5408 nostro
2243 5353 2412 5407 divini
2439 5353 2817 5424 mysteriijure
2847 5353 3235 5416 submovimus,
3261 5366 3405 5407 nunc
3437 5367 3633 5425 secun-

2028 5442 2157 5496 dum
2203 5457 2397 5511 preces
2454 5450 2571 5496 tuas
2614 5449 2667 5495 et
2733 5440 3051 5496 relationem
3108 5440 3250 5495 Petri
3305 5439 3633 5495 venerabilis

2028 5530 2245 5587 diaconi
2291 5530 2386 5601 tui,
2434 5531 2481 5585 si
2524 5529 2688 5586 modo
2725 5537 2944 5602 pactum
2999 5529 3467 5607 quod/hactenus
3514 5544 3634 5592 cum
