4112 6192
512 241 617 294 94⁸7

504 448 608 515 ris,
646 457 697 504 et
726 449 796 503 ab
824 464 1012 504 eorum
1040 446 1373 518 nequissima
1431 444 1689 500 societate
1720 442 2005 498 conamine
2064 448 2114 495 te

501 537 841 607 separaveris
876 556 890 601 ;
924 544 1083 607 atque
1107 536 1155 589 si
1185 533 1546 605 praesentibus
1564 532 1647 586 his
1674 531 1856 585 missis
1890 529 2109 593 nostris,

506 624 716 679 Marino
746 624 999 679 videlicet
1030 622 1488 677 reverendissimo
1520 620 1778 691 episcopo
1811 628 1862 673 et
1914 625 2115 672 sanctae

507 712 654 768 sedis
682 712 868 766 nostro
897 711 1124 778 arcario,
1173 717 1226 765 et
1291 709 1474 764 Siconi
1531 708 1758 779 egregio
1798 707 1935 773 viro,
1996 720 2116 758 ma-

499 800 653 868 jores
717 799 1116 854 Saracenorum
1184 805 1413 868 quantos
1464 796 1659 850 melius
1740 802 1920 864 potes,
1982 808 2119 863 quos

507 886 828 942 nominatim
855 886 1171 958 quaerimus,
1207 900 1330 940 cum
1387 884 1509 938 aliis
1539 882 1791 938 omnibus
1818 880 2046 951 ceperis,
2067 886 2121 934 et

503 973 766 1046 jugulatis
795 974 937 1038 aliis,
971 990 1064 1029 eos
1103 974 1261 1028 nobis
1290 972 1569 1036 direxeris,
1594 988 1625 1025 a
1654 970 1875 1025 vinculo
1898 983 2120 1024 excom-

508 1062 890 1117 municationis
920 1061 1273 1126 absolvimus,
1300 1069 1352 1115 et
1375 1061 1523 1127 juxta
1555 1059 1952 1129 praecedentem
1983 1072 2119 1112 con-

514 1150 855 1204 suetudinem
886 1147 1197 1219 episcopale
1243 1147 1479 1203 ofﬁcium
1510 1147 1806 1201 reddimus.
1870 1146 1949 1200 Eo
1980 1144 2124 1199 scili-

514 1244 600 1293 cet
628 1238 811 1304 modo,
847 1238 933 1292 vel
975 1246 1177 1302 tenore,
1210 1245 1265 1290 ut
1292 1236 1463 1305 captis
1495 1244 1546 1289 et
1588 1233 1796 1287 traditis
1838 1240 2013 1297 antea,
2067 1242 2123 1288 ut

514 1325 717 1380 dictum
748 1335 848 1391 est,
883 1324 1187 1391 Saracenis,
1212 1323 1470 1393 deinceps
1497 1321 1703 1375 nullum
1727 1336 1846 1375 cum
1878 1320 1957 1374 eis
1988 1320 2124 1374 ulte-

516 1412 629 1466 rius
659 1412 1065 1484 fmdusquoquo
1094 1412 1257 1466 modo
1278 1411 1415 1465 inire
1430 1425 1742 1480 praesumas.
1766 1410 1903 1462 Nam
1934 1408 1979 1462 si
1999 1423 2123 1462 cum

512 1499 621 1554 illis
667 1501 865 1554 iterum
924 1508 1141 1570 pactum
1189 1499 1404 1570 aliquod
1464 1497 1643 1552 facere
1700 1497 2007 1564 tentaveris,
2069 1495 2122 1549 in

516 1588 714 1642 eadem
744 1595 795 1643 te
851 1572 1405 1643 excommunicatione
1470 1601 1694 1640 manere
1744 1585 2032 1649 sancimus,
2070 1592 2121 1638 et

510 1676 827 1730 auctoritate
858 1676 955 1730 Dei
989 1675 1372 1746 omnipotentis
1403 1682 1457 1729 et
1494 1674 1636 1729 beati
1702 1674 1843 1728 Petri
1898 1681 2122 1743 aposto-

513 1762 691 1817 lorum
719 1763 976 1834 principis
1009 1772 1060 1818 et
1083 1772 1286 1828 nostra,
1320 1763 1466 1817 omni
1505 1760 1803 1833 episcOpali
1831 1762 2040 1816 honore
2070 1769 2122 1816 te

511 1851 842 1921 privandum
869 1861 921 1907 et
949 1860 1212 1925 perpetuo
1233 1852 1574 1907 anathemate
1594 1850 1967 1905 damnandum
1998 1865 2119 1907 esse

516 1939 881 1995 decernimus.

1180 2062 1446 2119 CCCLIII.

1067 2185 1140 2225 AD
1178 2183 1563 2226 GENEVENSES.

1122 2274 1302 2345 (Anno
1335 2276 1484 2347 882.)

575 2382 843 2457 Ρνωσὶρὶι
873 2385 938 2439 ut
978 2380 1236 2457 Optanda
1273 2382 1525 2457 episcopo
1554 2398 1589 2436 a
1618 2397 1677 2437 se
1733 2385 2058 2439 consecrato

1185 2453 1466 2509 obedient.

585 2560 745 2616 Clero
779 2567 832 2614 et
850 2558 1052 2630 populo
1082 2558 1415 2614 Genevensi.

588 2648 935 2705 Dilectissimi
965 2645 1059 2703 filii
1088 2647 1262 2702 nostri
1299 2646 1475 2702 Caroli
1504 2645 1863 2717 imperatoris,
1923 2645 2128 2717 princi-

519 2750 758 2809 pumque
785 2736 956 2807 ipsius
986 2734 1178 2805 relatu,
1232 2743 1474 2791 vestram
1512 2735 1818 2791 Ecclesiam
1848 2733 2127 2790 viduatam

519 2833 915 2898 cognoscentes
945 2832 1182 2894 pastore,
1219 2832 1273 2879 et
1294 2832 1520 2894 propter
1537 2823 1933 2878 dissensionem
1953 2823 2127 2877 Bose-

518 2913 626 2977 nis,
660 2912 748 2967 cui
776 2912 1016 2967 sociatus
1073 2912 1318 2980 ejusdem
1373 2911 1521 2966 sedis
1569 2912 1784 2967 videtur
1840 2919 2126 2980 metropo-

524 3000 742 3064 litanus,
772 2998 1169 3054 ordinationem
1221 2998 1377 3054 electi
1426 2999 1593 3054 vestri
1616 2998 1852 3068 Optandi
1881 2997 2125 3063 differre,

530 3087 846 3143 auctoritate
876 3095 930 3141 et
955 3094 1218 3157 potestate
1245 3087 1559 3157 apostolica,
1602 3087 1901 3142 secundum
1935 3087 2135 3156 depre-

531 3175 803 3231 cationem
829 3175 1069 3244 ejusdem
1100 3174 1433 3230 serenissimi
1487 3174 1850 3246 imperatoris,
1884 3173 1979 3229 filii
2034 3174 2138 3229 sci-

530 3264 660 3320 licet
704 3263 880 3319 nostri
939 3263 1194 3334 spiritalis
1247 3263 1424 3319 Caroli
1466 3270 1626 3335 atque
1656 3263 1970 3333 optimatum
1997 3263 2141 3331 ejus-

526 3353 862 3424 praecognita
889 3360 1071 3408 vestra
1100 3351 1339 3407 omnium
1370 3352 1423 3406 in
1463 3352 1656 3407 eodem
1705 3350 1956 3421 Optando
2022 3350 2138 3406 ele-

529 3441 726 3507 ctione,
758 3450 810 3496 et
829 3440 1056 3512 qualiter
1070 3440 1217 3495 idem
1237 3440 1619 3495 serenissimus
1648 3439 1938 3510 imperator
1956 3438 2137 3493 eidem

534 3529 798 3585 Ecclesiae
854 3528 1176 3584 electionem
1222 3528 1532 3598 perenniter
1587 3528 1656 3584 de
1714 3527 1935 3598 proprio
1990 3526 2139 3583 clero

539 3617 851 3678 donaverat,
883 3616 1086 3671 diutius
1113 3615 1233 3687 ipsa
1260 3616 1508 3672 Ecclesia
1535 3632 1604 3670 ne
1651 3616 1871 3671 viduata
1900 3622 2140 3669 maneret

537 3714 774 3779 pastore,
807 3704 1246 3760 consecravimus
1273 3720 1398 3760 cum
1454 3704 1626 3760 sancti
1658 3704 1890 3774 Spiritus
1920 3703 2137 3775 gratia;

529 3802 584 3849 et
613 3795 685 3848 ad
714 3794 1017 3864 regendum
1048 3809 1147 3848 vos
1176 3793 1518 3863 pastoraliter
1572 3793 1892 3848 instructum
1935 3790 2139 3846 direxi-

531 3899 685 3949 mus;
718 3898 881 3954 quem
908 3883 1102 3937 devote
1132 3890 1187 3936 et
1222 3881 1550 3936 unanimiter
1596 3880 1970 3950 suscipientes,
2019 3880 2144 3935 obe-

535 3970 749 4025 dientes
812 3969 884 4034 ei,
944 3976 1127 4038 utpote
1174 3969 1395 4039 proprio
1431 3968 1568 4039 patri
1622 3967 1854 4038 spiritali
1902 3967 2020 4021 sitis
2084 3967 2141 4021 in

537 4057 788 4112 omnibus
812 4075 827 4121 ;
861 4056 1011 4111 salvo
1041 4056 1301 4126 deinceps
1322 4057 1568 4125 ejusdem
1598 4056 1703 4111 loci
1739 4054 2022 4126 privilegio
2044 4070 2141 4109 an-

541 4144 693 4215 tiquo
725 4143 963 4214 propriae
1002 4144 1339 4214 metropolis,
1393 4143 1685 4209 sancimus,
1735 4151 1792 4197 ut
1822 4143 2143 4214 quicunque

538 4232 665 4288 huic
697 4239 899 4287 nostrae
927 4231 1231 4287 auctoritati
1291 4240 1342 4286 et
1397 4232 1711 4303 apostolicae
1764 4230 2143 4286 deliberationi

540 4328 730 4377 contra
784 4329 951 4390 stare,
1005 4328 1097 4375 aut
1152 4320 1429 4386 resistere,
1493 4329 1585 4375 aut
1642 4336 1752 4375 non
1782 4319 2026 4385 obedire,
2058 4319 2143 4374 vel

1750 226 2048 288 JOANNIS
2104 228 2300 283 PAPE
2350 230 2489 286 VIII.

500 360 681 433 impiis
709 360 977 433 Agarenis
1007 358 1260 423 habuisti,
1296 355 1582 412 manifesta
1611 354 1900 411 devotione
1935 353 2115 426 frege-
2148 353 2202 414 A

3707 231 3809 284 9L8

2877 367 3142 422 CCCLIV.

2602 480 2675 519 AD
2713 480 2968 520 CAROLUI
3010 478 3426 519 IIPEBATOBII.

2831 556 3010 623 (Anno
3050 554 3201 622 882.)

2219 642 2488 717 Quaeritur
2516 643 2700 697 multa
2720 642 2868 717 ‘bona
2886 643 3160 717 Ecclesiae
3190 643 3471 717 Romana
3493 657 3548 717 _a_
3594 640 3806 717 Widone

2286 712 2522 783 quodam
2552 712 2893 767 marchione'
2921 716 3157 783 erepta;
3205 715 3362 781 rogat
3408 711 3806 766 ut'Ecclcsiam

2287 782 2574 852 defendat,
2608 786 2665 836 et
2691 785 2928 854 ipsemet
2955 782 3183 853 adjutor
3212 782 3422 837 veniat.

2288 887 2370 941 Ad
2401 887 2785 957 imperatorem
2818 888 3108 943 Canowu.

2290 975 2421 1029 Cum
2452 984 2506 1029 et
2532 983 2656 1030 ante
2686 985 2999 1046 susceptum
3039 974 3345 1046 imperium,
3381 983 3433 1030 et
3474 982 3596 1046 post
3628 976 3802 1046 Augu-

2219 1062 2353 1118 stale
2383 1072 2676 1133 sceptrum,
2723 1080 2823 1134 per
2861 1063 3177 1118 humilitatis
3226 1072 3419 1118 vestrae
3466 1062 3811 1117 ministerium

2223 1150 2374 1206 vobis
2423 1150 2681 1206 divinitus
2734 1151 3069 1214 attributum,
3132 1167 3231 1206 nos
3283 1151 3498 1223 quidem
3546 1149 3814 1205 multoties

2222 1255 2320 1309 pro
2345 1239 2641 1294 innumeris
2697 1240 3116 1296 necessitatibus
3171 1248 3224 1295 et
3277 1239 3663 1310 multiplicibus
3720 1254 3815 1308 op-

2222 1328 2615 1397 pressionibus,
2680 1345 2813 1399 quas
2869 1336 3053 1383 sancta
3108 1336 3282 1383 mater
3338 1336 3520 1383 vestra
3578 1327 3816 1381 Romana

2222 1414 2470 1471 Ecclesia
2515 1416 2754 1487 quotidie
2803 1416 3023 1487 patitur,
3081 1416 3289 1489 ingenti
3341 1430 3579 1471 maerore
3640 1412 3819 1469 afﬂicti

2223 1503 2699 1570 reclamassemus,
2733 1505 2939 1559 nullum
2969 1521 3141 1577 usque
3169 1505 3348 1560 adhuc
3402 1512 3597 1574 optatae
3623 1518 3821 1558 conso-

2222 1591 2438 1646 lationis
2470 1593 2730 1647 valuimus
2759 1594 3064 1664 promereri
3091 1593 3346 1649 auxilium
3378 1593 3466 1647 vel
3491 1591 3822 1647 defensionis

2152 1704 2205 1763 B
2227 1680 2496 1746 solatium,
2531 1681 2659 1752 quia
2687 1683 2754 1736 de
2785 1682 3037 1737 omnibus
3066 1681 3433 1736 immobilibus
3472 1681 3635 1735 rebus
3662 1680 3824 1735 terri-

2226 1767 2347 1823 torii
2377 1769 2549 1824 sancti
2607 1769 2768 1834 Petri,
2827 1785 2964 1841 quas
2993 1770 3150 1824 nobis
3178 1770 3451 1826 Ravennae
3479 1768 3825 1825 consistenti-

2222 1855 2343 1925 bus,
2378 1856 2431 1911 in
2461 1857 2750 1929 praesentia
2782 1858 3084 1913 serenitatis
3128 1864 3327 1913 vestra:
3375 1866 3606 1928 uterque
3662 1856 3825 1911 Wido

2221 1945 2466 1999 marchio
2519 1961 2620 2016 pro
2679 1946 3086 2001 reinvestitione
3143 1946 3400 2012 reddidit,
3478 1960 3582 2000 nec
3664 1960 3826 1999 unum

2224 2033 2527 2103 recepimus
2559 2033 2739 2088 locum
2773 2052 2787 2098 ;
2821 2034 2917 2089 sed
2940 2034 3041 2105 ipsi
3072 2042 3123 2089 et
3144 2034 3392 2089 homines
3424 2049 3608 2089 eorum
3640 2041 3824 2089 contra

2219 2121 2308 2189 jus
2337 2130 2388 2175 et
2415 2122 2728 2193 aequitatem
2756 2123 2939 2178 omnia
2970 2123 3202 2180 retinere
3257 2130 3595 2193 praesumunt
3630 2140 3643 2175 :
3705 2136 3825 2175 nam

2223 2208 2382 2264 nobis
2411 2210 2466 2263 in
2497 2210 2792 2280 Pentapoli,
2826 2211 2930 2266 hoc
2960 2219 3042 2265 est
3069 2210 3124 2264 in
3154 2210 3289 2265 urbe
3322 2210 3468 2266 Fano
3525 2210 3827 2266 consisten-

2224 2297 2386 2362 tibus,
2416 2298 2723 2352 Adelardus
2783 2299 3275 2354 reverendissimus
3305 2298 3618 2370 episcopus,
3650 2308 3703 2353 et
3730 2298 3825 2353 deo

2224 2385 2446 2441 liciosus
2501 2394 2683 2441 vester
2741 2387 3153 2458 communisque
3236 2386 3438 2451 fidelis,
3526 2387 3822 2442 secundum

2226 2481 2422 2529 vestrae
2450 2473 2813 2546 delegationis
2835 2476 3048 2543 jussum
3092 2475 3331 2540 advenit,
3392 2482 3446 2530 et
3490 2475 3566 2528 ibi
3624 2474 3829 2549 praefati

2225 2562 2482 2618 Widonis
2514 2570 2566 2618 et
2598 2562 2885 2617 satellitum
2917 2563 3051 2632 ejus,
3111 2563 3204 2634 qui
3233 2571 3418 2617 nostra
3449 2563 3718 2618 violenter
3746 2570 3830 2616 tu-

2224 2649 2402 2705 lerunt
2457 2666 2520 2705 ac
2577 2650 2933 2720 retinuerunt,
2988 2650 3334 2722 praesentiam
3381 2652 3680 2722 praestolati
3732 2667 3824 2705 su-

2226 2754 2393 2791 mus:
2452 2745 2717 2809 quatenus
2773 2737 2859 2792 vel
2916 2738 3041 2792 inde
3099 2739 3277 2793 omnis
3331 2738 3732 2794 emendationis
3778 2746 3829 2793 et

2228 2826 2446 2894 justitisa
2476 2834 2656 2897 ccepto
2685 2825 2855 2892 initio,
2897 2843 2998 2897 per
3026 2835 3254 2883 caeteras
3281 2827 3546 2893 urbes,de
3577 2827 3828 2883 omnibus

2228 2915 2380 2983 juxta
2406 2914 2705 2969 clementiae
2734 2924 2929 2971 vestra:
2959 2916 3258 2985 decretum,
3291 2916 3606 2987 recipiendo
3654 2931 3831 2971 coram

2233 3002 2414 3074 legato
2443 3011 2625 3058 vestro
2647 3003 2897 3072 justitias,
2932 3004 3134 3073 pariter
3172 3002 3651 3075 proﬁcisceremur
3684 3022 3699 3070 ;
3732 3003 3826 3058 sed

2237 3090 2330 3145 illo
2361 3106 2579 3161 semper
2608 3090 2849 3163 fugiente
2889 3091 3171 3160 judicium,
3232 3100 3284 3146 et
3338 3100 3535 3147 vestra:
3573 3090 3834 3161 jussionis

2238 3178 2538 3248 piissimam
2572 3180 2908 3235 sanctionem
2942 3179 3141 3235 callide
3180 3179 3523 3245 declinando,
3582 3195 3698 3234 non
3750 3196 3839 3235 ve-

2238 3267 2440 3333 niente,
2475 3267 2603 3338 quia
2647 3268 2802 3323 nobis
2832 3268 2949 3323 sine
3004 3267 3253 3338 profectu
3301 3268 3484 3339 aliquo
3539 3284 3642 3339 per
3695 3268 3837 3339 ipsas

2241 3354 2483 3410 civitates
2512 3372 2634 3428 qua:
2662 3356 2876 3411 illorum
2907 3357 3221 3428 gravamine
3249 3356 3649 3428 apprimuntur,
3682 3353 3838 3426 proﬁ-

2238 3442 2371 3497 cisei
2399 3443 2680 3527 evidenter
2711 3443 2911 3499 exstitit
2964 3443 3330 3510 manifestum,
3389 3444 3693 3499 direximus
3720 3460 3838 3499 cum

2238 3530 2429 3586 eodem
2459 3532 2732 3587 Adelardo
2772 3532 3072 3588 venerabili
3116 3532 3372 3603 episcopo
3431 3532 3601 3588 misso
3660 3540 3839 3587 vestro

2244 3618 2557 3690 Valpertum
2587 3620 3099 3676 reverendissimum
3141 3621 3455 3692 episcopum
3514 3628 3569 3675 et
3623 3618 3839 3677 fidelem

2240 3707 2593 3763 consiliarum
2620 3717 2883 3773 nostrum,
2916 3708 3008 3779 qui
3034 3709 3151 3764 vice
3172 3716 3359 3764 nostra
3378 3709 3680 3780 recepisset
3706 3724 3840 3765 con-

2240 3796 2559 3851 solationem
2582 3796 2790 3864 justitia
2819 3796 2977 3852 nobis
3000 3797 3057 3852 in
3086 3805 3263 3852 vestra
3288 3797 3579 3868 praesentia
3607 3797 3840 3863 reddita,

2240 3891 2294 3938 et
2323 3884 2625 3956 legitimam
2655 3885 2723 3939 de
2755 3884 2877 3939 aliis
2930 3885 3181 3940 omnibus
3237 3884 3696 3952 emendationem,
3755 3884 3844 3957 qui

2239 3971 2727 4042 videlicetprofecti
2759 3973 2965 4028 nullum
2987 3972 3210 4042 justitim
3234 3972 3469 4028 fructum
3492 3973 3838 4044 recipientes,

2242 4059 2311 4115 ad
2344 4075 2444 4115 nos
2475 4060 2676 4115 reversi
2705 4070 2848 4116 sunt.
2879 4062 2993 4116 Nos
3023 4069 3202 4117 autem
3230 4076 3447 4116 omnem
3476 4060 3843 4117 excusationis

2243 4163 2428 4203 eorum
2456 4148 2831 4204 defensionem
2860 4150 3076 4220 penitus
3106 4149 3319 4205 auferre
3346 4148 3613 4216 volentes,
3647 4150 3842 4205 decre-

2243 4235 2420 4290 vimus
2451 4252 2545 4292 eos
2574 4236 2768 4292 iterum
2798 4238 3012 4292 mittere
3033 4245 3088 4292 ut
3107 4238 3300 4293 saltem
3324 4238 3679 4307 postmodum
3711 4236 3844 4293 reci-

2244 4340 2495 4393 peremus
2518 4324 2796 4393 justitiam.
2822 4325 2924 4393 Qui
2956 4341 3078 4382 cum
3107 4326 3176 4380 ad
3198 4326 3516 4396 praedictum
3547 4325 3843 4381 Widonem

540 4409 684 4482 quod
715 4408 874 4474 absit,
938 4408 1260 4465 electionem
1316 4409 1484 4480 ipsius
1541 4408 1804 4464 Ecclesiae
1853 4408 2147 4479 aliquando
2177 4400 2463 4466 Drursum
2490 4412 2772 4478 abiissent,
2804 4413 2936 4467 nihil
2984 4413 3375 4469 emendationis
3422 4412 3668 4485 nihilque
3718 4413 3845 4468 red-

542 4505 877 4568 pervertere,
940 4505 1032 4552 aut
1112 4496 1432 4569 infringere,
1506 4513 1687 4569 quam,
1722 4497 1837 4551 Deo
1894 4495 2149 4567 propitio,

536 4587 682 4656 justa
711 4594 793 4641 est
821 4592 1090 4654 assecuta,
1151 4586 1457 4650 tentaverit,
1515 4585 1701 4656 gladio
1759 4585 1945 4656 utique
1982 4600 2151 4640 cano-

547 4675 686 4730 nica
716 4674 1017 4744 disciplina:
1047 4673 1257 4729 noverit
1287 4689 1347 4727 se
1391 4673 1714 4739 feriendum,
1764 4682 1923 4744 atque
1980 4672 2153 4727 omni-

542 4762 777 4834 potentis
806 4762 906 4817 Dei
935 4762 1226 4817 vindictam
1258 4777 1365 4815 non
1396 4776 1703 4825 evasurum,
1749 4760 1794 4814 si
1847 4761 2014 4830 digna
2058 4776 2155 4816 ce-

546 4850 732 4906 leriter
761 4866 870 4905 non
898 4848 1060 4905 fuerit
1090 4849 1458 4905 satisfactione
1490 4856 1727 4903 sanatus.
1762 4847 2157 4903 Contirmamus

542 4938 798 5009 denique,
834 4937 1005 4993 nostri
1048 4937 1381 5008 apostolatus
1431 4936 1771 5005 auctoritate,
1823 4952 2013 4991 omnes
2064 4950 2153 4991 res

542 5027 787 5097 ejusdem
836 5025 1096 5082 Ecclesiae
1133 5024 1365 5096 pacifice
1424 5020 1489 5080 ac
1541 5025 1719 5098 quiete
1768 5024 2155 5095 perpetualiter

541 5114 843 5187 possidere.
877 5114 947 5167 Et
1001 5114 1310 5185 quicunque
1342 5114 1568 5168 easdem
1598 5113 1852 5168 invadere
1891 5128 1954 5166 ac
1995 5111 2152 5166 dissi-

545 5219 675 5274 pare
706 5218 871 5256 ausus
900 5201 1079 5266 fuerit,
1115 5210 1404 5273 postquam
1432 5217 1464 5256 a
1505 5202 1723 5273 proprio
1780 5200 2037 5271 episcopo
2069 5215 2155 5256 ca-

546 5290 742 5345 nonice
774 5290 1082 5345 admonitus
1136 5288 1321 5357 fuerit,
1391 5289 1436 5342 si
1487 5290 1783 5345 secundum
1839 5288 2052 5343 divinas
2101 5296 2154 5342 et

546 5377 815 5431 humanas
846 5378 998 5449 leges
1019 5393 1128 5432 non
1158 5377 1556 5443 emendaverit,
1580 5377 1680 5432 sub
1711 5379 2055 5433 anathemate
2085 5375 2153 5431 sit

549 5464 855 5519 damnatus.

2251 4499 2472 4554 ditionis
2501 4500 2571 4554 ab
2602 4516 2669 4555 eo
2698 4501 2785 4556 vel
2806 4502 3131 4572 sequacibus
3159 4502 3296 4571 ejus,
3340 4500 3476 4557 sicut
3513 4502 3846 4572 promissum

2253 4586 2448 4655 fuerat,
2483 4588 2725 4659 recipere
2754 4596 3063 4660 potuerunt.
3095 4589 3204 4644 Sed
3231 4597 3289 4644 ut
3333 4597 3491 4645 antea
3519 4589 3637 4644 sine
3668 4590 3850 4661 aliquo

2252 4676 2321 4729 ad
2350 4691 2449 4730 nos
2479 4674 2674 4731 effectu
2704 4692 2955 4732 reversus
2983 4685 3083 4743 est,
3116 4685 3168 4732 et
3196 4685 3378 4733 vester
3406 4677 3476 4732 ad
3507 4692 3606 4732 vos
3642 4677 3850 4748 absque

2247 4763 2467 4831 justitiae
2496 4765 2948 4835 contemplatione
2995 4765 3309 4820 omnimodo
3362 4765 3542 4830 rediit,
3601 4764 3850 4836 quamvis

2254 4851 2461 4922 ingenti
2491 4861 2543 4907 et
2573 4851 2717 4907 fideli
2738 4853 3025 4909 devotione
3052 4854 3169 4924 ipse
3200 4851 3473 4909 confrater
3496 4860 3684 4908 noster
3703 4853 3850 4907 Ade-

2255 4938 2439 4994 lardus
2481 4940 2548 4994 ad
2589 4941 2855 5009 justitiam
2905 4941 3231 5014 exigendam
3277 4941 3610 4996 multimodis
3658 4942 3851 4996 decer-

2251 5036 2436 5082 tasset.
2469 5029 2627 5084 Nunc
2655 5029 2822 5101 igitur
2848 5046 2949 5101 pro
2976 5039 3128 5085 certo
3156 5029 3391 5085 scientes
3421 5030 3621 5085 nullam
3650 5046 3760 5085 nos
3787 5030 3852 5085 de

2254 5115 2417 5170 tantis
2445 5116 2599 5170 malis
2627 5132 2790 5186 posse
2819 5118 3022 5172 habere
3044 5117 3303 5186 justitiam
3335 5126 3389 5172 et
3417 5117 3853 5173 emendationem

2254 5219 2353 5274 per
2382 5204 2674 5274 quemlibet
2702 5204 3039 5261 celsitudinis
3067 5213 3261 5260 vestrae
3298 5205 3556 5277 legatum,
3608 5205 3717 5259 nisi
3761 5220 3855 5277 per

2253 5299 2491 5346 vestram
2521 5292 2856 5363 imperialem
2894 5294 3262 5364 praesentiam,
3320 5308 3577 5364 rogamus
3631 5293 3850 5359 obnixe,

2253 5387 2416 5450 atque
2443 5396 2545 5450 per
2562 5381 2986 5452 omnipotentem
3016 5381 3307 5437 Dominum
3335 5381 3667 5450 adjuramus,
3703 5388 3761 5435 ut
3789 5379 3856 5435 ad

2257 5465 2660 5525 defendendam
2693 5477 2745 5526 et
2765 5469 3106 5526 liberandam
3134 5470 3203 5525 de
3244 5468 3492 5526 manibus
3545 5467 3857 5527 malefacto-
