4060 6184
328 216 443 270 949

1550 170 1905 275 EPISTODE
1961 219 2053 275 ΕΤ
2107 220 2451 280 DECRETA.

3522 236 3627 289 950

329 354 486 401 rum,
520 338 612 409 qui
641 353 762 393 eam
811 338 1068 395 atrociter
1113 340 1396 407 devorant,
1448 340 1749 396 Ecclesiam
1789 341 1932 396 beati
1963 340 2246 414 Aprazbet
2275 346 2585 415 videndam.
2638 348 2897 405 Praesenti
2945 365 3161 422 quoque
3202 351 3360 408 Petro
3390 369 3627 410 venera-

335 426 490 481 Petri
520 427 887 497 apostolorum
916 428 1174 499 principis
1220 429 1377 484 vobis
1415 429 1781 494 commissam,
1816 446 1939 500 quae

336 530 444 569 vos
474 514 659 569 divino
688 523 816 569 nutu
849 517 1123 584 adjutores
1152 533 1213 571 ac
1251 515 1571 571 defensores
1601 517 1655 571 in
1686 517 1938 572 omnibus

338 602 509 674 elegit
550 603 775 668 habere,
823 603 943 674 ipsi,
993 606 1109 659 Deo
1154 604 1464 670 auxiliante,
1494 605 1678 660 venire
1707 605 1937 661 libenter

334 689 675 762 dignemini:
698 700 965 763 quatenus
994 692 1093 747 Dei
1122 700 1175 747 et
1204 701 1387 748 vestro
1417 693 1611 748 solatio
1639 692 1794 758 freta,
1819 709 1939 764 qua:

338 794 437 831 sua
469 787 592 833 sunt
620 779 793 833 valeat
825 780 1084 835 securiter
1112 780 1343 836 retinere
1359 797 1483 837 cum
1503 767 1747 852 pristinas
1766 780 1938 852 digni-

334 865 467 919 tatis
494 866 716 932 decore,
750 868 821 922 ad
852 864 1064 923 laudem
1095 877 1147 924 et
1175 878 1490 940 perpetuam
1520 869 1715 925 anima:
1743 880 1937 924 vestrae

336 954 673 1009 mercedem.

1019 1025 1256 1082 CCCLV.

753 1128 825 1167 AD
863 1128 1175 1170 RICCARDBI
1213 1126 1529 1171 AUGUSTAI.

963 1205 1144 1271 (Anno
1173 1205 1321 1272 882.)

341 1298 614 1365 Qucritur
633 1299 855 1354 nullam
875 1300 978 1354 sibi
998 1304 1196 1355 contra
1216 1300 1625 1356 Saracenorum
1646 1300 1935 1355 excursio-

413 1385 517 1423 nes
537 1386 697 1442 opem
730 1372 903 1442 ferri;
934 1373 1097 1442 rogat
1122 1374 1189 1425 ut
1218 1371 1284 1425 ab
1306 1372 1645 1442 imperatore
1675 1371 1939 1442 celeriter

406 1440 660 1511 postulet
690 1441 980 1494 auxilium
1004 1440 1027 1494 ξ
1053 1441 1298 1511 legatum
1340 1440 1506 1495 suum
1546 1440 1934 1505 commendat;

404 1512 559 1580 petit
584 1510 678 1583 deft
706 1526 931 1581 operam
952 1514 1029 1583 ut
1058 1510 1393 1583 Ahgetberga
1411 1511 1478 1566 ab
1498 1512 1699 1566 exsilio
1720 1525 1937 1565 revoce-

412 1584 512 1634 tur
540 1583 597 1634 et
628 1582 854 1635 Romam
885 1581 1171 1635 mittatur.

2038 431 2129 485 bili
2186 434 2444 505 episcopo
2488 436 2646 491 valde
2689 437 2845 491 nobis
2895 439 3140 509 credulo,
3194 447 3245 495 et
3271 440 3625 498 dilectissimo

2036 518 2287 576 familiari
2317 530 2502 578 nostro
2524 540 2791 580 summam
2813 525 3265 594 benevolentiam,
3291 545 3622 601 quaesumus,

2036 608 2249 672 exhibe,
2282 618 2333 664 et
2362 610 2411 664 ei
2439 619 2624 682 utpote
2654 629 2683 665 a
2715 621 2860 667 tanta
2899 614 3029 669 sede
3080 615 3310 681 directo,
3345 615 3629 672 familiari-

2035 696 2159 750 tatis
2188 697 2366 753 locum
2395 700 2539 769 apud
2568 700 2826 755 domuum
2856 705 3159 775 Augustum
3188 704 3627 775 congruentissi—

2036 800 2184 839 mum
2214 786 2405 851 tribue,
2457 796 2619 859 atque
2667 797 2725 843 ut
2767 790 3173 861 nobismetipsis
3222 791 3299 846 illi
3331 792 3628 849 credulita-

2036 880 2144 927 tem
2174 874 2385 943 penitus
2412 876 2695 941 adhibens,
2747 894 2809 932 ea
2855 895 2977 949 quae
3006 878 3186 934 verbis
3215 880 3475 945 retulerit,
3509 888 3629 937 stu-

2037 959 2125 1015 dio
2155 968 2247 1016 tuo
2276 963 2534 1032 operibus
2560 964 2899 1035 impleantur.
2935 966 3043 1022 Sed
3073 974 3126 1021 et
3155 968 3257 1023 hoc
3273 968 3632 1038 deprecamur

2035 1055 2093 1102 ut
2120 1064 2219 1119 pro
2249 1065 2314 1104 eo
2343 1051 2488 1121 quod
2535 1053 2677 1122 apud
2724 1040 2969 1109 Ticinum
3016 1054 3209 1110 eodem
3252 1055 3511 1127 episcopo
3562 1072 3630 1113 ea

2036 1152 2159 1207 quae
2188 1152 2288 1192 nos
2317 1137 2394 1192 illi
2422 1140 2890 1206 commiseramus,
2910 1142 3015 1213 ipsi
3045 1146 3291 1214 Augusto
3316 1144 3631 1200 necessaria

2037 1234 2359 1294 exponente,
2409 1226 2618 1281 animus
2656 1228 2823 1297 illius,
2846 1237 3033 1285 contra
3075 1231 3219 1287 hunc
3248 1238 3332 1286 est
3361 1232 3627 1301 turbatus,

2038 1318 2125 1365 tua
2156 1312 2408 1367 instantia
2437 1315 2699 1387 quidquid
2729 1316 2860 1370 illud
2891 1316 3050 1373 fuerit
3078 1318 3299 1374 omnino
3329 1318 3628 1375 aboleatur.

2036 1400 2101 1454 Et
2133 1400 2199 1454 ad
2231 1402 2373 1457 hunc
2405 1404 2656 1458 eumdem
2686 1404 3000 1475 episcopum
3028 1406 3115 1476 pie
3156 1408 3494 1463 tractandum
3522 1407 3629 1463 im-

2034 1488 2255 1558 perialis
2286 1490 2499 1544 animus
2543 1491 2829 1561 placabilis
2859 1493 2914 1547 in
2944 1494 3153 1549 cunctis
3183 1495 3456 1561 reddatur,
3491 1511 3630 1566 quo-

2035 1576 2178 1630 niam
2202 1592 2311 1631 non
2342 1578 2457 1634 haec
2488 1581 2883 1635 contumaciter
2928 1590 3020 1635 aut
3055 1589 3241 1637 contra
3272 1582 3631 1654 Augustalem

406 1675 677 1732 RICCARDI
733 1679 1010 1746 Augustis,
1058 1692 1154 1731 seu
1202 1676 1543 1732 Lw'rvvaaoo
1599 1675 1933 1733 Vercellensi

2037 1664 2350 1735 dignitatem
2399 1666 2716 1736 protulerat,
2768 1669 2863 1722 sed
2913 1668 3030 1724 zelo
3072 1669 3172 1724 Dei
3212 1669 3406 1727 ductus
3436 1671 3503 1725 ad
3533 1685 3633 1727 nos

333 1764 615 1836 episcopo,
648 1779 679 1818 a
707 1764 946 1834 paribus.

405 1853 579 1907 Tanta
611 1853 793 1907 cordis
824 1853 1072 1923 angustia
1113 1859 1397 1925 tantusque
1434 1851 1592 1908 dolor
1621 1860 1671 1907 et
1700 1852 1935 1926 gemitus

332 1941 461 1995 hinc
492 1948 545 1994 et
574 1941 700 1995 inde
729 1957 850 1995 cum
880 1940 1096 2013 irriguis
1117 1940 1479 2011 lacrymarum
1498 1940 1681 1996 rivulis
1695 1948 1935 1996 nostram

329 2037 549 2085 aetatem
609 2029 853 2100 quatiunt
910 2037 964 2086 et
1011 2037 1400 2100 conquassant,
1443 2037 1728 2100 tantusque
1773 2030 1934 2084 etiam

328 2116 515 2173 luctus
544 2132 645 2187 pro
676 2117 1011 2172 desolatione
1056 2125 1214 2172 terra:
1254 2117 1431 2186 istius,
1464 2133 1627 2189 quam
1664 2118 1779 2186 jam
1809 2117 1936 2171 fun-

328 2205 480 2260 ditus
508 2222 537 2258 a
567 2204 861 2259 Christiani
891 2204 1126 2259 nominis
1154 2205 1387 2260 inimicis
1415 2212 1469 2260 et
1500 2206 1614 2260 Deo
1644 2205 1935 2260 odibilibus

329 2293 629 2349 Saracenis
649 2293 1016 2363 deprtedatam
1039 2292 1331 2360 cernimus,
1358 2309 1458 2349 nos
1478 2293 1637 2348 adicit
1666 2302 1720 2349 et
1747 2293 1936 2348 intima

336 2389 536 2436 nostra
564 2380 833 2445 dissolvit,
882 2387 937 2435 ut
986 2390 1037 2435 et
1084 2395 1306 2435 somnus
1333 2382 1400 2435 ab
1430 2381 1601 2436 oculis
1632 2389 1684 2436 et
1712 2397 1743 2435 a
1773 2389 1935 2452 gustu

330 2469 495 2524 cibus
523 2467 762 2547 etfugiat.
796 2468 969 2523 Etiam
992 2484 1113 2523 cum
1136 2468 1367 2524 Jeremia
1387 2470 1674 2524 decantare
1704 2470 1941 2540 compel-

332 2556 422 2611 lor
453 2574 468 2610 :
507 2558 638 2625 Qui:
669 2557 823 2612 dabit
851 2558 1026 2629 capiti
1056 2573 1173 2612 meo
1206 2561 1447 2630 aquam?
1466 2561 1568 2613 aut
1588 2559 1765 2613 oculis
1793 2559 1935 2612 meis

328 2647 557 2716 fontem
578 2646 1002 2716 tacrymarum?
1033 2646 1165 2711 (Jer.
1200 2645 1283 2712 lx)
1313 2646 1379 2700 Et
1408 2645 1631 2717 reliqua.
1658 2645 1935 2716 Siquidem

329 2733 772 2804 exspectavimus
802 2732 1001 2801 lucem,
1034 2740 1085 2788 et
1114 2748 1240 2788 ecce
1271 2733 1557 2799 tenebras;
1588 2734 1935 2805 quaesivimus

330 2821 682 2890 adjutorium,
713 2828 766 2875 et
781 2820 951 2875 muris
972 2821 1134 2878 Urbis
1154 2821 1341 2894 egredi
1363 2837 1469 2876 non
1491 2822 1773 2875 audemus.
1796 2820 1932 2876 Nam

328 2917 464 2965 ante
492 2918 736 2968 vestrum
764 2909 996 2964 Romam
1020 2909 1312 2964 adventum
1357 2910 1745 2984 qualiscunque
1778 2910 1936 2965 nobis

327 3006 453 3055 erat
509 2997 897 3069 tranquillitas;
956 2998 1120 3053 modo
1175 3012 1307 3053 vero
1350 2997 1701 3053 intolerabilis
1748 3006 1801 3053 et
1829 2997 1935 3052 im-

326 3086 622 3158 portabilis
650 3085 1048 3157 persecutionis
1077 3093 1249 3141 exstat
1279 3093 1591 3156 tempestas,
1616 3086 1740 3158 quia
1756 3102 1936 3159 neque

329 3174 594 3246 spiritalis
622 3173 765 3229 ﬁlius
795 3182 980 3229 uoster
1020 3175 1316 3244 Augustus,
1368 3190 1546 3245 neque
1590 3174 1818 3243 alicujus
1847 3175 1933 3229 al-

327 3263 507 3319 terius
554 3262 735 3336 gentis
777 3263 940 3318 homo
988 3262 1148 3317 nobis
1195 3261 1402 3318 confert
1431 3261 1720 3329 auxilium;
1749 3270 1802 3317 et
1829 3263 1934 3318 nisi

326 3351 586 3406 divinitas
616 3365 829 3405 summa
857 3349 1157 3416 subveniat,
1182 3358 1273 3405 aut
1292 3351 1346 3405 in
1372 3349 1804 3421 desperationem
1836 3350 1934 3405 ali-

327 3451 497 3508 quam
527 3435 664 3506 lapsi
692 3434 845 3506 (quia
874 3450 979 3489 non
1011 3435 1187 3489 solum
1217 3434 1462 3505 duplum,
1499 3434 1637 3490 sicut
1668 3435 1932 3490 Dominus

325 3524 482 3589 dicit,
548 3524 645 3580 sed
697 3524 857 3579 etiam
904 3523 1121 3594 triplum
1161 3531 1214 3578 et
1243 3523 1605 3595 quadruplum
1638 3523 1932 3579 exercitum

326 3621 517 3669 contra
547 3627 648 3667 nos
676 3612 867 3667 venire
909 3611 1319 3683 conspicimus),
1369 3627 1437 3666 ea
1476 3627 1599 3684 qua
1628 3611 1776 3682 pacis
1808 3619 1934 3666 sunt

321 3700 742 3772 postulabimus.
803 3701 908 3755 Aut
961 3708 1110 3756 certe
1159 3715 1271 3754 non
1318 3699 1495 3754 solum
1536 3700 1674 3772 jugo
1703 3699 1931 3755 illorum

325 3788 506 3845 coacti
533 3788 848 3855 subdemur,
885 3787 984 3843 sed
1011 3788 1175 3843 etiam
1204 3787 1273 3841 ab
1301 3787 1380 3842 eis
1409 3788 1552 3858 capti
1579 3787 1742 3858 impie
1767 3787 1931 3860 jugu-

325 3877 586 3934 labimur.
619 3876 778 3946 Quia,
813 3877 952 3933 sicut
982 3876 1151 3945 scitis,
1171 3875 1470 3947 saepissime
1492 3875 1926 3943 reclamavimus,

329 3975 385 4021 et
413 3982 594 4038 neque
615 3965 732 4036 ipse
760 3968 1059 4037 Augustus,
1090 3973 1148 4020 ut
1178 3964 1532 4035 prmtulimus,
1572 3964 1929 4037 qualemcun-

331 4071 442 4128 que
472 4052 848 4111 defensionem
880 4054 1038 4108 nobis
1067 4051 1327 4122 exhibuit,
1373 4069 1551 4125 neque
1578 4053 1827 4108 homines
1856 4053 1931 4108 ci-

329 4143 560 4198 vitatum
591 4150 921 4208 nostrarum,
952 4141 1043 4213 qui
1070 4150 1259 4198 contra
1288 4142 1463 4197 Deum
1484 4149 1738 4198 etcontra
1768 4157 1929 4197 omne

329 4231 681 4304 privilegium
711 4238 952 4285 nostrum
982 4230 1051 4283 ab
1073 4229 1416 4302 alienigenis,
1449 4244 1513 4285 ac
1540 4230 1587 4284 si
1616 4230 1788 4285 nostri
1821 4245 1931 4283 non

331 4319 558 4385 fuerint,
607 4318 933 4384 detinentur,
991 4318 1059 4372 ad
1102 4318 1379 4373 servitium
1426 4324 1629 4373 sancta:
1673 4318 1929 4372 Romanae

330 4408 599 4465 Ecclesia
623 4406 950 4473 faciendum,
984 4405 1120 4462 sicut
1138 4406 1355 4461 solitum
1374 4412 1504 4471 erat,
1522 4406 1591 4459 ab
1613 4404 1929 4460 eorumdem

329 4496 768 4568 alienigenarum
794 4495 930 4566 jugo
959 4493 1239 4550 subtraxit.
1289 4493 1385 4547 His
1432 4506 1586 4563 ergo,
1618 4491 1933 4547 charissima

332 4583 466 4650 filia,
501 4583 832 4639 clamoribus
877 4598 942 4639 ac
990 4582 1279 4638 ululatibus
1322 4580 1519 4635 nostris
1558 4579 1773 4645 auditis,
1807 4579 1933 4651 quia

336 4672 676 4744 sapientibus
730 4672 1021 4744 loquimur,
1082 4671 1336 4726 continuo
1386 4676 1607 4741 propter
1662 4669 1833 4723 Deum
1882 4675 1934 4722 et

333 4768 564 4832 propter
594 4767 814 4815 sanctos
855 4760 971 4829 ejus
1027 4757 1328 4830 apostolos,
1373 4757 1486 4826 jam
1526 4756 1670 4812 dicto
1711 4754 1935 4828 spiritali

336 4848 453 4903 ﬁlio
481 4856 673 4904 nostro
692 4851 966 4919 'Augusto,
998 4847 1141 4902 ﬂexo
1164 4845 1385 4917 p0plite,
1415 4861 1657 4918 suggere
1684 4853 1761 4910 ut,
1818 4860 1933 4899 om-

333 4937 500 4990 nibus
556 4935 778 4991 omnino
832 4934 1247 4991 necessitatibus
1287 4942 1374 4989 aut
1424 4933 1639 4988 omissis
1669 4941 1761 4987 aut
1789 4939 1937 4987 certe

335 5024 643 5094 suSpensis,
678 5031 882 5079 sanctas
928 5022 1112 5077 matris
1161 5039 1272 5077 suae
1308 5021 1602 5077 calamitati
1632 5020 1934 5086 subveniat,

336 5120 393 5168 et
444 5111 944 5176 conculcationem,
991 5112 1101 5166 imo
1148 5110 1505 5182 perditionem
1553 5108 1697 5164 illius
1744 5109 1941 5164 adver-

336 5209 482 5265 tens,
514 5207 801 5270 antequam
829 5215 1135 5270 pereamus,
1168 5198 1486 5254 citissimum
1516 5196 1755 5252 conferat
1784 5196 1939 5265 adju-

337 5289 563 5352 torium,
598 5296 689 5342 aut
717 5303 1018 5360 congruum
1069 5287 1186 5342 sine
1230 5302 1382 5341 mora
1411 5287 1575 5341 donet
1605 5284 1892 5341 consilium
1924 5303 1937 5339 :

340 5376 471 5449 quia
503 5376 616 5432 vita
644 5384 833 5454 nostra
875 5376 1035 5432 nobis
1078 5391 1185 5431 non
1234 5375 1472 5446 prodest,
1521 5382 1573 5429 et
1620 5373 1672 5428 in
1705 5381 1941 5429 extremo

342 5465 529 5538 positi,
563 5465 777 5521 etiamsi
826 5480 934 5520 non
982 5472 1311 5538 Optaremus,
1352 5463 1463 5532 jam
1501 5477 1646 5518 mors
1675 5478 1733 5517 se
1763 5462 1941 5534 palam

1965 3040 2013 3106 C

2034 1750 2280 1807 inefﬁcax
2307 1753 2488 1809 redire
2518 1754 2753 1809 nolebat.
2804 1755 3086 1812 Postremo
3134 1756 3335 1811 Christi
3365 1757 3554 1812 cultrix
3584 1765 3639 1813 et

2035 1841 2151 1896 Deo
2181 1841 2429 1896 amabilis
2461 1841 2587 1905 tilia,
2620 1843 2848 1898 moleste
2878 1844 3197 1914 accipimus,
3230 1860 3331 1901 cur
3359 1844 3636 1901 multoties

2035 1929 2415 1999 deprecantes,
2436 1930 2663 2001 spiritali
2683 1929 2808 1986 filiae
2824 1939 3021 1987 nostrae
3043 1931 3409 2007 Angelbergaa
3429 1932 3636 1989 nullam

2034 2033 2133 2087 per
2174 2032 2270 2072 vos
2318 2018 2589 2087 potuimus
2640 2017 2886 2073 conferre
2933 2018 3220 2088 medelam,
3269 2027 3327 2074 ut
3369 2019 3633 2077 dissoluto

2036 2104 2244 2170 exsilio,
2279 2106 2346 2160 ad
2378 2113 2627 2161 sanctum
2647 2107 2868 2161 Petrum
2888 2107 3191 2177 apostolum
3221 2123 3340 2161 eam
3370 2107 3636 2164 reducere

2035 2190 2357 2247 faceremus.
2392 2194 2545 2249 Unde
2578 2193 2741 2248 etiam
2786 2210 2929 2249 nunc
2974 2210 3320 2266 summopere
3358 2195 3630 2267 depreca-

2036 2298 2159 2335 mur
2191 2289 2246 2335 ut
2274 2297 2373 2354 pro
2403 2296 2586 2336 amore
2616 2282 2716 2337 Dei
2760 2290 2813 2336 et
2861 2290 3051 2337 nostro
3094 2290 3278 2338 sancta
3307 2283 3468 2339 sedes
3495 2299 3659 2355 apo--

2035 2368 2225 2424 stolica
2253 2370 2322 2423 de
2351 2371 2453 2425 hoc
2490 2371 2799 2426 bonoretur.
2833 2370 2901 2425 Et
2932 2371 3071 2426 sicut
3094 2371 3207 2439 jam
3236 2371 3413 2427 dictus
3443 2373 3634 2445 Augu-

2036 2464 2149 2510 stus
2179 2457 2458 2513 vobiscum
2501 2458 2704 2528 pariter
2750 2457 3076 2529 repromisit,
3111 2475 3141 2512 a
3170 2458 3498 2528 captivitate,
3531 2475 3639 2531 qua

2036 2544 2236 2599 frustra
2268 2533 2498 2614 tenetur,
2532 2546 2679 2601 salva
2726 2554 2779 2601 et
2825 2545 3114 2601 incolumis
3154 2546 3466 2603 reducatur.
3499 2546 3639 2617 Quia

2035 2641 2323 2705 postquam
2368 2634 2524 2688 nobis
2572 2634 2769 2705 quibus
2815 2633 2989 2689 fuerat
3038 2635 3423 2690 commendata
3463 2642 3515 2690 et
3543 2635 3641 2690 de-

2034 2720 2270 2776 fensioni
2318 2721 2489 2776 sancti
2538 2722 2682 2777 Petri
2732 2722 2964 2793 apostoli
3006 2722 3334 2793 protectoris
3367 2724 3452 2778 sui
3482 2739 3640 2779 com-

2034 2808 2221 2873 missa,
2255 2808 2464 2864 reddita
2511 2808 2687 2876 fuerit,
2732 2810 2934 2864 nullam
2978 2810 3047 2865 de
3096 2826 3163 2866 ea
3212 2810 3485 2867 sinistram
3517 2812 3640 2884 quis

2034 2896 2239 2953 habere
2268 2897 2484 2968 poterit,
2519 2899 2683 2954 crede
2712 2898 2894 2968 nobis,
2927 2898 3313 2970 suspicionem.

2712 3012 2979 3070 CCCLVI.

2651 3110 2832 3182 (Anno
2866 3114 3016 3183 882.)

2139 3208 2509 3279 Privitcgium
2536 3224 2637 3280 pro
2665 3211 3011 3266 monasterio
3044 3209 3244 3265 Montis
3280 3209 3527 3265 Canini.

2034 3302 2195 3358 [Apud
2218 3301 2512 3359 Coequilln.,
2534 3303 2661 3349 Bull.
2688 3304 2983 3413 Dipléseitlcq
3025 3304 3176 3359 ampl.
3209 3303 3430 3359 Collect.,
3451 3305 3572 3350 tom.
3599 3306 3634 3359 ῐ.

2101 3434 2357 3489 JOANNss
2386 3434 2697 3507 episcopus,
2733 3452 2922 3492 servus
2952 3452 3232 3492 servorum
3255 3436 3637 3503 Dei,Baurna-

2031 3537 2124 3577 ιιιο
2154 3522 2411 3594 religioso
2442 3522 2622 3577 abbati
2652 3524 2951 3579 venerabili
2998 3523 3328 3580 monasterio
3368 3526 3429 3581 B.
3456 3525 3636 3582 Bene-

2030 3610 2156 3665 dicti
2188 3609 2515 3665 confessoris
2545 3610 2746 3665 Christi
2773 3612 2875 3667 sito
2903 3611 2958 3666 in
2988 3611 3213 3668 Cassiuo
3235 3620 3285 3668 et
3312 3628 3414 3684 per
3429 3628 3553 3669 eum
3574 3612 3631 3669 in

2030 3697 2223 3753 eodem
2253 3698 2551 3753 venerabili
2581 3698 3024 3767 monasterio,vel
3053 3707 3369 3771 cunctaeque
3398 3715 3633 3772 congre-

2029 3785 2233 3858 gationi
2262 3786 2316 3840 in
2345 3794 2685 3857 perpetuum.

2100 3873 2369 3942 Quoniam
2400 3890 2618 3946 semper
2648 3863 2776 3930 sunt
2799 3876 3153 3933 concedenda
3196 3891 3318 3948 qua:
3345 3874 3629 3933 rationali-

2029 3961 2130 4017 bus
2192 3970 2500 4036 congruunt
2555 3963 2863 4031 desideriis,
2921 3972 3138 4037 oportet
3190 3972 3248 4020 ut
3301 3964 3519 4020 devotio
3575 3961 3631 4020 iu

2028 4067 2115 4105 me
2147 4051 2394 4122 petitoris
2420 4052 2695 4108 humiliter
2722 4052 2987 4126 acquisita
3016 4053 3072 4108 in
3099 4052 3404 4127 privilegiis
3433 4068 3631 4109 conce-

2028 4138 2222 4194 dendis
2253 4139 2476 4195 minime
2505 4141 2810 4213 denegetur
2836 4157 2867 4195 a
2892 4149 3078 4196 nostra
3116 4141 3426 4197 clementia.
3459 4140 3632 4213 Igitur

2030 4227 2157 4299 quia
2183 4228 2364 4298 petisti
2394 4244 2426 4282 a
2456 4228 2614 4283 nobis
2644 4237 2911 4299 quatenus
2941 4230 3326 4285 monasterium
3358 4230 3417 4284 B.
3450 4230 3628 4285 Bene-

2032 4314 2159 4369 dicti
2189 4314 2521 4369 confessoris
2552 4314 2772 4383 Christi,
2792 4324 2955 4387 atque
2972 4316 3361 4372 monasterium
3383 4317 3441 4372 B.
3458 4316 3628 4372 Scho-

1958 4392 2253 4467 Dlasticze,
2290 4418 2385 4456 seu
2415 4409 2468 4456 et
2498 4402 2745 4458 ecclesiae
2773 4419 2870 4473 per
2897 4403 3109 4476 singula
3130 4403 3249 4459 loca
3278 4411 3624 4470 constructae,

2033 4484 2307 4556 praedictis
2354 4483 2697 4539 monasteriis
2745 4485 3097 4555 pertinentes,
3145 4483 3444 4556 privilegiis
3488 4501 3625 4555 apo-

2035 4570 2238 4628 stolicae
2266 4572 2411 4627 sedis
2443 4570 2624 4626 infulis
2655 4571 2999 4637 decorentur,
3040 4580 3096 4627 ut
3128 4572 3229 4627 sub
3251 4569 3627 4641 jurisdictioue

2036 4668 2235 4716 sanctae
2266 4661 2373 4727 cui,
2406 4660 2521 4716 Deo
2552 4669 2790 4727 auctore,
2837 4659 3176 4716 deservimus
3206 4659 3465 4715 Ecclesire
3496 4674 3626 4715 cou-

2038 4749 2254 4815 stitutaz,
2289 4748 2489 4803 nullius
2518 4748 2764 4804 ecclesiae
2812 4748 3094 4818 cujuslibet
3130 4748 3507 4819 episcoporum
3538 4746 3627 4802 di-

2036 4837 2274 4892 tionibus
2313 4845 2714 4908 promoveatur,
2758 4836 2845 4892 vel
2888 4835 3251 4891 submittatur.
3302 4836 3408 4890 Pro
3438 4850 3545 4907 qua
3570 4851 3628 4891 re

2038 4926 2141 4998 piis
2183 4925 2471 4982 desideriis
2515 4923 2777 4991 faventes,
2840 4926 2940 4979 hac
2989 4932 3174 4978 nostra
3221 4924 3532 4979 auctoritate
3569 4922 3626 4978 id

2041 5015 2185 5086 quod
2243 5013 2550 5085 exposcitur
2599 5012 2877 5084 petitione,
2937 5012 3311 5083 mancipamus
3362 5028 3374 5065 :
3427 5019 3477 5065 et
3507 5010 3630 5065 ideo

2042 5118 2258 5158 omnem
2312 5100 2598 5171 cujuslibet
2655 5099 2903 5156 ecclesia:
2959 5101 3272 5171 episcOpum
3320 5098 3375 5153 in
3404 5096 3630 5168 praefata

2040 5189 2373 5246 venerabilia
2402 5189 2519 5245 loca
2550 5204 2926 5261 quamcunque
2968 5189 3225 5243 ditionem
3273 5187 3476 5241 habere
3505 5201 3629 5241 om-

2041 5279 2170 5333 nino
2199 5278 2565 5348 prohibemus,
2625 5285 2819 5348 praeler
2862 5278 2931 5332 ad
2971 5277 3157 5331 sedem
3204 5283 3443 5331 nostram
3491 5289 3628 5347 apo-

2043 5365 2288 5421 stolicam
2346 5365 2579 5421 habeant
2636 5373 2943 5436 respectum
3001 5364 3197 5420 amodo
3239 5371 3291 5419 et
3327 5363 3628 5435 deinceps;

2043 5453 2242 5512 amissa
2297 5453 2550 5512 videlicet
2607 5453 2754 5511 omni
2807 5453 3061 5518 novitate,
3113 5460 3166 5509 et
3219 5451 3505 5521 violentia,
3563 5467 3630 5507 ex
