4112 6192
475 159 572 214 951

1801 148 2100 210 JOANNIS
2157 149 2352 206 PAPzE
2425 149 2565 207 VIII.

3662 144 3775 198 952

472 279 678 336 eisdem
707 278 1047 335 monasteriis
1094 279 1463 351 prohibemus,
1513 277 1586 332 ita
1621 285 1678 333 ut
1708 277 1812 333 nisi
1841 276 1962 349 quis
1992 275 2062 330 ab
2099 274 2323 334 Acatus
2350 251 2556 329 domini
2585 271 2758 328 nostri
2783 271 3006 327 Joannis
3033 269 3230 326 summi
3249 267 3537 341 pontiﬁcis,
3557 277 3618 324 et
3645 267 3776 322 uni-

475 369 674 426 abbate
700 367 1012 423 monasterii
1040 365 1200 423 fuerit
1230 367 1502 432 invitatus,
1538 383 1714 439 neque
1759 355 1842 422 ad.
1863 381 2062 421 conse-

471 455 732 513 crandam
762 455 1068 522 ecclesiam,
1101 454 1188 512 vel
1218 455 1555 511 sacerdotem
1585 455 1654 510 de
1683 453 1925 526 praefatis
1955 467 2065 508 mo-

472 543 724 599 nasteriis
751 543 864 598 sive
894 543 948 596 in
977 543 1226 598 omnibus
1255 543 1407 598 cellis
1437 543 1637 598 ibidem
1668 541 2064 613 pertinentibus

470 639 764 702 praesumat
787 631 1023 700 ingredi,
1053 647 1153 686 nec
1183 631 1469 685 missarum
1514 629 1716 686 ibidem
1753 629 2065 685 solemnita-

472 725 584 774 tem
637 717 905 790 quispiam
962 719 1339 789 episcoporum
1399 727 1688 788 praesumat
1753 717 2065 773 omnimodo

473 805 606 860 inibi
632 805 928 861 celebrare.
962 807 1046 860 Ad
1075 806 1500 861 consecrandam
1544 814 1724 862 autem
1776 805 2064 860 ecclesiam

468 894 524 948 in
554 892 665 948 suis
694 893 1056 957 monasteriis,
1107 893 1194 948 vel
1243 893 1396 948 cellis
1439 909 1816 965 quemcunque
1845 892 2062 963 episco-

467 991 662 1049 porum
691 975 914 1031 invitare
946 977 1175 1037 voluerit
1219 977 1336 1048 ipse
1382 977 1574 1042 abbas,
1623 977 1738 1032 sine
1783 975 2066 1044 cujuslibet

469 1063 858 1134 impedimento
915 1063 1262 1120 concedimus
1319 1071 1665 1134 potestatem,
1714 1072 1773 1118 ut
1818 1063 2064 1134 profecto

460 1152 615 1221 juxta
645 1151 721 1216 id,
755 1153 898 1224 quod
931 1151 1164 1220 subjecti
1195 1152 1508 1222 apostolicis
1538 1151 1841 1222 privilegiis
1873 1151 2065 1207 consi-

468 1247 635 1309 stunt,
669 1240 992 1295 inconcusse
1025 1239 1275 1295 donanda
1317 1248 1688 1310 permaneant,
1725 1239 1822 1294 sed
1854 1239 1903 1294 ei
1934 1255 2066 1295 con-

467 1326 752 1382 stituentes
781 1343 888 1382 una
919 1343 1044 1383 cum
1092 1327 1418 1382 sacerdotali
1461 1336 1650 1382 nostro
1682 1327 1934 1400 collegio,
1965 1343 2066 1398 per

467 1416 572 1470 hoc
619 1422 866 1469 nostrum
914 1414 1270 1485 apostolicum
1316 1415 1662 1486 privilegium
1713 1415 1890 1470 omnia
1922 1415 2063 1482 loca,

469 1519 592 1574 quae
645 1501 933 1574 aliquando
989 1502 1351 1573 possederunt
1399 1503 1520 1572 ipsa
1565 1503 1898 1558 venerabilia
1943 1519 2066 1558 mo-

2161 361 2388 416 versalis
2421 377 2596 432 papae,
2615 361 2668 414 in
2700 359 3064 416 sacratissima
3092 358 3224 412 sede
3240 358 3298 412 Β.
3322 356 3462 412 Petri
3493 355 3768 427 apostoli,

2163 449 2404 514 decimo,
2435 449 2733 519 imperante
2765 449 2966 502 domno
3012 446 3258 518 piissimo
3283 444 3479 501 Carolo
3505 448 3767 514 Augusto

2162 552 2191 590 a
2223 537 2338 592 Deo
2365 545 2624 592 coronato
2653 549 2854 609 magno
2882 537 3210 605 imperatore
3239 549 3381 588 anno
3403 531 3676 588 secundo.

2813 631 3100 686 CCCLVII.

2460 718 2534 758 AD
2570 716 3047 758 ARCHIEPISCOPUM
3089 713 3464 756 νιΕΝΝεΝεεκ.

2766 775 2948 840 (Anno
3009 772 3159 841 882.)

2165 871 2363 950 Argitit
2391 869 2884 950 qu_od,_detrusoi13
2907 883 3193 950 carcerem
3215 867 3463 950 Optanda
3483 868 3774 950 episcopo,

2234 939 2418 996 eum
2446 943 2509 996 in
2542 941 2791 996 Ecclesia
2841 939 3144 995 Genevensi
3192 939 3587 1002 constituerit,-
3619 953 3778 1008 pre-

2233 1011 2375 1080 cipit
2404 1015 2470 1066 ut
2501 1012 2669 1066 illum
2699 1009 2816 1065 sedi
2845 1026 2964 1064 sure
2993 1011 3282 1074 restituat,
3303 1012 3466 1080 atque
3495 1007 3567 1080 ad
3601 1007 3775 1078 agno-

2235 1078 2371 1136 dum
2391 1081 2584 1136 veniat
2601 1081 2673 1136 ad
2693 1080 2961 1136 diluenda
2983 1095 3049 1135 ea
3061 1096 3184 1152 qua
3203 1079 3316 1151 ipsi
3335 1078 3774 1146 objiciebantur.

2240 1175 2514 1232 Ornamo
2546 1177 2840 1232 Viennensi
2869 1175 3303 1250 archiepiscopo.

2239 1265 2428 1320 Relatu
2458 1265 2639 1321 veraci
2669 1265 2958 1320 didicimus
3001 1262 3412 1320 sanctimoniam
3443 1269 3691 1318 vestram
3720 1261 3778 1316 in

2168 1352 2478 1408 Genevensi
2505 1353 2748 1410 Ecclesia
2779 1353 3094 1424 episcopum
3125 1367 3499 1418 consecrasse,
3522 1351 3613 1406 cui
3646 1365 3777 1418 nos,

2165 1442 2484 1497 necessaria
2515 1449 2820 1512 temporum
2869 1441 3128 1514 qualitate
3171 1447 3473 1512 perapccta,
3496 1440 3611 1508 jam
3646 1437 3779 1510 pri-

2167 1546 2314 1584 mum
2346 1529 2562 1586 clericis
2592 1529 2836 1598 ejusdem
2882 1529 3146 1585 Ecclesiae
3191 1528 3639 1601 suggerentibus,
3677 1542 3779 1580 au-

465 1589 722 1688 Ρδδίίῗτξῗ
769 1588 858 1688 Ve}
904 1605 1026 1688 qi“?
1070 1605 1214 1645 nunc
1263 1589 1361 1656 eis"
1411 1599 1502 1644 aut
1530 1598 1722 1688 ῑῖρδίθθ
1751 1605 1791 1688 δὴ
1811 1589 2062 1688 δάίῗῌδξίδ
2095 1621 2148 1680 Β
2170 1617 2414 1673 ctoritate
2433 1618 2730 1688 apostolica
2747 1616 3172 1688 praefeceramus
3195 1588 3513 1688 episcopum
3541 1616 3782 1670 nomine

468 1676 781 1732 hominibus
827 1675 1028 1731 fuerint
1078 1691 1342 1732 concessa
1389 1693 1489 1748 per
1533 1677 1750 1732 diversa
1781 1677 2068 1745 territoria,

471 1763 604 1818 nulli
633 1763 914 1830 castaldio,
949 1771 1038 1818 aut
1066 1763 1356 1836 episcopis,
1389 1780 1499 1820 non
1530 1781 1750 1837 magno,
1783 1765 1869 1822 vel
1899 1781 2070 1836 parvo

469 1851 678 1906 homini
730 1867 832 1923 per
879 1851 1160 1923 quodlibet
1209 1853 1510 1924 ingenium,
1555 1862 1646 1908 aut
1691 1862 2071 1927 argumentum

470 1939 630 1995 liceat
685 1941 1175 2012 quomodocunque
1235 1941 1457 1996 easdem
1533 1941 1786 1997 invadere
1853 1958 2072 2012 posses-

471 2026 671 2096 siones,
707 2027 794 2083 vel
824 2043 1050 2083 censum
1091 2028 1302 2098 tollere,
1355 2037 1446 2083 aut
1477 2027 1720 2102 afﬂigere
1750 2032 2067 2098 monachos,

470 2115 556 2170 vel
587 2130 798 2182 servos,
831 2116 930 2170 sed
957 2115 1133 2188 magis
1155 2116 1226 2170 ad
1255 2115 1472 2170 laudem
1491 2116 1711 2186 Christi,
1736 2126 1788 2172 et
1812 2125 2072 2172 aeternam

413 2269 426 2282 _
473 2199 791 2258 memoriam
836 2203 1110 2274 largitoris
1154 2212 1420 2275 perpetuo
1455 2211 1701 2274 tempore
1731 2214 1944 2260 maneat
1982 2205 2071 2260 in-

471 2297 615 2346 tacta
679 2291 748 2345 ab
825 2291 1077 2346 omnibus
1111 2333 1124 2358 ,
1205 2299 1258 2346 et
1343 2291 1649 2347 deserviant
1733 2293 2071 2348 solummodo

477 2379 533 2434 S.
565 2378 728 2434 matri
758 2379 1017 2434 Romana
1045 2378 1326 2445 Ecclesiae,
1355 2387 1406 2434 et
1437 2379 1616 2434 nullus
1645 2379 1846 2450 praesul
1877 2381 2073 2436 audeat

472 2467 670 2522 amodo
730 2465 786 2522 in
839 2466 926 2522 his
981 2467 1261 2522 monachis
1315 2467 1574 2536 subjectis
1623 2467 1678 2523 S.
1728 2476 1927 2524 nostrae
1957 2469 2068 2524 Ec-

487 2555 669 2612 clesite
699 2571 1076 2628 quamcunque
1110 2555 1364 2629 ingerere
1417 2555 2029 2613 excommunicationem
2061 2575 2075 2612 :

491 2643 586 2698 sed
615 2642 774 2700 liceat
805 2643 910 2698 illis
953 2643 1026 2698 ita
1065 2659 1338 2718 peragere
1381 2643 1603 2700 deificos
1633 2661 1848 2714 cursus,
1881 2645 2019 2702 sicut
2047 2661 2078 2700 a

496 2731 556 2788 B.
584 2731 876 2788 Benedicto
900 2747 1001 2804 per
1029 2731 1170 2787 illius
1201 2733 1442 2804 regulam
1472 2732 1672 2788 habent
1699 2733 1753 2787 in
1782 2733 2075 2800 mandatis;

493 2827 654 2892 atque
691 2821 1084 2888 constituimus,
1139 2829 1195 2876 ut
1245 2820 1512 2892 quispiam
1566 2821 1768 2892 praesul
1793 2837 1902 2877 non
1930 2839 2076 2893 pra:-

485 2915 659 2962 sumat
691 2923 990 2980 segregare
1034 2913 1102 2962 ab
1147 2909 1395 2965 ecclesiis
1443 2925 1508 2964 ex
1536 2909 1694 2964 dictis
1724 2909 2070 2964 monasteriis

473 2995 870 3067 pertinentibus
932 2995 1190 3066 populum
1264 2996 1464 3052 ibidem
1527 3005 1938 3068 percurrentem
2001 2997 2070 3052 ad

477 3083 805 3139 audiendum
836 3083 1061 3138 verbum
1105 3083 1224 3151 Dei,
1275 3092 1328 3140 et
1373 3083 1716 3140 confitentem
1749 3085 1942 3140 delicta
1972 3101 2071 3140 sua

477 3179 588 3228 tam
616 3170 685 3226 in.
701 3171 923 3227 urbibus
955 3187 1118 3244 quam
1150 3180 1306 3228 extra
1346 3173 1531 3240 urbes,
1565 3173 1660 3228 sed
1688 3173 1950 3229 canonice
1981 3173 2069 3228 in-

479 3259 756 3332 grediatur
792 3259 1014 3322 ibidem.
1056 3268 1108 3316 et
1139 3261 1450 3334 egrediatur
1481 3261 1707 3317 devotus
1735 3261 1985 3332 populus,
2019 3269 2072 3318 et

479 3348 724 3406 ecclesia:
751 3349 949 3404 vestris
980 3349 1276 3405 ditionibus
1297 3349 1528 3404 subditae
1549 3350 1800 3404 omnibus
1827 3357 2065 3420 pateant.

479 3435 588 3493 Sed
617 3437 874 3510 quoniam
903 3437 1187 3508 pastoralis
1208 3444 1501 3522 propterea
1547 3437 1704 3492 nobis
1731 3454 1760 3491 a
1793 3439 1907 3494 Deo
1937 3454 2070 3494 cura

477 3525 768 3582 commissa
797 3533 896 3595 est,
929 3532 987 3580 ut
1029 3525 1218 3582 viriles
1263 3525 1318 3579 in
1363 3524 1613 3580 omnibus
1661 3525 1916 3592 existere,
1947 3543 2069 3582 me-

475 3629 713 3682 reamur,
745 3629 814 3669 ne
845 3612 990 3686 quod
1012 3613 1172 3682 absit,
1197 3613 1498 3670 Dominicae
1516 3629 1648 3670 oves
1664 3613 1912 3686 luporum
1933 3630 2069 3670 mor-

475 3703 626 3758 sibus
672 3702 974 3768 lanientur;
1033 3717 1140 3774 qua
1189 3701 1258 3757 de
1302 3718 1360 3757 re
1389 3702 1641 3758 omnibus
1669 3703 2070 3759 venerabilibus

474 3791 768 3862 episcopis,
817 3789 1173 3862 presbyteris,
1225 3789 1529 3856 abbatibus,
1579 3791 1917 3857 diaconibus,
1961 3791 2069 3846 du-

476 3877 650 3945 cibus,
685 3877 935 3945 tribunis,
967 3877 1274 3943 comitibus,
1321 3877 1614 3945 castaldiis,
1657 3878 1950 3947 actoribus,
1983 3878 2068 3934 vel

477 3966 688 4022 cunctis
717 3966 891 4020 Deum
937 3964 1248 4018 timentibus
1286 3973 1490 4020 nostra
1538 3965 1850 4036 apostolicae
1882 3973 2069 4021 aucto-

476 4053 652 4108 ritatis
685 4094 698 4118 ,
767 4052 866 4106 sub
933 4051 1324 4106 contestatione
1390 4052 1534 4107 beati
1599 4053 1741 4107 Petri
1805 4053 2070 4124 principis

481 4138 900 4212 apostolorum,
981 4138 1344 4209 praecipimus,
1382 4147 1548 4210 atque
1607 4140 1912 4208 jubemus;
1971 4141 2064 4212 qui

477 4227 702 4300 ligandi,
754 4225 1108 4298 solvendique
1155 4235 1380 4297 peccata
1424 4227 1703 4282 hominum
1734 4228 1788 4282 in
1817 4228 1974 4294 coelo,
2007 4244 2070 4284 ac

477 4323 624 4371 terra
678 4330 712 4370 a
767 4314 999 4370 Domino
1057 4315 1172 4370 Deo
1217 4323 1406 4372 nostro
1453 4323 1775 4387 potestatem
1805 4317 2067 4388 percepit,
2101 4315 2152 4376 D

475 4404 630 4474 cujus
659 4418 761 4459 nos
791 4402 968 4476 gratia
997 4402 1177 4459 divina
1206 4403 1354 4460 vices
1383 4403 1644 4476 gerimus,
1678 4411 1935 4460 statutum
1967 4413 2067 4470 est,

477 4507 577 4564 per
603 4492 762 4562 hujus
791 4491 997 4548 decreti
1025 4491 1196 4546 nostri
1239 4491 1500 4564 paginam
1547 4492 1920 4548 interdicimus
1949 4508 2072 4548 om-

481 4580 640 4635 nibus
680 4579 902 4634 omnino
951 4579 1239 4648 cujuslibet
1285 4579 1552 4635 Ecclesiae
1599 4580 1948 4650 praesulibus,
1982 4581 2070 4635 vel

481 4667 848 4739 cujuscunque
897 4665 1172 4739 dignitatis
1220 4667 1464 4737 praeditis
1513 4675 1780 4736 potestate
1811 4667 2076 4734 subana-

485 4756 734 4811 thematis
772 4754 1168 4820 interdictione,
1217 4761 1269 4809 et
1297 4754 1484 4809 aeterni
1507 4754 1694 4823 judicii
1719 4755 2072 4828 obligatione,

483 4844 578 4915 qui
605 4843 658 4899 ei
685 4842 1097 4914 praesumpserit
1140 4842 1399 4913 praesenti
1444 4842 1816 4897 constitutioni
1864 4859 1894 4897 a
1919 4843 2076 4898 nobis

481 4927 689 5004 prafati
735 4931 1050 4986 monasterii
1097 4930 1290 4985 indulti
1347 4931 1589 5002 quolibet
1636 4931 1798 4986 modo
1845 4931 2077 4986 existere

476 5028 784 5076 temerator.
835 5019 1106 5090 Scriptum
1151 5034 1250 5090 per
1294 5035 1515 5073 manum
1561 5018 1832 5074 Anastasii
1877 5019 2078 5074 notarii

479 5107 797 5182 regionarii,
857 5115 909 5162 et
963 5105 1230 5162 scriniarii
1283 5106 1338 5161 S.
1401 5107 1659 5163 Romanae
1713 5105 1978 5163 Ecclesiae
2022 5107 2080 5162 in

487 5213 676 5252 mense
707 5195 848 5260 Maii,
879 5194 1174 5250 indictione
1221 5195 1407 5266 quinta
1447 5194 1677 5250 decima.
1709 5195 1853 5249 Bene
1883 5194 2076 5251 valete.

489 5283 790 5339 Undecimo
820 5283 941 5338 Kal.
972 5281 1114 5338 Junii
1153 5298 1258 5353 per
1290 5297 1485 5338 manus
1513 5282 1804 5354 Walperti,
1839 5282 2082 5355 episcOpi

491 5377 548 5434 S.
583 5379 899 5435 Portuensis
925 5380 1210 5448 Ecclesiae,
1243 5395 1404 5446 anno,
1436 5379 1553 5436 Deo
1580 5377 1831 5481 propitio,
1858 5379 2082 5450 pontiﬁ-

2173 1705 2504 1777 Optandum.
2553 1705 2674 1774 Quo
2723 1705 2926 1771 audito,
2976 1705 3260 1762 audaciam
3309 1711 3363 1760 et
3409 1703 3779 1759 temeritatem

2173 1802 2409 1849 vestram
2457 1793 2681 1848 nimium
2727 1794 3075 1860 admirantes,
3125 1793 3196 1849 ob
3224 1793 3277 1848 id
3306 1793 3535 1848 maxime
3565 1790 3782 1846 turbati

2175 1899 2378 1948 sumus,
2413 1897 2479 1938 eo
2501 1883 2647 1954 quod
2686 1897 2794 1938 non
2839 1881 3014 1937 solum
3043 1897 3208 1952 super
3237 1879 3632 1936 ordinationem
3665 1895 3780 1935 no-

2175 1977 2339 2024 stram
2401 1969 2590 2026 obices
2641 1986 2834 2024 manus
2877 1969 3166 2036 habuistis,
3213 1969 3310 2024 sed
3352 1969 3508 2024 etiam
3539 1968 3612 2022 ad
3639 1983 3780 2022 con-

2176 2065 2438 2128 temptum
2497 2065 2550 2114 et
2595 2057 2842 2128 injuriam
2915 2057 3064 2113 sedis
3118 2057 3427 2128 apostolica:
3480 2055 3780 2128 praefatum

2177 2146 2492 2217 episcopum
2525 2146 2750 2217 turpiter
2778 2145 3073 2217 capientes,
3124 2153 3272 2202 arcta
3319 2144 3564 2201 custodia
3595 2152 3779 2200 retru-

2175 2234 2342 2300 sistis,
2395 2242 2474 2297 et,
2523 2234 2690 2288 rebus
2735 2234 3096 2306 omnibusque
3142 2232 3607 2305 suppellectilibus
3654 2232 3778 2302 ejus

2175 2321 2418 2394 direptis,
2443 2320 2508 2394 [Γ.
2533 2322 2661 2377 add.
2677 2329 2859 2378 contra
2875 2324 2960 2378 vel
2975 2321 3095 2395 per]
3125 2321 3481 2376 ministerium
3499 2328 3775 2384 vestrum,

2177 2409 2323 2482 quod
2353 2410 2485 2464 nulli
2514 2409 2822 2466 Christiano
2854 2411 2996 2476 licet,
3017 2410 3356 2466 sacerdotem
3383 2408 3600 2464 Domini
3631 2416 3778 2463 tetro

2176 2514 2400 2554 carcere
2429 2499 2712 2554 maceratis
2737 2516 2750 2554 :
2775 2514 2883 2554 non
2913 2498 3174 2554 habentes
3194 2514 3306 2569 prae
3337 2483 3506 2554 oculi’s
3535 2497 3774 2565 scilicet,

2178 2586 2323 2658 quod
2371 2587 2682 2644 sacerdotes
2724 2587 2941 2642 Domini
2987 2602 3138 2642 sacra
3177 2586 3450 2657 Scriptura
3469 2585 3776 2658 aliquando

2177 2675 2332 2742 deos,
2360 2674 2646 2747 aliquando
2675 2675 2902 2746 angelos
2950 2675 3210 2739 nominet,
3242 2682 3296 2730 et
3327 2673 3420 2746 qui
3447 2689 3544 2729 eos
3572 2673 3770 2746 tangit,

2177 2770 2364 2833 tangat
2391 2761 2652 2833 pupillam
2681 2762 2825 2820 oculi
2856 2762 3073 2818 Domini
3091 2763 3278 2831 (Zach.
3311 2762 3394 2834 ιι).
3421 2760 3776 2832 QuaprOpter

2177 2850 2494 2905 auctoritate
2540 2850 2641 2906 Dei
2685 2850 3068 2922 omnipotentis
3111 2858 3164 2904 et
3209 2850 3516 2926 principum
3543 2857 3776 2920 aposto-

2179 2937 2355 2992 lorum
2383 2938 2527 2993 Petri
2557 2947 2610 2994 et
2639 2939 2808 3003 Pauli,
2843 2937 3111 3010 simulque
3152 2946 3359 3004 nostra,
3389 2937 3543 2993 vobis
3571 2935 3774 3008 praeci-

2170 3025 2350 3096 pimus
2365 3034 2422 3080 ut
2436 3035 2655 3097 accepta
2673 3027 2777 3081 hac
2796 3035 2976 3082 nostra
2997 3025 3243 3098 epistola,
3272 3033 3363 3080 aut
3385 3024 3775 3098 quoquomodo

2171 3122 2356 3170 tenore
2377 3113 2520 3169 illius
2547 3114 2751 3180 audito,
2785 3115 2829 3169 si
2857 3114 3001 3169 intra
3047 3122 3172 3170 octo
3215 3113 3428 3169 dierum
3461 3113 3630 3184 spatia
3653 3115 3774 3182 jam

2170 3201 2373 3258 dictum
2405 3201 2720 3274 episcopum
2751 3203 2986 3274 propriae
3015 3202 3132 3258 sedi
3151 3203 3483 3274 proprioque
3498 3201 3697 3258 honori
3717 3211 3773 3257 et

2170 3290 2419 3362 dignitati
2440 3291 2672 3347 reddere
2695 3291 3088 3364 restituereque
3109 3290 3562 3362 contempseritis,
3586 3306 3618 3344 a
3646 3305 3771 3345 cor-

2169 3395 2301 3450 pore
2332 3387 2385 3434 et
2417 3379 2684 3453 sanguine
2731 3379 2947 3435 Domini
2995 3379 3165 3434 nostri
3210 3381 3340 3435 Jesu
3385 3379 3609 3447 Christi,
3641 3394 3773 3436 cum

2170 3467 2420 3522 omnibus
2448 3467 2604 3522 vobis
2633 3467 2688 3521 in
2720 3468 2823 3523 hoc
2855 3465 2997 3523 facto
3030 3466 3354 3534 faventibus,
3388 3467 3510 3522 sitis
3535 3482 3771 3538 prorsus

2171 3564 2430 3622 extorres,
2461 3571 2745 3628 quousque
2759 3557 2907 3625 juxta
2928 3556 3070 3612 hanc
3094 3563 3340 3611 nostram
3357 3555 3772 3626 dispositionem

2171 3643 2436 3714 perficere
2466 3643 2791 3714 satageritis.
2822 3645 2890 3699 Et
2919 3643 3046 3714 quia
3073 3643 3179 3699 alia
3205 3643 3372 3698 multa
3402 3643 3560 3699 vobis
3589 3659 3623 3698 a
3650 3644 3776 3716 qui-

2171 3732 2402 3788 busdam
2451 3731 2778 3802 objiciuntur
2819 3747 2941 3804 quae
2983 3731 3230 3804 synodali
3277 3731 3620 3787 discussione
3649 3740 3778 3786 sunt

2172 3820 2518 3893 corrigenda,
2567 3819 2911 3876 decernimus
2953 3827 3032 3886 ut,
3083 3819 3232 3874 omni
3277 3819 3627 3876 excusatione
3675 3835 3772 3875 re-

2172 3917 2337 3975 mota,
2370 3923 2467 3963 νιιι
2500 3908 2778 3964 Kalendas
2799 3907 3054 3964 Octobris
3074 3907 3265 3964 future
3288 3907 3480 3979 primae
3507 3907 3764 3964 indictio-

2171 3997 2257 4051 nis
2288 3997 2512 4052 Romam
2542 3995 2612 4052 ad
2641 3995 2909 4067 synodum
2938 4012 3224 4053 occurrere
3261 4011 3372 4052 non
3401 3995 3676 4062 omittatis,
3708 4005 3772 4050 ut

2177 4093 2306 4140 tunc
2349 4092 2403 4140 et
2445 4085 2514 4140 de
2561 4084 2716 4140 vobis
2754 4083 2979 4154 objectis
3027 4085 3294 4140 rationem
3340 4084 3608 4148 reddatis,
3641 4091 3692 4140 et
3721 4083 3773 4138 si

2174 4173 2438 4228 adversus
2485 4171 2737 4228 eumdem
2784 4171 3100 4244 episcopum
3139 4188 3172 4226 a
3210 4171 3368 4228 nobis
3393 4180 3770 4228 consecratum

2174 4261 2410 4332 aliquam
2456 4261 2853 4332 querimoniam
2895 4261 3128 4327 habetis,
3173 4261 3438 4316 canonico
3467 4259 3769 4326 valeamus,

2175 4349 2435 4420 quidquid
2482 4348 2616 4402 illud
2659 4347 2838 4417 fuerit,
2889 4349 3006 4404 Deo
3043 4349 3286 4418 juvante,
3320 4348 3603 4404 libramine
3630 4346 3768 4402 ditii-

2172 4437 2312 4493 nire.
2344 4437 2460 4492 Hoc
2489 4436 2650 4491 etiam
2679 4436 2916 4492 scientes
2933 4436 3062 4508 quia
3081 4436 3127 4490 si
3142 4437 3208 4490 ad
3229 4436 3480 4492 eamdem
3498 4435 3770 4507 synodum

2171 4523 2395 4596 praefato
2424 4531 2669 4594 tempore
2699 4523 2886 4579 venire
2915 4523 3250 4593 distuleritis,
3269 4523 3547 4580 canonica;
3574 4523 3630 4578 in
3657 4536 3761 4578 vos

2169 4629 2452 4670 censuram
2485 4613 2767 4668 sententia:
2785 4611 3145 4684 proferemus.

2813 4727 3128 4782 CCCLVIII.

2317 4813 2390 4852 AD
2427 4811 2732 4853 ΟΤΕΒΑΠΙῙΠ
2769 4812 3134 4852 νιεΝΝεΝδειί
3171 4811 3608 4852 Αιιοειιεριεοορσ

2792 4869 2970 4936 (Anno
3008 4872 3158 4939 882.)

2179 4964 2305 5036 Agit
2333 4964 2398 5036 de
2421 4963 2676 5036 Optanda
2705 4965 2974 5036 episcopo,
3006 4961 3768 5036 rejusglitterisirespondcm,

2249 5039 2306 5090 et
2336 5035 2402 5090 de
2433 5032 2640 5090 litteris
2671 5032 2809 5106 quas
2841 5032 3046 5090 scribit
3067 5033 3318 5106 episcopo
3349 5032 3774 5089 Maurienncnai

2250 5109 2316 5160 ut
2351 5107 2579 5161 Romam
2595 5106 2806 5160 veniat.

2253 5201 2524 5257 ΟτειιΑιιο
2556 5201 2848 5256 Viennensi
2877 5199 3308 5272 archiepiscopo.

2256 5299 2534 5370 Susceptis
2578 5307 2773 5354 vestra
2821 5297 3170 5354 fraternitatis
3215 5297 3478 5369 apicibus,
3515 5296 3655 5370 quod
3683 5310 3770 5350 es-

2155 5395 2306 5444 ‘sent
2329 5387 2573 5456 alicujus,
2607 5394 2666 5441 ut
2694 5386 2766 5442 ita
2795 5386 3048 5454 dixerim,
3091 5385 3430 5445 rectitudinis
3475 5385 3592 5441 zelo
3619 5399 3768 5441 com-
