4112 6192
299 223 404 275 953

1576 215 1933 276 amsroue
1987 217 2078 276 ar
2115 218 2467 278 uacuam.
2528 170 2531 175 ’

3500 224 3605 280 est
3670 184 3681 189 ’

299 345 491 415 positi,
518 344 650 400 satis
679 345 913 401 ubertim
943 346 1301 416 cognovimus
1325 363 1338 399 :
1363 344 1492 417 quia
1520 352 1643 415 post
1672 344 1903 415 plurima
1933 345 1988 406 A
2009 344 2261 401 dictionis
2308 362 2431 402 cum
2479 346 2672 402 eodem
2723 345 2981 401 Barnerio
3019 344 3317 400 venerabili
3346 347 3604 418 episcopo

300 432 355 486 in
394 432 643 489 Ecclesia
671 433 979 489 Genevensi
1012 432 1254 488 fatemini
1285 448 1382 489 vos
1412 429 1768 490 consecrasse
1799 433 1909 503 epi-

308 537 555 592 scopum,
606 529 659 576 et
707 530 765 576 ut
811 521 1031 594 quidam
1075 522 1356 593 Optandus
1412 522 1629 577 nomine
1674 521 1906 577 clericus

309 609 612 675 advenerit,
639 610 729 681 qui
759 609 812 663 in
836 610 1081 666 Ecclesia
1110 611 1419 666 Genevensi
1450 627 1550 667 nec
1581 611 1903 683 baptizatus,

309 697 620 763 clericatus,
656 698 952 763 ordinatus,
986 699 1335 766 acclamatus,
1379 700 1621 755 eruditus
1665 715 1908 771 unquam

314 786 618 851 exstiterat,
667 786 967 861 Ecclesiam
1026 787 1174 841 illam
1230 788 1509 843 invaserit.
1543 788 1909 861 Multipliciter

306 873 651 929 admiramur
678 890 775 930 cur
803 874 903 930 illa‘
928 876 1141 931 nescire
1171 892 1268 931 vos
1294 876 1491 941 dicitis,
1516 893 1637 948 qua:
1657 884 1821 943 totus,
1852 884 1910 930 ut

309 977 521 1028 remur,
547 962 819 1018 Occidens
863 979 971 1017 non
1000 964 1237 1036 ignorat.
1270 964 1605 1020 Prsecedenti
1637 964 1906 1036 siquidem

306 1056 556 1121 tempore
602 1051 763 1106 nobis
812 1049 987 1105 fuerat
1035 1051 1334 1106 nuntiatum
1385 1060 1442 1106 ut
1488 1068 1585 1107 vos
1631 1052 1684 1106 in
1717 1053 1906 1107 eadem

304 1138 557 1193 Ecclesia
587 1138 905 1211 episcopum
930 1154 1251 1195 consecrare
1283 1139 1718 1211 contempseritis
1742 1159 1756 1207 ;
1784 1140 1908 1196 ideo

308 1241 430 1289 nos,
512 1227 827 1283 necessaria
904 1236 1209 1298 temporum
1267 1228 1521 1299 qualitate
1596 1236 1903 1300 perspecta,

300 1313 514 1369 clericis
551 1315 797 1383 ejusdem
826 1315 1089 1370 Ecclesiae
1119 1316 1555 1388 suggerentibus,
1590 1316 1907 1373 auctoritate

305 1402 608 1473 apostolica
634 1403 744 1460 illic
775 1404 1090 1475 episcopum
1120 1403 1432 1475 Optandum
1463 1404 1681 1460 nomine
1712 1420 1908 1462 conse-

307 1490 602 1546 cravimus.
637 1490 755 1561 Qua
785 1509 849 1547 ex
873 1508 928 1547 re
951 1507 1058 1547 non
1080 1492 1219 1547 bene
1249 1509 1347 1548 vos
1369 1492 1564 1549 fecisse
1584 1494 1904 1565 probamus,

307 1578 401 1650 qui
430 1595 595 1649 super
612 1580 1011 1635 ordinationem
1034 1589 1276 1636 nostram
1297 1581 1482 1637 obices
1502 1597 1694 1636 manus
1715 1581 1910 1636 habui-

306 1665 424 1731 stis,
442 1676 493 1721 et
522 1666 750 1722 alterum
781 1668 1096 1739 episcopum
1127 1669 1327 1723 ibidem
1356 1669 1666 1724 ordinastis.
1692 1670 1771 1724 De
1803 1670 1905 1725 hoc

305 1762 488 1808 autem
522 1755 670 1826 quod
690 1755 886 1821 dicitis,
911 1756 1056 1827 quod
1079 1756 1195 1827 ipse
1216 1755 1499 1827 Optandus
1515 1758 1571 1811 in
1594 1757 1906 1813 Genevensi

303 1841 556 1898 Ecclesia
584 1858 687 1899 nec
717 1843 1035 1915 baptizatus,
1058 1843 1365 1910 clericatus,
1391 1845 1693 1915 ordinatus,
1719 1846 1906 1902 accla-

303 1937 503 1995 matus,
551 1930 792 1984 eruditus
838 1946 1080 2002 unquam
1128 1932 1412 1999 exstiterit,
1447 1932 1661 1987 interim
1692 1933 1906 1989 silentio

303 2023 388 2072 est
421 2017 735 2088 tegendum,
772 2033 837 2073 eo
868 2019 1032 2090 quod,
1065 2034 1189 2075 cum
1221 2020 1481 2076 charitate
1508 2029 1688 2077 vestra
1717 2022 1907 2093 loqua-

305 2120 451 2175 mur,
482 2105 615 2159 nihil
656 2105 847 2162 horum
889 2107 1095 2161 habens
1143 2116 1322 2163 vestra
1366 2109 1621 2165 sanctitas
1650 2110 1706 2177 in
1737 2110 1905 2165 Vien-

304 2193 465 2248 nensi
514 2193 761 2249 Ecclesia
810 2203 892 2249 est
945 2205 1285 2251 consecrata.
1334 2197 1741 2265 Verumtamen,
1821 2198 1907 2252 his

304 2282 525 2336 interim
572 2282 881 2338 necessario
923 2284 1329 2354 praetermissis,
1362 2286 1772 2342 sanctimoniam
1804 2302 1904 2342 ve~

305 2377 479 2424 stram
502 2370 617 2439 jam
647 2370 849 2426 dudum
896 2371 1087 2427 litteris
1115 2374 1317 2429 nostris
1354 2375 1662 2429 monuimus
1696 2381 1753 2429 ut
1781 2374 1907 2447 quia

302 2457 553 2530 quaedam
580 2458 737 2513 vobis
766 2474 798 2514 a
829 2459 1152 2531 quibusdam
1204 2461 1548 2530 objiciuntur,
1584 2479 1705 2533 qua:
1735 2480 1904 2535 syno-

303 2546 414 2600 dali
442 2547 781 2602 discussione
824 2556 948 2602 sunt
996 2548 1346 2621 corrigenda,
1378 2550 1526 2605 omni
1556 2550 1905 2607 excusatione

307 2642 540 2702 remota,
592 2650 691 2689 vm
735 2637 1007 2692 Kalendas
1054 2636 1304 2692 Octobris
1348 2637 1540 2693 futurae
1594 2639 1906 2696 indictionis

303 2722 498 2793 prima:
544 2723 772 2779 Romam
820 2725 888 2778 ad
938 2725 1205 2797 synodum
1253 2740 1539 2782 occurrere
1587 2728 1900 2783 studeretis.

302 2810 667 2865 Nihilominus
724 2819 905 2867 autem
963 2813 1160 2868 iterato
1214 2814 1561 2870 decernimus
1608 2824 1667 2870 ut
1710 2816 1903 2871 eodem

309 2906 560 2969 tempore
590 2900 904 2970 apostolicae
932 2909 1135 2956 nostrae
1162 2917 1260 2957 vos
1290 2904 1629 2973 praesentetis
1656 2920 1904 2975 praesen-

305 2987 417 3053 tiae,
450 2996 507 3041 ut
536 2995 665 3043 tunc
695 2995 747 3043 et
777 2988 846 3043 de
877 2989 1033 3045 vobis
1076 2990 1302 3058 objectis
1349 2991 1612 3046 rationem
1643 2992 1900 3054 reddatis.

306 3074 435 3129 etsi
475 3075 741 3131 adversus
791 3077 1043 3131 eumdem
1090 3077 1407 3149 episcopum
1438 3094 1471 3133 a
1500 3079 1657 3134 nobis
1706 3095 1905 3136 conse-

306 3170 519 3218 cratum
573 3163 810 3235 aliquam
865 3164 1144 3235 querelam
1199 3167 1430 3228 habetis.
1490 3184 1591 3221 nos
1643 3168 1906 3225 canonico

304 3249 610 3321 valeamus,
644 3252 907 3324 quidquid
951 3252 1081 3308 illud
1110 3252 1290 3321 fuerit,
1323 3256 1437 3310 Deo
1461 3255 1703 3324 juvante,
1737 3256 1905 3311 libra-

303 3348 453 3402 mine
506 3347 754 3405 diﬂinire.
812 3351 1083 3405 Caeterum
1138 3352 1434 3407 Adalberto
1472 3353 1904 3408 Mauriennensis

300 3435 566 3491 Ecclesia:
597 3438 855 3508 episcopo
902 3439 1237 3494 auctoritatis
1266 3448 1463 3496 nostrze
1504 3440 1733 3507 litteras,
1767 3457 1905 3514 quas

300 3524 352 3579 ei
381 3540 413 3577 a
445 3524 599 3579 vobis
645 3525 762 3580 dari
807 3526 1146 3593 mandamus,
1201 3544 1330 3584 ecce
1378 3529 1794 3597 transmisimus,
1847 3538 1904 3586 ut

301 3628 431 3668 cum
449 3613 707 3667 Barnerio
727 3613 910 3668 Gratia
920 3615 1248 3686 n0politanaa
1269 3616 1415 3672 sedis
1435 3619 1693 3690 episcopo
1710 3618 1903 3674 eodem

302 3715 404 3754 VIII
438 3700 714 3755 Kalendas
760 3702 1014 3757 Octobris
1058 3705 1287 3759 Romam
1329 3715 1603 3773 occurrat,
1636 3715 1903 3778 quatenus

304 3789 375 3843 de
404 3789 473 3842 iis
505 3806 626 3861 quae
651 3789 1014 3846 irreverenter
1060 3799 1172 3847 tam
1213 3794 1497 3849 temerario
1535 3811 1672 3850 ausu
1704 3796 1788 3850 sui
1816 3811 1904 3851 or-

301 3876 449 3930 dinis
495 3875 782 3932 immemor
840 3878 1034 3946 intulit,
1081 3896 1264 3936 coram
1323 3882 1481 3949 nobis
1534 3883 1902 3954 plenissimam

302 3962 726 4020 satisfactionem
758 3966 1029 4022 exhibeat.

964 4091 1214 4147 CCCLIX
1234 4134 1246 4146 .

482 4189 555 4230 AD
592 4190 963 4235 ADALBEBTUN
1000 4194 1310 4237 EPISCOPUI
1356 4196 1721 4238 MURIENNE.

925 4267 1106 4337 (Anno
1134 4269 1285 4340 882.)

296 4370 467 4425 lubet
492 4372 815 4447 utRomam
842 4375 1035 4447 veniat
1063 4389 1194 4447 cum
1227 4376 1477 4447 episcopo
1522 4376 1891 4447 Gratianopo-

533 4441 732 4507 litano,
764 4458 928 4514 quem
956 4441 1329 4515 ignominiam
1359 4441 1658 4501 tractarat.

369 4548 711 4600 AnALaaa'ro
741 4548 1142 4604 Mauriennensi
1172 4550 1450 4621 episcopo.

371 4632 568 4688 Tristis
615 4650 717 4690 nos
772 4637 992 4691 nuntius
1047 4637 1279 4707 perculit
1333 4638 1552 4710 quando
1596 4638 1901 4693 audivimus

297 4721 451 4793 quod
480 4729 558 4791 tu,
583 4722 793 4778 ordinis
824 4725 899 4778 tui
927 4724 1236 4792 immemor,
1270 4726 1590 4781 Barnerium
1617 4726 1883 4781 Gratiano

296 4809 558 4879 politanze
600 4811 748 4865 sedis
777 4811 1115 4883 episcopum,
1148 4815 1284 4869 hora
1313 4814 1612 4869 matutinali
1640 4816 1692 4869 in
1722 4814 1900 4870 eccle-

298 4896 383 4950 sia
414 4912 512 4950 sua
555 4898 770 4967 publice
817 4907 1070 4972 agentem
1118 4900 1375 4968 ofﬁcium,
1408 4919 1533 4957 cum
1562 4902 1901 4958 multitudine

296 4984 508 5055 populi,
534 4992 587 5038 et
617 4994 825 5041 armata
844 5003 1026 5054 manu,
1046 4989 1255 5060 absque
1284 4991 1588 5045 reverentia
1614 4990 1900 5046 ecclesiam

293 5072 641 5144 ingrediens,
673 5073 821 5128 nulla
851 5075 921 5128 ab
951 5090 1017 5130 eo
1046 5077 1140 5130 tibi
1171 5078 1331 5148 culpa
1351 5078 1518 5146 illata,
1542 5078 1904 5134 irreverenter

291 5169 477 5215 tecum
521 5160 830 5227 abstuleris,
866 5170 918 5217 et
949 5163 1312 5235 ignominiose
1363 5166 1722 5232 tractaveris;
1756 5167 1901 5239 quod

292 5254 509 5300 tantum
565 5248 722 5302 nobis
773 5249 1066 5320 displicuit,
1116 5260 1370 5322 quantum
1402 5260 1454 5307 te
1484 5260 1690 5308 temere
1721 5254 1902 5327 egisse

294 5334 480 5389 modis
511 5336 767 5391 omnibus
815 5339 1254 5409 comprobamus.
1306 5340 1543 5412 Ideoque
1573 5342 1744 5397 nostri
1773 5358 1902 5414 apo-

293 5422 532 5477 stolatus
564 5423 757 5479 litteris
786 5426 883 5480 tibi
910 5427 1240 5483 mandamus
1269 5435 1346 5494 ut,
1381 5430 1528 5484 omni
1558 5431 1902 5487 excusatione

300 5518 539 5580 remota,
571 5526 669 5566 vm
716 5512 993 5571 Kalendas
1042 5515 1296 5572 Octobris
1343 5516 1532 5573 futurae
1577 5518 1769 5591 primae
1813 5519 1898 5574 in-

2006 434 2230 489 Romam
2261 435 2329 488 ad
2361 435 2626 505 synodum
2674 442 2913 495 nostram
2942 448 3222 498 occurras,
3255 442 3311 487 ut
3343 434 3602 506 quidquid

2006 521 2147 576 inter
2177 539 2274 578 vos
2330 523 2487 596 litigii
2537 532 2618 577 est
2665 532 2908 578 exortum
2952 538 3051 577 nos
3097 523 3366 594 aequitatis
3409 524 3602 596 regula

2007 610 2180 681 potiti,
2214 612 2329 667 Deo
2398 612 2644 681 juvante,
2708 612 2981 668 discutere
3039 619 3090 666 et
3136 610 3365 666 diffinire
3424 611 3606 683 aliquo

2006 699 2170 754 modo
2200 699 2535 755 studeamus.

2674 788 2901 844 CCCLX
2925 830 2937 843 .

2070 874 2144 913 AD
2181 872 2480 915 ANSELHUM
2518 874 3000 915 ARCHIEPISCOPUM
3047 873 3541 914 HEDIOLANENSEI.

2627 932 2807 1002 (Anno
2839 930 2992 1000 882.)

2008 1017 2438 1074 Mediolanensis
2470 1020 2732 1075 Ecclesia:
2759 1020 3057 1091 privilegia
3100 1018 3447 1091 conﬁrmat;
3470 1018 3602 1091 lior-

2081 1092 2241 1143 tatur
2287 1090 2443 1144 utin
2518 1089 2825 1145 Romanam
2880 1089 3186 1145 Ecclesiam
3242 1089 3318 1143 sit

2079 1163 2284 1214 narrat
2321 1159 2741 1232 Saracenorum
2772 1165 2827 1214 et
2874 1161 3214 1232 iniquorum,
3248 1159 3605 1232 Christiano-

2080 1246 2209 1285 rum
2239 1230 2487 1302 injurias
2504 1235 2712 1303 {rogat
2753 1235 2818 1285 ut
2857 1229 2982 1303 pro
3006 1231 3255 1286 Ecclesia
3293 1229 3364 1284 ad
3411 1231 3606 1285 Domi-

2079 1316 2219 1355 num
2244 1300 2438 1372 preces
2468 1300 2744 1371 eﬂ'un’dat.

2081 1390 2345 1443 Ansacuo
2415 1388 2829 1459 archiepiscopo
2904 1395 3106 1443 sancta
3180 1386 3606 1443 Mediolanensis

2008 1476 2291 1532 Ecclesiae.

2080 1564 2354 1636 Privilegii
2383 1580 2513 1620 sane
2542 1564 2852 1621 auctoritati
2880 1562 3144 1621 Ecclesia:
3173 1571 3388 1631 vestrm,
3413 1580 3478 1620 eo
3498 1580 3606 1636 quo

2010 1651 2318 1707 fraternitas
2339 1661 2427 1707 tua
2461 1653 2708 1724 poposcit
2740 1653 2922 1719 modo,
2952 1652 3368 1724 pernecessario
3390 1660 3609 1722 aposto-

2009 1741 2111 1796 lica
2143 1739 2259 1795 fulti
2305 1740 2697 1808 moderatione,
2734 1740 2921 1796 libenti
2951 1740 3243 1795 annuimus
3275 1740 3441 1795 animi
3471 1741 3608 1796 cha-

2006 1828 2184 1897 ritate,
2217 1828 2484 1900 simulque
2527 1836 2776 1897 optantes
2806 1836 2864 1882 ut
2894 1844 3113 1899 semper
3141 1845 3207 1883 ea
3243 1845 3363 1900 qua:
3390 1829 3459 1883 ad
3488 1827 3609 1883 ani-

2006 1933 2110 1972 ma:
2139 1925 2243 1972 tua:
2272 1917 2624 1972 salvationem
2670 1917 2856 1988 tuique
2899 1917 3087 1990 gregis
3134 1917 3433 1972 custodiam
3485 1924 3610 1971 sunt

2006 2021 2245 2078 congrua
2291 2014 2451 2078 atque
2501 2004 2761 2076 proficua,
2823 2004 3056 2076 Spiritus
3113 2005 3282 2060 sancti
3335 2004 3607 2060 infusionc

2004 2094 2303 2166 postulare,
2348 2109 2594 2165 quaerere
2638 2101 2798 2165 atque
2840 2092 3124 2164 operari...
3157 2108 3226 2147 ne
3257 2092 3495 2147 desinas.
3532 2093 3602 2149 Ut

2006 2190 2130 2238 ante
2160 2182 2396 2237 tribunal
2426 2182 2615 2237 aeterni
2635 2181 2832 2251 judicis
2860 2182 3105 2253 dignam,
3138 2181 3312 2253 gratia
3344 2196 3457 2236 suae
3494 2180 3601 2236 mi-

2007 2270 2318 2327 sericordia:
2385 2279 2728 2343 cooperante,
2787 2269 3251 2326 ratiocinationem
3305 2269 3600 2340 positurus,

2005 2359 2255 2415 meritum
2310 2359 2569 2430 perennis
2612 2359 2735 2415 vitae
2773 2373 2894 2415 cum
2945 2357 3145 2415 sanctis
3174 2357 3428 2430 accipias.
3464 2358 3609 2413 Inter

2004 2448 2121 2503 haec
2166 2447 2508 2503 dilectionem
2557 2454 2663 2502 tua:
2695 2446 3042 2502 fraternitatis
3073 2447 3368 2511 hortamur,
3403 2452 3607 2501 sancta

2005 2536 2197 2591 matris
2229 2544 2423 2592 vestrae
2442 2536 2701 2591 Romana:
2730 2534 3015 2601 Ecclesiae,
3041 2551 3164 2607 quas
3185 2550 3287 2606 pro
3319 2534 3475 2591 vobis
3504 2550 3595 2590 om

2006 2624 2165 2679 nibus
2192 2632 2483 2697 vestraque
2513 2622 2705 2688 salute,
2739 2631 2924 2696 utpote
2962 2630 3123 2694 caput
3150 2639 3253 2695 pro
3283 2620 3394 2678 suis
3423 2638 3602 2678 mem-

2005 2713 2139 2781 bris,
2170 2713 2423 2768 laborare
2454 2727 2564 2767 non
2594 2720 2788 2777 cessat,
2823 2719 2935 2767 toto
2964 2711 3163 2766 adnixu
3193 2711 3409 2778 mentis,
3435 2710 3607 2767 omni-
3664 2774 3669 2779 ,

2005 2817 2110 2873 que
2139 2800 2428 2865 devotione
2458 2798 2648 2855 ﬁdeles
2681 2799 2913 2856 existere
2939 2799 3270 2856 omnimodis
3299 2799 3562 2871 satagatis
3586 2817 3602 2867 ;

2006 2889 2261 2961 quoniam
2313 2888 2370 2943 in
2413 2888 2531 2959 ejus
2595 2887 2938 2954 exaltatione,
3002 2896 3160 2961 atque
3209 2888 3599 2958 incolumitate,

2007 2977 2145 3032 sicut
2172 2977 2239 3031 ab
2270 2976 2441 3043 initio,
2474 2976 2575 3032 erit
2619 2976 2859 3032 omnium
2902 2984 3143 3031 vestrum
3172 2976 3314 3048 apud
3345 2977 3521 3032 Deum
3554 2983 3608 3031 et

1936 3058 1984 3123 C
2006 3081 2251 3137 praesens
2294 3064 2549 3122 saeculum
2601 3071 2752 3121 certa
2798 3062 3048 3119 salvatio.
3081 3064 3195 3118 Nos
3244 3064 3390 3119 enim
3420 3063 3473 3118 in
3504 3065 3606 3120 hac

2005 3163 2149 3209 terra
2196 3162 2305 3209 tam
2335 3170 2677 3226 paganorum
2705 3169 2867 3225 quam
2897 3152 3311 3226 malignantium
3343 3152 3605 3208 Christia-

2003 3257 2196 3297 norum
2243 3250 2413 3297 tantas
2462 3242 2871 3312 persecutiones
2914 3240 3147 3311 patimur
3185 3248 3242 3294 ut
3289 3241 3389 3295 has
3420 3239 3604 3296 verbis

2003 3330 2270 3400 eXplicare
2318 3344 2427 3384 non
2470 3328 2764 3385 valeamus.
2808 3329 2954 3383 Inter
2998 3328 3314 3383 innumeras
3358 3327 3599 3398 rapinas,

2002 3418 2430 3488 depraedationes
2476 3426 2530 3472 et
2576 3417 2714 3471 mala
2760 3416 3175 3489 quamplurima,
3228 3416 3299 3471 ad
3330 3431 3599 3487 augmen-

2003 3513 2113 3561 tum
2160 3505 2366 3561 doloris
2414 3506 2586 3561 nostri
2630 3505 2846 3577 quidam
2876 3505 3174 3560 sceleratus
3203 3504 3600 3576 Longobardus

2001 3594 2238 3659 nomine,
2274 3595 2439 3650 homo
2484 3592 2741 3649 Widonis
2781 3592 3135 3659 marchionis,
3185 3593 3464 3665 octoginta
3490 3601 3601 3649 tres

2001 3682 2250 3738 homines
2296 3683 2441 3753 cepit
2474 3700 2487 3737 :
2517 3681 2770 3737 manibus
2799 3681 3029 3754 singulis
3067 3681 3421 3748 detruncatis,
3453 3681 3599 3753 apud

2000 3770 2356 3826 Narniensem
2396 3769 2690 3837 civitatem,
2735 3769 2922 3841 plures
2952 3784 3019 3825 ex
3049 3767 3141 3823 tali
3169 3777 3291 3825 sunt
3331 3768 3598 3825 incisione

2001 3859 2120 3914 sine
2165 3874 2321 3913 mora
2366 3858 2652 3930 perempti.
2703 3858 2857 3913 Unde
2898 3857 3175 3913 communi
3210 3858 3280 3913 ad
3307 3857 3598 3913 Dominum

2000 3963 2165 4020 prece
2211 3947 2577 4019 supplicamus
2605 3953 2663 4001 ut
2691 3945 2782 4001 ille
2822 3945 3127 4002 Ecclesiam
3167 3961 3321 4002 suam
3352 3952 3598 4003 sanctam

2001 4037 2071 4091 de
2100 4036 2462 4108 prasentibus
2489 4034 2651 4091 malis
2689 4034 2900 4106 eripiat,
2934 4049 3034 4106 pro
3064 4050 3167 4107 qua
3195 4034 3476 4107 unigenito
3505 4033 3599 4091 Fi-

2000 4124 2075 4180 lio
2108 4140 2205 4180 suo
2232 4140 2340 4180 non
2387 4125 2648 4197 pepercit.
2682 4123 2903 4196 Nosque
2946 4123 3205 4194 pastorali
3235 4123 3601 4181 sollicitudine

2002 4213 2252 4269 baculum
2282 4213 2338 4267 in
2366 4213 2613 4268 manibus
2656 4219 2923 4278 tenentes,
2955 4210 3097 4284 lupis
3135 4212 3446 4283 rapacibus,
3481 4214 3597 4267 Do-

2000 4301 2147 4355 mino
2201 4308 2536 4373 protegente,
2596 4300 2847 4354 resistere
2903 4298 3012 4353 n‘on
3067 4300 3398 4355 omittemus.
3458 4299 3593 4354 Data

1918 4408 1969 4468 D
2000 4403 2186 4442 mense
2214 4391 2479 4458 Augusto,
2512 4387 2803 4442 indictione
2832 4401 2915 4441 xu
2939 4385 3005 4459 [Γ.
3037 4386 3151 4458 xv].

2660 4491 2911 4547 CCCLXI
2926 4533 2940 4546 .

2619 4561 2799 4622 (Anno
2828 4563 2977 4633 882.)

2126 4650 2198 4689 AD
2238 4647 2512 4690 ΒΟΠΑΝῙῙΠ
2548 4646 3025 4689 ΑΒΟΗΙΒΡΙΒΟΟΡΠΗ
3071 4645 3467 4689 ιιΑνεΝΝΑτειί.

2003 4724 2268 4795 Praecipit
2299 4726 2363 4777 ut
2409 4724 2685 4795 Joannem
2712 4722 3012 4795 diaconum
3048 4721 3289 4795 benigne
3318 4721 3592 4793 excipiat,

2382 4797 2441 4849 et
2468 4809 2558 4849 res
2587 4794 2641 4848 ei
2668 4793 2888 4848 ablatas
2916 4794 3208 4848 restituat.

2070 4881 2550 4939 Reverendissimo
2579 4887 2633 4936 et
2661 4879 2999 4935 sanctissimo
3046 4881 3289 4936 Romano
3319 4878 3596 4950 archiepi-

2003 4986 2172 5042 scopo
2201 4969 2520 5027 Ravennati.
3490 4968 3495 4971 ⁷

2074 5059 2212 5129 Quia
2268 5075 2375 5115 non
2431 5058 2607 5114 solum
2662 5065 2910 5128 tempore
2965 5055 3326 5112 ordinationis
3382 5063 3485 5111 tum
3540 5063 3595 5110 te

2004 5149 2216 5220 scriptis
2264 5157 2314 5203 et
2363 5146 2547 5203 verbis
2588 5146 2890 5202 secundum
2934 5161 3144 5201 morem
3192 5152 3246 5200 et
3274 5142 3595 5200 canonicam

2002 5237 2357 5301 sanctionem,
2400 5236 2496 5290 sed
2543 5234 2887 5305 postmodum
2954 5233 3254 5304 sepissime
3299 5231 3595 5287 admonere

2003 5324 2333 5389 curavimus,
2385 5330 2648 5395 quatenus
2691 5338 2813 5379 cum
2843 5319 2989 5387 ﬁliis,
3022 5329 3076 5376 et
3100 5320 3363 5377 membris
3392 5327 3594 5376 sancte

2001 5422 2108 5468 tua:
2151 5411 2413 5468 Ecclesia
2456 5410 2743 5483 tranquilla
2769 5425 2985 5480 semper
3019 5417 3199 5465 mente
3225 5416 3279 5465 et
3307 5408 3475 5465 alacri
3504 5406 3595 5464 af-

2003 5500 2258 5567 fectione,
2292 5516 2393 5556 ceu
2437 5498 2666 5555 idoneus
2711 5505 2894 5573 pastor
2919 5496 3201 5563 existeres,
3234 5496 3393 5553 valde
3420 5496 3595 5557 mira-

3370 1089 3606 1157 ﬁdelis:
3688 1124 3697 1129 -
