4112 6192
552 237 656 292 955

1817 235 2113 292 JOANNIS
2175 233 2365 290 PAPE
2419 237 2565 292 VIII.
2605 293 2610 298 ,

3745 242 3853 295 956

551 378 675 418 mur
701 361 1044 420 dilectionem
1073 369 1238 429 tuam,
1270 361 1473 416 monita
1501 367 1688 416 nostra
1725 359 2143 425 contemnendo,
2168 359 2222 421 A
2250 369 2457 431 partem
2487 362 2720 435 aliquam
2767 364 2848 419 ire
2892 364 3142 428 voluerit,
3177 365 3438 420 audacter
3483 365 3856 435 comprehen—

553 451 634 507 eis
676 451 1068 523 praejudicium,
1121 451 1261 508 sicut
1300 449 1622 514 audivimus,
1667 457 1721 504 et
1774 439 2147 518 importabiles

553 539 850 613 gravitates
893 539 1094 596 inferre
1140 539 1362 594 minime
1408 554 1716 594 recusasse.
1770 538 1923 593 Unde
1951 537 2146 591 iterum

501 658 510 662 -
557 629 810 700 praesenti
856 628 1190 700 apostolatus
1239 626 1412 681 nostri
1441 634 1639 681 statuto
1661 627 1916 696 jubemus
1950 623 2147 679 frater-

555 717 705 772 nitati
752 725 856 772 tua;
884 725 942 771 ut
972 717 1096 773 huic
1139 717 1331 771 Joanni
1375 714 1667 770 venerabili
1716 715 1945 770 diacono
1993 729 2147 769 com-

555 805 810 862 mandato
841 813 1050 872 nostro,
1084 804 1176 876 qui
1203 805 1272 858 ad
1303 812 1543 860 nostram
1579 803 1932 874 apostolicam
1961 802 2149 856 sedem

555 892 899 966 confugiens,
933 891 1307 964 prmjudicium
1338 908 1368 946 a
1400 900 1450 947 te
1480 891 1584 946 sibi
1633 891 1835 945 illatum
1869 889 2010 944 ferre
2039 905 2147 943 non

556 981 763 1047 valens,
783 989 972 1036 nostro
1000 997 1060 1035 se
1089 980 1242 1051 petiit
1275 979 1576 1050 apostolico
1605 978 1858 1050 praesidio
1879 977 2146 1046 adjuvari,

552 1078 604 1125 et
633 1069 758 1124 ideo
803 1085 904 1124 nos
935 1069 1095 1124 solita
1123 1067 1503 1124 misericordia
1543 1065 1692 1133 moti,
1726 1065 2024 1136 apostolica
2053 1064 2150 1118 tibi

555 1157 888 1230 benignitate
935 1157 1282 1221 mandamus,
1333 1163 1391 1209 ut
1421 1170 1546 1210 eum
1585 1154 1642 1208 in
1691 1152 1900 1226 gremio
1945 1160 2148 1207 sancta}

556 1255 660 1300 tuas
717 1245 979 1301 Ecclesia
1033 1245 1272 1317 benigne
1318 1243 1571 1313 recipias,
1607 1250 1660 1296 et
1688 1240 2021 1296 monasteria
2054 1257 2150 1294 seu

554 1350 645 1389 res
682 1350 816 1405 quas
845 1333 921 1388 illi
970 1333 1044 1386 tui
1089 1338 1492 1402 occupaverunt
1522 1328 1776 1392 ministri,
1809 1329 1997 1383 libenti
2028 1328 2149 1382 ani-

556 1437 646 1476 mo
674 1438 774 1492 pro
803 1437 988 1485 amore
1018 1427 1205 1474 nostro
1227 1417 1652 1489 praesentialiter
1681 1417 1896 1472 reddas.
1931 1416 1998 1470 Et
2030 1431 2150 1486 quae

556 1511 626 1565 de
670 1509 803 1580 ipsis
851 1509 1014 1564 rebus
1043 1523 1074 1562 a
1103 1507 1208 1562 tuis
1252 1507 1429 1561 ablata
1477 1514 1618 1570 sunt,
1675 1505 1852 1560 modis
1898 1503 2152 1559 omnibus

557 1594 827 1652 restituas.
861 1594 938 1648 Ita
969 1608 1097 1648 sane
1128 1601 1186 1646 ut
1215 1592 1265 1646 ei
1294 1591 1551 1660 deinceps
1579 1589 1648 1644 ad
1677 1597 1895 1644 nostras
1925 1597 2151 1660 aposto-

557 1682 691 1738 licas
739 1697 904 1737 aures
951 1697 1060 1736 non
1108 1681 1174 1734 sit
1221 1679 1590 1736 necessarium
1617 1677 1940 1734 reclamare.
1977 1676 2149 1732 Simili
2177 1709 2229 1768 Β

555 1770 716 1826 etiam
766 1771 930 1828 modo
986 1769 1078 1822 tibi
1136 1767 1458 1822 mandamus
1503 1776 1560 1822 ut
1596 1766 1791 1821 Joanni
1849 1765 2148 1820 venerabili

556 1858 781 1914 diacono
830 1866 882 1914 et
925 1857 1252 1914 chartulario
1299 1855 1559 1914 Ecclesia:
1607 1863 1712 1910 tuae
1762 1853 2147 1909 monasterium

555 1946 730 2002 sancti
754 1946 988 2012 Martini,
1015 1945 1160 2017 quod
1190 1961 1223 2000 a
1252 1953 1304 1999 te
1333 1945 1536 1998 dudum
1567 1943 1860 2014 promeruit
1881 1942 2144 2008 obtinere,

554 2036 623 2092 de
651 2035 906 2107 praesenti
937 2035 1170 2090 reddere
1201 2033 1424 2088 studeas
1458 2050 1471 2087 :
1499 2047 1600 2086 nos
1631 2031 1775 2086 enim
1799 2032 1901 2086 hoc
1933 2031 2145 2101 patien-

550 2131 635 2180 ter
663 2124 731 2182 ad
761 2131 814 2178 te
842 2122 1218 2195 peragendum
1249 2119 1548 2191 apostolica
1579 2118 1912 2191 benignitate
1942 2117 2146 2174 direxi-

551 2229 693 2268 mus.
728 2212 947 2277 Verum,
974 2211 1120 2281 quod
1150 2225 1260 2264 non
1305 2209 1599 2273 credimus,
1633 2207 1678 2262 si
1708 2207 1866 2262 aliter
1893 2206 2146 2264 fraterni-

551 2308 635 2355 tas
665 2308 758 2356 tua
801 2298 1102 2371 peregerit,
1136 2297 1190 2352 hi
1219 2297 1391 2352 nostri
1421 2295 1604 2368 legati,
1637 2303 1820 2350 nostra
1851 2295 2147 2367 apostolica

551 2387 670 2443 fulti
716 2386 1054 2454 auctoritate,
1105 2386 1208 2440 hoc
1252 2383 1444 2456 procul
1491 2383 1657 2438 dubio
1703 2383 1920 2454 explere
1956 2382 2145 2437 stude-

551 2477 703 2541 bunt,
750 2475 1007 2547 quoniam
1045 2474 1247 2544 justum
1290 2472 1407 2528 fore
1453 2471 1816 2536 decernimus,
1877 2486 1972 2526 eos
2023 2478 2148 2542 post

553 2565 717 2638 longa
763 2562 1027 2635 obsequia
1072 2569 1125 2618 et
1173 2561 1423 2616 diuturna
1463 2559 1698 2630 servitia,
1729 2575 1848 2632 quae
1879 2559 1934 2613 in
1964 2566 2147 2614 sancta

548 2653 858 2710 Ravennate
900 2649 1148 2706 Ecclesia
1194 2657 1546 2722 peregerunt,
1596 2664 1706 2703 non
1763 2647 1937 2702 solum
1983 2647 2148 2718 digna

549 2739 986 2796 remuneratione
1014 2754 1123 2794 non
1152 2737 1375 2809 privari,
1409 2737 1504 2793 sed
1534 2736 1715 2808 potius
1745 2734 2021 2808 acquisitis
2053 2735 2149 2789 be-

547 2827 756 2885 neficiis
808 2827 1057 2883 alacriter
1100 2825 1401 2898 gratulari;
1455 2832 1507 2880 et
1550 2825 1606 2878 in
1647 2825 1752 2880 hoc
1798 2823 1873 2878 ita
1920 2830 2148 2896 peragat

549 2915 858 2972 fraternitas
911 2923 1004 2969 tua
1048 2921 1105 2968 ut
1150 2929 1274 2985 quae
1301 2928 1335 2968 a
1361 2912 1522 2967 nobis
1577 2927 1678 2982 pro
1723 2910 1984 2966 Ecclesia:
2042 2919 2148 2966 tute

548 3003 773 3059 utilitate
827 3001 1070 3072 petieris,
1119 3000 1338 3073 assequi
1385 2998 1712 3054 omnimodis
1747 2997 1947 3053 valeas.
2008 3000 2147 3053 Data

551 3091 742 3164 quinto
798 3089 1069 3144 Kalendas
1143 3086 1500 3160 Septembris,

551 3179 754 3253 quinta.

1197 3298 1494 3356 CCCLXII.

955 3403 1030 3444 AD
1069 3403 1290 3444 οιεῐιωι
1323 3401 1726 3442 BAVENNATFI.

1164 3477 1346 3548 (Anno
1375 3474 1526 3545 882.)

552 3587 620 3644 Ut
647 3584 1037 3642 Maimbertum
1066 3583 1383 3655 quemdam,
1429 3596 1594 3653 quem
1621 3581 1767 3635 alia:
1796 3581 2144 3655 ab_Eccleaia

618 3657 944 3712 Ravennate
1007 3652 1241 3726 eqipelli
1280 3652 1536 3726 jusserat
1557 3693 1576 3726 ε
1639 3652 2138 3726 comprehensum,

619 3727 799 3798 legato
827 3741 926 3782 suo
951 3727 1009 3780 et
1036 3722 1244 3798 Joanni
1271 3722 1405 3778 duci
1446 3722 1702 3789 tradant,
1734 3725 1791 3778 et
1821 3722 1894 3777 ad
1922 3738 1980 3778 se
2010 3724 2143 3778 mit-

619 3795 858 3853 tendum
885 3795 1107 3852 curent.

615 3878 884 3950 Omnibus
913 3890 1315 3948 venerabilibus
1343 3889 1740 3953 sacerdotibus,
1777 3903 1873 3944 seu
1915 3887 2141 3945 subdia-

543 3981 793 4050 conibus,
826 3987 881 4036 et
927 3978 1178 4035 universo
1225 3977 1375 4034 clero
1415 3984 1619 4032 sanctae
1666 3977 2001 4032 Ravennatis
2030 3977 2142 4034 Ec-

545 4069 746 4126 clesize.

615 4157 812 4214 Audita
851 4170 996 4228 saepe
1013 4152 1300 4232 afﬂictione
1315 4160 1478 4226 atque
1503 4151 1720 4208 miseria
1750 4159 1948 4232 vestra,
1982 4167 2142 4225 quam

542 4263 646 4321 per
672 4245 1048 4301 Maimbertum
1089 4229 1486 4298 Bononiensem
1517 4240 1776 4297 clericum
1804 4229 2142 4296 incessanter

541 4334 810 4408 patimini,
837 4334 950 4403 jam
993 4332 1209 4404 pridem
1238 4337 1483 4386 nostram
1511 4328 1868 4400 apostolicam
1893 4329 2141 4384 misimus

1585 3085 1879 3142 indictione
1935 3085 2144 3142 decima
2166 3061 2216 3124 Ο

2247 449 2380 506 dere
2419 451 2720 518 studeatis;
2754 460 2807 506 et
2853 453 2976 508 huic
3019 453 3184 524 misso
3233 461 3417 508 nostro
3445 469 3542 506 seu
3571 459 3622 507 et
3651 452 3850 507 Joanni

2249 537 2370 592 duci
2426 537 2572 594 fideli
2616 548 2803 595 nostro
2848 541 2918 594 ad
2965 526 3292 613 exigéndum
3322 541 3390 595 ab
3422 555 3508 606 eo,
3544 541 3847 596 secundum

2249 633 2490 680 nostram
2508 627 2828 696 jussionem,
2853 629 3010 683 nobis
3031 629 3098 684 ad
3121 627 3501 684 deducendum
3521 629 3842 697 contradite,

2249 715 2385 770 sicut
2416 715 2643 788 gratiam
2665 717 2764 771 Dei
2783 717 3168 788 omnipotentis
3189 725 3608 788 sanctorumque
3629 725 3849 788 aposto-

2251 803 2424 857 lorum
2455 811 2507 858 et
2537 811 2780 858 nostram
2828 805 2988 860 vultis
3029 805 3252 860 habere.
3299 805 3438 859 Nam
3468 804 3515 858 si
3545 805 3667 876 quis
3714 821 3847 859 ves-

2249 899 2392 945 trum
2409 890 2465 944 in
2483 893 2583 946 hoc
2601 907 2660 948 se
2677 907 2894 964 quoquo
2913 893 3076 948 modo
3094 893 3414 948 subtrahens
3433 907 3534 964 pro
3555 893 3848 961 cujuslibet

2250 979 2326 1032 rei
2355 979 2532 1052 gratia
2554 980 2694 1034 hanc
2734 989 2976 1036 nostram
2997 981 3298 1050 jussionem
3331 996 3430 1051 pro
3459 988 3597 1034 statu
3627 989 3679 1034 et
3707 996 3850 1052 pace

2254 1077 2457 1122 sanctae
2502 1069 2828 1123 Ravennatis
2879 1069 3139 1125 Ecclesiae
3175 1069 3439 1124 directam
3471 1077 3750 1141 gratanter
3773 1069 3850 1123 ad

2251 1154 2500 1210 effectum
2530 1156 2829 1227 perducere
2859 1158 3264 1228 contempserit,
3300 1165 3350 1211 et
3381 1173 3446 1212 ex
3478 1157 3576 1212 Dei
3605 1157 3852 1228 omnipo-

2252 1244 2430 1309 tentis,
2457 1245 3259 1317 sanctorumque.apostolorum
3283 1245 3426 1299 Petri
3442 1252 3496 1300 et
3513 1245 3685 1306 Pauli,
3704 1254 3755 1298 et
3776 1261 3848 1300 ex

2250 1340 2435 1386 nostra
2463 1332 2759 1404 apostolica
2806 1334 3128 1388 auctoritate
3157 1349 3187 1386 a
3217 1333 3341 1388 vino
3370 1341 3422 1387 et
3451 1341 3625 1400 cocto,
3679 1333 3848 1387 etiam

2251 1429 2300 1474 et
2332 1437 2364 1474 a
2392 1421 2617 1492 proprio
2660 1420 2957 1476 ministerio
3001 1437 3300 1492 suspensus
3328 1428 3541 1475 maneat
3569 1436 3744 1491 usque
3771 1420 3850 1474 ad

2250 1518 2490 1563 nostram
2523 1509 2888 1579 praesentiam.
2923 1510 3058 1564 Data
3090 1507 3125 1562 v
3158 1509 3276 1564 Kal.
3311 1508 3663 1579 Septembris,
3697 1507 3848 1563 indi-

2251 1598 2426 1656 ctione
2458 1613 2556 1652 xv.

2878 1699 3178 1755 CCCLXIII
3200 1740 3212 1752 .

2606 1801 2678 1841 ΑΙ)
2715 1803 2975 1842 JOANNEH
3012 1803 3322 1854 HARTINUM,
3363 1802 3485 1842 BTC.

2861 1876 3042 1946 (Anno
3081 1877 3229 1945 882.)

2720 1964 2982 2036 Ejusdem
3021 1965 3364 2036 argumenti.

2317 2053 2571 2109 Joaxxss
2653 2053 2962 2123 episcopus,
3048 2069 3240 2108 servus
3349 2067 3634 2107 servorum
3721 2052 3845 2116 Dei,

2247 2142 2525 2207 Manrmo,
2557 2141 2783 2210 10mm,
2810 2158 2906 2196 seu
2926 2142 3242 2206 DEMETRIO,
3267 2149 3426 2212 atque
3455 2140 3701 2195 Romam
3730 2140 3848 2212 glo-

2247 2229 2408 2285 riosis
2437 2230 2684 2294 ducibus,
2718 2244 2930 2285 necnon
2961 2239 3014 2285 et
3039 2229 3160 2283 aliis
3187 2228 3440 2284 fidelibus
3471 2228 3696 2283 nostris.

2319 2317 2573 2375 Omnium
2603 2303 2844 2373 veslrum
2875 2325 3063 2372 noscat
3093 2315 3324 2372 ﬁdelitas
3373 2317 3501 2388 quia
3539 2317 3846 2386 swpissime

2248 2407 2549 2462 Romanum
2579 2406 3048 2477 archiepiscopum
3079 2413 3188 2460 tam
3218 2421 3317 2475 per
3355 2405 3694 2461 venerabiles
3723 2405 3846 2476 epi-

2247 2511 2444 2566 scopos
2493 2511 2762 2567 quamque
2817 2494 2979 2550 etiam
3032 2493 3232 2548 nostris
3284 2493 3594 2564 apostolicis
3650 2493 3849 2547 litteris

2246 2583 2644 2652 admonuimus,
2677 2592 2729 2638 ut
2759 2582 3134 2636 Maimbertum
3165 2581 3556 2637 Bononiensem
3587 2580 3847 2636 clericum

2246 2687 2276 2726 a
2305 2687 2401 2726 sua
2451 2670 2980 2742 superstitiosissima
3017 2669 3372 2724 familiaritate
3415 2676 3747 2740 separasset,
3785 2677 3845 2723 et

2247 2761 2318 2815 ad
2345 2760 2624 2831 propriam
2668 2759 2995 2824 Ecclesiam,
3032 2766 3088 2813 ut
3117 2757 3437 2814 canonicum
3467 2765 3568 2825 est,
3608 2756 3845 2813 remisis-

2247 2855 2348 2914 set,
2373 2855 2426 2902 et
2456 2847 2573 2918 ipse
2603 2847 2954 2904 Maimbertus
2970 2846 3259 2911 multoties,
3276 2854 3331 2900 ut
3354 2845 3660 2910 recederet,
3689 2861 3723 2900 ο.
3751 2860 3845 2902 no-

2247 2935 2330 2990 bis
2377 2944 2458 2990 est
2486 2943 2844 3006 protestatus:
2866 2935 2962 2990 sed
3005 2933 3227 2989 minime
3256 2923 3612 3006 acquiescere
3643 2943 3846 2989 nostrae

2247 3023 2532 3080 voluerunt
2560 3023 2872 3094 apostolica:
2910 3023 3162 3094 jussioni.
3217 3023 3428 3078 Idcirco
3458 3022 3844 3093 praecipientes

2247 3111 2609 3182 praecipimus,
2633 3119 2686 3166 et
2709 3112 2962 3180 jubentes
2992 3127 3248 3182 expresse
3271 3111 3548 3179 jubemus,
3576 3119 3634 3165 ut
3653 3111 3846 3166 unani-

2241 3216 2362 3254 mes
2387 3200 2560 3268 juncti
2591 3199 2750 3254 simul
2797 3215 2921 3256 cum
2950 3200 3054 3254 isto
3081 3199 3227 3254 tideli
3256 3199 3423 3254 misso
3453 3207 3662 3264 nostro,
3693 3199 3844 3253 omni

2243 3287 2533 3344 occasione
2563 3288 2869 3360 postposita
2898 3296 2953 3344 et
2981 3288 3235 3343 dilatione
3262 3295 3489 3352 remota,
3523 3287 3845 3357 praedictum

2241 3375 2619 3431 Maimbertum
2677 3375 3169 3447 comprehendatis,
3235 3382 3288 3430 et
3356 3375 3409 3430 vi
3463 3383 3714 3430 coactum
3770 3375 3842 3428 ab

2243 3463 2654 3535 archiepiscopo
2685 3465 2970 3534 separetis,
2995 3471 3049 3518 et
3069 3463 3193 3519 huic
3210 3470 3396 3518 nostro
3417 3463 3588 3518 misso
3607 3463 3769 3518 simul
3787 3471 3846 3520 et

2240 3552 2435 3607 Joanni
2469 3551 2594 3607 duci
2633 3552 2702 3606 ad
2731 3551 3058 3623 exigendum
3098 3551 3396 3607 secundum
3427 3559 3670 3606 nostram
3699 3566 3839 3622 apo—

2243 3640 2490 3696 stolicam
2519 3639 2895 3696 auctoritatem
2927 3639 3260 3695 validissime
3289 3639 3644 3695 contradatis.
3677 3638 3841 3708 Quod

2243 3729 2291 3783 si
2317 3729 2373 3783 in
2403 3729 2506 3784 hoc
2535 3728 2882 3801 negligentes
2909 3743 3028 3794 vos,
3053 3743 3282 3801 quorum
3298 3726 3519 3782 nomina
3536 3728 3842 3798 suprascri-

2242 3824 2333 3888 pta
2379 3825 2519 3883 sunt,
2571 3816 2804 3883 fueritis,
2856 3825 2910 3872 et
2955 3816 3072 3888 ipse
3113 3815 3496 3889 quoquomodo
3527 3813 3778 3887 eﬁ'ugerit
3808 3832 3843 3870 a

2242 3904 2419 3975 vobis,
2461 3905 2649 3960 scitote
2696 3921 2795 3976 per
2841 3920 3280 3977 unumquemque
3329 3912 3570 3959 vestrum
3619 3912 3836 3960 centum

2239 4007 2436 4048 aureos
2466 3992 2666 4048 dabitis
2696 4000 2900 4049 nostra:
2927 3993 3086 4064 parti.
3120 3993 3347 4064 Insuper
3374 4008 3440 4047 ex
3469 3991 3571 4047 Dei
3598 3991 3836 4063 omnipo-

2241 4080 2406 4136 tentis
2453 4090 2877 4155 sanctorumque
2918 4081 3287 4152 apostolorum
3331 4079 3475 4136 Petri
3503 4088 3556 4135 et
3584 4079 3751 4146 Pauli,
3783 4087 3838 4136 et

2243 4177 2430 4225 nostra
2456 4169 2752 4241 apostolica
2781 4169 3100 4224 auctoritate
3119 4169 3292 4224 avino
3321 4177 3374 4224 et
3401 4177 3560 4225 cocto
3587 4169 3839 4239 suspensi

2241 4265 2452 4313 manete
2484 4275 2656 4330 usque
2687 4258 2756 4313 ad
2787 4266 3023 4314 nostram
3047 4257 3394 4328 praesentiam
3431 4275 3445 4312 :
3475 4256 3658 4312 caeteri
3678 4271 3831 4319 vero,

2245 4346 2294 4402 si
2323 4347 2426 4403 hoc
2454 4347 2599 4419 quod
2636 4347 2891 4416 jubemus
2919 4347 3139 4418 assequi
3167 4345 3459 4412 noluerint,
3493 4353 3584 4401 aut
3620 4345 3835 4400 subtra-

543 4407 698 4480 vobis
741 4421 1113 4478 auctoritatem
1143 4435 1243 4491 per
1271 4418 1533 4474 Joannem
1575 4417 1864 4506 diaconum
1893 4425 1944 4472 et
1971 4417 2138 4473 cbar-
2158 4407 2212 4468 D
2243 4435 2422 4491 bendo
2443 4407 2662 4506 q'uoquc',
2689 4436 2852 4491 modo
2870 4451 2928 4490 se
2949 4407 3212 4492 huc’iuuc
3232 4407 3572 4500 diverte'ﬁm,
3593 4441 3646 4489 et
3664 4448 3836 4504 usque

541 4510 816 4576 talarium,
849 4508 1229 4581 praecipientes
1249 4514 1306 4562 ut
1335 4521 1525 4561 omnes
1553 4521 1661 4560 uno
1690 4505 1872 4560 animo
1900 4513 2146 4562 constan-

540 4599 690 4671 tique
733 4598 1021 4654 devotione
1056 4595 1400 4667 ,przedictum
1464 4593 1864 4660 Maimbertum,
1913 4593 2144 4649 manife-

539 4687 837 4744 stissimum
864 4684 1196 4741 zizaniorum
1224 4681 1630 4748 seminatorem,
1664 4682 1734 4736 ab
1765 4683 2144 4754 archiepisco-

539 4792 610 4849 po
641 4783 695 4831 et
724 4789 758 4830 a
785 4781 966 4830 vestra
993 4779 1184 4828 sancta
1211 4770 1480 4836 Ecclesia,
1515 4778 1773 4842 tanquam
1805 4787 1961 4826 ovem
1991 4765 2143 4826 mor-

543 4864 745 4930 bidam,
797 4859 1178 4933 expelleretis;
1209 4857 1308 4915 sed
1355 4858 1620 4914 miramur
1647 4873 1833 4930 quare
1883 4859 2144 4914 hactenus

539 4969 572 5010 a
602 4952 758 5009 vobis
784 4951 888 5006 hoc
905 4947 1336 5022 praetermissum
1367 4947 1469 5014 sit;
1505 4947 1651 5002 unde
1681 4962 1825 5002 nunc
1845 4953 2026 5002 vestra
2053 4945 2147 5002 ite-

543 5057 669 5097 rum
715 5039 974 5112 petitione
1041 5036 1192 5104 moti,
1252 5043 1306 5091 et
1360 5035 1547 5092 divino
1615 5049 1800 5090 amore
1874 5034 2140 5103 succensi,

545 5145 644 5202 per
687 5129 827 5183 hanc
874 5133 1114 5182 nostram
1160 5122 1518 5194 apostolicam
1565 5121 1944 5178 auctoritatem
1989 5122 2146 5178 vobis

541 5216 794 5273 omnibus
823 5212 1170 5286 praecipimus
1198 5219 1274 5280 ut,
1305 5210 1508 5267 reiecta
1537 5210 1706 5282 priori
1732 5210 1978 5282 epistola,
2011 5219 2146 5266 una-

539 5304 756 5360 nimiter
778 5302 952 5373 juncti
980 5309 1033 5358 et
1061 5315 1186 5358 cum
1220 5298 1478 5372 praesenti
1504 5299 1672 5356 misso
1700 5307 1889 5355 nostro
1919 5297 2148 5354 fideliter

545 5391 877 5464 conglobati,
911 5388 1165 5447 eumdem
1196 5387 1575 5444 Maimbertum
1613 5387 2017 5443 adversatorem
2045 5402 2145 5442 ve-

547 5486 736 5548 strum,
769 5478 816 5537 si
843 5487 1038 5554 sponte
1084 5477 1272 5535 venire
1303 5476 1374 5534 ad
1403 5491 1506 5534 nos
1534 5475 1941 5550 contempserit,
1975 5475 2063 5533 vel
2091 5475 2148 5531 in

2241 4523 2310 4578 ad
2337 4521 2588 4580 effectum
2609 4524 2687 4580 rei
2705 4539 2814 4580 non
2830 4523 3315 4594 perseveraverint,
3338 4522 3610 4594 superiori
3624 4535 3837 4577 excom-

2243 4611 2594 4668 municationi
2615 4612 2948 4682 subjaceant.
2971 4613 3103 4666 Data
3123 4627 3159 4665 v
3180 4611 3458 4667 Kalendas
3478 4608 3830 4682 Septembris,

2244 4700 2539 4757 indictione
2561 4715 2660 4756 xv.

2871 4786 3172 4843 CCCI.le
3185 4827 3198 4841 .

2729 4889 2802 4930 AD
2839 4889 3098 4930 JOANNEI
3136 4889 3322 4930 DUCBI
3329 4917 3341 4930 .

2856 4964 3035 5036 (Anno
3073 4967 3223 5032 882.)

2250 5055 2316 5110 Ut
2366 5053 2754 5137 Maimbertunt
2793 5056 3023 5124 captum
3166 5051 3445 5137 reducat,
3480 5056 3537 5137 et
3564 5049 3832 5137 muliere:

2315 5139 2438 5196 quo:
2497 5123 2649 5194 apud
2703 5123 2888 5194 ipsum
2943 5125 3081 5177 sunt
3146 5123 3418 5190 detineat,
3480 5127 3536 5178 et
3585 5123 3834 5178 Romano

2315 5195 2728 5266 archiepiscopo
2758 5194 3053 5264 epistolam
3083 5192 3452 5264 deferendam
3480 5196 3654 5248 curet.

2313 5306 2520 5360 JOANNI
2547 5305 2670 5360 duci
2699 5304 2961 5361 delicioso
2990 5303 3137 5360 ﬁdeli
3163 5320 3261 5360 seu
3290 5312 3343 5360 et
3374 5303 3542 5358 misso
3567 5310 3775 5358 nostro.

2317 5393 2630 5448 Gratulatos
2656 5409 2757 5448 nos
2787 5408 2896 5448 non
2925 5391 3138 5448 modice
3166 5392 3364 5448 credas
3391 5406 3459 5448 eo
3488 5390 3629 5463 quod
3655 5388 3834 5445 ﬁdeli-

2245 5489 2326 5537 tas
2354 5487 2447 5538 tua
2470 5497 2606 5556 erga
2651 5490 2889 5540 sanctam
2931 5483 3228 5539 Romanam
3255 5479 3562 5538 Ecclesiam
3588 5483 3836 5534 nostrum
