4112 6192
331 261 440 315 957

334 470 598 543 vigilare;
632 478 685 526 et
712 470 835 526 ideo
867 486 967 541 per
994 471 1094 525 hos
1123 477 1341 525 nostros
1378 467 1703 540 apostolicos
1747 465 1933 537 apices

334 567 445 614 tuae
472 557 720 613 ﬁdelitati
746 558 1000 626 jubemus
1028 566 1085 613 ut
1114 559 1183 613 de
1211 558 1533 613 Maimberto
1563 554 1740 611 modis
1768 552 1935 609 omni-

332 646 440 700 bus
467 646 605 701 sicut
634 645 849 714 misisti,
886 646 1086 716 pariter
1114 662 1235 721 cum
1271 646 1374 701 isto
1419 645 1588 700 misso
1618 651 1804 698 nostro
1833 658 1931 697 ex-

332 734 492 805 plere
521 734 791 799 decertes,
827 728 885 789 ut
914 735 1062 789 nullo
1110 735 1273 789 modo
1320 733 1560 806 eﬂ'ugere
1598 730 1788 805 possit,
1836 730 1934 784 sed

335 829 647 893 separatum
678 823 748 877 ab
777 823 1189 893 archiepiscOpo
1226 822 1277 878 vi
1326 830 1593 886 coactum,
1648 827 1934 891 postquam

333 911 404 964 ab
433 926 500 966 eo
530 910 712 966 omnia
742 926 841 965 sua
870 919 1181 966 constanter
1208 910 1517 983 exegeritis,
1565 910 1636 963 ad
1686 916 1931 962 nostram

332 1000 686 1070 praesentiam
717 1000 1023 1056 districtum
1052 1000 1322 1056 deducere
1354 999 1620 1054 studetote
1654 1012 1666 1052 :
1700 997 1861 1051 etiam
1881 1003 1935 1050 et

334 1086 462 1141 illas
490 1086 768 1156 mulieres,
805 1103 940 1159 quas
969 1104 1115 1143 nunc
1144 1088 1199 1142 in
1230 1103 1327 1142 sua
1358 1087 1642 1142 mansione
1676 1083 1933 1141 collectas

335 1174 560 1241 detinet,
591 1174 647 1228 in
677 1182 862 1230 nostro
909 1175 1146 1231 rectorio
1193 1176 1422 1231 retinere
1463 1174 1716 1243 jubemus
1761 1187 1933 1243 usque

333 1262 407 1316 ad
432 1270 675 1318 nostram
707 1263 973 1319 notitiam.
1004 1264 1304 1334 Epistolam
1333 1278 1465 1341 vero
1494 1278 1655 1335 quam
1685 1262 1931 1317 Romano

333 1351 747 1422 archiepiscopo
779 1351 1060 1417 mittimus,
1095 1360 1152 1406 ut
1182 1368 1273 1408 res
1302 1359 1390 1406 aut
1432 1350 1767 1406 monasteria
1813 1364 1933 1420 qua!

335 1439 406 1493 ab
433 1439 558 1505 isto,
599 1439 809 1494 Joanne
851 1439 1082 1495 diacono
1123 1439 1284 1494 tidele
1330 1440 1707 1495 commendato
1744 1444 1931 1492 nostro

334 1541 558 1598 quoquo
586 1527 749 1582 modo
778 1528 1085 1598 occupavit,
1120 1527 1419 1595 restituere,
1450 1534 1503 1581 et
1527 1526 1783 1581 investire
1805 1540 1931 1580 eum

332 1613 390 1667 in
422 1615 674 1670 omnibus
701 1616 934 1679 studeat,
970 1623 1020 1670 et
1052 1631 1171 1687 quae
1201 1616 1270 1670 de
1299 1615 1461 1671 rebus
1491 1615 1605 1684 ejus
1636 1614 1720 1669 sui
1750 1612 1933 1667 famuli

333 1702 696 1771 abstulerunt,
729 1704 959 1758 reddere
989 1704 1111 1760 huic
1141 1720 1242 1774 per
1270 1703 1452 1758 omnia
1483 1702 1659 1766 faciat,
1705 1702 1808 1772 ipsi
1835 1717 1928 1756 ar-
1949 1724 2002 1784 Β

334 1790 688 1861 cbiepiscopo
717 1791 1019 1862 deportate,
1053 1801 1105 1846 et
1134 1807 1321 1847 coram
1352 1791 1723 1847 sacerdotibus
1752 1798 1805 1846 et
1843 1790 1929 1859 ju-

334 1878 551 1934 dicibus
580 1879 754 1949 ipsam
783 1879 970 1951 legere
1001 1879 1157 1935 facite
1182 1899 1195 1945 ;
1229 1880 1476 1935 similiter
1515 1866 1703 1935 autem
1734 1887 1786 1933 et
1811 1894 1934 1934 mo-

334 1966 639 2022 nasterium
672 1968 845 2022 sancti
874 1968 1087 2024 Martini
1113 1969 1411 2024 secundum
1440 1976 1678 2024 nostram
1721 1968 1933 2035 jussio-

333 2070 484 2119 nem,
516 2055 710 2110 Joanni
737 2055 970 2111 diacono
1000 2065 1051 2112 et
1081 2057 1407 2112 cbartulario
1437 2071 1538 2127 pro
1576 2063 1762 2111 nostro
1810 2056 1934 2110 red-

335 2144 434 2197 dat
462 2158 667 2199 amore.
700 2145 837 2199 Nam
868 2152 921 2199 et
950 2145 1286 2201 mansionem
1308 2160 1471 2218 quam
1494 2145 1842 2200 Maimbertus
1864 2144 1934 2199 ab

332 2231 459 2301 ipso
488 2231 720 2287 diacono
750 2248 904 2286 suam
935 2249 1032 2303 per
1058 2232 1474 2289 fraudulentiam
1501 2232 1737 2300 abstulit,
1772 2232 1934 2287 simili

333 2319 501 2375 modo
528 2335 651 2374 eum
680 2336 805 2376 cum
835 2322 993 2376 Petro
1023 2329 1220 2392 nepote
1250 2338 1349 2377 suo
1393 2321 1653 2377 investire
1696 2322 1928 2377 studete.

330 2408 473 2463 Data
499 2412 567 2466 ut
591 2424 781 2483 supra,
813 2408 1109 2465 indictione
1135 2424 1235 2466 xv.

985 2567 1279 2624 CCCLXV.

731 2688 804 2729 Αἰ)
834 2688 1089 2730 οΑιιοιωί
1122 2687 1537 2729 IMPERATOREM.

954 2774 1136 2843 (Anno
1174 2773 1322 2843 882.)

332 2886 678 2942 Gratulatur
721 2886 789 2941 de
809 2887 929 2958 ejus
949 2887 1382 2955 incolumitate;
1400 2888 1608 2960 gaudet
1628 2888 1819 2959 ipsum
1842 2887 1934 2942 ad-

412 2962 717 3013 venturum
738 2974 855 3012 esse
875 2960 1075 3013 statim
1088 2960 1151 3012 in
1167 2960 1391 3013 Italiam
1413 2977 1431 3012 :
1452 2960 1716 3014 hortatur
1730 2962 1794 3013 ut
1811 2975 1931 3013 ma-

415 3033 545 3083 ture
570 3030 835 3083 Romanw
866 3030 1130 3084 Ecclesiae
1150 3030 1370 3084 auxilio
1406 3031 1614 3095 veniat,
1638 3032 1694 3082 et
1724 3028 1930 3084 Guido-

410 3114 545 3154 nem
562 3099 938 3170 praedatorem
969 3100 1035 3155 ab
1060 3100 1325 3154 Ecclesiae
1338 3098 1545 3167 ﬁnibus
1567 3075 1923 3170 ejicijubeat.
1962 3075 2012 3138 Ο

411 3205 636 3259 (ΖΑιιοιο
665 3203 997 3274 imperatori.

411 3292 818 3364 Cognoscentes
846 3291 916 3346 de
943 3298 1127 3346 vestra
1143 3291 1531 3356 incolumitate,
1556 3291 1702 3362 quod
1731 3292 1932 3362 oppido

332 3380 677 3446 videbamus,
715 3380 830 3434 Deo
858 3379 1061 3451 gratias
1090 3379 1321 3452 egimus,
1355 3388 1409 3435 et
1435 3387 1494 3434 ut
1522 3380 1701 3452 magis
1730 3395 1796 3435 ac
1823 3396 1937 3435 ma-

333 3468 428 3542 gis
456 3467 902 3539 prosperitatibus
931 3475 984 3522 et
1010 3467 1312 3522 innumeris
1339 3468 1558 3540 gaudiis
1610 3466 1928 3537 fulciamini,

335 3556 680 3625 majestatem
734 3554 973 3609 divinam
1031 3555 1365 3625 supplicibus
1422 3559 1561 3610 votis
1620 3556 1932 3610 omnimodo

334 3643 725 3716 ﬂagitavimus,
785 3643 1020 3698 scientes
1076 3650 1129 3698 et
1182 3643 1367 3698 multis
1413 3643 1796 3713 experimentis
1842 3643 1931 3697 di-

336 3739 556 3786 scentes
588 3730 733 3801 quod
762 3745 861 3786 vos
886 3730 1080 3786 eadem
1110 3730 1291 3795 vultis,
1325 3730 1518 3785 eadem
1548 3731 1748 3802 quippe
1780 3731 1932 3785 desi-

334 3818 543 3874 deratis
577 3836 590 3872 :
626 3818 881 3890 quoniam
911 3819 958 3873 si
986 3826 1172 3873 nostra
1200 3818 1548 3873 mediocritas
1593 3818 1845 3890 viguerit,
1881 3826 1934 3873 et

332 3906 569 3969 valuerit
596 3906 710 3973 illa,
739 3921 840 3963 vos
871 3905 1101 3962 facturos
1148 3906 1474 3973 hortabitur,
1520 3906 1667 3963 unde
1708 3914 1762 3961 et
1803 3922 1934 3960 san-

331 4002 441 4051 ctae
471 3995 731 4050 Romana:
760 3994 1023 4050 Ecclesiae
1050 3995 1236 4049 matris
1271 4002 1469 4050 vestrae
1514 3993 1757 4051 defensio
1789 4009 1932 4067 aug-

332 4082 690 4148 mentabitur,
721 4090 775 4138 et
802 4083 959 4138 vobis
987 4082 1206 4153 copiosa
1234 4097 1449 4141 merces
1470 4083 1524 4136 in
1551 4082 1689 4138 coelo
1718 4082 1773 4136 in
1802 4099 1934 4155 per-

336 4178 568 4244 petuum
597 4179 911 4241 reponatur.
948 4170 1108 4240 Quod
1136 4178 1317 4226 autem
1345 4170 1541 4237 dicitis,
1590 4178 1665 4238 ut,
1707 4179 1936 4241 postpo-

335 4258 462 4314 sitis
489 4258 703 4315 caeteris
732 4258 896 4329 curis,
930 4259 1035 4314 iter
1063 4266 1306 4314 vestrum
1336 4259 1392 4313 in
1419 4258 1626 4313 Italiam
1661 4265 1811 4313 recto
1841 4257 1933 4312 iti-

336 4364 475 4402 nere
506 4346 815 4401 ordinatum
842 4347 1111 4413 habeatis,
1148 4355 1302 4419 grato
1341 4346 1523 4400 animo
1572 4345 1929 4417 suscepimus,

1476 212 1481 219 ’
1573 251 1926 311 ΕΡιεοτοωΕ
1980 250 2070 307 ET
2122 253 2468 311 DECRETA.

334 398 444 454 que
491 380 847 453 apostolatum
893 388 1204 437 constanter
1251 380 1553 452 reperimus
1612 376 1926 451 [reperitur]
1955 375 2013 436 Α

3520 257 3624 310 958

2386 438 2393 443 .
2573 418 2577 422 ›
2669 378 2988 434 CCCLXVI.

2404 481 2479 522 AD
2507 482 2884 522 LIUTWARDUM
2914 480 3244 521 EPISCOPUM.

2649 556 2830 626 (Anno
2862 554 3011 625 882.)

2034 643 2259 716 Gratias
2287 645 2405 716 agit
2431 644 2572 716 quod
2600 644 2821 700 dederit
2847 660 3075 716 operam
3114 646 3181 698 ut
3222 644 3530 716 imperator
3559 643 3622 698 in

2175 715 2402 769 Italiam
2434 714 2505 770 ad
2534 716 2798 771 Ecclesia:
2823 714 3211 785 defensionem
3242 714 3480 769 veniret.

2102 799 2445 857 Lw'rwaano
2475 802 2753 873 episcopo.

2104 887 2290 943 Studio
2320 898 2408 945 tuo
2437 891 2608 962 (quod
2639 907 2761 946 cum
2794 890 3023 961 spiritali
3071 888 3179 944 filia
3223 897 3412 944 nostra
3447 890 3626 961 impe~

2032 976 2262 1042 ratrice,
2310 978 2447 1033 sicut
2493 979 2718 1043 asseris,
2779 987 2834 1032 ut
2894 978 3126 1032 domnus
3175 977 3474 1048 imperator
3523 994 3627 1049 pro

2031 1065 2349 1121 defensione
2393 1076 2591 1122 sanctae
2640 1068 2898 1122 Romanae
2941 1066 3202 1122 Ecclesiae
3242 1067 3627 1138 ingrederetur

2032 1153 2260 1220 Italiam,
2293 1154 2549 1224 habuisti)
2580 1155 2779 1227 gratias
2810 1155 3042 1226 agimus,
3094 1162 3147 1210 et
3193 1163 3251 1209 ut
3298 1155 3442 1226 quod
3473 1155 3626 1210 deest

2032 1249 2154 1309 stet,
2187 1242 2332 1313 quod
2371 1252 2422 1297 te
2467 1242 2688 1298 minime
2735 1238 2885 1309 latet,
2934 1250 3021 1296 tua
3067 1242 3317 1297 instantia
3359 1241 3619 1314 perﬁciat,

2030 1328 2257 1383 multum
2286 1330 2567 1385 hortamur
2600 1349 2613 1385 :
2646 1330 2767 1402 quia
2798 1339 3006 1386 tantum
3051 1331 3210 1385 nobis
3251 1346 3475 1388 necesse
3517 1339 3620 1397 est,

2030 1425 2287 1488 quantum
2312 1419 2512 1475 docere
2540 1436 2650 1475 non
2680 1420 2952 1475 valemus.
3009 1420 3163 1476 Unde
3198 1420 3273 1474 ita
3304 1435 3409 1491 age
3439 1429 3495 1474 ut
3524 1420 3622 1474 tibi

2028 1500 2204 1571 magis
2229 1517 2293 1557 ac
2322 1502 2498 1574 magis
2524 1503 2731 1573 gratias
2752 1502 3053 1558 referamus
3072 1511 3125 1557 et
3151 1502 3208 1557 in
3228 1503 3622 1573 temporalibus

2028 1590 2329 1644 commodis
2358 1590 2785 1645 vicissitudinem
2815 1590 3046 1647 reddere
3076 1591 3387 1648 invitemur.

2659 1707 2883 1762 CCCLX
2893 1708 3001 1761 VII.

2511 1809 2582 1849 AD
2614 1811 2799 1851 OINES
2827 1810 3141 1851 EPISCOPOS.

2582 1884 2763 1953 (Anno
2792 1883 3082 1955 879-882.)

2034 1972 2216 2028 Monet
2231 1975 2296 2027 ut
2314 1987 2418 2027 sua
2433 1972 2706 2027 instituta
2739 1974 3047 2042 observent,
3062 1977 3326 2048 justeque
3339 1974 3624 2046 judicent.

2099 2079 2333 2131 Allocutio
2358 2080 2602 2145 pontiﬁcis
2626 2084 2677 2134 et
2701 2082 2977 2134 exhortatio
3002 2085 3066 2134 ad
3091 2094 3262 2135 omnes
3283 2082 3554 2145 episcopos.

2103 2163 2265 2227 Ecce,
2298 2163 2627 2217 sanctissimi
2658 2164 2988 2232 sacerdotes,
3037 2164 3336 2236 praemissis
3366 2163 3621 2235 precibus

2033 2250 2422 2305 fraternitatem
2453 2258 2689 2306 vestram
2719 2267 2842 2307 cum
2870 2253 2959 2324 pia
2998 2253 3370 2309 exhortatione
3417 2267 3625 2308 conve-

2032 2338 2143 2405 nio,
2179 2346 2233 2394 et
2260 2355 2361 2410 per
2388 2339 2628 2395 divinum
2658 2356 2856 2396 nomen
2903 2342 3167 2407 obtestor,
3217 2349 3275 2396 ut
3321 2357 3384 2396 ea
3433 2357 3555 2412 quas
3597 2356 3628 2395 a

2031 2426 2189 2482 nobis
2220 2427 2288 2481 de
2322 2428 2437 2483 Deo
2468 2437 2519 2483 et
2547 2428 2615 2484 de
2647 2429 2815 2484 sacris
2844 2430 3125 2485 ordinibus
3142 2430 3228 2485 vel
3246 2429 3446 2485 sanctis
3465 2428 3630 2484 mori-

2032 2515 2134 2570 bus
2162 2515 2354 2571 fuerint
2383 2516 2547 2584 dicta,
2594 2532 2718 2572 cum
2760 2518 2908 2573 omni
2951 2518 3150 2588 pietate
3195 2517 3524 2590 suscipiatis,
3575 2524 3629 2573 et

2033 2620 2155 2661 cum
2187 2620 2397 2659 summa
2427 2605 2732 2660 reverentia
2760 2604 3021 2676 perficere
3051 2606 3362 2662 intendatis.
3396 2604 3557 2675 Quod
3586 2604 3633 2663 si

2033 2691 2260 2749 forsitan
2291 2692 2483 2764 aliquis
2512 2701 2751 2748 vestrum
2798 2694 2955 2749 aliter
3002 2711 3165 2766 quam
3211 2695 3357 2751 dicta
3405 2692 3626 2760 fuerint,

2032 2777 2285 2842 senserit,
2321 2776 2437 2831 sine
2465 2776 2647 2848 aliquo
2678 2779 2937 2849 scrupulo
2959 2778 3318 2834 contentionis
3334 2779 3389 2832 in
3410 2786 3625 2833 nostro-

2032 2880 2154 2917 rum
2184 2864 2420 2919 omnium
2447 2866 2808 2936 copulatione,
2841 2882 2907 2921 ea
2938 2867 3057 2937 ipsa
3084 2867 3152 2923 de
3182 2867 3380 2940 quibus
3412 2867 3627 2921 dubita-

2033 2952 2168 3006 verit
2197 2952 2530 3007 conferenda
2559 2954 2800 3019 reducat,
2852 2954 3102 3026 qualiter,
3153 2956 3269 3010 Deo
3312 2955 3622 3024 auxiliante,

2032 3048 2122 3095 aut
2149 3040 2333 3096 doceri
2359 3041 2533 3112 possit
2562 3049 2650 3096 aut
2680 3042 2891 3097 doceat.
2926 3043 3134 3099 Deinde
3164 3043 3324 3097 simul
3353 3059 3453 3098 vos
3478 3043 3623 3098 obte-

2033 3130 2260 3184 statione
2288 3130 2513 3198 conjuro
2543 3130 2629 3186 vel
2676 3124 2908 3187 obsecro
2953 3139 3014 3186 ut
3059 3131 3243 3186 nullus
3290 3140 3529 3186 vestrum
3572 3131 3629 3186 in

2025 3218 2317 3286 judicando
2347 3226 2440 3272 aut
2468 3234 2761 3288 personam
2810 3219 3059 3291 accipiat,
3109 3228 3200 3275 aut
3250 3219 3492 3292 quolibet
3539 3218 3625 3274 fa-

2031 3321 2184 3372 vore,
2216 3306 2302 3361 vel
2329 3322 2550 3361 munere
2580 3306 2846 3376 pulsatus,
2892 3323 2924 3361 a
2947 3308 3093 3376 justo
3134 3307 3340 3377 judicio
3390 3307 3629 3363 scienter

2031 3401 2304 3449 avertatur
2356 3402 2445 3449 aut
2491 3394 2774 3461 discedat;
2825 3395 2923 3450 sed
2965 3403 3073 3451 tota
3119 3396 3315 3467 pietate
3363 3412 3488 3450 eum
3533 3395 3626 3468 qui

2032 3483 2193 3539 ctetui
2244 3490 2430 3537 nostro
2487 3499 2546 3537 se
2599 3483 2951 3552 judicandum
3006 3483 3265 3552 intulerit,
3310 3491 3624 3539 retractata.

2030 3572 2101 3627 Ut
2128 3586 2229 3627 nec
2257 3570 2577 3626 discordans
2606 3572 2878 3627 contentio
2907 3572 2974 3626 ad
3005 3572 3418 3627 subversionem
3459 3571 3626 3640 justi-

2033 3658 2119 3714 πίω
2147 3658 2290 3713 inter
2332 3674 2433 3714 nos
2479 3658 2660 3714 locum
2706 3659 2963 3727 inveniat,
3009 3677 3112 3715 nec
3160 3660 3214 3714 in
3264 3659 3630 3732 perquirenda

2032 3746 2285 3818 aequitate
2313 3746 2469 3819 vigor
2496 3746 2665 3802 vestri
2696 3747 2903 3803 ordinis
2923 3747 3010 3804 vel
3031 3747 3336 3803 sollicitudo
3361 3754 3625 3819 tepescat.

2034 3834 2169 3888 Data
2197 3839 2262 3890 ut
2290 3851 2482 3907 supra.

2645 3922 3016 3981 CCCLXVIII.

2528 4025 2601 4065 AD
2628 4026 2885 4066 οΑιιοιωί
2918 4026 3126 4067 “GRH.

2599 4098 2780 4170 (Anno
2808 4099 3060 4169 incerto.)

2034 4186 2322 4242 Embolum
2344 4191 2411 4242 ut
2434 4187 2879 4259 Carlomannum
2906 4204 3096 4259 regem
3120 4189 3183 4243 in
3219 4189 3479 4245 Ecclesiae
3517 4191 3623 4245 Ro-

2388 4274 2576 4312 mante
2603 4258 2905 4314 dilectione
2951 4258 3266 4327 conﬁrmet.

2106 4345 2227 4398 Jam
2268 4344 2410 4416 quod
2469 4352 2540 4412 te,
2597 4345 2918 4401 cbarissime
2966 4344 3063 4411 fili,
3112 4354 3276 4402 tanta:
3321 4346 3627 4403 devotionis

338 4444 397 4491 et
428 4443 485 4491 ut
514 4435 721 4489 utinam
748 4450 857 4489 non
889 4434 1064 4490 solum
1090 4435 1289 4505 Papiae,
1313 4449 1498 4489 verum
1527 4434 1690 4488 etiam
1710 4433 1935 4504 prapius
1963 4422 2014 4482 D
2038 4438 2305 4503 tantaeque
2334 4430 2609 4487 ﬁdelitatis
2636 4447 2771 4504 erga
2804 4440 2996 4489 vestrae
3024 4434 3212 4489 matris
3232 4435 3488 4493 Romanae
3516 4436 3626 4490 Ec-

336 4523 559 4589 essetis,
592 4523 891 4578 necessitas
919 4522 1153 4577 maxima
1192 4522 1457 4594 deposcit.
1506 4522 1742 4593 Ideoque
1791 4521 1935 4593 quod

337 4610 603 4681 cmpistis,
638 4626 763 4666 cum
794 4610 892 4666 Dei
922 4610 1208 4680 adjutorio,
1241 4610 1500 4666 velociter
1547 4618 1724 4665 vestra
1760 4609 1935 4664 subli-

338 4699 505 4754 mitas
560 4698 823 4769 perficere
871 4699 1097 4763 studeat,
1151 4707 1205 4753 et
1260 4698 1331 4753 ad
1383 4697 1776 4765 defensionem,
1826 4698 1936 4753 imo

340 4787 694 4843 securitatem
724 4794 923 4841 sancta:
942 4786 1133 4842 matris
1155 4794 1353 4842 vestra:
1375 4788 1633 4842 Romanae
1652 4786 1933 4853 Ecclesiae,

337 4876 484 4931 sicut
526 4874 774 4940 dixistis,
825 4874 1039 4930 caeteris
1082 4875 1228 4931 curis
1276 4874 1611 4946 postpositis,
1661 4883 1840 4929 mente
1885 4882 1939 4929 et

338 4963 567 5018 brachio
594 4971 843 5033 potenter
869 4971 1139 5027 occurrat,
1173 4963 1300 5034 quia
1329 4963 1546 5034 quantis
1586 4961 1857 5036 aﬂligatur
1886 4968 1939 5017 et

337 5051 690 5108 conculcetur
743 5050 1031 5124 angustiis,
1083 5052 1196 5120 jam
1250 5050 1434 5106 dicere
1488 5066 1598 5107 non
1670 5051 1933 5106 valemus.

340 5140 616 5194 Caeterum
658 5139 726 5193 de
772 5139 1011 5194 Widone
1057 5139 1249 5204 Rabia,
1310 5138 1562 5194 invasore
1619 5138 1829 5195 scilicet
1885 5148 1938 5194 et

339 5226 544 5297 rapaci,
581 5234 763 5282 vestra
788 5228 962 5299 gloria
999 5227 1301 5293 subveniat,
1352 5235 1405 5283 et
1453 5243 1577 5283 eum
1623 5227 1692 5282 de
1739 5226 1938 5283 ﬁnibus

335 5309 566 5375 nostris,
612 5317 670 5364 ut
724 5311 1117 5382 aliquantulum
1172 5311 1406 5383 populus
1464 5319 1650 5366 noster
1704 5311 1938 5366 relevari

338 5398 538 5464 valeat,
571 5398 770 5467 ejicere
795 5400 972 5456 modis
1000 5400 1250 5455 omnibus
1273 5399 1528 5471 jubeatis.
1556 5400 1690 5454 Data
1718 5415 1778 5454 ιιι
1809 5400 1934 5455 Idus

252 5494 261 5503 ‘
342 5486 693 5543 Novembris.

2037 4517 2217 4574 clesia?
2275 4516 2611 4589 pontiﬁcium
2668 4535 2790 4575 esse
2845 4520 3113 4588 videmus,
3162 4530 3422 4593 tanquam
3469 4530 3625 4579 utero

2036 4613 2222 4661 natum
2250 4615 2534 4663 monentes
2562 4623 2844 4679 rogamus,
2877 4608 3184 4682 ﬂagitantes
3212 4611 3517 4677 hortamur,
3570 4619 3628 4665 ut

2037 4709 2135 4765 pro
2162 4709 2349 4749 amore
2378 4696 2747 4765 apostolorum
2778 4697 3101 4768 principum,
3136 4698 3293 4769 quasi
3314 4706 3493 4754 vestro
3513 4714 3630 4770 pro-

2036 4783 2158 4854 prio
2213 4782 2475 4851 consulto,
2533 4799 2637 4840 nec
2682 4785 3153 4856 repraesentaliter,
3232 4786 3627 4843 Carolomanno

2037 4871 2279 4944 glorioso
2308 4871 2441 4941 regi,
2456 4871 2695 4941 mittatis,
2727 4872 3014 4928 consilium
3043 4873 3234 4929 dantes
3279 4882 3335 4929 ut
3375 4875 3626 4946 antiquos

2039 4961 2312 5015 honorans
2368 4960 2595 5027 amicos,
2651 4959 2836 5015 fruens
2885 4960 3171 5027 charitate,
3222 4961 3290 5016 ad
3336 4972 3627 5034 parentum

2039 5047 2322 5104 consilium
2351 5048 2555 5115 redeat,
2589 5056 2642 5104 et
2662 5049 2731 5104 de
2751 5048 2992 5120 epistolis
3012 5066 3146 5122 quas
3166 5049 3246 5104 illi
3264 5065 3330 5106 ex
3357 5050 3628 5107 maritimo

2037 5137 2228 5191 itinere
2257 5136 2586 5202 remisimus,
2618 5137 2966 5208 respondeat,
2998 5145 3052 5193 et
3086 5139 3385 5194 Romanam
3429 5138 3626 5194 Eccle-

2040 5226 2198 5291 siam,
2232 5242 2354 5296 quae
2380 5225 2537 5281 vobis
2565 5225 2805 5297 utrisque
2835 5226 3087 5282 omnibus
3130 5226 3298 5281 decus
3341 5225 3529 5298 regale
3576 5234 3630 5281 et

2038 5313 2316 5385 imperiale
2343 5313 2538 5380 intulit,
2570 5314 2885 5370 venerando
2911 5314 3118 5385 diligat,
3137 5313 3358 5368 mittens
3384 5329 3626 5385 praesen-

2040 5402 2238 5457 tialiter
2268 5401 2399 5473 ipsis
2428 5402 2891 5459 anathematizatis
2919 5402 3204 5459 Lamberto
3234 5409 3287 5461 et
3314 5401 3625 5461 Adalberto.

2040 5492 2172 5547 Data
2203 5494 2268 5545 ut
2288 5506 2481 5562 supra.
