4112 6192
528 292 631 345 959

1159 388 1485 445 CCCLXIX.

798 490 869 530 AD
898 491 1219 531 MICHAELEM
1250 493 1436 533 REGE]!
1465 493 1850 535 BULGARORUM.

600 565 856 619 Joannes
884 565 1003 619 VIII
1033 566 1306 620 Mrcnssu
1338 566 1456 638 regi
1486 568 1861 640 Bulgarorum.

604 651 658 707 Si
690 653 759 706 ab
786 653 871 707 his
901 668 1037 724 quos
1066 655 1563 710 excommunicatos
1594 657 1930 711 habebamus
1951 673 2123 713 sacra-

533 748 716 795 menta
745 757 1080 812 quaecunque
1111 742 1406 813 suscipitis,
1450 753 1661 799 constat
1713 746 1839 817 quia
1887 746 2119 817 idolola-

532 828 712 892 triam,
746 844 853 882 non
894 837 951 883 ut
994 830 1241 887 catholici
1290 833 1503 901 essetis,
1557 834 1654 887 sed
1696 842 1753 888 ut
1792 833 2122 889 schismatici

529 914 911 984 eﬁiceremini,
961 918 1256 990 deliquisse
1301 919 1418 993 [pro
1462 912 1853 993 dereliquisse,
1907 921 2121 995 Hann]

528 1004 804 1059 videmini.

1176 1123 1476 1179 CCCLXX.

636 1222 707 1261 AD
738 1221 1089 1264 LUITBBRTUH
1117 1225 1592 1267 ARCHIEPISCOPUH
1621 1225 2012 1267 MAGONTINUM.

1008 1298 1224 1371 Fragm.
1253 1328 1323 1338 -—-
1354 1298 1477 1366 (An.
1511 1299 1643 1369 inc.)

599 1397 986 1470 Engeltrudem
1020 1414 1242 1454 uxorem
1275 1399 1502 1454 Bosonis
1530 1400 1748 1455 noveris
1794 1415 1905 1456 non
1948 1401 2121 1456 solum

530 1486 1089 1542 excommunicatione
1120 1503 1241 1557 quae
1271 1504 1301 1541 a
1329 1487 1565 1543 fraterna
1595 1490 1850 1544 societate
1885 1498 2119 1560 separat,

531 1574 627 1627 sed
660 1581 713 1628 et
742 1575 1102 1641 anathemate,
1152 1576 1299 1647 quod
1344 1577 1414 1631 ab
1459 1577 1579 1647 ipso
1625 1593 1853 1648 corpore
1904 1579 2118 1645 Christi,

529 1661 675 1730 quod
705 1670 787 1715 est
814 1663 1078 1731 Ecclesia,
1113 1664 1323 1730 recidit,
1357 1665 1555 1720 crebro
1583 1682 1923 1737 percussam.

1157 1822 1482 1878 CCCLXXI.
1537 1832 1543 1837 “

884 1923 957 1963 AD
989 1924 1307 1966 LUDOVICUM
1351 1926 1764 1967 IMPERATOREM.

1012 1998 1225 2070 Fragm.
1258 2030 1326 2039 —
1355 2001 1481 2071 (An.
1514 1999 1649 2070 inc.)

601 2096 786 2164 Vides,
845 2097 918 2154 fili
975 2100 1313 2166 charissime,
1364 2102 1491 2172 quia
1546 2102 1690 2174 quod
1737 2109 1924 2157 contra
1972 2103 2124 2173 leges

529 2185 809 2256 accipitur,
840 2204 940 2257 per
969 2188 1120 2260 leges
1151 2189 1377 2244 dissolvi
1406 2198 1665 2245 meretur.
1721 2191 1873 2257 Item,
1916 2189 2123 2245 facien-

531 2272 600 2327 tis
628 2274 816 2345 procul
844 2276 1009 2332 dubio
1038 2276 1253 2347 culpam
1280 2277 1457 2341 habet,
1491 2277 1582 2349 qui
1612 2279 1758 2350 quod
1789 2286 1966 2349 potest
1997 2294 2123 2334 cor-

531 2361 732 2431 rigere,
792 2364 1023 2437 negligit
1071 2366 1383 2420 emendare.
1438 2365 1705 2436 Scriptum
1752 2367 1950 2437 quippe
1994 2374 2121 2422 est:

512 2449 654 2523 ~Non
683 2450 859 2505 solum
890 2452 982 2523 qui
1011 2451 1230 2518 faciunt,
1262 2453 1360 2508 sed
1414 2454 1578 2509 etiam
1625 2454 1716 2526 qui
1759 2455 2122 2521 consentiunt,

530 2538 826 2610 participes
846 2539 1175 2608 judicantur.
1208 2543 1275 2596 Et
1303 2541 1431 2596 libat
1462 2542 1693 2598 Domino
1722 2559 1999 2614 prospera,
2033 2543 2126 2615 qui

529 2626 600 2681 ab
627 2626 836 2683 afflictis
867 2628 1020 2700 pellit
1048 2629 1297 2686 adversa.
1348 2632 1416 2685 Et
1456 2631 1760 2703 negligere,
1793 2647 1916 2687 cum
1947 2631 2125 2703 possis

529 2714 818 2772 deturbare
847 2733 1155 2788 perversos,
1188 2718 1321 2773 nihil
1363 2719 1511 2773 aliud
1559 2727 1643 2774 est
1691 2736 1849 2791 quam
1896 2718 2121 2787 fovere;

530 2818 633 2859 nec
663 2813 812 2861 caret
840 2806 1098 2877 scrupulo
1126 2808 1497 2863 consentionis
1526 2808 1770 2876 occultae,
1822 2808 1913 2879 qui
1952 2807 2127 2863 mani-

530 2889 671 2947 festo
700 2891 926 2948 facinori
954 2893 1153 2947 desinit
1195 2895 1435 2950 obviare.
1482 2896 1551 2950 Et
1596 2896 1790 2966 probat
1835 2895 2017 2950 odisse
2065 2912 2125 2950 se

527 2977 673 3042 vitia,
725 2979 817 3050 qui
848 2982 1170 3035 condemnat
1219 2991 1508 3048 errantes;
1567 2999 1670 3038 nec
1719 2983 1980 3054 relinquit
2020 2982 2124 3037 sibi

535 3066 717 3121 locum
745 3066 1021 3133 deviandi,
1055 3069 1147 3139 qui
1201 3085 1310 3124 non
1358 3070 1667 3141 pepercerit
1713 3071 2013 3126 excedenti.
2059 3072 2126 3126 Et

531 3153 738 3224 primus
782 3155 1104 3212 innocentiae
1151 3158 1355 3229 gradus
1405 3165 1487 3213 est
1532 3158 1716 3215 odisse
1758 3159 2012 3214 nefanda.
2059 3161 2127 3214 Et

529 3241 698 3298 latum
728 3244 914 3314 pandit
942 3245 1382 3317 delinquentibus
1413 3246 1636 3315 aditum,
1679 3247 1771 3319 qui
1793 3248 1974 3320 jungit
2003 3263 2127 3303 cum

530 3331 798 3401 pravitate
846 3347 1219 3400 consensum;
1269 3342 1324 3389 et
1371 3334 1504 3389 nihil
1546 3335 1767 3405 prodest
1811 3335 1970 3390 alicui
2016 3352 2126 3391 non

528 3418 705 3490 puniri
732 3421 973 3492 praprio,
1009 3421 1100 3494 qui
1129 3422 1438 3493 puniendus
1468 3430 1550 3478 est
1577 3423 1756 3478 alieno
1789 3432 2032 3494 peccato.

1148 3553 1501 3610 CCCLXXII.

941 3656 1014 3695 AD
1044 3656 1342 3697 EPISCOPOS
1371 3656 1689 3697 ΒΙΠΤΑΝΝΙᾸΞ
1698 3684 1710 3697 .

1097 3731 1279 3799 (Anno
1307 3730 1564 3800 incerto.)

535 3810 677 3879 Quid
695 3813 975 3884 agendum
995 3813 1061 3869 de
1082 3814 1375 3871 monachis
1397 3815 1465 3870 ab
1484 3816 1680 3870 abbate
1701 3831 1801 3871 suo
1820 3815 2121 3871 ordinatis.

599 3913 856 3967 JOANNES
886 3928 1078 3968 servus
1108 3930 1390 3969 servorum
1417 3914 1534 3982 Dei,
1556 3914 1847 3985 episcOpus
1867 3916 2126 3970 Romana:

529 3998 701 4064 urbis,
735 3999 791 4053 in
820 3999 1031 4055 Christo
1061 3999 1318 4055 fratribus
1347 4002 1620 4056 universis
1675 4001 1945 4072 episcopis
1988 4002 2123 4057 cite-

532 4085 691 4141 rioris
720 4086 1008 4142 Britanniae
1037 4087 1265 4142 salutem
1294 4088 1348 4141 in
1378 4088 1594 4143 Christo
1641 4096 1693 4143 et
1740 4088 2120 4145 visitationem.

580 4171 748 4242 'Quia
778 4172 901 4229 vice
927 4175 985 4228 B.
1018 4174 1159 4230 Petri
1186 4175 1554 4246 apostolorum
1579 4176 1861 4248 principis,
1892 4177 2124 4232 Domino

535 4261 652 4317 Deo
680 4261 957 4333 dignante,
988 4262 1231 4318 omnium
1260 4263 1636 4320 Ecclesiarum
1664 4280 1852 4320 curam
1883 4266 2125 4337 suscepi-

533 4364 675 4416 mus,
700 4349 1137 4417 sollicitudinem,
1161 4367 1284 4422 quaa
1307 4351 1729 4424 uniuscujusque
1750 4350 1886 4408 fides
1908 4353 2124 4426 integra

528 4454 589 4493 1n
617 4439 811 4493 eodem
842 4439 1072 4495 Domino
1100 4448 1430 4507 reservetur,
1456 4441 1572 4496 sine
1594 4456 1700 4513 qua
1728 4441 1906 4496 nullus
1927 4441 1977 4497 ei
2006 4441 2121 4512 pla-
2152 4433 2210 4496 D

535 4541 662 4583 cere
714 4525 944 4595 valebit,
994 4528 1194 4599 ubique
1242 4544 1434 4584 severe
1480 4529 1777 4586 observare
1823 4530 2123 4596 debemus;

533 4615 769 4686 ideoque
797 4623 983 4670 notum
1014 4615 1081 4670 sit
1112 4616 1267 4671 vobis
1298 4617 1552 4687 quoniam
1583 4616 1934 4673 charissimus
1962 4618 2128 4673 frater

538 4710 722 4759 noster
751 4703 1045 4770 Arduinus,
1076 4712 1275 4759 sanctae
1289 4705 1620 4760 Turonensis
1642 4705 1907 4762 Ecclesia:
1949 4707 2127 4761 archi-

536 4791 846 4862 episcopus,
876 4791 1097 4847 veniens
1143 4792 1212 4847 ad
1257 4792 1623 4863 apostolorum
1665 4792 1852 4848 limina
1897 4795 2125 4849 Romam

536 4887 764 4944 oratum,
797 4878 1157 4951 interpellavit
1186 4895 1286 4935 nos
1316 4881 1459 4951 quod
1482 4881 1604 4950 jura
1633 4880 1715 4935 sui
1751 4881 2124 4952 archiepisco-

536 4976 710 5039 patus,
746 4983 866 5038 quae
892 4968 962 5022 ab
991 4968 1221 5039 antiquis
1250 4969 1586 5039 temporibus
1616 4985 1713 5041 per
1739 4970 1960 5025 decreta
1992 4987 2123 5025 san-

535 5064 743 5114 ctorum
773 5054 1086 5126 pontiﬁcum
1113 5063 1312 5112 sanctae
1341 5057 1596 5113 Romanae
1633 5058 1821 5113 matris
1862 5059 2126 5116 Ecclesia

535 5145 647 5201 suis
677 5144 1177 5215 praedecessoribus
1198 5158 1458 5200 concessa
1474 5154 1527 5200 et
1547 5144 1863 5201 conﬁrmata
1884 5146 2121 5213 fuerunt,

534 5250 568 5291 a
596 5243 775 5292 vestro
807 5234 1219 5305 archiepiscopo
1247 5240 1301 5287 et
1329 5233 1443 5288 suis
1471 5234 1849 5290 decessoribus
1879 5252 1976 5306 per
2002 5235 2122 5291 vio-

535 5323 757 5378 lentiam
779 5330 831 5378 et
850 5336 1184 5395 paganorum
1206 5321 1669 5377 Nortmannorum
1685 5323 2123 5379 contrarietatem

538 5410 749 5465 sublata
776 5409 1065 5476 videntur;
1113 5410 1256 5465 unde
1304 5410 1598 5480 apostolica
1625 5411 1939 5466 auctoritate
1970 5412 2125 5467 vobis

540 5496 725 5555 sciatis
752 5497 1096 5556 interdictum
1124 5514 1193 5554 ne
1223 5497 1366 5554 illius
1397 5498 1509 5556 ullo
1538 5499 1699 5556 modo
1732 5500 1836 5569 juri
1864 5500 2125 5556 resistatis

1827 293 2121 350 JOANNIS
2176 292 2369 349 PAPE
2407 296 2552 351 VIII.

2148 391 2205 451 Α
2223 390 2501 465 deinceps,
2535 394 2603 449 de
2634 395 2885 449 omnibus
2915 409 3035 466 qua:
3064 393 3353 464 praedictus
3376 392 3825 464 archiepiScOpus

3713 298 3825 349 960

2223 479 2504 535 confirmat
2560 482 3052 553 archiepiscopatui
3115 482 3198 536 sui
3258 482 3528 553 pertinere
3593 481 3819 541 debere.

2223 584 2504 641 quousque
2534 570 2625 625 ille
2654 580 2833 625 vester
2862 569 3323 640 archiepiscOpus,
3376 576 3463 623 aut
3506 569 3701 640 aliquis
3750 584 3822 622 ex

2223 656 2379 710 vobis
2407 674 2527 712 cum
2560 658 2799 713 Arduino
2830 659 3265 747 archiepiscopo,
3290 658 3403 712 sive
3424 674 3547 713 cum
3575 672 3675 711 suo
3704 654 3823 711 suf-

2221 742 2505 817 fraganeo,
2540 747 2625 802 vel
2654 746 2759 802 alio
2787 746 2933 801 fideli
2963 742 3132 801 misso
3179 747 3246 799 ad
3286 755 3525 800 nostram
3569 752 3819 802 sanctam

2222 841 2445 888 matrem
2478 835 2777 890 Ecclesiam
2808 835 3008 901 veniat,
3043 843 3099 888 ut
3128 834 3201 888 ibi
3240 833 3589 906 praecognitis
3637 832 3821 887 causis

2221 921 2364 976 inter
2408 939 2507 977 vos
2555 932 2608 979 et
2655 924 2824 987 illum,
2879 923 3022 995 quod
3076 939 3289 993 aequum
3337 922 3821 991 comprobabimus

2220 1008 2513 1066 diﬂ‘iniatur
2564 1012 2635 1067 ad
2680 1013 2891 1067 laudem
2938 1011 3037 1066 Dei
3087 1018 3140 1065 et
3186 1011 3404 1065 Domini
3460 1010 3627 1064 nostri
3683 1009 3819 1063 Iesu

2221 1098 2437 1152 Christi.
2473 1098 2630 1168 Quod
2661 1099 2705 1153 si
2737 1100 2896 1154 aliter
2925 1115 3081 1171 quam
3108 1098 3363 1167 jubemus
3395 1105 3584 1153 contra
3614 1097 3819 1151 volun-

2223 1194 2382 1241 tatem
2400 1188 2517 1257 ejus
2540 1187 2794 1255 feceritis,
2815 1187 3162 1260 cognoscatis
3183 1186 3544 1257 vosmetipsos
3568 1186 3666 1240 Dei
3687 1185 3817 1239 etB.

2221 1274 2363 1329 Petri
2391 1275 2654 1346 principis
2682 1276 3073 1346 apostolorum,
3126 1291 3226 1345 per
3265 1282 3468 1329 nostra:
3496 1272 3822 1327 humilitatis

2222 1363 2552 1432 mandatum,
2610 1364 2929 1419 auctoritate
2995 1363 3492 1419 e'xcommunicatos
3549 1362 3616 1416 ab
3667 1361 3823 1415 omni

2223 1452 2596 1508 ecclesiastico
2627 1452 2823 1508 officio.

2295 1538 2451 1608 Quod
2482 1541 2526 1594 si
2558 1557 2684 1595 vere
2726 1540 2968 1596 debitam
3017 1538 3377 1594 reverentiam
3425 1538 3567 1594 circa
3611 1536 3820 1608 praedi-

2223 1636 2369 1683 ctum
2424 1628 2642 1684 fratrem
2697 1637 2938 1684 nostrum
2986 1628 3280 1683 observare
3337 1627 3490 1682 vobis
3532 1624 3820 1696 placuerit,

2153 1718 2522 1800 Bsecundum
2589 1717 2810 1786 justitiae
2885 1717 3163 1772 decretum
3224 1731 3257 1769 a
3313 1723 3502 1770 sancta
3574 1715 3823 1771 Romana

2223 1805 2470 1861 Ecclesia
2516 1812 2787 1870 statutum,
2844 1804 3212 1876 permaneatis
3268 1819 3392 1858 cum
3438 1802 3536 1857 Dei
3583 1800 3821 1856 benedi-

2223 1894 2400 1949 ctione
2456 1893 2509 1947 in
2566 1894 2771 1947 unitate
2817 1901 3018 1948 nostra:
3074 1891 3356 1947 catholica
3398 1889 3817 1946 communionis.

2223 1982 2430 2037 Interea
2459 1981 2629 2037 sciant
2659 1981 2811 2053 regni
2842 1981 3009 2037 vestri
3058 1980 3328 2048 homines,
3372 1979 3607 2033 maxime
3653 1977 3820 2032 nobi—

2222 2069 2410 2137 liores,
2443 2070 2757 2124 nominatim
2791 2068 3173 2141 Berengarius,
3208 2075 3261 2123 et
3295 2066 3438 2121 ﬁlius
3470 2081 3603 2120 suus
3636 2067 3822 2120 Cona—

2223 2174 2343 2221 nus,
2378 2166 2429 2213 et
2458 2159 2595 2213 Hoel
2625 2174 2746 2213 cum
2780 2157 2938 2213 fratre
2967 2173 3067 2212 suo
3115 2156 3385 2223 Guerech,
3437 2171 3559 2210 cum
3608 2152 3820 2209 steteris

2224 2246 2540 2315 majoribus,
2573 2255 2630 2300 ut
2659 2246 2705 2300 si
2734 2254 2925 2302 contra
2957 2245 3220 2315 justitiam
3268 2243 3649 2299 inobedientes
3697 2241 3819 2296 fue—

2225 2335 2331 2389 rint
2359 2334 2483 2390 huic
2514 2342 2716 2389 nostraa
2738 2332 2991 2403 jussioni,
3036 2340 3089 2388 et
3134 2331 3385 2389 contrarii
3438 2348 3535 2386 seu
3583 2329 3821 2384 rebelles

2224 2422 2527 2478 exstiterint
2554 2422 2816 2493 praedicto
2840 2421 2994 2476 fratri
3008 2429 3192 2476 nostro
3212 2418 3515 2475 Turonensi
3536 2418 3819 2489 episeopo,

2225 2511 2331 2565 sint
2358 2518 2410 2565 et
2459 2510 2561 2580 ipsi
2609 2510 3060 2565 excommunicati
3107 2518 3159 2565 et
3206 2516 3391 2563 nostra
3438 2506 3819 2563 benedictione

2223 2598 2522 2670 apostolica
2550 2597 2763 2669 privati.

2827 2740 3102 2797 CCCLXX
3113 2741 3203 2795 III.

2756 2843 2843 2883 AD
2888 2842 3279 2893 QUEMDAM.

2294 2934 2777 2991 Administratores
2832 2933 3153 2991 secularium
3208 2933 3551 3006 dignitatum,
3598 2932 3688 3005 qui
3742 2934 3815 2987 ad

2225 3022 2601 3088 ecclesiarum,
2656 3038 2718 3079 ac
2766 3023 3053 3078 viduarum
3100 3021 3383 3076 tuitionem
3431 3022 3820 3092 rapaciumque

2153 3086 2203 3150 δ
2226 3086 2662 3166 refrenationem
2713 3118 2836 3165 sunt
2879 3109 3175 3175 constituti,
3209 3109 3461 3181 quotiens
3497 3086 3587 3164 ab
3643 3086 3819 3164 eccle-

2225 3198 2454 3254 siasticis
2483 3199 2614 3254 viris
2652 3198 2904 3254 conventi
2948 3197 3165 3267 fuerint,
3214 3212 3403 3253 eorum
3453 3196 3822 3269 querimonias

2224 3286 2480 3343 attentius
2508 3287 2767 3353 audiant;
2809 3294 2861 3341 et
2889 3287 3036 3357 quod
3078 3301 3305 3341 necesse
3342 3284 3451 3340 illis
3492 3284 3653 3340 fuerit
3696 3284 3819 3338 dili-

2223 3383 2416 3446 genter
2443 3382 2497 3428 et
2523 3375 2630 3430 cito
2671 3372 2986 3445 perﬁciant;
3030 3374 3175 3445 quod
3221 3374 3268 3428 si
3310 3372 3653 3445 neglexerint
3693 3372 3820 3427 vin-

2223 3462 2409 3517 dicare
2463 3462 2550 3518 vel
2605 3462 2884 3535 corrigere
2937 3470 3062 3533 post
3110 3462 3319 3516 tertiam
3387 3460 3815 3516 admonitionem

2220 3549 2507 3620 priventur
2534 3565 2566 3605 ι
2594 3550 2997 3606 communione.

2829 3723 3203 3779 CCCLXXIV.

2708 3825 2781 3865 AD
2821 3826 2991 3867 Αιισιί
3021 3824 3325 3866 ῙΝΟΕΒΤΠΠ.

2297 3916 2586 3985 Praesides,
2635 3932 2758 3973 cum
2788 3917 2855 3972 ad
2898 3917 3267 3989 praesidiatum
3314 3916 3551 3987 promoti
3599 3914 3811 3981 fuerint,

2223 4007 2431 4061 litteras
2486 4004 2752 4076 accipiant
2794 4005 3210 4072 ecclesiasticas,
3259 4004 3812 4068 communicatorias;

2225 4094 2295 4148 ita
2338 4103 2519 4148 tamen
2575 4102 2631 4147 ut
2687 4093 2741 4147 in
2800 4093 3212 4165 quibuscumque
3266 4092 3401 4148 locis
3445 4092 3813 4162 praesidiatum

2224 4182 2514 4255 gesserint,
2548 4182 2619 4235 ab
2662 4181 2933 4253 episcopis
2982 4181 3225 4249 ejusdem
3269 4180 3376 4236 loci
3421 4195 3558 4235 cura
3597 4180 3668 4233 de
3712 4178 3814 4232 illis

2224 4278 2438 4343 agatur,
2485 4277 2541 4324 ut
2588 4270 2634 4323 si
2683 4269 2948 4340 coeperint
2986 4276 3172 4323 contra
3202 4268 3477 4340 publicam
3505 4283 3674 4340 agere
3700 4266 3811 4321 dis-

2224 4358 2501 4430 ciplinam,
2534 4372 2566 4411 a
2595 4357 2977 4413 communione
3007 4356 3287 4412 secludant
3316 4355 3519 4412 divina.

2843 4534 3191 4590 CCCLXXV.

2226 4625 2501 4680 Allocutio
2529 4623 2814 4696 pontiﬁcis
2843 4624 2914 4677 ad
2954 4625 3233 4695 episcopos
3270 4623 3371 4678 sub
3411 4622 3589 4691 ﬁnem
3625 4623 3812 4696 synodi

2466 4704 2470 4707 '
2846 4696 3195 4749 Tricassinw.

2296 4800 2407 4855 Vos
2437 4798 2741 4855 confratres
2772 4807 2824 4855 et
2855 4799 3208 4870 coepiscopos
3231 4814 3385 4853 meos
3404 4798 3531 4854 volo
3560 4798 3816 4853 unanimi-

2225 4895 2307 4943 ter
2334 4903 2549 4943 mecum
2575 4888 2629 4941 in
2662 4886 2982 4942 defensione
3010 4895 3209 4943 sancta:
3244 4888 3501 4942 Romanae
3528 4886 3805 4953 Ecclesiae,

2225 4992 2389 5047 quam
2416 4983 2628 5031 constat
2656 4991 2780 5031 esse
2809 4983 2972 5046 caput
3001 4976 3242 5030 omnium
3270 4974 3667 5041 Ecclesiarum,
3690 4989 3811 5029 con-

2225 5065 2429 5129 venire,
2462 5064 2654 5128 donec,
2692 5065 2808 5119 Deo
2836 5063 3145 5129 auxiliante,
3179 5063 3233 5116 in
3262 5063 3448 5117 sedem
3500 5062 3642 5117 beati
3679 5060 3809 5117 Petri

2223 5151 2594 5221 apostolorum
2650 5150 2912 5222 principis
2977 5159 3331 5217 revertamur,
3396 5165 3522 5205 cum
3578 5149 3806 5204 omnium

2226 5238 2501 5294 hominum
2533 5247 2835 5294 vestrorum
2863 5246 3064 5293 armata
3095 5238 3290 5293 bellico
3319 5246 3577 5309 apparatu
3604 5251 3757 5290 manu
3788 5252 3804 5288 :

2226 5335 2275 5382 et
2305 5328 2374 5382 de
2404 5328 2526 5396 hoc,
2557 5343 2665 5382 non
2693 5326 3013 5392 differendo,
3048 5326 3145 5381 sed
3176 5327 3276 5380 sub
3297 5326 3444 5380 omni
3465 5325 3732 5381 celeritate
3753 5331 3807 5376 et

2225 5415 2546 5471 certitudine
2578 5414 2905 5485 sponsionis,
2937 5414 3025 5470 hic
3053 5414 3202 5479 mihi,
3235 5429 3441 5486 quaeso,
3475 5414 3677 5485 absque
3697 5409 3808 5467 ulla

2226 5502 2480 5560 dilatione
2510 5503 2764 5559 continuo
2794 5503 2917 5558 date
2947 5517 3291 5575 responsum.
