4060 6184
225 244 335 297 961

850 361 1201 418 CCCLXXVI
1214 404 1227 416 .

506 453 645 507 Item
661 452 929 508 allocutio
958 450 1242 523 pontiﬁcis
1272 450 1344 506 ad
1372 466 1574 522 regem.

316 560 445 624 Vos,
476 546 796 614 charissime
826 556 901 612 fili
929 556 1202 612 Ludovice
1214 556 1454 630 gioriose
1477 573 1589 621 rex,
1613 571 1833 627 precor,

225 646 294 701 in
342 646 738 713 defensionem,
795 646 1191 715 liberationem,
1242 653 1402 715 atque
1457 644 1838 699 exaltationem

231 742 445 790 sanctae
474 735 735 790 Romana:
750 734 1032 800 Ecclesiae,
1066 733 1206 789 sicut
1226 733 1647 804 predecessores
1667 732 1838 787 vestri

231 822 508 890 fecerunt,
537 830 591 877 et
620 821 775 878 vobis
803 822 904 877 sub
926 821 1272 877 attestatione
1321 820 1505 877 facere
1536 821 1836 876 mandave-

232 919 387 979 runt,
420 911 538 966 sine
567 910 1051 981 procrastinatione
1112 917 1165 966 et
1193 909 1302 965 ulla
1330 909 1591 965 dilatione
1608 925 1836 965 succur-

230 999 344 1054 rite
379 1017 394 1064 ;
428 999 551 1070 quia
580 997 811 1052 ministri
850 998 949 1053 Dei
980 1000 1129 1064 estis,
1171 998 1414 1053 vindices
1460 998 1517 1052 in
1558 998 1638 1053 ira
1667 997 1721 1051 in
1752 996 1837 1052 his

232 1087 333 1159 qui
362 1087 506 1141 male
538 1093 725 1159 agunt,
747 1094 921 1141 etnon
955 1087 1072 1140 sine
1102 1102 1271 1142 causa
1298 1086 1542 1159 gladium
1570 1085 1794 1157 portatis
1819 1102 1832 1138 :

232 1191 310 1230 ne
339 1174 501 1243 forte,
537 1174 681 1246 quod
710 1174 867 1239 absit,
918 1174 1007 1229 illa
1039 1190 1134 1229 vos
1190 1182 1281 1228 aut
1323 1190 1555 1246 regnum
1597 1181 1836 1229 vestrum

235 1263 403 1333 Culpa
432 1271 706 1334 contegat,
732 1263 874 1334 quod
893 1263 1159 1334 quosdam
1191 1270 1405 1318 veteres
1427 1278 1584 1333 reges
1606 1262 1837 1317 inimicis

234 1359 294 1406 et
319 1350 645 1422 infidelibus
683 1351 782 1405 Dei
815 1351 1086 1422 quondam
1118 1359 1406 1421 parcentes
1456 1350 1838 1405 damnabiliter

233 1438 471 1493 strinxit.
514 1438 609 1493 Vel
652 1438 699 1492 si
759 1438 906 1493 aliud
953 1439 1149 1509 placet,
1200 1438 1616 1508 praesentialiter
1646 1438 1699 1492 in
1730 1438 1835 1492 isto

231 1527 360 1582 loco
399 1527 544 1592 date,
578 1542 676 1597 per
706 1527 881 1581 Deum
911 1536 962 1582 et
1016 1544 1115 1599 per
1160 1528 1380 1582 beatum
1439 1528 1677 1593 Petrum,
1737 1542 1835 1582 vos

229 1614 483 1684 conjuro,
521 1614 639 1670 sine
670 1631 824 1670 mora
842 1631 1192 1686 responsum.

831 1729 1231 1786 CCCLXXVII.

239 1818 788 1901 (timentia-Joannis.
800 1835 964 1901 papre
1096 1821 1294 1901 Patres
1305 1818 1512 1901 synodi
1534 1818 1840 1874 Tricassini

214 1932 231 1953 ι
311 1890 384 1956 II,
421 1889 488 1943 de
519 1889 814 1944 Lantberti
833 1894 889 1943 et
918 1889 1206 1943 Adalberti
1236 1890 1587 1961 aliorumque
1634 1906 1837 1960 sequa-

296 1961 458 2015 cium
490 1960 1105 2015 excommunicatione.

307 2046 651 2113 Charissimi,
676 2047 961 2102 condolete
991 2047 1121 2101 mihi
1152 2055 1203 2102 et
1234 2047 1351 2103 sedi
1389 2047 1703 2118 apostolicae
1719 2063 1838 2118 quae

236 2143 408 2205 caput
467 2142 519 2189 et
548 2134 809 2207 magistra
867 2143 948 2189 est
1008 2134 1249 2189 omnium
1294 2135 1658 2190 Ecclesiarum
1714 2135 1834 2205 Dei,

238 2240 365 2296 quae
396 2230 449 2277 et
495 2239 594 2277 vos
625 2223 888 2293 religioso
928 2231 1083 2277 utero
1113 2223 1319 2296 genuit,
1360 2240 1521 2295 reges
1572 2232 1735 2279 terra:
1784 2231 1837 2278 et

234 2326 433 2367 omnes
462 2310 668 2383 populi,
698 2311 969 2382 principes
1000 2319 1051 2367 et
1073 2326 1262 2366 omnes
1298 2311 1510 2380 judices
1543 2320 1716 2378 terrae,
1750 2328 1837 2366 sa-

233 2401 431 2472 crique
460 2398 760 2455 confratres
790 2408 842 2454 et
872 2399 1291 2455 consacerdotes
1322 2400 1441 2469 Dei,
1492 2399 1836 2455 venerabiles

236 2488 612 2553 Ecclesiarum
644 2488 843 2543 Christi
872 2489 1160 2557 antistites,
1194 2496 1245 2543 et
1265 2489 1427 2543 totius
1458 2489 1658 2543 sacrati
1687 2488 1836 2544 ordi-

236 2578 326 2632 nis
359 2576 482 2645 viri,
515 2585 569 2632 et
621 2593 835 2631 mecum
892 2584 1066 2631 tantas
1098 2576 1321 2645 injurias
1368 2576 1630 2632 Ecclesiae
1660 2577 1837 2633 sancti

234 2665 385 2720 Petri
413 2665 785 2736 apostolorum
817 2665 1099 2736 principis,
1122 2665 1440 2737 cmlestique
1473 2665 1630 2737 regni
1660 2665 1835 2721 clavi-

235 2754 381 2827 geri,
415 2753 502 2810 cui
531 2753 738 2826 ligandi
757 2762 809 2808 et
831 2753 1080 2809 solvendi
1103 2752 1227 2807 data
1257 2762 1339 2808 est
1367 2770 1397 2807 a
1419 2754 1536 2808 Deo
1568 2762 1832 2825 potestas,

231 2841 396 2897 simul
426 2842 619 2897 flentes
642 2842 927 2913 requirite,
964 2849 1253 2912 tantasque
1308 2842 1617 2897 invasiones
1674 2850 1834 2913 atque

235 2930 594 2986 contumelias
626 2930 822 2985 civitati
853 2931 1112 2986 Romanae
1142 2930 1320 2985 illatas
1351 2946 1472 2986 cum
1492 2930 1700 3003 ingenti
1729 2930 1833 2984 do-

234 3018 356 3074 lore
386 3019 593 3093 lugete,
626 3026 678 3073 et
707 3034 942 3085 mecum,
986 3018 1075 3090 qui
1109 3034 1300 3073 curam
1330 3025 1382 3072 et
1412 3017 1831 3074 sollicitudinem

1447 235 1803 295 EPISTOLE
1859 236 1949 294 ET
1995 235 2341 294 DECRETA.

1862 371 1918 429 Α
1952 361 2006 415 in
2038 369 2283 417 sanctam
2316 368 2542 416 matrem
2584 368 2825 417 nostram
2864 375 2927 417 ac
2955 360 3272 434 magistram
3292 361 3533 417 omnium

1938 450 2310 506 Ecclesiarum
2381 450 2791 519 commiserunt,
2839 449 3219 521 compatimur,
3254 456 3307 504 et
3356 449 3533 505 dolori
3618 518 3625 523 Ι

3424 239 3531 295 962

1936 547 2119 594 vestro
2142 534 2441 594 coutlentes
2470 538 2845 604 condolemus,
2867 546 3030 610 atque
3039 537 3306 607 judicium
3339 546 3530 594 vestrm

1937 627 2290 693 auctoritatis,
2325 628 2471 699 quod
2490 627 2774 698 privilegio
2805 626 2949 681 beati
2980 626 3120 682 Petri
3149 634 3203 681 et
3230 626 3376 682 sedis
3393 642 3533 698 apo-

1938 714 2140 770 stolicae
2159 715 2214 769 in
2244 732 2339 770 eos
2369 723 2422 770 et
2452 716 2746 786 complices
2777 731 2987 781 eorum,
3015 714 3167 784 juxta
3211 731 3397 770 sacros
3442 730 3536 771 ca-

1937 819 2108 859 nones
2121 802 2322 874 Spiritu
2343 804 2443 859 Dei
2472 804 2738 870 conditos,
2773 812 2825 859 et
2839 803 2999 859 totius
3017 802 3203 858 mundi
3226 804 3534 860 reverentia

1936 900 2306 961 consecratos,
2340 900 2392 947 et
2426 892 2725 949 secundum
2782 892 3026 962 ejusdem
3076 892 3334 949 Romanae
3384 891 3533 949 sedis

1936 979 2251 1051 pontificum
2297 981 2650 1037 decessorum
2695 989 3005 1037 vestrorum
3048 980 3268 1037 decreta
3316 980 3538 1053 pretuli-

1938 1069 2053 1137 stis,
2087 1077 2233 1136 voto,
2274 1085 2408 1125 voce
2430 1077 2481 1124 et
2508 1069 2857 1125 unanimitate
2886 1078 3089 1135 nostra,
3123 1078 3283 1141 atque
3338 1077 3534 1126 aucto-

1937 1157 2094 1211 ritate
2151 1157 2323 1212 sancti
2381 1156 2631 1228 Spiritus,
2692 1159 2843 1228 cujus
2907 1157 3080 1231 gratia
3128 1157 3181 1212 in
3235 1157 3535 1229 episcopali

1937 1245 2129 1299 ordine
2170 1262 2359 1300 sumus
2388 1246 2712 1312 consecrati,
2770 1246 2954 1319 gladio
3001 1245 3239 1317 spiritus,
3274 1246 3420 1319 quod
3450 1254 3535 1302 est

1936 1333 2167 1387 verbum
2198 1333 2319 1399 Dei,
2354 1350 2450 1389 eos
2480 1334 2848 1390 interimentes
2879 1335 3280 1407 persequimur.
3316 1334 3537 1392 Scilicet

1937 1422 2081 1493 quod
2114 1422 2624 1478 excommunicastis
2669 1424 3221 1479 excommmunicatos
3262 1431 3531 1491 tenemus,

1936 1525 2072 1581 quos
2099 1509 2167 1563 ab
2198 1510 2443 1565 Ecclesia
2494 1512 2768 1581 abjecistis
2813 1512 3097 1581 abjcimus,
3132 1528 3269 1585 quos
3302 1514 3532 1569 anathe-

1936 1596 2229 1652 matizastis
2258 1600 2737 1655 anathematizatos
2769 1617 2893 1656 esse
2931 1601 3258 1671 judicamus,
3314 1609 3367 1655 et
3397 1616 3536 1673 quos

1868 1685 2264 1782 Bregulariter
2295 1685 2687 1743 satisfacientes
2748 1697 2928 1743 vestra
2957 1689 3251 1746 auctoritas
3298 1697 3350 1744 et
3379 1705 3539 1761 apos-

1937 1774 2042 1829 lica
2073 1774 2232 1829 sedes
2288 1776 2572 1846 receperit,
2634 1777 2981 1848 recipiemus.
3027 1777 3134 1833 Sed
3175 1786 3230 1832 ut
3284 1778 3337 1832 in
3385 1794 3540 1835 sacra

1938 1861 2164 1916 historia
2195 1862 2262 1917 de
2290 1863 2452 1936 plaga
2482 1865 2800 1937 zEgyptiaca
2829 1865 2995 1936 digne
3024 1881 3057 1920 a
3088 1866 3202 1921 Deo
3224 1865 3370 1921 illata
3399 1866 3537 1937 legi-

1938 1966 2059 2003 mus
2088 1950 2285 2021 (Exod.
2319 1956 2444 2021 xu),
2478 1953 2602 2024 quia
2649 1969 2758 2008 non
2797 1961 2911 2008 erat
2940 1953 3136 2008 domus
3167 1953 3221 2008 in
3279 1969 3388 2026 qua
3428 1969 3536 2008 non

1929 2047 2136 2107 jaceret
2167 2048 2431 2109 mortuus,
2466 2049 2518 2095 et
2549 2057 2657 2097 non
2713 2048 2822 2096 erat
2864 2041 2956 2113 qui
3011 2042 3175 2096 alium
3214 2041 3535 2098 consolare-

1937 2134 2043 2196 tur,
2067 2126 2322 2198 quoniam
2351 2128 2405 2182 in
2426 2129 2590 2185 domo
2615 2146 2714 2184 sua
2744 2129 3113 2202 unusquisque
3145 2130 3291 2202 quod
3319 2130 3533 2203 lugeret

1935 2214 2191 2283 habebat,
2216 2232 2316 2271 nos
2337 2233 2553 2289 quoque
2585 2217 2637 2272 in
2667 2217 2868 2273 nostris
2898 2218 3160 2274 Ecclesiis
3182 2218 3421 2290 lugenda
3441 2217 3531 2273 lu-

1936 2318 2150 2376 gemus.
2173 2306 2240 2359 Et
2261 2305 2384 2361 ideo
2399 2314 2578 2361 vestra
2598 2307 2915 2362 auctoritate
2935 2307 3091 2363 nobis
3104 2307 3379 2363 subveniri
3409 2322 3533 2363 cum

1935 2391 2082 2446 omni
2135 2394 2333 2448 mentis
2388 2395 2685 2451 humilitate
2764 2396 3134 2467 deposcimus,
3194 2404 3445 2467 petentes
3475 2402 3533 2451 ut

1935 2481 2297 2553 promulgetis
2344 2483 2637 2553 capitulum
2675 2493 2873 2540 vestrae
2919 2484 3271 2551 auctoritatis,
3304 2484 3536 2557 qualiter

1935 2584 2037 2623 nos
2065 2585 2201 2642 erga
2230 2572 2597 2627 Ecclesiarum
2645 2581 2954 2628 nostrarum
2990 2588 3317 2645 pervaseres
3363 2589 3563 2646 agere.

1934 2657 2251 2729 debeamus,
2285 2669 2358 2726 ut,
2408 2677 2641 2717 censura
2680 2662 2993 2733 apostolica;
3022 2662 3168 2717 sedis
3197 2662 3406 2729 muniti,
3441 2678 3534 2719 ro-

1934 2744 2206 2802 bustiores
2235 2756 2287 2804 et
2345 2750 2709 2822 promptiores
2738 2750 3017 2821 deinceps,
3080 2750 3312 2807 Domino
3369 2767 3532 2824 opem

1932 2833 2161 2902 ferente,
2195 2844 2383 2892 contra
2417 2854 2711 2909 perversos
2742 2838 3235 2895 ecclesiasticarum
3264 2856 3447 2896 rerum
3469 2856 3534 2898 ac

1933 2921 2247 2979 facultatum
2291 2935 2535 2997 raptores
2589 2943 2653 2984 ac
2688 2936 2993 2983 vastatores
3053 2927 3304 3000 sacrique
3360 2929 3528 2985 mini-

1934 3011 2081 3066 sterii
2111 3014 2440 3086 episcopalis
2472 3024 2874 3087 contemptores
2922 3032 3023 3072 nos
3067 3033 3532 3091 successoresque

234 3107 482 3163 omnium
507 3115 748 3163 vestrum
768 3108 963 3174 habeo,
989 3115 1042 3161 et
1063 3106 1361 3162 secundum
1380 3107 1596 3161 Domini
1617 3123 1825 3173 vocem,
1860 3078 1909 3141 Ο
1932 3101 2105 3156 nostri
2160 3103 2453 3174 persistere
2493 3106 2747 3161 concordi
2796 3104 3064 3161 sententia
3098 3105 3380 3162 valeamus
3417 3124 3432 3162 :
3471 3115 3532 3163 ut

233 3196 449 3269 quoties
498 3212 661 3252 causa
708 3195 971 3268 exegerit,
1036 3211 1331 3251 conversus
1361 3211 1459 3250 vos
1502 3196 1557 3250 in
1586 3196 1839 3250 omnibus

234 3283 399 3341 bonis
427 3284 604 3339 debeo
626 3282 952 3339 confirmare
978 3301 992 3338 :
1016 3300 1079 3339 ac
1101 3284 1421 3340 necessaria":
1452 3284 1839 3339 consolationis

234 3390 402 3445 opem
431 3372 705 3442 conferre,
742 3372 977 3428 viriliter
1009 3380 1148 3427 state
1202 3380 1510 3444 qumrentes
1568 3371 1727 3426 simul
1785 3379 1840 3427 et

226 3462 539 3532 judicantes
596 3469 759 3516 tantae
818 3470 1126 3532 patratores
1205 3460 1522 3533 iniquitatis,
1568 3468 1837 3533 tantaque

235 3550 562 3607 temeritatis
590 3557 1034 3621 prmsumptores,
1068 3557 1125 3604 ut
1154 3549 1323 3623 digna
1376 3549 1579 3605 ultione
1628 3558 1837 3621 tempo-

232 3640 428 3695 raliter
455 3639 645 3709 puniti,
688 3638 879 3710 spiritu
911 3638 1046 3694 salvi
1076 3639 1184 3693 sint
1212 3639 1266 3693 in
1300 3638 1389 3693 die
1420 3638 1635 3694 Domini
1667 3638 1838 3693 nostri

233 3730 371 3784 Jesu
402 3727 623 3793 Christi,
656 3728 910 3799 quoniam
940 3743 1034 3783 eos
1061 3728 1349 3798 prmdictos
1406 3727 1754 3782 Lantbertum
1785 3735 1838 3782 et

235 3816 594 3872 Adalbertum
645 3832 1018 3888 sequacesque
1074 3832 1279 3881 eorum,
1310 3831 1409 3887 pro
1448 3815 1645 3887 quibus
1676 3816 1835 3870 tantis

236 3904 541 3961 sceleribus
584 3904 860 3976 tantisque
906 3904 1161 3976 perjuriis
1190 3903 1497 3975 patefactis,
1529 3904 1584 3959 in
1607 3904 1837 3959 ecclesia

232 3995 294 4067 Β.
346 3992 493 4047 Petri
524 3992 777 4063 apostoli,
810 4009 914 4047 una
945 4009 1068 4049 cum
1098 3992 1441 4064 coepiscopis
1467 4001 1520 4047 et
1550 3991 1836 4048 confratri-

233 4083 338 4136 bus
368 4081 567 4135 nostris
602 4081 821 4149 Italicis,
870 4080 1492 4148 excommunicavimus;
1529 4090 1581 4137 et
1628 4082 1752 4153 quia
1779 4081 1836 4136 in

232 4171 1172 4242 hisperseveraverant,Christianae
1202 4171 1601 4226 communionis
1631 4170 1833 4225 immu-

230 4275 333 4315 nes
364 4275 487 4313 esse
509 4258 874 4315 decrevimus.
906 4259 1171 4330 Quodque
1199 4260 1478 4315 decretum
1499 4260 1552 4313 in
1575 4260 1833 4330 praedicta

232 4347 378 4402 beati
439 4346 580 4401 Petri
635 4346 869 4402 ecclesia
920 4348 1198 4418 scriptum,
1245 4355 1303 4401 ut
1355 4346 1726 4419 ingredientes
1779 4354 1833 4401 et

1932 3189 2080 3257 juxta
2110 3191 2322 3265 egregii
2350 3192 2723 3264 przedicatoris
2752 3210 2963 3262 vocem,
2994 3202 3048 3249 et
3079 3203 3272 3251 vestrae
3300 3195 3532 3250 auctori-

1940 3279 2062 3333 tatis
2100 3281 2613 3352 promulgationem,
2658 3282 2840 3336 traditi
2898 3283 3112 3338 Satana:
3150 3282 3344 3355 spiritu
3397 3282 3531 3339 salvi

1940 3364 2069 3422 fiant
2096 3368 2153 3422 in
2182 3368 2270 3425 die
2297 3369 2515 3425 Domini
2535 3370 2704 3426 nostri
2722 3370 2853 3425 Jesu
2873 3370 3094 3426 Christi.

2540 3528 2922 3584 CCCLXXIX.

1938 3626 2466 3682 Eat-communicatio
2481 3625 2746 3681 adversus
2769 3641 3090 3685 pervasores
3131 3642 3325 3682 rerum
3345 3629 3527 3685 eccle-

2184 3698 2550 3752 siastican
2592 3699 2655 3753 in
2678 3697 2872 3752 eadem
2901 3697 3108 3769 synodo
3131 3698 3270 3754 lata.

2007 3815 2087 3869 De
2126 3815 2507 3885 pervasoribus
2537 3814 2737 3887 quippe
2789 3831 2971 3871 rerum
3002 3815 3517 3885 ecclesiasticarum,

1937 3919 2074 3974 quos
2105 3904 2244 3959 sacri
2284 3919 2542 3970 canones,
2590 3904 2792 3975 Spiritu
2842 3904 2941 3959 Dei
2982 3904 3204 3971 conditi,
3256 3914 3310 3961 et
3362 3905 3524 3961 totius

1934 3992 2121 4047 mundi
2151 3994 2453 4049 reverentia
2499 3994 2821 4059 consecrati,
2875 4001 2927 4050 et
2956 3994 3170 4051 decreta
3211 3992 3526 4066 pontificum

1936 4081 2083 4136 sedis
2102 4082 2435 4154 apostolica},
2469 4082 2570 4136 sub
2594 4084 2933 4138 anathemate
2961 4100 3136 4156 usque
3178 4084 3247 4139 ad
3304 4084 3526 4159 regula-

1936 4186 2053 4228 rem
2080 4171 2497 4227 satisfactionem
2544 4188 2667 4227 esse
2714 4172 2917 4229 debere
2963 4174 3377 4239 constituerunt,
3430 4173 3528 4230 sed

1934 4269 1987 4315 et
2039 4260 2108 4315 de
2172 4261 2497 4330 raptoribus,
2585 4276 2724 4331 quos
2796 4262 3106 4330 Apostolus,
3195 4262 3405 4316 Christo
3470 4262 3526 4317 in

1935 4366 1995 4404 se
2030 4349 2303 4420 loquente,
2353 4365 2587 4421 regnum
2644 4348 2744 4402 Dei
2791 4365 2898 4403 non
2959 4348 3245 4418 possidere
3300 4357 3527 4404 testatur

230 4442 493 4491 exeuntes
525 4435 706 4507 legant
750 4444 801 4489 et
843 4435 1082 4503 doleant,
1118 4451 1321 4507 eosque
1351 4435 1828 4489 anathematizatos
1856 4439 1986 4505 D(I
2040 4439 2159 4493 Cor.
2212 4440 2311 4507 vi),
2372 4445 2425 4491 et
2476 4451 2597 4491 cum
2654 4436 2966 4505 hujusmodi
3042 4438 3189 4492 omni
3260 4437 3527 4495 veraciter

229 4531 472 4589 teneant,
531 4523 834 4594 posuimus.
886 4525 953 4579 Et
995 4540 1093 4579 vos
1154 4524 1351 4578 fratres
1390 4523 1714 4589 charissimi,
1774 4532 1832 4578 ut

231 4610 597 4677 decrevimus,
632 4620 829 4679 nostraz
872 4611 1269 4667 communionis
1315 4612 1521 4666 alienos
1551 4619 1748 4679 tenete,
1780 4619 1834 4667 et

228 4700 714 4757 anathematizatos
759 4701 1001 4757 fautores
1051 4718 1237 4757 eorum
1302 4717 1513 4756 mecum
1573 4700 1831 4756 facientes

229 4789 584 4844 consternite.

820 4888 1246 4944 CCCLXXVIII.

654 4977 953 5050 Responsio
1006 4978 1409 5050 episcoporum.

296 5073 534 5131 Domine
562 5074 903 5130 sanctissime
952 5082 1005 5129 et
1036 5073 1483 5129 reverendissime
1516 5074 1675 5128 Pater
1723 5075 1827 5129 Pa-

224 5170 388 5229 trum,
422 5164 683 5228 Joannes,
717 5163 1001 5219 catholicae
1027 5172 1189 5235 atque
1221 5163 1535 5233 apostolica:
1568 5162 1829 5218 Ecclesiae

223 5251 484 5308 videlicet
516 5252 777 5307 Romanae
803 5252 996 5323 primae
1027 5251 1175 5306 sedis
1205 5267 1365 5322 papa,
1398 5267 1498 5306 nos
1542 5250 1727 5306 famuli
1764 5268 1827 5307 ac

223 5340 481 5411 discipuli
529 5349 727 5397 vestrm
775 5340 1135 5405 auctoritatis,
1172 5339 1473 5395 Galliarum
1493 5348 1546 5394 et
1573 5338 1825 5412 Belgica-

221 5445 340 5483 rum
370 5428 639 5499 episcOpi,
658 5429 745 5484 his
774 5446 894 5501 qua:
922 5445 1087 5500 super
1105 5429 1328 5484 vulnera
1344 5426 1597 5484 dolorum
1618 5443 1824 5483 veSIro-

220 5534 343 5571 rum
394 5517 628 5590 maligni
672 5517 921 5574 homines
951 5532 1018 5574 ac
1046 5517 1276 5572 ministri
1303 5517 1506 5573 diaboli
1536 5518 1819 5587 addentes,

416 5620 444 5637 Ω

1933 4526 2235 4581 Christiano
2265 4542 2366 4580 nec
2394 4525 2575 4581 cibum
2620 4540 2833 4580 sumere
2864 4525 3128 4596 praecipit,
3172 4526 3412 4597 quandiu
3469 4527 3526 4581 in

1932 4615 2052 4686 ipso
2110 4615 2334 4671 crimine
2386 4622 2708 4685 permanent
2761 4614 2811 4684 (I
2831 4615 2951 4670 Cor.
2987 4617 3063 4683 ν),
3112 4630 3211 4684 per
3266 4614 3523 4670 virtutem

1932 4703 2131 4759 Christi
2163 4711 2216 4758 et
2260 4702 2466 4773 judicio
2509 4702 2738 4773 Spiritus
2769 4702 2941 4757 sancti
2996 4701 3339 4758 decernimus
3392 4710 3449 4758 ut
3480 4704 3527 4759 si

1930 4801 2054 4848 ante
2106 4792 2380 4864 proximas
2436 4791 2711 4847 Kalendas
2749 4790 3074 4847 Novembris
3135 4791 3361 4846 easdem
3434 4807 3525 4848 res

1932 4898 2066 4954 quas
2105 4882 2304 4954 quique
2366 4889 2719 4951 usurpatores
2773 4879 2968 4948 injuste
3016 4889 3388 4950 pervaseruut,
3431 4896 3522 4938 ec-

1929 4971 2111 5027 clesiis
2142 4971 2253 5025 suis
2276 4968 2601 5041 regulariter
2621 4967 3016 5046 satisfacientes
3037 4984 3146 5023 non
3163 4969 3518 5037 restituerint,

1930 5075 1962 5114 a
1991 5059 2367 5116 communione
2398 5056 2641 5128 corporis
2678 5064 2731 5112 et
2778 5056 3061 5129 sanguinis
3100 5056 3299 5112 Christi
3347 5074 3521 5131 usque

1929 5148 1998 5202 ad
2030 5148 2419 5203 restitutionem
2470 5162 2650 5201 rerum
2694 5145 3190 5201 ecclesiasticarum
3218 5154 3271 5201 et
3302 5145 3519 5203 satisfa-

1927 5238 2181 5301 ctionem,
2206 5235 2365 5290 alieni
2394 5235 2713 5301 habeantur,
2757 5243 2810 5290 et
2839 5234 3013 5291 sacris
3058 5235 3387 5307 episcOpalis
3417 5237 3519 5292 mi-

1924 5325 2131 5380 nisterii
2161 5323 2735 5380 excommunicationis
2756 5323 3139 5380 ecclesiasticae
3167 5331 3509 5397 contempto-

1926 5431 2030 5480 res,
2066 5413 2363 5469 secundum
2394 5412 2762 5484 evangelicam
2794 5419 2846 5467 et
2893 5413 3248 5484 apostolicam
3288 5414 3523 5470 auctori-

1925 5520 2089 5568 tatem
2116 5509 2338 5581 (Matth.
2373 5510 2557 5581 xvni),
2589 5509 2658 5564 ab
2680 5496 2961 5582 episcopis
3014 5525 3246 5582 quorum
3293 5511 3516 5570 interest
