  <div class='ocr_page' id='page_1' title='image "/cluster/home/n/w/nwhite01/storage/ocr_20150623/126/hvd.32044052819513/487.png"; bbox 0 0 4060 6184; ppageno 0'>
   <div class='ocr_carea' id='block_1_1' title="bbox 491 265 595 318">
    <p class='ocr_par' dir='ltr' id='par_1_1' title="bbox 491 265 595 318">
     <span class='ocr_line' id='line_1_1' title="bbox 491 265 595 318; baseline 0 0"><span class='ocrx_word' id='word_1_1' title='bbox 491 265 595 318; x_wconf 82' lang='grc'><strong>963</strong></span> 
     </span>
    </p>
   </div>
   <div class='ocr_carea' id='block_1_2' title="bbox 1334 253 2989 316">
    <p class='ocr_par' dir='ltr' id='par_1_2' title="bbox 1334 253 2989 316">
     <span class='ocr_line' id='line_1_2' title="bbox 1334 253 2989 316; baseline -0.005 1"><span class='ocrx_word' id='word_1_2' title='bbox 1334 259 1630 316; x_wconf 84' lang='lat' dir='ltr'><strong>JOANNIS</strong></span> <span class='ocrx_word' id='word_1_3' title='bbox 1685 255 1881 314; x_wconf 74' lang='lat' dir='ltr'><strong>PAPE</strong></span> <span class='ocrx_word' id='word_1_4' title='bbox 1928 255 2050 312; x_wconf 84' lang='lat' dir='ltr'><strong>VIII</strong></span> <span class='ocrx_word' id='word_1_5' title='bbox 2103 253 2456 311; x_wconf 73' lang='lat' dir='ltr'><strong>EPISTOLE</strong></span> <span class='ocrx_word' id='word_1_6' title='bbox 2493 255 2583 310; x_wconf 90' lang='lat' dir='ltr'><strong>ET</strong></span> <span class='ocrx_word' id='word_1_7' title='bbox 2637 254 2989 310; x_wconf 80' lang='lat' dir='ltr'><strong>DECRETA.</strong></span> 
     </span>
    </p>
   </div>
   <div class='ocr_carea' id='block_1_3' title="bbox 3693 254 3802 308">
    <p class='ocr_par' dir='ltr' id='par_1_3' title="bbox 3693 254 3802 308">
     <span class='ocr_line' id='line_1_3' title="bbox 3693 254 3802 308; baseline -0.018 0"><span class='ocrx_word' id='word_1_8' title='bbox 3693 254 3802 308; x_wconf 68' lang='lat'><strong>965</strong></span> 
     </span>
    </p>
   </div>
   <div class='ocr_carea' id='block_1_4' title="bbox 489 376 3806 460">
    <p class='ocr_par' dir='ltr' id='par_1_4' title="bbox 489 376 3806 460">
     <span class='ocr_line' id='line_1_4' title="bbox 489 376 3806 460; baseline -0.004 -18"><span class='ocrx_word' id='word_1_9' title='bbox 489 386 827 454; x_wconf 80' lang='lat' dir='ltr'><strong>commoniti,</strong></span> <span class='ocrx_word' id='word_1_10' title='bbox 880 387 926 441; x_wconf 79' lang='lat' dir='ltr'><strong>si</strong></span> <span class='ocrx_word' id='word_1_11' title='bbox 985 385 1311 460; x_wconf 82' lang='lat' dir='ltr'><strong>regulariter</strong></span> <span class='ocrx_word' id='word_1_12' title='bbox 1353 383 1747 440; x_wconf 75' lang='lat' dir='ltr'><strong>satisfacientes</strong></span> <span class='ocrx_word' id='word_1_13' title='bbox 1787 397 1898 437; x_wconf 90' lang='lat' dir='ltr'><strong>non</strong></span> <span class='ocrx_word' id='word_1_14' title='bbox 1941 379 2085 436; x_wconf 90' lang='lat' dir='ltr'><strong>resi-</strong></span> <span class='ocrx_word' id='word_1_15' title='bbox 2116 381 2168 440; x_wconf 85' lang='lat' dir='ltr'><strong>A</strong></span> <span class='ocrx_word' id='word_1_16' title='bbox 2192 381 2338 435; x_wconf 90' lang='lat' dir='ltr'><strong>mino</strong></span> <span class='ocrx_word' id='word_1_17' title='bbox 2368 381 2606 446; x_wconf 82' lang='lat' dir='ltr'><strong>Patrum,</strong></span> <span class='ocrx_word' id='word_1_18' title='bbox 2663 387 2949 452; x_wconf 90' lang='lat' dir='ltr'><strong>spretoque</strong></span> <span class='ocrx_word' id='word_1_19' title='bbox 3003 378 3211 434; x_wconf 87' lang='lat' dir='ltr'><strong>sancitu</strong></span> <span class='ocrx_word' id='word_1_20' title='bbox 3253 377 3535 434; x_wconf 67' lang='lat' dir='ltr'><strong>canonica</strong></span> <span class='ocrx_word' id='word_1_21' title='bbox 3577 376 3806 432; x_wconf 84' lang='lat' dir='ltr'><strong>auctori-</strong></span> 
     </span>
    </p>
   </div>
   <div class='ocr_carea' id='block_1_5' title="bbox 493 469 2096 546">
    <p class='ocr_par' dir='ltr' id='par_1_5' title="bbox 493 469 2096 546">
     <span class='ocr_line' id='line_1_5' title="bbox 493 469 2096 546; baseline -0.005 -16"><span class='ocrx_word' id='word_1_22' title='bbox 493 476 726 546; x_wconf 88' lang='lat' dir='ltr'><strong>puerint,</strong></span> <span class='ocrx_word' id='word_1_23' title='bbox 793 475 1150 530; x_wconf 89' lang='lat' dir='ltr'><strong>anathematis</strong></span> <span class='ocrx_word' id='word_1_24' title='bbox 1207 474 1422 530; x_wconf 89' lang='lat' dir='ltr'><strong>vinculo</strong></span> <span class='ocrx_word' id='word_1_25' title='bbox 1481 472 1721 527; x_wconf 90' lang='lat' dir='ltr'><strong>innodati</strong></span> <span class='ocrx_word' id='word_1_26' title='bbox 1779 487 1952 542; x_wconf 90' lang='lat' dir='ltr'><strong>usque</strong></span> <span class='ocrx_word' id='word_1_27' title='bbox 2027 469 2096 522; x_wconf 90' lang='lat' dir='ltr'><strong>ad</strong></span> 
     </span>
    </p>
   </div>
   <div class='ocr_carea' id='block_1_6' title="bbox 497 557 2098 635">
    <p class='ocr_par' dir='ltr' id='par_1_6' title="bbox 497 557 2098 635">
     <span class='ocr_line' id='line_1_6' title="bbox 497 557 2098 635; baseline -0.004 -17"><span class='ocrx_word' id='word_1_28' title='bbox 497 564 922 620; x_wconf 89' lang='lat' dir='ltr'><strong>satisfactionem</strong></span> <span class='ocrx_word' id='word_1_29' title='bbox 951 572 1318 635; x_wconf 76' lang='lat' dir='ltr'><strong>permaneant.</strong></span> <span class='ocrx_word' id='word_1_30' title='bbox 1351 563 1420 618; x_wconf 91' lang='lat' dir='ltr'><strong>Et</strong></span> <span class='ocrx_word' id='word_1_31' title='bbox 1448 561 1494 616; x_wconf 90' lang='lat' dir='ltr'><strong>si</strong></span> <span class='ocrx_word' id='word_1_32' title='bbox 1536 562 1591 616; x_wconf 93' lang='lat' dir='ltr'><strong>in</strong></span> <span class='ocrx_word' id='word_1_33' title='bbox 1637 561 1755 632; x_wconf 88' lang='lat' dir='ltr'><strong>ipsa</strong></span> <span class='ocrx_word' id='word_1_34' title='bbox 1803 557 2098 630; x_wconf 83' lang='lat' dir='ltr'><strong>pertinacia</strong></span> 
     </span>
    </p>
   </div>
   <div class='ocr_carea' id='block_1_7' title="bbox 493 648 2098 724">
    <p class='ocr_par' dir='ltr' id='par_1_7' title="bbox 493 648 2098 724">
     <span class='ocr_line' id='line_1_7' title="bbox 493 648 2098 724; baseline -0.004 -16"><span class='ocrx_word' id='word_1_35' title='bbox 493 663 877 724; x_wconf 87' lang='lat' dir='ltr'><strong>permanentes</strong></span> <span class='ocrx_word' id='word_1_36' title='bbox 922 653 1175 718; x_wconf 90' lang='lat' dir='ltr'><strong>obierint,</strong></span> <span class='ocrx_word' id='word_1_37' title='bbox 1236 667 1398 706; x_wconf 92' lang='lat' dir='ltr'><strong>nemo</strong></span> <span class='ocrx_word' id='word_1_38' title='bbox 1441 665 1668 722; x_wconf 87' lang='lat' dir='ltr'><strong>corpora</strong></span> <span class='ocrx_word' id='word_1_39' title='bbox 1712 648 1926 703; x_wconf 91' lang='lat' dir='ltr'><strong>illorum</strong></span> <span class='ocrx_word' id='word_1_40' title='bbox 1971 661 2098 702; x_wconf 88' lang='lat' dir='ltr'><strong>cum</strong></span> 
     </span>
    </p>
   </div>
   <div class='ocr_carea' id='block_1_8' title="bbox 493 735 2096 814">
    <p class='ocr_par' dir='ltr' id='par_1_8' title="bbox 493 735 2096 814">
     <span class='ocr_line' id='line_1_8' title="bbox 493 735 2096 814; baseline -0.004 -20"><span class='ocrx_word' id='word_1_41' title='bbox 493 741 707 814; x_wconf 84' lang='lat' dir='ltr'><strong>hymnis</strong></span> <span class='ocrx_word' id='word_1_42' title='bbox 766 749 817 797; x_wconf 90' lang='lat' dir='ltr'><strong>et</strong></span> <span class='ocrx_word' id='word_1_43' title='bbox 847 740 1071 812; x_wconf 87' lang='lat' dir='ltr'><strong>psalmis</strong></span> <span class='ocrx_word' id='word_1_44' title='bbox 1125 739 1370 811; x_wconf 90' lang='lat' dir='ltr'><strong>sepeliat,</strong></span> <span class='ocrx_word' id='word_1_45' title='bbox 1433 755 1533 794; x_wconf 91' lang='lat' dir='ltr'><strong>nec</strong></span> <span class='ocrx_word' id='word_1_46' title='bbox 1561 736 1824 792; x_wconf 86' lang='lat' dir='ltr'><strong>memoria</strong></span> <span class='ocrx_word' id='word_1_47' title='bbox 1879 735 2096 790; x_wconf 88' lang='lat' dir='ltr'><strong>illorum</strong></span> 
     </span>
    </p>
   </div>
   <div class='ocr_carea' id='block_1_9' title="bbox 497 824 2094 888">
    <p class='ocr_par' dir='ltr' id='par_1_9' title="bbox 497 824 2094 888">
     <span class='ocr_line' id='line_1_9' title="bbox 497 824 2094 888; baseline -0.005 -3"><span class='ocrx_word' id='word_1_48' title='bbox 497 830 568 888; x_wconf 89' lang='lat' dir='ltr'><strong>ad</strong></span> <span class='ocrx_word' id='word_1_49' title='bbox 615 846 828 885; x_wconf 88' lang='lat' dir='ltr'><strong>sacrum</strong></span> <span class='ocrx_word' id='word_1_50' title='bbox 878 829 1052 886; x_wconf 84' lang='lat' dir='ltr'><strong>altare</strong></span> <span class='ocrx_word' id='word_1_51' title='bbox 1107 829 1251 885; x_wconf 90' lang='lat' dir='ltr'><strong>inter</strong></span> <span class='ocrx_word' id='word_1_52' title='bbox 1293 827 1486 883; x_wconf 85' lang='lat' dir='ltr'><strong>ﬁdeles</strong></span> <span class='ocrx_word' id='word_1_53' title='bbox 1528 833 1776 882; x_wconf 90' lang='lat' dir='ltr'><strong>mortuos</strong></span> <span class='ocrx_word' id='word_1_54' title='bbox 1806 824 2094 888; x_wconf 82' lang='lat' dir='ltr'><strong>habeatur,</strong></span> 
     </span>
    </p>
   </div>
   <div class='ocr_carea' id='block_1_10' title="bbox 498 915 2098 990">
    <p class='ocr_par' dir='ltr' id='par_1_10' title="bbox 498 915 2098 990">
     <span class='ocr_line' id='line_1_10' title="bbox 498 915 2098 990; baseline -0.003 -18"><span class='ocrx_word' id='word_1_55' title='bbox 498 919 726 974; x_wconf 88' lang='lat' dir='ltr'><strong>docente</strong></span> <span class='ocrx_word' id='word_1_56' title='bbox 758 917 1006 990; x_wconf 86' lang='lat' dir='ltr'><strong>apostolo</strong></span> <span class='ocrx_word' id='word_1_57' title='bbox 1053 926 1106 973; x_wconf 87' lang='lat' dir='ltr'><strong>et</strong></span> <span class='ocrx_word' id='word_1_58' title='bbox 1137 917 1471 990; x_wconf 81' lang='lat' dir='ltr'><strong>evangelista</strong></span> <span class='ocrx_word' id='word_1_59' title='bbox 1500 916 1708 972; x_wconf 84' lang='lat' dir='ltr'><strong>Joanne</strong></span> <span class='ocrx_word' id='word_1_60' title='bbox 1739 930 1752 967; x_wconf 91' lang='lat'><strong>:</strong></span> <span class='ocrx_word' id='word_1_61' title='bbox 1787 915 1886 968; x_wconf 77' lang='lat' dir='ltr'><strong>Est</strong></span> <span class='ocrx_word' id='word_1_62' title='bbox 1903 927 2098 985; x_wconf 87' lang='lat' dir='ltr'><strong>pecca-</strong></span> 
     </span>
    </p>
   </div>
   <div class='ocr_carea' id='block_1_11' title="bbox 497 1003 2098 1079">
    <p class='ocr_par' dir='ltr' id='par_1_11' title="bbox 497 1003 2098 1079">
     <span class='ocr_line' id='line_1_11' title="bbox 497 1003 2098 1079; baseline -0.005 -17"><span class='ocrx_word' id='word_1_63' title='bbox 497 1013 619 1064; x_wconf 86' lang='lat' dir='ltr'><strong>tum</strong></span> <span class='ocrx_word' id='word_1_64' title='bbox 665 1007 736 1064; x_wconf 86' lang='lat' dir='ltr'><strong>ad</strong></span> <span class='ocrx_word' id='word_1_65' title='bbox 780 1011 1021 1064; x_wconf 84' lang='lat' dir='ltr'><strong>mortem</strong></span> <span class='ocrx_word' id='word_1_66' title='bbox 1053 1027 1070 1062; x_wconf 92' lang='lat'><strong><em>:</em></strong></span> <span class='ocrx_word' id='word_1_67' title='bbox 1097 1021 1200 1079; x_wconf 90' lang='lat' dir='ltr'><strong>pro</strong></span> <span class='ocrx_word' id='word_1_68' title='bbox 1241 1007 1342 1062; x_wconf 82' lang='lat' dir='ltr'><strong>illo</strong></span> <span class='ocrx_word' id='word_1_69' title='bbox 1389 1023 1506 1061; x_wconf 80' lang='lat' dir='ltr'><strong>non</strong></span> <span class='ocrx_word' id='word_1_70' title='bbox 1537 1005 1657 1060; x_wconf 79' lang='lat' dir='ltr'><strong>dico</strong></span> <span class='ocrx_word' id='word_1_71' title='bbox 1687 1007 1753 1058; x_wconf 87' lang='lat' dir='ltr'><strong>ut</strong></span> <span class='ocrx_word' id='word_1_72' title='bbox 1799 1003 1922 1075; x_wconf 81' lang='lat' dir='ltr'><strong>quis</strong></span> <span class='ocrx_word' id='word_1_73' title='bbox 1943 1003 2098 1071; x_wconf 82' lang='lat' dir='ltr'><strong>roget</strong></span> 
     </span>
    </p>
   </div>
   <div class='ocr_carea' id='block_1_12' title="bbox 497 1095 2095 1166">
    <p class='ocr_par' dir='ltr' id='par_1_12' title="bbox 497 1095 2095 1166">
     <span class='ocr_line' id='line_1_12' title="bbox 497 1095 2095 1166; baseline -0.008 -13"><span class='ocrx_word' id='word_1_74' title='bbox 497 1099 543 1166; x_wconf 82' lang='lat'><strong>(1</strong></span> <span class='ocrx_word' id='word_1_75' title='bbox 572 1099 732 1153; x_wconf 84' lang='lat' dir='ltr'><strong>Joan.</strong></span> <span class='ocrx_word' id='word_1_76' title='bbox 759 1099 836 1166; x_wconf 91' lang='lat' dir='ltr'><strong>v).</strong></span> <span class='ocrx_word' id='word_1_77' title='bbox 867 1097 1158 1152; x_wconf 89' lang='lat' dir='ltr'><strong>Peccatum</strong></span> <span class='ocrx_word' id='word_1_78' title='bbox 1189 1095 1334 1150; x_wconf 90' lang='lat' dir='ltr'><strong>enim</strong></span> <span class='ocrx_word' id='word_1_79' title='bbox 1362 1095 1428 1148; x_wconf 92' lang='lat' dir='ltr'><strong>ad</strong></span> <span class='ocrx_word' id='word_1_80' title='bbox 1461 1101 1690 1148; x_wconf 89' lang='lat' dir='ltr'><strong>mortem</strong></span> <span class='ocrx_word' id='word_1_81' title='bbox 1721 1098 1803 1146; x_wconf 88' lang='lat' dir='ltr'><strong>est</strong></span> <span class='ocrx_word' id='word_1_82' title='bbox 1832 1103 2095 1160; x_wconf 78' lang='lat' dir='ltr'><strong>perseve-</strong></span> 
     </span>
    </p>
   </div>
   <div class='ocr_carea' id='block_1_13' title="bbox 497 1175 2096 1255">
    <p class='ocr_par' dir='ltr' id='par_1_13' title="bbox 497 1175 2096 1255">
     <span class='ocr_line' id='line_1_13' title="bbox 497 1175 2096 1255; baseline -0.006 -15"><span class='ocrx_word' id='word_1_83' title='bbox 497 1185 670 1242; x_wconf 89' lang='lat' dir='ltr'><strong>rantia</strong></span> <span class='ocrx_word' id='word_1_84' title='bbox 715 1186 771 1240; x_wconf 92' lang='lat' dir='ltr'><strong>in</strong></span> <span class='ocrx_word' id='word_1_85' title='bbox 799 1193 1026 1255; x_wconf 91' lang='lat' dir='ltr'><strong>peccato</strong></span> <span class='ocrx_word' id='word_1_86' title='bbox 1057 1201 1232 1255; x_wconf 91' lang='lat' dir='ltr'><strong>usque</strong></span> <span class='ocrx_word' id='word_1_87' title='bbox 1263 1184 1333 1238; x_wconf 92' lang='lat' dir='ltr'><strong>ad</strong></span> <span class='ocrx_word' id='word_1_88' title='bbox 1372 1189 1627 1237; x_wconf 87' lang='lat' dir='ltr'><strong>mortem.</strong></span> <span class='ocrx_word' id='word_1_89' title='bbox 1659 1181 1726 1236; x_wconf 89' lang='lat' dir='ltr'><strong>Et</strong></span> <span class='ocrx_word' id='word_1_90' title='bbox 1765 1178 1908 1234; x_wconf 87' lang='lat' dir='ltr'><strong>sacri</strong></span> <span class='ocrx_word' id='word_1_91' title='bbox 1949 1175 2096 1231; x_wconf 81' lang='lat' dir='ltr'><strong>anti-</strong></span> 
     </span>
    </p>
   </div>
   <div class='ocr_carea' id='block_1_14' title="bbox 498 1267 2096 1347">
    <p class='ocr_par' dir='ltr' id='par_1_14' title="bbox 498 1267 2096 1347">
     <span class='ocr_line' id='line_1_14' title="bbox 498 1267 2096 1347; baseline -0.008 -17"><span class='ocrx_word' id='word_1_92' title='bbox 498 1290 729 1347; x_wconf 87' lang='lat' dir='ltr'><strong>quorum</strong></span> <span class='ocrx_word' id='word_1_93' title='bbox 771 1275 988 1328; x_wconf 87' lang='lat' dir='ltr'><strong>Patrum</strong></span> <span class='ocrx_word' id='word_1_94' title='bbox 1041 1288 1280 1328; x_wconf 85' lang='lat' dir='ltr'><strong>canones</strong></span> <span class='ocrx_word' id='word_1_95' title='bbox 1338 1272 1406 1325; x_wconf 91' lang='lat' dir='ltr'><strong>de</strong></span> <span class='ocrx_word' id='word_1_96' title='bbox 1452 1270 1542 1323; x_wconf 90' lang='lat' dir='ltr'><strong>his</strong></span> <span class='ocrx_word' id='word_1_97' title='bbox 1586 1269 1677 1340; x_wconf 88' lang='lat' dir='ltr'><strong>qui</strong></span> <span class='ocrx_word' id='word_1_98' title='bbox 1723 1267 1827 1322; x_wconf 89' lang='lat' dir='ltr'><strong>sibi</strong></span> <span class='ocrx_word' id='word_1_99' title='bbox 1867 1273 2096 1320; x_wconf 89' lang='lat' dir='ltr'><strong>mortem</strong></span> 
     </span>
    </p>
   </div>
   <div class='ocr_carea' id='block_1_15' title="bbox 498 1355 2096 1431">
    <p class='ocr_par' dir='ltr' id='par_1_15' title="bbox 498 1355 2096 1431">
     <span class='ocr_line' id='line_1_15' title="bbox 498 1355 2096 1431; baseline -0.008 -12"><span class='ocrx_word' id='word_1_100' title='bbox 498 1363 802 1420; x_wconf 86' lang='lat' dir='ltr'><strong>voluntarie</strong></span> <span class='ocrx_word' id='word_1_101' title='bbox 851 1361 1109 1428; x_wconf 87' lang='lat' dir='ltr'><strong>inferunt,</strong></span> <span class='ocrx_word' id='word_1_102' title='bbox 1153 1369 1204 1416; x_wconf 92' lang='lat' dir='ltr'><strong>et</strong></span> <span class='ocrx_word' id='word_1_103' title='bbox 1251 1359 1342 1431; x_wconf 90' lang='lat' dir='ltr'><strong>qui</strong></span> <span class='ocrx_word' id='word_1_104' title='bbox 1372 1373 1470 1430; x_wconf 90' lang='lat' dir='ltr'><strong>pro</strong></span> <span class='ocrx_word' id='word_1_105' title='bbox 1503 1357 1614 1412; x_wconf 91' lang='lat' dir='ltr'><strong>suis</strong></span> <span class='ocrx_word' id='word_1_106' title='bbox 1659 1355 1959 1412; x_wconf 89' lang='lat' dir='ltr'><strong>sceleribus</strong></span> <span class='ocrx_word' id='word_1_107' title='bbox 1990 1370 2096 1424; x_wconf 91' lang='lat' dir='ltr'><strong>pu-</strong></span> 
     </span>
    </p>
   </div>
   <div class='ocr_carea' id='block_1_16' title="bbox 501 1445 2100 1520">
    <p class='ocr_par' dir='ltr' id='par_1_16' title="bbox 501 1445 2100 1520">
     <span class='ocr_line' id='line_1_16' title="bbox 501 1445 2100 1520; baseline -0.009 -12"><span class='ocrx_word' id='word_1_108' title='bbox 501 1452 742 1520; x_wconf 87' lang='lat' dir='ltr'><strong>niuntur,</strong></span> <span class='ocrx_word' id='word_1_109' title='bbox 790 1458 980 1505; x_wconf 89' lang='lat' dir='ltr'><strong>sancto</strong></span> <span class='ocrx_word' id='word_1_110' title='bbox 1023 1448 1321 1518; x_wconf 88' lang='lat' dir='ltr'><strong>inspirante</strong></span> <span class='ocrx_word' id='word_1_111' title='bbox 1365 1446 1583 1517; x_wconf 89' lang='lat' dir='ltr'><strong>Spiritu,</strong></span> <span class='ocrx_word' id='word_1_112' title='bbox 1637 1445 2008 1509; x_wconf 88' lang='lat' dir='ltr'><strong>decreverunt,</strong></span> <span class='ocrx_word' id='word_1_113' title='bbox 2043 1447 2100 1495; x_wconf 89' lang='lat' dir='ltr'><strong>ut</strong></span> 
     </span>
    </p>
   </div>
   <div class='ocr_carea' id='block_1_17' title="bbox 500 1529 2097 1610">
    <p class='ocr_par' dir='ltr' id='par_1_17' title="bbox 500 1529 2097 1610">
     <span class='ocr_line' id='line_1_17' title="bbox 500 1529 2097 1610; baseline -0.008 -14"><span class='ocrx_word' id='word_1_114' title='bbox 500 1557 626 1597; x_wconf 92' lang='lat' dir='ltr'><strong>cum</strong></span> <span class='ocrx_word' id='word_1_115' title='bbox 655 1538 872 1610; x_wconf 79' lang='lat' dir='ltr'><strong>hymnis</strong></span> <span class='ocrx_word' id='word_1_116' title='bbox 893 1547 944 1593; x_wconf 92' lang='lat' dir='ltr'><strong>et</strong></span> <span class='ocrx_word' id='word_1_117' title='bbox 974 1536 1199 1608; x_wconf 89' lang='lat' dir='ltr'><strong>psalmis</strong></span> <span class='ocrx_word' id='word_1_118' title='bbox 1227 1551 1416 1592; x_wconf 90' lang='lat' dir='ltr'><strong>eorum</strong></span> <span class='ocrx_word' id='word_1_119' title='bbox 1455 1549 1680 1604; x_wconf 87' lang='lat' dir='ltr'><strong>corpora</strong></span> <span class='ocrx_word' id='word_1_120' title='bbox 1701 1548 1812 1586; x_wconf 89' lang='lat' dir='ltr'><strong>non</strong></span> <span class='ocrx_word' id='word_1_121' title='bbox 1841 1529 2097 1586; x_wconf 84' lang='lat' dir='ltr'><strong>deferan-</strong></span> 
     </span>
    </p>
   </div>
   <div class='ocr_carea' id='block_1_18' title="bbox 501 1624 2099 1698">
    <p class='ocr_par' dir='ltr' id='par_1_18' title="bbox 501 1624 2099 1698">
     <span class='ocr_line' id='line_1_18' title="bbox 501 1624 2099 1698; baseline -0.008 -15"><span class='ocrx_word' id='word_1_122' title='bbox 501 1638 586 1683; x_wconf 90' lang='lat' dir='ltr'><strong>tur</strong></span> <span class='ocrx_word' id='word_1_123' title='bbox 603 1629 670 1682; x_wconf 87' lang='lat' dir='ltr'><strong>ad</strong></span> <span class='ocrx_word' id='word_1_124' title='bbox 705 1627 1056 1698; x_wconf 88' lang='lat' dir='ltr'><strong>sepulturam.</strong></span> <span class='ocrx_word' id='word_1_125' title='bbox 1109 1625 1352 1694; x_wconf 90' lang='lat' dir='ltr'><strong>Quorum</strong></span> <span class='ocrx_word' id='word_1_126' title='bbox 1397 1624 1618 1678; x_wconf 90' lang='lat' dir='ltr'><strong>decreta</strong></span> <span class='ocrx_word' id='word_1_127' title='bbox 1662 1627 1973 1692; x_wconf 88' lang='lat' dir='ltr'><strong>sequentes,</strong></span> <span class='ocrx_word' id='word_1_128' title='bbox 2033 1633 2099 1672; x_wconf 89' lang='lat' dir='ltr'><strong>ea</strong></span> 
     </span>
    </p>
   </div>
   <div class='ocr_carea' id='block_1_19' title="bbox 504 1707 2099 1790">
    <p class='ocr_par' dir='ltr' id='par_1_19' title="bbox 504 1707 2099 1790">
     <span class='ocr_line' id='line_1_19' title="bbox 504 1707 2099 1790; baseline -0.008 -17"><span class='ocrx_word' id='word_1_129' title='bbox 504 1734 626 1790; x_wconf 70' lang='lat' dir='ltr'><strong>quae</strong></span> <span class='ocrx_word' id='word_1_130' title='bbox 682 1716 1046 1788; x_wconf 66' lang='lat' dir='ltr'><strong>prmmisimus</strong></span> <span class='ocrx_word' id='word_1_131' title='bbox 1103 1716 1171 1769; x_wconf 91' lang='lat' dir='ltr'><strong>de</strong></span> <span class='ocrx_word' id='word_1_132' title='bbox 1225 1712 1610 1785; x_wconf 88' lang='lat' dir='ltr'><strong>pervasoribus</strong></span> <span class='ocrx_word' id='word_1_133' title='bbox 1683 1719 1735 1765; x_wconf 92' lang='lat' dir='ltr'><strong>et</strong></span> <span class='ocrx_word' id='word_1_134' title='bbox 1793 1707 2099 1779; x_wconf 89' lang='lat' dir='ltr'><strong>raptoribus</strong></span> 
     </span>
    </p>
   </div>
   <div class='ocr_carea' id='block_1_20' title="bbox 503 1794 2094 1867">
    <p class='ocr_par' dir='ltr' id='par_1_20' title="bbox 503 1794 2094 1867">
     <span class='ocr_line' id='line_1_20' title="bbox 503 1794 2094 1867; baseline -0.009 -5"><span class='ocrx_word' id='word_1_135' title='bbox 503 1823 681 1862; x_wconf 90' lang='lat' dir='ltr'><strong>rerum</strong></span> <span class='ocrx_word' id='word_1_136' title='bbox 713 1813 764 1860; x_wconf 90' lang='lat' dir='ltr'><strong>et</strong></span> <span class='ocrx_word' id='word_1_137' title='bbox 791 1804 1102 1860; x_wconf 83' lang='lat' dir='ltr'><strong>facultatem</strong></span> <span class='ocrx_word' id='word_1_138' title='bbox 1159 1801 1686 1867; x_wconf 85' lang='lat' dir='ltr'><strong>ecclesiasticarum,</strong></span> <span class='ocrx_word' id='word_1_139' title='bbox 1730 1797 1776 1852; x_wconf 94' lang='lat' dir='ltr'><strong>si</strong></span> <span class='ocrx_word' id='word_1_140' title='bbox 1813 1813 1923 1851; x_wconf 89' lang='lat' dir='ltr'><strong>non</strong></span> <span class='ocrx_word' id='word_1_141' title='bbox 1951 1794 2094 1850; x_wconf 90' lang='lat' dir='ltr'><strong>resi-</strong></span> 
     </span>
    </p>
   </div>
   <div class='ocr_carea' id='block_1_21' title="bbox 502 1884 2096 1966">
    <p class='ocr_par' dir='ltr' id='par_1_21' title="bbox 502 1884 2096 1966">
     <span class='ocr_line' id='line_1_21' title="bbox 502 1884 2096 1966; baseline -0.008 -16"><span class='ocrx_word' id='word_1_142' title='bbox 502 1895 736 1966; x_wconf 78' lang='lat' dir='ltr'><strong>puerint,</strong></span> <span class='ocrx_word' id='word_1_143' title='bbox 781 1893 986 1962; x_wconf 91' lang='lat' dir='ltr'><strong>judicio</strong></span> <span class='ocrx_word' id='word_1_144' title='bbox 1035 1892 1265 1962; x_wconf 91' lang='lat' dir='ltr'><strong>Spiritus</strong></span> <span class='ocrx_word' id='word_1_145' title='bbox 1315 1889 1486 1946; x_wconf 91' lang='lat' dir='ltr'><strong>sancti</strong></span> <span class='ocrx_word' id='word_1_146' title='bbox 1540 1885 1906 1951; x_wconf 85' lang='lat' dir='ltr'><strong>decernimus,</strong></span> <span class='ocrx_word' id='word_1_147' title='bbox 1958 1884 2096 1939; x_wconf 87' lang='lat' dir='ltr'><strong>sicut</strong></span> 
     </span>
    </p>
   </div>
   <div class='ocr_carea' id='block_1_22' title="bbox 503 1971 2096 2052">
    <p class='ocr_par' dir='ltr' id='par_1_22' title="bbox 503 1971 2096 2052">
     <span class='ocr_line' id='line_1_22' title="bbox 503 1971 2096 2052; baseline -0.009 -13"><span class='ocrx_word' id='word_1_148' title='bbox 503 1986 692 2039; x_wconf 89' lang='lat' dir='ltr'><strong>beatus</strong></span> <span class='ocrx_word' id='word_1_149' title='bbox 720 1982 962 2038; x_wconf 89' lang='lat' dir='ltr'><strong>decrevit</strong></span> <span class='ocrx_word' id='word_1_150' title='bbox 995 1979 1319 2052; x_wconf 82' lang='lat' dir='ltr'><strong>Gregorius,</strong></span> <span class='ocrx_word' id='word_1_151' title='bbox 1364 1979 1554 2034; x_wconf 87' lang='lat' dir='ltr'><strong>dicens</strong></span> <span class='ocrx_word' id='word_1_152' title='bbox 1611 1977 1736 2048; x_wconf 89' lang='lat' dir='ltr'><strong>quia</strong></span> <span class='ocrx_word' id='word_1_153' title='bbox 1773 1975 1910 2030; x_wconf 84' lang='lat' dir='ltr'><strong>tales</strong></span> <span class='ocrx_word' id='word_1_154' title='bbox 1938 1971 2096 2027; x_wconf 83' lang='lat' dir='ltr'><strong>Chri-</strong></span> 
     </span>
    </p>
   </div>
   <div class='ocr_carea' id='block_1_23' title="bbox 505 2062 2102 2142">
    <p class='ocr_par' dir='ltr' id='par_1_23' title="bbox 505 2062 2102 2142">
     <span class='ocr_line' id='line_1_23' title="bbox 505 2062 2102 2142; baseline -0.009 -14"><span class='ocrx_word' id='word_1_155' title='bbox 505 2073 664 2128; x_wconf 90' lang='lat' dir='ltr'><strong>stiani</strong></span> <span class='ocrx_word' id='word_1_156' title='bbox 697 2088 806 2126; x_wconf 92' lang='lat' dir='ltr'><strong>non</strong></span> <span class='ocrx_word' id='word_1_157' title='bbox 853 2078 996 2138; x_wconf 88' lang='lat' dir='ltr'><strong>sunt,</strong></span> <span class='ocrx_word' id='word_1_158' title='bbox 1031 2086 1278 2142; x_wconf 88' lang='lat' dir='ltr'><strong>quosque</strong></span> <span class='ocrx_word' id='word_1_159' title='bbox 1315 2075 1367 2122; x_wconf 90' lang='lat' dir='ltr'><strong>et</strong></span> <span class='ocrx_word' id='word_1_160' title='bbox 1433 2083 1556 2140; x_wconf 86' lang='lat' dir='ltr'><strong>ego,</strong></span> <span class='ocrx_word' id='word_1_161' title='bbox 1610 2073 1662 2120; x_wconf 91' lang='lat' dir='ltr'><strong>et</strong></span> <span class='ocrx_word' id='word_1_162' title='bbox 1691 2080 1882 2120; x_wconf 90' lang='lat' dir='ltr'><strong>omnes</strong></span> <span class='ocrx_word' id='word_1_163' title='bbox 1912 2062 2102 2117; x_wconf 86' lang='lat' dir='ltr'><strong>catho-</strong></span> 
     </span>
    </p>
   </div>
   <div class='ocr_carea' id='block_1_24' title="bbox 501 2153 2100 2232">
    <p class='ocr_par' dir='ltr' id='par_1_24' title="bbox 501 2153 2100 2232">
     <span class='ocr_line' id='line_1_24' title="bbox 501 2153 2100 2232; baseline -0.008 -16"><span class='ocrx_word' id='word_1_164' title='bbox 501 2162 593 2218; x_wconf 91' lang='lat' dir='ltr'><strong>lici</strong></span> <span class='ocrx_word' id='word_1_165' title='bbox 622 2161 884 2232; x_wconf 87' lang='lat' dir='ltr'><strong>episcopi,</strong></span> <span class='ocrx_word' id='word_1_166' title='bbox 921 2160 1031 2214; x_wconf 90' lang='lat' dir='ltr'><strong>imo</strong></span> <span class='ocrx_word' id='word_1_167' title='bbox 1060 2166 1114 2214; x_wconf 90' lang='lat' dir='ltr'><strong>et</strong></span> <span class='ocrx_word' id='word_1_168' title='bbox 1144 2157 1471 2212; x_wconf 90' lang='lat' dir='ltr'><strong>universalis</strong></span> <span class='ocrx_word' id='word_1_169' title='bbox 1502 2153 1751 2211; x_wconf 88' lang='lat' dir='ltr'><strong>Ecclesia</strong></span> <span class='ocrx_word' id='word_1_170' title='bbox 1785 2153 2100 2208; x_wconf 87' lang='lat' dir='ltr'><strong>anathema-</strong></span> 
     </span>
    </p>
   </div>
   <div class='ocr_carea' id='block_1_25' title="bbox 507 2251 653 2306">
    <p class='ocr_par' dir='ltr' id='par_1_25' title="bbox 507 2251 653 2306">
     <span class='ocr_line' id='line_1_25' title="bbox 507 2251 653 2306; baseline 0.014 -2"><span class='ocrx_word' id='word_1_171' title='bbox 507 2251 653 2306; x_wconf 85' lang='lat' dir='ltr'><strong>tizat.</strong></span> 
     </span>
    </p>
   </div>
   <div class='ocr_carea' id='block_1_26' title="bbox 1123 2377 1478 2434">
    <p class='ocr_par' dir='ltr' id='par_1_26' title="bbox 1123 2377 1478 2434">
     <span class='ocr_line' id='line_1_26' title="bbox 1123 2377 1478 2434; baseline -0.017 1"><span class='ocrx_word' id='word_1_172' title='bbox 1123 2377 1478 2434; x_wconf 82' lang='lat' dir='ltr'><strong>CCCLXXX.</strong></span> 
     </span>
    </p>
   </div>
   <div class='ocr_carea' id='block_1_27' title="bbox 505 2461 2101 2543">
    <p class='ocr_par' dir='ltr' id='par_1_27' title="bbox 505 2461 2101 2543">
     <span class='ocr_line' id='line_1_27' title="bbox 505 2461 2101 2543; baseline -0.012 -12"><span class='ocrx_word' id='word_1_173' title='bbox 505 2473 742 2530; x_wconf 80' lang='lat' dir='ltr'><strong>Joannis</strong></span> <span class='ocrx_word' id='word_1_174' title='bbox 779 2486 939 2543; x_wconf 74' lang='lat' dir='ltr'><strong>papa:</strong></span> <span class='ocrx_word' id='word_1_175' title='bbox 983 2471 1194 2543; x_wconf 81' lang='lat' dir='ltr'><strong>iterata</strong></span> <span class='ocrx_word' id='word_1_176' title='bbox 1251 2463 1766 2543; x_wconf 63' lang='lat' dir='ltr'><strong>excommupicatio</strong></span> <span class='ocrx_word' id='word_1_177' title='bbox 1835 2461 2101 2543; x_wconf 72' lang='lat' dir='ltr'><strong>adversus</strong></span> 
     </span>
    </p>
   </div>
   <div class='ocr_carea' id='block_1_28' title="bbox 577 2531 2100 2612">
    <p class='ocr_par' dir='ltr' id='par_1_28' title="bbox 577 2531 2100 2612">
     <span class='ocr_line' id='line_1_28' title="bbox 577 2531 2100 2612; baseline -0.011 -12"><span class='ocrx_word' id='word_1_178' title='bbox 577 2531 904 2600; x_wconf 72' lang='lat' dir='ltr'><strong>Formosum</strong></span> <span class='ocrx_word' id='word_1_179' title='bbox 967 2542 1310 2612; x_wconf 75' lang='lat' dir='ltr'><strong>episcopum,</strong></span> <span class='ocrx_word' id='word_1_180' title='bbox 1347 2537 1670 2612; x_wconf 69' lang='lat' dir='ltr'><strong>Gregorium</strong></span> <span class='ocrx_word' id='word_1_181' title='bbox 1711 2531 2100 2588; x_wconf 79' lang='lat' dir='ltr'><strong>nomenclato-</strong></span> 
     </span>
    </p>
   </div>
   <div class='ocr_carea' id='block_1_29' title="bbox 575 2606 1793 2682">
    <p class='ocr_par' dir='ltr' id='par_1_29' title="bbox 575 2606 1793 2682">
     <span class='ocr_line' id='line_1_29' title="bbox 575 2606 1793 2682; baseline -0.011 -11"><span class='ocrx_word' id='word_1_182' title='bbox 575 2632 718 2682; x_wconf 85' lang='lat' dir='ltr'><strong>rem,</strong></span> <span class='ocrx_word' id='word_1_183' title='bbox 755 2617 810 2670; x_wconf 83' lang='lat' dir='ltr'><strong>et</strong></span> <span class='ocrx_word' id='word_1_184' title='bbox 842 2606 1134 2678; x_wconf 50' lang='lat' dir='ltr'><strong>Georgium</strong></span> <span class='ocrx_word' id='word_1_185' title='bbox 1151 2606 1499 2680; x_wconf 79' lang='lat' dir='ltr'><strong>magistrum</strong></span> <span class='ocrx_word' id='word_1_186' title='bbox 1517 2606 1793 2660; x_wconf 83' lang='lat' dir='ltr'><strong>militum.</strong></span> 
     </span>
    </p>
   </div>
   <div class='ocr_carea' id='block_1_30' title="bbox 571 2701 2103 2783">
    <p class='ocr_par' dir='ltr' id='par_1_30' title="bbox 571 2701 2103 2783">
     <span class='ocr_line' id='line_1_30' title="bbox 571 2701 2103 2783; baseline -0.012 -11"><span class='ocrx_word' id='word_1_187' title='bbox 571 2714 905 2772; x_wconf 79' lang='lat' dir='ltr'><strong>Auctoritate</strong></span> <span class='ocrx_word' id='word_1_188' title='bbox 949 2711 1252 2783; x_wconf 89' lang='lat' dir='ltr'><strong>apostolica</strong></span> <span class='ocrx_word' id='word_1_189' title='bbox 1297 2723 1490 2780; x_wconf 87' lang='lat' dir='ltr'><strong>parem</strong></span> <span class='ocrx_word' id='word_1_190' title='bbox 1540 2704 1866 2760; x_wconf 88' lang='lat' dir='ltr'><strong>sententiam</strong></span> <span class='ocrx_word' id='word_1_191' title='bbox 1911 2701 2103 2756; x_wconf 90' lang='lat' dir='ltr'><strong>iterato</strong></span> 
     </span>
    </p>
   </div>
   <div class='ocr_carea' id='block_1_31' title="bbox 505 2789 2104 2868">
    <p class='ocr_par' dir='ltr' id='par_1_31' title="bbox 505 2789 2104 2868">
     <span class='ocr_line' id='line_1_31' title="bbox 505 2789 2104 2868; baseline -0.011 -7"><span class='ocrx_word' id='word_1_192' title='bbox 505 2806 698 2860; x_wconf 87' lang='lat' dir='ltr'><strong>damus</strong></span> <span class='ocrx_word' id='word_1_193' title='bbox 713 2805 770 2858; x_wconf 89' lang='lat' dir='ltr'><strong>in</strong></span> <span class='ocrx_word' id='word_1_194' title='bbox 816 2805 1156 2864; x_wconf 88' lang='lat' dir='ltr'><strong>Formosum,</strong></span> <span class='ocrx_word' id='word_1_195' title='bbox 1201 2796 1484 2868; x_wconf 86' lang='lat' dir='ltr'><strong>nuperime</strong></span> <span class='ocrx_word' id='word_1_196' title='bbox 1503 2795 1858 2850; x_wconf 87' lang='lat' dir='ltr'><strong>Portuensem</strong></span> <span class='ocrx_word' id='word_1_197' title='bbox 1887 2789 2104 2860; x_wconf 88' lang='lat' dir='ltr'><strong>episco-</strong></span> 
     </span>
    </p>
   </div>
   <div class='ocr_carea' id='block_1_32' title="bbox 505 2880 2106 2964">
    <p class='ocr_par' dir='ltr' id='par_1_32' title="bbox 505 2880 2106 2964">
     <span class='ocr_line' id='line_1_32' title="bbox 505 2880 2106 2964; baseline -0.011 -15"><span class='ocrx_word' id='word_1_198' title='bbox 505 2911 654 2964; x_wconf 85' lang='lat' dir='ltr'><strong>pum,</strong></span> <span class='ocrx_word' id='word_1_199' title='bbox 689 2901 741 2947; x_wconf 92' lang='lat' dir='ltr'><strong>et</strong></span> <span class='ocrx_word' id='word_1_200' title='bbox 785 2889 1112 2961; x_wconf 81' lang='lat' dir='ltr'><strong>Gregorium</strong></span> <span class='ocrx_word' id='word_1_201' title='bbox 1161 2886 1481 2958; x_wconf 85' lang='lat' dir='ltr'><strong>magistrum</strong></span> <span class='ocrx_word' id='word_1_202' title='bbox 1511 2883 1760 2946; x_wconf 87' lang='lat' dir='ltr'><strong>militum,</strong></span> <span class='ocrx_word' id='word_1_203' title='bbox 1795 2880 2106 2934; x_wconf 89' lang='lat' dir='ltr'><strong>anathema-</strong></span> 
     </span>
    </p>
   </div>
   <div class='ocr_carea' id='block_1_33' title="bbox 513 2967 2109 3052">
    <p class='ocr_par' dir='ltr' id='par_1_33' title="bbox 513 2967 2109 3052">
     <span class='ocr_line' id='line_1_33' title="bbox 513 2967 2109 3052; baseline -0.011 -16"><span class='ocrx_word' id='word_1_204' title='bbox 513 2981 582 3036; x_wconf 93' lang='lat' dir='ltr'><strong>tis</strong></span> <span class='ocrx_word' id='word_1_205' title='bbox 615 2989 665 3036; x_wconf 92' lang='lat' dir='ltr'><strong>et</strong></span> <span class='ocrx_word' id='word_1_206' title='bbox 709 2987 984 3052; x_wconf 61' lang='lat' dir='ltr'><strong>perpetua:</strong></span> <span class='ocrx_word' id='word_1_207' title='bbox 1041 2974 1408 3046; x_wconf 88' lang='lat' dir='ltr'><strong>obligationis.</strong></span> <span class='ocrx_word' id='word_1_208' title='bbox 1441 2974 1506 3026; x_wconf 87' lang='lat' dir='ltr'><strong>Et</strong></span> <span class='ocrx_word' id='word_1_209' title='bbox 1539 2971 1663 3041; x_wconf 86' lang='lat' dir='ltr'><strong>quia</strong></span> <span class='ocrx_word' id='word_1_210' title='bbox 1693 2984 1802 3024; x_wconf 91' lang='lat' dir='ltr'><strong>non</strong></span> <span class='ocrx_word' id='word_1_211' title='bbox 1854 2967 2109 3022; x_wconf 81' lang='lat' dir='ltr'><strong>desinunt</strong></span> 
     </span>
    </p>
   </div>
   <div class='ocr_carea' id='block_1_34' title="bbox 513 3054 2177 3152">
    <p class='ocr_par' dir='ltr' id='par_1_34' title="bbox 513 3054 2177 3152">
     <span class='ocr_line' id='line_1_34' title="bbox 513 3054 2177 3152; baseline -0.011 -28"><span class='ocrx_word' id='word_1_212' title='bbox 513 3069 814 3142; x_wconf 88' lang='lat' dir='ltr'><strong>inquietare</strong></span> <span class='ocrx_word' id='word_1_213' title='bbox 869 3083 1025 3122; x_wconf 87' lang='lat' dir='ltr'><strong>aures</strong></span> <span class='ocrx_word' id='word_1_214' title='bbox 1083 3080 1272 3136; x_wconf 85' lang='lat' dir='ltr'><strong>regum</strong></span> <span class='ocrx_word' id='word_1_215' title='bbox 1349 3077 1412 3116; x_wconf 93' lang='lat' dir='ltr'><strong>ac</strong></span> <span class='ocrx_word' id='word_1_216' title='bbox 1467 3059 1796 3130; x_wconf 88' lang='lat' dir='ltr'><strong>principum,</strong></span> <span class='ocrx_word' id='word_1_217' title='bbox 1845 3064 1898 3110; x_wconf 86' lang='lat' dir='ltr'><strong>et</strong></span> <span class='ocrx_word' id='word_1_218' title='bbox 1951 3054 2177 3152; x_wconf 79' lang='lat' dir='ltr'><strong>malisC</strong></span> 
     </span>
    </p>
   </div>
   <div class='ocr_carea' id='block_1_35' title="bbox 511 3143 2109 3230">
    <p class='ocr_par' dir='ltr' id='par_1_35' title="bbox 511 3143 2109 3230">
     <span class='ocr_line' id='line_1_35' title="bbox 511 3143 2109 3230; baseline -0.013 -15"><span class='ocrx_word' id='word_1_219' title='bbox 511 3159 802 3230; x_wconf 88' lang='lat' dir='ltr'><strong>prioribus,</strong></span> <span class='ocrx_word' id='word_1_220' title='bbox 831 3155 1002 3226; x_wconf 88' lang='lat' dir='ltr'><strong>juncti</strong></span> <span class='ocrx_word' id='word_1_221' title='bbox 1037 3170 1160 3210; x_wconf 90' lang='lat' dir='ltr'><strong>cum</strong></span> <span class='ocrx_word' id='word_1_222' title='bbox 1203 3149 1551 3222; x_wconf 62' lang='lat' dir='ltr'><strong>praedonibus</strong></span> <span class='ocrx_word' id='word_1_223' title='bbox 1595 3157 1647 3202; x_wconf 90' lang='lat' dir='ltr'><strong>et</strong></span> <span class='ocrx_word' id='word_1_224' title='bbox 1696 3143 2109 3200; x_wconf 90' lang='lat' dir='ltr'><strong>subversoribus</strong></span> 
     </span>
    </p>
   </div>
   <div class='ocr_carea' id='block_1_36' title="bbox 511 3232 2108 3311">
    <p class='ocr_par' dir='ltr' id='par_1_36' title="bbox 511 3232 2108 3311">
     <span class='ocr_line' id='line_1_36' title="bbox 511 3232 2108 3311; baseline -0.011 -7"><span class='ocrx_word' id='word_1_225' title='bbox 511 3247 888 3311; x_wconf 88' lang='lat' dir='ltr'><strong>ecclesiarum,</strong></span> <span class='ocrx_word' id='word_1_226' title='bbox 919 3261 1058 3300; x_wconf 90' lang='lat' dir='ltr'><strong>nova</strong></span> <span class='ocrx_word' id='word_1_227' title='bbox 1085 3251 1138 3298; x_wconf 90' lang='lat' dir='ltr'><strong>et</strong></span> <span class='ocrx_word' id='word_1_228' title='bbox 1167 3240 1408 3298; x_wconf 88' lang='lat' dir='ltr'><strong>recentia</strong></span> <span class='ocrx_word' id='word_1_229' title='bbox 1458 3238 1602 3292; x_wconf 89' lang='lat' dir='ltr'><strong>mala</strong></span> <span class='ocrx_word' id='word_1_230' title='bbox 1641 3235 1842 3290; x_wconf 88' lang='lat' dir='ltr'><strong>addere</strong></span> <span class='ocrx_word' id='word_1_231' title='bbox 1871 3232 2108 3304; x_wconf 88' lang='lat' dir='ltr'><strong>quotidie</strong></span> 
     </span>
    </p>
   </div>
   <div class='ocr_carea' id='block_1_37' title="bbox 507 3323 2107 3404">
    <p class='ocr_par' dir='ltr' id='par_1_37' title="bbox 507 3323 2107 3404">
     <span class='ocr_line' id='line_1_37' title="bbox 507 3323 2107 3404; baseline -0.013 -11"><span class='ocrx_word' id='word_1_232' title='bbox 507 3337 745 3404; x_wconf 84' lang='lat' dir='ltr'><strong>student,</strong></span> <span class='ocrx_word' id='word_1_233' title='bbox 797 3333 1158 3390; x_wconf 90' lang='lat' dir='ltr'><strong>insolubiliter</strong></span> <span class='ocrx_word' id='word_1_234' title='bbox 1211 3329 1426 3384; x_wconf 88' lang='lat' dir='ltr'><strong>vinculo</strong></span> <span class='ocrx_word' id='word_1_235' title='bbox 1455 3333 1716 3398; x_wconf 82' lang='lat' dir='ltr'><strong>perpetuo</strong></span> <span class='ocrx_word' id='word_1_236' title='bbox 1747 3332 1799 3377; x_wconf 91' lang='lat' dir='ltr'><strong>et</strong></span> <span class='ocrx_word' id='word_1_237' title='bbox 1829 3323 2107 3390; x_wconf 90' lang='lat' dir='ltr'><strong>irrecupe-</strong></span> 
     </span>
    </p>
   </div>
   <div class='ocr_carea' id='block_1_38' title="bbox 507 3411 2112 3496">
    <p class='ocr_par' dir='ltr' id='par_1_38' title="bbox 507 3411 2112 3496">
     <span class='ocr_line' id='line_1_38' title="bbox 507 3411 2112 3496; baseline -0.013 -14"><span class='ocrx_word' id='word_1_238' title='bbox 507 3427 692 3482; x_wconf 66' lang='lat' dir='ltr'><strong>randae</strong></span> <span class='ocrx_word' id='word_1_239' title='bbox 712 3425 848 3496; x_wconf 91' lang='lat' dir='ltr'><strong>spei,</strong></span> <span class='ocrx_word' id='word_1_240' title='bbox 874 3423 1048 3478; x_wconf 89' lang='lat' dir='ltr'><strong>sancti</strong></span> <span class='ocrx_word' id='word_1_241' title='bbox 1067 3420 1301 3491; x_wconf 87' lang='lat' dir='ltr'><strong>Spiritus</strong></span> <span class='ocrx_word' id='word_1_242' title='bbox 1331 3417 1429 3472; x_wconf 91' lang='lat' dir='ltr'><strong>Dei</strong></span> <span class='ocrx_word' id='word_1_243' title='bbox 1459 3415 1632 3470; x_wconf 87' lang='lat' dir='ltr'><strong>nostri</strong></span> <span class='ocrx_word' id='word_1_244' title='bbox 1657 3413 1854 3468; x_wconf 89' lang='lat' dir='ltr'><strong>virtute</strong></span> <span class='ocrx_word' id='word_1_245' title='bbox 1883 3411 2112 3464; x_wconf 89' lang='lat' dir='ltr'><strong>damna-</strong></span> 
     </span>
    </p>
   </div>
   <div class='ocr_carea' id='block_1_39' title="bbox 505 3497 2110 3584">
    <p class='ocr_par' dir='ltr' id='par_1_39' title="bbox 505 3497 2110 3584">
     <span class='ocr_line' id='line_1_39' title="bbox 505 3497 2110 3584; baseline -0.012 -13"><span class='ocrx_word' id='word_1_246' title='bbox 505 3533 647 3581; x_wconf 88' lang='lat' dir='ltr'><strong>mus,</strong></span> <span class='ocrx_word' id='word_1_247' title='bbox 709 3528 1030 3584; x_wconf 80' lang='lat' dir='ltr'><strong>omnemque</strong></span> <span class='ocrx_word' id='word_1_248' title='bbox 1079 3510 1186 3564; x_wconf 88' lang='lat' dir='ltr'><strong>illis</strong></span> <span class='ocrx_word' id='word_1_249' title='bbox 1227 3506 1596 3577; x_wconf 86' lang='lat' dir='ltr'><strong>suspicionem</strong></span> <span class='ocrx_word' id='word_1_250' title='bbox 1655 3499 1962 3558; x_wconf 68' lang='lat' dir='ltr'><strong>obtinendae</strong></span> <span class='ocrx_word' id='word_1_251' title='bbox 2028 3497 2110 3552; x_wconf 89' lang='lat' dir='ltr'><strong>in-</strong></span> 
     </span>
    </p>
   </div>
   <div class='ocr_carea' id='block_1_40' title="bbox 509 3585 2110 3678">
    <p class='ocr_par' dir='ltr' id='par_1_40' title="bbox 509 3585 2110 3678">
     <span class='ocr_line' id='line_1_40' title="bbox 509 3585 2110 3678; baseline -0.014 -16"><span class='ocrx_word' id='word_1_252' title='bbox 509 3604 802 3678; x_wconf 69' lang='lat' dir='ltr'><strong>dulgentiae</strong></span> <span class='ocrx_word' id='word_1_253' title='bbox 833 3599 1244 3656; x_wconf 87' lang='lat' dir='ltr'><strong>irreserabiliter</strong></span> <span class='ocrx_word' id='word_1_254' title='bbox 1282 3594 1642 3660; x_wconf 81' lang='lat' dir='ltr'><strong>excludimus,</strong></span> <span class='ocrx_word' id='word_1_255' title='bbox 1693 3599 1744 3646; x_wconf 90' lang='lat' dir='ltr'><strong>et</strong></span> <span class='ocrx_word' id='word_1_256' title='bbox 1795 3604 1987 3644; x_wconf 90' lang='lat' dir='ltr'><strong>omnes</strong></span> <span class='ocrx_word' id='word_1_257' title='bbox 2017 3585 2110 3656; x_wconf 91' lang='lat' dir='ltr'><strong>qui</strong></span> 
     </span>
    </p>
   </div>
   <div class='ocr_carea' id='block_1_41' title="bbox 511 3675 2109 3754">
    <p class='ocr_par' dir='ltr' id='par_1_41' title="bbox 511 3675 2109 3754">
     <span class='ocr_line' id='line_1_41' title="bbox 511 3675 2109 3754; baseline -0.013 -6"><span class='ocrx_word' id='word_1_258' title='bbox 511 3675 629 3748; x_wconf 29' lang='lat' dir='ltr'><strong>illisi</strong></span> <span class='ocrx_word' id='word_1_259' title='bbox 651 3688 1173 3749; x_wconf 89' lang='lat' dir='ltr'><strong>communicaverint</strong></span> <span class='ocrx_word' id='word_1_260' title='bbox 1221 3683 1618 3754; x_wconf 84' lang='lat' dir='ltr'><strong>adjutoriumve</strong></span> <span class='ocrx_word' id='word_1_261' title='bbox 1665 3677 2017 3750; x_wconf 70' lang='lat' dir='ltr'><strong>prmbuerint,</strong></span> <span class='ocrx_word' id='word_1_262' title='bbox 2041 3675 2109 3728; x_wconf 92' lang='lat' dir='ltr'><strong>de</strong></span> 
     </span>
    </p>
   </div>
   <div class='ocr_carea' id='block_1_42' title="bbox 515 3767 2110 3855">
    <p class='ocr_par' dir='ltr' id='par_1_42' title="bbox 515 3767 2110 3855">
     <span class='ocr_line' id='line_1_42' title="bbox 515 3767 2110 3855; baseline -0.014 -16"><span class='ocrx_word' id='word_1_263' title='bbox 515 3798 834 3855; x_wconf 89' lang='lat' dir='ltr'><strong>quocunque</strong></span> <span class='ocrx_word' id='word_1_264' title='bbox 865 3779 1076 3846; x_wconf 88' lang='lat' dir='ltr'><strong>ordine,</strong></span> <span class='ocrx_word' id='word_1_265' title='bbox 1103 3777 1216 3831; x_wconf 91' lang='lat' dir='ltr'><strong>sive</strong></span> <span class='ocrx_word' id='word_1_266' title='bbox 1247 3771 1542 3844; x_wconf 81' lang='lat' dir='ltr'><strong>episcopali</strong></span> <span class='ocrx_word' id='word_1_267' title='bbox 1563 3777 1656 3826; x_wconf 85' lang='lat' dir='ltr'><strong>aut</strong></span> <span class='ocrx_word' id='word_1_268' title='bbox 1685 3767 1886 3834; x_wconf 90' lang='lat' dir='ltr'><strong>laicali,</strong></span> <span class='ocrx_word' id='word_1_269' title='bbox 1911 3773 2110 3836; x_wconf 84' lang='lat' dir='ltr'><strong>poten-</strong></span> 
     </span>
    </p>
   </div>
   <div class='ocr_carea' id='block_1_43' title="bbox 512 3855 2110 3939">
    <p class='ocr_par' dir='ltr' id='par_1_43' title="bbox 512 3855 2110 3939">
     <span class='ocr_line' id='line_1_43' title="bbox 512 3855 2110 3939; baseline -0.013 -13"><span class='ocrx_word' id='word_1_270' title='bbox 512 3881 616 3939; x_wconf 72' lang='lat' dir='ltr'><strong>tes,</strong></span> <span class='ocrx_word' id='word_1_271' title='bbox 650 3871 957 3926; x_wconf 86' lang='lat' dir='ltr'><strong>mediocres</strong></span> <span class='ocrx_word' id='word_1_272' title='bbox 995 3883 1058 3922; x_wconf 89' lang='lat' dir='ltr'><strong>ac</strong></span> <span class='ocrx_word' id='word_1_273' title='bbox 1104 3879 1391 3935; x_wconf 83' lang='lat' dir='ltr'><strong>pauperes,</strong></span> <span class='ocrx_word' id='word_1_274' title='bbox 1425 3862 1479 3916; x_wconf 90' lang='lat' dir='ltr'><strong>in</strong></span> <span class='ocrx_word' id='word_1_275' title='bbox 1512 3875 1698 3915; x_wconf 90' lang='lat' dir='ltr'><strong>eorum</strong></span> <span class='ocrx_word' id='word_1_276' title='bbox 1729 3855 1954 3928; x_wconf 88' lang='lat' dir='ltr'><strong>prolatis</strong></span> <span class='ocrx_word' id='word_1_277' title='bbox 1990 3869 2110 3907; x_wconf 88' lang='lat' dir='ltr'><strong>ma-</strong></span> 
     </span>
    </p>
   </div>
   <div class='ocr_carea' id='block_1_44' title="bbox 511 3939 2112 4020">
    <p class='ocr_par' dir='ltr' id='par_1_44' title="bbox 511 3939 2112 4020">
     <span class='ocr_line' id='line_1_44' title="bbox 511 3939 2112 4020; baseline -0.012 -6"><span class='ocrx_word' id='word_1_278' title='bbox 511 3958 891 4016; x_wconf 88' lang='lat' dir='ltr'><strong>ledictionibus</strong></span> <span class='ocrx_word' id='word_1_279' title='bbox 965 3955 1324 4015; x_wconf 84' lang='lat' dir='ltr'><strong>involvantur,</strong></span> <span class='ocrx_word' id='word_1_280' title='bbox 1390 3964 1615 4020; x_wconf 86' lang='lat' dir='ltr'><strong>quorum</strong></span> <span class='ocrx_word' id='word_1_281' title='bbox 1695 3943 1972 4001; x_wconf 85' lang='lat' dir='ltr'><strong>consortio</strong></span> <span class='ocrx_word' id='word_1_282' title='bbox 2035 3939 2112 3995; x_wconf 91' lang='lat' dir='ltr'><strong>uti</strong></span> 
     </span>
    </p>
   </div>
   <div class='ocr_carea' id='block_1_45' title="bbox 513 4031 2112 4110">
    <p class='ocr_par' dir='ltr' id='par_1_45' title="bbox 513 4031 2112 4110">
     <span class='ocr_line' id='line_1_45' title="bbox 513 4031 2112 4110; baseline -0.013 -8"><span class='ocrx_word' id='word_1_283' title='bbox 513 4064 625 4102; x_wconf 88' lang='lat' dir='ltr'><strong>non</strong></span> <span class='ocrx_word' id='word_1_284' title='bbox 683 4053 944 4110; x_wconf 88' lang='lat' dir='ltr'><strong>metuant,</strong></span> <span class='ocrx_word' id='word_1_285' title='bbox 1006 4051 1058 4096; x_wconf 91' lang='lat' dir='ltr'><strong>et</strong></span> <span class='ocrx_word' id='word_1_286' title='bbox 1113 4041 1216 4096; x_wconf 91' lang='lat' dir='ltr'><strong>nisi</strong></span> <span class='ocrx_word' id='word_1_287' title='bbox 1275 4037 1621 4108; x_wconf 89' lang='lat' dir='ltr'><strong>resipuerint,</strong></span> <span class='ocrx_word' id='word_1_288' title='bbox 1673 4035 1780 4088; x_wconf 89' lang='lat' dir='ltr'><strong>sint</strong></span> <span class='ocrx_word' id='word_1_289' title='bbox 1826 4031 2112 4086; x_wconf 87' lang='lat' dir='ltr'><strong>anathema</strong></span> 
     </span>
    </p>
   </div>
   <div class='ocr_carea' id='block_1_46' title="bbox 514 4134 848 4190">
    <p class='ocr_par' dir='ltr' id='par_1_46' title="bbox 514 4134 848 4190">
     <span class='ocr_line' id='line_1_46' title="bbox 514 4134 848 4190; baseline -0.015 1"><span class='ocrx_word' id='word_1_290' title='bbox 514 4134 848 4190; x_wconf 86' lang='lat' dir='ltr'><strong>maranatha.</strong></span> 
     </span>
    </p>
   </div>
   <div class='ocr_carea' id='block_1_47' title="bbox 1123 4243 1462 4300">
    <p class='ocr_par' dir='ltr' id='par_1_47' title="bbox 1123 4243 1462 4300">
     <span class='ocr_line' id='line_1_47' title="bbox 1123 4243 1462 4300; baseline -0.015 1"><span class='ocrx_word' id='word_1_291' title='bbox 1123 4243 1462 4300; x_wconf 83' lang='lat' dir='ltr'><strong>CCCXXXI.</strong></span> 
     </span>
    </p>
   </div>
   <div class='ocr_carea' id='block_1_48' title="bbox 521 4324 2114 4406">
    <p class='ocr_par' dir='ltr' id='par_1_48' title="bbox 521 4324 2114 4406">
     <span class='ocr_line' id='line_1_48' title="bbox 521 4324 2114 4406; baseline -0.014 -8"><span class='ocrx_word' id='word_1_292' title='bbox 521 4344 816 4400; x_wconf 78' lang='lat' dir='ltr'><strong>Stat-utam</strong></span> <span class='ocrx_word' id='word_1_293' title='bbox 847 4336 1085 4394; x_wconf 78' lang='lat' dir='ltr'><strong>Joannis</strong></span> <span class='ocrx_word' id='word_1_294' title='bbox 1115 4351 1285 4406; x_wconf 72' lang='lat' dir='ltr'><strong>papte</strong></span> <span class='ocrx_word' id='word_1_295' title='bbox 1305 4334 1578 4406; x_wconf 80' lang='lat' dir='ltr'><strong>adversus</strong></span> <span class='ocrx_word' id='word_1_296' title='bbox 1594 4330 1762 4406; x_wconf 76' lang='lat' dir='ltr'><strong>laico:</strong></span> <span class='ocrx_word' id='word_1_297' title='bbox 1785 4324 2114 4406; x_wconf 82' lang='lat' dir='ltr'><strong>qui,_viven-</strong></span> 
     </span>
    </p>
   </div>
   <div class='ocr_carea' id='block_1_49' title="bbox 591 4397 2112 4472">
    <p class='ocr_par' dir='ltr' id='par_1_49' title="bbox 591 4397 2112 4472">
     <span class='ocr_line' id='line_1_49' title="bbox 591 4397 2112 4472; baseline -0.014 -4"><span class='ocrx_word' id='word_1_298' title='bbox 591 4413 738 4468; x_wconf 80' lang='lat' dir='ltr'><strong>tibus</strong></span> <span class='ocrx_word' id='word_1_299' title='bbox 767 4409 1060 4472; x_wconf 73' lang='lat' dir='ltr'><strong>uxoribus,</strong></span> <span class='ocrx_word' id='word_1_300' title='bbox 1087 4397 1232 4462; x_wconf 74' lang='lat' dir='ltr'><strong>tilias</strong></span> <span class='ocrx_word' id='word_1_301' title='bbox 1252 4404 1492 4468; x_wconf 83' lang='lat' dir='ltr'><strong>ducunt,</strong></span> <span class='ocrx_word' id='word_1_302' title='bbox 1525 4405 1582 4456; x_wconf 82' lang='lat' dir='ltr'><strong>et</strong></span> <span class='ocrx_word' id='word_1_303' title='bbox 1613 4397 1812 4472; x_wconf 72' lang='lat' dir='ltr'><strong>contra</strong></span> <span class='ocrx_word' id='word_1_304' title='bbox 1831 4397 2112 4472; x_wconf 75' lang='lat' dir='ltr'><strong>episcopos</strong></span> 
     </span>
    </p>
   </div>
   <div class='ocr_carea' id='block_1_50' title="bbox 589 4465 2112 4557">
    <p class='ocr_par' dir='ltr' id='par_1_50' title="bbox 589 4465 2112 4557">
     <span class='ocr_line' id='line_1_50' title="bbox 589 4465 2112 4557; baseline -0.016 -17"><span class='ocrx_word' id='word_1_305' title='bbox 589 4465 1136 4557; x_wconf 13' lang='lat' dir='ltr'><strong>quideiminore&#39;ad</strong></span> <span class='ocrx_word' id='word_1_306' title='bbox 1177 4478 1451 4547; x_wconf 87' lang='lat' dir='ltr'><strong>majorem</strong></span> <span class='ocrx_word' id='word_1_307' title='bbox 1479 4465 1810 4527; x_wconf 69' lang='lat' dir='ltr'><strong>Ecclesium</strong></span> <span class='ocrx_word' id='word_1_308' title='bbox 1860 4465 2112 4521; x_wconf 71' lang='lat' dir='ltr'><strong>ambitus</strong></span> 
     </span>
    </p>
   </div>
   <div class='ocr_carea' id='block_1_51' title="bbox 591 4552 1134 4621">
    <p class='ocr_par' dir='ltr' id='par_1_51' title="bbox 591 4552 1134 4621">
     <span class='ocr_line' id='line_1_51' title="bbox 591 4552 1134 4621; baseline -0.015 -11"><span class='ocrx_word' id='word_1_309' title='bbox 591 4552 764 4611; x_wconf 75' lang='lat' dir='ltr'><strong>causa</strong></span> <span class='ocrx_word' id='word_1_310' title='bbox 793 4552 1134 4621; x_wconf 81' lang='lat' dir='ltr'><strong>demigrant.</strong></span> 
     </span>
    </p>
   </div>
   <div class='ocr_carea' id='block_1_52' title="bbox 585 4643 2113 4716">
    <p class='ocr_par' dir='ltr' id='par_1_52' title="bbox 585 4643 2113 4716">
     <span class='ocr_line' id='line_1_52' title="bbox 585 4643 2113 4716; baseline -0.013 -2"><span class='ocrx_word' id='word_1_311' title='bbox 585 4661 732 4716; x_wconf 87' lang='lat' dir='ltr'><strong>Inter</strong></span> <span class='ocrx_word' id='word_1_312' title='bbox 779 4657 1041 4714; x_wconf 90' lang='lat' dir='ltr'><strong>nonnulla</strong></span> <span class='ocrx_word' id='word_1_313' title='bbox 1086 4653 1470 4710; x_wconf 90' lang='lat' dir='ltr'><strong>necessitatum</strong></span> <span class='ocrx_word' id='word_1_314' title='bbox 1503 4665 1533 4704; x_wconf 93' lang='lat' dir='ltr'><strong>a</strong></span> <span class='ocrx_word' id='word_1_315' title='bbox 1565 4655 1753 4703; x_wconf 90' lang='lat' dir='ltr'><strong>sancta</strong></span> <span class='ocrx_word' id='word_1_316' title='bbox 1783 4643 1992 4716; x_wconf 77' lang='lat' dir='ltr'><strong>synodo</strong></span> <span class='ocrx_word' id='word_1_317' title='bbox 2023 4657 2113 4695; x_wconf 92' lang='lat' dir='ltr'><strong>re-</strong></span> 
     </span>
    </p>
   </div>
   <div class='ocr_carea' id='block_1_53' title="bbox 515 4729 2116 4816">
    <p class='ocr_par' dir='ltr' id='par_1_53' title="bbox 515 4729 2116 4816">
     <span class='ocr_line' id='line_1_53' title="bbox 515 4729 2116 4816; baseline -0.015 -10"><span class='ocrx_word' id='word_1_318' title='bbox 515 4749 800 4806; x_wconf 86' lang='lat' dir='ltr'><strong>clamatum</strong></span> <span class='ocrx_word' id='word_1_319' title='bbox 859 4754 940 4802; x_wconf 91' lang='lat' dir='ltr'><strong>est</strong></span> <span class='ocrx_word' id='word_1_320' title='bbox 1020 4744 1162 4816; x_wconf 91' lang='lat' dir='ltr'><strong>quod</strong></span> <span class='ocrx_word' id='word_1_321' title='bbox 1237 4742 1496 4796; x_wconf 86' lang='lat' dir='ltr'><strong>laicorum</strong></span> <span class='ocrx_word' id='word_1_322' title='bbox 1569 4735 1824 4808; x_wconf 90' lang='lat' dir='ltr'><strong>quidam,</strong></span> <span class='ocrx_word' id='word_1_323' title='bbox 1912 4729 2116 4785; x_wconf 87' lang='lat' dir='ltr'><strong>sortitis</strong></span> 
     </span>
    </p>
   </div>
   <div class='ocr_carea' id='block_1_54' title="bbox 512 4821 2114 4912">
    <p class='ocr_par' dir='ltr' id='par_1_54' title="bbox 512 4821 2114 4912">
     <span class='ocr_line' id='line_1_54' title="bbox 512 4821 2114 4912; baseline -0.015 -17"><span class='ocrx_word' id='word_1_324' title='bbox 512 4839 687 4912; x_wconf 87' lang='lat' dir='ltr'><strong>primo</strong></span> <span class='ocrx_word' id='word_1_325' title='bbox 733 4837 982 4910; x_wconf 86' lang='lat' dir='ltr'><strong>legaliter</strong></span> <span class='ocrx_word' id='word_1_326' title='bbox 1037 4829 1342 4904; x_wconf 86' lang='lat' dir='ltr'><strong>conjugiis,</strong></span> <span class='ocrx_word' id='word_1_327' title='bbox 1393 4825 1695 4899; x_wconf 84' lang='lat' dir='ltr'><strong>postposito</strong></span> <span class='ocrx_word' id='word_1_328' title='bbox 1744 4822 1842 4878; x_wconf 92' lang='lat' dir='ltr'><strong>Dei</strong></span> <span class='ocrx_word' id='word_1_329' title='bbox 1899 4821 2114 4880; x_wconf 88' lang='lat' dir='ltr'><strong>timore,</strong></span> 
     </span>
    </p>
   </div>
   <div class='ocr_carea' id='block_1_55' title="bbox 517 4905 2121 4988">
    <p class='ocr_par' dir='ltr' id='par_1_55' title="bbox 517 4905 2121 4988">
     <span class='ocr_line' id='line_1_55' title="bbox 517 4905 2121 4988; baseline -0.016 -4"><span class='ocrx_word' id='word_1_330' title='bbox 517 4927 742 4984; x_wconf 90' lang='lat' dir='ltr'><strong>secundi</strong></span> <span class='ocrx_word' id='word_1_331' title='bbox 775 4925 862 4981; x_wconf 91' lang='lat' dir='ltr'><strong>vel</strong></span> <span class='ocrx_word' id='word_1_332' title='bbox 904 4923 1066 4988; x_wconf 90' lang='lat' dir='ltr'><strong>tertii,</strong></span> <span class='ocrx_word' id='word_1_333' title='bbox 1114 4921 1291 4976; x_wconf 89' lang='lat' dir='ltr'><strong>adhuc</strong></span> <span class='ocrx_word' id='word_1_334' title='bbox 1351 4933 1519 4973; x_wconf 89' lang='lat' dir='ltr'><strong>uxore</strong></span> <span class='ocrx_word' id='word_1_335' title='bbox 1581 4915 1818 4976; x_wconf 86' lang='lat' dir='ltr'><strong>vivente,</strong></span> <span class='ocrx_word' id='word_1_336' title='bbox 1881 4905 2121 4977; x_wconf 87' lang='lat' dir='ltr'><strong>conjugii</strong></span> 
     </span>
    </p>
   </div>
   <div class='ocr_carea' id='block_1_56' title="bbox 520 4997 2120 5088">
    <p class='ocr_par' dir='ltr' id='par_1_56' title="bbox 520 4997 2120 5088">
     <span class='ocr_line' id='line_1_56' title="bbox 520 4997 2120 5088; baseline -0.016 -15"><span class='ocrx_word' id='word_1_337' title='bbox 520 5016 770 5088; x_wconf 90' lang='lat' dir='ltr'><strong>copulam</strong></span> <span class='ocrx_word' id='word_1_338' title='bbox 814 5013 1154 5070; x_wconf 89' lang='lat' dir='ltr'><strong>contrahant.</strong></span> <span class='ocrx_word' id='word_1_339' title='bbox 1191 5011 1270 5064; x_wconf 93' lang='lat' dir='ltr'><strong>De</strong></span> <span class='ocrx_word' id='word_1_340' title='bbox 1315 5007 1512 5079; x_wconf 89' lang='lat' dir='ltr'><strong>quibus</strong></span> <span class='ocrx_word' id='word_1_341' title='bbox 1547 5003 1692 5060; x_wconf 90' lang='lat' dir='ltr'><strong>Otilo</strong></span> <span class='ocrx_word' id='word_1_342' title='bbox 1721 5000 1941 5073; x_wconf 91' lang='lat' dir='ltr'><strong>quidam</strong></span> <span class='ocrx_word' id='word_1_343' title='bbox 1980 4997 2120 5088; x_wconf 79' lang='lat' dir='ltr'><strong>intra</strong></span> 
     </span>
    </p>
   </div>
   <div class='ocr_carea' id='block_1_57' title="bbox 517 5081 2123 5180">
    <p class='ocr_par' dir='ltr' id='par_1_57' title="bbox 517 5081 2123 5180">
     <span class='ocr_line' id='line_1_57' title="bbox 517 5081 2123 5180; baseline -0.017 -17"><span class='ocrx_word' id='word_1_344' title='bbox 517 5081 834 5180; x_wconf 73' lang='lat' dir='ltr'><strong>parochiam</strong></span> <span class='ocrx_word' id='word_1_345' title='bbox 865 5099 1127 5174; x_wconf 83' lang='lat' dir='ltr'><strong>Rostagni</strong></span> <span class='ocrx_word' id='word_1_346' title='bbox 1183 5094 1519 5153; x_wconf 82' lang='lat' dir='ltr'><strong>Arelatensis</strong></span> <span class='ocrx_word' id='word_1_347' title='bbox 1557 5089 1818 5163; x_wconf 83' lang='lat' dir='ltr'><strong>episcOpi,</strong></span> <span class='ocrx_word' id='word_1_348' title='bbox 1853 5097 1904 5142; x_wconf 90' lang='lat' dir='ltr'><strong>et</strong></span> <span class='ocrx_word' id='word_1_349' title='bbox 1957 5081 2123 5141; x_wconf 91' lang='lat' dir='ltr'><strong>Eool—</strong></span> 
     </span>
    </p>
   </div>
   <div class='ocr_carea' id='block_1_58' title="bbox 523 5171 2123 5251">
    <p class='ocr_par' dir='ltr' id='par_1_58' title="bbox 523 5171 2123 5251">
     <span class='ocr_line' id='line_1_58' title="bbox 523 5171 2123 5251; baseline -0.017 1"><span class='ocrx_word' id='word_1_350' title='bbox 523 5171 626 5251; x_wconf 74' lang='lat' dir='ltr'><strong>dus</strong></span> <span class='ocrx_word' id='word_1_351' title='bbox 655 5196 800 5250; x_wconf 88' lang='lat' dir='ltr'><strong>intra</strong></span> <span class='ocrx_word' id='word_1_352' title='bbox 843 5171 1112 5248; x_wconf 79' lang='lat' dir='ltr'><strong>Ottramni</strong></span> <span class='ocrx_word' id='word_1_353' title='bbox 1155 5184 1480 5242; x_wconf 88' lang='lat' dir='ltr'><strong>Viennensis</strong></span> <span class='ocrx_word' id='word_1_354' title='bbox 1527 5176 1939 5250; x_wconf 88' lang='lat' dir='ltr'><strong>archiepiscopi,</strong></span> <span class='ocrx_word' id='word_1_355' title='bbox 1992 5171 2123 5227; x_wconf 90' lang='lat' dir='ltr'><strong>talia</strong></span> 
     </span>
    </p>
   </div>
   <div class='ocr_carea' id='block_1_59' title="bbox 524 5269 2124 5341">
    <p class='ocr_par' dir='ltr' id='par_1_59' title="bbox 524 5269 2124 5341">
     <span class='ocr_line' id='line_1_59' title="bbox 524 5269 2124 5341; baseline -0.016 0"><span class='ocrx_word' id='word_1_356' title='bbox 524 5285 722 5341; x_wconf 85' lang='lat' dir='ltr'><strong>fecisse</strong></span> <span class='ocrx_word' id='word_1_357' title='bbox 775 5281 1068 5336; x_wconf 90' lang='lat' dir='ltr'><strong>multorum</strong></span> <span class='ocrx_word' id='word_1_358' title='bbox 1146 5275 1292 5332; x_wconf 81' lang='lat' dir='ltr'><strong>fama</strong></span> <span class='ocrx_word' id='word_1_359' title='bbox 1338 5271 1589 5328; x_wconf 80' lang='lat' dir='ltr'><strong>refertur.</strong></span> <span class='ocrx_word' id='word_1_360' title='bbox 1642 5269 1727 5324; x_wconf 82' lang='lat' dir='ltr'><strong>Ad</strong></span> <span class='ocrx_word' id='word_1_361' title='bbox 1773 5271 2124 5338; x_wconf 81' lang='lat' dir='ltr'><strong>augmentum</strong></span> 
     </span>
    </p>
   </div>
   <div class='ocr_carea' id='block_1_60' title="bbox 525 5349 2123 5445">
    <p class='ocr_par' dir='ltr' id='par_1_60' title="bbox 525 5349 2123 5445">
     <span class='ocr_line' id='line_1_60' title="bbox 525 5349 2123 5445; baseline -0.016 -15"><span class='ocrx_word' id='word_1_362' title='bbox 525 5389 742 5445; x_wconf 89' lang='lat' dir='ltr'><strong>quoque</strong></span> <span class='ocrx_word' id='word_1_363' title='bbox 782 5387 970 5427; x_wconf 89' lang='lat' dir='ltr'><strong>earum</strong></span> <span class='ocrx_word' id='word_1_364' title='bbox 1013 5364 1528 5439; x_wconf 75' lang='lat' dir='ltr'><strong>transgressionem,</strong></span> <span class='ocrx_word' id='word_1_365' title='bbox 1559 5357 1706 5431; x_wconf 90' lang='lat' dir='ltr'><strong>quod</strong></span> <span class='ocrx_word' id='word_1_366' title='bbox 1753 5354 2006 5410; x_wconf 87' lang='lat' dir='ltr'><strong>ﬂebiliter</strong></span> <span class='ocrx_word' id='word_1_367' title='bbox 2037 5349 2123 5404; x_wconf 81' lang='lat' dir='ltr'><strong>di-</strong></span> 
     </span>
    </p>
   </div>
   <div class='ocr_carea' id='block_1_61' title="bbox 522 5440 2126 5530">
    <p class='ocr_par' dir='ltr' id='par_1_61' title="bbox 522 5440 2126 5530">
     <span class='ocr_line' id='line_1_61' title="bbox 522 5440 2126 5530; baseline -0.016 -13"><span class='ocrx_word' id='word_1_368' title='bbox 522 5440 714 5530; x_wconf 74' lang='lat' dir='ltr'><strong>cimus,</strong></span> <span class='ocrx_word' id='word_1_369' title='bbox 775 5459 1016 5514; x_wconf 90' lang='lat' dir='ltr'><strong>additum</strong></span> <span class='ocrx_word' id='word_1_370' title='bbox 1075 5465 1158 5512; x_wconf 90' lang='lat' dir='ltr'><strong>est</strong></span> <span class='ocrx_word' id='word_1_371' title='bbox 1235 5452 1382 5526; x_wconf 89' lang='lat' dir='ltr'><strong>quod</strong></span> <span class='ocrx_word' id='word_1_372' title='bbox 1461 5449 1848 5519; x_wconf 90' lang='lat' dir='ltr'><strong>episcoporum</strong></span> <span class='ocrx_word' id='word_1_373' title='bbox 1906 5440 2126 5514; x_wconf 88' lang='lat' dir='ltr'><strong>quidam</strong></span> 
     </span>
    </p>
   </div>
   <div class='ocr_carea' id='block_1_62' title="bbox 522 5533 2126 5620">
    <p class='ocr_par' dir='ltr' id='par_1_62' title="bbox 522 5533 2126 5620">
     <span class='ocr_line' id='line_1_62' title="bbox 522 5533 2126 5620; baseline -0.014 -16"><span class='ocrx_word' id='word_1_374' title='bbox 522 5549 664 5606; x_wconf 88' lang='lat' dir='ltr'><strong>intra</strong></span> <span class='ocrx_word' id='word_1_375' title='bbox 713 5556 922 5620; x_wconf 88' lang='lat' dir='ltr'><strong>septem</strong></span> <span class='ocrx_word' id='word_1_376' title='bbox 972 5543 1280 5618; x_wconf 89' lang='lat' dir='ltr'><strong>provincias</strong></span> <span class='ocrx_word' id='word_1_377' title='bbox 1347 5537 1669 5602; x_wconf 88' lang='lat' dir='ltr'><strong>Galliarum,</strong></span> <span class='ocrx_word' id='word_1_378' title='bbox 1733 5533 1942 5590; x_wconf 89' lang='lat' dir='ltr'><strong>calcato</strong></span> <span class='ocrx_word' id='word_1_379' title='bbox 2007 5537 2126 5584; x_wconf 89' lang='lat' dir='ltr'><strong>ter-</strong></span> 
     </span>
    </p>
   </div>
   <div class='ocr_carea' id='block_1_63' title="bbox 2197 465 3802 536">
    <p class='ocr_par' dir='ltr' id='par_1_63' title="bbox 2197 465 3802 536">
     <span class='ocr_line' id='line_1_63' title="bbox 2197 465 3802 536; baseline -0.001 -14"><span class='ocrx_word' id='word_1_380' title='bbox 2197 470 2341 534; x_wconf 87' lang='lat' dir='ltr'><strong>talis,</strong></span> <span class='ocrx_word' id='word_1_381' title='bbox 2411 469 2478 524; x_wconf 91' lang='lat' dir='ltr'><strong>de</strong></span> <span class='ocrx_word' id='word_1_382' title='bbox 2519 468 2716 522; x_wconf 91' lang='lat' dir='ltr'><strong>minori</strong></span> <span class='ocrx_word' id='word_1_383' title='bbox 2773 469 2842 522; x_wconf 89' lang='lat' dir='ltr'><strong>ad</strong></span> <span class='ocrx_word' id='word_1_384' title='bbox 2889 468 3148 536; x_wconf 87' lang='lat' dir='ltr'><strong>majorem</strong></span> <span class='ocrx_word' id='word_1_385' title='bbox 3205 466 3442 520; x_wconf 90' lang='lat' dir='ltr'><strong>ambitus</strong></span> <span class='ocrx_word' id='word_1_386' title='bbox 3487 480 3658 521; x_wconf 88' lang='lat' dir='ltr'><strong>causa</strong></span> <span class='ocrx_word' id='word_1_387' title='bbox 3705 465 3802 520; x_wconf 48' lang='lat' dir='ltr'><strong>dab</strong></span> 
     </span>
    </p>
   </div>
   <div class='ocr_carea' id='block_1_64' title="bbox 2195 553 3804 630">
    <p class='ocr_par' dir='ltr' id='par_1_64' title="bbox 2195 553 3804 630">
     <span class='ocr_line' id='line_1_64' title="bbox 2195 553 3804 630; baseline -0.002 -18"><span class='ocrx_word' id='word_1_388' title='bbox 2195 559 2432 630; x_wconf 88' lang='lat' dir='ltr'><strong>migrant</strong></span> <span class='ocrx_word' id='word_1_389' title='bbox 2481 556 2844 627; x_wconf 88' lang='lat' dir='ltr'><strong>episcopalem</strong></span> <span class='ocrx_word' id='word_1_390' title='bbox 2899 556 3234 612; x_wconf 75' lang='lat' dir='ltr'><strong>cathedram.</strong></span> <span class='ocrx_word' id='word_1_391' title='bbox 3295 553 3506 623; x_wconf 87' lang='lat' dir='ltr'><strong>Quibus</strong></span> <span class='ocrx_word' id='word_1_392' title='bbox 3564 569 3804 609; x_wconf 89' lang='lat' dir='ltr'><strong>canones</strong></span> 
     </span>
    </p>
   </div>
   <div class='ocr_carea' id='block_1_65' title="bbox 2197 642 3797 716">
    <p class='ocr_par' dir='ltr' id='par_1_65' title="bbox 2197 642 3797 716">
     <span class='ocr_line' id='line_1_65' title="bbox 2197 642 3797 716; baseline -0.003 -15"><span class='ocrx_word' id='word_1_393' title='bbox 2197 645 2430 716; x_wconf 89' lang='lat' dir='ltr'><strong>Spiritus</strong></span> <span class='ocrx_word' id='word_1_394' title='bbox 2493 644 2664 701; x_wconf 86' lang='lat' dir='ltr'><strong>sancti</strong></span> <span class='ocrx_word' id='word_1_395' title='bbox 2729 645 2900 716; x_wconf 87' lang='lat' dir='ltr'><strong>gratia</strong></span> <span class='ocrx_word' id='word_1_396' title='bbox 2965 644 3308 700; x_wconf 90' lang='lat' dir='ltr'><strong>concorditer</strong></span> <span class='ocrx_word' id='word_1_397' title='bbox 3391 642 3797 699; x_wconf 87' lang='lat' dir='ltr'><strong>contradicunt.</strong></span> 
     </span>
    </p>
   </div>
   <div class='ocr_carea' id='block_1_66' title="bbox 2195 729 3802 806">
    <p class='ocr_par' dir='ltr' id='par_1_66' title="bbox 2195 729 3802 806">
     <span class='ocr_line' id='line_1_66' title="bbox 2195 729 3802 806; baseline -0.003 -17"><span class='ocrx_word' id='word_1_398' title='bbox 2195 735 2309 790; x_wconf 83' lang='lat' dir='ltr'><strong>Nos</strong></span> <span class='ocrx_word' id='word_1_399' title='bbox 2385 749 2603 806; x_wconf 89' lang='lat' dir='ltr'><strong>quoque</strong></span> <span class='ocrx_word' id='word_1_400' title='bbox 2669 749 2879 801; x_wconf 88' lang='lat' dir='ltr'><strong>eorum,</strong></span> <span class='ocrx_word' id='word_1_401' title='bbox 2933 747 3070 804; x_wconf 91' lang='lat' dir='ltr'><strong>quos</strong></span> <span class='ocrx_word' id='word_1_402' title='bbox 3139 739 3470 788; x_wconf 90' lang='lat' dir='ltr'><strong>veneranter</strong></span> <span class='ocrx_word' id='word_1_403' title='bbox 3523 729 3802 785; x_wconf 83' lang='lat' dir='ltr'><strong>imitamur</strong></span> 
     </span>
    </p>
   </div>
   <div class='ocr_carea' id='block_1_67' title="bbox 2194 818 3802 895">
    <p class='ocr_par' dir='ltr' id='par_1_67' title="bbox 2194 818 3802 895">
     <span class='ocr_line' id='line_1_67' title="bbox 2194 818 3802 895; baseline -0.004 -17"><span class='ocrx_word' id='word_1_404' title='bbox 2194 831 2355 895; x_wconf 86' lang='lat' dir='ltr'><strong>atque</strong></span> <span class='ocrx_word' id='word_1_405' title='bbox 2379 821 2811 893; x_wconf 90' lang='lat' dir='ltr'><strong>complectimur,</strong></span> <span class='ocrx_word' id='word_1_406' title='bbox 2864 837 3206 894; x_wconf 90' lang='lat' dir='ltr'><strong>quorumque</strong></span> <span class='ocrx_word' id='word_1_407' title='bbox 3255 821 3474 875; x_wconf 90' lang='lat' dir='ltr'><strong>statutis</strong></span> <span class='ocrx_word' id='word_1_408' title='bbox 3521 818 3802 874; x_wconf 87' lang='lat' dir='ltr'><strong>consenti-</strong></span> 
     </span>
    </p>
   </div>
   <div class='ocr_carea' id='block_1_68' title="bbox 2195 905 3804 982">
    <p class='ocr_par' dir='ltr' id='par_1_68' title="bbox 2195 905 3804 982">
     <span class='ocr_line' id='line_1_68' title="bbox 2195 905 3804 982; baseline -0.004 -16"><span class='ocrx_word' id='word_1_409' title='bbox 2195 927 2335 972; x_wconf 87' lang='lat' dir='ltr'><strong>mus.</strong></span> <span class='ocrx_word' id='word_1_410' title='bbox 2367 910 2847 982; x_wconf 89' lang='lat' dir='ltr'><strong>Ecclesiarumque</strong></span> <span class='ocrx_word' id='word_1_411' title='bbox 2897 909 3344 982; x_wconf 87' lang='lat' dir='ltr'><strong>gubernationem</strong></span> <span class='ocrx_word' id='word_1_412' title='bbox 3377 917 3652 975; x_wconf 87' lang='lat' dir='ltr'><strong>tenemus,</strong></span> <span class='ocrx_word' id='word_1_413' title='bbox 3687 905 3804 961; x_wconf 82' lang='lat' dir='ltr'><strong>fulti</strong></span> 
     </span>
    </p>
   </div>
   <div class='ocr_carea' id='block_1_69' title="bbox 2195 996 3798 1067">
    <p class='ocr_par' dir='ltr' id='par_1_69' title="bbox 2195 996 3798 1067">
     <span class='ocr_line' id='line_1_69' title="bbox 2195 996 3798 1067; baseline -0.004 -12"><span class='ocrx_word' id='word_1_414' title='bbox 2195 1001 2392 1056; x_wconf 90' lang='lat' dir='ltr'><strong>virtute</strong></span> <span class='ocrx_word' id='word_1_415' title='bbox 2449 999 2837 1065; x_wconf 89' lang='lat' dir='ltr'><strong>interdicimus,</strong></span> <span class='ocrx_word' id='word_1_416' title='bbox 2891 1006 2944 1054; x_wconf 89' lang='lat' dir='ltr'><strong>et</strong></span> <span class='ocrx_word' id='word_1_417' title='bbox 3011 999 3068 1052; x_wconf 90' lang='lat' dir='ltr'><strong>in</strong></span> <span class='ocrx_word' id='word_1_418' title='bbox 3123 997 3378 1054; x_wconf 65' lang='lat' dir='ltr'><strong>hmrendo</strong></span> <span class='ocrx_word' id='word_1_419' title='bbox 3433 996 3798 1067; x_wconf 84' lang='lat' dir='ltr'><strong>prohibimus,</strong></span> 
     </span>
    </p>
   </div>
   <div class='ocr_carea' id='block_1_70' title="bbox 2197 1083 3802 1160">
    <p class='ocr_par' dir='ltr' id='par_1_70' title="bbox 2197 1083 3802 1160">
     <span class='ocr_line' id='line_1_70' title="bbox 2197 1083 3802 1160; baseline -0.005 -14"><span class='ocrx_word' id='word_1_420' title='bbox 2197 1106 2264 1146; x_wconf 88' lang='lat' dir='ltr'><strong>ne</strong></span> <span class='ocrx_word' id='word_1_421' title='bbox 2323 1089 2609 1160; x_wconf 88' lang='lat' dir='ltr'><strong>quisquam</strong></span> <span class='ocrx_word' id='word_1_422' title='bbox 2656 1089 3044 1144; x_wconf 88' lang='lat' dir='ltr'><strong>catholicorum</strong></span> <span class='ocrx_word' id='word_1_423' title='bbox 3109 1087 3286 1142; x_wconf 86' lang='lat' dir='ltr'><strong>taliter</strong></span> <span class='ocrx_word' id='word_1_424' title='bbox 3347 1085 3542 1140; x_wconf 87' lang='lat' dir='ltr'><strong>audeat</strong></span> <span class='ocrx_word' id='word_1_425' title='bbox 3601 1083 3802 1139; x_wconf 88' lang='lat' dir='ltr'><strong>amodo</strong></span> 
     </span>
    </p>
   </div>
   <div class='ocr_carea' id='block_1_71' title="bbox 2197 1173 3832 1249">
    <p class='ocr_par' dir='ltr' id='par_1_71' title="bbox 2197 1173 3832 1249">
     <span class='ocr_line' id='line_1_71' title="bbox 2197 1173 3832 1249; baseline -0.006 -16"><span class='ocrx_word' id='word_1_426' title='bbox 2197 1187 2250 1234; x_wconf 89' lang='lat' dir='ltr'><strong>et</strong></span> <span class='ocrx_word' id='word_1_427' title='bbox 2280 1178 2541 1247; x_wconf 91' lang='lat' dir='ltr'><strong>deinceps</strong></span> <span class='ocrx_word' id='word_1_428' title='bbox 2591 1192 2781 1249; x_wconf 86' lang='lat' dir='ltr'><strong>agere,</strong></span> <span class='ocrx_word' id='word_1_429' title='bbox 2825 1183 2878 1231; x_wconf 91' lang='lat' dir='ltr'><strong>et</strong></span> <span class='ocrx_word' id='word_1_430' title='bbox 2924 1176 2989 1240; x_wconf 91' lang='lat' dir='ltr'><strong>si,</strong></span> <span class='ocrx_word' id='word_1_431' title='bbox 3031 1184 3088 1229; x_wconf 92' lang='lat' dir='ltr'><strong>ut</strong></span> <span class='ocrx_word' id='word_1_432' title='bbox 3127 1191 3235 1229; x_wconf 90' lang='lat' dir='ltr'><strong>non</strong></span> <span class='ocrx_word' id='word_1_433' title='bbox 3277 1182 3546 1244; x_wconf 85' lang='lat' dir='ltr'><strong>Optamus,</strong></span> <span class='ocrx_word' id='word_1_434' title='bbox 3611 1173 3832 1227; x_wconf 89' lang='lat' dir='ltr'><strong>hacte-.</strong></span> 
     </span>
    </p>
   </div>
   <div class='ocr_carea' id='block_1_72' title="bbox 2197 1260 3804 1337">
    <p class='ocr_par' dir='ltr' id='par_1_72' title="bbox 2197 1260 3804 1337">
     <span class='ocr_line' id='line_1_72' title="bbox 2197 1260 3804 1337; baseline -0.006 -17"><span class='ocrx_word' id='word_1_435' title='bbox 2197 1283 2299 1321; x_wconf 92' lang='lat' dir='ltr'><strong>nus</strong></span> <span class='ocrx_word' id='word_1_436' title='bbox 2329 1265 2622 1337; x_wconf 87' lang='lat' dir='ltr'><strong>quidquam</strong></span> <span class='ocrx_word' id='word_1_437' title='bbox 2653 1264 2834 1320; x_wconf 90' lang='lat' dir='ltr'><strong>taliter</strong></span> <span class='ocrx_word' id='word_1_438' title='bbox 2883 1271 3063 1320; x_wconf 85' lang='lat' dir='ltr'><strong>actum</strong></span> <span class='ocrx_word' id='word_1_439' title='bbox 3097 1271 3199 1329; x_wconf 88' lang='lat' dir='ltr'><strong>est,</strong></span> <span class='ocrx_word' id='word_1_440' title='bbox 3251 1262 3420 1333; x_wconf 81' lang='lat' dir='ltr'><strong>digna</strong></span> <span class='ocrx_word' id='word_1_441' title='bbox 3457 1260 3804 1332; x_wconf 67' lang='lat' dir='ltr'><strong>paenitudine</strong></span> 
     </span>
    </p>
   </div>
   <div class='ocr_carea' id='block_1_73' title="bbox 2198 1349 3806 1426">
    <p class='ocr_par' dir='ltr' id='par_1_73' title="bbox 2198 1349 3806 1426">
     <span class='ocr_line' id='line_1_73' title="bbox 2198 1349 3806 1426; baseline -0.005 -16"><span class='ocrx_word' id='word_1_442' title='bbox 2198 1353 2567 1410; x_wconf 90' lang='lat' dir='ltr'><strong>ecclesiastica</strong></span> <span class='ocrx_word' id='word_1_443' title='bbox 2623 1353 2941 1426; x_wconf 87' lang='lat' dir='ltr'><strong>corrigatur.</strong></span> <span class='ocrx_word' id='word_1_444' title='bbox 3011 1351 3255 1422; x_wconf 90' lang='lat' dir='ltr'><strong>Denique</strong></span> <span class='ocrx_word' id='word_1_445' title='bbox 3329 1351 3432 1404; x_wconf 89' lang='lat' dir='ltr'><strong>hac</strong></span> <span class='ocrx_word' id='word_1_446' title='bbox 3479 1349 3806 1404; x_wconf 88' lang='lat' dir='ltr'><strong>auctoritate</strong></span> 
     </span>
    </p>
   </div>
   <div class='ocr_carea' id='block_1_74' title="bbox 2198 1437 3808 1515">
    <p class='ocr_par' dir='ltr' id='par_1_74' title="bbox 2198 1437 3808 1515">
     <span class='ocr_line' id='line_1_74' title="bbox 2198 1437 3808 1515; baseline -0.005 -17"><span class='ocrx_word' id='word_1_447' title='bbox 2198 1443 2491 1515; x_wconf 89' lang='lat' dir='ltr'><strong>apostolica</strong></span> <span class='ocrx_word' id='word_1_448' title='bbox 2511 1443 2709 1498; x_wconf 89' lang='lat' dir='ltr'><strong>virtute</strong></span> <span class='ocrx_word' id='word_1_449' title='bbox 2731 1441 2830 1497; x_wconf 89' lang='lat' dir='ltr'><strong>Dei</strong></span> <span class='ocrx_word' id='word_1_450' title='bbox 2849 1440 3016 1496; x_wconf 88' lang='lat' dir='ltr'><strong>nostri</strong></span> <span class='ocrx_word' id='word_1_451' title='bbox 3045 1439 3433 1494; x_wconf 87' lang='lat' dir='ltr'><strong>intercedimus</strong></span> <span class='ocrx_word' id='word_1_452' title='bbox 3469 1447 3528 1492; x_wconf 90' lang='lat' dir='ltr'><strong>ut</strong></span> <span class='ocrx_word' id='word_1_453' title='bbox 3555 1437 3808 1507; x_wconf 84' lang='lat' dir='ltr'><strong>episcopi</strong></span> 
     </span>
    </p>
   </div>
   <div class='ocr_carea' id='block_1_75' title="bbox 2200 1524 3807 1602">
    <p class='ocr_par' dir='ltr' id='par_1_75' title="bbox 2200 1524 3807 1602">
     <span class='ocr_line' id='line_1_75' title="bbox 2200 1524 3807 1602; baseline -0.006 -16"><span class='ocrx_word' id='word_1_454' title='bbox 2200 1532 2270 1586; x_wconf 88' lang='lat' dir='ltr'><strong>ad</strong></span> <span class='ocrx_word' id='word_1_455' title='bbox 2327 1531 2610 1602; x_wconf 84' lang='lat' dir='ltr'><strong>pristinam</strong></span> <span class='ocrx_word' id='word_1_456' title='bbox 2673 1536 2858 1585; x_wconf 87' lang='lat' dir='ltr'><strong>sedem</strong></span> <span class='ocrx_word' id='word_1_457' title='bbox 2917 1529 3034 1584; x_wconf 90' lang='lat' dir='ltr'><strong>sine</strong></span> <span class='ocrx_word' id='word_1_458' title='bbox 3089 1543 3238 1582; x_wconf 86' lang='lat' dir='ltr'><strong>mora</strong></span> <span class='ocrx_word' id='word_1_459' title='bbox 3292 1527 3542 1592; x_wconf 87' lang='lat' dir='ltr'><strong>redeant,</strong></span> <span class='ocrx_word' id='word_1_460' title='bbox 3599 1525 3732 1596; x_wconf 90' lang='lat' dir='ltr'><strong>quia</strong></span> <span class='ocrx_word' id='word_1_461' title='bbox 3761 1524 3807 1578; x_wconf 91' lang='lat' dir='ltr'><strong>si</strong></span> 
     </span>
    </p>
   </div>
   <div class='ocr_carea' id='block_1_76' title="bbox 2199 1613 3804 1684">
    <p class='ocr_par' dir='ltr' id='par_1_76' title="bbox 2199 1613 3804 1684">
     <span class='ocr_line' id='line_1_76' title="bbox 2199 1613 3804 1684; baseline -0.005 -10"><span class='ocrx_word' id='word_1_462' title='bbox 2199 1620 2554 1684; x_wconf 87' lang='lat' dir='ltr'><strong>tardaverint,</strong></span> <span class='ocrx_word' id='word_1_463' title='bbox 2627 1619 2884 1675; x_wconf 91' lang='lat' dir='ltr'><strong>continuo</strong></span> <span class='ocrx_word' id='word_1_464' title='bbox 2977 1617 3123 1672; x_wconf 92' lang='lat' dir='ltr'><strong>omni</strong></span> <span class='ocrx_word' id='word_1_465' title='bbox 3207 1613 3532 1670; x_wconf 86' lang='lat' dir='ltr'><strong>sacerdotali</strong></span> <span class='ocrx_word' id='word_1_466' title='bbox 3593 1613 3804 1667; x_wconf 89' lang='lat' dir='ltr'><strong>honore</strong></span> 
     </span>
    </p>
   </div>
   <div class='ocr_carea' id='block_1_77' title="bbox 2128 1702 3816 1796">
    <p class='ocr_par' dir='ltr' id='par_1_77' title="bbox 2128 1702 3816 1796">
     <span class='ocr_line' id='line_1_77' title="bbox 2128 1702 3816 1796; baseline -0.006 -32"><span class='ocrx_word' id='word_1_467' title='bbox 2128 1737 2180 1796; x_wconf 78' lang='grc' dir='ltr'>Β</span> <span class='ocrx_word' id='word_1_468' title='bbox 2201 1709 2602 1780; x_wconf 89' lang='lat' dir='ltr'><strong>spoliabuntur;</strong></span> <span class='ocrx_word' id='word_1_469' title='bbox 2653 1715 2706 1762; x_wconf 93' lang='lat' dir='ltr'><strong>et</strong></span> <span class='ocrx_word' id='word_1_470' title='bbox 2763 1707 2890 1762; x_wconf 89' lang='lat' dir='ltr'><strong>laici</strong></span> <span class='ocrx_word' id='word_1_471' title='bbox 2937 1706 3166 1761; x_wconf 89' lang='lat' dir='ltr'><strong>redeant</strong></span> <span class='ocrx_word' id='word_1_472' title='bbox 3237 1704 3306 1758; x_wconf 90' lang='lat' dir='ltr'><strong>ad</strong></span> <span class='ocrx_word' id='word_1_473' title='bbox 3363 1702 3607 1773; x_wconf 86' lang='lat' dir='ltr'><strong>primum</strong></span> <span class='ocrx_word' id='word_1_474' title='bbox 3669 1716 3816 1756; x_wconf 81' lang='lat' dir='ltr'><strong>con-</strong></span> 
     </span>
    </p>
   </div>
   <div class='ocr_carea' id='block_1_78' title="bbox 2193 1813 2404 1869">
    <p class='ocr_par' dir='ltr' id='par_1_78' title="bbox 2193 1813 2404 1869">
     <span class='ocr_line' id='line_1_78' title="bbox 2193 1813 2404 1869; baseline -0.005 -17"><span class='ocrx_word' id='word_1_475' title='bbox 2193 1813 2404 1869; x_wconf 79' lang='lat' dir='ltr'><strong>Jugium</strong></span> 
     </span>
    </p>
   </div>
   <div class='ocr_carea' id='block_1_79' title="bbox 2463 1789 3804 1860">
    <p class='ocr_par' dir='ltr' id='par_1_79' title="bbox 2463 1789 3804 1860">
     <span class='ocr_line' id='line_1_79' title="bbox 2463 1789 3804 1860; baseline -0.006 -9"><span class='ocrx_word' id='word_1_476' title='bbox 2463 1813 2476 1852; x_wconf 91' lang='lat'><strong>:</strong></span> <span class='ocrx_word' id='word_1_477' title='bbox 2531 1796 2614 1851; x_wconf 90' lang='lat' dir='ltr'><strong>sin</strong></span> <span class='ocrx_word' id='word_1_478' title='bbox 2662 1804 2862 1860; x_wconf 88' lang='lat' dir='ltr'><strong>autem,</strong></span> <span class='ocrx_word' id='word_1_479' title='bbox 2928 1794 3144 1850; x_wconf 89' lang='lat' dir='ltr'><strong>vinculo</strong></span> <span class='ocrx_word' id='word_1_480' title='bbox 3213 1790 3585 1848; x_wconf 87' lang='lat' dir='ltr'><strong>anathematis</strong></span> <span class='ocrx_word' id='word_1_481' title='bbox 3639 1789 3804 1845; x_wconf 85' lang='lat' dir='ltr'><strong>inno-</strong></span> 
     </span>
    </p>
   </div>
   <div class='ocr_carea' id='block_1_80' title="bbox 2197 1887 2410 1942">
    <p class='ocr_par' dir='ltr' id='par_1_80' title="bbox 2197 1887 2410 1942">
     <span class='ocr_line' id='line_1_80' title="bbox 2197 1887 2410 1942; baseline 0 -2"><span class='ocrx_word' id='word_1_482' title='bbox 2197 1887 2410 1942; x_wconf 89' lang='lat' dir='ltr'><strong>dentur.</strong></span> 
     </span>
    </p>
   </div>
   <div class='ocr_carea' id='block_1_81' title="bbox 2791 1987 3200 2044">
    <p class='ocr_par' dir='ltr' id='par_1_81' title="bbox 2791 1987 3200 2044">
     <span class='ocr_line' id='line_1_81' title="bbox 2791 1987 3200 2044; baseline -0.005 0"><span class='ocrx_word' id='word_1_483' title='bbox 2791 1987 3200 2044; x_wconf 80' lang='lat' dir='ltr'><strong>CCCLXXXII.</strong></span> 
     </span>
    </p>
   </div>
   <div class='ocr_carea' id='block_1_82' title="bbox 2342 2089 3655 2135">
    <p class='ocr_par' dir='ltr' id='par_1_82' title="bbox 2342 2089 3655 2135">
     <span class='ocr_line' id='line_1_82' title="bbox 2342 2089 3655 2135; baseline -0.003 -1"><span class='ocrx_word' id='word_1_484' title='bbox 2342 2095 2413 2134; x_wconf 80' lang='lat' dir='ltr'><strong>AD</strong></span> <span class='ocrx_word' id='word_1_485' title='bbox 2444 2095 2662 2135; x_wconf 68' lang='lat' dir='ltr'><strong>CLEBUM</strong></span> <span class='ocrx_word' id='word_1_486' title='bbox 2682 2094 2752 2133; x_wconf 80' lang='lat' dir='ltr'><strong>ET</strong></span> <span class='ocrx_word' id='word_1_487' title='bbox 2783 2093 3040 2132; x_wconf 76' lang='lat' dir='ltr'><strong>POPULUM</strong></span> <span class='ocrx_word' id='word_1_488' title='bbox 3067 2089 3655 2131; x_wconf 73' lang='lat' dir='ltr'><strong>AUGUSTODUNENSEN.</strong></span> 
     </span>
    </p>
   </div>
   <div class='ocr_carea' id='block_1_83' title="bbox 2865 2165 3150 2234">
    <p class='ocr_par' dir='ltr' id='par_1_83' title="bbox 2865 2165 3150 2234">
     <span class='ocr_line' id='line_1_83' title="bbox 2865 2165 3150 2234; baseline -0.007 -14"><span class='ocrx_word' id='word_1_489' title='bbox 2865 2167 2992 2234; x_wconf 80' lang='lat' dir='ltr'><strong>(An.</strong></span> <span class='ocrx_word' id='word_1_490' title='bbox 3019 2165 3150 2234; x_wconf 92' lang='lat' dir='ltr'><strong>inc).</strong></span> 
     </span>
    </p>
   </div>
   <div class='ocr_carea' id='block_1_84' title="bbox 2203 2252 3810 2330">
    <p class='ocr_par' dir='ltr' id='par_1_84' title="bbox 2203 2252 3810 2330">
     <span class='ocr_line' id='line_1_84' title="bbox 2203 2252 3810 2330; baseline -0.005 -16"><span class='ocrx_word' id='word_1_491' title='bbox 2203 2258 2572 2330; x_wconf 79' lang='lat' dir='ltr'><strong>Privilegium</strong></span> <span class='ocrx_word' id='word_1_492' title='bbox 2617 2255 2873 2330; x_wconf 79' lang='lat' dir='ltr'><strong>concedit</strong></span> <span class='ocrx_word' id='word_1_493' title='bbox 2917 2271 3097 2330; x_wconf 79' lang='lat' dir='ltr'><strong>unum</strong></span> <span class='ocrx_word' id='word_1_494' title='bbox 3129 2269 3209 2330; x_wconf 56' lang='lat' dir='ltr'><strong>ea;</strong></span> <span class='ocrx_word' id='word_1_495' title='bbox 3234 2252 3373 2320; x_wconf 82' lang='lat' dir='ltr'><strong>suis,</strong></span> <span class='ocrx_word' id='word_1_496' title='bbox 3415 2269 3605 2330; x_wconf 84' lang='lat' dir='ltr'><strong>quem_</strong></span> <span class='ocrx_word' id='word_1_497' title='bbox 3626 2253 3810 2307; x_wconf 78' lang='lat' dir='ltr'><strong>clerus</strong></span> 
     </span>
    </p>
   </div>
   <div class='ocr_carea' id='block_1_85' title="bbox 2274 2323 3806 2400">
    <p class='ocr_par' dir='ltr' id='par_1_85' title="bbox 2274 2323 3806 2400">
     <span class='ocr_line' id='line_1_85' title="bbox 2274 2323 3806 2400; baseline -0.005 -16"><span class='ocrx_word' id='word_1_498' title='bbox 2274 2334 2330 2384; x_wconf 80' lang='lat' dir='ltr'><strong>et</strong></span> <span class='ocrx_word' id='word_1_499' title='bbox 2355 2323 2596 2400; x_wconf 71' lang='lat' dir='ltr'><strong>populus</strong></span> <span class='ocrx_word' id='word_1_500' title='bbox 2613 2325 3070 2400; x_wconf 78' lang='lat' dir='ltr'><strong>proclamaverit,</strong></span> <span class='ocrx_word' id='word_1_501' title='bbox 3103 2325 3209 2400; x_wconf 59' lang='lat' dir='ltr'><strong>sibi</strong></span> <span class='ocrx_word' id='word_1_502' title='bbox 3257 2323 3658 2400; x_wconf 61' lang='lat' dir='ltr'><strong>pra’ponendi,</strong></span> <span class='ocrx_word' id='word_1_503' title='bbox 3694 2338 3806 2400; x_wconf 67' lang='lat' dir='ltr'><strong>non</strong></span> 
     </span>
    </p>
   </div>
   <div class='ocr_carea' id='block_1_86' title="bbox 2275 2394 3808 2467">
    <p class='ocr_par' dir='ltr' id='par_1_86' title="bbox 2275 2394 3808 2467">
     <span class='ocr_line' id='line_1_86' title="bbox 2275 2394 3808 2467; baseline -0.006 -12"><span class='ocrx_word' id='word_1_504' title='bbox 2275 2394 2534 2455; x_wconf 72' lang='lat' dir='ltr'><strong>obstante</strong></span> <span class='ocrx_word' id='word_1_505' title='bbox 2565 2394 2855 2454; x_wconf 76' lang='lat' dir='ltr'><strong>contrario</strong></span> <span class='ocrx_word' id='word_1_506' title='bbox 2885 2413 3079 2467; x_wconf 81' lang='lat' dir='ltr'><strong>regum</strong></span> <span class='ocrx_word' id='word_1_507' title='bbox 3097 2395 3183 2450; x_wconf 84' lang='lat' dir='ltr'><strong>vel</strong></span> <span class='ocrx_word' id='word_1_508' title='bbox 3202 2394 3536 2466; x_wconf 74' lang='lat' dir='ltr'><strong>principum</strong></span> <span class='ocrx_word' id='word_1_509' title='bbox 3565 2394 3808 2448; x_wconf 80' lang='lat' dir='ltr'><strong>delectu.</strong></span> 
     </span>
    </p>
   </div>
   <div class='ocr_carea' id='block_1_87' title="bbox 2274 2507 3840 2582">
    <p class='ocr_par' dir='ltr' id='par_1_87' title="bbox 2274 2507 3840 2582">
     <span class='ocr_line' id='line_1_87' title="bbox 2274 2507 3840 2582; baseline -0.003 -15"><span class='ocrx_word' id='word_1_510' title='bbox 2274 2515 2529 2568; x_wconf 72' lang='lat' dir='ltr'><strong>JOA‘NNES</strong></span> <span class='ocrx_word' id='word_1_511' title='bbox 2551 2512 2862 2582; x_wconf 90' lang='lat' dir='ltr'><strong>episcopus,</strong></span> <span class='ocrx_word' id='word_1_512' title='bbox 2897 2526 3088 2564; x_wconf 89' lang='lat' dir='ltr'><strong>servus</strong></span> <span class='ocrx_word' id='word_1_513' title='bbox 3112 2523 3394 2562; x_wconf 88' lang='lat' dir='ltr'><strong>servorum</strong></span> <span class='ocrx_word' id='word_1_514' title='bbox 3409 2507 3530 2574; x_wconf 92' lang='lat' dir='ltr'><strong>Dei,</strong></span> <span class='ocrx_word' id='word_1_515' title='bbox 3551 2508 3810 2562; x_wconf 85' lang='lat' dir='ltr'><strong>omnibus</strong></span> <span class='ocrx_word' id='word_1_516' title='bbox 3837 2521 3840 2524; x_wconf 79' lang='lat'><strong><em>&#39;</em></strong></span> 
     </span>
    </p>
   </div>
   <div class='ocr_carea' id='block_1_88' title="bbox 2205 2597 3812 2667">
    <p class='ocr_par' dir='ltr' id='par_1_88' title="bbox 2205 2597 3812 2667">
     <span class='ocr_line' id='line_1_88' title="bbox 2205 2597 3812 2667; baseline -0.004 -10"><span class='ocrx_word' id='word_1_517' title='bbox 2205 2603 2329 2658; x_wconf 83' lang='lat' dir='ltr'><strong>filiis</strong></span> <span class='ocrx_word' id='word_1_518' title='bbox 2362 2609 2565 2656; x_wconf 69' lang='lat' dir='ltr'><strong>sanctae</strong></span> <span class='ocrx_word' id='word_1_519' title='bbox 2594 2599 2866 2655; x_wconf 87' lang='lat' dir='ltr'><strong>Eduensis</strong></span> <span class='ocrx_word' id='word_1_520' title='bbox 2895 2597 3156 2654; x_wconf 71' lang='lat' dir='ltr'><strong>Ecclesia:</strong></span> <span class='ocrx_word' id='word_1_521' title='bbox 3186 2605 3238 2651; x_wconf 90' lang='lat' dir='ltr'><strong>et</strong></span> <span class='ocrx_word' id='word_1_522' title='bbox 3261 2613 3361 2667; x_wconf 91' lang='lat' dir='ltr'><strong>per</strong></span> <span class='ocrx_word' id='word_1_523' title='bbox 3391 2610 3492 2651; x_wconf 92' lang='lat' dir='ltr'><strong>vos</strong></span> <span class='ocrx_word' id='word_1_524' title='bbox 3521 2611 3812 2652; x_wconf 86' lang='lat' dir='ltr'><strong>successo-</strong></span> 
     </span>
    </p>
   </div>
   <div class='ocr_carea' id='block_1_89' title="bbox 2207 2688 3013 2758">
    <p class='ocr_par' dir='ltr' id='par_1_89' title="bbox 2207 2688 3013 2758">
     <span class='ocr_line' id='line_1_89' title="bbox 2207 2688 3013 2758; baseline -0.005 -14"><span class='ocrx_word' id='word_1_525' title='bbox 2207 2691 2357 2745; x_wconf 87' lang='lat' dir='ltr'><strong>ribus</strong></span> <span class='ocrx_word' id='word_1_526' title='bbox 2375 2688 2568 2744; x_wconf 87' lang='lat' dir='ltr'><strong>vestris</strong></span> <span class='ocrx_word' id='word_1_527' title='bbox 2589 2689 2644 2741; x_wconf 93' lang='lat' dir='ltr'><strong>in</strong></span> <span class='ocrx_word' id='word_1_528' title='bbox 2673 2695 3013 2758; x_wconf 89' lang='lat' dir='ltr'><strong>perpetuum.</strong></span> 
     </span>
    </p>
   </div>
   <div class='ocr_carea' id='block_1_90' title="bbox 2279 2773 3808 2845">
    <p class='ocr_par' dir='ltr' id='par_1_90' title="bbox 2279 2773 3808 2845">
     <span class='ocr_line' id='line_1_90' title="bbox 2279 2773 3808 2845; baseline -0.005 -12"><span class='ocrx_word' id='word_1_529' title='bbox 2279 2778 2532 2834; x_wconf 84' lang='lat' dir='ltr'><strong>Auditum</strong></span> <span class='ocrx_word' id='word_1_530' title='bbox 2550 2785 2632 2831; x_wconf 90' lang='lat' dir='ltr'><strong>est</strong></span> <span class='ocrx_word' id='word_1_531' title='bbox 2661 2776 2862 2830; x_wconf 89' lang='lat' dir='ltr'><strong>nostris</strong></span> <span class='ocrx_word' id='word_1_532' title='bbox 2895 2773 3211 2845; x_wconf 88' lang='lat' dir='ltr'><strong>apostolicis</strong></span> <span class='ocrx_word' id='word_1_533' title='bbox 3240 2773 3466 2828; x_wconf 89' lang='lat' dir='ltr'><strong>auribus</strong></span> <span class='ocrx_word' id='word_1_534' title='bbox 3510 2781 3562 2827; x_wconf 92' lang='lat' dir='ltr'><strong>et</strong></span> <span class='ocrx_word' id='word_1_535' title='bbox 3613 2773 3808 2828; x_wconf 85' lang='lat' dir='ltr'><strong>crebro</strong></span> 
     </span>
    </p>
   </div>
   <div class='ocr_carea' id='block_1_91' title="bbox 2207 2861 3809 2936">
    <p class='ocr_par' dir='ltr' id='par_1_91' title="bbox 2207 2861 3809 2936">
     <span class='ocr_line' id='line_1_91' title="bbox 2207 2861 3809 2936; baseline -0.004 -14"><span class='ocrx_word' id='word_1_536' title='bbox 2207 2869 2504 2922; x_wconf 89' lang='lat' dir='ltr'><strong>intimatum</strong></span> <span class='ocrx_word' id='word_1_537' title='bbox 2565 2865 2882 2936; x_wconf 90' lang='lat' dir='ltr'><strong>frequenter</strong></span> <span class='ocrx_word' id='word_1_538' title='bbox 2935 2863 3198 2918; x_wconf 88' lang='lat' dir='ltr'><strong>Ecclesiis</strong></span> <span class='ocrx_word' id='word_1_539' title='bbox 3256 2861 3560 2916; x_wconf 85' lang='lat' dir='ltr'><strong>Galliarum</strong></span> <span class='ocrx_word' id='word_1_540' title='bbox 3623 2870 3809 2916; x_wconf 86' lang='lat' dir='ltr'><strong>contra</strong></span> 
     </span>
    </p>
   </div>
   <div class='ocr_carea' id='block_1_92' title="bbox 2210 2950 3806 3020">
    <p class='ocr_par' dir='ltr' id='par_1_92' title="bbox 2210 2950 3806 3020">
     <span class='ocr_line' id='line_1_92' title="bbox 2210 2950 3806 3020; baseline -0.006 -7"><span class='ocrx_word' id='word_1_541' title='bbox 2210 2960 2428 3013; x_wconf 89' lang='lat' dir='ltr'><strong>decreta</strong></span> <span class='ocrx_word' id='word_1_542' title='bbox 2456 2971 2720 3010; x_wconf 87' lang='lat' dir='ltr'><strong>canonum</strong></span> <span class='ocrx_word' id='word_1_543' title='bbox 2753 2953 2806 3006; x_wconf 91' lang='lat' dir='ltr'><strong>in</strong></span> <span class='ocrx_word' id='word_1_544' title='bbox 2837 2951 3100 3007; x_wconf 90' lang='lat' dir='ltr'><strong>electione</strong></span> <span class='ocrx_word' id='word_1_545' title='bbox 3158 2966 3380 3005; x_wconf 89' lang='lat' dir='ltr'><strong>suorum</strong></span> <span class='ocrx_word' id='word_1_546' title='bbox 3423 2950 3806 3020; x_wconf 87' lang='lat' dir='ltr'><strong>episcoporum</strong></span> 
     </span>
    </p>
   </div>
   <div class='ocr_carea' id='block_1_93' title="bbox 2208 3039 3808 3108">
    <p class='ocr_par' dir='ltr' id='par_1_93' title="bbox 2208 3039 3808 3108">
     <span class='ocr_line' id='line_1_93' title="bbox 2208 3039 3808 3108; baseline -0.006 -7"><span class='ocrx_word' id='word_1_547' title='bbox 2208 3045 2525 3102; x_wconf 86' lang='lat' dir='ltr'><strong>violentiam</strong></span> <span class='ocrx_word' id='word_1_548' title='bbox 2549 3043 2768 3097; x_wconf 86' lang='lat' dir='ltr'><strong>inferre.</strong></span> <span class='ocrx_word' id='word_1_549' title='bbox 2804 3040 2962 3108; x_wconf 89' lang='lat' dir='ltr'><strong>Quod</strong></span> <span class='ocrx_word' id='word_1_550' title='bbox 2995 3055 3114 3102; x_wconf 89' lang='lat' dir='ltr'><strong>nos,</strong></span> <span class='ocrx_word' id='word_1_551' title='bbox 3150 3039 3232 3094; x_wconf 85' lang='lat' dir='ltr'><strong>cui</strong></span> <span class='ocrx_word' id='word_1_552' title='bbox 3263 3039 3640 3094; x_wconf 89' lang='lat' dir='ltr'><strong>Ecclesiarum</strong></span> <span class='ocrx_word' id='word_1_553' title='bbox 3685 3055 3808 3094; x_wconf 88' lang='lat' dir='ltr'><strong>om-</strong></span> 
     </span>
    </p>
   </div>
   <div class='ocr_carea' id='block_1_94' title="bbox 2211 3127 3808 3200">
    <p class='ocr_par' dir='ltr' id='par_1_94' title="bbox 2211 3127 3808 3200">
     <span class='ocr_line' id='line_1_94' title="bbox 2211 3127 3808 3200; baseline -0.006 -11"><span class='ocrx_word' id='word_1_554' title='bbox 2211 3135 2354 3189; x_wconf 90' lang='lat' dir='ltr'><strong>nium</strong></span> <span class='ocrx_word' id='word_1_555' title='bbox 2388 3149 2516 3188; x_wconf 90' lang='lat' dir='ltr'><strong>cura</strong></span> <span class='ocrx_word' id='word_1_556' title='bbox 2556 3131 2850 3186; x_wconf 83' lang='lat' dir='ltr'><strong>commissa</strong></span> <span class='ocrx_word' id='word_1_557' title='bbox 2880 3138 2962 3184; x_wconf 91' lang='lat' dir='ltr'><strong>est</strong></span> <span class='ocrx_word' id='word_1_558' title='bbox 2991 3129 3234 3200; x_wconf 87' lang='lat' dir='ltr'><strong>quamvis</strong></span> <span class='ocrx_word' id='word_1_559' title='bbox 3263 3127 3526 3199; x_wconf 82' lang='lat' dir='ltr'><strong>indignis,</strong></span> <span class='ocrx_word' id='word_1_560' title='bbox 3562 3127 3808 3181; x_wconf 86' lang='lat' dir='ltr'><strong>viscera-</strong></span> 
     </span>
    </p>
   </div>
   <div class='ocr_carea' id='block_1_95' title="bbox 2211 3215 3808 3284">
    <p class='ocr_par' dir='ltr' id='par_1_95' title="bbox 2211 3215 3808 3284">
     <span class='ocr_line' id='line_1_95' title="bbox 2211 3215 3808 3284; baseline -0.006 -7"><span class='ocrx_word' id='word_1_561' title='bbox 2211 3224 2334 3278; x_wconf 89' lang='lat' dir='ltr'><strong>liter</strong></span> <span class='ocrx_word' id='word_1_562' title='bbox 2363 3220 2738 3284; x_wconf 90' lang='lat' dir='ltr'><strong>condolentes,</strong></span> <span class='ocrx_word' id='word_1_563' title='bbox 2773 3219 2840 3272; x_wconf 90' lang='lat' dir='ltr'><strong>ab</strong></span> <span class='ocrx_word' id='word_1_564' title='bbox 2871 3217 3141 3272; x_wconf 84' lang='lat' dir='ltr'><strong>universis</strong></span> <span class='ocrx_word' id='word_1_565' title='bbox 3170 3216 3432 3271; x_wconf 89' lang='lat' dir='ltr'><strong>Ecclesiis</strong></span> <span class='ocrx_word' id='word_1_566' title='bbox 3463 3216 3607 3270; x_wconf 87' lang='lat' dir='ltr'><strong>hanc</strong></span> <span class='ocrx_word' id='word_1_567' title='bbox 3629 3215 3808 3269; x_wconf 86' lang='lat' dir='ltr'><strong>inser-</strong></span> 
     </span>
    </p>
   </div>
   <div class='ocr_carea' id='block_1_96' title="bbox 2211 3303 3810 3367">
    <p class='ocr_par' dir='ltr' id='par_1_96' title="bbox 2211 3303 3810 3367">
     <span class='ocr_line' id='line_1_96' title="bbox 2211 3303 3810 3367; baseline -0.005 -2"><span class='ocrx_word' id='word_1_568' title='bbox 2211 3321 2320 3367; x_wconf 88' lang='lat' dir='ltr'><strong>tam</strong></span> <span class='ocrx_word' id='word_1_569' title='bbox 2337 3309 2644 3364; x_wconf 86' lang='lat' dir='ltr'><strong>violentiam</strong></span> <span class='ocrx_word' id='word_1_570' title='bbox 2675 3307 2993 3362; x_wconf 88' lang='lat' dir='ltr'><strong>auctoritate</strong></span> <span class='ocrx_word' id='word_1_571' title='bbox 3017 3305 3116 3359; x_wconf 91' lang='lat' dir='ltr'><strong>Dei</strong></span> <span class='ocrx_word' id='word_1_572' title='bbox 3149 3313 3201 3359; x_wconf 90' lang='lat' dir='ltr'><strong>et</strong></span> <span class='ocrx_word' id='word_1_573' title='bbox 3231 3304 3370 3358; x_wconf 88' lang='lat' dir='ltr'><strong>beati</strong></span> <span class='ocrx_word' id='word_1_574' title='bbox 3393 3303 3542 3358; x_wconf 88' lang='lat' dir='ltr'><strong>Petri</strong></span> <span class='ocrx_word' id='word_1_575' title='bbox 3561 3303 3810 3358; x_wconf 88' lang='lat' dir='ltr'><strong>recidere</strong></span> 
     </span>
    </p>
   </div>
   <div class='ocr_carea' id='block_1_97' title="bbox 2213 3389 3812 3470">
    <p class='ocr_par' dir='ltr' id='par_1_97' title="bbox 2213 3389 3812 3470">
     <span class='ocr_line' id='line_1_97' title="bbox 2213 3389 3812 3470; baseline -0.008 -15"><span class='ocrx_word' id='word_1_576' title='bbox 2213 3401 2512 3470; x_wconf 85' lang='lat' dir='ltr'><strong>cupientes,</strong></span> <span class='ocrx_word' id='word_1_577' title='bbox 2544 3396 2818 3468; x_wconf 54' lang='lat' dir='ltr'><strong>praecipue</strong></span> <span class='ocrx_word' id='word_1_578' title='bbox 2845 3395 3018 3458; x_wconf 90' lang='lat' dir='ltr'><strong>vobis,</strong></span> <span class='ocrx_word' id='word_1_579' title='bbox 3040 3401 3239 3448; x_wconf 64' lang='lat' dir='ltr'><strong>sanctae</strong></span> <span class='ocrx_word' id='word_1_580' title='bbox 3277 3392 3536 3446; x_wconf 87' lang='lat' dir='ltr'><strong>videlicet</strong></span> <span class='ocrx_word' id='word_1_581' title='bbox 3567 3389 3812 3445; x_wconf 85' lang='lat' dir='ltr'><strong>Eduensi</strong></span> 
     </span>
    </p>
   </div>
   <div class='ocr_carea' id='block_1_98' title="bbox 2211 3480 3810 3554">
    <p class='ocr_par' dir='ltr' id='par_1_98' title="bbox 2211 3480 3810 3554">
     <span class='ocr_line' id='line_1_98' title="bbox 2211 3480 3810 3554; baseline -0.008 -10"><span class='ocrx_word' id='word_1_582' title='bbox 2211 3487 2492 3554; x_wconf 66' lang='lat' dir='ltr'><strong>Ecclesiae,</strong></span> <span class='ocrx_word' id='word_1_583' title='bbox 2527 3486 2683 3554; x_wconf 88' lang='lat' dir='ltr'><strong>hujus</strong></span> <span class='ocrx_word' id='word_1_584' title='bbox 2736 3484 2909 3538; x_wconf 87' lang='lat' dir='ltr'><strong>nostri</strong></span> <span class='ocrx_word' id='word_1_585' title='bbox 2937 3481 3140 3538; x_wconf 86' lang='lat' dir='ltr'><strong>decreti</strong></span> <span class='ocrx_word' id='word_1_586' title='bbox 3169 3480 3520 3552; x_wconf 87' lang='lat' dir='ltr'><strong>privilegium</strong></span> <span class='ocrx_word' id='word_1_587' title='bbox 3571 3481 3810 3535; x_wconf 85' lang='lat' dir='ltr'><strong>scribere</strong></span> 
     </span>
    </p>
   </div>
   <div class='ocr_carea' id='block_1_99' title="bbox 2214 3569 3812 3644">
    <p class='ocr_par' dir='ltr' id='par_1_99' title="bbox 2214 3569 3812 3644">
     <span class='ocr_line' id='line_1_99' title="bbox 2214 3569 3812 3644; baseline -0.008 -12"><span class='ocrx_word' id='word_1_588' title='bbox 2214 3575 2560 3640; x_wconf 88' lang='lat' dir='ltr'><strong>sancivimus,</strong></span> <span class='ocrx_word' id='word_1_589' title='bbox 2589 3590 2747 3644; x_wconf 85' lang='lat' dir='ltr'><strong>reges</strong></span> <span class='ocrx_word' id='word_1_590' title='bbox 2781 3573 3114 3627; x_wconf 88' lang='lat' dir='ltr'><strong>Francorum</strong></span> <span class='ocrx_word' id='word_1_591' title='bbox 3145 3571 3378 3640; x_wconf 88' lang='lat' dir='ltr'><strong>primum</strong></span> <span class='ocrx_word' id='word_1_592' title='bbox 3425 3569 3812 3624; x_wconf 85' lang='lat' dir='ltr'><strong>observatores</strong></span> 
     </span>
    </p>
   </div>
   <div class='ocr_carea' id='block_1_100' title="bbox 2212 3657 3811 3733">
    <p class='ocr_par' dir='ltr' id='par_1_100' title="bbox 2212 3657 3811 3733">
     <span class='ocr_line' id='line_1_100' title="bbox 2212 3657 3811 3733; baseline -0.008 -13"><span class='ocrx_word' id='word_1_593' title='bbox 2212 3673 2431 3722; x_wconf 90' lang='lat' dir='ltr'><strong>orantes</strong></span> <span class='ocrx_word' id='word_1_594' title='bbox 2457 3682 2470 3729; x_wconf 89' lang='lat'><strong>;</strong></span> <span class='ocrx_word' id='word_1_595' title='bbox 2504 3664 2559 3718; x_wconf 90' lang='lat' dir='ltr'><strong>in</strong></span> <span class='ocrx_word' id='word_1_596' title='bbox 2575 3679 2680 3733; x_wconf 90' lang='lat' dir='ltr'><strong>quo</strong></span> <span class='ocrx_word' id='word_1_597' title='bbox 2698 3660 3041 3716; x_wconf 90' lang='lat' dir='ltr'><strong>decernimus</strong></span> <span class='ocrx_word' id='word_1_598' title='bbox 3071 3667 3120 3713; x_wconf 91' lang='lat' dir='ltr'><strong>et</strong></span> <span class='ocrx_word' id='word_1_599' title='bbox 3153 3657 3481 3730; x_wconf 85' lang='lat' dir='ltr'><strong>regulariter</strong></span> <span class='ocrx_word' id='word_1_600' title='bbox 3497 3657 3811 3712; x_wconf 86' lang='lat' dir='ltr'><strong>ordinamus</strong></span> 
     </span>
    </p>
   </div>
   <div class='ocr_carea' id='block_1_101' title="bbox 2213 3745 3815 3823">
    <p class='ocr_par' dir='ltr' id='par_1_101' title="bbox 2213 3745 3815 3823">
     <span class='ocr_line' id='line_1_101' title="bbox 2213 3745 3815 3823; baseline -0.007 -14"><span class='ocrx_word' id='word_1_601' title='bbox 2213 3764 2268 3809; x_wconf 93' lang='lat' dir='ltr'><strong>ut</strong></span> <span class='ocrx_word' id='word_1_602' title='bbox 2289 3753 2546 3823; x_wconf 89' lang='lat' dir='ltr'><strong>deinceps</strong></span> <span class='ocrx_word' id='word_1_603' title='bbox 2577 3766 2739 3805; x_wconf 89' lang='lat' dir='ltr'><strong>nemo</strong></span> <span class='ocrx_word' id='word_1_604' title='bbox 2787 3765 2976 3820; x_wconf 87' lang='lat' dir='ltr'><strong>regum</strong></span> <span class='ocrx_word' id='word_1_605' title='bbox 3019 3747 3104 3802; x_wconf 88' lang='lat' dir='ltr'><strong>vel</strong></span> <span class='ocrx_word' id='word_1_606' title='bbox 3151 3747 3454 3817; x_wconf 87' lang='lat' dir='ltr'><strong>principum</strong></span> <span class='ocrx_word' id='word_1_607' title='bbox 3517 3745 3608 3800; x_wconf 86' lang='lat' dir='ltr'><strong>vel</strong></span> <span class='ocrx_word' id='word_1_608' title='bbox 3639 3745 3815 3815; x_wconf 82' lang='lat' dir='ltr'><strong>aliqua</strong></span> 
     </span>
    </p>
   </div>
   <div class='ocr_carea' id='block_1_102' title="bbox 2214 3833 3804 3914">
    <p class='ocr_par' dir='ltr' id='par_1_102' title="bbox 2214 3833 3804 3914">
     <span class='ocr_line' id='line_1_102' title="bbox 2214 3833 3804 3914; baseline -0.009 -16"><span class='ocrx_word' id='word_1_609' title='bbox 2214 3857 2450 3914; x_wconf 89' lang='lat' dir='ltr'><strong>persona</strong></span> <span class='ocrx_word' id='word_1_610' title='bbox 2472 3840 2626 3896; x_wconf 89' lang='lat' dir='ltr'><strong>vobis</strong></span> <span class='ocrx_word' id='word_1_611' title='bbox 2668 3851 3034 3909; x_wconf 89' lang='lat' dir='ltr'><strong>superponere</strong></span> <span class='ocrx_word' id='word_1_612' title='bbox 3062 3833 3149 3890; x_wconf 88' lang='lat' dir='ltr'><strong>vel</strong></span> <span class='ocrx_word' id='word_1_613' title='bbox 3179 3835 3434 3889; x_wconf 88' lang='lat' dir='ltr'><strong>ordinare</strong></span> <span class='ocrx_word' id='word_1_614' title='bbox 3464 3841 3556 3887; x_wconf 88' lang='lat' dir='ltr'><strong>aut</strong></span> <span class='ocrx_word' id='word_1_615' title='bbox 3587 3848 3804 3888; x_wconf 84' lang='lat' dir='ltr'><strong>succes-</strong></span> 
     </span>
    </p>
   </div>
   <div class='ocr_carea' id='block_1_103' title="bbox 2215 3920 3810 3997">
    <p class='ocr_par' dir='ltr' id='par_1_103' title="bbox 2215 3920 3810 3997">
     <span class='ocr_line' id='line_1_103' title="bbox 2215 3920 3810 3997; baseline -0.009 -10"><span class='ocrx_word' id='word_1_616' title='bbox 2215 3931 2434 3987; x_wconf 88' lang='lat' dir='ltr'><strong>soribus</strong></span> <span class='ocrx_word' id='word_1_617' title='bbox 2463 3928 2658 3983; x_wconf 90' lang='lat' dir='ltr'><strong>vestris</strong></span> <span class='ocrx_word' id='word_1_618' title='bbox 2691 3923 3103 3997; x_wconf 68' lang='lat' dir='ltr'><strong>praesumatnisi</strong></span> <span class='ocrx_word' id='word_1_619' title='bbox 3127 3939 3192 3977; x_wconf 87' lang='lat' dir='ltr'><strong>ex</strong></span> <span class='ocrx_word' id='word_1_620' title='bbox 3208 3921 3330 3976; x_wconf 82' lang='lat' dir='ltr'><strong>filiis</strong></span> <span class='ocrx_word' id='word_1_621' title='bbox 3347 3921 3520 3991; x_wconf 89' lang='lat' dir='ltr'><strong>ipsius</strong></span> <span class='ocrx_word' id='word_1_622' title='bbox 3551 3920 3810 3976; x_wconf 73' lang='lat' dir='ltr'><strong>Ecclesiae</strong></span> 
     </span>
    </p>
   </div>
   <div class='ocr_carea' id='block_1_104' title="bbox 2217 4009 3805 4086">
    <p class='ocr_par' dir='ltr' id='par_1_104' title="bbox 2217 4009 3805 4086">
     <span class='ocr_line' id='line_1_104' title="bbox 2217 4009 3805 4086; baseline -0.01 -11"><span class='ocrx_word' id='word_1_623' title='bbox 2217 4019 2515 4075; x_wconf 90' lang='lat' dir='ltr'><strong>secundum</strong></span> <span class='ocrx_word' id='word_1_624' title='bbox 2551 4015 2750 4086; x_wconf 87' lang='lat' dir='ltr'><strong>scripta</strong></span> <span class='ocrx_word' id='word_1_625' title='bbox 2784 4029 3071 4079; x_wconf 88' lang='lat' dir='ltr'><strong>canonum,</strong></span> <span class='ocrx_word' id='word_1_626' title='bbox 3105 4027 3266 4082; x_wconf 88' lang='lat' dir='ltr'><strong>quem</strong></span> <span class='ocrx_word' id='word_1_627' title='bbox 3287 4009 3466 4064; x_wconf 85' lang='lat' dir='ltr'><strong>clerus</strong></span> <span class='ocrx_word' id='word_1_628' title='bbox 3497 4009 3726 4082; x_wconf 85' lang='lat' dir='ltr'><strong>elegerit</strong></span> <span class='ocrx_word' id='word_1_629' title='bbox 3754 4015 3805 4062; x_wconf 88' lang='lat' dir='ltr'><strong>et</strong></span> 
     </span>
    </p>
   </div>
   <div class='ocr_carea' id='block_1_105' title="bbox 2213 4097 3808 4181">
    <p class='ocr_par' dir='ltr' id='par_1_105' title="bbox 2213 4097 3808 4181">
     <span class='ocr_line' id='line_1_105' title="bbox 2213 4097 3808 4181; baseline -0.009 -18"><span class='ocrx_word' id='word_1_630' title='bbox 2213 4107 2445 4181; x_wconf 80' lang='lat' dir='ltr'><strong>pepulus</strong></span> <span class='ocrx_word' id='word_1_631' title='bbox 2473 4101 2907 4177; x_wconf 89' lang='lat' dir='ltr'><strong>proclamaverit,</strong></span> <span class='ocrx_word' id='word_1_632' title='bbox 2941 4101 2986 4154; x_wconf 90' lang='lat' dir='ltr'><strong>si</strong></span> <span class='ocrx_word' id='word_1_633' title='bbox 3017 4101 3070 4153; x_wconf 91' lang='lat' dir='ltr'><strong>in</strong></span> <span class='ocrx_word' id='word_1_634' title='bbox 3115 4116 3176 4154; x_wconf 90' lang='lat' dir='ltr'><strong>ea</strong></span> <span class='ocrx_word' id='word_1_635' title='bbox 3225 4099 3422 4171; x_wconf 84' lang='lat' dir='ltr'><strong>dignus</strong></span> <span class='ocrx_word' id='word_1_636' title='bbox 3451 4097 3686 4168; x_wconf 85' lang='lat' dir='ltr'><strong>reperiri</strong></span> <span class='ocrx_word' id='word_1_637' title='bbox 3713 4111 3808 4166; x_wconf 81' lang='lat' dir='ltr'><strong>po-</strong></span> 
     </span>
    </p>
   </div>
   <div class='ocr_carea' id='block_1_106' title="bbox 2218 4185 3810 4263">
    <p class='ocr_par' dir='ltr' id='par_1_106' title="bbox 2218 4185 3810 4263">
     <span class='ocr_line' id='line_1_106' title="bbox 2218 4185 3810 4263; baseline -0.01 -11"><span class='ocrx_word' id='word_1_638' title='bbox 2218 4197 2394 4252; x_wconf 88' lang='lat' dir='ltr'><strong>tuerit.</strong></span> <span class='ocrx_word' id='word_1_639' title='bbox 2428 4194 2583 4263; x_wconf 87' lang='lat' dir='ltr'><strong>Quod</strong></span> <span class='ocrx_word' id='word_1_640' title='bbox 2617 4192 2662 4246; x_wconf 89' lang='lat' dir='ltr'><strong>si</strong></span> <span class='ocrx_word' id='word_1_641' title='bbox 2693 4193 2748 4246; x_wconf 92' lang='lat' dir='ltr'><strong>in</strong></span> <span class='ocrx_word' id='word_1_642' title='bbox 2779 4207 2863 4256; x_wconf 89' lang='lat' dir='ltr'><strong>ea,</strong></span> <span class='ocrx_word' id='word_1_643' title='bbox 2891 4188 3036 4260; x_wconf 90' lang='lat' dir='ltr'><strong>quod</strong></span> <span class='ocrx_word' id='word_1_644' title='bbox 3067 4187 3204 4243; x_wconf 91' lang='lat' dir='ltr'><strong>forte</strong></span> <span class='ocrx_word' id='word_1_645' title='bbox 3231 4185 3481 4242; x_wconf 88' lang='lat' dir='ltr'><strong>accidere</strong></span> <span class='ocrx_word' id='word_1_646' title='bbox 3503 4201 3614 4240; x_wconf 88' lang='lat' dir='ltr'><strong>non</strong></span> <span class='ocrx_word' id='word_1_647' title='bbox 3647 4185 3810 4241; x_wconf 83' lang='lat' dir='ltr'><strong>credi-</strong></span> 
     </span>
    </p>
   </div>
   <div class='ocr_carea' id='block_1_107' title="bbox 2214 4271 3808 4350">
    <p class='ocr_par' dir='ltr' id='par_1_107' title="bbox 2214 4271 3808 4350">
     <span class='ocr_line' id='line_1_107' title="bbox 2214 4271 3808 4350; baseline -0.01 -10"><span class='ocrx_word' id='word_1_648' title='bbox 2214 4303 2356 4350; x_wconf 89' lang='lat' dir='ltr'><strong>mus,</strong></span> <span class='ocrx_word' id='word_1_649' title='bbox 2391 4285 2639 4338; x_wconf 89' lang='lat' dir='ltr'><strong>invcntus</strong></span> <span class='ocrx_word' id='word_1_650' title='bbox 2695 4296 2802 4334; x_wconf 91' lang='lat' dir='ltr'><strong>non</strong></span> <span class='ocrx_word' id='word_1_651' title='bbox 2849 4278 3025 4343; x_wconf 87' lang='lat' dir='ltr'><strong>fuerit,</strong></span> <span class='ocrx_word' id='word_1_652' title='bbox 3074 4275 3314 4331; x_wconf 88' lang='lat' dir='ltr'><strong>unanimi</strong></span> <span class='ocrx_word' id='word_1_653' title='bbox 3359 4290 3550 4329; x_wconf 88' lang='lat' dir='ltr'><strong>eorum</strong></span> <span class='ocrx_word' id='word_1_654' title='bbox 3591 4271 3808 4329; x_wconf 86' lang='lat' dir='ltr'><strong>consilio</strong></span> 
     </span>
    </p>
   </div>
   <div class='ocr_carea' id='block_1_108' title="bbox 2215 4363 3806 4443">
    <p class='ocr_par' dir='ltr' id='par_1_108' title="bbox 2215 4363 3806 4443">
     <span class='ocr_line' id='line_1_108' title="bbox 2215 4363 3806 4443; baseline -0.009 -15"><span class='ocrx_word' id='word_1_655' title='bbox 2215 4384 2326 4430; x_wconf 89' lang='lat' dir='ltr'><strong>tam</strong></span> <span class='ocrx_word' id='word_1_656' title='bbox 2347 4373 2476 4428; x_wconf 90' lang='lat' dir='ltr'><strong>cleri</strong></span> <span class='ocrx_word' id='word_1_657' title='bbox 2510 4385 2672 4443; x_wconf 88' lang='lat' dir='ltr'><strong>quam</strong></span> <span class='ocrx_word' id='word_1_658' title='bbox 2705 4367 2886 4439; x_wconf 90' lang='lat' dir='ltr'><strong>populi</strong></span> <span class='ocrx_word' id='word_1_659' title='bbox 2918 4367 2985 4421; x_wconf 90' lang='lat' dir='ltr'><strong>de</strong></span> <span class='ocrx_word' id='word_1_660' title='bbox 3023 4365 3142 4420; x_wconf 90' lang='lat' dir='ltr'><strong>aliis</strong></span> <span class='ocrx_word' id='word_1_661' title='bbox 3172 4363 3531 4437; x_wconf 84' lang='lat' dir='ltr'><strong>dignissimus</strong></span> <span class='ocrx_word' id='word_1_662' title='bbox 3561 4369 3806 4432; x_wconf 78' lang='lat' dir='ltr'><strong>expecta-</strong></span> 
     </span>
    </p>
   </div>
   <div class='ocr_carea' id='block_1_109' title="bbox 2217 4449 3808 4529">
    <p class='ocr_par' dir='ltr' id='par_1_109' title="bbox 2217 4449 3808 4529">
     <span class='ocr_line' id='line_1_109' title="bbox 2217 4449 3808 4529; baseline -0.009 -14"><span class='ocrx_word' id='word_1_663' title='bbox 2217 4471 2320 4518; x_wconf 90' lang='lat' dir='ltr'><strong>tur.</strong></span> <span class='ocrx_word' id='word_1_664' title='bbox 2345 4463 2706 4529; x_wconf 79' lang='lat' dir='ltr'><strong>Vestrumque</strong></span> <span class='ocrx_word' id='word_1_665' title='bbox 2739 4455 2970 4527; x_wconf 86' lang='lat' dir='ltr'><strong>denique</strong></span> <span class='ocrx_word' id='word_1_666' title='bbox 2989 4455 3272 4520; x_wconf 90' lang='lat' dir='ltr'><strong>honorem,</strong></span> <span class='ocrx_word' id='word_1_667' title='bbox 3309 4467 3474 4522; x_wconf 87' lang='lat' dir='ltr'><strong>quem</strong></span> <span class='ocrx_word' id='word_1_668' title='bbox 3504 4451 3572 4504; x_wconf 91' lang='lat' dir='ltr'><strong>de</strong></span> <span class='ocrx_word' id='word_1_669' title='bbox 3608 4449 3808 4504; x_wconf 85' lang='lat' dir='ltr'><strong>seniore</strong></span> 
     </span>
    </p>
   </div>
   <div class='ocr_carea' id='block_1_110' title="bbox 2218 4537 3812 4622">
    <p class='ocr_par' dir='ltr' id='par_1_110' title="bbox 2218 4537 3812 4622">
     <span class='ocr_line' id='line_1_110' title="bbox 2218 4537 3812 4622; baseline -0.011 -16"><span class='ocrx_word' id='word_1_670' title='bbox 2218 4551 2396 4622; x_wconf 88' lang='lat' dir='ltr'><strong>adepti</strong></span> <span class='ocrx_word' id='word_1_671' title='bbox 2439 4548 2666 4612; x_wconf 89' lang='lat' dir='ltr'><strong>fueritis,</strong></span> <span class='ocrx_word' id='word_1_672' title='bbox 2717 4547 2786 4600; x_wconf 92' lang='lat' dir='ltr'><strong>de</strong></span> <span class='ocrx_word' id='word_1_673' title='bbox 2832 4543 3028 4598; x_wconf 87' lang='lat' dir='ltr'><strong>vestris</strong></span> <span class='ocrx_word' id='word_1_674' title='bbox 3074 4541 3326 4596; x_wconf 89' lang='lat' dir='ltr'><strong>domibus</strong></span> <span class='ocrx_word' id='word_1_675' title='bbox 3389 4547 3439 4592; x_wconf 91' lang='lat' dir='ltr'><strong>et</strong></span> <span class='ocrx_word' id='word_1_676' title='bbox 3499 4539 3568 4592; x_wconf 92' lang='lat' dir='ltr'><strong>de</strong></span> <span class='ocrx_word' id='word_1_677' title='bbox 3631 4537 3812 4592; x_wconf 80' lang='lat' dir='ltr'><strong>vestris</strong></span> 
     </span>
    </p>
   </div>
   <div class='ocr_carea' id='block_1_111' title="bbox 2219 4621 3813 4695">
    <p class='ocr_par' dir='ltr' id='par_1_111' title="bbox 2219 4621 3813 4695">
     <span class='ocr_line' id='line_1_111' title="bbox 2219 4621 3813 4695; baseline -0.012 0"><span class='ocrx_word' id='word_1_678' title='bbox 2219 4639 2464 4695; x_wconf 90' lang='lat' dir='ltr'><strong>canoniis</strong></span> <span class='ocrx_word' id='word_1_679' title='bbox 2507 4645 2555 4692; x_wconf 91' lang='lat' dir='ltr'><strong>et</strong></span> <span class='ocrx_word' id='word_1_680' title='bbox 2614 4637 2682 4690; x_wconf 91' lang='lat' dir='ltr'><strong>de</strong></span> <span class='ocrx_word' id='word_1_681' title='bbox 2713 4633 2982 4691; x_wconf 89' lang='lat' dir='ltr'><strong>communi</strong></span> <span class='ocrx_word' id='word_1_682' title='bbox 3031 4646 3193 4686; x_wconf 89' lang='lat' dir='ltr'><strong>causa</strong></span> <span class='ocrx_word' id='word_1_683' title='bbox 3235 4628 3458 4683; x_wconf 87' lang='lat' dir='ltr'><strong>fratrum</strong></span> <span class='ocrx_word' id='word_1_684' title='bbox 3491 4635 3542 4682; x_wconf 90' lang='lat' dir='ltr'><strong>et</strong></span> <span class='ocrx_word' id='word_1_685' title='bbox 3574 4625 3644 4680; x_wconf 89' lang='lat' dir='ltr'><strong>de</strong></span> <span class='ocrx_word' id='word_1_686' title='bbox 3678 4621 3813 4678; x_wconf 86' lang='lat' dir='ltr'><strong>omni</strong></span> 
     </span>
    </p>
   </div>
   <div class='ocr_carea' id='block_1_112' title="bbox 2219 4713 3812 4800">
    <p class='ocr_par' dir='ltr' id='par_1_112' title="bbox 2219 4713 3812 4800">
     <span class='ocr_line' id='line_1_112' title="bbox 2219 4713 3812 4800; baseline -0.013 -15"><span class='ocrx_word' id='word_1_687' title='bbox 2219 4728 2548 4800; x_wconf 88' lang='lat' dir='ltr'><strong>pr0prietate</strong></span> <span class='ocrx_word' id='word_1_688' title='bbox 2581 4731 2764 4780; x_wconf 88' lang='lat' dir='ltr'><strong>vestra</strong></span> <span class='ocrx_word' id='word_1_689' title='bbox 2793 4724 2848 4776; x_wconf 90' lang='lat' dir='ltr'><strong>in</strong></span> <span class='ocrx_word' id='word_1_690' title='bbox 2873 4719 3180 4776; x_wconf 70' lang='lat' dir='ltr'><strong>haaredibus</strong></span> <span class='ocrx_word' id='word_1_691' title='bbox 3211 4717 3468 4790; x_wconf 86' lang='lat' dir='ltr'><strong>legitimis</strong></span> <span class='ocrx_word' id='word_1_692' title='bbox 3516 4713 3812 4769; x_wconf 86' lang='lat' dir='ltr'><strong>statuendis</strong></span> 
     </span>
    </p>
   </div>
   <div class='ocr_carea' id='block_1_113' title="bbox 2222 4799 3808 4888">
    <p class='ocr_par' dir='ltr' id='par_1_113' title="bbox 2222 4799 3808 4888">
     <span class='ocr_line' id='line_1_113' title="bbox 2222 4799 3808 4888; baseline -0.013 -16"><span class='ocrx_word' id='word_1_693' title='bbox 2222 4799 2274 4873; x_wconf 83' lang='lat' dir='ltr'><strong>et</strong></span> <span class='ocrx_word' id='word_1_694' title='bbox 2304 4815 2572 4888; x_wconf 87' lang='lat' dir='ltr'><strong>eligendis</strong></span> <span class='ocrx_word' id='word_1_695' title='bbox 2602 4830 2668 4868; x_wconf 88' lang='lat' dir='ltr'><strong>ex</strong></span> <span class='ocrx_word' id='word_1_696' title='bbox 2699 4814 2816 4882; x_wconf 88' lang='lat' dir='ltr'><strong>ipsa</strong></span> <span class='ocrx_word' id='word_1_697' title='bbox 2848 4811 3010 4864; x_wconf 91' lang='lat' dir='ltr'><strong>domo</strong></span> <span class='ocrx_word' id='word_1_698' title='bbox 3041 4817 3225 4862; x_wconf 88' lang='lat' dir='ltr'><strong>nostra</strong></span> <span class='ocrx_word' id='word_1_699' title='bbox 3255 4804 3558 4876; x_wconf 88' lang='lat' dir='ltr'><strong>apostolica</strong></span> <span class='ocrx_word' id='word_1_700' title='bbox 3579 4799 3808 4858; x_wconf 88' lang='lat' dir='ltr'><strong>auctori-</strong></span> 
     </span>
    </p>
   </div>
   <div class='ocr_carea' id='block_1_114' title="bbox 2220 4892 3810 4961">
    <p class='ocr_par' dir='ltr' id='par_1_114' title="bbox 2220 4892 3810 4961">
     <span class='ocr_line' id='line_1_114' title="bbox 2220 4892 3810 4961; baseline -0.011 0"><span class='ocrx_word' id='word_1_701' title='bbox 2220 4915 2328 4961; x_wconf 87' lang='lat' dir='ltr'><strong>tate</strong></span> <span class='ocrx_word' id='word_1_702' title='bbox 2375 4903 2652 4959; x_wconf 88' lang='lat' dir='ltr'><strong>licentiam</strong></span> <span class='ocrx_word' id='word_1_703' title='bbox 2691 4899 2848 4955; x_wconf 90' lang='lat' dir='ltr'><strong>vobis</strong></span> <span class='ocrx_word' id='word_1_704' title='bbox 2880 4897 3231 4954; x_wconf 90' lang='lat' dir='ltr'><strong>concedimus</strong></span> <span class='ocrx_word' id='word_1_705' title='bbox 3281 4893 3570 4949; x_wconf 88' lang='lat' dir='ltr'><strong>ordinandi</strong></span> <span class='ocrx_word' id='word_1_706' title='bbox 3615 4892 3810 4960; x_wconf 84' lang='lat' dir='ltr'><strong>absque</strong></span> 
     </span>
    </p>
   </div>
   <div class='ocr_carea' id='block_1_115' title="bbox 2222 4980 3808 5062">
    <p class='ocr_par' dir='ltr' id='par_1_115' title="bbox 2222 4980 3808 5062">
     <span class='ocr_line' id='line_1_115' title="bbox 2222 4980 3808 5062; baseline -0.012 -12"><span class='ocrx_word' id='word_1_707' title='bbox 2222 4994 2450 5062; x_wconf 83' lang='lat' dir='ltr'><strong>alicujus</strong></span> <span class='ocrx_word' id='word_1_708' title='bbox 2509 4988 2881 5047; x_wconf 88' lang='lat' dir='ltr'><strong>controversia</strong></span> <span class='ocrx_word' id='word_1_709' title='bbox 2938 4983 3328 5056; x_wconf 89' lang='lat' dir='ltr'><strong>impedimenti.</strong></span> <span class='ocrx_word' id='word_1_710' title='bbox 3383 4981 3438 5036; x_wconf 91' lang='lat' dir='ltr'><strong>Si</strong></span> <span class='ocrx_word' id='word_1_711' title='bbox 3497 4980 3622 5051; x_wconf 87' lang='lat' dir='ltr'><strong>quis</strong></span> <span class='ocrx_word' id='word_1_712' title='bbox 3667 4992 3808 5040; x_wconf 89' lang='lat' dir='ltr'><strong>vero,</strong></span> 
     </span>
    </p>
   </div>
   <div class='ocr_carea' id='block_1_116' title="bbox 2221 5069 3810 5156">
    <p class='ocr_par' dir='ltr' id='par_1_116' title="bbox 2221 5069 3810 5156">
     <span class='ocr_line' id='line_1_116' title="bbox 2221 5069 3810 5156; baseline -0.013 -17"><span class='ocrx_word' id='word_1_713' title='bbox 2221 5099 2453 5156; x_wconf 87' lang='lat' dir='ltr'><strong>magnus</strong></span> <span class='ocrx_word' id='word_1_714' title='bbox 2511 5079 2598 5136; x_wconf 90' lang='lat' dir='ltr'><strong>vel</strong></span> <span class='ocrx_word' id='word_1_715' title='bbox 2661 5093 2886 5150; x_wconf 89' lang='lat' dir='ltr'><strong>parvus,</strong></span> <span class='ocrx_word' id='word_1_716' title='bbox 2947 5083 3138 5131; x_wconf 88' lang='lat' dir='ltr'><strong>contra</strong></span> <span class='ocrx_word' id='word_1_717' title='bbox 3182 5073 3288 5127; x_wconf 89' lang='lat' dir='ltr'><strong>hoc</strong></span> <span class='ocrx_word' id='word_1_718' title='bbox 3331 5079 3578 5125; x_wconf 87' lang='lat' dir='ltr'><strong>nostrum</strong></span> <span class='ocrx_word' id='word_1_719' title='bbox 3633 5069 3810 5122; x_wconf 63' lang='lat' dir='ltr'><strong>decie-</strong></span> 
     </span>
    </p>
   </div>
   <div class='ocr_carea' id='block_1_117' title="bbox 2222 5158 3812 5240">
    <p class='ocr_par' dir='ltr' id='par_1_117' title="bbox 2222 5158 3812 5240">
     <span class='ocr_line' id='line_1_117' title="bbox 2222 5158 3812 5240; baseline -0.013 -12"><span class='ocrx_word' id='word_1_720' title='bbox 2222 5189 2336 5240; x_wconf 61' lang='lat' dir='ltr'><strong>tum</strong></span> <span class='ocrx_word' id='word_1_721' title='bbox 2395 5179 2450 5226; x_wconf 93' lang='lat' dir='ltr'><strong>et</strong></span> <span class='ocrx_word' id='word_1_722' title='bbox 2519 5166 2894 5225; x_wconf 89' lang='lat' dir='ltr'><strong>concessivam</strong></span> <span class='ocrx_word' id='word_1_723' title='bbox 2941 5163 3286 5236; x_wconf 86' lang='lat' dir='ltr'><strong>largitionem</strong></span> <span class='ocrx_word' id='word_1_724' title='bbox 3351 5159 3408 5214; x_wconf 90' lang='lat' dir='ltr'><strong>in</strong></span> <span class='ocrx_word' id='word_1_725' title='bbox 3455 5158 3640 5228; x_wconf 83' lang='lat' dir='ltr'><strong>aliquo</strong></span> <span class='ocrx_word' id='word_1_726' title='bbox 3705 5169 3812 5208; x_wconf 86' lang='lat' dir='ltr'><strong>sur-</strong></span> 
     </span>
    </p>
   </div>
   <div class='ocr_carea' id='block_1_118' title="bbox 2225 5238 3812 5330">
    <p class='ocr_par' dir='ltr' id='par_1_118' title="bbox 2225 5238 3812 5330">
     <span class='ocr_line' id='line_1_118' title="bbox 2225 5238 3812 5330; baseline -0.014 -18"><span class='ocrx_word' id='word_1_727' title='bbox 2225 5238 2357 5330; x_wconf 79' lang='lat' dir='ltr'><strong>gere</strong></span> <span class='ocrx_word' id='word_1_728' title='bbox 2401 5262 2754 5323; x_wconf 86' lang='lat' dir='ltr'><strong>nostramque</strong></span> <span class='ocrx_word' id='word_1_729' title='bbox 2793 5248 3145 5320; x_wconf 89' lang='lat' dir='ltr'><strong>apostolicam</strong></span> <span class='ocrx_word' id='word_1_730' title='bbox 3193 5242 3568 5300; x_wconf 88' lang='lat' dir='ltr'><strong>auctoritatem</strong></span> <span class='ocrx_word' id='word_1_731' title='bbox 3619 5238 3812 5294; x_wconf 82' lang='lat' dir='ltr'><strong>violare</strong></span> 
     </span>
    </p>
   </div>
   <div class='ocr_carea' id='block_1_119' title="bbox 2226 5325 3808 5410">
    <p class='ocr_par' dir='ltr' id='par_1_119' title="bbox 2226 5325 3808 5410">
     <span class='ocr_line' id='line_1_119' title="bbox 2226 5325 3808 5410; baseline -0.016 -8"><span class='ocrx_word' id='word_1_732' title='bbox 2226 5325 2314 5402; x_wconf 70' lang='lat' dir='ltr'><strong>vel</strong></span> <span class='ocrx_word' id='word_1_733' title='bbox 2361 5342 2637 5398; x_wconf 83' lang='lat' dir='ltr'><strong>infirmare</strong></span> <span class='ocrx_word' id='word_1_734' title='bbox 2689 5335 3116 5410; x_wconf 63' lang='lat' dir='ltr'><strong>praesumpserit,</strong></span> <span class='ocrx_word' id='word_1_735' title='bbox 3167 5333 3302 5389; x_wconf 86' lang='lat' dir='ltr'><strong>sciat</strong></span> <span class='ocrx_word' id='word_1_736' title='bbox 3352 5347 3412 5385; x_wconf 89' lang='lat' dir='ltr'><strong>se</strong></span> <span class='ocrx_word' id='word_1_737' title='bbox 3461 5325 3808 5384; x_wconf 86' lang='lat' dir='ltr'><strong>anathematis</strong></span> 
     </span>
    </p>
   </div>
   <div class='ocr_carea' id='block_1_120' title="bbox 2227 5411 3812 5490">
    <p class='ocr_par' dir='ltr' id='par_1_120' title="bbox 2227 5411 3812 5490">
     <span class='ocr_line' id='line_1_120' title="bbox 2227 5411 3812 5490; baseline -0.015 0"><span class='ocrx_word' id='word_1_738' title='bbox 2227 5433 2441 5490; x_wconf 88' lang='lat' dir='ltr'><strong>vinculo</strong></span> <span class='ocrx_word' id='word_1_739' title='bbox 2473 5437 2671 5485; x_wconf 74' lang='lat' dir='ltr'><strong>sanctae</strong></span> <span class='ocrx_word' id='word_1_740' title='bbox 2703 5425 2975 5482; x_wconf 91' lang='lat' dir='ltr'><strong>Trinitatis</strong></span> <span class='ocrx_word' id='word_1_741' title='bbox 3013 5421 3356 5478; x_wconf 88' lang='lat' dir='ltr'><strong>invocatione</strong></span> <span class='ocrx_word' id='word_1_742' title='bbox 3405 5427 3456 5474; x_wconf 93' lang='lat' dir='ltr'><strong>et</strong></span> <span class='ocrx_word' id='word_1_743' title='bbox 3483 5416 3622 5472; x_wconf 88' lang='lat' dir='ltr'><strong>beati</strong></span> <span class='ocrx_word' id='word_1_744' title='bbox 3670 5411 3812 5468; x_wconf 83' lang='lat' dir='ltr'><strong>Petri</strong></span> 
     </span>
    </p>
   </div>
   <div class='ocr_carea' id='block_1_121' title="bbox 2229 5501 3813 5594">
    <p class='ocr_par' dir='ltr' id='par_1_121' title="bbox 2229 5501 3813 5594">
     <span class='ocr_line' id='line_1_121' title="bbox 2229 5501 3813 5594; baseline -0.015 -16"><span class='ocrx_word' id='word_1_745' title='bbox 2229 5519 2463 5594; x_wconf 90' lang='lat' dir='ltr'><strong>apostoli</strong></span> <span class='ocrx_word' id='word_1_746' title='bbox 2491 5525 2757 5590; x_wconf 89' lang='lat' dir='ltr'><strong>potestate</strong></span> <span class='ocrx_word' id='word_1_747' title='bbox 2801 5531 2868 5572; x_wconf 87' lang='lat' dir='ltr'><strong>ac</strong></span> <span class='ocrx_word' id='word_1_748' title='bbox 2915 5519 3105 5568; x_wconf 89' lang='lat' dir='ltr'><strong>nostra</strong></span> <span class='ocrx_word' id='word_1_749' title='bbox 3133 5509 3456 5567; x_wconf 88' lang='lat' dir='ltr'><strong>auctoritate</strong></span> <span class='ocrx_word' id='word_1_750' title='bbox 3493 5501 3813 5563; x_wconf 72' lang='lat' dir='ltr'><strong>etei-uelites</strong></span> 
     </span>
    </p>
   </div>
  </div>
