4112 6192
509 301 614 356 967

1933 303 2213 378 manu,
2239 307 2433 361 PAPIE
2478 308 2519 362 ι.

3703 313 3812 364 968

1005 693 2004 824 PRIVILEGIA
2085 693 2708 824 MARINI
2795 695 3282 828 PAR/7E

1273 1111 1314 1164 Ι.

799 1241 902 1280 PRO
942 1237 1296 1280 MONASTERIO
1335 1239 1794 1278 SOLEMNIACENSI.

1121 1331 1304 1402 (Anno
1335 1331 1484 1400 883.)

855 1438 1036 1510 [Apud
1063 1437 1256 1502 Mansi,
1293 1436 1459 1492 Conc.
1494 1435 1740 1508 Collect.]

569 1547 828 1600 anmus
859 1543 1170 1614 epiSCOpus,
1206 1559 1394 1598 servus
1435 1559 1718 1598 servorum
1745 1543 1864 1608 Dei,
1898 1542 2097 1598 dilecto

501 1633 682 1688 abbati
711 1634 946 1686 Damam
973 1649 1038 1686 ex
1069 1632 1317 1686 coenobio
1339 1632 1508 1686 sancti
1531 1631 1672 1686 Petri
1695 1631 2094 1686 Solemniacen—

499 1723 593 1788 sis,
629 1722 776 1793 quod
803 1721 932 1776 olim
961 1737 995 1776 a
1025 1721 1184 1776 beato
1215 1720 1331 1776 viro
1361 1720 1540 1792 Eligio
1570 1727 1952 1784 constructum,
1981 1735 2098 1775 suc-

497 1811 913 1881 cessoribusque
935 1811 1040 1864 tuis
1059 1825 1126 1865 ac
1145 1809 1428 1866 monachis
1449 1808 1580 1863 inibi
1599 1809 1856 1864 nobiliter
1884 1809 2095 1880 degen-

497 1899 642 1954 tibus
671 1899 726 1952 in
755 1907 1098 1970 perpetuum.

567 2005 832 2061 Convenit
863 1997 1222 2060 enim'nostro
1263 2003 1562 2074 pontiﬁcio,
1595 2011 1654 2058 ut
1685 2009 1940 2074 quantum
1988 2019 2098 2074 prm

498 2095 750 2150 omnibus
817 2094 1018 2150 eminet
1075 2093 1370 2165 dignitate,
1426 2100 1575 2148 tanto
1629 2109 1788 2162 supra
1843 2091 2097 2145 universo

425 2183 432 2190 ’
497 2184 699 2238 eniteat
753 2182 1108 2238 serenissima
1165 2181 1382 2252 pietate.
1449 2180 1770 2236 Postulastis
1826 2179 2008 2250 itaque
2064 2193 2096 2233 a

493 2272 682 2339 nobis,
733 2281 788 2326 ut
837 2269 1120 2342 pmfatum
1168 2270 1476 2325 coenobium
1526 2269 1628 2323 sub
1671 2267 1989 2323 defensione
2033 2282 2100 2322 ac

495 2359 720 2416 tuitione
773 2359 1052 2414 beatorum
1109 2357 1478 2428 apostolorum
1537 2356 1680 2411 Petri
1726 2365 1776 2410 et
1823 2355 1972 2410 Pauli
2036 2371 2100 2410 ac

493 2456 676 2503 nostra
707 2455 1098 2512 statueremus,
1141 2447 1278 2502 sicut
1327 2445 1526 2501 factum
1577 2445 1808 2517 legimus
1837 2443 1908 2499 ab
1938 2451 2098 2498 ante-

496 2553 718 2592 cessore
763 2544 948 2592 nostro
979 2536 1140 2590 beato
1169 2535 1290 2589 viro
1321 2549 1480 2604 papa,
1513 2533 1820 2604 postulante
1867 2532 2097 2586 nobilis-

495 2625 635 2680 simo
683 2625 1008 2680 Francorum
1057 2640 1190 2696 rege
1237 2623 1579 2695 Dagoberto,
1633 2629 1686 2676 et
1729 2628 2100 2676 constructore

493 2713 664 2785 ipsius
693 2713 800 2770 loci
830 2713 1176 2769 sanctissimo
1197 2711 1312 2766 viro
1333 2711 1512 2783 Eligio
1533 2710 1790 2780 episcopo
1809 2708 2100 2764 Novioma-

492 2802 682 2875 gensi,
719 2811 981 2874 quatenus
1011 2800 1180 2873 quieti
1207 2815 1270 2856 ac
1303 2799 1400 2853 tuti
1450 2815 1572 2854 esse
1619 2815 1719 2868 per
1761 2797 1934 2852 futura
1965 2805 2104 2852 tem-

494 2906 632 2960 pora
659 2890 906 2946 valeatis.
943 2891 1056 2944 Nos
1087 2903 1236 2952 vero,
1273 2895 1510 2942 vestram
1558 2886 1892 2940 sanctitatem
1923 2900 2100 2956 agno-

495 2985 742 3046 scentes,
777 2986 1081 3048 vestraeque
1127 2975 1380 3046 religioni
1425 2990 1708 3028 assensum
1753 2973 2098 3044 praebentes,

493 3073 638 3120 tanta
666 3065 942 3122 alacritate
971 3065 1093 3120 lzeto
1137 3063 1318 3118 animo
1365 3063 1736 3127 concedimus,
1771 3069 1974 3132 quanto
2001 3077 2101 3116 vos

495 3153 612 3207 Deo
641 3149 1064 3222 propinquiores
1095 3149 1148 3204 in
1181 3165 1338 3204 sacra
1367 3146 1780 3203 conversatione
1811 3145 2100 3218 cognosci-

495 3243 617 3294 mu’s
651 3239 786 3294 fore.
815 3237 984 3310 Igitur
1007 3239 1158 3308 juxta
1177 3235 1489 3308 petitionem
1512 3243 1767 3300 vestram,
1793 3233 2102 3302 hujusmodi

492 3328 840 3401 privilegium
887 3325 1169 3397 praesentis
1225 3324 1559 3380 auctoritatis
1625 3331 1822 3378 uestra:
1883 3323 2100 3376 decreto

497 3417 674 3473 eidem
703 3415 1001 3472 venerabili
1029 3413 1361 3470 monasterio
1391 3413 1585 3468 vestris
1631 3411 1928 3482 futurisque
1958 3419 2099 3465 tem-

496 3506 723 3578 poribus
752 3503 1130 3576 indulgemus,
1163 3501 1542 3566 concedimus,
1591 3508 1754 3570 atque
1802 3497 2099 3555 conﬁrma-

497 3611 638 3649 mus.
671 3595 739 3648 Et
769 3593 908 3649 sicut
937 3592 1306 3648 nobilissimus
1336 3591 1665 3646 Francorum
1695 3605 1790 3644 rex
1821 3587 2100 3660 Dagober-

494 3693 602 3746 tus,
636 3691 690 3738 et
719 3681 1099 3754 gloriosissimi
1139 3679 1389 3753 Augusti,
1442 3678 1671 3734 Carolus
1701 3684 1755 3732 et
1793 3675 1933 3730 ﬁlius
1983 3677 2100 3745 ejus

495 3771 822 3837 Ludovicus,
858 3779 910 3826 et
941 3771 1036 3824 filii
1067 3777 1118 3824 et
1145 3777 1372 3839 nepotes
1423 3783 1632 3832 eorum,
1661 3765 1890 3820 Carolus
1921 3765 2098 3835 impe-

495 3869 662 3926 rator,
698 3869 752 3915 et
781 3859 1024 3928 ejusdem
1059 3857 1237 3913 Caroli
1269 3855 1410 3910 ﬁlius
1451 3855 1772 3922 Ludovicus,
1809 3869 2022 3910 necnon
2049 3849 2172 3912 etC

497 3949 892 4004 Carlomannus
957 3945 1212 4001 Ludovici
1271 3944 1452 4010 ﬁlius,
1513 3943 1604 4014 qui
1663 3959 1804 3998 nunc
1869 3957 2100 4014 regnum

493 4037 830 4091 Francorum
860 4034 1088 4090 feliciter
1132 4033 1442 4106 gubernare
1474 4032 1702 4096 videtur,
1737 4030 1884 4085 ducti
1913 4029 2100 4084 divino

496 4139 700 4191 amore,
735 4123 804 4178 de
832 4122 974 4176 villis
1006 4137 1069 4177 ac
1101 4120 1439 4176 facultatibus
1488 4135 1582 4173 seu
1633 4118 1916 4188 stipendiis
1963 4133 2098 4188 pro-

493 4212 643 4284 priis,
679 4211 764 4268 vel
796 4211 1036 4284 quolibet
1085 4209 1248 4265 modo
1279 4207 1352 4263 ibi
1383 4225 1414 4263 a
1446 4207 1698 4262 ﬁdelibus
1729 4207 1858 4262 viris
1887 4206 2098 4262 condo-

497 4309 638 4356 nataa
669 4317 774 4370 res,
808 4315 840 4354 a
869 4300 1025 4356 vobis
1043 4297 1430 4370 quoquomodo
1474 4295 1752 4367 acquisita:
1783 4303 1926 4358 sunt,
1961 4296 2102 4350 sicut

491 4391 548 4444 in
594 4389 881 4461 praeceptis
929 4389 1313 4459 praedictorum
1359 4403 1554 4459 regum
1599 4385 1959 4448 continentur,
2011 4383 2098 4438 vel

491 4481 546 4535 in
598 4479 786 4535 charta
835 4479 1079 4548 ejusdem
1127 4475 1442 4531 monasterii
1487 4473 1792 4528 fundatoris
1835 4473 2099 4526 insertum

494 4578 594 4636 est,
631 4569 838 4626 scilicet
867 4567 1031 4639 Eligii
1061 4565 1323 4636 episcopi,
1359 4564 1543 4619 omnia
1591 4563 1794 4616 illibata
1825 4569 1877 4616 et
1903 4561 2097 4617 incon-

495 4659 650 4712 vulsa
705 4664 908 4712 nostrae
961 4653 1296 4710 auctoritatis
1352 4651 1640 4723 privilegio
1695 4649 2095 4705 conﬁrmamus.

497 4747 701 4801 Damus
731 4745 896 4800 etiam
927 4743 1222 4800 licentiam.
1257 4749 1478 4812 propter
1507 4739 1940 4810 persecutionem
1971 4735 2098 4791 inﬁ-

495 4835 698 4890 delium
757 4833 1218 4888 Christianitatem
1275 4829 1693 4890 devastantium,
1747 4827 2098 4880 munitionem

495 4923 570 4978 ibi
599 4921 738 4978 ﬁeri.
789 4921 1176 4976 Constituimus
1224 4919 1331 4974 alia
1379 4918 1697 4974 auctoritate
1745 4915 1888 4970 beati
1935 4915 2096 4980 Petri,

495 5021 552 5068 ut
581 5011 762 5066 nullus
795 5027 1004 5082 regum,
1039 5024 1200 5064 nemo
1229 5007 1542 5070 antistitum,
1577 5005 1662 5060 vel
1691 5005 1967 5066 abbatum,
2003 5019 2100 5056 seu

497 5101 725 5173 quilibet
756 5115 854 5154 sua
884 5097 1141 5169 praeditus
1171 5097 1450 5167 dignitate,
1490 5097 1558 5150 de
1588 5095 1653 5148 iis
1682 5109 1804 5165 qua:
1833 5091 1886 5146 in
1917 5091 2099 5161 praeli-

495 5190 636 5244 batis
665 5187 954 5260 praeceptis
983 5185 1346 5250 continentur,
1381 5185 1467 5238 vel
1496 5183 1550 5238 in
1581 5183 1759 5238 futuro
1789 5181 1859 5235 ab
1887 5180 1986 5246 eis,
2011 5179 2098 5234 vel

497 5293 528 5331 a
561 5277 887 5349 quibuslibet
914 5275 982 5330 de
1011 5273 1234 5344 proprio
1279 5273 1474 5328 fuerint
1504 5273 1587 5326 liis
1617 5269 1944 5341 specialibus
1988 5267 2097 5322 usi-

497 5365 600 5418 bus
625 5366 747 5432 jure
778 5365 991 5428 collata,
1025 5364 1126 5416 sub
1147 5361 1434 5431 cujuslibet
1461 5377 1638 5416 causae
1665 5359 1954 5414 occasione
1985 5356 2100 5410 sive

501 5453 704 5522 specie,
739 5453 1033 5522 quidquam
1053 5451 1294 5505 minuere
1317 5451 1400 5504 vel
1425 5447 1660 5512 auferre,
1687 5447 1772 5502 vel
1794 5446 1914 5500 aliis
1947 5444 2102 5516 quasi

499 5540 604 5612 piis
633 5539 812 5596 causis
841 5556 942 5610 pro
973 5555 1086 5594 suae
1125 5539 1366 5594 avaritiae
1411 5536 1762 5593 excusatione
1809 5539 2105 5605 praesumat

498 5635 830 5696 concedere.
877 5635 988 5692 Sed
1035 5643 1246 5702 cuncta,
1294 5651 1416 5708 quae
1465 5634 1654 5690 usibus
1683 5631 2106 5694 monachorum,

2127 1111 2290 1198 Avel
2320 1111 2563 1168 ecclesia:
2591 1112 2768 1168 oblata
2819 1121 2961 1180 sunt,
3009 1116 3094 1170 vel
3139 1115 3322 1172 oﬂ'erri
3373 1119 3685 1190 contigerit,
3719 1137 3814 1192 pe-

2203 1201 2356 1256 renni
2387 1209 2629 1272 tempore
2677 1202 2882 1273 absque
2929 1203 3040 1259 ulla
3080 1205 3454 1277 inquietudine
3498 1209 3652 1278 ipsis,
3687 1211 3812 1280 qui-

2199 1289 2302 1342 bus
2351 1305 2614 1344 concessa
2665 1299 2818 1356 sunt,
2863 1292 3143 1362 profutura
3191 1305 3570 1364 permaneant.
3619 1297 3810 1352 Statui-

2200 1385 2311 1430 tum
2363 1379 2556 1447 etiam,
2591 1386 2648 1433 ut
2677 1379 2856 1444 nullus
2897 1381 3280 1451 episcoporum
3303 1427 3315 1448 ,
3368 1399 3464 1438 seu
3511 1386 3808 1452 comitum,

2203 1467 2656 1523 mansionaticum
2686 1468 2780 1534 ibi,
2815 1469 2897 1524 vel
2927 1478 3166 1540 paratas,
3201 1471 3288 1526 vel
3319 1473 3585 1529 stationes
3615 1475 3809 1546 requi-

2215 1571 2337 1611 rere
2369 1572 2466 1610 seu
2515 1557 2735 1630 exigere
2783 1567 3104 1628 praesumat,
3155 1560 3254 1615 sed
3299 1560 3458 1616 liceat
3505 1563 3684 1617 servis
3711 1563 3814 1619 Dei

2201 1645 2318 1700 sine
2348 1643 2532 1716 aliqua
2566 1645 2938 1716 inquietudine
2970 1649 3086 1703 Deo
3117 1649 3345 1714 servire,
3377 1657 3430 1705 et
3461 1651 3812 1721 hospitalita-

2199 1733 2270 1788 tis
2301 1733 2752 1800 benevolentiam,
2805 1743 2966 1804 prout
3015 1736 3094 1790 eis
3141 1736 3374 1804 libuerit,
3408 1741 3618 1795 cunctis
3667 1738 3811 1796 ﬁde-

2199 1821 2340 1876 libus
2402 1822 2741 1892 impendere.
2791 1823 2998 1879 Placuit
3047 1825 3174 1881 huic
3229 1827 3443 1898 paginae
3503 1827 3700 1896 inseri,
3755 1836 3814 1881 ut

2199 1909 2432 1964 obeunte
2461 1911 2656 1966 abbate
2685 1911 2933 1982 praedicti
2955 1913 3208 1982 ccenobii,
3231 1914 3414 1969 nullus
3435 1915 3527 1982 ibi,
3555 1931 3812 1986 quacun-

2200 2015 2304 2070 que
2337 1999 2698 2069 subreptionis
2750 2000 3067 2070 ambitione,
3102 2002 3355 2057 abbatem
3387 2011 3628 2059 statuere
3661 2021 3810 2074 pra:-

2202 2095 2397 2152 sumat,
2433 2087 2534 2142 nisi
2581 2103 2742 2158 quem
2791 2089 3036 2157 ejusdem
3066 2089 3170 2144 loci
3199 2091 3454 2146 monachi
3505 2093 3810 2148 secundum

2199 2176 2563 2230 authenticam
2609 2183 2662 2231 et
2711 2177 3026 2249 regularem
3075 2177 3464 2234 institutionem
3497 2196 3562 2235 ex
3615 2180 3814 2251 seipsis

2201 2263 2468 2336 elegerint
2497 2265 2879 2319 ordinandum.
2916 2265 2971 2321 Si
2999 2266 3120 2337 quis
3149 2275 3328 2321 autem
3375 2269 3518 2324 hanc
3549 2269 3812 2340 paginam

2199 2352 2600 2408 constitutionis
2629 2369 2935 2426 agnoscens
2966 2363 3156 2410 contra
3187 2371 3304 2409 eam
3337 2356 3522 2410 venire
3554 2365 3810 2412 tentare-

2203 2441 2304 2506 rit,
2336 2441 2403 2494 sit
2441 2441 2652 2496 alienus
2683 2457 2716 2496 a
2747 2441 3113 2498 sacratissimo
3157 2460 3388 2514 corpore
3429 2445 3649 2500 Domini
3677 2446 3812 2500 Jesu

2203 2529 2426 2596 Christi,
2488 2537 2540 2584 et
2597 2529 2700 2584 nisi
2757 2539 3084 2602 praesumpta
3134 2533 3461 2599 correxerit,
3519 2533 3606 2588 vel
3661 2533 3808 2588 male

2202 2617 2384 2672 ablata
2413 2633 2522 2672 non
2555 2619 2868 2684 restituerit,
2915 2619 3173 2675 ultionem
3205 2636 3328 2676 cum
3359 2621 3492 2676 Juda
3523 2621 3810 2692 proditore

2203 2705 2453 2776 excipiat,
2488 2713 2539 2760 et
2567 2706 2784 2761 beatum
2823 2708 3038 2762 Petrum
3080 2709 3276 2763 sentiat
3317 2711 3548 2764 hostem.
3583 2711 3810 2766 Cunctis

2202 2803 2384 2849 autem
2412 2795 2590 2850 eidem
2637 2795 2758 2851 loco
2797 2797 2946 2866 justa
2976 2797 3316 2852 servantibus
3349 2799 3418 2852 sit
3447 2814 3552 2868 pax
3587 2797 3810 2853 Domini

2201 2883 2374 2938 nostri
2403 2883 2532 2938 Jesu
2574 2884 2796 2950 Christi,
2831 2894 3100 2956 quatenus
3139 2894 3192 2941 et
3231 2886 3320 2942 hic
3363 2887 3596 2942 fructum
3647 2887 3810 2942 bonae

2199 2971 2426 3026 actionis
2473 2973 2766 3027 inveniant.
2822 2973 3093 3044 Scriptum
3121 2991 3220 3044 per
3257 2991 3474 3030 manum
3528 2975 3810 3030 Zachariae

2201 3059 2462 3116 scriniarii
2495 3069 2697 3117 sanctae
2729 3061 2983 3117 Romanae
3014 3063 3283 3118 Ecclesia:
3313 3079 3501 3118 mense
3531 3063 3692 3128 Maio,
3729 3063 3812 3118 in-

2200 3148 2435 3204 dictione
2467 3149 2658 3219 prima.
2693 3151 2836 3204 Bene
2868 3151 3060 3206 valete.
3097 3151 3272 3206 Pridie
3303 3151 3430 3206 Idus
3465 3152 3671 3216 Iunias,
3705 3167 3810 3221 per

2201 3253 2422 3292 manum
2455 3237 2724 3292 Valentini
2767 3239 3030 3295 Ecclesia:
3079 3240 3388 3294 Portuensis
3419 3240 3684 3311 episcopi,
3723 3256 3814 3294 re-

2200 3335 2400 3396 gnante
2439 3326 2493 3380 in
2539 3335 2858 3397 perpetuum
2917 3327 3149 3382 Domino
3203 3329 3319 3384 Deo
3375 3339 3581 3383 nostro.
3643 3330 3810 3382 Anno

2199 3413 2538 3484 pontiﬁcatus
2586 3415 2770 3469 domni
2817 3415 3010 3471 Marini
3057 3416 3380 3472 universalis
3415 3431 3571 3488 papa;
3600 3417 3803 3487 primo,

2201 3503 2494 3560 indictione
2523 3504 2716 3576 prima.

2966 3593 3032 3648 ΙΙ.

2552 3695 2660 3734 PRO
2697 3695 3052 3737 υοΝΑετΕιιιο
3105 3697 3440 3739 εΑνιΝιΕΝει.

2801 3771 2985 3836 (Anno
3045 3773 3192 3840 883.)

2340 3856 2442 3929 [Ex
2481 3857 2716 3928 Ughelli,
2775 3858 2924 3912 Italia
2968 3875 3119 3913 sacra
3149 3867 3186 3913 t.
3223 3859 3309 3924 IV,
3343 3875 3472 3931 pag.
3507 3861 3655 3932 657.]

2273 3945 2527 4000 anmus
2557 3946 2870 4016 episcOpus,
2903 3963 3094 4002 servus
3127 3963 3410 4002 servorum
3433 3948 3552 4014 Dei,
3579 3949 3806 4014 dilecto,

2199 4034 2675 4100 reverendissimo,
2702 4042 2754 4089 et
2775 4035 3116 4090 sanctissimo
3139 4035 3412 4090 Germano
3436 4045 3640 4092 sancta:
3661 4039 3778 4092 Lau
3797 4071 3812 4081 -

2200 4121 2384 4176 densis
2415 4123 2679 4178 Ecclesiae
2726 4123 2983 4194 episcOpo
3014 4132 3064 4178 et
3094 4125 3348 4194 praesenti
3381 4125 3434 4178 in
3468 4126 3662 4180 eadem
3689 4127 3806 4182 Ec-

2200 4210 2367 4265 clesia
2395 4219 2447 4265 et
2475 4211 2804 4266 monasterio
2837 4211 3144 4268 Savinionis
3177 4212 3230 4266 in
3261 4223 3606 4283 perpetuum.

2269 4299 2344 4354 Te
2381 4308 2636 4354 narrante
2684 4299 3042 4372 cognovimus
3087 4299 3452 4356 muniﬁcentia
3505 4301 3806 4372 imperato-

2199 4402 2336 4452 rum,
2371 4395 2422 4442 et
2453 4405 2663 4460 regum,
2697 4389 2788 4459 qui
2817 4389 3018 4443 nostris
3047 4387 3262 4443 fuerunt
3293 4390 3652 4460 temporibus,
3687 4391 3814 4462 qui-

2201 4491 2304 4545 que
2336 4492 2470 4548 erga
2501 4493 2595 4532 eos
2625 4477 2890 4532 industria
2919 4477 3166 4549 obsequii
3208 4477 3516 4532 coenobium
3549 4479 3806 4534 Savinio-

2200 4563 2282 4618 nis
2313 4565 2575 4620 Ecclesia:
2613 4575 2717 4620 tua:
2763 4581 3104 4633 concessum,
3158 4573 3317 4636 atque
3357 4569 3644 4636 praeceptis
3691 4567 3810 4621 suis

2199 4651 2471 4708 ﬁrmatum
2503 4671 2624 4708 esse
2655 4669 2720 4709 eo
2749 4653 3001 4709 videlicet
3045 4653 3232 4709 ordine
3281 4671 3376 4709 seu
3423 4663 3612 4709 tenore
3657 4655 3806 4725 quod

2199 4759 2418 4813 semper
2451 4743 2503 4797 in
2534 4743 2728 4797 eodem
2758 4743 3008 4798 cmuobio
3037 4741 3310 4814 regularis
3349 4743 3610 4797 institutio
3637 4743 3810 4798 disci-

2199 4831 2528 4904 plinabiliter
2547 4832 2948 4898 observaretur,
2973 4831 3126 4886 salvo
3143 4831 3266 4900 jure
3295 4846 3686 4886 concessamm
3709 4832 3814 4886 sibi

2201 4937 2382 4977 rerum
2411 4921 2466 4974 in
2498 4937 2630 4974 usus
2659 4920 2932 4990 proprios.
2967 4921 3042 4974 Tu
3072 4936 3204 4976 vero
3235 4935 3556 4990 prmcavens
3585 4937 3656 4974 ne
3688 4929 3812 4990 post

2199 5009 2502 5065 discessum
2541 5017 2690 5063 tuum
2739 5009 2962 5079 quilibet
3011 5023 3392 5063 successorum
3441 5017 3683 5077 tuorum,
3719 5017 3808 5062 aut

2199 5097 2306 5152 alia
2357 5097 2635 5153 saecularis
2684 5105 2922 5167 potestas
2969 5113 2999 5149 a
3045 5095 3267 5166 proprio
3323 5105 3464 5150 statu
3513 5103 3566 5150 et
3612 5097 3809 5151 ordine

2127 5210 2178 5270 D
2201 5186 2350 5241 idem
2381 5185 2690 5242 ccenobium
2739 5185 3052 5239 subvertere
3080 5185 3272 5254 possit,
3305 5201 3394 5238 res
3433 5193 3523 5239 aut
3573 5185 3808 5239 familias

2201 5275 2402 5330 ibidem
2453 5273 2838 5341 subvertendo,
2873 5273 2958 5327 vel
2989 5273 3318 5340 invadendo,
3351 5273 3530 5342 petisti
3573 5271 3812 5328 ﬁdeliter

2201 5363 2522 5420 auctoritate
2572 5361 2718 5416 sedis
2766 5361 3096 5431 apostolicae,
3133 5369 3186 5414 et
3217 5361 3502 5432 privilegio
3550 5379 3632 5426 ea,
3689 5377 3812 5432 qua:

2201 5453 2269 5507 ad
2313 5469 2444 5506 usus
2495 5451 2904 5510 monachorum.
2955 5465 3018 5504 ac
3067 5449 3230 5503 totius
3278 5450 3522 5518 ejusdem
3569 5447 3810 5504 coenobii

2205 5541 2486 5594 utilitatem
2557 5537 2766 5594 cunctis
2813 5535 3296 5609 possessionibus,
3341 5553 3402 5593 ac
3447 5538 3812 5594 recordandae

2205 5629 2484 5685 memoria:
2529 5626 2776 5698 piissimo
2825 5625 3097 5684 Ludovico
3126 5625 3404 5697 quondam
3431 5629 3682 5699 Augusto
3709 5643 3812 5698 per
