4060 6184
260 308 366 361 969

1719 304 2075 364 EPISTOLA.

3456 307 3562 362 970

260 437 599 500 praeceptum
631 446 789 484 suum
832 429 1036 485 dudum
1079 430 1353 501 delegata,
1403 438 1563 503 atque
1598 446 1861 487 concessa
1876 440 1933 498 Α
1961 445 2070 484 non
2099 429 2172 483 ibi
2202 435 2502 494 morentur,
2536 428 2639 482 nisi
2670 434 2901 499 cogente
2933 424 3212 493 charitate,
3244 435 3333 482 aut
3362 444 3560 485 neces-

250 525 305 571 et
333 525 526 586 postea
545 506 841 590 diligenter
858 519 1078 590 provisa
1105 518 1501 590 aequanimitate
1518 519 1858 590 sibimetque,

256 602 490 669 ﬁrmari,
525 614 579 660 et
638 616 758 677 qua}
794 607 1055 678 deinceps
1110 623 1143 662 a
1197 608 1520 678 quibusdam
1550 607 1860 661 timentibus

258 694 436 747 Deum
467 694 669 748 ibidem
700 695 895 750 collata
924 696 1140 761 fuerint,
1174 696 1427 752 videlicet
1454 697 1524 751 ab
1555 696 1691 751 urbe
1719 697 1859 750 Der-

254 782 427 837 thona
455 783 719 854 quidquid
747 784 815 838 de
871 783 987 855 ipsa
1043 791 1127 838 est
1178 784 1450 839 abbatiola
1479 801 1654 855 usque
1687 784 1755 838 ad
1777 783 1859 855 ip-

257 872 805 929 summonasterium
831 872 886 926 in
931 871 1127 927 eodem
1174 872 1427 927 comitatu
1472 872 1854 940 Derthonensi,

252 959 539 1025 Januensi,
590 960 760 1013 maris
798 960 978 1015 littore
1037 968 1089 1015 et
1120 960 1339 1027 Tuscia,
1406 976 1619 1016 necnon
1679 961 1858 1016 vicum

253 1047 602 1115 Arderatum,
664 1055 717 1102 et
749 1048 1080 1120 Pasqualini,
1142 1057 1195 1103 et
1230 1064 1415 1103 casam
1446 1048 1515 1104 de
1544 1050 1703 1119 Papia
1732 1065 1857 1104 cum

256 1136 525 1191 massario
555 1137 610 1190 in
638 1135 868 1191 aurello.
903 1137 1192 1208 Reliquum
1222 1153 1351 1192 vero
1369 1137 1537 1208 ipsius
1568 1138 1855 1192 abbatiolae

254 1222 633 1279 Laudunensis
690 1224 979 1296 episcopus
1033 1225 1104 1280 ad
1158 1226 1439 1280 utilitatem
1468 1242 1581 1280 sua)
1612 1225 1856 1282 ecclesiae

250 1326 355 1381 pro
383 1311 726 1381 defensione,
786 1321 840 1368 et
895 1314 1244 1369 excusatione
1301 1314 1619 1370 eorumdem
1675 1328 1857 1368 mona-

250 1400 481 1455 chorum
511 1401 791 1471 retineret,
825 1417 890 1458 ac
910 1403 1236 1472 possideret,
1290 1402 1591 1472 implorasti
1649 1402 1857 1458 scilicet

248 1506 353 1560 pro
384 1489 537 1544 omni
567 1490 793 1545 excubia
814 1499 868 1545 et
896 1491 1239 1562 expeditione
1270 1498 1381 1545 tam
1410 1490 1648 1561 palatina
1691 1506 1855 1561 quam

251 1587 305 1634 et
332 1578 541 1633 hostili.
575 1579 689 1634 Nos
734 1578 899 1649 igitur
955 1596 1055 1651 per
1109 1580 1363 1650 gratiam,
1423 1588 1476 1635 et
1505 1586 1851 1648 potestatem,

249 1683 377 1738 qua:
405 1667 565 1721 nobis
597 1682 630 1722 a
658 1668 774 1721 Deo
822 1668 1194 1737 apostolorum
1253 1668 1461 1722 meritis
1490 1668 1695 1723 collata
1719 1667 1856 1722 sicut

1966 518 2121 571 sitate
2144 518 2312 572 abbas
2353 533 2475 572 cum
2516 516 2774 570 fratribus
2819 513 3230 585 postulaverint,
3278 523 3359 570 ter
3388 517 3560 588 siqui-

1963 606 2088 659 dem
2106 622 2207 676 per
2227 620 2429 660 annum
2472 613 2561 659 aut
2618 605 2807 673 abbas,
2859 611 2949 657 aut
2994 602 3111 671 ejus
3140 602 3267 657 inde
3314 605 3563 660 monachi

1962 694 2300 749 Laudensem
2330 693 2647 764 episcopum
2704 693 2757 747 in
2789 707 2887 746 sua
2933 689 3169 746 ecclesia
3198 691 3492 748 honoriﬁce
3513 700 3568 748 et

1960 781 2197 846 visitent,
2247 789 2300 836 et
2347 781 2696 851 recipiantur.
2749 782 3015 839 Praeterea
3062 780 3408 839 decernimus
3437 789 3495 836 ut
3517 782 3565 836 si

1961 869 2205 937 ejusdem
2229 869 2539 925 monasterii
2571 870 2741 924 abbas
2797 888 2857 927 se
2886 872 3180 945 aliquando
3230 869 3565 944 praegravari

1960 957 2155 1026 injuste
2185 958 2501 1030 cognoverit
2533 958 2601 1012 ab
2632 960 2823 1014 eodem
2868 962 3146 1033 episcopo,
3192 962 3279 1015 vel
3323 959 3465 1026 aliis,
3497 959 3565 1013 li-

1961 1044 2089 1100 bere
2118 1046 2187 1100 ad
2217 1054 2457 1100 nostram
2488 1046 2676 1101 sedem
2703 1049 3059 1119 apostolicam
3100 1049 3358 1120 appellet,
3393 1055 3564 1118 atque

1957 1134 2025 1187 ad
2053 1149 2170 1188 eam
2203 1132 2515 1205 confugium
2546 1133 2723 1201 faciat,
2784 1144 2841 1191 ut
2873 1153 2968 1192 sua
3007 1145 3282 1193 mereatur
3313 1136 3565 1192 obtinere

1957 1221 2407 1295 irrefragabiliter
2429 1223 2551 1290 jura
2572 1223 2872 1293 apostolica
2909 1226 3010 1280 sibi
3040 1226 3329 1281 clementia
3390 1225 3526 1280 robo

1956 1318 2095 1365 rata.
2133 1308 2267 1378 Quae
2297 1310 2342 1364 si
2373 1310 2495 1381 quis
2523 1312 2860 1384 praecognita
2905 1329 3280 1385 corrumpere,
3340 1312 3566 1383 ipsam-

1956 1414 2061 1469 que
2083 1406 2327 1453 sanctam
2348 1399 2830 1471 congregationem
2846 1402 3183 1471 perturbare,
3220 1401 3308 1456 vel
3342 1399 3562 1472 inquie-

1955 1493 2069 1539 tare
2096 1486 2472 1555 praetermisso
2529 1487 2849 1558 apostolico,
2910 1505 3005 1543 seu
3052 1488 3295 1561 regulari
3353 1488 3563 1557 judicio

1956 1573 2260 1640 tentaverit,
2297 1582 2350 1629 et
2364 1575 2468 1629 hoc
2500 1583 2747 1630 nostrum
2768 1576 3113 1647 privilegium
3142 1591 3362 1648 quoquo
3396 1576 3562 1631 modo

1953 1675 2329 1731 corrumpere,
2362 1661 2417 1715 in
2446 1661 2639 1717 virtute
2671 1664 2842 1719 sancti
2891 1664 3145 1735 Spiritus,
3179 1681 3238 1719 se
3272 1664 3566 1720 beatorum

251 1751 509 1821 superius
531 1751 837 1806 continetur
852 1751 1118 1806 ambabus
1135 1752 1383 1840 partibus
1397 1752 1547 1820 juxta
1564 1767 1853 1807 commune
1894 1789 1946 1849 B
1963 1748 2327 1819 apostolorum
2356 1765 2388 1803 a
2416 1750 2795 1805 communione
2853 1752 3097 1807 omnium
3155 1752 3223 1806 sit
3280 1760 3568 1823 separatus

254 1848 467 1905 votum,
501 1848 554 1894 et
581 1839 1014 1895 moderationem
1030 1856 1264 1911 mquam,
1289 1839 1696 1915 apostolicaque
1714 1856 1851 1895 con-

254 1926 542 1983 ﬁrmantes
565 1928 885 1983 auctoritate
915 1928 1203 1984 statuimus
1232 1936 1452 1983 auctore
1469 1928 1702 1984 Domino
1731 1929 1860 1983 Jesu

247 2016 472 2071 Christo
500 2016 810 2071 inviolabile
842 2017 1039 2072 amodo
1070 2017 1151 2072 sic
1172 2032 1518 2087 permanere.
1572 2016 1862 2073 Sancimus

251 2115 478 2171 quoque
507 2108 562 2155 ut
583 2116 707 2156 cum
735 2116 980 2171 praesens
1036 2101 1282 2168 ejusdem
1312 2100 1418 2156 loci
1457 2101 1630 2155 abbas
1687 2101 1860 2157 Adal-

249 2188 465 2255 bertus,
498 2189 585 2244 vel
616 2189 733 2257 ejus
758 2204 1107 2245 successores
1144 2190 1215 2245 ab
1255 2190 1355 2245 hac
1401 2189 1523 2245 luce
1550 2189 1735 2245 divina
1765 2205 1862 2245 vo-

248 2277 471 2332 catione
500 2277 764 2333 subtracti
794 2276 1013 2345 fuerint,
1060 2293 1169 2333 non
1206 2277 1443 2344 aliunde,
1509 2277 1609 2333 sed
1644 2278 1712 2333 de
1739 2278 1861 2349 ipsa

249 2365 687 2438 congregatione
714 2365 1062 2421 concorditer
1090 2366 1442 2420 substituatur
1472 2366 1627 2432 alter,
1654 2367 1699 2421 si
1731 2382 1859 2422 vero

244 2469 354 2525 pro
387 2453 507 2524 ipsa
562 2452 849 2519 electione,
902 2462 996 2508 aut
1054 2453 1285 2509 fratrum
1356 2454 1719 2520 dissensione,
1771 2454 1859 2509 vel

251 2542 421 2596 etiam
450 2540 557 2596 alia
583 2541 819 2612 qualibet
849 2540 1020 2612 ipsius
1053 2541 1159 2598 loci
1184 2542 1509 2598 necessitate
1557 2542 1859 2597 Laudensm

249 2630 549 2700 episcopus
578 2628 763 2701 utique
790 2645 900 2684 non
920 2629 1080 2696 alius,
1116 2629 1202 2686 vel
1232 2630 1350 2700 ejus
1377 2630 1530 2685 missi
1560 2630 1704 2686 idem
1734 2645 1857 2685 mo-

248 2717 556 2773 nasterium
584 2724 678 2772 aut
706 2716 892 2784 cellas,
913 2725 1006 2773 aut
1034 2726 1213 2773 curtes
1258 2719 1375 2787 ejus
1403 2718 1579 2774 vocati
1611 2719 1666 2772 in
1703 2718 1857 2786 adju-

245 2806 456 2863 torium
477 2806 723 2862 venerint
766 2822 877 2862 non
920 2807 1206 2879 plusquam
1233 2807 1454 2879 triginta
1509 2807 1778 2873 homines,
1802 2814 1859 2862 et

246 2894 498 2952 caballos
550 2894 914 2968 quadraginta
969 2895 1295 2961 conducant,
1356 2895 1552 2966 quibus
1609 2911 1675 2950 ex
1722 2894 1856 2966 ipsis

244 2982 575 3038 monasterii
604 2982 772 3038 rebus
787 2982 981 3038 dentur
1009 2983 1301 3055 stipendia,
1334 2991 1387 3039 et
1417 2984 1562 3038 ultra
1617 2983 1857 3039 triduum

1168 3302 1759 3431 MARIN
1763 3302 1829 3427 Ι

1956 1837 2225 1906 justorum
2258 1838 2611 1910 quoadusque
2659 1839 2826 1911 digna
2882 1840 3250 1896 satisfactione
3296 1840 3563 1896 humilia-

1962 1932 2047 1979 tus
2075 1926 2367 1981 emendare
2415 1926 2696 1992 studuerit,
2768 1944 2997 2000 quaeque
3029 1936 3221 1985 contra
3251 1929 3436 1999 ipsum
3467 1945 3565 1984 re-

1960 2014 2263 2068 verendum
2309 2012 2490 2069 locum
2545 2015 2616 2069 ad
2672 2015 2973 2085 periculum
3028 2016 3111 2071 sui
3152 2016 3399 2088 deliquit.
3458 2015 3567 2084 Qui

1960 2117 2092 2156 vero
2130 2109 2314 2156 custos
2360 2110 2413 2156 et
2459 2102 2780 2158 observator
2844 2104 3003 2173 hujus
3058 2104 3339 2174 apostolici
3384 2103 3560 2159 nostri

1960 2188 2229 2260 privilegii
2258 2189 2439 2256 fuerit,
2472 2190 2903 2247 benedictionem
2931 2200 2984 2247 et
3013 2193 3241 2263 gratiam
3259 2208 3293 2247 a
3321 2192 3560 2248 Domino

1961 2286 2349 2349 consequatur.
2411 2278 2679 2350 Scriptum
2734 2296 2836 2351 per
2872 2297 3095 2336 manum
3153 2280 3380 2354 Georgii
3411 2280 3554 2337 scri-

1957 2365 2096 2420 narii
2126 2375 2330 2422 Sanctia
2375 2367 2636 2423 Romanae
2689 2369 2972 2437 Ecclesiae,
3019 2386 3209 2426 mense
3260 2369 3439 2436 Junio,
3473 2369 3557 2424 in-

1960 2453 2213 2515 dictione,
2228 2471 2264 2508 ι.
2296 2455 2441 2510 Bene
2471 2455 2666 2512 valete.

2029 2543 2225 2597 Datum
2270 2558 2302 2597 x
2353 2543 2471 2598 Kal.
2520 2544 2628 2598 Juli
2661 2560 2760 2615 per
2804 2560 3027 2600 manum
3075 2545 3384 2602 Zacchariae
3411 2544 3557 2617 epis-

1957 2630 2081 2701 cOpi
2110 2638 2163 2686 et
2183 2630 2594 2697 bibliothecarii,
2651 2640 2812 2705 atque
2855 2633 3010 2688 missi
3053 2634 3109 2689 S.
3153 2634 3299 2689 sedis
3327 2642 3555 2705 aposto-

1954 2716 2096 2787 licae,
2130 2718 2432 2789 imperante
2477 2719 2697 2775 domino
2736 2728 2926 2776 nostro
2982 2721 3228 2792 piissimo
3285 2729 3558 2793 perpetuo

1957 2810 2204 2877 Augusto
2261 2807 2453 2862 Carolo
2508 2822 2542 2862 a
2572 2808 2688 2864 Deo
2746 2816 3007 2864 coronato
3056 2826 3258 2882 magno
3316 2810 3557 2881 impera-

1955 2902 2071 2950 tore
2104 2909 2245 2950 anno
2273 2909 2354 2962 in,
2408 2903 2462 2950 et
2484 2902 2610 2966 post
2641 2896 2980 2952 consulatum
3009 2896 3125 2967 ejus
3163 2912 3309 2953 anno
3339 2913 3419 2967 ιιι,
3470 2899 3561 2954 in-

1955 2982 2084 3038 dict.
2118 2996 2155 3037 ι.

1969 3254 2494 3428 PAPZE
2617 3302 2687 3469 ι

1270 3510 1611 3568 EPISTOLA
1652 3511 1747 3567 AD
1785 3510 2170 3568 MONACHOS
2204 3511 2253 3566 Ι.
2294 3511 2554 3567 EGlDII.

1709 3664 1890 3736 (Anno
1922 3664 2072 3733 883.)

1368 3814 1619 3882 Prw/icit
1650 3814 1932 3870 Amelium
1950 3817 2356 3887 presbyterum.

579 3966 663 4036 (In
693 3964 910 4037 probat.
942 3979 1099 4019 novae
1127 3961 1253 4017 hist.
1284 3962 1545 4029 Nemaus,
1576 3978 1707 4035 pag.
1740 3966 1827 4029 15,
1861 3961 2006 4033 apud
2028 3962 2095 4016 D.
2131 3962 2303 4033 Bouq.
2341 3958 2537 4035 Script.
2578 3976 2765 4020 rerum
2794 3962 3009 4037 Franc.,
3039 3973 3091 4039 t._
3112 3965 3235 4041 IX.)

321 4202 586 4256 MARINUS
616 4197 923 4269 episcopus,
968 4211 1159 4250 servus
1184 4209 1465 4250 servorum
1515 4194 1636 4261 Dei,
1667 4193 1849 4249 omni-
1879 4196 2068 4259 Cmus
2092 4200 2146 4248 et
2180 4191 2356 4264 ipsum
2399 4202 2641 4250 vestrum
2669 4196 3077 4266 monasterium,
3123 4213 3247 4252 cum
3290 4200 3544 4255 omnibus

245 4291 357 4346 bus
390 4287 645 4344 ﬁdelibus
673 4285 875 4341 nostris
917 4282 1201 4339 monachis
1250 4282 1319 4337 de
1346 4283 1672 4337 monasterio
1702 4281 1848 4352 quod

245 4386 481 4435 vacatur
510 4374 984 4441 Vallis-Flaviana,
1015 4371 1247 4427 salutem
1286 4379 1339 4426 et
1363 4370 1719 4441 apostolicam
1744 4370 1845 4424 be-

242 4466 644 4524 nedictionem.

324 4554 619 4627 Cognitum
674 4550 902 4607 facimus
951 4549 1206 4605 omnibus
1260 4546 1416 4605 vobis
1447 4547 1573 4618 quia
1603 4562 1877 4617 praesens—

248 4645 504 4702 Amelius
553 4640 842 4714 religiosus
883 4638 1171 4709 presbyter
1209 4644 1397 4693 noster
1437 4634 1847 4691 commendatus

238 4732 422 4791 factus
456 4740 561 4787 est.
595 4728 754 4786 Unde
784 4733 840 4785 et
894 4740 996 4781 nos
1023 4740 1125 4797 pro
1155 4741 1252 4780 sua
1300 4722 1558 4779 fidelitate
1588 4721 1847 4778 concedi-

612 5743 849 5811 ΡΑτιιοι..
876 5749 918 5808 C
933 5734 1135 5807 XXVI.

1949 4281 2063 4336 suis
2094 4281 2454 4351 pertinentiis,
2488 4282 2560 4336 ad
2592 4283 2906 4348 tenendum,
2940 4291 2992 4337 et
3012 4298 3108 4338 vos
3138 4285 3441 4356 regendum
3470 4295 3546 4342 at-

1949 4384 2055 4441 que
2086 4367 2524 4439 gubernandum,
2557 4369 2703 4424 salva
2725 4370 2988 4439 pensione
3014 4371 3173 4425 nobis
3201 4376 3385 4428 annua
3412 4389 3540 4443 per-

1948 4455 2229 4512 solvenda.
2267 4456 2421 4517 Unde
2450 4456 2607 4511 vobis
2637 4457 2981 4527 praecipimus
3012 4465 3067 4512 ut
3087 4474 3210 4513 eum
3240 4459 3539 4515 honoriﬁce

1948 4543 2275 4614 suscipiatis,
2308 4552 2360 4599 et
2389 4558 2514 4598 eum
2544 4552 2600 4598 ut
2632 4544 2912 4615 praelatum
2942 4560 3069 4600 cum
3097 4546 3245 4601 omni
3274 4548 3537 4619 religione

1946 4632 2210 4698 habeatis,
2244 4632 2334 4704 qui
2363 4648 2486 4687 eum
2516 4632 2585 4686 ad
2616 4631 2934 4688 salvandum
2962 4641 3015 4689 et
3044 4633 3345 4706 regendum
3375 4650 3542 4706 super

1948 4736 2046 4779 vos
2076 4720 2468 4780 ordinavimus.
2494 4720 2640 4777 Bene
2660 4721 2859 4777 valete.

3161 5726 3222 5782 3|
