4112 6192
520 345 617 403 971

1970 490 2102 497 ...-

1789 336 2084 401 ADRIANI
2142 336 2335 398 PAPE
2389 341 2483 397 III.

3715 339 3822 394 972

1766 597 1921 639 ANNO
1965 597 2165 638 DOMINI
2207 596 2574 639 DCCCLXXXV.

1174 702 2716 979 ADRIANUS
2884 755 3219 971 III

1723 1079 2140 1141 PONTIFEX
2184 1078 2583 1142 ROMANUS

1569 1295 1793 1380 Vl'l‘A
1856 1295 2251 1378 Al‘JRlAM
2320 1295 2594 1378 ΡΑΡλΈ
2676 1293 2775 1375 ΙΙΙ

580 1512 854 1586 Adrianus
895 1512 985 1581 III,
1030 1511 1246 1586 natione
1308 1513 1601 1586 Romanus,
1629 1582 1638 1586 Δ
1679 1527 1781 1565 χιιι
1836 1511 2112 1586 Kalendas
2141 1518 2193 1576 Α
2213 1517 2421 1586 phanus
2443 1510 2783 1586 reddiditque
2805 1508 2871 1562 ad
2903 1505 3153 1561 Basiliam
3177 1499 3616 1586 eam-epistolam
3637 1510 3805 1586 quam

508 1584 807 1643 Februarii,
841 1599 983 1637 anno
1036 1583 1415 1649 Redemptoris
1473 1582 1641 1636 nostri
1689 1586 1811 1648 884,
1844 1584 2103 1652 tempori-

493 1655 611 1707 ‘bus
640 1653 821 1707 Caroli
854 1655 925 1707 Ill
945 1661 997 1707 et
1025 1653 1207 1706 Basilii
1228 1653 1571 1722 imperatoris
1600 1662 1818 1707 creatus
1848 1662 1931 1707 est
1960 1669 2103 1722 pon-

508 1723 646 1778 tifex
682 1739 694 1777 :
729 1725 869 1777 sedit
897 1739 1096 1777 annum
1155 1740 1340 1787 unum,
1378 1732 1744 1788 mensestres,
1778 1724 1896 1777 dies
1913 1725 2105 1778 decem

513 1803 566 1848 et
598 1810 818 1848 novem.
860 1792 1188 1848 Sollicitatus
1219 1810 1248 1847 a
1282 1794 1478 1848 Basilio
1537 1794 1864 1863 imperatore
1896 1803 1948 1847 ut
1983 1810 2105 1848 cum

516 1864 706 1919 Photio
736 1865 791 1918 in
840 1864 1002 1919 rebus
1054 1863 1194 1936 fidei
1228 1873 1286 1936 et
1321 1864 1624 1936 religionis
1657 1864 2105 1936 communicaret,

512 1950 619 1989 non
664 1942 866 1988 tantum
924 1951 1032 1988 non
1089 1934 1331 2003 petitioni
1408 1934 1522 2001 ejus
1577 1934 1866 2005 acquievit,
1918 1950 2107 1988 verum

513 2006 764 2075 exemplo
805 2005 1229 2075 pradecessoris
1288 2004 1370 2058 sui
1428 2005 1620 2058 Marini
1673 2005 1923 2058 eumdem
1985 2013 2103 2058 tan-

511 2074 907 2148 quamlaicum
933 2075 1190 2148 acerrime
1221 2083 1302 2129 est
1332 2076 1642 2129 insectatus.
1671 2075 1790 2142 Quo
1825 2074 1966 2148 facto
1996 2075 2101 2148 im-

510 2145 730 2219 perator
759 2146 1082 2219 gravissime
1139 2155 1327 2219 contra
1359 2162 1480 2219 eum
1512 2154 1832 2219 commotus,
1878 2145 2103 2219 hostiles

506 2215 556 2271 ei
616 2215 816 2271 litteras
900 2217 1242 2271 contumeliis
1327 2216 1671 2285 plenissimas
1783 2215 2100 2270 transmisit.

511 2287 753 2342 Adriano
783 2286 935 2357 prius
977 2287 1081 2341 hac
1112 2287 1219 2341 vita
1273 2286 1546 2354 defuncto,
1582 2285 2104 2357 quamqlitterasiim-

513 2356 1199 2429 peratoris’minacissimas
1229 2357 1549 2427 accepisset,
1583 2356 1798 2427 accepit
1853 2371 1950 2411 eas
1979 2356 2104 2411 Ste-

2205 1574 2365 1657 supta
2394 1585 2448 1638 in
2478 1574 2778 1653 appendice
2823 1588 3028 1633 octava
3055 1574 3248 1646 synodi
3303 1575 3624 1642 impressam
3656 1574 3809 1620 inve-

2204 1674 2342 1717 DIOS.
2850 1719 2862 1721 _
2911 1720 2916 1721 ν
3002 1718 3013 1721 Α
3190 1715 3200 1721 _
3377 1713 3386 1721 _
3447 1711 3457 1721 .

2277 1730 2355 1782 De
2386 1724 2652 1781 electione
2682 1719 2952 1791 pontificis
2984 1715 3244 1779 decrevit,
3278 1730 3345 1769 ne
3375 1713 3429 1767 in
3446 1713 3565 1791 ipso
3596 1722 3803 1791 crean-

2206 1779 2637 1865 do—imperatoris
2668 1779 3622 1865 auctoritasexspegctareturiidque
3655 1779 3804 1865 ideo,

2209 1855 2266 1926 ut
2296 1855 2423 1924 cle'ri
2457 1873 2505 1919 et
2534 1863 2715 1934 populi
2735 1862 2901 1934 libera
2933 1860 3036 1913 sint
3056 1855 3347 1934 sutiragia.
3370 1855 3520 1934 .Ejus
3560 1860 3808 1918 tempore

2209 1927 2549 1996 Cassinense‘
2569 1927 2950 1986 monasterium
2986 1947 3018 1983 a
3051 1927 3336 1983 Saracenis
3367 1927 3653 1996 incensum
3676 1934 3806 1972 esse

2205 1995 2397 2067 scribit
2430 2008 2537 2060 Leo
2569 2003 2837 2058 Ostiensis
2868 2002 3005 2055 libro
3035 2015 3073 2062 I,
3107 1998 3284 2068 capite
3314 2000 3401 2049 45.
3446 1995 3647 2068 Magno
3679 2005 3808 2068 cum

2204 2063 2353 2137 luctu
2391 2077 2656 2131 universa
2684 2072 2945 2127 Ecclesia
2973 2063 3217 2124 mortuus
3256 2075 3337 2122 est
3384 2079 3524 2137 anno
3584 2063 3805 2115 Domini

2206 2136 2307 2208 883
2341 2168 2354 2203 ε
2390 2147 2633 2208 sepultus
2664 2144 2719 2197 in
2750 2143 2976 2197 basilica
3006 2138 3178 2195 sancti
3213 2137 3373 2191 Petri.
3415 2136 3628 2205 Quanto
3659 2140 3804 2184 tem-

2244 2238 2339 2277 ore
2372 2208 2530 2273 sedes
2586 2214 2881 2285 apostolica
2923 2219 3045 2285 post
3102 2217 3334 2263 mortem
3391 2208 3534 2263 illius
3583 2209 3805 2274 pastore

2245 2292 2461 2348 estituta
2514 2281 2693 2352 fuerit,
2719 2300 2827 2340 non
2858 2281 2987 2337 satis
3012 2281 3200 2352 liquet,
3233 2287 3338 2335 etc.

812 2526 3781 2554 _____________________________—_____.____

1357 2615 1759 2700 ADRIANI
1840 2617 2113 2701 PAP/E
2176 2617 2277 2699 Ill
2347 2613 2992 2700 PRIVILEGIUM

1671 2798 1784 2842 PRO
1827 2798 2193 2843 MONASTERIO
2236 2798 2614 2842 PLACENTINO.

1205 2909 1387 2981 (Apud
1416 2910 1610 2977 Mansi,
1644 2926 1928 2967 sacrorum
1957 2912 2162 2968 Concil.
2200 2892 2444 2984 ampliss.
2477 2910 2725 2977 Collect.,
2759 2918 2889 2965 tom.
2923 2909 3148 2981 XVIII.)

526 3176 535 3179 ,
571 3122 863 3177 ΑυιιιΑΝυε
922 3120 1231 3192 episcOpus,
1264 3138 1454 3179 servus
1509 3140 1792 3183 servorum
1821 3125 1941 3195 Dei,
1975 3130 2095 3183 ΑΝ·
2116 3130 2170 3189 Β
2201 3126 2436 3193 donatis,
2468 3125 2554 3184 vel
2608 3126 2663 3180 in
2692 3125 2959 3197 reliquum
3016 3120 3370 3191 donaveritis,
3430 3117 3594 3173 simili
3632 3115 3802 3172 modo

505 3223 792 3263 omnem:
834 3209 1044 3265 dilecta
1098 3210 1429 3282 imperatrici
1490 3215 1769 3285 Augusta,
1812 3222 1864 3270 et
1904 3231 2006 3286 per
2056 3224 2104 3271 te
2202 3231 2303 3270 nos
2332 3215 2488 3270 vobis
2521 3214 2787 3282 favemus,
2811 3213 3138 3284 aspiramus,
3172 3218 3225 3266 et
3253 3208 3613 3280 apostolicum
3641 3221 3789 3277 pra-

503 3303 593 3352 tuo
623 3298 920 3352 venerabili
960 3300 1287 3355 monasterio
1336 3301 1624 3357 Placentia
1673 3302 1886 3359 noviter
1942 3318 2105 3359 cons-

511 3392 712 3452 tructo,
746 3385 800 3439 in
831 3395 1175 3458 perpetuum.

573 3472 841 3529 Omnibus
871 3475 1091 3545 quidem
1106 3476 1252 3544 justa
1274 3478 1585 3547 petentibus
1614 3478 1911 3549 apostolica
1943 3478 2099 3535 solli-

500 3561 757 3630 citudine,
817 3563 1167 3634 pracipiente
1223 3566 1456 3621 Domino
1533 3566 1719 3623 favere
1783 3568 2097 3634 debemus;

498 3650 772 3721 pracipue
803 3659 982 3707 tamen
998 3653 1275 3708 devotioni
1307 3662 1432 3721 tua,
1464 3654 1784 3711 dulcissima
1837 3672 1901 3713 ac
1932 3656 2100 3727 spiri-

498 3738 621 3793 talis
652 3737 759 3793 ﬁlia
807 3748 995 3795 nostra
1050 3741 1408 3815 Angilberga,
1469 3743 1600 3798 olim
1642 3744 1959 3815 imperatrix
1989 3747 2099 3800 Au-

498 3835 679 3899 gusta,
715 3843 880 3899 quam
909 3829 1105 3884 merito
1134 3829 1344 3885 honore
1372 3839 1531 3902 atque
1561 3833 1867 3887 reverentia
1909 3840 2100 3888 sancta

500 3922 670 3969 mater
701 3924 886 3970 nostra
916 3917 1157 3971 Romana
1196 3918 1463 3983 Ecclesia,
1496 3926 1555 3972 ut
1604 3903 2016 3975 dilectissimam
2045 3928 2099 3976 et

498 4001 858 4072 principalem
878 4003 1109 4073 prolem,
1143 4004 1485 4075 amplectitur
1531 4022 1752 4077 semper
1781 4015 1834 4062 et
1863 4007 2092 4063 refovet.

500 4086 847 4160 QuaprOpter
877 4091 1273 4146 monasterium
1303 4100 1355 4146 et
1396 4093 1815 4162 xenodochium,
1852 4096 2000 4167 quod
2028 4095 2097 4151 ad

501 4176 765 4231 honorem
794 4178 1091 4235 Dominica
1112 4180 1572 4236 resurrectionnis
1600 4190 1653 4237 et
1681 4184 1783 4237 BB.
1813 4184 2094 4254 apostolo-

504 4280 644 4333 rum,
669 4273 722 4320 et
749 4275 1049 4338 martyrum
1105 4268 1506 4338 Bartholomai,
1565 4270 1697 4326 Sixti
1749 4278 1804 4327 et
1849 4272 2090 4337 Fabiani,

500 4353 753 4424 prudenti
783 4355 1093 4426 provisione
1128 4372 1162 4411 a
1190 4356 1556 4413 fundamentis
1603 4375 1779 4430 nuper
1807 4360 2095 4416 Placentia

500 4440 775 4498 adiﬁcare
802 4443 1037 4511 voluisti,
1069 4444 1330 4499 laudabili
1376 4446 1793 4517 complectimur
1818 4447 2093 4502 desiderio

501 4539 840 4603 paternoque
895 4531 1157 4589 aﬂ‘ectu...
1235 4534 1545 4604 Apostolica
1600 4535 1733 4590 illud
1780 4535 2100 4591 auctoritate

503 4626 680 4674 ratum
707 4635 772 4676 ac
825 4620 1121 4675 stabilitum
1177 4621 1490 4692 perenniter
1545 4622 1906 4691 instituentes,
1959 4631 2011 4679 et
2042 4631 2101 4679 ut

501 4705 571 4761 ab
600 4707 746 4762 omni
776 4707 1121 4780 impulsione,
1144 4716 1306 4780 atque
1334 4704 1708 4781 inquietudine
1736 4711 2102 4783 quorumlibet

502 4793 869 4851 infestantium
898 4795 1197 4852 beatissimi
1239 4797 1384 4853 Petri
1413 4797 1638 4853 tuitione
1682 4798 1911 4854 illasum
1947 4816 2098 4855 sem-

505 4898 627 4955 per,
659 4890 714 4939 et
741 4882 1386 4952 inconcussum,Domino
1406 4893 2093 4957 protegente,permaneat;

506 4972 613 5027 hoc
644 4971 808 5026 etiam
824 4972 1137 5028 omnimodo
1162 4973 1536 5045 providemus,
1552 4982 1605 5029 et
1628 4974 1894 5030 stabiliter
1913 4975 2100 5031 decer-

504 5060 705 5130 nimus,
736 5068 794 5115 ut
822 5060 1097 5127 universa,
1147 5078 1269 5132 qua
1298 5061 1501 5117 ibidem
1530 5062 1587 5117 in
1615 5062 1779 5117 rebus
1808 5063 2101 5119 mobilibus

510 5156 564 5203 et
592 5147 978 5218 immobilibus,
1011 5149 1154 5204 intus
1182 5148 1440 5222 forisque,
1489 5149 1545 5204 in
1577 5148 1795 5205 familiis
1824 5151 2101 5224 utriusque

511 5253 672 5293 sexus
716 5246 1018 5310 cunctaque
1044 5245 1236 5293 ornatu
1293 5237 1685 5306 ecclesiastico,
1742 5247 1907 5310 atque
1954 5240 2103 5295 omni

512 5326 834 5395 supellectili
877 5326 1049 5383 semel
1106 5326 1338 5381 Domino
1368 5342 1402 5381 a
1429 5326 1586 5382 vobis
1618 5326 1902 5382 distributa
1953 5335 2097 5395 sunt,

511 5410 701 5467 futuris
728 5414 1066 5485 temporibus
1094 5413 1483 5471 inconvulsain
1512 5414 1706 5471 eodem
1735 5424 1952 5471 sacrato
1980 5414 2103 5472 loco

510 5500 823 5571 persistant,
854 5503 1097 5558 omnium
1153 5502 1369 5575 penitus
1416 5502 1789 5568 diminutione,
1824 5503 1910 5560 vel
1942 5503 2101 5559 inva-

512 5587 666 5643 sione
696 5589 873 5660 sopita
903 5609 918 5657 ;
948 5590 1005 5645 in
1034 5592 1114 5646 eis
1144 5593 1309 5648 etiam
1336 5589 1574 5660 familiis,
1606 5607 1745 5664 quas
1775 5592 1847 5647 ob
1891 5593 2102 5648 redem-

506 5676 751 5748 ptionem
794 5677 990 5735 anima
1045 5687 1244 5739 vestra
1279 5680 1535 5751 prudenti
1591 5687 1846 5753 respectu
1872 5679 2101 5740 liberate

2126 4498 2179 4558 D

2201 3303 2394 3358 bemus
2425 3318 2731 3368 assensum,
2792 3309 3058 3373 quatenus
3113 3306 3167 3354 et
3217 3298 3293 3352 illi
3323 3312 3516 3352 secura
3544 3295 3796 3349 libertate

2199 3391 2374 3461 potiti,
2407 3390 2587 3462 gratia
2636 3390 2735 3445 Dei
2764 3390 2903 3445 duce
2962 3382 3305 3458 sempiterna
3336 3384 3635 3455 suscipiant
3663 3398 3805 3455 gau-

2200 3479 2291 3533 dia
2310 3479 2451 3534 vita.
2478 3478 2953 3534 Consecrationem
2978 3491 3145 3547 porro
3158 3473 3449 3529 abbatissa
3478 3471 3583 3527 loci
3602 3470 3803 3541 ipsius,

2199 3573 2257 3620 ut
2286 3565 2397 3620 filia
2425 3567 2619 3622 devota
2646 3566 2849 3637 petisti,
2903 3564 3204 3620 secundum
3225 3561 3370 3633 quod
3400 3561 3456 3614 in
3503 3567 3597 3614 tuo
3625 3566 3806 3613 testa-

2197 3662 2380 3710 mento
2409 3671 2442 3709 a
2472 3662 2522 3709 te
2542 3653 2961 3726 prudentissime
3013 3670 3079 3708 ex
3109 3651 3302 3707 eodem
3347 3648 3682 3704 monasterio
3713 3654 3809 3702 tuo

2188 3750 2435 3813 coaptato
2466 3743 2790 3809 continetur,
2849 3741 3029 3797 modis
3074 3740 3327 3795 omnibus
3397 3735 3517 3792 ﬁeri
3543 3734 3807 3792 concedi-

2199 3846 2322 3886 mus
2346 3847 2359 3887 :
2381 3830 2586 3887 scilicet
2610 3845 2734 3887 cum
2750 3830 3053 3885 ordinanda
3070 3828 3284 3905 ibidem
3316 3825 3474 3881 fuerit
3489 3823 3798 3892 abbatissa,

2198 3919 2621 3974 Mediolanensis
2666 3918 3130 3989 archiepiscopus,
3165 3915 3257 3987 qui
3298 3929 3364 3969 eo
3408 3921 3654 3984 tempore
3676 3910 3808 3966 fue-

2199 4006 2287 4073 rit,
2312 4014 2537 4062 vocatus
2567 4007 2634 4061 ab
2665 4006 2769 4061 illis
2824 4005 3092 4077 personis,
3143 4018 3279 4075 quas
3320 4018 3385 4057 ex
3410 3999 3675 4073 progenie
3706 4006 3801 4053 tua

2195 4094 2301 4165 ipsi
2321 4095 2440 4150 loco
2468 4094 2804 4165 prafeceris,
2863 4093 3168 4165 quibusque
3197 4106 3383 4146 curam
3414 4088 3686 4161 potiorem
3717 4086 3810 4142 di-

2195 4182 2432 4252 miseris,
2465 4182 2532 4236 ad
2562 4182 2890 4254 eligendam,
2925 4190 2978 4236 et
3005 4179 3434 4236 consecrandam
3460 4175 3805 4231 abbatissam

2192 4270 2507 4341 simpliciter
2533 4270 2737 4325 ibidem
2791 4269 3060 4336 adveniat,
3114 4276 3167 4323 et
3212 4283 3323 4322 non
3344 4266 3504 4334 ultra,
3539 4280 3704 4336 quam
3763 4278 3803 4318 ι

2190 4366 2244 4415 te
2274 4367 2529 4414 statutum
2557 4366 2659 4424 est,
2690 4358 2747 4412 in
2777 4358 2969 4414 eodem
3000 4363 3242 4413 moretur
3268 4355 3408 4421 loco,
3441 4362 3534 4409 aut
3562 4351 3806 4423 amplius

2202 4447 2480 4520 exigendo
2508 4446 2786 4517 stipendia
2812 4454 3174 4517 praterquam
3204 4441 3484 4514 praﬁxum
3514 4449 3619 4509 est,
3650 4440 3807 4495 idem

2201 4534 2589 4590 monasterium
2644 4542 2854 4605 gravet.
2916 4533 3172 4588 Similiter
3224 4546 3462 4603 quoque,
3524 4530 3571 4585 si
3619 4537 3809 4585 ortum

2201 4622 2364 4679 fuerit
2392 4622 2682 4679 discordia
2713 4631 2806 4678 aut
2858 4622 3226 4693 cujuscunque
3282 4617 3644 4675 dissensionis
3672 4631 3807 4672 ma-

2200 4709 2333 4778 lum,
2367 4712 2596 4767 veniens
2623 4711 2821 4766 sedare
2842 4710 2996 4776 illud,
3031 4718 3087 4766 et
3111 4709 3353 4765 formare
3373 4723 3566 4779 pacem
3583 4704 3813 4761 studeat

2201 4815 2323 4857 cum
2342 4799 2717 4855 moderamine
2734 4798 3054 4870 disciplina.
3081 4795 3138 4853 Si
3159 4804 3346 4853 autem
3371 4795 3607 4868 qualibet
3628 4808 3808 4850 occa-

2201 4874 2373 4954 sione,
2407 4895 2499 4943 aut
2531 4896 2636 4944 tua
2665 4886 3011 4942 institutionis
3064 4884 3512 4957 pravaricatione
3541 4882 3812 4938 Mediola-

2200 4976 2388 5032 nensis
2414 4974 2860 5047 archiepiscopus
2876 4973 3181 5047 neglexerit
3199 4974 3342 5028 hanc
3371 4972 3574 5027 habere
3604 4985 3809 5051 curam

2201 5073 2254 5121 et
2282 5064 2717 5131 sollicitudinem,
2748 5072 2805 5119 ut
2833 5061 3227 5135 praposuimus
3259 5080 3275 5128 ;
3307 5059 3671 5133 Aquileiensis
3696 5074 3808 5131 pa-

2200 5152 2455 5222 triarcha,
2516 5152 2785 5219 similiter,
2845 5160 2902 5206 ut
2956 5166 3139 5222 supra,
3188 5156 3430 5215 vocatus,
3465 5148 3585 5204 hac
3615 5148 3809 5203 omnia

2200 5238 2432 5295 ﬁdeliter
2457 5248 2836 5312 prosequatur.
2871 5240 2939 5294 Et
2966 5239 3013 5293 si
3069 5237 3360 5310 aliquando
3396 5243 3487 5291 aut
3516 5251 3621 5307 pro
3649 5250 3805 5307 pra-

2201 5329 2414 5399 scriptis
2426 5329 2679 5401 negotiis,
2696 5336 2787 5383 aut
2798 5343 2900 5399 pro
2932 5327 3116 5398 aliqua
3147 5325 3407 5397 temporis
3444 5324 3804 5391 necessitate,

2200 5424 2289 5470 aut
2332 5417 2495 5471 etiam
2551 5432 2653 5493 pro
2706 5415 3117 5487 malignantium
3169 5415 3450 5469 hominum
3493 5412 3806 5485 gravedine

2200 5504 2499 5575 oportuerit
2526 5503 2667 5560 hanc
2718 5511 2964 5560 nostram
3017 5501 3369 5574 apostolicam
3399 5500 3584 5557 sedem
3611 5499 3808 5570 appel-

2202 5592 2338 5659 lare,
2370 5593 2720 5649 obsecramus
2758 5600 2811 5649 et
2837 5592 3176 5648 obtestamur
3213 5606 3404 5647 omnes
3434 5604 3804 5646 successores

2198 5688 2416 5739 nostros
2442 5697 2544 5754 per
2597 5681 2791 5767 merita
2816 5681 2919 5739 BB.
2964 5679 3356 5752 apostolorum,
3388 5684 3661 5751 quatenus
3716 5676 3802 5731 ad
