4060 6184
272 283 381 338 873

1524 281 1743 337 EPIST.
1802 283 1896 338 AD
1953 281 2358 341 SIGIBODUM.

3474 286 3578 340 δτι

259 406 699 461 sublevationem
730 412 784 460 et
815 404 1191 461 defensionem
1221 405 1325 462 loci
1357 405 1527 476 ipsius
1548 420 1774 475 cperam
1797 406 1877 460 vi-
1903 407 1958 467 A
1984 407 2221 462 Joannes
2254 415 2307 462 et
2352 407 2587 464 Marinus
2643 407 2908 479 praasules
2963 406 3076 462 suis
3131 406 3230 462 tibi
3286 406 3584 479 privilegiis

267 495 452 549 riliter
479 511 655 566 usque
683 494 750 548 ad
793 493 1044 549 effectum
1090 494 1217 549 dare
1243 538 1255 559 ,
1309 494 1483 549 donec
1534 509 1725 549 omnes
1772 495 1888 563 ejus

268 582 556 654 sopiantur
584 583 982 637 controversiae
998 625 1011 648 ,
1047 583 1315 637 studeant.

340 674 491 727 Inter
518 674 636 728 haec
658 673 969 727 Ravennate
985 671 1408 742 archiepiscopo
1432 686 1557 727 cum
1579 670 1886 746 Ticinense,

278 768 336 816 et
368 760 681 815 Placentino
702 802 715 825 ,
750 768 803 814 et
832 760 1134 832 Regiense,
1168 768 1220 814 et
1250 759 1552 815 Mutinense
1581 775 1705 815 cum
1738 760 1890 812 Man-

288 857 480 915 tuano,
514 856 567 902 et
601 849 912 902 Veronense
942 863 1064 903 cum
1098 848 1408 910 Laudense.
1441 855 1493 902 et
1524 847 1890 913 Vercellense,

285 936 525 1007 aliisque
553 935 897 1006 coepiscopis
927 935 1193 1006 nobisque
1224 944 1466 991 sanctam
1497 936 1764 1006 synodum
1795 952 1892 991 ce-

284 1024 652 1091 lebrantibus,
686 1031 739 1077 et
776 1031 877 1078 tua!
908 1022 1170 1078 voluntati
1196 1039 1477 1077 assensum
1504 1023 1890 1093 prmbentibus,

282 1112 544 1167 volumus
572 1119 733 1182 atque
772 1110 1102 1165 instituimus
1124 1155 1136 1176 ,
1187 1119 1244 1165 ut
1289 1112 1656 1183 cujuscunque
1686 1112 1895 1166 ordinis

284 1200 541 1267 clericos,
568 1198 659 1271 qui
679 1199 734 1253 in
756 1200 950 1254 eodem
970 1207 1185 1255 sacrato
1223 1200 1344 1255 loco
1378 1200 1667 1254 missarum
1696 1200 1894 1255 solem-

281 1288 377 1343 nia
424 1288 769 1344 celebrantes
814 1287 1164 1354 deserviunt,
1218 1295 1270 1342 et
1309 1304 1405 1342 eos
1447 1288 1539 1358 qui
1565 1287 1617 1341 in
1650 1288 1894 1356 ejusdem

281 1376 614 1432 monasterii
644 1375 867 1446 capellis
895 1376 1205 1446 ubicunque
1249 1376 1431 1431 divina
1469 1376 1674 1446 jugiter
1721 1375 1891 1431 oﬂicia

238 1454 245 1461 ’
276 1464 512 1532 faciunt,
549 1464 712 1520 liceat
740 1465 1011 1535 prtrcipue
1045 1463 1433 1519 Mediolanensi
1464 1464 1890 1534 archiepiscopo,

277 1562 371 1608 aut
400 1552 727 1624 patriarcha:
758 1552 1073 1623 supradicto
1105 1568 1451 1623 promovere,
1474 1560 1525 1607 et
1542 1568 1887 1617 consecrare,

1998 496 2357 564 concessisse,
2391 506 2444 552 et
2473 498 2763 552 roborasse
2792 505 3109 567 noscuntur,
3143 497 3417 563 ‘universa,
3469 512 3590 567 qua

1998 584 2126 639 olim
2182 585 2322 640 divae
2353 586 2626 641 memoriae
2656 585 2956 641 Ludovicus
2989 584 3378 642 serenissimus
3410 583 3581 655 impe-

1998 680 2161 740 rator,
2192 673 2445 727 dominus
2476 682 2529 728 et
2558 673 2640 728 vir
2670 681 2810 741 tuus,
2835 690 2935 744 per
2964 690 3117 729 suam
3139 672 3593 749 magnificentiam

2001 761 2380 831 augustalibus
2411 761 2658 832 apicibus
2689 762 2785 816 tibi
2816 763 2943 817 dum
2973 762 3247 818 adviveret
3302 760 3595 817 contulisse

2004 848 2284 918 probatur,
2320 866 2413 904 seu
2446 850 2609 905 etiam
2640 859 2692 906 et
2723 867 2788 906 ea
2814 867 2933 922 qua)
2964 851 3082 921 ipsa
3112 851 3454 921 postmodum
3484 848 3594 902 im-

2001 936 2290 1005 perialibus
2324 938 2727 1009 largitionibus,
2758 939 2843 993 vel
2874 938 3035 993 etiam
3066 938 3394 1010 quibuslibet
3433 936 3595 1006 justis

2001 1024 2468 1096 acquisitionibus,
2501 1027 2865 1096 emptionibus
2889 1069 2903 1091 ,
2954 1027 3040 1082 vel
3086 1025 3595 1083 commutationibus

2002 1112 2057 1165 in
2089 1113 2361 1183 proprios,
2396 1114 2509 1168 sive
2534 1115 2649 1182 jam
2677 1114 2803 1169 dicti
2825 1115 3138 1170 monasterii
3161 1115 3236 1169 tui
3257 1131 3388 1169 usus
3409 1113 3598 1185 acqui-

2004 1200 2143 1270 sisti,
2194 1216 2290 1256 seu
2338 1200 2393 1254 in
2440 1211 2721 1272 posterum
2757 1203 3088 1274 acquisitura
3117 1219 3214 1267 es;
3246 1202 3514 1273 simulque
3545 1207 3599 1256 et

2003 1304 2088 1356 ea,
2123 1305 2245 1359 quae
2273 1289 2340 1343 ad
2370 1290 2806 1360 supplementum
2848 1291 3093 1360 ejusdem
3135 1290 3327 1346 sacrati
3373 1289 3509 1357 loci,
3545 1296 3601 1344 et

2002 1384 2109 1429 tam
2142 1392 2353 1447 regum,
2388 1393 2553 1448 quam
2580 1378 2809 1434 aliorum
2837 1378 3202 1450 quorumlibet
3232 1377 3469 1433 ﬁdelium
3499 1377 3598 1431 do-

2002 1463 2237 1532 natione,
2272 1464 2358 1521 vel
2387 1465 2705 1521 liberalitate
2729 1483 2891 1531 nunc,
2925 1466 3010 1522 vel
3038 1466 3382 1537 postmodum
3412 1464 3600 1520 addita

1998 1550 2165 1606 fuisse
2197 1553 2621 1622 comprobantur
2654 1572 2666 1609 :
2700 1556 2895 1610 eodem
2925 1563 3115 1609 tenore
3145 1561 3197 1608 et
3228 1554 3415 1608 ordine
3435 1596 3449 1619 ,
3492 1568 3601 1624 quo

278 1642 371 1697 vel
401 1642 496 1696 alii
525 1642 690 1695 etiam
721 1640 945 1696 cuilibet
973 1641 1249 1711 episcopo,
1281 1657 1440 1711 quem
1473 1640 1755 1695 abbatissa
1783 1640 1888 1695 loci
1916 1649 1969 1709 Β
2001 1639 2119 1703 tibi,
2154 1640 2240 1695 vel
2270 1649 2361 1696 tuo
2387 1641 2783 1711 praznominato
2813 1642 3065 1698 coenobio
3096 1642 3465 1705 advenerunt,
3498 1639 3602 1694 illi-

279 1730 433 1784 illius
457 1728 689 1784 voluerit
719 1744 934 1799 rogare.
962 1729 1089 1783 Haec
1123 1736 1175 1782 et
1206 1728 1313 1783 alia
1349 1727 1706 1784 ecclesiastici
1735 1727 1903 1783 ofﬁcii

280 1817 587 1872 ministeria
608 1816 715 1871 sint
736 1817 791 1870 in
812 1816 1099 1872 abbatissa:
1136 1817 1437 1881 voluntate,
1470 1824 1525 1870 ut
1546 1817 1718 1887 possit
1749 1816 1898 1871 vide-

280 1905 412 1961 licet
433 1904 690 1970 chrisma,
716 1913 767 1960 et
789 1904 1141 1960 ecclesiarum
1165 1920 1386 1959 suarum
1405 1904 1893 1970 consecrationem,

281 2010 315 2048 a
348 2009 678 2064 quocunque
710 1992 759 2047 ei
788 1992 997 2047 libitum
1040 1991 1237 2062 fuerit,
1269 1993 1416 2047 omni
1460 2001 1703 2063 tempore
1734 1993 1898 2064 impe-

281 2089 434 2137 trare
471 2099 485 2135 :
517 2082 590 2135 ita
620 2088 821 2145 tamen,
846 2088 903 2134 ut
925 2081 971 2134 si
1000 2080 1292 2151 aliquando
1322 2082 1389 2134 ad
1421 2082 1538 2137 hil-'90
1568 2080 1705 2135 forte
1735 2096 1899 2152 roga-

284 2169 438 2223 bitur
468 2168 812 2224 Placentinus
854 2169 1142 2238 episc0pus
1164 2211 1178 2232 ,
1232 2168 1288 2222 in
1336 2169 1598 2239 praedicto
1628 2169 1899 2237 cmnobio,

288 2265 346 2313 et
377 2257 721 2313 xenodochio
751 2257 1027 2327 rebusque
1058 2256 1301 2327 ipsorum
1332 2257 1537 2311 nullum
1588 2273 1646 2312 se
1688 2256 1901 2311 noverit

293 2345 497 2402 amodo
544 2352 595 2400 et
641 2344 900 2415 deinceps
937 2343 1028 2413 jus
1076 2345 1358 2415 potestatis
1430 2345 1672 2411 habere,
1722 2361 1903 2416 neque

293 2434 461 2490 etiam
492 2433 563 2488 ad
590 2432 786 2488 missas
814 2432 1172 2489 celebrandas
1196 2433 1348 2503 juxta
1376 2433 1598 2488 Patrum
1635 2432 1896 2499 instituta,

293 2522 405 2577 nisi
435 2522 711 2587 invitatus,
743 2522 1016 2576 adveniat.

368 2610 624 2666 Decimas
652 2626 784 2666 vero
813 2609 1049 2664 universi
1081 2608 1230 2664 fundi
1279 2609 1598 2681 pertinentis
1626 2609 1693 2663 ad
1722 2610 1900 2680 ipsum

297 2698 713 2763 monasterium,
746 2713 881 2769 quas
911 2697 1153 2768 episcopi
1183 2698 1411 2769 qui......
1455 2698 1569 2752 esio
1600 2706 1739 2762 sunt,
1764 2706 1817 2751 et
1845 2698 1898 2751 in

293 2803 529 2860 quorum
560 2786 778 2858 quidem
808 2784 1058 2854 adjacent
1090 2786 1366 2856 parochiis
1390 2828 1402 2851 ,
1434 2801 1535 2856 pro
1564 2785 1663 2840 Dei
1690 2801 1895 2849 amore,

297 2883 724 2945 vestrorumque
763 2875 1030 2930 bonorum
1062 2874 1443 2929 recordatione
1468 2916 1482 2939 ,
1516 2874 1710 2929 devote
1738 2882 1899 2944 atque

293 2963 535 3019 libenter
563 2963 878 3033 supradicto
909 2962 1206 3018 venerabili
1234 2963 1353 3018 loco
1383 2961 1566 3034 largiti
1598 2969 1721 3016 sunt
1753 2979 1766 3015 :
1803 2978 1899 3017 vo-

2008 1730 2128 1781 bata
2153 1736 2205 1782 et
2236 1728 2507 1797 inviolata,
2543 1738 2705 1801 atque
2737 1731 3065 1785 inconcussa
3112 1735 3497 1801 permaneant,
3549 1734 3605 1783 et

2006 1816 2307 1871 secundum
2338 1824 2443 1871 tuae
2473 1818 2834 1873 ordinationis
2866 1825 3063 1872 statuta
3092 1817 3406 1889 persistant.
3431 1816 3525 1871 'Et
3555 1815 3601 1869 si

2006 1904 2147 1975 quis,
2180 1905 2326 1976 quod
2353 1920 2461 1960 non
2491 1913 2769 1976 optamus,
2805 1913 2997 1962 contra
3027 1907 3143 1961 haec
3173 1914 3373 1962 statuta
3415 1904 3471 1958 in
3500 1902 3602 1958 Dei

2006 1992 2391 2062 omnipotentis
2418 1993 2630 2060 oblata,
2678 1994 2765 2050 vel
2808 2010 3073 2051 concessa
3122 1993 3401 2049 servitium
3431 2006 3601 2064 agere

2004 2082 2307 2148 tentaverit,
2334 2082 2421 2137 vel
2445 2082 2720 2154 quippiam
2749 2084 2945 2159 horum
2974 2082 3274 2154 infringere
3315 2079 3603 2135 temerario

2007 2184 2151 2227 ausu
2171 2169 2440 2235 voluerit,
2499 2170 3043 2227 excommunicationi
3099 2168 3399 2224 submissus
3456 2165 3605 2222 omni

2007 2257 2382 2313 ecclesiastico
2429 2259 2704 2314 consortio
2750 2267 2964 2327 careat,
3013 2266 3064 2313 et
3107 2257 3211 2312 nisi
3250 2273 3309 2312 se
3351 2249 3605 2312 contin'uo

2006 2363 2037 2400 a
2066 2346 2156 2401 tali
2186 2346 2425 2417 nequitia
2455 2348 2694 2417 corrigat
2742 2356 2795 2403 et
2840 2347 3157 2418 resipiscat,
3210 2347 3267 2403 S.
3314 2344 3459 2401 Petri
3501 2359 3606 2400 no-

2008 2434 2211 2506 strique
2244 2436 2579 2505 apostolatus
2624 2435 2945 2492 auctoritate
2992 2433 3345 2490 anathematis
3392 2431 3608 2488 vinculo

2006 2522 2298 2577 innodatus
2319 2565 2331 2589 ,
2366 2538 2494 2578 reus
2516 2523 2572 2576 in
2602 2522 2775 2579 futuro
2799 2522 3004 2591 judicio
3049 2530 3395 2593 permaneat,
3426 2529 3480 2577 et
3506 2535 3609 2590 pro

2008 2625 2236 2665 excessu
2267 2627 2381 2665 suae
2408 2618 2568 2667 tanta:
2600 2610 3054 2682 transgressionis
3082 2627 3203 2665 cum
3262 2610 3398 2665 Juda
3438 2607 3610 2663 tradi-

2008 2705 2124 2753 tore
2154 2697 2475 2767 infrunitus,
2511 2707 2673 2770 atque
2724 2698 2942 2753 rebellis
2987 2698 3155 2754 sancti
3206 2696 3436 2768 Spiritus
3480 2712 3611 2752 sen-

2011 2786 2192 2851 tentia,
2229 2787 2320 2858 qui
2352 2802 2567 2858 semper
2589 2785 2771 2843 ﬁctum
2802 2795 2857 2842 et
2885 2786 3204 2842 mendacem
3247 2784 3438 2856 eﬂ'ugit
3459 2826 3471 2850 ,
3506 2800 3613 2840 no-

2007 2874 2144 2929 verit
2173 2890 2231 2928 se
2262 2874 2573 2928 habiturum
2603 2874 2909 2944 portionem
2938 2874 2993 2928 in
3013 2875 3265 2945 gehenna
3282 2872 3431 2946 ignis
3454 2880 3615 2928 aeter-

2010 2962 2084 3016 ni.
2120 2962 2391 3032 Scriptum
2422 2978 2520 3032 per
2564 2978 2781 3016 manum
2828 2961 3025 3018 Leonis
3068 2961 3319 3017 scrinarii
3352 2961 3408 3016 S.
3442 2960 3506 3016 Β.
3539 2960 3604 3014 Ε.

295 3050 484 3106 lumus
505 3091 519 3119 ,
569 3059 620 3106 et
664 3051 960 3121 apostolica
1017 3050 1371 3107 corrobamus
1429 3050 1750 3106 auctoritate
1776 3093 1789 3117 ,
1847 3058 1899 3106 et
1928 3057 1977 3120 C
2006 3049 2061 3104 in
2090 3066 2279 3105 mense
2310 3050 2500 3121 Aprili,
2535 3049 2830 3107 indictione
2857 3050 3036 3106 tertia.
3070 3051 3214 3105 Bene
3245 3048 3607 3104 valete.vaat.

291 3140 505 3211 absque
535 3138 911 3213 refragatione.
944 3147 1055 3193 tam
1083 3140 1325 3210 ipsorum
1347 3183 1362 3205 ,
1397 3155 1557 3210 quam
1588 3146 1640 3193 et
1669 3154 1895 3195 succes-

294 3243 487 3283 sorum
515 3243 701 3283 eorum
722 3271 735 3293 ,
766 3227 911 3282 velut
936 3228 1053 3297 ipsa
1082 3227 1358 3281 instituisti
1383 3268 1397 3297 ,
1446 3242 1600 3283 sacra
1648 3228 1896 3282 xenodo-

292 3315 445 3382 chio,
495 3323 549 3371 et
594 3315 818 3386 capellis
863 3315 1251 3386 perpetualiter
1292 3313 1615 3369 habeantur.
1673 3315 1899 3385 Insuper

297 3403 616 3472 statuimus,
663 3411 717 3459 et
763 3403 1057 3475 apostolica
1105 3402 1429 3458 auctoritate
1476 3401 1794 3469 stabilimus,
1842 3410 1899 3457 ut

290 3492 454 3562 juxta
471 3492 616 3564 quod
630 3491 804 3548 nostri
831 3492 1272 3563 praedecessores
1292 3499 1397 3545 tam
1418 3489 1713 3557 Adrianus,
1737 3506 1899 3562 quam

2004 3153 2084 3192 xv
2114 3139 2234 3193 Kal.
2266 3138 2394 3193 Maii
2437 3154 2538 3209 per
2583 3154 2805 3193 manum
2853 3138 3109 3210 Gregorii
3157 3135 3604 3200 nomenclatoris,

2005 3226 2178 3292 missi,
2211 3235 2263 3282 et
2292 3226 2628 3296 apocrisiarii
2659 3235 2861 3301 sanctae
2890 3226 3037 3280 sedis
3065 3223 3394 3295 apostolicae,
3438 3223 3611 3292 impe-

2007 3322 2160 3369 rante
2191 3315 2390 3369 domno
2419 3313 2665 3383 piissimo
2687 3316 2933 3385 Augusto
2956 3313 3149 3368 Carolo
3170 3327 3207 3366 a
3221 3313 3335 3367 Deo
3351 3317 3609 3367 coronato

2008 3417 2209 3473 magno
2255 3402 2602 3473 imperatore,
2657 3417 2801 3457 anno
2849 3402 2966 3470 ejus
3013 3400 3198 3472 quinto
3223 3439 3237 3468 ,
3311 3397 3607 3455 indictione

2012 3490 2189 3546 tertia.

317 3642 3601 3666 MM

1435 3742 1902 3826 ADBIANI
1974 3743 2288 3826 PAP/E
2351 3742 2474 3825 ΙΙΙ

1004 3912 1270 3954 EPISTOLA

1343 3912 1416 3954 AD
1495 3914 1798 3955 εισιυουωί
1897 3912 2311 3954 ΝΑΒΒΟΝΕΝΒΕΗ

2408 3912 2907 3954 ARCHIBPISCOPUI.

1546 4022 1726 4093 (Apud
1764 4022 1833 4076 D.
1874 4023 2150 4094 Bouquet,
2190 4022 2347 4093 ibid.)

368 4231 592 4287 Maneat
624 4229 943 4285 Girbertum
973 4226 1413 4283 Nemausensem
1444 4228 1762 4299 episcopum
1788 4230 1854 4283 ut
1882 4227 2106 4282 nullam
2137 4228 2353 4296 inferat
2385 4226 2705 4281 molestiam
2734 4227 3079 4283 monasterio
3106 4225 3293 4283 sancti
3319 4220 3543 4297 Aigidii.

373 4409 669 4461 ΑῡιιιΑΝυε
698 4404 1009 4476 episcopus,
1044 4419 1236 4458 servus
1267 4419 1551 4459 servorum
1584 4402 1703 4469 Dei,
1735 4419 1894 4460 reve-
1924 4403 1976 4462 D
2008 4400 2161 4458 cibus
2182 4402 2551 4473 oppressionis
2580 4419 2766 4457 eorum
2797 4404 3077 4459 materiam
3105 4404 3450 4475 relinquere:
3475 4405 3601 4477 quia

298 4492 614 4551 rentissimo
644 4500 696 4548 et
729 4492 1070 4549 sanctissimo
1118 4491 1380 4563 Sigibodo
1422 4491 1765 4546 Narbonensi
1811 4507 1899 4546 ar-

300 4582 683 4653 chiepiscopo.

372 4669 661 4728 Sanctitati
689 4677 795 4725 tuae
823 4677 1013 4724 notum
1040 4684 1163 4725 esse
1194 4667 1444 4723 volumus
1474 4667 1603 4740 quia
1631 4656 1901 4722 monaste-

303 4759 446 4815 rium
473 4758 645 4815 sancti
674 4757 892 4830 Egidii,
932 4772 1056 4814 cum
1087 4756 1336 4812 omnibus
1384 4756 1496 4810 suis
1540 4755 1899 4827 pertinentiis,

299 4847 407 4903 sub
437 4854 626 4903 nostra
654 4845 951 4917 apostolica
989 4853 1256 4917 potestate
1303 4844 1582 4911 consistit,
1634 4860 1737 4898 una
1779 4860 1904 4900 cum

258 4992 267 5000 ,
303 4937 489 4992 Leone
521 4934 777 5009 religioso
807 4934 1005 4989 abbate
1031 4942 1085 4989 et
1113 4933 1393 4989 monachis
1422 4932 1594 5003 ipsius
1623 4939 1903 4988 monaste-

300 5025 372 5081 rii
405 5042 421 5079 :
454 5023 579 5079 ideo
608 5037 895 5079 monemus
925 5022 1317 5077 fraternitatem
1350 5027 1586 5076 vestram
1616 5030 1671 5076 ut
1704 5021 1905 5077 Giber-

302 5119 423 5168 tum
471 5110 785 5182 episcopum
829 5112 1258 5165 Nemausensem
1288 5108 1554 5164 moneatis
1597 5117 1656 5163 ut
1704 5109 1907 5164 nullam

303 5198 569 5265 forciam,
618 5198 930 5270 nullamque
981 5197 1425 5253 contrarietatem
1471 5205 1523 5251 et
1569 5196 1771 5251 nullam
1804 5212 1906 5268 op-

304 5287 658 5359 pressionem
685 5285 866 5344 facere
896 5294 1193 5358 praesumat
1221 5286 1274 5339 in
1305 5286 1424 5356 ipso
1453 5284 1799 5353 monasterio,
1819 5292 1910 5340 aut

305 5377 364 5430 in
392 5376 699 5443 monachis,
733 5375 821 5431 vel
845 5375 899 5430 in
929 5373 1149 5429 familiis
1180 5374 1317 5444 ejus,
1348 5390 1527 5445 neque
1557 5373 1670 5428 suis
1718 5389 1913 5446 sequa-

2009 4490 2308 4546 certissime
2352 4490 2529 4560 ipsum
2576 4493 2963 4547 monasterium
2986 4535 3001 4559 ,
3036 4508 3158 4548 cum
3189 4492 3439 4548 omnibus
3486 4493 3599 4547 suis

2008 4578 2189 4648 rebus,
2221 4578 2322 4632 sub
2353 4578 2555 4633 ditione
2587 4588 2638 4634 et
2666 4588 2933 4651 potestate
2982 4581 3041 4634 B.
3086 4579 3229 4635 Petri
3273 4580 3506 4651 apostoli
3548 4588 3604 4636 et

2009 4675 2192 4722 nostra
2220 4666 2487 4722 consistit.
2527 4668 2595 4722 Et
2622 4668 2869 4723 volumus
2885 4676 2940 4721 ut
2968 4668 3144 4724 eidem
3174 4668 3431 4739 episcopo
3452 4668 3602 4724 dicas

2010 4763 2068 4810 ut
2096 4754 2275 4811 omnia
2305 4755 2540 4811 reddere
2571 4756 2784 4810 studeat
2830 4772 2950 4827 quae
2992 4756 3063 4811 ab
3110 4755 3230 4826 ipso
3271 4755 3602 4812 monasterio

2011 4858 2111 4914 per
2138 4842 2247 4899 vim
2277 4842 2516 4897 abstulit.
2551 4844 2619 4897 Et
2648 4842 2833 4898 sciatis
2861 4843 2984 4914 quia
3010 4842 3186 4913 ipsum
3216 4842 3605 4902 monasterium

2012 4931 2069 4985 in
2104 4939 2369 5003 potestate
2398 4930 2593 4985 Amelii
2640 4930 2944 5002 presbyteri
2985 4931 3097 5000 jam
3143 4931 3510 4988 concessimus
3538 4932 3607 4987 ad

2012 5019 2409 5092 protegendum
2439 5026 2490 5073 et
2520 5019 2589 5073 ad
2618 5017 3040 5074 defendendum.
3087 5019 3155 5075 Et
3193 5020 3237 5081 si
3267 5020 3383 5092 ipse
3412 5021 3610 5076 Giber-

2015 5115 2103 5162 tus
2133 5108 2421 5178 episcopus
2449 5105 2797 5178 acquiescere
2833 5106 3065 5162 noluerit
3094 5107 3294 5163 nostris
3333 5116 3384 5163 et
3416 5107 3610 5165 vestris

2016 5195 2269 5261 monitis,
2333 5194 2516 5251 sciatis
2588 5194 2737 5249 illum
2798 5211 2921 5250 esse
2976 5197 3497 5252 excommunicatum
3556 5203 3611 5252 et

2019 5284 2336 5339 damnatum
2364 5281 2884 5354 inrecuperabiliter.
2910 5283 3020 5338 Vos
3047 5283 3117 5338 ita
3148 5283 3297 5357 agite
3324 5284 3483 5341 sicuti
3510 5300 3614 5343 nos

2020 5387 2119 5443 per
2147 5387 2245 5427 vos
2277 5371 2415 5427 bene
2443 5370 2786 5428 confidimus.
2821 5373 2967 5427 Bene
2995 5371 3193 5430 valete.
