4060 6184
530 262 636 317 975

1540 258 1598 317 S.
1639 258 1966 317 BERTARII
2005 258 2292 316 ABBATIS
2329 258 2806 318 CASSINENSIS.

3724 268 3830 321 976

1725 536 1894 579 ANNO
1948 536 2170 578 DOMINI
2229 535 2628 578 DCCCLmIV.

1261 674 1439 846 S.
1675 670 3093 846 BERTARIUS

1819 916 2038 971 ABBAS
2078 914 2531 970 CASSINENSIS

1135 1058 1595 1144 NOTITIA
1663 1057 2271 1143 HISTORICA
2338 1057 2454 1140 IN
2524 1056 3197 1143 BERTARIUM.

1651 1214 1886 1285 (Fabric.
1929 1213 2066 1269 Bibl.
2107 1214 2253 1269 med.
2297 1222 2349 1269 et
2386 1212 2486 1267 inf.
2535 1214 2678 1283 Lat.)

594 1447 951 1502 BBRTHARIUS
983 1445 1097 1500 sive
1122 1446 1411 1500 Bertarius
1441 1460 1505 1499 ex
1555 1460 1746 1515 regum
1777 1443 2111 1515 Francorum
2141 1444 2197 1503 A
2225 1442 2461 1515 lliassill.
2482 1459 2604 1498 cum
2636 1444 2832 1515 quibus
2860 1460 2954 1499 eos
2976 1461 3125 1515 anno
3160 1449 3296 1500 1530
3339 1446 3509 1501 edidit
3544 1447 3826 1501 Iohannes

520 1518 704 1587 stirpe,
738 1518 908 1574 abbas
937 1515 1274 1587 Cassinensis
1303 1523 1414 1587 eta
1440 1514 2112 1587 Saracenisobtruncatu’s

520 1584 728 1659 martyr
755 1603 898 1659 a_nno
929 1590 1064 1650 883,
1114 1589 1182 1659 2?
1231 1584 1514 1659 Octobris;
1566 1584 1777 1659 scripsit
1809 1601 1871 1638 ex
1907 1584 2112 1638 Veteris

522 1654 740 1715 Codicis
767 1656 873 1712 ﬁde
900 1665 950 1712 et
976 1665 1110 1711 teste
1138 1656 1316 1711 Leone
1365 1654 1603 1710 Ostiensi
1648 1654 1737 1708 lib.
1777 1670 1822 1720 ι,
1855 1670 1979 1724 cap.
2019 1658 2108 1717 32,

522 1738 578 1784 et
623 1730 784 1783 Petro
839 1728 1070 1782 diacono
1110 1741 1232 1796 cap.
1286 1730 1381 1790 12,
1434 1727 1599 1781 libros
1656 1726 1792 1780 duos
1842 1739 2112 1796 ᾳᾳτιιιιμενω

521 1800 948 1855 Sententiarum
974 1795 1253 1852 Veteris’et
1266 1797 1399 1852 Novi
1418 1797 1777 1855 Testamentz'.
1803 1795 1975 1849 editos
1993 1795 2111 1849 sine

521 1868 739 1924 nomine
755 1866 986 1922 auctoris
1005 1886 1017 1931 ;
1040 1866 1278 1931 Basileae,
1295 1869 1450 1929 1530,
1472 1865 1672 1929 in-fol.;
1689 1865 1929 1931 Parisiis,
1950 1868 2106 1930 1530,

419 1978 439 1995 ρ
521 1938 696 2002 in-8°;
729 1937 986 2001 Colonias,
1013 1941 1170 2002 1533,
1195 1937 1337 1990 in-8°
1360 1956 1373 2003 ;
1398 1945 1451 1990 et
1466 1935 1707 1999 Parisiis,
1731 1938 1886 2003 i556,
1925 1935 2104 2003 in-12,

517 2024 643 2065 cum
675 2008 829 2062 libris
847 2007 1027 2062 Junilii
1049 2006 1289 2061 Africani
1313 2024 1326 2060 :
1350 2006 1475 2061 etin
1513 2005 1858 2060 Bibliothecis
1898 2006 2109 2059 Patrum

515 2080 578 2150 in
601 2079 795 2150 quibus
823 2094 889 2133 ex
918 2078 1112 2150 Felicis
1153 2077 1414 2150 Toletani
1438 2076 1545 2131 ﬁde
1592 2076 1804 2131 Juliano
1852 2075 2108 2150 T_ol_etano

512 2146 820 2205 tribuuntur
855 2167 871 2215 ;
916 2149 1067 2218 cujus
1113 2163 1222 2203 non
1269 2147 1447 2220 magis
1485 2154 1609 2201 sunt
1661 2162 1826 2218 quam
1875 2146 2107 2201 Salviani

2224 1513 2535 1568 Alexander
2576 1512 2985 1580 Brassicanus;’
3007 1516 3092 1570 vel
3138 1516 3359 1571 Ricardi
3423 1517 3822 1581 Cluniasensis,

2221 1584 2286 1637 ad
2318 1600 2480 1654 quem
2513 1585 2816 1639 referuntur
2846 1602 2877 1639 a
2910 1586 3058 1640 Sixto
3090 1586 3356 1651 Senensi,
3390 1588 3492 1640 lib.
3535 1604 3591 1640 tv
3623 1587 3824 1641 Biblio-

2221 1655 2392 1727 thecae
2420 1660 2609 1719 sacrae,
2642 1671 2769 1727 pag.
2802 1658 2925 1727 371.
2962 1658 3041 1710 De
3070 1658 3283 1711 caeteris
3312 1659 3575 1711 Bertharii
3607 1656 3822 1727 scriptis

2219 1724 2345 1804 nolo
2374 1733 2623 1804 repetere
2645 1724 2775 1804 qua:
2792 1726 2918 1804 jam
2938 1735 3117 1804 notata
3147 1743 3180 1781 a
3210 1728 3369 1804 Petro
3415 1724 3753 1804 diacono_et_
3766 1728 3821 1781 in

2216 1795 2483 1868 Johannis
2510 1795 2758 1868 Baptistae
2792 1796 2921 1850 Mari
2955 1797 3025 1851 ad
3071 1813 3192 1852 eum
3222 1800 3363 1852 notis
3389 1842 3402 1861 ,
3454 1808 3507 1852 et
3535 1799 3683 1868 apud
3714 1799 3821 1853 Ca-

2218 1881 2378 1937 veum
2394 1883 2419 1937 ;7
2435 1865 2537 1919 nisi
2566 1866 2711 1937 quod
2742 1884 2932 1922 versus
2953 1867 3018 1923 de
3038 1868 3169 1932 vita,
3191 1870 3344 1925 obitu
3361 1887 3425 1925 ac
3444 1865 3744 1924 minimus
3761 1871 3815 1925 S.

2218 1936 2539 2007 benedicti,
2586 1936 2754 1990 etiam
2784 1937 2958 1992 editos
2988 1954 3213 1993 monere
3254 1939 3403 2007 juvat
3446 1941 3502 1992 in
3533 1941 3685 1993 Actis
3716 1940 3814 1993 SS.

2218 2006 2493 2081 Denedict.
2533 2014 2661 2081 tom.
2689 2008 2728 2081 I_,
2759 2022 2888 2081 pag.
2920 2012 3018 2071 29;
3051 2006 3399 2074 Trithemius,
3434 2025 3556 2081 cap.
3591 2013 3732 2073 326;
3765 2017 3820 2064 et

2218 2025 2493 2060 neneuict.
2533 2025 2661 2059 tom.
2689 2025 2728 2071 ι,
2759 2025 2888 2131 paﬁ.
2920 2025 3018 2071 zu;
3052 2025 3399 2074 Immemius,
3434 2025 3556 2081 cap.
3591 2025 3732 2073 ὄζω
3765 2025 3817 2064 et

2216 2075 2408 2156 illustr:
2443 2077 2774 2156 Benedictin.
2895 2121 2906 2143 ,
2960 2081 3063 2143 72,
3111 2081 3484 2136 tantummodo
3527 2096 3817 2135 sermones

2216 2146 2333 2214 ejus
2359 2146 2636 2218 elegantes
2665 2156 3074 2203 commemorat.

535 2309 3813 2350 Hh__—__—__———_—__—_—_

1533 2451 2038 2562 SANCTI
2141 2453 2320 2561 BE
2337 2431 2814 2563 RTARII

1564 2666 1855 2723 CARMEN
1892 2665 1986 2722 DE
2026 2664 2299 2722 SANCTO
2338 2642 2756 2723 BENEDICTO.

883 2817 1068 2889 (Apud
1096 2814 1302 2873 Mabill.
1332 2822 1463 2872 tom.
1497 2815 1548 2882 Ι,
1581 2816 1700 2872 Act.
1736 2814 1841 2870 SS.
1883 2813 2004 2869 0rd.
2038 2812 2093 2868 S.
2126 2813 2329 2869 Bened.
2353 2859 2366 2878 ,
2400 2786 2465 2870 ex
2493 2814 2746 2887 Prosperi
2775 2814 3117 2887 Martinengii
3145 2822 3275 2871 tom.
3312 2815 3432 2887 III.)

500 3040 547 3098 Ο
575 3038 866 3104 Benedicta
893 3045 1067 3111 pater,
1098 3036 1309 3094 cunctis
1339 3034 1696 3094 celeberrime
1729 3033 1917 3102 terris,

644 3128 751 3198 Qui
779 3126 1155 3184 confessorum
1181 3126 1394 3182 culmen
1424 3124 1651 3180 honoris
1682 3123 1850 3178 habes
1884 3139 1898 3176 :

495 3219 572 3273 Te
602 3218 750 3273 Deus
778 3232 810 3271 a
839 3231 1007 3288 puero
1035 3215 1240 3288 delegit
1269 3213 1513 3279 caelitus,
1543 3219 1706 3283 atque

639 3304 869 3360 Instituit
897 3304 1071 3359 sancti
1101 3301 1377 3358 Germinis
1407 3317 1531 3357 esse
1559 3307 1793 3371 patrem.

492 3394 571 3449 Tu
598 3392 706 3461 via,
739 3400 795 3448 tu
825 3392 1035 3459 ductor,
1068 3399 1125 3446 tu
1152 3397 1359 3462 pastor,
1392 3390 1587 3446 doctor
1618 3404 1808 3445 eorum
1826 3428 1840 3456 ,

635 3479 761 3550 Qui,
795 3480 993 3551 spretis
1023 3479 1184 3535 terris
1204 3521 1218 3545 ,
1250 3478 1441 3534 coelica
1470 3494 1641 3547 regna
1669 3482 1877 3548 petunt.

492 3568 593 3635 Tu,
626 3567 816 3623 studiis
845 3567 1063 3639 spretis,
1094 3566 1245 3623 orbis
1273 3566 1551 3622 dominam
1580 3564 1725 3636 fugis
1752 3563 1947 3619 urbem
1966 3604 1980 3630 ,

633 3657 702 3710 Et
730 3655 944 3712 Domini
976 3654 1165 3710 subdis
1192 3654 1340 3709 mitia
1369 3654 1507 3711 colla
1531 3654 1686 3725 jugo.

489 3744 569 3800 Tu
599 3743 857 3816 precibus
886 3743 1033 3800 vasis
1063 3742 1266 3798 solidas
1293 3741 1604 3813 fragmenta
1633 3739 1909 3812 dirempti,

633 3831 927 3903 Obsequiis
958 3816 1157 3887 vestris
1188 3831 1333 3902 quod
1362 3830 1653 3902 pedagoga
1684 3828 1821 3884 tulit.

487 3920 581 3975 Es
610 3919 804 3990 lapidis
829 3920 976 3988 jactu
1006 3916 1277 3990 confregit
1302 3917 1502 3972 lividus
1530 3916 1731 3981 hostis,

630 4007 800 4077 Signa
828 4007 993 4061 dabat
1021 4021 1227 4061 mensae
1258 4006 1423 4077 quod,
1457 4004 1765 4074 Benedicte,
1798 4010 1924 4059 tuae.

490 4093 601 4150 Sed
627 4094 850 4148 minime
881 4093 1096 4149 solitam
1124 4093 1222 4147 tibi
1253 4093 1470 4149 tradere
1498 4091 1696 4148 desinit
1723 4107 1906 4147 escam
1928 4134 1940 4158 ,

632 4182 908 4237 Romanus
932 4179 1131 4235 furtum
1162 4180 1515 4251 subripiendo
1543 4180 1711 4252 pium.

486 4272 711 4342 Aptarat
734 4269 961 4325 Pascha
991 4268 1095 4323 sibi
1126 4268 1354 4338 prandia
1383 4285 1583 4342 magna
1612 4267 1888 4335 sacerdos,

633 4358 742 4414 Sed
769 4357 866 4412 tibi
896 4372 1018 4435 cum
1051 4356 1283 4428 dapibus
1311 4356 1543 4412 destinat
1571 4358 1714 4413 hunc
1745 4356 2027 4413 Dominus.

486 4446 650 4502 Tetra
677 4444 840 4500 nimis
869 4446 1108 4502 volucris
1138 4462 1199 4501 se
1228 4445 1466 4502 vultibus
1493 4445 1690 4518 ingerit
1718 4445 1902 4512 almis,

630 4535 697 4589 Et
725 4533 839 4589 visa
871 4534 1148 4605 quondam
1177 4541 1488 4589 concremet
1517 4534 1573 4587 in
1604 4533 1806 4603 specie.

494 4618 603 4677 Sed
631 4621 800 4692 spinis
828 4622 1115 4688 recubans,
1148 4621 1376 4676 stimulis
1406 4629 1457 4675 et
1485 4628 1715 4691 punctus
1745 4636 1955 4688 earum,

632 4709 944 4780 Exsuperas
973 4708 1170 4765 vulnus
1200 4708 1344 4764 illico
1374 4708 1708 4765 vulneribus.

494 4795 781 4867 Frangitur
805 4804 918 4852 arte
948 4797 1124 4854 crucis
1153 4812 1267 4863 vas,
1301 4796 1448 4852 virus
1477 4813 1584 4868 quo
1606 4797 1868 4867 latitabat,

634 4885 768 4940 Cum
797 4884 975 4957 signat
1004 4884 1133 4939 tanti
1163 4885 1388 4940 dextera
1418 4893 1607 4941 sancta
1635 4885 1831 4940 Patris.

495 4969 672 5042 Quem
696 4989 833 5044 puer
862 4988 893 5027 a
921 4972 1121 5029 sanctis
1147 4972 1403 5043 precibus
1430 4972 1590 5044 niger
1617 4972 1884 5039 eliciebat,

633 5060 802 5135 Virga
830 5061 1008 5116 Patris
1040 5060 1194 5127 sistit,
1230 5075 1295 5117 ac
1324 5077 1458 5132 puer
1485 5069 1604 5117 ater
1631 5061 1759 5116 abit.

493 5148 739 5221 Suscipe,
774 5156 959 5206 sancte
988 5149 1168 5216 Pater,
1200 5165 1424 5219 pueros,
1459 5166 1597 5221 quos
1626 5148 1807 5223 gloria
1836 5149 2021 5206 Romae

632 5239 716 5293 Ad
746 5245 838 5294 tua
867 5236 1168 5293 transmisit
1195 5236 1382 5292 limina
1410 5246 1589 5293 mente
1617 5237 1724 5309 pia.

495 5320 770 5380 Fratribus
798 5326 917 5396 ipse
945 5324 1041 5380 tibi
1071 5324 1376 5380 commissis
1405 5340 1562 5381 mons
1592 5326 1741 5381 dedit
1764 5342 2005 5393 amnem,

635 5412 787 5482 Rupe
814 5413 952 5468 latex
979 5412 1089 5470 exit
1114 5428 1238 5469 cum
1266 5404 1471 5486 rogitas
1500 5413 1810 5471 Dominum.

494 5495 716 5553 Ferrum
745 5499 872 5553 dum
900 5516 1094 5572 vepres
1121 5508 1337 5557 resecat
1368 5500 1600 5568 Gothus,
1631 5503 1798 5557 insilit
1823 5504 2004 5573 undis,

635 5584 745 5643 Sed
776 5588 972 5658 repetit
997 5589 1270 5646 manicam
1297 5605 1444 5659 mox,
1479 5590 1570 5646 ubi
1596 5590 1797 5664 tinguis
1826 5608 1984 5665 aqua.

2121 3473 2175 3533 Β

2206 3034 2497 3090 Assiduam
2526 3035 2777 3092 Placibus
2805 3035 2936 3091 dum
2966 3035 3133 3091 ferret
3161 3035 3397 3108 gurgitis
3425 3035 3659 3101 undam,

2348 3122 2641 3195 Obsequiis
2672 3124 2875 3180 sanctis
2904 3125 3048 3181 hunc
3076 3124 3194 3179 tulit
3223 3123 3368 3179 unda
3394 3124 3590 3180 ﬂuens.

2205 3210 2445 3283 Pergito,
2479 3213 2663 3268 Maure
2690 3213 2855 3279 celer,
2890 3214 3050 3269 Pater
3078 3213 3223 3269 illico
3250 3213 3538 3284 providus,
3571 3212 3768 3284 inquit,

2344 3301 2467 3355 Jam
2495 3301 2657 3355 trahit
2685 3301 2831 3356 unda
2861 3301 2964 3357 laci
2991 3301 3324 3372 praecipitem
3351 3317 3603 3372 puerum.

2201 3387 2366 3443 Jussa
2393 3387 2577 3444 ferens
2608 3397 2864 3460 properat
2893 3406 3058 3460 super
3084 3390 3290 3457 undas,
3319 3397 3482 3455 atque
3511 3388 3747 3445 recurrit

2344 3475 2549 3547 Erepto
2578 3493 2771 3548 puero,
2803 3493 2904 3533 ceu
2931 3493 3032 3548 per
3061 3478 3285 3533 humum
3314 3477 3591 3550 gradiens.

2200 3563 2490 3634 Promptus
2517 3565 2586 3619 ad
2615 3580 2775 3620 omne
2805 3565 3006 3620 malum
3035 3566 3154 3621 dira
3175 3581 3296 3622 cum
3316 3574 3496 3621 mente
3513 3564 3791 3635 sacerdos,

2340 3651 2541 3709 Toxica
2571 3670 2692 3724 quae
2718 3652 2884 3723 misit,
2919 3653 3131 3709 sustulit
3159 3653 3276 3725 ipse
3305 3654 3478 3725 prius.
3749 3649 3754 3653 ’

2196 3738 2411 3795 Corruit
2440 3755 2569 3797 ecce
2598 3741 2765 3796 miser
2794 3741 3018 3813 collapsi
3047 3742 3286 3798 culmine
3314 3743 3476 3809 tecti,

2339 3827 2580 3899 Corpore
2609 3828 2919 3886 confractus
2947 3838 3146 3885 tartara
3172 3846 3316 3886 saeva
3342 3830 3495 3901 petit.

2196 3913 2346 3970 Talia
2370 3915 2667 3988 discipulus
2697 3917 2825 3972 dum
2854 3917 3061 3989 perfert
3088 3919 3289 3974 nuncia
3315 3918 3515 3974 cursim
3531 3961 3545 3978 .

2340 4004 2626 4060 Concussit
2657 4006 2825 4065 sancti
2856 4006 3046 4062 intima
3073 4006 3243 4063 corda
3271 4006 3465 4062 Patris.

2196 4091 2295 4146 Cui
2323 4100 2475 4163 pater
2500 4093 2693 4149 indixit
2717 4094 2789 4150 ob
2819 4094 2939 4149 talis
2968 4094 3165 4168 gaudia
3194 4094 3410 4161 mortis,

2336 4182 2403 4236 Ut
2435 4181 2685 4254 lacrymis
2717 4182 2930 4254 culpam
2960 4182 3160 4239 deﬂeat
3193 4182 3311 4255 ipse
3339 4198 3516 4239 suam.

2195 4269 2397 4324 Panem
2427 4269 2562 4325 tollit
2588 4271 2722 4337 avis,
2757 4287 2866 4343 quo
2896 4271 3044 4326 virus
3074 4280 3281 4327 texerat
3310 4257 3441 4337 ille,

2336 4357 2500 4412 Abdit
2527 4358 2621 4413 ubi
2650 4359 2830 4417 nullus
2859 4374 3085 4415 cernere
3115 4359 3289 4431 possit
3317 4360 3506 4415 homo.

2193 4444 2273 4499 Tu
2304 4445 2513 4501 meritis
2545 4446 2703 4501 almis
2732 4447 2995 4503 falsorum
3024 4448 3223 4521 templa
3250 4449 3502 4513 deorum,

2336 4535 2555 4589 Vertisti
2581 4534 2636 4588 in
2663 4534 2902 4603 laudem,
2937 4546 3154 4607 sancte,
3188 4537 3464 4609 decusque
3492 4536 3609 4593 Dei.

2191 4620 2434 4678 Perﬁdus
2461 4623 2552 4679 ille
2581 4624 2745 4680 draco
2774 4624 2911 4681 coelo
2940 4625 3224 4681 demersus
3247 4625 3315 4679 ab
3347 4626 3477 4691 alto,

2335 4712 2397 4766 In
2424 4711 2685 4767 famulum
2714 4712 2913 4768 Christi
2943 4713 3071 4768 talia
3099 4713 3241 4769 dicta
3270 4713 3457 4769 dabat.

2193 4797 2355 4869 Quid,
2374 4801 2679 4867 maledicte,
2697 4801 2791 4855 tibi
2803 4818 3020 4858 mecum
3030 4802 3148 4857 est?
3169 4801 3314 4871 Quid
3333 4818 3462 4867 non,
3478 4799 3776 4867 Benedicte,

2335 4886 2476 4956 Quid
2505 4905 2593 4944 me
2621 4890 3013 4961 persequeris?
3042 4890 3169 4962 quid
3199 4906 3324 4946 mea
3341 4892 3468 4961 jura
3497 4889 3678 4962 rapis?

2192 4975 2309 5032 Stat
2338 4976 2477 5048 lapis
2506 4977 2761 5033 immotus
2787 4977 2956 5033 nimio
2985 4996 3101 5050 prie
3128 4978 3371 5050 pondere
3401 4978 3566 5046 ﬁxus,

2332 5064 2506 5134 Quem
2537 5066 2787 5121 residens
2816 5066 2989 5122 hostis
3018 5067 3216 5139 impius
3245 5067 3336 5124 ille
3355 5068 3565 5140 premit.

2187 5152 2418 5209 Tollitur
2442 5164 2496 5208 at
2524 5154 2700 5210 subito
2730 5154 3007 5213 Benedicti
3034 5171 3169 5213 voce
3196 5155 3363 5223 beati,

2330 5242 2483 5314 Itque
2512 5243 2703 5314 procul
2731 5260 2934 5310 sessor,
2967 5245 3253 5315 postmodo
3283 5244 3497 5300 ﬂamma
3526 5259 3686 5300 vorax.

2188 5328 2469 5385 Fratribus
2498 5340 2579 5387 est
2606 5330 2741 5387 falso
2766 5332 3094 5389 comburere
3124 5332 3239 5388 visa
3266 5333 3527 5401 culinam,

2325 5422 2392 5474 At
2420 5420 2576 5476 Pater
2601 5428 2659 5475 ut
2688 5420 2852 5486 venit,
2887 5420 3024 5477 visio
3056 5419 3188 5476 falsa
3217 5419 3377 5497 fugit.

2187 5507 2411 5563 Attritus
2440 5525 2579 5580 puer
2609 5517 2692 5565 est
2719 5509 2916 5565 murali
2940 5509 3086 5566 mole
3113 5518 3448 5582 peremptus,

2327 5595 2560 5653 Suscitat
2586 5599 2749 5665 hunc,
2783 5606 2836 5655 et
2864 5613 3001 5670 opus
3024 5598 3185 5667 jussit
3214 5599 3363 5655 adire
3392 5600 3560 5654 Pater.
