4060 6184
230 346 338 399 977

234 468 363 523 Non
396 466 559 523 licitis
588 468 843 523 domibus
872 478 1218 540 sumpserunt
1257 470 1482 541 prandia
1512 470 1730 537 fratres,

384 555 602 611 Absens
630 555 749 627 ipse
780 555 927 611 videt
965 557 1144 629 arguit
1175 566 1227 612 et
1253 557 1499 612 nimium.

235 644 455 714 Hospes
483 644 642 699 adest
672 644 922 715 simplex,
957 661 1118 717 quem
1147 645 1289 716 cepit
1319 646 1457 702 calle
1488 648 1677 711 viator,

379 731 633 787 Mollibus
664 732 721 786 in
750 734 919 804 pratis
947 733 1180 804 prandia
1210 748 1319 805 quo
1346 735 1610 791 facerent.

233 820 435 893 Arguit
466 820 611 875 hunc
640 828 832 890 pastor
861 821 956 875 tah
986 837 1087 892 pro
1116 822 1343 878 crimine
1371 830 1608 889 sanctus,

383 910 507 964 Mox
538 908 757 963 veniam
788 909 962 982 culpa:
992 910 1190 980 expetit
1220 910 1310 966 ille
1338 927 1469 967 sua}.

238 997 408 1052 Veste
438 996 585 1052 venit
618 996 915 1068 splendens
945 996 1247 1053 fraudantis
1276 999 1454 1071 Riggo
1484 1007 1714 1071 tyranni,

380 1086 506 1140 Non
537 1092 630 1139 tua
663 1093 808 1149 sunt,
842 1085 1033 1157 inquit,
1065 1102 1185 1157 quae
1225 1094 1314 1141 tua
1342 1087 1505 1142 dorsa
1533 1097 1733 1161 gerunt

229 1173 412 1229 Totila
436 1189 535 1228 rex
563 1173 788 1230 veniens
817 1181 1092 1244 prostrato
1118 1189 1345 1246 corpore
1377 1176 1622 1247 supplex,

381 1261 659 1317 Praescivit
686 1260 810 1316 vitae
839 1262 1128 1317 commoda
1155 1270 1350 1318 cuncta
1384 1278 1513 1320 suae.

234 1350 326 1405 Bis
352 1348 536 1422 quinis
566 1350 722 1404 annis
752 1350 1010 1405 retinebis
1040 1350 1278 1406 culmina
1310 1352 1485 1424 regni,

382 1439 536 1493 Mors
566 1438 651 1492 his
682 1438 956 1505 succedet,
987 1438 1232 1494 moribus
1261 1446 1379 1494 esto
1402 1439 1546 1519 pius.

236 1526 453 1583 Desinit
481 1525 537 1579 in
566 1524 725 1581 factis
757 1534 952 1581 extunc
983 1526 1216 1582 existere
1246 1544 1444 1593 szevus,

377 1614 638 1669 Blandior
667 1623 717 1668 et
748 1613 877 1669 vixit
906 1621 1148 1685 tempora
1184 1615 1328 1671 dicta
1357 1615 1479 1670 sibi.

232 1702 459 1767 Excole,
494 1703 682 1767 Roma,
717 1710 809 1757 tuo
840 1710 1014 1758 vatem
1043 1703 1111 1758 de
1152 1704 1405 1775 dogmate
1435 1704 1673 1769 doctum,

379 1790 487 1860 Qui
516 1798 602 1845 tua
631 1806 732 1861 per
757 1791 976 1846 saeclum
1006 1792 1208 1846 moenia
1239 1791 1388 1847 salva
1416 1792 1579 1848 canit.

233 1879 570 1933 Turbinibus
598 1879 780 1933 multis
822 1879 1190 1950 quassaberis,
1222 1888 1383 1951 atque
1424 1882 1687 1947 coruscis,

384 1966 568 2022 Hostis
598 1967 778 2021 nullus
808 1967 932 2033 erit,
962 1967 1052 2039 qui
1082 1974 1173 2021 tua
1203 1976 1358 2038 septa
1387 1976 1527 2023 ruat.

231 2055 357 2111 Non
387 2070 575 2110 escam
606 2055 805 2123 carnis,
836 2056 935 2110 sed
963 2072 1064 2111 nec
1093 2056 1264 2111 sacris
1302 2056 1511 2111 ordinis
1540 2073 1798 2129 unquam,

380 2143 636 2213 Excipias
666 2151 951 2214 quaestum,
986 2143 1203 2210 clerice,
1239 2144 1424 2199 salvus
1452 2144 1580 2200 eris.

237 2231 365 2287 Haec
394 2230 489 2285 ubi
519 2231 864 2301 contempsit,
896 2231 1093 2302 repetit
1121 2248 1282 2303 quem
1311 2232 1543 2302 liquerat
1570 2232 1720 2299 olim,

378 2321 448 2376 Ut
478 2326 628 2374 vates
655 2327 875 2375 sanctus
912 2319 1138 2385 dixerat,
1170 2319 1260 2375 ille
1290 2320 1486 2374 malus.

232 2407 437 2464 Omnia
467 2424 589 2478 quae
616 2406 898 2462 monachis
928 2407 1184 2480 congessi
1222 2422 1447 2464 munere
1477 2409 1694 2478 Christi,

376 2495 644 2551 Gentibus
672 2494 892 2549 arbitrio
921 2495 1118 2550 tradita
1156 2504 1279 2550 sunt
1308 2496 1543 2551 Domini.

232 2584 334 2639 Vix
360 2584 515 2654 potui
542 2583 796 2654 precibus
826 2583 1115 2637 Dominum
1147 2599 1370 2639 exorare
1409 2601 1718 2655 supernum,

378 2673 447 2727 Ut
476 2671 607 2725 mihi
635 2671 722 2726 vel
750 2670 976 2726 fratrum
1004 2671 1222 2726 cederet
1251 2671 1368 2742 ipse
1396 2673 1622 2727 animas.

228 2762 362 2815 Post
388 2758 739 2831 Langobardi
768 2759 1050 2814 venientes
1077 2767 1319 2830 tempore
1348 2760 1541 2827 noctis,

376 2849 587 2904 Caetera
617 2855 891 2902 vastantes
920 2855 1115 2903 cuncta
1135 2848 1302 2902 tulere
1334 2848 1511 2903 simul.

230 2936 438 2992 Eterni
468 2936 616 3007 regis
644 2935 833 2989 salvati
863 2951 1088 2990 munere
1116 2934 1331 2999 fratres,

376 3024 475 3079 Illo
504 3039 607 3079 nec
637 3023 760 3078 laedi
790 3023 858 3078 de
887 3039 1056 3096 grege
1094 3023 1214 3095 quis
1244 3024 1433 3094 potuit.

227 3113 341 3168 Vas
372 3113 571 3167 retinet
600 3127 828 3183 serpens
858 3112 1187 3184 absconsum
1218 3112 1450 3179 tramite,
1486 3110 1582 3181 fili,

374 3200 660 3256 Admoneo
690 3208 748 3253 ut
777 3199 953 3254 solers
982 3216 1211 3271 vergere
1250 3216 1374 3255 mox
1406 3201 1645 3255 studeas.

228 3289 485 3361 Mappula
515 3288 668 3344 testis
696 3288 869 3353 adest,
901 3288 1102 3343 retines
1131 3304 1293 3360 quam
1324 3296 1562 3360 pectore,
1598 3288 1786 3355 frater,

373 3377 485 3432 Cur
512 3377 765 3448 ingressa
795 3384 943 3430 tuum
974 3377 1212 3449 nequitia
1244 3386 1325 3433 est
1367 3377 1638 3450 gremium
1657 3377 1685 3431 ?

222 3467 350 3521 Non
381 3464 526 3521 clam
554 3466 709 3519 Patre
740 3472 980 3531 manent,
1015 3481 1136 3536 quae
1164 3466 1329 3521 voluit
1357 3472 1536 3521 mente
1567 3465 1821 3538 superba,
1892 3518 1901 3523 .

375 3554 634 3609 Praebens
660 3553 895 3608 cmuanti
929 3554 1146 3607 luminis
1176 3550 1428 3609 officium.

226 3644 451 3699 Fratres
479 3658 547 3696 en
577 3641 739 3696 hodie
770 3641 947 3697 nullus
978 3649 1060 3695 est
1087 3641 1241 3711 panis
1266 3641 1321 3695 in
1357 3641 1521 3710 areis,

370 3731 511 3785 Cras
542 3729 739 3800 pietate
770 3729 867 3784 Dei
897 3730 1050 3799 copia
1079 3730 1232 3799 panis
1261 3729 1377 3784 erit.

226 3820 297 3874 Iis
328 3834 489 3873 sacra
520 3817 752 3873 οωηοῦὶί
783 3825 1036 3889 satagunt
1070 3817 1160 3888 qui
1199 3833 1404 3887 ponere
1436 3825 1609 3888 septa,

369 3909 570 3961 Astans
599 3922 701 3976 per
728 3921 975 3960 somnum
1008 3906 1244 3961 condere
1275 3913 1537 3959 monstrat
1567 3923 1723 3977 opus.

225 3994 552 4051 Redduntur
581 3994 799 4047 tumulis
828 4010 928 4064 per
957 4009 1099 4061 eum,
1143 4010 1262 4064 quae
1292 4009 1445 4048 more
1476 4010 1692 4049 sorores

371 4083 436 4137 In
468 4081 729 4136 famulum
755 4080 948 4136 Christi
979 4080 1137 4135 noxia
1169 4081 1331 4135 verba
1363 4081 1581 4136 dabant.

226 4171 409 4226 Patria
435 4186 671 4241 namque
698 4185 834 4240 puer
862 4169 991 4222 dum
1019 4176 1160 4224 tecta
1188 4168 1407 4240 requirit
1438 4170 1653 4237 anhele,

372 4259 619 4327 lnjussus
650 4273 889 4330 pergens
919 4265 1160 4311 mortuus
1189 4265 1270 4312 est
1298 4258 1448 4311 inibi.

222 4349 400 4418 Hujus
432 4363 541 4401 non
570 4346 741 4416 potuit
771 4361 971 4415 corpus
1000 4344 1237 4400 retinere
1283 4346 1608 4415 sepulcrum,

374 4434 487 4490 Sed
518 4433 734 4489 Domini
764 4432 996 4488 famulus
1026 4433 1081 4487 id
1110 4433 1333 4489 sociavit
1363 4435 1547 4488 humo.

222 4524 337 4580 Ore
366 4530 560 4594 patens
590 4521 788 4594 anguis
817 4521 997 4576 medio
1027 4530 1128 4575 stat
1160 4521 1294 4577 calle
1323 4522 1614 4594 malignus,

369 4610 550 4678 Quem
579 4625 808 4665 cernens
840 4608 1007 4665 frater
1031 4610 1101 4664 ad
1132 4610 1223 4680 pia
1252 4618 1402 4680 septa
1428 4611 1582 4665 redit.

220 4700 480 4757 Rusticus
511 4698 810 4754 adveniens
839 4698 1045 4753 variato
1074 4714 1303 4768 corpore
1335 4699 1503 4769 lepra,

367 4787 623 4843 Abcessit
652 4802 846 4857 sospes
873 4785 1226 4859 gloriﬁcando
1256 4788 1450 4841 Deum.

220 4880 405 4933 Aurea
435 4876 582 4929 dona
606 4874 753 4930 Patri
782 4874 1079 4930 funduntur
1108 4874 1319 4929 caelitus
1347 4874 1509 4943 almo,

288 4984 291 4987 '
373 4966 443 5021 Ut
472 4979 707 5034 poscens
733 4963 949 5032 habeat,
975 4962 1157 5018 debita
1181 4979 1287 5035 quo
1315 4964 1544 5034 redigat.

222 5056 332 5108 Vas
361 5052 598 5107 vitreum
628 5051 828 5106 montis
856 5066 955 5122 per
983 5066 1115 5105 saxa
1153 5052 1387 5122 patentia
1418 5068 1677 5117 mersum,

366 5140 606 5195 Illaesum
636 5146 844 5210 perstat
871 5154 1031 5194 omne
1060 5146 1253 5195 tenens
1281 5139 1480 5194 oleum.

221 5241 357 5295 Post
388 5237 680 5292 Dominum
709 5236 955 5309 rogitans
998 5236 1202 5291 dolium
1231 5236 1521 5307 complevit
1549 5237 1714 5303 olivo,

363 5329 505 5381 Ante
537 5324 684 5396 quod
716 5325 817 5379 hoc
844 5323 1060 5395 penitus
1099 5325 1375 5389 exstiterat
1402 5340 1652 5380 vacuum.

217 5415 345 5485 Quo
375 5428 670 5486 praperas.
704 5414 926 5480 Satana,
958 5413 1297 5469 medicorum
1345 5429 1496 5469 more
1523 5421 1744 5485 paratus
1763 5415 1791 5469 ?

292 5591 319 5625 ι
354 5584 461 5651 AL,
485 5595 610 5649 quos
632 5582 780 5635 terris
795 5582 961 5646 junxit
984 5585 1036 5635 et
1067 5583 1225 5637 atthre
1249 5584 1398 5640 Deus.

1406 346 1696 404 CARMEN
1739 347 1834 403 DE
1883 346 1938 402 S.
1998 347 2416 406 BENEDICTO.

1864 470 1918 530 A

3431 361 3534 415 978

2090 473 2243 528 Vado
2274 472 2376 529 tuis
2404 483 2590 545 potum
2621 475 2880 531 fratribus
2910 485 2967 531 ut
2995 477 3247 533 tribuam.

1940 559 2175 616 Dextera
2202 570 2383 617 sancta
2414 580 2602 619 senem
2630 581 2754 619 mox
2785 565 2877 620 illo
2906 565 3153 622 daemone
3181 573 3400 639 captum

2083 650 2324 706 Salvavit
2354 652 2543 719 Patris,
2576 652 2781 723 depulit
2808 662 2860 708 et
2892 654 3166 710 Satanam.

1940 736 2192 793 Rusticus
2219 738 2531 795 adveniens
2543 741 2870 797 constrictus
2888 741 3112 798 brachia
3131 742 3285 810 loris,

2081 826 2167 880 Ad
2194 826 2430 895 primum
2460 827 2631 884 sancti
2660 829 2887 899 solvitur
2914 829 3184 885 intuitum.

1939 911 2180 967 Postulat
2207 914 2432 969 orbatus
2461 916 2618 971 reddi
2646 916 2748 991 sibi
2777 916 2980 990 pignus
3011 917 3351 990 ademptum,

2081 999 2217 1054 Cum
2244 1001 2444 1074 rogitat
2473 1011 2712 1072 sanctus,
2745 1004 2856 1061 vita
2886 1005 3024 1060 redit
3050 1022 3244 1077 puero.

1937 1087 2106 1144 Sacra
2135 1104 2290 1143 soror
2314 1089 2569 1160 precibus
2598 1090 2908 1147 diﬂ'undens
2949 1093 3160 1149 caelitus
3187 1095 3421 1162 inbrem,

2079 1175 2312 1231 Invitum
2343 1193 2528 1232 secum
2558 1187 2717 1234 nocte
2755 1180 2969 1236 Patrem
2998 1182 3208 1238 retinet.

1935 1263 2064 1318 Post
2087 1264 2326 1319 triduum
2354 1263 2525 1320 frater
2554 1267 2804 1338 gaudens
2832 1268 2901 1323 de
2930 1277 3107 1325 morte
3135 1269 3359 1341 sororis,

2077 1352 2225 1407 Hanc
2256 1352 2478 1406 tumulat
2506 1353 2729 1425 proprio
2757 1355 3002 1425 protinus
3040 1356 3095 1411 in
3131 1358 3357 1415 tumulo.

1936 1437 2103 1493 Unica
2134 1447 2445 1494 sanctorum
2478 1442 2671 1498 retinet
2699 1458 2843 1497 nunc
2871 1459 2999 1499 arca
3024 1445 3255 1503 duorum

2076 1526 2327 1597 Pignera,
2358 1536 2383 1562 ι
2412 1544 2548 1599 quos
2578 1531 2763 1586 ethraa
2780 1530 2975 1600 junxit,
3016 1533 3291 1605 humoque
3321 1535 3484 1590 Deus.

1935 1613 2256 1669 Sanctorum
2287 1615 2373 1670 hic
2400 1616 2610 1671 animas
2637 1618 2704 1672 ad
2738 1618 2864 1674 caeli
2891 1619 3087 1690 gaudia
3119 1621 3289 1677 cernit

2074 1702 2351 1773 Angelicis
2379 1703 2520 1758 ulnis
2550 1705 2653 1759 hoc
2681 1721 2781 1775 per
2809 1705 2967 1762 inane
2997 1708 3141 1762 vehi.

1859 1816 1913 1877 B
1933 1789 2097 1845 Totus
2125 1790 2279 1846 adest
2309 1791 2456 1846 orbis
2485 1792 2746 1849 collectus
2777 1794 2909 1849 solis
2937 1795 3007 1849 ab
3035 1794 3225 1861 instar,

2074 1879 2342 1949 Tempore
2371 1879 2468 1934 sub
2498 1880 2671 1936 noctis
2699 1880 2928 1948 visibus,
2959 1882 3119 1953 alme,
3152 1883 3279 1938 tuis.

1929 1964 2107 2020 Testis
2133 1966 2288 2021 adest
2315 1967 2515 2034 meriti,
2550 1968 2864 2024 Servandus
2893 1970 3133 2036 nomine,
3165 1971 3371 2044 magni,

2071 2054 2231 2110 Lucis
2259 2055 2404 2110 enim
2432 2063 2642 2126 partem
2672 2056 2846 2113 cernit
2871 2066 2924 2113 et
2952 2058 3069 2129 ipse
3099 2058 3277 2114 simul.

1930 2141 2158 2214 Regula,
2190 2151 2377 2199 sancte
2404 2145 2578 2213 Pater,
2608 2144 2806 2200 multos
2836 2153 2926 2201 tua
2954 2146 3112 2201 mittit
3140 2147 3208 2201 ad
3236 2146 3485 2214 mthram,

2074 2231 2405 2287 Consocians
2434 2233 2638 2290 sanctis
2660 2234 2765 2289 hoc
2795 2250 2963 2305 super
2993 2243 3136 2290 astra
3165 2235 3364 2291 choris.

1930 2319 2090 2374 Flans
2117 2319 2333 2374 Domini
2363 2318 2598 2375 famulus
2625 2321 2861 2376 animam
2889 2336 3014 2379 cum
3053 2322 3302 2378 laudibus
3331 2322 3492 2379 almis

2072 2405 2296 2461 Miriﬁca
2325 2408 2471 2462 scala
2499 2409 2715 2463 scandit
2745 2410 2815 2464 ad
2843 2418 2993 2464 astra
3020 2410 3158 2481 poli.

1929 2493 2094 2549 Pallia
2125 2502 2440 2549 sternuntur
2467 2496 2651 2552 divino
2678 2497 2883 2569 lumine
2912 2498 3096 2564 mixta,

2070 2581 2188 2651 Qua
2218 2598 2374 2638 sacer
2403 2584 2650 2639 ascendit
2685 2585 2754 2639 ad
2793 2600 2950 2640 sacra
2979 2601 3149 2656 regna
3177 2586 3352 2640 Pater.

1930 2671 2145 2725 Perdita
2173 2678 2353 2725 mente
2380 2687 2606 2726 manens
2637 2672 2832 2728 mulier
2857 2689 2958 2744 per
2983 2672 3142 2728 devia
3169 2672 3463 2740 scandens,

2068 2759 2240 2826 Hujus
2270 2759 2419 2813 salva
2447 2758 2543 2813 fuit
2573 2775 2699 2816 cum
2728 2777 2925 2832 specus
2953 2760 3171 2818 introiit.

1926 2844 2157 2899 Plurima
2187 2846 2343 2917 signa
2373 2846 2470 2900 tibi
2501 2848 2772 2903 concessit
2809 2849 2986 2920 gratia
3016 2850 3232 2922 Christi,

2067 2933 2113 2988 O
2144 2935 2300 2989 Pater
2329 2933 2580 3005 insignis,
2612 2952 2733 3007 quae
2752 2935 2916 2992 modo
2943 2953 3105 2994 nemo
3135 2939 3291 2998 sciat.

1926 3021 2035 3077 Sed
2052 3037 2172 3093 quae
2201 3030 2497 3077 noscuntur
2522 3039 2622 3093 per
2652 3024 2837 3079 mundi
2868 3024 3099 3095 climata,
3136 3028 3388 3099 quisnam

2065 3110 2133 3164 Ut
2162 3117 2256 3164 tua
2286 3108 2427 3165 facta
2456 3110 2632 3176 decet,
2666 3127 2906 3185 pangere
2946 3113 3043 3168 rite
3071 3115 3279 3186 queat?

2074 3159 2131 3164 ,ν
2167 3159 2255 3164 ,η
2286 3159 2427 3165 η---
2460 3159 2632 3176 mw,
2667 3159 2771 3182 τη
2820 3159 2905 3167 ν--
2948 3159 3043 3168 .-.ν
3112 3159 3231 3171 ....-.
3257 3159 3270 3170 .

1855 3159 1905 3222 Ο
1926 3193 2129 3264 Quaeve
2156 3196 2359 3252 micant
2388 3198 2551 3253 hodie
2579 3159 2860 3270 signorgm
2895 3199 3032 3256 facta
3059 3159 3321 3271 priorum,

2066 3283 2423 3354 Temporibus
2452 3285 2655 3339 nostris
2685 3294 2841 3359 gesta
2866 3286 2972 3341 tuis
3002 3288 3254 3343 meritis?

1924 3370 2174 3427 Andreas
2206 3372 2405 3427 etenim
2438 3372 2714 3429 Germano
2754 3374 3001 3446 germine
3032 3383 3230 3443 cretus,

2066 3459 2247 3515 Rectis
2277 3474 2386 3516 non
2414 3477 2654 3532 unquam
2684 3462 2965 3533 gressibus
2987 3462 3064 3518 ire
3094 3463 3319 3531 valens;

1923 3548 2045 3603 Mox
2073 3556 2130 3601 ut
2156 3548 2460 3617 promeruit
2489 3556 2580 3603 tua
2602 3549 2789 3604 limina
2806 3557 3032 3620 tangere
3055 3551 3263 3623 templi,

2065 3635 2349 3706 Extemplo
2380 3652 2570 3706 sospes
2601 3637 2762 3692 dante
2792 3636 2889 3691 fuit
2928 3637 3167 3694 domino.

1924 3723 2076 3778 Alter
2106 3732 2413 3794 serpentem
2443 3733 2663 3795 gestans
2692 3724 2746 3779 in
2776 3733 2965 3780 ventre
2994 3725 3271 3795 latentem,

2067 3810 2382 3867 Obstaclum
2412 3811 2619 3866 nullum
2649 3812 2737 3869 cui
2766 3813 3034 3869 medicina
3064 3814 3260 3882 dabat;

1925 3898 2179 3955 Concitus
2209 3901 2315 3955 huc
2344 3900 2614 3957 scandens
2644 3901 2857 3971 pietatis
2894 3918 3122 3957 munera
3148 3919 3403 3973 poscens,

2069 3988 2152 4042 Ad
2181 3996 2274 4042 tua
2302 3988 2548 4069 parvenit
2575 3989 2774 4043 lumina
2795 3998 2996 4059 sancta,
3031 3991 3208 4046 Pater.

1925 4076 2173 4131 Evomito
2203 4076 2431 4132 colubro
2458 4085 2746 4149 postquam
2776 4087 2869 4133 tua
2898 4077 3084 4134 limina
3113 4079 3344 4147 scandit,

2070 4164 2304 4219 Perstitit
2332 4165 2620 4221 incolumis
2648 4166 2737 4222 hic
2766 4166 2964 4237 pietate
2991 4167 3110 4224 Dei.

1925 4252 2164 4323 Corpore
2194 4261 2507 4308 contractus
2538 4254 2724 4324 genuit
2752 4271 2913 4325 quem
2947 4254 3219 4312 Cimbrica
3249 4256 3413 4311 tellus

2067 4339 2311 4410 Erigitur
2340 4340 2545 4409 templi,
2580 4341 2769 4406 David,
2803 4342 2857 4394 in
2885 4342 3001 4396 aede
3029 4342 3124 4396 tui.

1929 4454 2046 4520 Eia,
2069 4453 2223 4508 beate
2254 4455 2430 4520 Pater,
2465 4461 2611 4510 tanto
2628 4454 2718 4526 qui
2757 4453 2959 4508 lumine
2987 4463 3231 4524 praestas,

1928 4541 2159 4597 Sedibus
2188 4541 2242 4595 in
2274 4541 2487 4613 superis
2516 4549 2665 4597 tanta
2692 4541 2888 4612 pietate
2918 4556 3198 4609 coruscus,

1928 4631 2059 4685 Esto
2089 4628 2191 4683 tuis
2221 4626 2439 4685 famulis
2470 4638 2672 4694 custos,
2708 4629 3001 4700 doctorque
3031 4647 3132 4700 per
3150 4647 3325 4687 aevum
3360 4650 3373 4687 :

1927 4718 2010 4773 Ne
2038 4716 2198 4787 lupus
2226 4718 2510 4785 insidians,
2545 4718 2714 4774 hostis
2744 4731 2813 4771 ne
2839 4716 3067 4791 pestifer
3100 4735 3341 4791 unquam
3482 4782 3499 4794 κ

1925 4817 2005 4872 De
2039 4833 2211 4893 grege
2240 4817 2390 4877 tollat
2414 4833 2592 4884 ovem,
2624 4822 2850 4892 proprio
2880 4840 3043 4895 quem
3074 4823 3194 4892 jure
3225 4831 3483 4882 retentas.

1929 4912 2376 4986 Berthariumque
2406 4922 2554 4969 tuum
2584 4914 2842 4974 famulum
2873 4936 2960 4976 me
2988 4928 3236 4992 protege,
3270 4937 3463 4988 serva;

1929 5016 2135 5070 Ductus
2163 5027 2351 5067 amore
2379 5018 2470 5066 tuo
2497 5012 2589 5083 qui
2616 5016 2858 5071 carmina
2887 5017 3015 5073 vilia
3045 5019 3307 5089 prompsi.

1931 5109 2047 5164 Hoc
2074 5109 2221 5162 Deus
2250 5106 2610 5178 omnipotens,
2634 5109 2812 5166 salvos
2840 5111 2929 5183 qui
2959 5112 3041 5166 vis
3070 5111 3188 5167 fore
3214 5121 3459 5168 cunctos.
3556 5150 3563 5151 γ

1929 5205 2034 5274 Qui
2066 5205 2264 5260 caelum
2288 5212 2599 5276 terramque
2629 5208 2778 5280 regis
2806 5224 2908 5277 per
2948 5208 3166 5276 saecula,
3200 5208 3415 5264 Christe

1932 5299 2041 5352 Des
2070 5297 2321 5368 petimus,
2355 5313 2457 5354 nec
2486 5314 2596 5354 non
2625 5299 2863 5370 paradisi
2893 5301 3095 5373 gaudia
3134 5300 3310 5368 nobis,

1926 5392 2192 5453 Omnibus
2220 5402 2273 5453 et
2299 5410 2459 5450 veras
2488 5396 2692 5451 tribuas
2722 5396 2838 5453 sine
2870 5393 2976 5453 ﬁne
3006 5412 3257 5459 coronas.
