4112 6192
491 343 593 398 979

1575 337 1876 393 APPEND.
1935 339 2028 394 AD
2071 338 2124 392 S.
2186 337 2609 395 BERTARIUM.

3695 341 3798 392 980

1161 678 1643 796 APPENDIX
1740 679 1860 793 ΔΙ]
1958 675 2372 793 εειιρτι
2457 675 2544 791 S.
2603 672 3041 790 BEBTABII

687 897 1122 1027 VITA
1222 894 1339 1025 S.
1435 887 2726 1025 SCHOLASTICE
2847 894 3652 1028 VIRGINIS

1739 1107 1794 1160 S.
1859 1105 1996 1160 BEN
2001 1106 2230 1160 EDICTI
2285 1105 2606 1162 SORORIS.

542 1232 651 1293 Ea:
695 1233 971 1294 homilia
1003 1237 1072 1294 in
1101 1235 1243 1310 ejus
1273 1235 1484 1295 natali
1514 1232 1765 1308 habita,
1801 1250 1947 1308 quae
1969 1232 2164 1292 Beda:
2206 1233 2574 1294 Venerabili
2618 1235 2840 1312 vulgo,
2875 1235 2988 1294 sed
3025 1236 3372 1311 immerito,
3407 1237 3752 1299 tribuitur.

585 1530 636 1580 1.
661 1519 803 1589 Ωιιίᾶ
831 1520 1006 1574 beata“:
1054 1517 1403 1574 SchOIaSliOEB
1445 1518 1683 1572 natalitia
1713 1519 1957 1588 ϐοἶίῐηιιε,
1991 1519 2096 1573 ἴτ’ᾶ-
2125 1519 2180 1579 Α
2203 1527 2444 1580 midabas
2463 1525 2492 1580 Ἰ
2518 1541 2587 1579 an
2607 1541 2802 1580 munus
2818 1526 3049 1596 parabas
3070 1526 3214 1598 quod
3233 1525 3448 1581 ferres?
3477 1541 3545 1580 an
3571 1526 3793 1582 forsitan

504 1623 614 1668 tres
643 1607 967 1672 charissimi,
1003 1606 1132 1661 libet
1165 1606 1234 1660 de
1267 1607 1384 1676 ejus
1417 1607 1537 1662 vitae
1567 1607 1774 1662 meritis
1806 1607 2010 1678 aliquid
2037 1608 2106 1662 de

505 1701 615 1756 vita
643 1695 940 1751 beatissimi
973 1693 1250 1752 Benedicti
1281 1695 1407 1749 huic
1445 1695 1706 1765 Opusculo
1737 1695 2104 1760 introducere,

505 1794 564 1842 ut
594 1793 805 1856 quantae
837 1782 1178 1838 excellentia
1208 1782 1504 1837 sanctitatis
1535 1782 1720 1848 fuerit,
1756 1783 1969 1837 silentio
1997 1799 2106 1837 non

507 1881 742 1944 tegatur.
779 1871 886 1926 Sed
914 1869 1167 1940 primitus
1199 1870 1556 1940 omnipotenti
1573 1873 1685 1925 Deo
1715 1887 1909 1940 preces
1931 1871 2106 1924 mitia-

512 1977 651 2027 mus,
687 1959 778 2031 qui
804 1959 987 2015 omnia
1033 1957 1100 2027 in_
1131 1958 1394 2028 sapientia
1441 1957 1588 2022 fecit,
1639 1967 1694 2012 ut
1737 1959 1852 2027 ipse
1907 1959 2106 2013 donare

510 2049 786 2120 dignetur,
820 2047 948 2118 quia
974 2046 1231 2118 dignatus
1275 2053 1356 2100 est
1385 2045 1569 2100 dicere
1595 2063 1607 2098 :
1630 2047 1732 2112 Qui
1749 2047 1876 2100 sitit
1895 2049 2102 2111 veniat,

513 2141 570 2194 et
585 2138 752 2200 bibat,
777 2139 832 2191 et
845 2135 908 2189 de
923 2125 1117 2190 ventre
1135 2135 1254 2204 ejus
1274 2134 1454 2202 ﬂuent
1476 2150 1632 2205 aquw
1647 2135 1778 2188 vivae
1798 2135 1979 2204 (Joan.
2007 2149 2103 2200 vn,

513 2227 625 2296 37),
659 2232 716 2278 ut
743 2231 922 2293 caepta
953 2223 1032 2277 sic
1060 2222 1225 2292 digne
1252 2237 1663 2292 prosequamur,
1693 2230 1750 2275 ut
1770 2230 1930 2276 tantas
1961 2221 2108 2276 festi-

512 2313 692 2369 vitatis
751 2311 1014 2382 pertineat
1069 2310 1140 2363 ad
1197 2309 1476 2374 honorem,
1522 2317 1575 2363 et
1619 2317 1812 2364 vestra:
1859 2310 2110 2364 charitati

467 2435 482 2444 α
517 2401 761 2473 prebeat
789 2399 1202 2453 incrementum.

583 2511 634 2563 2.
671 2505 834 2560 Soror
861 2518 1098 2574 namque
1131 2503 1246 2571 ejus
1291 2502 1621 2558 Scholastica
1669 2504 1755 2572 (ex
1807 2503 1976 2575 Greg.
2009 2505 2103 2568 M.,

514 2594 615 2650 lib.
655 2608 694 2647 ιι
724 2594 963 2663 Dialog.,
989 2607 1037 2646 c.
1071 2593 1166 2662 23)
1203 2591 1554 2661 omnipotenti
1598 2592 1830 2646 Domino
1874 2593 1943 2646 ab
1989 2593 2108 2662 ipso

515 2681 750 2738 infantiae
779 2689 1025 2750 tempore
1052 2679 1248 2744 dicata,
1282 2679 1350 2733 ad
1386 2695 1510 2734 eum
1565 2680 1733 2733 semel
1780 2695 1876 2749 per
1907 2695 2109 2734 annum

449 2771 452 2774 ’
512 2769 698 2828 venire
727 2775 1110 2824 consueverat.
1151 2767 1406 2821 Primitus
1437 2767 1658 2838 quidem
1697 2768 1952 2822 virtutem
1973 2769 2108 2822 tanti

2210 1623 2414 1670 tantum
2462 1623 2512 1668 et
2545 1614 2711 1668 semel
2759 1615 2814 1666 in
2863 1627 3005 1668 anno
3055 1613 3376 1669 fecundabat
3419 1615 3594 1668 bonus
3633 1615 3806 1670 frater

2207 1719 2325 1756 rore
2355 1703 2507 1756 verbi
2552 1702 2810 1768 ccelestis,
2877 1710 2933 1756 ut
2985 1701 3288 1758 madefacta
3335 1702 3597 1756 mentium
3645 1712 3808 1773 prata

2208 1789 2473 1845 sufficeret
2503 1791 2572 1844 ad
2602 1791 2996 1845 incrementum
3025 1790 3214 1845 salutis
3233 1791 3261 1844 Ὺ
3291 1807 3360 1844 an
3390 1791 3444 1843 in
3485 1797 3668 1846 mente
3699 1792 3806 1844 ha-

2207 1879 2376 1933 bebas
2404 1879 2536 1932 illud
2554 1879 2878 1943 Salomonis,
2897 1879 3130 1934 Prohibe
3144 1879 3342 1951 pedem
3365 1883 3522 1933 tuum
3547 1880 3611 1933 de
3633 1879 3798 1935 domo

2204 1969 2458 2039 proximi
2483 1969 2584 2036 tui,
2601 1983 2674 2022 ne
2685 1970 2832 2037 forte
2851 1969 3096 2022 satiatus
3109 1967 3288 2022 oderit
3303 1971 3357 2022 te
3377 1971 3400 2022 .9
3419 1967 3600 2036 (Prov.
3617 1981 3805 2032 xxv",

2208 2059 2285 2124 6.)
2301 2057 2365 2108 Et
2377 2055 2508 2108 illud
2525 2072 2537 2107 :
2554 2055 2604 2109 Μ
2605 2056 2655 2110 ei
2667 2055 2958 2122 invenisti,
2978 2055 3064 2122 ﬁli
3076 2057 3174 2120 mi,
3195 2055 3418 2110 comede
3430 2055 3572 2126 quod
3585 2057 3804 2126 sufﬁcit

2210 2145 2309 2198 tibi
2331 2160 2400 2198 ne
2424 2146 2572 2212 forte
2592 2144 2839 2196 satiatus
2861 2143 3236 2198 evomasillud
3261 2145 3482 2212 ?(Prov.
3515 2157 3654 2204 xxv,
3695 2143 3810 2212 t6.)

2209 2229 2298 2285 Sic
2330 2230 2406 2284 sic
2437 2237 2602 2302 agant
2634 2245 2824 2284 omnes
2855 2245 3094 2296 sorores,
3135 2245 3242 2285 non
3292 2229 3477 2283 densis
3519 2230 3808 2301 gressibus

2206 2317 2429 2372 fratrum
2457 2317 2643 2372 limina
2687 2317 3048 2388 frequentant,
3101 2333 3210 2371 non
3258 2317 3496 2372 carnalia
3527 2317 3678 2371 basia
3709 2333 3806 2374 re-

2207 2406 2438 2476 quirant,
2485 2421 2594 2460 non
2631 2403 2843 2476 ineptas
2884 2413 3138 2460 resonent
3177 2403 3407 2470 fabulas,
3459 2421 3567 2460 non
3605 2421 3810 2459 munus

2207 2493 2452 2548 deferant
2486 2501 2712 2559 tantum,
2759 2493 2903 2564 quod
2951 2493 3052 2548 tela
3096 2493 3360 2565 depingit,
3410 2493 3497 2548 vel
3539 2493 3802 2564 magistra

2207 2598 2399 2636 manus
2429 2582 2654 2636 adornat
2687 2600 2698 2634 :
2733 2597 2842 2636 non
2870 2581 3226 2646 olfactoriola,
3259 2597 3368 2635 non
3397 2581 3669 2636 variorum
3689 2582 3806 2652 pla-

2206 2677 2390 2726 centas
2421 2685 2699 2740 saporum,
2733 2671 2830 2724 sed
2848 2685 2968 2724 cum
2993 2669 3326 2724 Scholastica
3345 2685 3500 2724 sacra
3521 2670 3806 2724 Benedicti

2205 2759 2386 2812 fratris
2445 2758 2698 2828 requirite
2757 2758 3018 2824 scholam,
3077 2765 3133 2811 ut
3189 2759 3366 2829 magis
3396 2757 3520 2812 cibo
3569 2758 3806 2822 cmlesti,

513 2857 748 2914 nominis
777 2856 1131 2927 inquiramus,
1165 2863 1222 2908 ut
1255 2871 1351 2909 suo
1388 2855 1586 2909 decore
1614 2855 1789 2909 oratio
1819 2855 2094 2910 decurrat.
2131 2867 2183 2925 Β
2212 2861 2373 2916 quam
2402 2846 2546 2900 ἀοηο
2577 2853 2789 2900 terreno
2820 2846 3011 2912 satiati.
3045 2846 3245 2900 Γενθτῐί
3275 2846 3342 2900 ad
3389 2845 3609 2916 Propria
3637 2861 3815 2918 quea-

517 2945 848 3000 Scholastica
879 2943 1023 2998 enim
1053 2959 1082 2994 a
1113 2941 1310 2997 Schola
1332 2943 1627 3008 derivatur,
1654 2959 1774 3012 quae
1796 2951 1876 2996 est
1895 2944 2112 3012 sapien-

517 3032 606 3088 tia
635 3032 814 3086 nutrix
847 3048 860 3084 :
893 3031 961 3085 ab
991 3025 1108 3100 ipsa
1135 3031 1392 3084 virtutum
1409 3029 1646 3084 onmium
1675 3046 1870 3086 norma
1891 3046 2114 3086 concre—

519 3121 640 3186 scit,
673 3129 726 3175 et
753 3127 864 3174 tota
893 3118 1064 3174 virtus
1095 3118 1290 3172 animae
1337 3131 1536 3187 procax
1582 3117 1640 3171 fit
1689 3119 1758 3173 ad
1796 3119 2112 3174 discendum

519 3209 662 3265 bona
710 3216 762 3263 et
802 3207 965 3272 mala,
999 3215 1054 3260 ut
1100 3215 1245 3262 recto
1293 3206 1461 3261 limite
1507 3221 1722 3261 currere
1773 3209 1942 3278 possit
1972 3209 2112 3264 viam

521 3297 727 3365 salutis,
761 3297 995 3368 qualiter
1026 3294 1265 3366 peritura
1293 3295 1478 3349 mundi
1511 3295 1792 3364 despiciat,
1844 3313 1912 3352 ne
1944 3298 2111 3354 ober-

525 3402 655 3442 rans
685 3385 886 3440 bonum
917 3384 1079 3440 ducat
1109 3400 1206 3454 pro
1235 3385 1398 3448 malo,
1423 3386 1624 3439 malum
1645 3401 1746 3456 pro
1774 3387 1936 3454 bono,
1963 3395 2114 3442 tene-

521 3476 648 3529 bras
675 3489 771 3545 pro
801 3473 942 3538 luce,
977 3482 1030 3528 et
1071 3473 1248 3528 lucem
1292 3489 1392 3543 pro
1424 3474 1681 3548 tenebris,
1726 3490 1970 3528 amarum
2013 3493 2112 3546 pro

520 3561 685 3628 dulci,
716 3571 770 3617 et
798 3561 956 3617 dulce
983 3577 1082 3632 pro
1112 3576 1322 3627 amoro,
1356 3569 1406 3615 et
1434 3562 1748 3617 discernere
1791 3563 1962 3633 possit
1992 3580 2113 3635 quae

518 3651 692 3707 virtus
721 3650 788 3704 sit
818 3649 1055 3720 spiritus,
1089 3665 1208 3720 quae
1239 3649 1439 3714 carnis,
1471 3666 1538 3705 ne
1587 3651 1880 3706 indiscrete
1920 3659 2113 3706 cuncta

515 3753 808 3810 peragens,
843 3738 916 3792 ibi
944 3737 1146 3792 bonum
1179 3738 1382 3808 eligere
1414 3748 1611 3808 speret,
1647 3739 1738 3793 ubi
1765 3749 1874 3794 tota
1905 3748 1986 3793 est
2008 3756 2114 3793 ma-

520 3827 648 3882 litias
679 3841 872 3881 norma
897 3835 952 3880 ut
982 3835 1064 3881 est
1105 3826 1236 3880 illud
1271 3843 1282 3880 :
1319 3826 1422 3894 Qui
1458 3843 1566 3882 non
1616 3827 1774 3882 fuerit
1817 3829 2113 3898 discipulus

518 3914 780 3979 veritatis,
817 3915 920 3968 erit
947 3913 1211 3985 magister
1252 3915 1472 3968 erroris.

592 4023 643 4074 3.
667 4020 774 4074 Sed
793 4020 1068 4073 videamus
1089 4021 1208 4090 quis
1227 4021 1386 4087 hujus
1403 4028 1566 4074 tantae
1583 4021 1785 4076 sororis
1806 4022 1976 4091 possit
1993 4039 2115 4078 esse

523 4122 819 4178 germanus
849 4123 945 4176 per
973 4107 1151 4160 omnia
1181 4107 1502 4162 Benedictus
1529 4123 1637 4162 non
1669 4109 1842 4162 solum
1873 4111 2112 4176 nomine,

2212 2933 2301 2987 tis.
2339 2934 2592 3004 Sequitur
2625 2950 2637 2988 :

2283 3060 2334 3111 5.
2367 3057 2448 3111 Ad
2480 3073 2644 3128 quam
2674 3057 2755 3111 vir
2803 3057 2902 3113 Dei
2953 3073 3060 3112 non
3105 3057 3267 3130 longe
3317 3065 3466 3113 extra
3497 3058 3728 3126 januam
3761 3058 3818 3112 in

2211 3146 2559 3215 possessione
2589 3147 2906 3202 monasterii
2937 3146 3322 3203 descendebat.
3357 3145 3534 3214 Quam
3567 3155 3816 3211 sanctus,

2213 3249 2376 3304 quam
2403 3235 2652 3304 pudicus,
2685 3251 2848 3305 quam
2879 3234 3150 3290 discretus
3181 3251 3435 3289 accessus
3461 3233 3472 3288 l
3509 3243 3565 3288 ut
3599 3233 3818 3307 fragilis

2213 3339 2375 3376 sexus
2427 3338 2534 3376 non
2589 3323 2936 3386 lascesseret,
2995 3323 3187 3378 obvius
3237 3322 3396 3378 frater
3443 3323 3702 3389 occurrit,
3747 3340 3820 3379 ne

2212 3410 2346 3465 forte
2377 3410 2529 3466 labor
2551 3411 2757 3467 itineris
2791 3410 3068 3482 frangeret
3096 3410 3292 3465 mentis
3322 3411 3685 3466 devotionem.
3727 3415 3816 3466 An

2209 3499 2455 3554 illicitum
2485 3500 2758 3564 cernebat,
2788 3509 2843 3553 ut
2879 3499 2934 3553 in
2968 3500 3101 3554 tanti
3130 3499 3294 3553 limen
3333 3499 3580 3554 Coenobii
3611 3500 3821 3555 calcari

2211 3586 2445 3642 femineo
2477 3588 2614 3657 pede
2643 3587 2968 3644 debuisset?
2998 3605 3066 3642 an
3107 3587 3328 3642 forsitan
3355 3587 3700 3642 saecularium
3733 3589 3818 3644 la-

2211 3683 2378 3729 tratus
2407 3676 2626 3742 vitabat,
2661 3676 2752 3746 qui
2785 3677 2954 3731 bonos
2984 3677 3371 3733 monachorum
3401 3692 3584 3731 mores
3616 3677 3820 3732 canino

2213 3781 2360 3834 more
2415 3765 2718 3829 devastaut,
2754 3773 2806 3818 et
2841 3766 2944 3819 hoc
2998 3765 3220 3819 credant
3269 3764 3323 3818 in
3353 3763 3458 3817 illis
3513 3765 3660 3835 quod
3701 3765 3822 3818 suis

2213 3853 2372 3906 malis
2401 3853 2608 3908 actibus
2633 3869 2798 3924 agere
2827 3869 2936 3906 non
2964 3861 3218 3908 recusant
3251 3870 3264 3906 :
3299 3859 3353 3906 et
3376 3851 3420 3906 si
3453 3853 3552 3907 hoc
3573 3853 3643 3906 de
3661 3860 3820 3907 tanto

2213 3941 2366 3995 Patre
2384 3941 2864 4012 sperareillicitum
2887 3949 3050 4004 esset,
3075 3941 3142 3994 de
3163 3940 3522 3994 tenerioribus
3535 3941 3826 4010 discipulis

2213 4029 2398 4082 inﬂato
2427 4037 2645 4100 gutture
2675 4031 2972 4099 crisparent
3005 4029 3348 4084 cachinnos?
3373 4028 3580 4083 Idcirco
3619 4029 3818 4086 nonin

2217 4116 2560 4184 secularium,
2597 4118 2692 4172 sed
2724 4118 2776 4171 in
2821 4118 3053 4188 propriis
3100 4116 3540 4188 possessionibus
3577 4117 3824 4174 descen-

526 4195 624 4249 sed
654 4209 836 4264 Opere,
869 4209 976 4248 non
1007 4195 1184 4248 solum
1213 4195 1264 4248 in
1297 4195 1470 4260 terris,
1513 4195 1610 4250 sed
1653 4196 1814 4250 etiam
1846 4197 1898 4250 in
1937 4199 2110 4252 caelis.
2137 4219 2186 4280 α
2216 4205 2372 4259 bebat
2404 4207 2562 4259 Pater
2590 4205 2874 4261 almiﬁcus,
2910 4205 3166 4277 Sequitur
3202 4225 3214 4260 ;

525 4284 630 4337 Ista
660 4297 766 4337 non
799 4283 852 4336 in
885 4283 1328 4353 philosophorum
1367 4283 1554 4338 schola
1587 4285 1922 4340 Scholastica
1953 4285 2111 4351 facta,

528 4371 624 4426 sed
656 4370 871 4437 Christi,
905 4371 1090 4425 mundi
1121 4371 1352 4425 ludibria
1383 4372 1452 4425 ab
1479 4371 1704 4427 infantia
1733 4373 1968 4446 fugiens,
2001 4390 2118 4430 cm-

525 4459 720 4514 lestem
761 4459 863 4513 sibi
913 4473 1174 4529 sponsum
1221 4459 1422 4529 aptavit
1455 4477 1466 4514 :
1501 4460 1601 4514 iste
1631 4477 1760 4516 vero
1808 4478 1836 4514 a
1879 4463 2121 4532 pueritiae

526 4563 637 4603 suae
665 4555 912 4617 tempore
954 4547 1178 4616 abrupta
1221 4548 1471 4602 vitiorum
1521 4557 1571 4603 et
1615 4549 1911 4605 litterarum
1957 4567 2119 4605 mun-

527 4635 787 4690 danarum
834 4635 1018 4690 Romae
1065 4635 1240 4689 studia
1288 4651 1538 4702 cernens,
1587 4638 1742 4691 senili
1782 4639 1946 4693 corde
1995 4655 2119 4694 eum

526 4741 688 4795 quem
717 4725 770 4778 in
803 4725 1055 4794 ingressu
1101 4723 1288 4777 mundi
1329 4733 1604 4794 posuerat,
1651 4727 1869 4780 retraxit
1902 4727 2116 4796 pedem.

526 4811 700 4880 Quam
729 4811 857 4866 felix
887 4811 1102 4865 Nursiae
1131 4811 1308 4879 tellus,
1341 4812 1476 4867 tales
1506 4831 1627 4884 quae
1645 4814 1804 4868 mittit
1832 4814 2079 4869 alumnos
2103 4815 2116 4870 l

531 4901 671 4956 Nam
715 4899 984 4970 Canopica
1039 4915 1204 4972 regna
1251 4915 1416 4954 aurea
1457 4901 1672 4956 mittunt
1717 4911 1976 4973 tyrannos
2011 4922 2024 4956 :
2065 4912 2121 4958 tu

531 4988 746 5043 Christo
777 4987 960 5058 proles
990 5003 1153 5057 super
1181 4989 1384 5043 aethera
1413 4989 1629 5061 dignos.
1675 4990 1720 5044 Ο
1758 4991 1932 5046 felicia
1961 4999 2121 5046 tantm

527 5076 740 5132 viscera
771 5076 977 5141 matris,
1013 5093 1132 5146 qute
1155 5076 1244 5130 tali
1275 5077 1522 5148 germine
1551 5078 1770 5133 soboles
1787 5080 1990 5134 mundo
2020 5081 2120 5134 de-

523 5164 676 5228 dere,
711 5165 766 5218 id
794 5173 875 5219 est
904 5164 1298 5220 benedictionis
1327 5174 1379 5218 et
1407 5166 1706 5236 sapientiae.
1737 5168 1875 5223 Vere
1909 5169 2010 5222 ista
2041 5177 2122 5223 est

522 5253 614 5308 illa
643 5251 836 5308 fertilis
865 5253 1048 5325 gleba,
1096 5269 1215 5324 quae
1245 5261 1457 5324 sumpto
1499 5255 1707 5310 semine
1756 5256 1900 5311 aliud
1931 5265 2119 5312 cente-

519 5341 736 5406 simum,
771 5341 916 5394 aliud
945 5343 1345 5412 sexagesimum
1373 5343 1606 5398 fructum
1635 5344 1906 5414 produxit.

601 5465 654 5517 ι.
681 5463 786 5518 Sed
811 5478 905 5520 cur
934 5465 1102 5520 semel
1130 5465 1184 5520 in
1215 5481 1358 5520 anno
1388 5475 1576 5522 sancta
1620 5483 1776 5522 soror
1820 5469 2074 5524 veniebas
2094 5471 2122 5523 ?

2289 4334 2339 4384 6.
2373 4328 2617 4398 Quadam
2649 4346 2774 4384 vero
2805 4330 2892 4385 die
2923 4331 3068 4385 venit
3096 4348 3162 4386 ex
3191 4347 3362 4397 more,
3405 4339 3568 4403 atque
3597 4331 3666 4386 ad
3693 4347 3824 4386 eam

2217 4434 2340 4472 cum
2372 4418 2650 4488 discipulis
2680 4419 3002 4473 venerabilis
3033 4419 3150 4488 ejus
3181 4419 3346 4474 frater
3395 4420 3698 4475 descendit.
3736 4421 3822 4474 Ex

2217 4522 2366 4560 more
2395 4507 2538 4560 enim
2571 4507 2734 4570 venit,
2769 4507 2896 4576 quia
2929 4523 2994 4562 ex
3025 4508 3167 4562 bona
3197 4509 3596 4563 consuetudine
3617 4508 3826 4562 mentis

2217 4595 2702 4666 appropinquabat,
2738 4603 2792 4649 et
2820 4593 2924 4650 fide
2955 4612 3062 4650 non
3095 4595 3232 4651 ficta.
3267 4595 3442 4665 Quam
3477 4605 3700 4652 sanctus
3731 4611 3830 4651 ac-

2219 4699 2424 4751 cessus,
2462 4699 2622 4753 quam
2651 4691 2871 4739 sanctus
2901 4685 3188 4751 adventus,
3227 4701 3389 4756 quam
3441 4686 3564 4755 pius
3597 4700 3826 4750 cursus,

2219 4771 2310 4842 qui
2337 4771 2513 4843 magis
2543 4786 2730 4826 amore
2761 4773 2958 4826 mentis
2977 4773 3308 4828 currebatad
3329 4773 3624 4840 Christum,
3659 4789 3828 4844 quam

2218 4859 2507 4914 devotione
2551 4861 2752 4930 pedum
2801 4861 2868 4914 ad
2915 4859 3160 4930 fratrem,
3193 4863 3300 4917 imo
3341 4869 3393 4916 et
3437 4861 3506 4915 ad
3546 4861 3830 4915 Christum

2219 4947 2438 5001 fratrem
2467 4947 2478 5002 ε
2503 4949 2644 5002 Nam
2673 4957 2726 5003 et
2757 4949 2872 5018 ipse
2905 4949 3066 5003 dicit:
3090 4951 3150 5004 Si
3170 4953 3291 5020 quis
3312 4950 3516 5020 fecerit
3549 4951 3830 5005 volunta-

2222 5039 2335 5089 tem
2351 5037 2540 5090 Patris
2559 5039 2692 5100 mei,
2712 5037 2806 5108 qui
2824 5039 2884 5090 in
2901 5037 3054 5091 caelis
3067 5041 3170 5104 est,
3191 5038 3308 5106 ipse
3325 5053 3484 5092 meus
3499 5039 3706 5106 frater,
3725 5055 3826 5094 so-

2219 5139 2313 5178 ror
2323 5127 2380 5178 et
2389 5129 2569 5180 mater
2581 5125 2695 5194 est(
2701 5126 2889 5180 Matth.
2905 5139 3005 5190 χιι,
3023 5125 3136 5194 50).
3159 5125 3266 5180 Sed
3283 5124 3424 5197 quali
3447 5125 3738 5180 devotione
3761 5126 3832 5179 is-

2219 5219 2268 5264 ta
2303 5219 2508 5278 currat,
2543 5213 2824 5266 Psalmista
2843 5213 2974 5268 dicit
3001 5229 3014 5268 :
3035 5213 3193 5269 Sicut
3213 5229 3410 5270 ceruus
3431 5213 3722 5269 desiderat
3753 5215 3832 5269 ad

2219 5302 2404 5370 fontes
2421 5317 2698 5372 aquarum
2715 5303 2798 5356 ita
2819 5301 3103 5357 desiderat
3121 5305 3318 5358 ani-ma
3340 5320 3468 5358 mea
3487 5302 3561 5357 ad
3583 5307 3656 5367 te,
3675 5303 3830 5359 Deus

2221 5389 2391 5455 (Psal.
2423 5404 2515 5453 ιιι,
2549 5389 2623 5460 2).
2645 5389 2752 5443 Sed
2766 5405 2930 5460 quare
2953 5390 3241 5445 Psalmista
3269 5390 3644 5462 metaphor-ica
3667 5389 3830 5446 cervi

2219 5477 2562 5546 proposuerit
2605 5477 2931 5532 mentionem
2957 5521 2969 5543 ,
3023 5485 3081 5532 ut
3132 5479 3208 5534 ita
3279 5486 3460 5536 currat
3515 5478 3696 5532 anima
3753 5479 3834 5533 ad

529 5551 756 5608 forsitan
785 5551 1120 5624 longitudine
1149 5555 1356 5610 itineris
1391 5570 1423 5610 a
1451 5565 1538 5612 tua
1577 5565 1763 5613 tenera
1787 5556 1972 5630 planta
2000 5557 2117 5616 for-
2139 5570 2190 5630 Ι)
2221 5563 2414 5630 Deum,
2447 5573 2504 5621 ul
2560 5579 2754 5622 cervus
2809 5566 2877 5620 ad
2925 5565 3150 5636 fontem,
3181 5583 3292 5624 non
3337 5583 3506 5624 vacua
3544 5567 3834 5640 mysteriis
