4112 6192
313 293 428 346 981

1332 289 1496 346 VITA
1553 287 1852 345 SANCTE-
1895 285 2387 349 SCHOLASTICE
2444 291 2633 349 VIRG.

3519 299 3624 357 982

243 409 252 419 ’
317 423 586 498 manent,
609 414 865 487 Nunquid
893 415 1045 472 solus
1069 430 1266 472 cervus
1293 421 1348 470 et
1376 430 1485 469 non
1517 413 1786 480 columba,
1819 423 1926 470 tur—
1954 417 2010 477 A
2029 431 2217 490 rogas,
2251 425 2307 472 ut
2331 416 2580 474 insolitus
2609 425 2758 474 extra
2783 417 2975 474 cellam
3005 433 3273 490 maneam,
3323 421 3471 493 quod
3515 422 3621 478 im-

318 510 422 558 tur
450 511 504 560 et
534 519 728 574 passer
757 501 960 559 fontem
991 503 1276 576 requirunt
1301 501 1330 556 ?
1359 502 1468 558 Sed
1509 503 1666 558 aliter
1707 518 1925 568 cervus,

320 592 492 648 aliter
535 593 806 658 columba,
865 592 933 647 ad
982 591 1144 646 fontis
1187 607 1400 646 amnem
1469 599 1776 646 recurrunt.
1821 593 1930 648 Iste

321 697 498 737 cursu
525 681 747 752 pedum,
778 679 883 735 ista
911 681 1062 735 aerio
1089 679 1272 735 volatu
1302 679 1563 735 descendi
1596 697 1608 733 :
1643 679 1744 736 iste
1785 680 1932 735 inse-

321 777 491 826 cutus
521 767 834 840 frequenter
863 777 976 824 arte
1003 776 1326 824 venatorum
1352 767 1718 823 lassabundus
1763 757 1933 824 currit

325 858 405 912 ad
431 873 650 930 aquam,
681 858 799 914 haec
827 872 958 912 vero
987 855 1266 927 infatigata
1283 855 1438 911 solita
1453 856 1681 912 accedit.
1703 853 1862 925 Quod
1885 856 1932 910 si

325 947 566 1018 mystice
595 961 823 1018 pensare
851 945 1120 1011 volumus,
1153 944 1439 1000 invisibilis
1477 945 1658 999 anima
1702 944 1932 1000 visibilis

309 1035 584 1090 'animalis
603 1035 767 1089 habet
781 1034 1033 1100 formam,
1049 1049 1158 1106 qua
1176 1049 1285 1088 uno
1301 1049 1464 1089 cursu
1479 1032 1830 1106 fatigationis,
1848 1033 1934 1088 hic

329 1125 519 1198 pergit
537 1123 603 1178 ad
625 1121 826 1178 fontem
845 1130 1137 1187 terrenum,
1161 1123 1276 1178 haec
1291 1123 1362 1176 ad
1382 1121 1589 1177 fontem
1610 1122 1890 1178 caelestem
1917 1139 1930 1176 :

328 1212 440 1267 iste
461 1211 716 1284 fatigatus
735 1210 964 1267 vocibus
982 1226 1199 1280 canum,
1225 1210 1323 1264 ista
1341 1217 1634 1266 consecuta
1655 1209 1934 1287 spiritibus

330 1299 614 1372 malignis,
644 1315 742 1370 pro
772 1315 880 1371 quo
908 1299 977 1354 ad
1002 1298 1208 1354 fontem
1256 1298 1407 1352 illum
1451 1298 1782 1355 currendum
1830 1305 1932 1366 est,

331 1387 430 1460 qui
460 1395 543 1444 est
573 1385 692 1442 fons
722 1388 895 1452 vivus,
929 1395 1126 1458 puteus
1141 1387 1336 1442 domus
1353 1387 1543 1456 Jacob,
1565 1403 1632 1442 ex
1649 1402 1757 1459 quo
1777 1401 1936 1458 aquas

330 1492 474 1533 vena
505 1475 750 1531 salientis
781 1475 968 1530 ebullit
998 1476 1052 1530 in
1083 1475 1246 1530 vitam
1273 1483 1556 1530 aeternam.
1589 1475 1744 1532 Certe
1787 1482 1938 1530 tanta

332 1581 500 1621 soror
525 1565 618 1620 tali
649 1563 755 1620 ﬁde
784 1564 933 1620 venit
959 1564 1027 1618 ad
1078 1563 1323 1620 fratrem.
1371 1564 1512 1618 Nam
1559 1563 1716 1619 aliter
1761 1579 1934 1636 aeger,

333 1655 494 1709 aliter
523 1669 714 1724 sospes
742 1653 810 1707 ad
840 1652 1108 1708 medicum
1138 1653 1285 1708 vadit
1316 1670 1328 1706 :
1363 1651 1465 1708 iste
1487 1660 1542 1707 ut
1559 1667 1727 1707 sanus
1747 1666 1938 1706 sanum

2027 503 2179 575 plere
2206 505 2430 561 minime
2459 521 2704 577 possum.
2738 505 2786 562 Ο
2831 506 3134 562 sanctitatis
3180 505 3410 575 amator,
3457 525 3620 582 quare

2029 608 2307 666 germane
2335 594 2578 666 denegas
2605 595 2752 667 quod
2809 594 2968 651 etiam
3024 596 3296 652 extraneis
3351 597 3568 668 prabes
3596 599 3625 653 τ

2030 681 2126 736 sed
2155 683 2260 736 hoc
2289 681 2484 755 religio
2514 681 2656 748 facit,
2689 697 2800 738 non
2825 697 2990 738 causa
3015 683 3242 738 doloris.
3267 683 3386 740 Scis
3405 683 3622 747 Domini

2029 777 2362 840 praeceptum
2385 789 2398 824 :
2430 771 2535 840 Qui
2554 771 2743 843 diligit
2757 775 2982 844 patrem
2997 775 3100 827 aut
3118 775 3364 828 matrem
3373 777 3478 830 aut
3494 775 3622 844 fra-

2034 861 2199 923 trem,
2224 861 2313 914 vel
2328 875 2571 916 sororem
2595 861 2726 932 plus
2747 877 2916 932 quam
2935 876 3044 926 me,
3065 877 3180 916 non
3197 865 3281 916 est
3298 877 3387 917 me
3421 861 3628 934 dignus

2031 945 2252 1015 (Matth.
2285 962 2345 1013 χ,
2379 947 2492 1016 37).
2527 947 2766 1019 Ideoque
2795 949 2864 1002 ad
2893 955 3172 1004 assuetum
3219 947 3462 1005 recurris
3503 963 3633 1004 ora-

2033 1033 2194 1088 tionis
2221 1034 2422 1099 locum,
2457 1035 2549 1090 ubi
2579 1035 2756 1108 magis
2787 1037 2902 1092 Deo
2933 1052 3095 1108 quam
3127 1035 3305 1092 sorori
3331 1037 3522 1092 solitus
3573 1052 3632 1093 es

2033 1122 2338 1178 adhaerere.
2373 1124 2483 1178 Sed
2511 1125 2858 1194 praesumenti
2889 1140 3023 1181 voce
3051 1125 3284 1180 dicimus
3315 1143 3328 1180 :
3373 1125 3633 1196 Nunquid

2033 1226 2144 1266 non
2173 1213 2322 1266 Deus
2351 1211 2439 1266 hic
2486 1219 2567 1266 est
2614 1212 2707 1266 ubi
2751 1213 2892 1267 bona
2939 1228 3103 1268 soror
3150 1221 3494 1269 sacramenta
3533 1213 3636 1270 Dei

2031 1299 2322 1371 perquirit,
2358 1316 2484 1356 cum
2514 1300 2632 1372 ipse
2675 1301 2819 1356 dicat
2851 1317 2863 1356 :
2903 1303 2997 1360 Ubi
3031 1302 3138 1358 duo
3159 1303 3242 1358 vel
3265 1305 3380 1360 tres
3403 1317 3628 1374 congre-

2032 1389 2153 1460 gati
2171 1389 2398 1459 fuerint
2413 1390 2477 1444 in
2519 1391 2751 1445 nomine
2769 1405 2910 1454 meo,
2939 1392 3002 1444 in
3035 1390 3214 1446 medio
3241 1405 3436 1447 eorum
3461 1407 3590 1446 sum
3605 1391 3634 1447 ?

2034 1475 2255 1543 (Matth.
2290 1491 2453 1544 xvm,
2483 1477 2600 1547 20.)
2633 1478 2776 1533 Ecce
2807 1493 2916 1532 non
2947 1485 3122 1549 rogat,
3153 1486 3211 1532 ut
3237 1478 3404 1550 longo
3434 1486 3488 1534 te
3509 1486 3640 1534 tem-

2035 1580 2169 1635 pore
2197 1572 2386 1620 cernat
2417 1581 2571 1621 more
2601 1573 2904 1636 parentum,
2937 1566 3036 1621 sed
3075 1565 3236 1620 unius
3285 1566 3460 1624 noctis
3505 1582 3639 1638 spa-

2037 1652 2170 1708 tium
2215 1653 2408 1724 poscit,
2461 1669 2568 1725 quo
2616 1653 2868 1724 praebeas
2915 1653 3184 1726 colloquia
3229 1669 3404 1710 sacra.
3465 1653 3636 1724 Quam

332 1741 536 1809 visitet,
569 1741 672 1795 iste
698 1749 756 1795 ut
784 1741 1133 1813 languentem
1150 1757 1314 1795 sanus
1334 1749 1608 1811 procuret.
1633 1741 1774 1796 Nam
1795 1747 1847 1796 et
1867 1739 1936 1795 ad
1965 1768 2019 1829 Β
2040 1741 2173 1796 dure
2205 1741 2459 1808 attendis,
2491 1749 2674 1796 sancte
2703 1740 2886 1807 frater,
2923 1757 3113 1812 preces
3141 1741 3365 1809 sororis,
3417 1743 3637 1800 obrtw

336 1829 545 1886 fontem
591 1829 750 1884 aliter
797 1829 985 1884 sitiens
1027 1827 1266 1893 festinat,
1327 1829 1485 1884 aliter
1533 1829 1846 1900 crapulatus
1899 1846 1938 1883 a

272 1986 280 1992 _
337 1919 489 1975 vino.
525 1919 632 1973 Iste
657 1926 715 1973 ut
743 1919 934 1971 hausto
959 1916 1223 1972 refocillet
1252 1925 1509 1984 mentem,
1545 1917 1638 1972 ille
1682 1925 1740 1972 ut
1785 1925 1939 1973 recto

341 2007 538 2062 itinere
566 2005 818 2060 insitiens
846 2013 1062 2077 pergat.
1095 2006 1262 2060 Soror
1288 2021 1422 2061 vero
1450 2007 1554 2060 ista
1583 2006 1636 2060 in
1665 2013 1810 2061 tanto
1825 2004 1940 2060 fra-

339 2104 424 2150 tre
451 2095 642 2149 amhas
673 2093 876 2165 gratias
905 2109 1156 2158 cernens,
1186 2093 1431 2164 sapiente
1473 2094 1612 2164 pede
1659 2093 1942 2166 infatigata

339 2182 490 2239 venit
522 2201 536 2237 :
569 2181 738 2253 prius,
771 2190 830 2236 ut
872 2197 1006 2236 sana
1052 2197 1240 2236 sanum
1281 2181 1498 2248 visitet;
1531 2189 1838 2254 sequenter,
1886 2189 1944 2237 ut

338 2287 549 2342 aegram
577 2287 690 2326 non
717 2285 970 2340 corpore,
1003 2269 1102 2326 sed
1129 2278 1310 2326 mente
1339 2279 1492 2326 curet
1511 2271 1836 2326 documento
1859 2286 1947 2325 sa-

342 2360 493 2426 lutis,
527 2359 655 2432 quia
683 2373 786 2414 nec
806 2358 928 2428 ipsa
955 2365 1103 2413 astra
1132 2359 1332 2413 munda
1379 2367 1504 2413 sunt
1549 2359 1606 2414 in
1650 2367 1945 2430 conspectu

342 2449 466 2514 Dei,
497 2456 552 2503 et
582 2447 881 2504 secundum
909 2447 1252 2518 Apostolum,
1284 2463 1388 2502 nec
1418 2445 1595 2502 infans
1626 2447 1785 2502 unius
1813 2447 1942 2502 diei.

349 2535 606 2608 Sequitur
637 2553 650 2590 :

405 2627 460 2680 7.
493 2623 600 2693 Qui
628 2631 796 2679 totum
823 2623 970 2680 diem
997 2623 1055 2678 in
1071 2623 1171 2679 Dei
1192 2608 1444 2679 laudibus
1459 2623 1740 2694 sacrisque
1775 2622 1949 2680 collo-

341 2712 504 2785 quiis,
537 2713 820 2777 ducentes,
843 2711 1284 2768 incumbentibus
1307 2712 1420 2780 jam
1465 2712 1638 2767 noctis
1681 2711 1943 2777 tenebris,

339 2801 503 2856 simul
531 2816 794 2872 accepere
824 2801 1028 2856 cibum.
1078 2801 1240 2856 Beata
1285 2799 1407 2855 talis
1455 2799 1594 2856 visio
1635 2807 1943 2871 parentum,

339 2905 459 2961 prae
486 2889 658 2946 oculis
695 2889 961 2944 habentes
999 2889 1216 2944 Domini
1259 2896 1596 2960 praeceptum
1628 2908 1646 2943 :
1689 2889 1948 2944 Primum

339 2979 578 3052 quaerite
601 2993 838 3050 regnum
854 2979 972 3043 Dei,
996 2981 1054 3032 et
1061 2971 1360 3048 justitiam
1377 2979 1516 3048 ejus,
1541 2981 1597 3032 et
1619 2976 1734 3032 haec
1756 2976 1949 3033 omnia

338 3051 1080 3138 adjicienturvobis(Matth.
1113 3081 1191 3132 vr,
1224 3066 1336 3134 33).
1367 3066 1526 3121 Beata
1551 3051 1685 3121 talia
1715 3063 1936 3130 fercula,

341 3154 438 3210 ubi
465 3153 618 3225 prius
647 3153 861 3224 ponitur
885 3153 1042 3223 panis
1068 3153 1391 3225 angelorum
1416 3169 1578 3225 quam
1608 3153 1887 3208 hominum
1923 3169 1936 3208 :

342 3251 400 3298 et
427 3243 518 3298 ubi
547 3243 702 3313 prius
730 3241 1064 3297 refocillatur
1105 3258 1263 3297 mens
1321 3258 1479 3314 quam
1536 3250 1742 3297 venter.
1798 3241 1937 3299 Nam

341 3331 433 3386 hic
461 3331 742 3402 reponitur
767 3330 941 3397 cibus,
973 3330 1067 3401 qui
1097 3331 1314 3402 placere
1344 3330 1514 3400 possit
1545 3345 1748 3385 mensae
1776 3329 1940 3384 coele-

341 3420 414 3474 sti
445 3437 460 3473 :
492 3417 568 3472 ibi
597 3433 727 3475 vero
755 3434 885 3474 esca
910 3425 1115 3484 manet,
1148 3434 1308 3490 quam
1351 3417 1652 3491 indigeries
1692 3417 1940 3488 corporis

339 3507 522 3562 mittit.
556 3507 624 3562 Et
655 3507 846 3562 beatus
875 3523 1058 3563 sermo
1087 3506 1179 3578 qui
1206 3514 1318 3560 toto
1351 3507 1457 3562 diei
1491 3507 1668 3577 spatio
1696 3505 1939 3577 protela-

336 3603 426 3651 tur
452 3594 614 3652 laude
644 3595 850 3660 divina,
884 3603 938 3651 et
969 3595 1061 3668 qui
1093 3610 1126 3650 a
1155 3595 1330 3665 primo
1355 3594 1494 3650 lucis
1523 3603 1646 3650 ortu
1673 3611 1844 3668 usque
1871 3595 1941 3649 ad

337 3699 618 3750 occasum,
671 3684 976 3740 alternatim
1005 3683 1412 3755 reciprocantur
1439 3683 1824 3755 praedicamina
1854 3699 1944 3738 sa-

341 3779 646 3828 crosancta.
680 3771 935 3843 Sequitur
968 3788 980 3828 :

413 3864 465 3916 8.
498 3860 740 3931 Cumque
771 3860 945 3916 adhuc
974 3860 1041 3914 ad
1073 3875 1317 3919 mensam
1346 3859 1691 3916 considerent
1721 3867 1773 3915 et
1800 3859 1944 3914 inter

335 3963 498 4004 sacra
527 3948 800 4028 colloquia
831 3948 1040 4004 tardior
1069 3964 1129 4003 se
1158 3949 1294 4003 hora
1332 3949 1691 4019 protraheret,
1745 3947 1941 4003 eadem

336 4037 771 4092 sanctimonialis
805 4035 1006 4092 femina
1035 4052 1195 4092 soror
1227 4036 1344 4105 ejus
1383 4052 1507 4091 eum
1553 4036 1798 4109 rogabat,
1851 4035 1942 4090 di-

339 4141 474 4182 cens
505 4143 520 4178 :
551 4124 750 4194 Quaeso
778 4133 830 4180 te
859 4141 926 4180 ne
957 4125 1059 4179 ista
1091 4132 1248 4180 nocte
1279 4141 1365 4178 me
1395 4125 1636 4188 deseras,
1669 4133 1722 4180 ut
1771 4141 1943 4196 usque

337 4227 504 4267 mane
531 4213 737 4286 aliquid
762 4213 830 4268 de
862 4213 1102 4268 ccelestis
1131 4213 1255 4268 vitae
1282 4212 1499 4284 gaudiis
1530 4212 1836 4283 lo1uamur.
1860 4213 1944 4268 Ad

337 4317 590 4357 mensam
619 4301 830 4368 sedent,
864 4301 1047 4356 cibum
1079 4309 1316 4366 sumunt,
1351 4317 1458 4356 uno
1485 4300 1646 4355 dente
1669 4300 1944 4356 charitatis

339 4389 611 4445 ruminant
640 4405 840 4461 panem
870 4398 923 4445 et
949 4389 1222 4460 colloquia
1266 4404 1443 4454 sacra,
1475 4397 1533 4442 ut
1583 4405 1750 4443 unum
1799 4395 1944 4443 esset

1970 3118 2019 3182 C

2041 1846 2260 1888 causam
2289 1845 2460 1885 sacrae
2490 1829 2791 1901 religionis.
2825 1829 2924 1883 Illa
2953 1829 3093 1884 bene
3141 1830 3352 1902 quaerit,
3403 1837 3460 1886 ut
3505 1847 3536 1885 a
3584 1838 3638 1889 te

2040 1919 2260 1983 habeat,
2295 1926 2349 1972 tu
2379 1917 2626 1972 similiter
2654 1925 2712 1972 ut
2743 1917 2940 1973 redeas
2971 1935 2984 1972 :
3017 1917 3110 1971 illa
3142 1915 3250 1972 fide
3281 1925 3337 1972 tu
3366 1916 3474 1974 fide
3507 1935 3521 1974 :
3547 1917 3642 1974 illa

2041 2023 2230 2062 amore
2262 2007 2378 2072 Dei,
2413 2015 2470 2060 tu
2499 2005 2700 2076 pariter
2728 2014 2785 2060 ut
2815 2005 2908 2060 illa
2941 2023 2954 2060 :
2988 2005 3077 2060 illa
3110 2016 3164 2060 ut
3194 2021 3316 2061 cum
3350 2023 3539 2062 sorore
3583 2007 3640 2064 in

2041 2095 2428 2168 praedicatione
2459 2102 2672 2165 tempus
2700 2093 2874 2150 noctis
2901 2093 3172 2159 exsolvas,
3206 2101 3262 2148 tu
3292 2103 3351 2149 ut
3379 2109 3502 2150 cum
3533 2093 3646 2150 fra-

2043 2184 2218 2239 tribus
2247 2183 2436 2238 solitas
2469 2183 2702 2238 Domino
2759 2181 2969 2238 referas
3022 2181 3234 2237 laudes.
3294 2182 3403 2238 Sed
3457 2183 3580 2254 quis
3609 2199 3640 2240 e

2043 2272 2258 2328 duobus
2286 2271 2498 2340 melius,
2534 2287 2768 2343 sequens
2813 2271 3080 2326 sententia
3129 2277 3419 2327 monstrat.
3470 2271 3642 2327 Tanta

2044 2376 2176 2417 vero
2205 2368 2321 2416 erat
2348 2360 2472 2416 caeli
2503 2359 2791 2422 serenitas,
2825 2366 2882 2414 ut
2910 2359 3055 2416 nulla
3084 2358 3138 2412 in
3167 2375 3293 2416 aere
3323 2359 3498 2415 nubes
3547 2375 3644 2432 ap-

2043 2457 2273 2520 pareret.
2309 2449 2450 2503 Vere
2479 2447 2628 2502 nulla
2656 2447 2831 2503 nubes
2861 2463 2984 2502 esse
3010 2447 3203 2518 potuit,
3235 2446 3328 2503 ubi
3388 2455 3508 2502 erat
3555 2447 3646 2503 lux

2045 2552 2178 2591 vera
2209 2553 2329 2608 quae
2357 2535 2623 2591 illuminat
2664 2551 2884 2590 omnem
2921 2535 3196 2598 hominem
3237 2535 3548 2594 venientem
3591 2536 3648 2592 in

2047 2625 2194 2680 hunc
2223 2625 2504 2680 mundum.
2538 2623 2797 2696 Sequitur
2827 2642 2841 2678 :

2121 2715 2208 2767 10.
2241 2713 2677 2769 Sanctimonialis
2707 2720 2889 2768 autem
2919 2711 3120 2767 femina
3149 2727 3274 2769 cum
3315 2712 3484 2769 verba
3532 2711 3650 2770 fra-

2045 2801 2146 2856 tris
2174 2801 2422 2874 negantis
2452 2801 2715 2866 audisset,
2751 2801 2986 2856 insertas
3015 2800 3198 2872 digitis
3247 2817 3440 2860 manus
3487 2817 3654 2872 super

2047 2905 2291 2945 mensam
2321 2889 2518 2960 posuit,
2552 2897 2606 2945 et
2637 2897 2796 2959 caput
2826 2889 2882 2944 in
2924 2889 3176 2945 manibus
3220 2889 3648 2960 omnipotentem

2050 2977 2343 3034 Dominum
2371 2985 2625 3049 rogatura
2644 2976 2952 3034 declinavit.
2993 2976 3112 3042 Dic,
3145 2976 3303 3048 virgo
3323 2977 3503 3043 beata,
3543 2993 3650 3034 cu-

2043 3067 2134 3136 jus
2163 3074 2214 3123 te
2239 3065 2428 3123 schola
2455 3065 2657 3135 docuit,
2691 3081 2813 3138 quae
2842 3072 3032 3122 contra
3059 3065 3378 3138 magistrum
3422 3073 3648 3122 senten-

2039 3155 2166 3210 tiam
2196 3155 2458 3225 proponis
2485 3154 2512 3208 Τ
2541 3155 2802 3226 Nunquid
2829 3169 2939 3209 non
2960 3153 3124 3208 dicit:
3144 3157 3436 3224 Perfectus
3453 3157 3641 3211 omnis

2037 3244 2349 3314 discipulus
2367 3245 2558 3308 erit,si
2575 3243 2652 3297 sit
2665 3243 2816 3298 sicut
2827 3243 3100 3312 magister
3119 3243 3241 3312 ejus
3249 3242 3638 3314 ?(Luc.vr,40.)

2036 3333 2103 3387 Et
2133 3333 2188 3386 in
2218 3331 2519 3404 Evangelio
2535 3330 2708 3402 inquit
2732 3348 2744 3384 :
2765 3331 2992 3387 Nesciat
3009 3330 3250 3386 sinistra
3271 3334 3372 3386 tua
3387 3330 3521 3403 quid
3535 3333 3628 3402 fa-

2038 3421 2156 3478 ciat
2171 3421 2408 3476 dextera
2431 3423 2530 3475 tua
2551 3418 2773 3491 (Matth.
2805 3433 2883 3484 vr,
2915 3418 2970 3488 3)
3005 3435 3018 3472 :
3051 3426 3104 3472 et
3129 3426 3182 3472 tu
3211 3418 3404 3474 ambas
3447 3434 3642 3475 manus

2039 3507 2269 3565 inuectis
2297 3508 2325 3562 εν
2346 3516 2398 3563 et
2426 3507 2556 3562 illud
2581 3524 2594 3560 :
2620 3507 2822 3562 Mittite
2848 3507 2910 3562 in
2940 3507 3238 3564 dexteram
3274 3507 3489 3578 navigii
3522 3511 3648 3564 rete

2043 3599 2226 3666 (Joan.
2246 3611 2366 3662 xxi,
2401 3597 2476 3666 6),
2505 3603 2556 3650 et
2589 3603 2643 3650 tu
2675 3602 2909 3666 utroque
2937 3595 3112 3650 latere
3143 3602 3290 3651 recte
3306 3593 3592 3666 immergis
3611 3595 3642 3651 ?

2041 3685 2132 3740 ille
2162 3701 2195 3740 a
2222 3684 2425 3740 dextris
2454 3699 2584 3739 oves
2613 3683 2864 3749 collocat,
2921 3691 2980 3738 tu
3035 3683 3196 3738 etiam
3253 3681 3308 3737 in
3365 3683 3586 3739 sinistra
3614 3681 3642 3738 τ

2040 3773 2328 3828 Psalmista
2356 3772 2482 3828 hinc
2511 3787 2540 3825 a
2571 3771 2777 3827 dextris
2805 3771 2957 3841 ponit
2987 3771 3175 3826 dicens
3208 3789 3222 3825 :
3255 3771 3418 3826 Dixit
3449 3771 3647 3828 Domi-

2041 3878 2150 3918 nus
2166 3862 2398 3918 Domino
2419 3876 2561 3926 meo,
2585 3861 2720 3922 Sede
2741 3877 2774 3914 a
2798 3859 3022 3915 dextris
3045 3861 3184 3915 meis
3205 3860 3383 3930 (Psal.
3407 3873 3519 3928 CIX,
3555 3859 3641 3931 1).:

2041 3966 2144 4006 nec
2172 3966 2280 4005 non
2310 3950 2548 4006 dextera
2565 3950 2790 4004 Domini
2809 3949 2947 4019 fecit
2971 3949 3260 4013 virtutem,
3281 3949 3523 4003 dextera
3536 3949 3645 4005 Do-

2041 4039 2189 4094 mini
2207 4034 2498 4094 exaltavit
2515 4053 2606 4092 me
2625 4037 2799 4108 (Psal.
2823 4051 2998 4101 cxvn,
3035 4038 3122 4106 l6)
3148 4055 3162 4102 ;
3201 4044 3254 4090 et
3282 4035 3337 4091 in
3370 4035 3595 4092 Cantico
3631 4053 3645 4091 :

2044 4129 2291 4184 Dextera
2341 4131 2458 4192 tua,
2504 4125 2757 4189 Domine,
2807 4125 3123 4197 gloriﬁcata
3169 4128 3256 4180 est
3298 4127 3361 4182 in
3431 4125 3644 4181 virtute

2043 4215 2241 4284 (Exod.
2263 4229 2358 4280 xv,
2385 4214 2460 4281 6),
2485 4221 2630 4278 etc.;
2671 4221 2723 4267 et
2740 4221 2795 4266 tu
2824 4213 2924 4266 ista
2967 4213 3263 4284 derogans,
3311 4229 3421 4268 non
3466 4213 3644 4268 solum

2041 4318 2236 4357 manus
2255 4301 2542 4371 implectis,
2579 4300 2678 4354 sed
2699 4300 2860 4354 etiam
2880 4299 3080 4370 digitos
3102 4300 3300 4356 inseris
3333 4300 3362 4355 ?
3382 4301 3646 4356 Dominus

2041 4390 2170 4447 dicit
2221 4389 2276 4442 in
2313 4387 2646 4460 Evangelio:
2692 4389 2769 4444 Tu
2797 4391 2989 4444 autem
3022 4405 3153 4444 cum
3187 4391 3451 4454 oraveris,
3487 4389 3646 4444 intra

337 4493 425 4544 os,
458 4493 565 4549 quo
596 4486 870 4534 terrenum
913 4493 1109 4548 panem
1159 4477 1488 4550 frangerent,
1540 4485 1592 4531 et
1639 4477 1940 4532 ccelestem.
1971 4472 2105 4534 Din
2123 4479 2446 4534 cubiculum
2485 4478 2949 4542 tuum,etclauso
2965 4479 3108 4532 ostio
3129 4493 3227 4533 ora
3246 4479 3475 4533 Patrem
3491 4481 3656 4533 tuum

335 4566 479 4622 Nam
541 4574 728 4621 venter
779 4567 973 4637 plenus
1029 4565 1176 4632 cibo,
1232 4582 1388 4622 mens
1417 4573 1528 4620 erat
1558 4565 1736 4620 adhuc
1761 4565 1943 4633 jejuna

338 4654 514 4708 verbo
546 4653 732 4708 salutis
766 4672 780 4709 :
813 4654 1016 4710 idcirco
1047 4655 1200 4726 quasi
1231 4653 1484 4710 famelica
1529 4661 1702 4726 rogat,
1757 4659 1815 4708 ut
1853 4652 1943 4708 di-

343 4742 487 4796 vinis
515 4742 734 4797 cibarii's
764 4751 1000 4800 mentem
1030 4743 1253 4798 satiaret
1294 4742 1662 4814 perjucundus
1704 4741 1944 4798 caelestis

340 4847 521 4902 usque
551 4831 605 4884 in
632 4830 832 4899 lucem,
863 4839 920 4885 ut
951 4831 1042 4903 qui
1074 4830 1249 4886 fuerat
1273 4831 1393 4887 luce
1423 4831 1528 4886 diei
1546 4831 1824 4902 magister,
1850 4827 1945 4884 fie-

343 4925 426 4973 ret
455 4919 620 4973 etiam
650 4917 790 4974 inter
816 4919 1072 4976 tenebras
1101 4919 1292 4974 doctor
1323 4919 1528 4974 herilis.
1563 4918 1819 4990 Sequitur
1857 4935 1872 4972 :

417 5018 470 5069 9.
485 5013 584 5070 Cui
603 5013 693 5070 ille
705 5015 1014 5086 respondit:
1035 5015 1178 5084 Quid
1198 5015 1436 5087 estquod
1451 5015 1714 5086 loqueris,
1760 5013 1956 5070 soror?

342 5117 568 5158 manere
601 5111 755 5158 extra
783 5103 981 5159 cellam
1012 5103 1319 5159 nullatenus
1355 5118 1598 5174 possum.
1640 5102 1786 5158 Ecce
1813 5119 1947 5174 per-

347 5197 608 5246 cantatur
633 5190 800 5246 frater
829 5207 1096 5258 sororem,
1129 5191 1394 5264 magister
1425 5189 1766 5261 discipulam,
1815 5207 1948 5246 san-

348 5286 470 5334 ctus
506 5286 768 5347 sanctam,
800 5279 954 5351 quasi
983 5295 1092 5334 non
1133 5279 1313 5336 sciens
1354 5279 1484 5350 quid
1529 5278 1725 5332 dixerit
1771 5294 1946 5334 soror.

352 5366 463 5422 Sed
493 5366 596 5420 ista
625 5367 902 5440 inquisitio
930 5367 1111 5441 magis
1139 5366 1423 5424 irascentis
1452 5373 1554 5431 est,
1600 5381 1762 5437 quam
1810 5365 1952 5422 inter

362 5454 634 5526 rogantis,
667 5455 796 5510 dum
826 5457 966 5512 bene
992 5457 1153 5512 Pater
1181 5455 1423 5511 audisset
1468 5453 1614 5526 quod
1662 5469 1819 5509 soror
1861 5469 1953 5512 r0-

359 5543 594 5623 gaverit.
621 5543 903 5620 Tanquam
933 5545 980 5600 si
1001 5545 1209 5602 diceret
1243 5563 1256 5599 :
1278 5545 1400 5600 Non
1419 5544 1558 5600 bene
1580 5549 1662 5598 est
1681 5543 1786 5602 hoc
1805 5543 1952 5622 quod

2043 4567 2264 4639 (Matth.
2289 4581 2365 4633 v1,
2391 4565 2445 4635 6)
2475 4583 2488 4619 :
2509 4573 2562 4620 et
2577 4573 2632 4619 tu
2654 4565 2724 4619 ad
2743 4579 2957 4620 cmnam
2978 4565 3196 4630 sedens,
3219 4573 3345 4620 ante
3379 4566 3646 4621 humanos

2044 4655 2232 4712 oculos
2250 4670 2447 4725 preces
2485 4654 2866 4726 lacrymasque
2903 4651 3133 4708 fundis?
3169 4653 3279 4708 Sed
3319 4669 3480 4726 quam
3515 4654 3641 4710 lau-

2045 4743 2221 4800 danda
2237 4750 2361 4798 sunt
2376 4750 2466 4797 tua
2484 4741 2642 4807 facta,
2667 4757 2700 4796 o
2717 4741 3059 4796 sanctissima
3092 4739 3418 4796 feminarum
3444 4739 3455 4796 l
3496 4741 3640 4812 Quid

2045 4841 2103 4888 tu
2120 4833 2175 4886 in
2195 4831 2440 4888 conclavi
2463 4831 2615 4898 facis,
2639 4829 2855 4902 quando
2872 4829 3002 4884 talia
3019 4829 3226 4900 patenti
3238 4829 3380 4887 caelo
3395 4829 3654 4904 peragis?

2045 4921 2186 4976 Nam
2206 4919 2332 4974 ideo
2351 4917 2448 4974 tibi
2463 4934 2572 4974 una
2587 4926 2672 4974 est
2691 4917 2880 4973 dextra
2895 4917 3137 4988 laevaque
3157 4933 3301 4987 pars,
3322 4917 3449 4989 quia
3481 4917 3647 4974 fabri-

2048 5024 2166 5065 cam
2187 5007 2422 5063 attendis
2443 5006 2607 5075 illius,
2631 5004 2943 5078 qui-nullam
2960 5003 3122 5060 habet
3144 5005 3439 5072 sinistram,
3473 5015 3530 5060 ut
3563 5006 3646 5061 di-

2047 5095 2120 5152 cit
2153 5112 2165 5150 :
2210 5095 2356 5151 Vidit
2377 5096 2516 5151 Deus
2531 5097 2740 5150 cuncta
2773 5109 2895 5165 qua:
2918 5094 3155 5164 fecerat,
3189 5095 3248 5148 et
3279 5097 3447 5148 erant
3483 5095 3644 5150 valde

2049 5183 2430 5256 bona(Gen.t)
2457 5199 2471 5237 :
2495 5183 2562 5238 Et
2589 5181 2644 5236 in
2685 5180 2907 5238 Cantica
2947 5181 3285 5237 canticorum
3319 5182 3480 5237 Lceva
3518 5183 3640 5253 ejus

2049 5273 2150 5330 sub
2189 5275 2372 5346 capite
2401 5287 2522 5329 meo
2557 5275 2613 5328 et
2645 5271 2884 5326 dextera
2914 5270 3076 5326 illius
3109 5271 3536 5342 amplexabitur
3549 5287 3640 5327 me

2051 5363 2240 5434 (Cant.
2269 5363 2330 5431 ι).
2351 5361 2422 5416 Et
2441 5361 2497 5416 in
2515 5359 2769 5416 Psalmo:
2803 5358 2997 5416 Manus
3028 5361 3160 5426 tute,
3195 5359 3448 5425 Domine,
3485 5360 3640 5430 fece-

2053 5454 2194 5507 runt
2211 5466 2314 5520 me,
2335 5450 2686 5523 plasmavere
2701 5465 2790 5505 me
2805 5446 2982 5520 (Psal.
3007 5445 3181 5518 cvm).
3204 5447 3272 5501 Et
3286 5445 3420 5502 illud
3437 5447 3490 5502 in
3512 5447 3649 5504 Can-

2053 5540 2092 5596 ti
2107 5555 2174 5596 co
2200 5557 2214 5594 :
2242 5539 2435 5598 Manus
2450 5555 2587 5594 mea:
2605 5539 2894 5594 stillavere
2931 5537 3226 5610 myrrham
3251 5537 3442 5608 (Cant.
3481 5551 3537 5610 v,
3566 5537 3642 5613 5),
