4112 6192
477 279 579 332 983

473 488 646 560 plexze
667 487 984 554 consistunt,
1007 503 1172 557 super
1193 500 1330 556 quas
1351 493 1512 555 caput
1529 483 1816 549 reClinans,
1837 481 2068 536 imbrem

475 575 1016 646 coelituslacrymans
1032 573 1289 630 etfudisti.
1337 573 1442 628 Sed
1481 573 1626 643 quod
1669 579 1849 641 caput,
1891 573 2071 640 Apos-

477 664 622 720 tolus
671 663 846 718 dicat:
893 664 1072 734 Caput
1105 662 1365 716 mulieris
1399 662 1505 726 vir,
1549 664 1720 732 caput
1767 660 1877 714 viri
1929 660 2072 714 Deus

472 751 667 821 (Zach.
691 767 766 819 v1,
795 751 903 821 12).
929 751 1067 804 Nam
1089 750 1240 818 cujus
1267 749 1364 803 viri
1397 749 1502 803 nisi
1541 748 1705 814 illius,
1749 747 1892 801 unde
1933 747 2072 800 Pro-

474 841 638 910 phete
660 837 789 894 dicit
817 857 830 893 :
864 841 950 894 Vir
987 839 1187 893 Oriens
1221 854 1426 894 nomen
1465 837 1700 909 ejus?(l
1717 837 1837 892 Cor.
1875 850 1956 900 x1,
1994 833 2074 904 3.)

475 929 618 984 Ecce
653 927 741 982 ille
782 928 873 999 qui
911 943 1012 998 pro
1050 927 1220 981 salute
1254 926 1493 980 omnium
1525 925 1580 978 in
1619 940 1782 980 cruce
1816 923 2073 977 inclinato

477 1017 652 1087 capite
683 1015 903 1070 tradidit
925 1015 1190 1086 spiritum,
1216 1031 1314 1068 suo
1349 1014 1521 1084 capite
1543 1029 1686 1068 nunc
1707 1020 1824 1066 tuas
1844 1011 2079 1066 declina-

479 1103 552 1160 vit
573 1105 626 1159 in
645 1103 873 1175 palmas,
893 1112 949 1158 ut
990 1104 1074 1158 sui
1109 1103 1354 1174 mysterii
1387 1102 1532 1173 quod
1569 1108 1750 1156 mente
1793 1099 2075 1170 quaerebas

475 1207 756 1260 arcanum,
781 1192 877 1246 tibi
899 1199 1144 1246 manaret
1165 1191 1230 1245 ab
1249 1191 1430 1245 astris.
1457 1189 1590 1259 Quas
1611 1197 1820 1244 tantum
1852 1188 2074 1242 insertis

477 1280 663 1352 digitis
681 1280 842 1353 egisti
863 1279 1202 1347 miraculum,
1247 1277 1376 1349 quid
1411 1277 1622 1332 faceres
1662 1277 1708 1330 si
1735 1276 1947 1347 palmas
1975 1291 2074 1329 ex-

477 1367 750 1423 tendisses
769 1369 836 1421 ad
857 1369 1087 1438 preces?
1109 1367 1350 1438 Cumque
1372 1366 1572 1420 levaret
1591 1365 1661 1419 de
1681 1380 1870 1419 mensa
1890 1371 2072 1434 caput,

481 1463 642 1511 tantae
660 1455 1054 1511 coruscationis
1075 1463 1126 1508 et
1147 1454 1368 1508 tonitrui
1399 1453 1588 1518 virtus,
1627 1460 1881 1523 tantaque
1911 1451 2074 1505 inun-

480 1544 628 1598 datio
655 1543 853 1614 pluviae
879 1543 1076 1613 erupit,
1097 1549 1153 1596 ut
1173 1558 1350 1614 neque
1369 1541 1698 1596 venerabilis
1729 1540 2074 1602 Benedictus,

477 1647 657 1702 neque
679 1630 872 1685 fratres
893 1629 984 1702 qui
1004 1647 1126 1686 cum
1149 1645 1212 1685 eo
1239 1631 1485 1695 aderant,
1502 1637 1650 1684 extra
1667 1629 1949 1684 locilimen
1967 1645 2075 1699 quo

482 1720 866 1784 consederent,
897 1719 1091 1789 pedem
1117 1735 1337 1774 movere
1375 1719 1696 1789 potuissent.
1731 1718 1905 1786 Quam
1936 1732 2078 1772 nova
2105 1747 2153 1808 B

479 1806 738 1861 miracula
773 1807 996 1872 mundo,
1031 1823 1195 1878 quam
1245 1807 1452 1862 cunctis
1496 1807 1768 1861 laudanda
1801 1805 2074 1876 praeconia

478 1895 654 1951 saeclis
679 1894 690 1948 l
725 1895 818 1951 ubi
847 1895 989 1950 nulla
1006 1905 1119 1950 erat
1147 1896 1342 1950 umbra
1361 1887 1548 1960 nubis,
1593 1911 1690 1950 aer
1719 1895 1927 1948 intonat
1956 1893 2074 1948 cla-

475 1983 715 2038 moribus
735 1999 926 2039 omnes
959 2000 970 2038 :
1006 1993 1058 2039 et
1088 1985 1256 2040 densa
1297 1985 1532 2038 tonitrua
1563 1992 1778 2048 sonant,
1817 1983 1910 2037 ubi
1951 1983 2076 2036 nul-

475 2072 578 2127 lius
609 2081 728 2127 erat
757 2072 1045 2129 concussio
1075 2072 1241 2128 venti.
1275 2073 1410 2127 Nam
1441 2089 1581 2126 unus
1609 2073 1730 2126 fons
1773 2073 2074 2138 oculorum,

480 2169 533 2216 et
561 2177 809 2216 mensam
839 2161 1050 2234 rigabat
1079 2161 1352 2232 lacrymis,
1387 2169 1438 2215 et
1453 2161 1904 2216 astherimbribus
1925 2177 2076 2216 arva.

483 2249 599 2304 Stet
627 2265 772 2306 nunc
802 2257 988 2305 sancta
1018 2250 1251 2305 charitas
1281 2248 1407 2314 ﬁxa,
1441 2257 1583 2303 stent
1625 2249 1933 2304 immobiles
1983 2263 2078 2319 pe-

481 2337 580 2392 des
609 2337 836 2392 fraterni
871 2356 882 2392 :
917 2339 1064 2409 quod
1094 2353 1250 2393 soror
1279 2339 1472 2408 poscit,
1507 2353 1616 2393 non
1657 2339 1892 2410 deneget
1940 2338 2080 2392 dile-

479 2425 587 2481 ctio
615 2424 800 2480 fratris
834 2443 846 2479 :
881 2427 966 2493 da,
1002 2426 1189 2482 volens
1219 2427 1432 2492 nolens,
1465 2441 1670 2497 pernox
1703 2441 1860 2482 sacra
1905 2427 2079 2481 collo-

481 2513 628 2585 quia,
663 2514 843 2569 Pater.
877 2515 1021 2569 Ecce
1051 2514 1150 2568 ista
1179 2523 1510 2585 praeceptum
1563 2515 1778 2570 Domini
1823 2515 2075 2586 complet,

481 2601 617 2672 petit
644 2609 702 2656 ut
731 2602 978 2673 accipiat,
1013 2603 1202 2673 quaerit
1231 2611 1288 2656 ut
1317 2603 1573 2673 inveniat,
1620 2604 1802 2674 pulsat
1847 2611 1902 2657 ut
1951 2619 2081 2674 ape-

485 2690 658 2745 riatur
683 2690 753 2745 ei.
789 2689 930 2758 Quid
958 2691 1112 2762 petit,
1149 2691 1266 2762 ipsa
1296 2692 1460 2747 dicat.
1493 2692 1558 2748 Ut
1591 2709 1763 2763 usque
1795 2709 1954 2746 mane
1986 2691 2082 2745 ali-

484 2779 614 2849 quid
635 2778 703 2832 de
723 2779 962 2834 caelestis
983 2779 1106 2836 vitm
1121 2780 1338 2852 gaudiis
1361 2780 1668 2851 loquamur.
1685 2782 1825 2835 Nam
1849 2782 1970 2835 ideo
1987 2781 2083 2836 de—

484 2866 745 2921 scendisti
774 2867 983 2932 obvius,
1033 2875 1089 2921 ut
1143 2867 1248 2922 ista
1305 2869 1450 2923 dona
1501 2869 1824 2939 proferres:
1881 2868 2085 2939 perﬁce

483 2954 628 3024 quod
656 2954 887 3024 coepisti.
921 2956 1058 3008 Nam
1089 2971 1196 3010 non
1225 2956 1376 3011 initio
1405 2957 1690 3027 praemium
1739 2965 1933 3018 exstat,
1987 2958 2086 3012 sed

483 3041 539 3095 in
567 3040 673 3097 fine
704 3059 930 3114 operum
961 3044 1248 3099 bonorum.
1283 3045 1496 3100 Idcirco
1521 3061 1551 3100 e
1577 3045 1790 3116 superis
1821 3045 1957 3099 fudit
1981 3047 2088 3100 Βο-

477 3130 658 3184 minus
689 3131 940 3198 imbrem,
991 3141 1049 3187 ut
1095 3141 1150 3188 tu
1199 3149 1306 3188 non
1349 3135 1590 3204 deneges
1633 3133 2078 3204 praedicaminum

478 3232 716 3274 amnem.
753 3221 890 3276 Vere
919 3237 1026 3276 non
1059 3223 1236 3293 poscit
1263 3239 1461 3276 munus
1483 3223 1765 3290 caducum,
1789 3224 1886 3278 sed
1917 3223 2075 3295 regni

479 3307 718 3363 caelestis
749 3309 948 3380 expetit
977 3310 1207 3365 lucrum.
1245 3311 1498 3382 Sequitur
1529 3330 1542 3365 :

549 3417 635 3469 Η.
672 3415 1112 3471 Sanctimonialis
1144 3425 1321 3471 autem
1347 3416 1566 3483 femina,
1599 3426 1762 3488 caput
1793 3417 1848 3472 in
1897 3417 2080 3472 mani-

479 3501 582 3556 bus
611 3504 912 3570 declinans,
943 3505 1302 3575 lacrymarum
1333 3505 1524 3559 fluvios
1555 3505 1610 3558 in
1640 3521 1824 3560 mensa
1851 3505 2078 3564 fuderat:

477 3606 579 3661 per
608 3608 744 3662 quos
775 3593 1122 3648 serenitatem
1154 3593 1296 3648 aeris
1345 3601 1396 3647 et
1442 3593 1684 3663 pluviam
1731 3595 1888 3648 traxit
1921 3611 1934 3648 :
1980 3611 2083 3649 nec

479 3679 643 3749 paulo
669 3681 872 3735 tardius
911 3689 1033 3752 post
1080 3682 1382 3736 orationem
1429 3681 1705 3736 inundatio
1753 3681 1844 3736 illa
1897 3691 2084 3738 secuta

479 3775 562 3822 est
595 3785 607 3821 :
642 3769 738 3824 sed
771 3777 920 3824 tanta
949 3769 1046 3823 fuit
1075 3770 1454 3826 convenientia
1483 3769 1744 3824 orationis
1775 3779 1828 3825 ct
1857 3771 2087 3828 inunda-

479 3855 661 3922 tionis,
697 3865 752 3910 ut
780 3857 848 3912 de
879 3873 1068 3912 mensa
1099 3866 1258 3928 caput
1284 3859 1394 3926 jam
1438 3875 1560 3913 cum
1605 3857 1805 3913 tonitru
1853 3859 2082 3924 levaret,

483 3953 752 4014 quatenus
783 3962 948 3998 unum
982 3945 1235 4016 idemque
1265 3955 1409 4000 esset
1441 3955 1798 4012 momentum,
1834 3955 1882 4001 et
1907 3947 2090 4002 levare

483 4039 642 4101 caput
673 4041 724 4085 et
754 4033 994 4102 pluviam
1011 4033 1303 4103 deponere.
1331 4033 1504 4101 Quam
1536 4035 1712 4088 bonus
1738 4037 1883 4089 Deus
1915 4037 2085 4092 Israel

483 4119 646 4173 rectis
677 4121 863 4184 corde,
924 4137 1082 4192 quam
1138 4121 1241 4192 piae
1297 4122 1492 4177 animae
1551 4124 1810 4193 quaerenti
1864 4123 2014 4177 illum
2058 4127 2084 4179 ?

483 4207 625 4263 Ecce
657 4209 745 4280 qui
791 4217 1062 4264 scrutator
1109 4218 1190 4265 est
1239 4211 1496 4266 mentium
1551 4219 1602 4265 et
1648 4213 1812 4266 corda
1845 4213 2085 4266 omnium

485 4297 676 4364 cernit,
711 4297 800 4368 qui
833 4315 932 4367 per
961 4299 1300 4353 Psalmistam
1323 4299 1451 4354 dicit
1477 4317 1488 4352 :
1515 4301 1796 4356 l-nvocabit
1816 4318 1904 4356 me
1921 4305 1977 4356 ct
1993 4317 2084 4373 ego

483 4386 791 4446 exaudiam
814 4403 959 4452 eum,
985 4404 1116 4442 cum
1139 4390 1255 4457 ipso
1275 4405 1402 4444 sum
1433 4391 1494 4443 in
1517 4391 1882 4446 tribulatione
1904 4392 2080 4456 (Psal.

1621 271 1918 328 APPEND.
1980 271 2074 325 AD
2132 269 2189 324 S.
2237 267 2660 325 BERTARIUM.

473 399 588 455 Hac
609 399 809 471 quippe
829 397 1145 454 auctoritate
1165 411 1326 469 quam
1345 396 1582 467 pulchras
1595 403 1699 450 tua:
1719 410 1912 448 manus
1929 409 2077 449 com-
2105 393 2162 453 A
2183 391 2342 448 lectio
2373 407 2531 447 sacra
2559 398 2736 446 sonat.
2769 391 2914 447 Ecce
2929 391 3044 460 jam
3059 387 3408 446 Scholasticze
3427 402 3629 444 nomen
3655 389 3775 442 vir—
3851 393 3854 396 '

2105 3097 2153 3158 C

3669 269 3778 322 984

2173 489 2342 535 tutum
2390 481 2552 536 laude
2601 487 2856 536 coruscat
2896 495 2909 534 :
2953 494 3084 534 ecce
3131 478 3274 532 illius
3321 476 3588 532 miraculo
3615 476 3772 547 plebs

2173 578 2358 634 sancta
2389 569 2696 641 congaudet
2731 585 2744 623 :
2779 584 2905 623 ecce
2935 583 3096 638 quam
3139 566 3356 621 cultasti
3397 565 3616 620 sarculo
3652 579 3772 620 cte-

2172 658 2316 726 lesti,
2349 657 2552 714 fructus
2583 657 2688 712 fert
2719 657 3020 728 signorum.
3053 655 3304 726 Sequitur
3335 672 3348 708 :

2161 787 2164 790 .
2199 811 2204 814 _
2246 750 2330 802 12.
2365 747 2515 801 Tunc
2547 746 2626 800 vir
2657 744 2754 800 Dei
2785 745 2926 800 inter
2956 759 3217 800 coruscos
3249 742 3483 798 tonitrus
3505 742 3772 815 atquein-

2173 835 2352 908 gentis
2377 833 2574 905 pluviae
2604 833 3030 898 inundationem,
3061 832 3254 887 videns
3284 848 3342 886 se
3371 832 3440 886 ad
3487 839 3772 886 monaste-

2173 923 2315 978 rium
2345 939 2452 977 non
2482 938 2644 993 posse
2673 937 2934 986 remeare,
2969 921 3132 991 coepit
3161 921 3422 992 conqueri
3475 919 3774 975 contrista-

2173 1019 2278 1078 tus,
2323 1011 2556 1067 dicens:
2609 1011 2798 1065 Pareat
2843 1009 2940 1063 tibi
2987 1009 3328 1079 omnipotens
3373 1010 3540 1076 Deus,
3591 1023 3772 1072 soror,

2175 1100 2302 1171 quid
2332 1107 2414 1154 est
2443 1099 2588 1171 quod
2619 1098 2793 1155 fecisti
2823 1100 2850 1152 ?
2879 1098 3060 1166 Quare
3090 1097 3309 1169 quaeris,
3341 1097 3426 1152 vir
3469 1095 3590 1162 Dei,
3643 1096 3770 1168 quid

2173 1204 2332 1244 soror
2360 1187 2548 1243 fecerit
2571 1187 2597 1241 ‘P
2625 1186 2882 1258 Nunquid
2907 1202 3016 1241 non
3045 1185 3223 1242 cernis
3267 1185 3396 1256 quid
3443 1185 3564 1256 ipsa
3621 1183 3772 1240 fece-

2173 1277 2296 1331 rit?
2333 1275 2593 1346 Nunquid
2633 1291 2744 1330 non
2787 1274 2939 1330 vides
2974 1273 3170 1344 pluviae
3225 1273 3450 1344 guttas?
3513 1272 3776 1343 Nunquid

2173 1381 2282 1420 non
2313 1365 2469 1420 audis
2499 1369 2896 1434 concrepantes
2925 1362 3166 1434 mugitus
3195 1361 3409 1417 aetheris
3443 1365 3465 1416 ἵ
3505 1357 3770 1432 Nunquid

2173 1469 2282 1508 non
2312 1453 2481 1508 sentis
2509 1451 2772 1507 miracula
2799 1467 3106 1516 coruscare,
3139 1449 3294 1521 signa
3323 1449 3513 1518 fluere,
3571 1448 3776 1502 funda—

2174 1542 2319 1595 mina
2367 1542 2559 1596 domus
2605 1539 3046 1604 contremiscere,
3094 1547 3148 1592 et
3192 1538 3328 1594 dicis
3367 1537 3494 1608 quid
3543 1536 3775 1592 fecisti?

2175 1629 2429 1700 Nunquid
2461 1629 2578 1700 ipsa
2609 1630 2712 1684 hoc
2740 1628 2888 1694 fecit,
2923 1628 3067 1699 quod
3083 1627 3256 1698 magis
3280 1634 3366 1680 tua
3389 1635 3572 1681 sancta
3603 1639 3776 1698 nega-

2174 1719 2246 1773 tio
2277 1718 2402 1773 fecit
2429 1735 2440 1773 :
2476 1717 2601 1789 quia
2631 1717 2676 1771 si
2707 1732 2816 1772 non
2845 1733 3128 1789 negasses,
3163 1715 3480 1770 miraculum
3503 1730 3620 1768 non
3641 1729 3776 1768 eve-

2175 1807 2332 1862 niret.
2365 1807 2480 1862 Hoc
2511 1806 2754 1860 Christus
2783 1805 2956 1878 gessit
2983 1805 3196 1876 pietatis
3229 1811 3457 1858 amator.
3499 1805 3644 1858 Nam
3669 1819 3774 1873 pe-

2177 1896 2306 1950 tenti
2337 1896 2646 1950 Chananeae
2688 1894 2904 1948 mulieri
2946 1910 3137 1964 preces
3187 1893 3376 1947 audire
3419 1891 3649 1956 distulit,
3713 1899 3774 1944 ut

2177 1984 2291 2052 ejus
2328 1983 2490 2038 ﬁdem
2541 1982 2743 2038 faceret
2790 1981 3109 2048 acutiorem,
3157 1989 3214 2036 ut
3260 1981 3524 2052 quaerenti
3577 1979 3774 2034 catello

2176 2074 2364 2140 micas,
2399 2071 2490 2125 filii
2521 2072 2744 2126 daretur
2773 2071 2947 2142 panis.
2985 2071 3094 2126 Sed
3117 2069 3210 2124 illa
3237 2077 3296 2123 ut
3318 2077 3578 2124 extranea
3598 2085 3630 2122 a
3653 2067 3772 2122 tini-

2179 2161 2280 2215 bus
2311 2169 2437 2215 tunc
2465 2160 2630 2226 venit,
2650 2161 2762 2228 jam
2783 2175 2892 2214 non
2911 2167 3168 2214 extranea
3187 2173 3220 2212 a
3242 2157 3516 2214 consortio
3533 2157 3728 2212 Christi
3753 2174 3768 2210 :

2178 2250 2280 2304 ista
2309 2265 2441 2304 vero
2469 2266 2500 2302 a
2531 2248 2810 2304 cunabulis
2841 2247 3055 2302 Christo
3083 2247 3280 2312 dicata,
3311 2263 3433 2301 cum
3469 2245 3634 2299 Maria
3657 2245 3776 2316 glo—

2179 2338 2326 2393 riosa
2358 2338 2580 2410 Virgine
2609 2337 2794 2392 audire
2824 2335 3018 2392 meruit
3051 2352 3063 2390 :
3099 2337 3381 2408 Optimam
3413 2339 3636 2405 partem
3665 2334 3776 2388 ele-

2179 2428 2266 2500 git
2284 2429 2437 2496 (Luc.
2457 2444 2509 2493 x,
2545 2428 2652 2496 42).
2685 2427 2754 2480 Et
2783 2441 2952 2497 quare
2981 2427 3140 2480 Pater
3185 2423 3538 2479 contristatus
3585 2422 3720 2477 dicis
3749 2441 3766 2476 ε

2183 2517 2372 2570 Parcat
2401 2515 2496 2568 tibi
2518 2515 2859 2585 omnipotens
2892 2516 3058 2578 Deus,
3093 2527 3266 2574 soror,
3287 2512 3417 2582 quid
3434 2518 3516 2565 est
3536 2511 3684 2582 quod
3704 2509 3778 2565 fe-

2183 2604 2304 2659 cisti
2330 2604 2357 2657 ἱ)
2385 2602 2430 2658 Ο
2461 2603 2546 2658 vir
2575 2604 2694 2667 Dei,
2731 2603 2827 2657 tibi
2876 2602 3159 2656 hominum
3205 2609 3416 2654 mentes
3459 2607 3766 2669 patescunt,

2183 2693 2278 2746 tibi
2307 2707 2403 2746 aer
2430 2692 2758 2746 nomismata
2807 2691 2998 2754 fundit,
3031 2689 3128 2743 tibi
3188 2689 3344 2743 arida
3395 2687 3536 2741 dolia
3599 2688 3772 2742 oleum

2183 2789 2426 2838 manant.
2459 2781 2554 2834 tibi
2585 2781 2694 2834 alta
2717 2779 2970 2850 profundi
2998 2779 3100 2832 laci
3145 2777 3350 2832 ferrum
3397 2776 3670 2830 reducunt
3707 2775 3774 2828 ab

2184 2869 2313 2935 imo,
2349 2869 2451 2939 ipsi
2481 2868 2639 2924 inferi
2669 2867 2901 2923 animam
2932 2867 3184 2931 reddunt,
3217 2873 3270 2920 et
3299 2881 3440 2919 nunc
3469 2865 3628 2934 quasi
3648 2880 3776 2920 con-

2187 2957 2426 3010 tristatus
2455 2957 2706 3012 nesciens
2735 2956 2890 3022 dicis,
2923 2956 3052 3026 quid
3082 2954 3302 3008 fecisti?
3331 2953 3378 3008 0
3409 2954 3566 3007 Pater
3597 2953 3770 3017 beate,

2189 3045 2233 3098 si
2265 3043 2346 3098 fas
2376 3053 2457 3100 est
2485 3046 2687 3110 dicere,
2722 3051 2974 3116 quantum
3007 3043 3174 3098 fuerat
3190 3042 3388 3110 iustius
3419 3041 3623 3106 dicere,
3650 3042 3776 3094 Par-

2197 3141 2280 3188 cat
2309 3134 2438 3188 mihi
2467 3134 2809 3204 omnipotens
2838 3133 3000 3196 Deus,
3035 3132 3126 3202 qui
3155 3138 3273 3185 tuas
3299 3130 3470 3184 bonas
3499 3145 3610 3183 non
3625 3129 3782 3183 audio

2177 3239 2371 3293 preces
2402 3242 2414 3276 :
2449 3239 2610 3293 quam
2641 3223 2870 3278 diceres.
2905 3223 3094 3275 Parcat
3123 3220 3218 3273 tibi
3240 3219 3582 3288 omnipotens
3605 3219 3770 3282 Deus,

2181 3312 2308 3384 quid
2367 3321 2448 3367 est
2503 3313 2646 3384 quod
2703 3311 2876 3368 fecisti
2907 3312 2934 3364 ἱ)
2963 3313 3076 3365 Hoc
3118 3317 3200 3362 est
3254 3307 3384 3362 illud
3445 3307 3769 3372 Salomonis,

2180 3403 2360 3474 Argue
2378 3403 2692 3472 sapientem
2712 3406 2768 3456 et
2797 3401 2992 3472 diliget
3013 3405 3067 3456 te
3101 3403 3281 3468 (Prov.
3315 3411 3394 3463 ix,
3447 3395 3522 3466 8).
3577 3396 3774 3468 Sequi-

2181 3498 2268 3543 tur
2303 3507 2315 3542 :

2257 3597 2339 3648 t3.
2373 3594 2472 3648 Cui
2502 3593 2589 3647 illa
2620 3593 2898 3664 respondit
2932 3611 2945 3648 :
2978 3597 3121 3650 Ecce
3153 3603 3204 3650 te
3236 3596 3444 3668 rogavi,
3494 3604 3548 3650 et
3589 3595 3775 3650 audire

2182 3699 2268 3737 me
2299 3682 2536 3748 noluisti,
2569 3683 2760 3754 rogavi
2793 3683 3078 3737 Dominum
3105 3700 3305 3750 meum,
3338 3692 3390 3738 et
3419 3684 3626 3738 audivit
3665 3699 3772 3738 me.

2184 3771 2545 3826 Subaudiatur
2577 3789 2590 3824 :
2623 3772 2696 3825 Te
2726 3771 2942 3842 quidem
2973 3773 3164 3844 rogavi
3194 3781 3250 3826 ut
3281 3771 3526 3838 fratrem,
3576 3772 3672 3827 sed
3719 3779 3776 3825 tu

2183 3868 2238 3912 ut
2259 3873 2576 3930 germanam
2623 3858 2840 3912 noluisti
2887 3859 3094 3914 audire.
3157 3859 3453 3930 Sperabam
3493 3867 3549 3913 ut
3597 3867 3778 3914 mente

2183 3949 2414 4001 haberes
2471 3947 2679 4001 viscera
2735 3947 2940 4012 matris,
3000 3957 3190 4017 partus
3243 3948 3506 4014 dolorem,
3575 3949 3780 4003 lacteas

2185 4051 2470 4099 mammas,
2507 4051 2670 4090 cunas
2701 4035 2946 4100 nutricis,
2981 4036 3194 4091 lavacra
3223 4037 3559 4104 obstetricis,
3585 4036 3778 4090 fascias

2187 4124 2528 4194 temporales,
2579 4124 2774 4194 quibus
2814 4123 3036 4177 infantia
3085 4125 3215 4178 olim
3261 4124 3500 4178 nutrivit.
3569 4124 3678 4178 Sed
3723 4133 3778 4176 tu

2184 4229 2272 4267 me
2301 4213 2518 4266 noluisti
2552 4212 2760 4280 audire,
2795 4221 2847 4266 et
2889 4212 3063 4282 magis
3111 4211 3404 4266 festinabas
3447 4213 3515 4266 ad
3563 4213 3776 4274 fratres,

2186 4317 2322 4372 quos
2349 4299 2442 4354 tibi
2473 4301 2586 4354 sola
2616 4301 2850 4355 charitas
2888 4299 3080 4354 Christi
3113 4299 3240 4356 facit
3269 4317 3586 4372 germanos,
3639 4315 3778 4370 quos

2189 4390 2352 4443 etiam
2381 4388 2560 4444 nescis
2585 4405 2616 4442 a
2647 4405 2752 4459 quo
2781 4389 2948 4442 limite
2979 4390 3048 4442 ad
3075 4397 3164 4442 tua
3193 4389 3461 4444 cunabula
3493 4389 3596 4442 hos
3629 4404 3782 4442 mun-

481 4489 574 4538 xc,
601 4474 688 4545 12)
724 4493 736 4528 :
772 4491 900 4530 ecce
929 4451 1036 4530 non
1065 4451 1290 4542 distulit,
1325 4493 1435 4531 non
1457 4477 1650 4532 multas
1674 4451 1943 4546 expedivit
1966 4451 2157 4548 pre'D
2187 4478 2288 4532 dus
2317 4451 2897 4532 transmittat.-ldcirco
2928 4477 3112 4548 rogavi
3146 4477 3433 4532 Dominum
3465 4493 3667 4540 meum,
3729 4485 3780 4530 et

480 4579 592 4628 ces,
628 4563 724 4617 sed
754 4563 808 4618 in
837 4565 942 4618 ictu
973 4563 1112 4618 oculi
1145 4571 1196 4618 et
1224 4573 1424 4634 puncto
1481 4565 1660 4619 cordis
1717 4566 1915 4635 petenti
1972 4568 2072 4620 tri-

483 4651 596 4706 buit
639 4652 858 4705 donum.
905 4653 1042 4706 Nam
1086 4653 1266 4706 levato
1315 4653 1382 4706 de
1432 4651 1683 4707 manibus
1731 4654 1928 4724 capite,
1973 4671 2074 4708 una

479 4739 580 4794 fuit
623 4741 994 4796 convenientia
1038 4741 1302 4796 orationis
1350 4749 1402 4795 et
1443 4740 1831 4796 inundationis.
1886 4743 2074 4797 Gaude

482 4837 534 4883 et
565 4829 768 4894 laetare,
793 4829 1033 4884 virorum
1056 4829 1416 4894 sanctissime,
1451 4829 1576 4900 quia
1606 4845 1732 4885 ecce
1763 4839 1914 4885 tenes
1932 4832 2076 4901 quod

481 4917 718 4984 voluisti,
770 4933 898 4973 ecce
938 4919 1105 4973 habes
1153 4919 1298 4990 quod
1345 4935 1564 4989 semper
1605 4919 1888 4989 quresisti:
1948 4935 2074 4974 ecce

483 5005 736 5060 miracula
784 5006 960 5060 cernis
1023 5007 1277 5078 insignia,
1326 5007 1466 5063 coelo
1524 5015 1773 5078 terraque
1828 5007 2069 5077 probata.

482 5095 624 5150 Vere
659 5093 702 5148 si
733 5109 842 5148 non
875 5110 1136 5166 negasses
1168 5095 1314 5166 quod
1358 5096 1670 5166 expetehas,
1717 5111 1826 5151 non
1867 5095 2077 5150 fuerant

481 5183 638 5255 signa
667 5182 920 5237 humanis
945 5183 1116 5237 oculis
1169 5191 1314 5250 nata,
1367 5201 1486 5255 quae
1507 5193 1618 5239 toto
1642 5201 1858 5255 semper
1873 5185 2076 5238 mundo

573 5329 598 5356 ⁸
619 5329 768 5377 Erant
787 5339 902 5388 ergo
925 5327 1118 5390 gemelli
1145 5328 1432 5379 Benedictus
1457 5333 1506 5378 ct
1523 5329 1942 5389 Scholastica,uno
1977 5329 2078 5379 sci-

481 5391 600 5443 licet
629 5399 768 5455 partu
791 5394 904 5444 editi
934 5409 946 5443 :
977 5407 1074 5443 non
1099 5395 1226 5444 enim
1254 5407 1346 5444 una
1373 5395 1430 5444 iis
1469 5396 1641 5445 alicubi
1670 5395 1856 5446 mansio
1879 5401 1972 5454 cst,
1996 5397 2076 5457 qui

484 5457 576 5507 sibi
599 5459 648 5507 in
673 5460 894 5510 eumdem
918 5461 1074 5510 locum
1103 5465 1210 5522 post
1247 5459 1503 5511 intervalla
1547 5463 1832 5513 succedunt.
1877 5463 2078 5514 Trithe-

489 5525 612 5575 mius
634 5524 682 5576 in
711 5525 796 5574 lib.
824 5540 859 5586 ι,
886 5527 948 5576 de
973 5525 1098 5576 Viris
1133 5527 1288 5578 illast.
1353 5527 1469 5580 0rd.
1520 5529 1572 5578 S.
1625 5529 1706 5593 B.,
1755 5543 1800 5592 c,
1867 5531 1945 5592 t.,
2015 5531 2076 5580 de

2176 4565 2380 4620 audivit
2437 4581 2543 4619 me.
2577 4566 2656 4618 Tu
2687 4581 2796 4619 non
2852 4566 3172 4620 attendebas
3229 4566 3376 4636 quod
3435 4582 3576 4620 unus
3625 4573 3779 4635 pater

2175 4655 2456 4708 amborum
2489 4653 2706 4708 contulit
2741 4653 3003 4717 membra,
3055 4661 3110 4706 tu
3157 4669 3264 4708 non
3313 4653 3582 4708 cernebas
3613 4669 3776 4707 unam

2175 4742 2334 4796 nobis
2361 4741 2694 4796 mansionem
2727 4750 2748 4774 ³
2773 4757 2894 4796 esse
2927 4741 3023 4812 [αι.
3051 4739 3238 4814 fuisse]
3261 4741 3402 4796 inter
3421 4741 3564 4796 uteri
3581 4751 3736 4812 septa
3759 4758 3774 4794 :

2177 4831 2378 4885 idcirco
2410 4831 2480 4884 ad
2507 4830 2658 4884 illum
2688 4838 2898 4900 patrem
2929 4829 3163 4894 cucurri,
3199 4830 3288 4900 qui
3319 4830 3478 4884 nobis
3538 4830 3773 4884 animam

2176 4919 2342 4984 dedit,
2377 4918 2468 4989 qui
2499 4926 2719 4972 terrena
2751 4917 2953 4982 tribuit,
2989 4926 3040 4972 et
3071 4917 3312 4973 coelestia
3327 4933 3436 4972 non
3459 4919 3771 4990 denegavit.

2177 5007 2336 5061 Modo
2367 5023 2500 5076 ergo
2529 5007 2574 5060 si
2605 5015 2779 5077 potes,
2802 5007 3090 5078 egredere,
3123 5013 3280 5060 etme
3302 5006 3550 5068 dimissa,
3572 5007 3640 5060 ad
3661 5022 3776 5061 mo-

2176 5095 2471 5149 nasterium
2501 5095 2636 5150 redi.
2673 5095 2831 5149 Modo
2861 5094 3004 5148 enim
3031 5095 3319 5164 praesentis
3347 5101 3429 5149 est
3459 5097 3720 5166 temporis
3759 5113 3771 5147 :

2179 5184 2338 5238 modo
2368 5183 2532 5246 enim,
2580 5183 2796 5254 quando
2845 5182 2938 5236 tibi
2987 5183 3330 5253 omnipotens
3381 5183 3528 5237 Deus
3581 5183 3770 5238 itinera

2177 5327 2482 5377 Abundantia
2509 5337 2678 5376 eorum
2701 5328 2857 5375 matre
2899 5337 3048 5387 agens
3071 5338 3084 5374 :
3113 5326 3246 5386 Haec,
3274 5326 3448 5388 inquit,
3495 5325 3767 5388 periclitata

2177 5394 2227 5442 in
2250 5397 2390 5455 partu
2436 5393 2652 5455 geminos
2698 5391 2866 5454 edidit,
2911 5391 3059 5442 ﬁlium
3097 5391 3283 5444 scilicet
3329 5391 3672 5452 Benedictum,
3719 5395 3766 5440 et

2179 5460 2325 5510 tiliam
2353 5460 2548 5510 nomine
2571 5458 2954 5510 Scholasticam.
