4112 6192
300 330 419 383 985

1347 325 1507 381 VITA
1556 323 1844 380 SANCTE
1900 322 2393 382 SCHOLASTICE
2429 325 2621 383 VIRG.

3512 327 3616 381 986

300 449 506 506 clausit
548 466 560 505 :
612 449 795 515 modo,
838 450 1055 522 quando
1099 448 1302 503 aditum
1366 447 1528 503 eundi
1575 445 1865 519 denegavit
1897 449 1991 509 :A
2021 456 2172 503 erant
2200 448 2267 503 ad
2299 448 2552 505 invicem.
2604 447 2713 504 Sed
2744 449 2859 504 haec
2875 456 2957 503 θεῖ
2972 447 3211 519 perfecta
3233 447 3471 504 charitas
3493 465 3615 520 quae

305 540 502 604 modo,
536 538 581 592 si
610 546 785 609 potes,
816 554 904 592 me
939 537 1182 602 dimissa,
1213 538 1282 593 ad
1329 536 1718 592 monasterium
1775 536 1913 591 redi.

305 628 377 682 Et
389 644 505 695 cur,
526 628 703 697 Pater,
727 625 977 698 fatigaris
996 627 1025 681 ?
1050 625 1307 698 Nunquid
1319 642 1427 681 non
1441 625 1526 680 hic
1550 631 1632 679 est
1653 631 1919 679 monaste-

305 716 455 771 rium
483 716 575 770 uhi
623 724 679 770 tu
729 729 809 783 es,
841 715 933 787 qui
989 723 1153 786 caput
1187 731 1248 770 es
1268 714 1510 770 omnium
1554 712 1916 768 monasterio-

307 820 453 869 rum,
500 810 553 859 et
607 803 799 858 doctor
851 803 1095 858 omnium
1140 804 1549 871 monachorum,
1624 801 1755 856 dum
1808 817 1918 856 non

306 892 470 948 locus
497 891 790 956 hominem,
838 892 936 947 sed
1004 893 1165 947 homo
1232 890 1532 947 sanctificet
1567 890 1795 946 locum?
1826 890 1917 945 Sta

306 996 479 1046 nunc,
513 982 673 1034 Pater
702 979 1058 1046 sanctissime,
1096 979 1315 1047 invitus,
1349 987 1406 1034 ut
1442 977 1665 1034 alterius
1704 977 1813 1033 diei
1832 978 1916 1032 sol

309 1068 410 1123 tibi
444 1069 681 1140 praebeat
709 1083 956 1139 gressus.
992 1067 1250 1140 Sequitur
1284 1086 1297 1123 :

378 1157 504 1228 Ipse
562 1164 744 1212 autem
799 1157 950 1211 exire
1007 1163 1157 1211 extra
1188 1165 1406 1212 tectum
1431 1174 1541 1214 non
1570 1162 1783 1229 valens,
1822 1164 1915 1236 qui

307 1260 537 1300 manere
566 1252 758 1315 sponte
787 1244 955 1300 noluit
986 1244 1043 1299 in
1072 1245 1212 1312 loco,
1238 1245 1433 1300 mansit
1490 1248 1711 1306 invitus.
1739 1251 1914 1320 Quam

310 1333 502 1388 multis
535 1333 736 1388 sanctis
779 1332 906 1389 viris
954 1332 1122 1388 factus
1178 1350 1237 1388 es
1257 1334 1342 1388 vir
1370 1335 1469 1390 Dei
1518 1352 1763 1411 compar,
1824 1340 1915 1412 qui

310 1422 468 1478 inviti
496 1421 744 1477 fecerunt
781 1422 1053 1477 bonorum
1108 1421 1268 1478 facta.
1302 1424 1442 1478 Nam
1489 1426 1659 1483 Iacob
1713 1428 1914 1485 invitus

312 1509 540 1565 fratrem
571 1509 725 1583 fugit,
756 1510 848 1582 qui
868 1518 1056 1581 postea
1085 1510 1247 1565 rediit
1277 1527 1397 1568 cum
1445 1515 1647 1570 multis.
1691 1516 1781 1573 Sic
1823 1518 1914 1572 Jo-

312 1600 450 1671 seph
470 1598 667 1652 invitus
695 1598 871 1670 pergit
900 1599 969 1652 ad
1028 1599 1235 1665 sedem,
1292 1609 1350 1654 ut
1375 1601 1568 1658 doctor
1625 1602 1781 1660 ﬁeret
1815 1621 1912 1677 po-

312 1687 443 1758 pulo
475 1687 593 1741 Dei.
630 1686 719 1742 Sic
740 1685 932 1743 Daniel
963 1686 1110 1742 vadit
1146 1687 1479 1758 Babylonem
1508 1692 1576 1745 ad
1615 1708 1820 1759 arcem,
1856 1701 1913 1748 ut

2018 537 2167 592 Deus
2198 545 2301 606 est,
2334 553 2440 609 qua
2466 537 2553 594 hic
2583 537 2706 608 plus
2756 553 2863 592 una
2893 536 3064 608 potuit
3113 552 3278 608 quam
3336 536 3506 591 alter:
3540 536 3615 591 de

2016 639 2125 695 qua
2166 625 2295 681 dicit
2331 626 2621 697 Apostolus
2659 644 2671 680 :
2713 625 2974 681 Charitas
3033 626 3132 680 Dei
3166 625 3385 697 diffusa
3426 628 3514 680 est
3551 625 3615 679 in

2014 714 2269 770 cordibus
2295 716 2509 770 nostris
2545 732 2648 789 per
2681 715 2961 787 Spiritum
2999 717 3284 779 sanctum,
3317 714 3413 787 qui
3444 713 3614 768 datus

2015 805 2103 857 est
2128 803 2284 858 nobis
2310 802 2486 873 (Rom.
2510 820 2571 869 v,
2601 805 2676 873 5).
2709 802 2963 874 Sequitur
2989 820 3003 857 :

2088 891 2173 944 15.
2206 891 2450 962 Cumque
2481 892 2569 946 die
2599 891 2772 947 altero
2802 892 2992 947 eadem
3024 891 3356 947 venerabilis
3402 889 3612 947 femina

2013 974 2084 1028 ad
2114 973 2309 1029 cellam
2340 976 2619 1047 propriam
2646 976 2985 1039 recessisset.
3010 976 3091 1032 vir
3119 977 3220 1032 Dei
3250 977 3317 1031 ad
3347 987 3618 1035 monaste-

2014 1062 2156 1118 rium
2186 1062 2345 1117 rediit
2377 1080 2389 1117 :
2422 1071 2474 1119 et
2500 1079 2629 1120 ecce
2658 1080 2783 1122 cum
2807 1073 2929 1135 post
2960 1064 3197 1120 triduum
3222 1065 3279 1120 in
3310 1066 3451 1123 cella
3479 1084 3616 1126 con-

2014 1149 2231 1217 sistens,
2266 1150 2492 1206 elevatis
2508 1151 2562 1206 in
2593 1167 2722 1207 aera
2740 1153 2933 1223 oculis,
2964 1152 3096 1209 vidit
3127 1153 3372 1223 ejusdem
3408 1159 3616 1214 sororis

2014 1254 2127 1294 suae
2153 1238 2389 1293 animam
2422 1239 2490 1294 de
2520 1239 2635 1308 ejus
2664 1255 2895 1311 corpore
2923 1256 3226 1312 egressam,
3262 1242 3317 1297 in
3346 1244 3614 1303 columba)

2013 1326 2196 1397 specie
2224 1327 2348 1382 coeli
2400 1334 2609 1383 secreta
2651 1336 2952 1398 penetrare.
3014 1327 3192 1397 Quam
3249 1329 3434 1387 felices
3487 1343 3613 1390 sunt

2012 1414 2152 1470 oculi
2183 1416 2279 1487 qui
2303 1415 2536 1470 animas‘
2568 1423 2797 1487 possunt
2846 1416 3200 1487 contemplari
3257 1418 3464 1492 beatas,
3522 1422 3615 1495 qui

2013 1503 2218 1558 carnali
2247 1504 2440 1560 intuitu
2471 1504 2735 1575 spiritalia
2764 1519 2990 1561 cernere
3021 1514 3224 1576 queunt
3253 1507 3281 1561 ?
3314 1508 3422 1564 Ista
3451 1509 3615 1565 lumi-

2011 1592 2166 1646 naria
2195 1607 2304 1647 non
2333 1592 2582 1662 adjacent
2613 1593 2665 1647 iu
2692 1592 3003 1649 fundamine
3049 1591 3260 1661 frontis,
3319 1596 3417 1651 sed
3473 1598 3615 1654 intus

2012 1679 2342 1736 reuitescunt
2364 1681 2433 1735 ad
2465 1681 2647 1737 cordis
2675 1680 2946 1736 fenestras
2979 1682 3048 1737 de
3079 1678 3273 1753 quibus
3302 1684 3432 1739 dicit
3463 1702 3475 1741 :
3512 1686 3618 1754 Qui

313 1775 524 1846 primus
554 1772 703 1829 ﬁeret
723 1775 1058 1845 sapientibus
1096 1777 1323 1832 cunctis.
1347 1777 1436 1833 Sic
1487 1779 1684 1835 Saulus
1712 1781 1909 1836 invitus

2015 1772 2153 1823 sunt
2167 1770 2267 1824 isti
2297 1771 2394 1842 qui
2436 1774 2501 1825 ut
2539 1770 2711 1825 nubes
2732 1772 2944 1836 volant,
2970 1774 3028 1825 et
3073 1772 3224 1827 sicut
3244 1773 3513 1830 columbae
3548 1775 3621 1830 ad

315 1862 487 1918 factus
527 1871 608 1917 est
663 1863 881 1927 Paulus,
939 1873 995 1918 ut
1044 1862 1196 1919 fieret
1259 1867 1500 1936 gentium
1564 1869 1909 1939 praedicator.

315 1952 555 2022 Ideoque
583 1958 671 2005 tua
718 1966 826 2005 non
874 1951 1175 2023 requiesczlt
1229 1953 1482 2021 charitas,
1567 1965 1754 2012 sancte
1810 1958 1912 2025 vir,

314 2046 463 2093 stare
491 2038 711 2106 invitus,
744 2046 801 2092 ut
831 2038 1031 2094 Christi
1064 2039 1270 2095 tribuas
1324 2042 1652 2099 documenta
1701 2045 1908 2101 salutis.

315 2126 575 2198 Sequitur
604 2145 618 2181 :

385 2216 476 2270 14.
511 2215 709 2287 Sicque
736 2214 940 2272 factum
970 2224 1071 2282 est,
1108 2224 1165 2271 ut
1192 2226 1408 2274 noctem
1454 2226 1624 2275 totam
1670 2222 1909 2296 pervigi-

313 2303 423 2359 lem
453 2304 733 2369 ducerent,
765 2312 923 2376 atque
952 2321 1052 2376 per
1081 2320 1241 2362 sacra
1288 2307 1542 2379 spiritalis
1586 2309 1709 2365 vitae
1736 2311 1912 2367 collo-

313 2387 443 2459 quia
472 2403 594 2444 sese
624 2387 821 2443 vicaria
850 2389 1112 2445 relatione
1141 2390 1584 2449 satiarent.Ecce
1600 2410 1743 2451 nunc
1769 2411 1913 2451 nova

314 2475 577 2545 spiritalia
609 2476 805 2549 gaudia
836 2485 1086 2548 surgunt,
1119 2478 1243 2549 quia
1272 2495 1484 2553 negans
1522 2481 1688 2552 prius,
1738 2484 1912 2540 factus

312 2571 399 2618 est
426 2580 572 2620 nunc
627 2564 914 2620 attributor
960 2566 1200 2621 caelestis
1232 2583 1246 2623 :
1283 2577 1335 2622 et
1390 2569 1674 2642 colloquiis
1740 2573 1911 2629 sacris

312 2652 519 2707 vicaria
548 2651 809 2708 relatione
838 2669 899 2709 se
933 2654 1149 2722 satiant,
1187 2656 1279 2727 qui
1336 2657 1488 2726 prius
1519 2667 1677 2713 erant
1731 2675 1764 2716 a
1787 2676 1912 2717 con-

311 2740 501 2795 cordia
527 2738 830 2796 discordes.
866 2740 1078 2810 Quanta
1107 2751 1231 2798 sunt
1261 2745 1602 2816 omnipotens
1630 2755 1721 2802 tua
1740 2748 1908 2804 mira-

314 2828 465 2896 bilia,
496 2827 676 2884 Deusl
710 2830 846 2884 Nam
876 2830 1055 2884 omnia
1089 2832 1261 2902 proba
1318 2833 1552 2899 voluisti,
1616 2834 1810 2904 fecisti,
1846 2845 1900 2893 et

310 2931 423 2971 non
453 2924 536 2971 est
565 2916 656 2988 qui
677 2918 897 2972 resistat
923 2925 1029 2973 tuae
1045 2920 1341 2989 majestatis
1372 2923 1644 2991 potestati.
1670 2925 1909 2997 Ideoque

312 3004 538 3059 laudant
566 3013 620 3060 te
649 3006 791 3074 coeli,
826 3022 934 3072 aer,
968 3015 1131 3076 terra,
1162 3023 1335 3075 mare,
1382 3017 1434 3064 et
1464 3019 1657 3067 cuncta
1703 3030 1825 3085 quae
1853 3015 1910 3069 in

311 3093 393 3147 eis
418 3100 543 3147 sunt
573 3110 587 3147 :
621 3093 749 3164 quia
778 3110 996 3165 semper
1047 3095 1276 3171 innovas
1332 3096 1491 3170 signa
1521 3107 1574 3154 et
1638 3101 1906 3157 mirabilia

312 3186 425 3247 tua,
458 3189 517 3235 ut
547 3188 598 3236 te
624 3188 768 3236 totus
798 3183 948 3237 orbis
980 3192 1245 3254 agnoscat
1257 3200 1415 3239 suum
1427 3202 1549 3242 esse
1571 3189 1905 3260 Redempto-

310 3284 446 3323 rem.
480 3270 559 3323 Da
581 3269 692 3338 jam
722 3270 842 3341 plus
872 3271 961 3340 pio
993 3271 1135 3325 Patri
1172 3272 1464 3328 Benedicto
1501 3274 1605 3330 iter
1642 3278 1907 3333 redeundi

310 3357 379 3411 ad
411 3356 624 3424 cellam,
653 3359 861 3431 stringe
892 3359 1099 3413 aerium
1127 3376 1362 3437 amnem,
1398 3361 1524 3417 tolle
1552 3364 1749 3433 pluvia:
1777 3373 1907 3437 gut-

314 3452 417 3512 tas,
459 3445 529 3499 da
582 3446 887 3501 serenitatis
937 3447 1249 3530 SOIBIII,’UI.
1306 3449 1398 3518 qui
1444 3449 1599 3505 laetus
1651 3454 1903 3520 accessit,

311 3533 559 3603 gaudens
604 3534 868 3591 recedat:
920 3543 979 3590 ut
1009 3536 1167 3591 simul
1219 3538 1337 3607 ejus
1392 3556 1546 3596 soror
1597 3541 1909 3598 valedicens

310 3620 483 3689 fratri,
516 3621 582 3675 ad
614 3622 837 3692 prOpria
866 3632 1181 3692 revertatur,
1216 3635 1273 3682 ut
1301 3629 1462 3683 simul
1510 3629 1812 3700 gaudentes
1856 3638 1909 3686 et

310 3710 788 3775 exsultantes,’tuo
817 3711 885 3766 de
914 3728 1136 3770 munere
1165 3716 1235 3770 ad
1274 3733 1373 3772 sua
1409 3726 1548 3773 tecta
1614 3719 1907 3773 vehantur.

313 3798 568 3868 Sequitur
598 3814 611 3852 :
648 3798 764 3868 Qua
795 3799 863 3854 de
883 3816 943 3855 re
973 3801 1081 3856 dixi
1112 3819 1239 3859 eum
1268 3806 1507 3861 voluisse
1545 3806 1769 3878 aliquid,
1811 3807 1909 3861 sed

309 3885 534 3940 minime
563 3887 806 3957 potuisse
867 3904 880 3943 :
914 3905 1017 3960 qua
1047 3890 1091 3944 si
1149 3894 1479 3948 venerabilis
1526 3893 1625 3950 viri
1670 3902 1909 3949 mentem

214 3970 227 3979 ’
311 3974 629 4044 aspicimtns,
653 3976 880 4030 dubium
910 3992 1017 4032 non
1061 3987 1163 4044 est,
1198 3982 1344 4052 quod
1385 3982 1633 4038 eamdem
1658 3984 1913 4038 serenita-

308 4070 420 4117 tem
459 4062 715 4128 voluerit,
740 4063 793 4118 in
838 4080 945 4136 qua
986 4066 1372 4137 descenderat,
1423 4086 1780 4142 permanere:
1814 4072 1911 4127 sed

312 4159 499 4206 contra
531 4153 635 4207 hoc
666 4152 809 4224 quod
840 4153 1025 4221 voluit,
1057 4155 1111 4209 in
1142 4157 1368 4213 virtutes
1397 4160 1784 4230 omnipotentis
1808 4160 1907 4216 Dei

311 4255 381 4294 ex
409 4238 645 4295 femineo
665 4249 888 4310 pectore
925 4242 1249 4299 miraculum
1295 4246 1517 4302 invenit.
1553 4249 1668 4304 Nec
1714 4249 1908 4303 mirum

314 4327 461 4398 quod
492 4326 615 4398 plus
642 4328 734 4383 illo
762 4328 982 4398 femina,
1008 4348 1129 4402 quae
1158 4333 1249 4388 diu
1271 4334 1487 4390 fratrem
1508 4335 1696 4391 videre
1716 4337 1907 4407 cupie-

311 4415 424 4479 bat,
457 4415 512 4470 in
533 4416 726 4471 eodem
803 4425 1050 4489 tempore
1117 4422 1327 4477 valuit:
1383 4425 1507 4495 quia
1537 4424 1682 4480 enim
1751 4425 1904 4493 juxta

2016 1860 2301 1929 fenestras
2332 1874 2467 1915 sua:
2504 1862 2561 1928 ?(
2586 1859 2692 1914 Isa.
2726 1874 2820 1925 Lx,
2857 1863 2914 1914 8.
2946 1858 2966 1929 )
2995 1859 3139 1915 Ecce
3160 1855 3297 1930 jam,
3327 1862 3620 1919 Benedicte

2016 1945 2191 2013 Pater,
2222 1945 2327 2001 ista
2358 1946 2612 2002 columba
2639 1947 2708 2001 ad
2738 1953 2857 2001 tuas
2882 1946 3013 2016 jam,
3047 1946 3228 2003 cordis
3257 1948 3403 2004 volat
3461 1949 3618 2006 fene-

2015 2041 2177 2103 stras,
2210 2042 2269 2089 ut
2298 2042 2404 2090 tuae
2444 2035 2648 2090 sororis
2677 2035 2854 2089 anima
2895 2051 2996 2107 per
3048 2052 3140 2091 eas
3198 2037 3489 2103 transiens,
3548 2039 3616 2094 ad

2014 2122 2293 2179 caelestem
2322 2122 2469 2177 illam
2499 2121 2703 2178 deferat
2721 2131 2933 2195 portam
2966 2141 2979 2178 :
3016 2131 3071 2179 ut
3099 2123 3191 2179 illa
3219 2123 3375 2181 ﬁeret
3404 2126 3616 2182 ductrix

2012 2210 2207 2266 animm
2236 2219 2417 2277 tantae,
2451 2228 2572 2284 quae
2599 2210 2698 2266 fuit
2744 2212 2860 2267 avis
2917 2213 3192 2284 quondam
3250 2214 3516 2285 portatrix
3545 2214 3614 2270 ad

2011 2313 2194 2355 arcam
2222 2298 2433 2355 reddita
2460 2299 2632 2371 pacis.
2665 2298 2843 2369 Quam
2871 2298 2998 2357 felix
3026 2301 3139 2356 ales
3168 2301 3366 2357 talibus
3402 2310 3614 2374 myste-

2011 2386 2106 2441 riis
2134 2395 2366 2459 compta,
2397 2405 2518 2460 quae
2537 2389 2730 2443 meruit
2758 2388 2922 2444 etiam
2944 2405 3108 2461 super
3126 2389 3417 2445 Dominum
3447 2390 3609 2446 Chri-

2012 2483 2152 2531 stum
2183 2476 2440 2548 Spiritum
2472 2485 2716 2533 sanctum
2763 2477 2947 2533 ferre!
2982 2479 3087 2532 Ista
3131 2477 3387 2551 frequens
3443 2479 3612 2534 obse-

2009 2565 2151 2636 quiis
2180 2565 2343 2619 instat
2371 2565 2536 2637 Regis
2566 2565 2771 2632 aeterni,
2804 2566 2907 2621 ista
2944 2566 3175 2622 assuetis
3222 2566 3415 2637 pennis
3443 2567 3609 2622 dear-

2009 2654 2240 2725 gentatis
2300 2669 2433 2708 auro
2499 2654 2660 2709 dorsa
2744 2653 3040 2728 refulgens,
3106 2655 3363 2726 paradiso
3424 2655 3612 2710 nuntia

2009 2740 2181 2796 defer.
2214 2743 2293 2797 De
2350 2743 2453 2798 hac
2511 2742 2567 2796 in
2598 2742 2820 2798 Cantico
2865 2742 3206 2798 Canticorum
3253 2742 3424 2799 dicit:
3466 2744 3609 2800 Sur-

2006 2846 2091 2902 ge,
2123 2832 2308 2886 amica
2336 2847 2462 2886 mea
2492 2847 2718 2903 sponsa,
2752 2834 2809 2887 et
2836 2833 2966 2886 veni
2996 2848 3033 2903 :j
3064 2831 3319 2887 columba
3374 2846 3501 2887 mea
3544 2832 3607 2886 in

2006 2920 2380 2990 foraminibus
2410 2923 2605 2992 petrae,
2656 2920 2718 2975 in
2749 2935 2991 2975 caverna
3036 2920 3338 2990 maceriw(
3359 2920 3520 2976 Cant.
3546 2934 3606 2986 η,

2008 3008 2116 3077 lt).
2150 3006 2407 3079 Sequitur
2437 3026 2451 3064 :

2080 3099 2161 3150 16.
2201 3096 2305 3165 Qui
2335 3104 2495 3153 tantae
2537 3098 2653 3166 ejus
2727 3095 2920 3168 gloria;
2961 3097 3331 3169 congaudens,
3367 3096 3616 3168 omnipo-

2011 3185 2142 3239 tenti
2174 3187 2288 3240 Deo
2316 3186 2372 3240 in
2402 3187 2619 3257 hymnis
2649 3195 2700 3241 et
2726 3186 2982 3242 laudibus
3010 3186 3216 3257 gratias
3237 3186 3368 3259 egit,
3389 3186 3613 3256 ejusque

2009 3272 2213 3327 obitum
2247 3273 2502 3328 fratribus
2542 3274 2899 3330 denuntiavit.
2925 3274 3271 3330 Denuntiavit
3293 3274 3433 3328 enim
3493 3289 3616 3326 san-

2008 3369 2126 3416 ctus
2157 3362 2315 3416 Pater
2340 3362 2618 3429 fratribus,
2651 3362 2795 3434 quod
2826 3364 3020 3418 meruit
3062 3379 3218 3419 sacro
3269 3361 3465 3417 intuitu
3494 3376 3613 3417 cer-

2009 3464 2141 3504 nere
2171 3458 2441 3506 secretum
2476 3469 2489 3505 :
2522 3460 2574 3506 et
2604 3451 2805 3506 talibus
2836 3452 3190 3522 congaudens
3220 3449 3378 3519 votis,
3434 3448 3611 3504 omni-

2009 3539 2216 3611 potenti
2246 3541 2359 3595 Deo
2396 3539 2596 3610 gratias
2654 3540 2784 3611 egit,
2815 3540 2939 3612 quia
2987 3555 3149 3611 quam
3198 3547 3324 3594 ante
3370 3538 3610 3592 triduum

2008 3644 2134 3683 rore
2164 3628 2315 3683 verbi
2347 3628 2586 3683 caelestis
2632 3627 2963 3698 perfuderat,
3011 3628 3083 3683 ad
3144 3629 3382 3683 aetherea
3439 3641 3609 3698 regna

2009 3716 2065 3772 in
2095 3716 2361 3772 columbas
2391 3717 2573 3787 specie
2603 3716 2866 3772 scandere
2898 3716 3090 3771 cernit.
3142 3716 3427 3787 Sequitur:

2084 3807 2167 3859 t7.
2205 3804 2354 3873 Quos
2383 3805 2542 3859 etiam
2572 3804 2821 3876 protinus
2850 3804 3015 3869 misit,
3047 3812 3103 3858 ut
3132 3804 3250 3872 ejus
3280 3819 3481 3873 corpus
3536 3802 3607 3857 ad

2011 3893 2392 3949 monasterium
2422 3893 2718 3962 deferrent,
2750 3901 2909 3964 atque
2937 3892 2995 3946 in
3024 3892 3276 3963 sepulcro
3326 3890 3473 3962 quod
3503 3889 3607 3944 sibi

2009 3982 2127 4054 ipse
2172 3990 2471 4053 paraverat,
2521 3988 2803 4053 ponerent.
2865 3980 2984 4051 Quo
3059 3980 3201 4037 facto
3245 3980 3491 4053 contigit,
3549 3987 3607 4034 ut

2011 4088 2240 4143 quorum
2271 4088 2427 4127 mens
2455 4087 2564 4126 una
2592 4087 2810 4142 semper
2836 4071 2892 4125 in
2923 4070 3156 4126 Domino
3177 4070 3370 4139 fuerat,
3405 4086 3601 4126 eorum

2010 4176 2226 4231 quoque
2255 4175 2489 4231 corpora
2518 4176 2619 4216 nec
2648 4160 2931 4230 sepultura
2961 4166 3258 4231 separaret.
3294 4160 3456 4225 Ecce,
3488 4159 3605 4215 fra-

2009 4255 2140 4312 tres,
2174 4248 2469 4319 margarita
2497 4249 2734 4304 caalestis
2755 4264 2788 4303 a
2817 4249 3155 4319 negotiatore
3176 4247 3379 4302 dudum
3400 4256 3603 4319 empta,

2009 4345 2224 4406 aptatur
2252 4336 2566 4392 coelestibus
2594 4337 2945 4399 ornamentis,
2993 4337 3107 4404 jam
3137 4336 3277 4390 inter
3321 4336 3430 4390 lilia
3476 4352 3605 4391 can-

2010 4424 2190 4479 dentia
2229 4439 2477 4495 pascens,
2529 4424 2772 4494 sequitur
2814 4426 3030 4494 Agnum
3087 4438 3412 4494 quocunque
3464 4423 3603 4479 ierit.

316 4503 542 4558 Joannis
565 4519 774 4573 vocem,
806 4508 953 4563 Dea:
991 4509 1243 4566 charitas
1269 4515 1354 4567 est
1384 4512 1437 4583 (Ι
1461 4515 1621 4569 Joan.
1665 4528 1740 4577 IV,
1778 4514 1868 4583 16)
1893 4531 1905 4567 :
1934 4504 1987 4564 D
2011 4515 2154 4569 Ecce
2184 4512 2238 4566 in
2268 4510 2523 4584 paradiso
2553 4512 2769 4567 Domini
2799 4512 2870 4566 ab
2899 4511 3110 4585 angelis
3140 4509 3458 4578 collocatur,
3477 4527 3606 4569 ecce

301 4592 452 4660 justo
481 4592 642 4648 valde
659 4594 966 4663 judicioilla
996 4597 1119 4668 plus
1148 4600 1339 4669 potuit.
1377 4617 1497 4672 quae
1521 4601 1645 4672 plus
1674 4602 1900 4656 amavit.

311 4680 469 4735 Brevi
498 4697 751 4737 sermone
790 4684 858 4739 de
895 4685 980 4739 his
1045 4685 1426 4743 disserendum
1483 4704 1593 4744 non
1641 4698 1741 4745 est.
1773 4691 1912 4744 Nam

309 4770 612 4824 secundum
642 4772 1048 4843 grammaticos,
1080 4776 1319 4831 charitas
1349 4778 1530 4833 media
1560 4779 1772 4850 species
1806 4786 1907 4844 est,

306 4856 436 4910 dum
463 4856 607 4913 inter
640 4858 815 4914 bonos
844 4869 896 4915 et
923 4862 1097 4917 malos
1136 4864 1374 4920 charitas
1431 4881 1553 4921 esse
1607 4866 1799 4938 possit,
1858 4875 1909 4921 et

304 4943 700 5002 interlatrones
729 4956 782 5003 et
809 4949 929 5019 pios
959 4952 1281 5007 :utestillud
1316 4970 1328 5008 :
1366 4957 1623 5025 Per/ecta
1654 4957 1907 5011 charitas

307 5035 466 5103 foras
498 5037 685 5091 mittit
716 5038 976 5094 timorm
995 5040 1177 5109 (ibid.,
1194 5041 1302 5107 l7).
1336 5041 1494 5097 Certe
1512 5043 1814 5113 siperfecta
1834 5052 1914 5099 est

304 5121 427 5187 ista,
463 5140 585 5193 quae
613 5123 755 5179 inter
784 5126 955 5180 bonos
984 5126 1135 5182 foras
1176 5128 1335 5182 mittit
1374 5129 1623 5185 timorem
1659 5150 1673 5185 :
1703 5132 1910 5202 imper-

305 5208 446 5264 fecta
474 5210 826 5267 nihilominus
857 5213 973 5269 fore
1003 5215 1264 5274 creditur.
1303 5233 1425 5287 qua
1461 5217 1601 5273 inter
1631 5219 1804 5275 malos
1844 5236 1908 5275 ac

306 5299 576 5368 superbos
605 5300 859 5372 nequitiae
887 5303 1234 5358 concordiam
1273 5313 1507 5375 praestat.
1552 5307 1643 5361 Sic
1677 5307 1731 5361 in
1790 5324 1909 5378 pas-

304 5385 457 5441 sione
488 5386 706 5443 Domini
737 5389 941 5445 Pilatus
969 5391 1154 5446 Jesum
1195 5392 1414 5448 mittens
1450 5393 1672 5459 Herodi,
1707 5410 1739 5448 a
1798 5412 1906 5467 quo

301 5473 464 5528 Jesus
490 5475 560 5530 ad
593 5476 821 5531 Pilatum
848 5478 1045 5534 iterum
1099 5480 1386 5547 remissus,
1420 5481 1580 5536 amici
1611 5480 1737 5538 facti
1782 5492 1908 5537 sunt

308 5562 551 5620 Herodes
581 5572 634 5621 et
658 5565 865 5622 Pilatus
912 5566 968 5622 in
1008 5566 1128 5639 ipsa
1155 5568 1245 5625 die
1282 5586 1296 5627 :
1339 5584 1466 5627 nam
1507 5578 1667 5626 antea
1703 5570 1905 5628 inimici

2012 4602 2065 4656 in
2105 4601 2264 4657 terris
2309 4601 2700 4656 monachorum
2742 4600 2994 4655 manibus
3036 4607 3251 4671 aptatur
3297 4600 3355 4655 in
3402 4601 3608 4655 tumulo

2011 4691 2211 4760 fratris,
2248 4698 2305 4745 ut
2330 4706 2527 4745 munus
2554 4690 2699 4762 quod
2728 4705 2834 4744 una
2863 4696 3036 4744 mater
3062 4688 3308 4756 contulit,
3352 4704 3454 4744 nec
3480 4688 3606 4745 caeli

2004 4781 2188 4851 janua,
2223 4795 2326 4835 nec
2354 4787 2515 4834 terra:
2544 4779 2823 4849 sepultura
2854 4785 3133 4849 separaret
3166 4795 3179 4831 :
3212 4784 3263 4832 et
3280 4776 3477 4849 quibus
3497 4792 3607 4832 una
3636 4772 3639 4777 ’

2012 4868 2110 4924 fuit
2138 4884 2354 4939 semper
2392 4884 2548 4923 meus
2592 4868 2646 4921 in
2695 4866 2927 4935 Christo,
2970 4882 3080 4921 una
3123 4874 3270 4921 esset
3316 4880 3605 4936 corporum

2012 4974 2161 5013 arca.
2194 4959 2338 5013 Ecce
2362 4964 2613 5028 reparata
2644 4965 2769 5012 sunt
2798 4964 2886 5011 tua
2917 4956 3148 5021 damna,
3174 4954 3446 5025 paradise.
3463 4956 3606 5011 Ecce

2009 5047 2167 5117 virgo
2196 5046 2296 5101 Dei
2315 5061 2480 5100 manu
2502 5045 2753 5111 formata,
2777 5060 2940 5116 quam
2961 5045 3029 5099 de
3048 5052 3143 5099 tuo
3161 5042 3387 5115 pestifer
3406 5042 3596 5105 hostis,

2009 5135 2229 5190 abstulit
2255 5134 2396 5199 loco,
2423 5133 2536 5203 jam
2567 5133 2704 5188 redit
2734 5133 2804 5188 ad
2834 5132 3071 5189 culmina
3113 5132 3257 5204 coeli,
3303 5131 3414 5201 jam
3446 5144 3599 5186 reco-

2009 5223 2224 5295 gnoscit
2253 5223 2333 5277 sui
2368 5222 2607 5293 palmam
2637 5221 2922 5278 structoris
2946 5240 2961 5288 ;
2988 5222 3105 5290 jam
3133 5221 3262 5291 quia
3291 5220 3435 5275 victa
3480 5217 3598 5277 fuit.

2018 5311 2213 5367 victrix
2242 5311 2415 5367 calcat
2446 5311 2617 5366 hostis
2659 5310 2796 5366 colla
2825 5309 3070 5380 maligni.
3119 5309 3238 5376 Dic,
3262 5307 3366 5375 die,
3403 5304 3597 5361 inferni

2006 5400 2274 5463 minister,
2308 5400 2417 5467 dic,
2448 5408 2684 5454 tartaree
2714 5398 2891 5464 miles,
2923 5398 3030 5463 dic,
3063 5397 3377 5469 orcigenum
3420 5409 3597 5468 genus

2006 5487 2247 5544 omnium
2278 5504 2612 5544 venenorum
2643 5487 2833 5544 fraude
2863 5487 3149 5557 repletum,
3189 5484 3318 5557 quid
3342 5483 3437 5539 tibi
3466 5482 3596 5540 fecit

2006 5577 2219 5653 plasma
2244 5576 2644 5632 sanctissimum
2682 5576 2801 5642 Dei,
2853 5575 2982 5647 quid
3024 5573 3120 5630 tibi
3167 5572 3350 5631 nocuit
3394 5572 3598 5635 femintt
