4060 6184
451 277 556 332 987

1153 273 1451 328 APPEND.
1501 273 1596 328 AD
1643 273 1700 328 S.
1757 269 2180 328 BERTARIUM.
2241 270 2336 326 DE
2381 271 2680 329 JEJUNIIS
2729 273 2864 329 PER
2905 273 3174 330 ANNUM.

3651 278 3760 328 988

455 403 596 457 bene
651 399 877 456 formate
897 400 926 454 ?
959 397 1144 468 Quave
1199 413 1366 454 causa
1429 397 1572 453 ultro
1631 405 1681 452 te
1709 395 2046 454 consiliarius
2068 396 2124 456 Α
2153 395 2312 465 phis;
2346 397 2574 464 exsulta,
2607 395 2899 454 Benedicte
2943 398 3106 453 Pater
3135 398 3484 454 sanctissime
3515 399 3752 466 Patrum,

456 489 708 559 injecisti,
742 495 798 543 ut
854 487 1209 542 manducaret
1235 487 1382 558 quod
1421 495 1568 540 tuum
1615 502 1722 540 non
1753 485 1902 540 fuit?
1931 484 2048 550 Dic,

456 577 680 650 pestifer
707 575 812 642 fur,
846 577 972 648 quia
1027 592 1138 630 non
1183 575 1406 646 potuisti
1438 591 1629 646 rapere
1659 582 1866 645 partem
1897 572 2054 643 regni

459 667 580 732 Dei,
612 665 735 722 ideo
764 665 978 720 voluisti
1025 680 1220 736 rapere
1251 681 1350 736 per
1411 672 1718 734 serpentem
1751 671 2054 718 creaturam

459 755 560 811 Dei
591 755 700 809 imo
731 754 906 825 qualis
945 753 1228 822 Dominus,
1265 752 1426 807 talem
1451 749 1708 806 famulam
1731 751 1907 806 mittit.
1941 751 2052 804 Tu-

463 857 692 914 serpens
732 841 995 906 lubricus,
1043 841 1132 894 ille
1184 857 1412 912 serpens
1459 849 1773 906 tortuosus;
1809 847 1866 894 tu
1910 838 2058 893 omni

465 931 651 986 dolore
679 931 893 1000 plenus,
929 929 1015 985 ille
1045 930 1192 984 omni
1223 945 1470 996 veneno;
1505 937 1558 983 tu
1601 929 1792 984 mortis
1835 926 2058 983 consilia

464 1021 622 1087 dans,
656 1019 748 1073 ille
779 1019 891 1073 suis
919 1019 1138 1091 organis
1167 1019 1410 1086 sibilans,
1443 1018 1632 1072 mortis
1671 1017 1896 1072 consilia
1925 1031 2059 1087 pro—

465 1107 634 1180 pinat.
667 1107 926 1180 Nunquid
956 1123 1066 1162 non
1099 1107 1318 1177 potuisti
1365 1107 1420 1160 in
1469 1107 1724 1177 paradiso
1773 1105 1874 1160 Dei
1917 1105 2062 1160 aliud

468 1197 664 1252 animal
697 1196 960 1260 invenire,
1005 1197 1152 1266 quod
1199 1195 1304 1248 tuis
1353 1195 1493 1249 votis
1535 1195 1912 1258 concordaret,
1959 1193 2064 1246 nisi

468 1292 780 1356 serpentem
801 1284 828 1336 ?
857 1285 998 1340 Vere
1029 1299 1158 1338 non.
1191 1285 1270 1339 Tu
1301 1283 1546 1338 callidior
1587 1283 1796 1354 angelis
1837 1281 2060 1348 sanctis,

467 1371 559 1428 ille
591 1372 842 1428 callidior
870 1372 1234 1426 animantibus
1264 1371 1508 1438 cunctis;
1543 1379 1597 1426 tu
1629 1371 1802 1425 bonus
1841 1370 1896 1423 in
1925 1369 2064 1425 caelo

469 1460 735 1516 formatus
765 1477 846 1526 es,
880 1469 1071 1530 sponte
1103 1461 1274 1514 malus
1305 1459 1531 1516 effectus
1562 1475 1620 1514 es
1645 1479 1658 1524 ;
1693 1459 1782 1512 ille
1807 1459 1982 1512 bonus
2013 1458 2066 1512 in

473 1550 726 1620 paradiso
757 1555 973 1603 creatus
1002 1557 1104 1606 est.
1137 1565 1234 1618 per
1265 1557 1316 1602 te
1347 1564 1492 1614 reus,
1521 1546 1746 1604 effectus
1771 1555 1870 1602 est.
1897 1547 2067 1618 Virgo

473 1637 592 1702 Dei,
627 1637 839 1706 plasma
869 1636 988 1704 Dei,
1023 1635 1221 1690 femina
1250 1637 1348 1690 Dei
1377 1637 1514 1690 bona
1545 1645 1726 1691 creata
1755 1643 1856 1702 est,
1889 1651 1988 1704 per
2015 1643 2067 1688 te

2151 485 2341 540 doctor
2395 485 2708 542 dulcissime
2780 487 3062 542 doctorum
3095 505 3108 540 :
3141 488 3286 558 quia,
3364 491 3762 544 consummatis

2153 573 2406 644 operibus
2455 575 2678 640 sanctis,
2727 576 2927 645 pariter
2973 577 3328 648 congaudetis
3374 593 3542 647 super
3587 591 3762 648 regna

2155 663 2436 716 oculorum.
2463 663 2782 718 Intercedite
2811 679 2912 734 pro
2941 664 3096 720 vobis
3125 665 3458 732 commissis,
3486 663 3764 734 postulate

2155 766 2256 821 pro
2303 751 2460 804 nobis
2489 751 2717 816 afﬂictis,
2767 759 2958 822 rogate
3003 767 3102 824 pro
3151 753 3352 808 nostris
3383 752 3622 818 delictis,
3655 768 3762 823 po-

2159 839 2292 894 scite
2321 840 2592 894 Christum
2621 855 2730 895 non
2775 840 2949 894 solum
2981 857 3078 912 pro
3109 841 3391 896 monachis
3423 840 3764 910 commissis,

2159 927 2256 984 sed
2286 928 2444 982 etiam
2474 944 2575 998 pro
2605 929 2802 984 vestris
2831 929 3062 994 ancillis,
3097 938 3153 984 ut
3183 931 3363 984 omnis
3395 937 3551 995 aetas,
3585 929 3766 984 omnis

2161 1032 2344 1084 sexus,
2377 1018 2554 1070 omnis
2585 1017 2752 1086 Ordo,
2787 1019 2878 1088 qui
2909 1018 3104 1072 vestris
3131 1019 3422 1090 praeceptis
3453 1018 3600 1073 colla
3629 1018 3766 1072 sub-

2161 1106 2395 1170 mittunt,
2445 1106 2687 1176 peritura
2733 1107 2920 1160 mundi
2967 1107 3288 1176 despiciant,
3331 1107 3532 1179 gaudia
3563 1115 3768 1160 mter-na

2164 1195 2568 1266 concupiscant,
2621 1211 2791 1266 regna
2841 1196 2996 1250 beata
3043 1204 3316 1266 appetant,
3353 1210 3618 1266 prospera
3647 1194 3770 1247 ani-

2165 1299 2373 1340 marum
2433 1291 2484 1338 et
2539 1299 2832 1354 corporum
2897 1284 3216 1354 percipiant.
3277 1284 3438 1338 Nulla
3496 1283 3770 1338 diabolica

2167 1371 2355 1428 fraude
2385 1372 2761 1440 molestenlur,
2786 1372 2948 1426 nullis
2977 1372 3383 1428 incursionibus
3401 1371 3770 1442 malignorum

2167 1461 2486 1534 aﬂligantur,
2561 1461 2832 1532 nullisque
2901 1461 3299 1516 calamitatibus
3372 1460 3770 1514 annibilentur.

2169 1551 2342 1622 Euge,
2393 1551 2546 1604 Pater
2585 1550 2758 1614 beate,
2792 1549 2914 1604 fave
2959 1549 3328 1620 precantibus,
3357 1564 3574 1619 appone
3607 1563 3772 1602 aures

2169 1639 2426 1710 precibus
2473 1637 2796 1692 famulorum
2839 1645 3070 1704 tuorum,
3123 1638 3190 1690 da
3221 1637 3434 1691 veniam
3485 1636 3774 1707 poscenti-

476 1733 528 1780 et
557 1734 866 1794 serpentem
895 1725 1082 1780 illicita
1112 1725 1380 1796 gustando
1411 1723 1604 1780 effecta
1642 1733 1725 1778 est
1771 1723 2068 1794 peccatrix.
2101 1753 2152 1812 Β
2175 1728 2291 1792 bus,
2325 1728 2396 1780 da
2427 1727 2570 1780 dona
2599 1727 2985 1797 qumrentibus,
3019 1741 3181 1796 parce
3213 1725 3566 1795 peccantibus
3599 1743 3612 1777 :
3649 1725 3774 1796 quia

477 1812 582 1882 Qui
611 1813 835 1867 demens
867 1813 932 1866 de
963 1813 1046 1866 his
1097 1812 1192 1866 tibi
1239 1812 1484 1883 profuit?
1514 1815 1592 1866 Tu
1635 1812 1732 1866 tibi
1783 1819 2071 1882 perpetuos

481 1901 638 1972 ignes
671 1900 972 1966 cumulasti,
1007 1901 1096 1954 ille
1125 1909 1328 1956 terram
1346 1901 1596 1956 comedet
1619 1901 1826 1956 cunctis
1847 1900 2072 1954 diebus:

480 1997 534 2044 tu
580 1988 787 2044 catenis
839 1989 1016 2060 igneis
1064 1989 1304 2062 illigatus
1342 2009 1354 2054 ;
1405 1989 1494 2043 ille
1542 1989 1784 2044 omnium
1827 1989 1906 2042 ira
1955 2003 2076 2058 pre-

479 2077 659 2142 mitur,
720 2077 989 2132 calcaneis
1045 2078 1314 2140 tunditur,
1373 2077 1693 2132 verberibus
1751 2076 2074 2148 ﬂagellatur.

481 2165 596 2230 Vaa,
631 2182 711 2220 vae
737 2181 835 2235 per
862 2164 1040 2220 omnia
1075 2165 1248 2220 vobis.
1283 2167 1426 2220 Ecce
1457 2165 1660 2220 femina
1707 2173 1952 2234 reparata
1999 2169 2082 2216 est

483 2253 748 2326 sanguine
778 2253 994 2318 Christi,
1027 2269 1154 2309 ecce
1201 2270 1302 2324 pro
1345 2253 1639 2310 amissione
1679 2252 1882 2308 terreni
1919 2268 2080 2322 para-

484 2341 609 2406 disi,
645 2341 734 2395 illa
764 2357 909 2396 nunc
939 2341 1170 2396 culmina
1219 2341 1342 2397 cmli
1389 2342 1600 2406 retinet,
1651 2341 1794 2396 unde
1836 2354 2084 2410 praeceps

487 2429 658 2484 ruisti.
699 2431 926 2484 Versum
957 2437 1040 2484 est
1071 2429 1142 2484 fel
1191 2439 1342 2484 tuum
1391 2429 1444 2484 in
1493 2429 1838 2484 dulcedinem
1885 2427 2081 2492 mellis,

491 2517 644 2572 fraus
673 2517 914 2590 maligna
943 2525 1035 2572 tua
1063 2517 1116 2571 in
1148 2519 1538 2588 reparationem
1565 2517 1806 2572 omnium
1851 2524 1904 2570 et
1935 2515 2086 2568 salu-

475 2615 625 2662 .tem.
678 2605 958 2662 Perforata
1007 2613 1088 2660 est
1132 2606 1346 2660 maxilla
1389 2607 1622 2678 gutturis
1667 2605 1764 2670 tui,
1817 2604 2090 2660 neminem

497 2695 776 2761 mordens,
813 2694 1084 2750 neminem
1115 2710 1314 2750 vorans
1346 2695 1462 2750 sine
1491 2695 1607 2749 Deo
1646 2693 1880 2748 volente.
1933 2693 2000 2746 Et
2046 2690 2092 2744 si

492 2799 656 2856 quem
686 2783 984 2851 voraveris.
1029 2783 1229 2853 pietate
1277 2784 1376 2837 Dei
1422 2781 1746 2854 praéfocatus
1795 2797 1918 2836 cum
1967 2795 2092 2833 san-

491 2870 656 2942 guine
696 2870 910 2938 rejicies
939 2871 1110 2938 illum,
1141 2879 1196 2926 et
1223 2871 1292 2926 de
1320 2871 1623 2926 visceribus
1665 2871 1770 2926 tuis
1819 2869 2090 2924 abstrahet

499 2957 654 3012 illum
685 2959 853 3012 Deus.

554 3049 641 3102 18.
675 3044 866 3102 Gaude
891 3045 1022 3116 jam,
1056 3045 1216 3119 virgo
1243 3045 1364 3114 Dei,
1397 3046 1560 3102 tantis
1581 3046 1872 3103 sublimata
1904 3045 2096 3102 trium-

506 3237 904 3256 ᾖ

2175 1823 2230 1870 ιιι
2279 1823 2463 1886 pastor
2491 1831 2571 1878 es,
2602 1831 2702 1870 nos
2749 1831 2878 1870 vero
2919 1831 3072 1880 oves,
3103 1814 3227 1868 audi
3259 1822 3314 1868 tu
3347 1813 3558 1867 balatus
3591 1813 3776 1868 ovium

2175 1913 2408 1968 tuarum,
2459 1905 2614 1958 trahe
2661 1918 2760 1958 nos
2811 1911 2930 1972 post
2979 1911 3050 1966 te,
3101 1911 3156 1955 ut
3197 1901 3478 1956 veniamus
3509 1901 3582 1955 ad
3615 1908 3688 1962 te,
3723 1909 3778 1954 ut

2177 1993 2286 2048 illic
2335 2008 2462 2046 vera
2505 2007 2712 2062 pascua
2755 1991 3108 2054 inveniamus,
3143 1991 3234 2044 ubi
3259 1999 3384 2042 sunt
3410 2005 3544 2044 vera
3575 1989 3778 2059 gaudia

2179 2082 2525 2151 sempiterna.
2571 2081 2756 2134 Redde
2798 2080 2914 2134 Deo
2961 2080 3162 2134 talenta
3189 2079 3464 2134 cumulata
3493 2077 3564 2132 de
3597 2077 3776 2144 nobis,

2179 2178 2400 2242 reporta
2446 2185 2568 2225 cum
2609 2169 2790 2222 usuris
2811 2167 3020 2224 credita
3047 2168 3188 2222 dona
3233 2167 3624 2231 doctrinarum,
3657 2181 3779 2219 Ine-

2183 2276 2288 2331 que
2347 2257 2632 2330 indignum
2681 2257 2839 2326 hujus
2895 2256 3075 2327 operis
3139 2263 3616 2326 prmsumptorem,
3677 2253 3782 2306 tuis

2185 2347 2452 2418 conjunge
2499 2345 2730 2400 servulis
2773 2345 2966 2408 sacris,
3001 2353 3058 2398 ut
3088 2359 3212 2398 cum
3248 2343 3396 2397 omni
3421 2359 3598 2414 grege
3627 2357 3784 2397 com-

2185 2437 2354 2492 misso
2401 2436 2525 2490 vita:
2572 2433 2792 2505 praemia
2839 2449 3208 2504 assequamur,
3261 2441 3320 2486 ut
3369 2431 3464 2486 tibi
3509 2431 3730 2486 dicatur
3757 2445 3787 2484 a

2187 2527 2303 2582 Deo
2337 2541 2348 2580 :
2381 2526 2556 2596 Euge,
2587 2539 2744 2576 serve
2773 2523 2912 2576 boue
2953 2530 3006 2576 et
3035 2519 3230 2586 ﬁdelis,
3263 2519 3388 2591 quia
3419 2535 3586 2588 super
3615 2532 3788 2588 pauca

2189 2613 2336 2670 fuisti
2373 2611 2568 2678 ﬁdelis,
2605 2627 2768 2681 supra
2806 2609 2976 2665 multa
3005 2617 3058 2664 te
3089 2608 3414 2664 constituam
3443 2625 3456 2670 ;
3487 2607 3632 2660 intra
3659 2622 3790 2660 cum

2191 2703 2276 2758 his
2331 2702 2586 2758 omnibus
2639 2700 2736 2754 tibi
2781 2699 3000 2755 creditis
3039 2698 3094 2751 in
3123 2697 3382 2768 gaudium
3425 2695 3646 2750 Domini
3687 2695 3790 2758 tui,

2190 2798 2482 2863 praestante
2513 2789 2632 2860 ipso
2663 2788 2754 2860 qui
2785 2789 2948 2860 digna
2977 2786 3292 2856 promittere
3311 2784 3509 2855 gaudia
3527 2784 3792 2856 dignatus

2195 2889 2278 2936 est
2307 2879 2420 2934 suis
2465 2877 2700 2945 famulis,
2735 2876 2826 2948 qui
2854 2876 2984 2930 vivit
3013 2883 3066 2930 et
3095 2883 3290 2947 regnat
3327 2889 3424 2943 per
3451 2879 3652 2928 cuncta
3679 2887 3792 2927 sa-

2195 2969 2318 3026 cula
2347 2968 2690 3024 saeculorum.
2723 2969 2914 3024 Amen.

907 3225 3774 3254 Μ

1249 3371 1650 3444 QUOMODO
1707 3370 1872 3430 PER
1925 3368 2215 3430 ANNUM
2273 3361 2816 3426 JEJUNANDUM
2869 3329 3058 3422 SIT.-

1127 3539 1288 3612 cript.
1323 3537 1446 3594 cod.
1481 3530 1812 3596 Cassineusi,
1837 3529 1978 3601 apud
2008 3527 2233 3594 Mabill.,
2267 3535 2397 3581 tom.
2435 3527 2456 3581 Ι
2485 3523 2682 3580 Annal.
2705 3523 2826 3578 ord.
2863 3521 2918 3576 S.
2955 3518 3181 3588 Bened.,
3214 3534 3340 3592 pag.
3361 3517 3514 3588 78L.)

569 3795 816 3866 Quatuor
843 3799 1108 3861 tempora,
1141 3794 1368 3858 quatuor
1421 3791 1542 3838 sunt
1599 3780 1838 3854 legitima
1891 3777 2094 3847 jejunia
2130 3793 2178 3854 α
2211 3775 2283 3830 lia
2347 3773 2696 3829 Ascensionis
2772 3770 3008 3835 Domini,
3087 3771 3455 3834 Pentecostes,
3517 3777 3570 3824 et
3633 3767 3802 3823 sancti

498 3885 556 3940 in
577 3899 740 3950 anno,
777 3881 982 3936 scilicet
1025 3877 1226 3931 mensis
1281 3873 1440 3944 primi
1495 3869 1841 3926 hebdomade
1897 3867 2097 3936 prima,

499 3972 633 4028 feria
663 3977 858 4041 quarta
887 3977 938 4022 et
983 3973 1132 4019 sexta
1161 3971 1214 4017 et
1245 3962 1473 4015 sabbato
1503 3959 1558 4012 in
1585 3957 1872 4012 duodecim
1905 3955 2100 4009 lectio—

501 4075 602 4114 nes
619 4055 974 4126 jejunandum
995 4067 1169 4122 usque
1190 4050 1260 4103 ad
1275 4063 1582 4117 vesperum.
1609 4045 1809 4100 Mensis
1825 4043 2023 4114 quarti,
2047 4042 2102 4095 id

504 4155 588 4201 est
615 4143 781 4212 Junii,
815 4140 1162 4197 hebdomada
1193 4137 1450 4200 secunda,
1487 4134 1618 4189 feria
1649 4141 1836 4204 quarta
1865 4139 1916 4186 et
1949 4138 2104 4184 sexta

506 4243 560 4290 et
591 4233 821 4288 sabbato
853 4231 906 4285 in
931 4227 1220 4284 duodecim
1249 4225 1512 4280 lectiones
1533 4222 1886 4292 jejunandum
1929 4235 2102 4290 usque

505 4323 576 4379 ad
606 4337 826 4378 nonam.
865 4320 1050 4374 Mense
1083 4315 1443 4386 Septembrio,
1477 4312 1532 4366 id
1551 4320 1634 4366 est
1657 4311 1858 4365 mensis
1890 4306 2106 4377 septimi

503 4410 849 4468 bebdomada
877 4407 1052 4472 tertia,
1087 4405 1220 4460 feria
1247 4411 1435 4475 quarta
1480 4409 1532 4455 et
1589 4408 1738 4454 sexta
1788 4406 1841 4453 et
1881 4397 2108 4450 sabbato

507 4501 564 4556 in
592 4498 880 4555 duodecim
910 4495 1172 4552 lectiones
1204 4491 1554 4562 jejunandum
1587 4503 1760 4558 usque
1786 4487 1854 4541 ad
1885 4501 2106 4540 nonam.

511 4591 698 4645 Mense
729 4586 940 4642 decimo
971 4581 1312 4638 bebdomada
1357 4586 1566 4650 quarta,
1627 4576 1760 4631 feria
1813 4583 2002 4646 quarta
2059 4581 2110 4628 et

512 4685 666 4732 sexta
697 4684 749 4731 et
778 4675 1003 4729 sabbato
1045 4671 1099 4724 in
1129 4667 1418 4724 duodecim
1455 4665 1716 4720 lectiones
1756 4662 2112 4732 jejunaudum

511 4775 597 4822 est
626 4780 800 4836 usque
830 4763 898 4817 ad
929 4775 1240 4830 vesperum.
1275 4758 1380 4811 Ista
1411 4754 1698 4810 duodecim
1728 4751 1970 4825 legitima
2021 4751 2110 4818 je-

508 4854 666 4924 junia
693 4869 794 4923 per
821 4866 1023 4905 annum
1053 4853 1284 4903 exusant
1311 4860 1412 4916 pro
1445 4842 1682 4914 peccatis
1715 4849 1928 4896 centum
1975 4839 2112 4894 soli-

515 4944 620 4997 dos
639 4941 692 4996 in
709 4955 854 4995 auro
883 4947 1068 4995 cocto.
1107 4937 1352 5006 Cumque
1385 4931 1630 4988 studiose
1659 4931 1776 4984 haec
1835 4929 1942 4985 duo

513 5047 586 5086 no
643 5029 840 5102 pellit.
865 5069 912 5083 ..
1005 5023 1382 5080 liberabit....
1435 5021 1703 5074 animam.
1803 5019 1970 5072 Extra
2047 5031 2114 5071 ea

514 5119 741 5189 jejunia,
775 5131 895 5189 qua”:
924 5115 1078 5170 Prior
1103 5111 1356 5167 indixerit
1383 5124 1487 5180 pro
1517 5121 1840 5178 quacunque
1871 5104 2106 5160 tribula-

527 5208 695 5263 tione.

1019 5327 1096 5382 De
1127 5325 1361 5396 reliquis
1381 5322 1644 5394 jejuniis.

2202 3863 2427 3918 Joannis
2471 3861 2745 3932 Baptistae,
2797 3869 2849 3914 et
2897 3859 3068 3914 sancti
3117 3857 3280 3922 Petri,
3327 3867 3378 3912 et
3425 3859 3603 3912 sancti
3661 3857 3796 3910 Lau-

2203 3952 2380 4020 rentii,
2413 3959 2464 4004 et
2505 3959 2702 4004 sancta:
2747 3948 2964 4012 Mariaa;
2999 3947 3052 4000 in
3083 3945 3284 4016 vigiliis
3315 3946 3504 3999 harum
3537 3945 3798 4000 festivita-

2205 4049 2320 4095 tum
2365 4055 2583 4109 semper
2621 4037 2976 4106 jejunandum
3019 4045 3100 4090 est
3149 4051 3320 4104 usque
3369 4035 3438 4088 ad
3485 4050 3702 4098 nonam,
3751 4043 3800 4087 et

2206 4130 2420 4198 expleta
2467 4129 2634 4180 missa
2667 4125 2928 4180 reficiant.
2967 4124 3024 4178 Si
3056 4123 3346 4178 nominata:
3377 4123 3688 4193 vigiliarum
3717 4137 3800 4175 re-

2205 4218 2386 4288 liquiae
2416 4217 2502 4270 die
2535 4215 2816 4270 Dominico
2859 4212 3212 4272 occurrerint,
3249 4227 3356 4264 non
3389 4211 3515 4266 licet
3541 4211 3794 4279 jejunare.

2209 4307 2417 4362 Octava
2459 4303 2664 4358 Natalis
2713 4301 2946 4367 Domini,
2999 4309 3186 4354 octava
3239 4299 3580 4369 Epiphaniae,
3619 4295 3798 4351 Purit'i-

2209 4394 2436 4450 cationis
2481 4400 2680 4447 sanctae
2729 4390 2930 4454 Mariis,
2983 4389 3078 4444 sed
3109 4397 3162 4442 et
3191 4397 3394 4443 sancta:
3437 4387 3799 4446 Scholastice.

2211 4490 2522 4537 sanctorum
2549 4480 2788 4534 Faustini
2819 4487 2872 4533 et
2899 4479 3107 4540 Jovitze,
3135 4477 3306 4530 sancti
3339 4475 3621 4538 Germani,
3651 4473 3800 4528 dedi-

2211 4572 2348 4627 catio
2378 4571 2552 4625 sancti
2597 4567 2872 4622 Benedicti
2917 4583 3156 4632 sursum,
3211 4574 3264 4619 et
3293 4565 3560 4618 dedicatio
3597 4561 3804 4617 Domini

2213 4659 2508 4716 Salvatoris
2539 4667 2590 4712 et
2621 4665 2820 4712 sancta:
2869 4656 3049 4710 Maria:
3091 4655 3368 4709 deorsum.
3402 4654 3462 4706 In
3493 4652 3610 4706 istis
3637 4650 3804 4705 omni-

2214 4749 2318 4802 bus
2349 4747 2732 4802 festivitatibus
2761 4761 2870 4800 non
2897 4745 3168 4812 jejunatur
3195 4757 3368 4812 usque
3401 4741 3471 4794 ad
3503 4755 3802 4809 vesperum,

2213 4835 2318 4891 nisi
2347 4836 2394 4890 si
2423 4835 2662 4890 evenerit
2711 4841 2912 4888 sanctae
2955 4830 3322 4894 Scholasticis,
3357 4837 3450 4882 aut
3479 4837 3798 4886 sanctorum,

2215 4923 2452 4980 Faustini
2498 4933 2550 4978 et
2595 4923 2804 4990 Jovitae,
2850 4921 2938 4975 vel
2985 4920 3154 4975 sancti
3204 4918 3441 4972 Matthiae
3487 4914 3708 4988 apostoli
3749 4914 3802 4966 in

2215 5013 2686 5086 quinquagesima,
2709 5019 2802 5064 aut
2829 5010 2883 5064 in
2905 5008 3348 5081 quadragesima.
3369 5007 3530 5076 Quod
3549 5006 3595 5059 si
3617 5018 3802 5058 eveneo

2219 5103 2305 5168 rit,
2339 5102 2418 5156 sic
2449 5109 2641 5174 agatur
2662 5100 2800 5155 sicut
2816 5099 2872 5152 in
2893 5097 3012 5152 aliis
3031 5097 3200 5153 sacris
3223 5097 3414 5165 jejunii
3443 5095 3649 5150 diebus.
3669 5091 3802 5146 Nam

2223 5190 2400 5246 cilicia
2431 5197 2488 5244 ut
2535 5189 2745 5260 reliqua
2773 5187 2954 5243 omnia
2977 5187 3046 5241 de
3077 5201 3240 5256 supra
3267 5184 3482 5254 scriptis
3513 5181 3800 5238 festivitati-

2227 5281 2327 5334 bus
2355 5280 2426 5334 ita
2455 5285 2708 5350 agantur,
2734 5275 3008 5348 quomodo
3037 5274 3290 5338 diximus,
3317 5273 3456 5328 sicut
3485 5281 3536 5327 et
3565 5273 3615 5325 in
3633 5267 3808 5324 Domi-

2225 5369 2349 5424 nico
2393 5367 2503 5423 die.
2551 5369 2610 5420 In
2659 5365 2832 5420 sancti
2875 5379 3008 5420 vero
3051 5362 3304 5434 Gregorii
3351 5369 3406 5416 et
3445 5359 3608 5416 sancti
3637 5359 3804 5411 Bene-

603 5473 662 5527 ln
693 5471 878 5544 vigilia
927 5468 1098 5524 sancti
1153 5463 1388 5520 Matthaai
1445 5471 1499 5518 et
1545 5460 1758 5516 Natalis
1801 5459 2020 5516 Domini
2078 5467 2130 5513 et
2226 5457 2378 5522 dicti,
2437 5464 2490 5510 et
2543 5453 2966 5510 Annuntiatione
3025 5459 3222 5507 sanctae
3279 5450 3464 5505 Mariae
3535 5443 3806 5502 duodecim

534 5560 836 5636 Epiphania
861 5555 1216 5629 ieiunandum
1245 5569 1420 5627 usque
1449 5552 1518 5610 ad
1539 5566 1849 5622 vesperum.
1883 5549 1946 5604 In
1992 5547 2128 5620 vigi-

2233 5545 2492 5602 lectiones
2549 5543 2700 5612 fiunt,
2763 5551 2816 5600 et
2869 5557 3048 5616 genua
3099 5541 3152 5594 in
3201 5539 3449 5596 oratione
3489 5537 3666 5592 fratres
3699 5547 3806 5594 non
