4060 6184
266 354 377 405 989

1238 344 1618 404 HARMOTUS
1680 343 2211 401 SANGALLENSIS
2269 343 2507 400 ABBAS.

3469 350 3574 404 990

272 474 525 543 ﬂectunt,
567 474 666 531 sed
704 472 968 544 jejunium
1028 489 1202 546 usque
1249 472 1317 526 ad
1355 486 1645 542 vesperum
1694 470 1881 525 obser-
1909 468 2112 531 Alicet
2140 467 2404 525 dividere.
2436 470 2480 524 Α
2536 469 2717 525 Natali
2752 469 2970 527 Domini
3019 487 3191 544 usque
3220 471 3580 543 Epiphaniam

275 571 410 619 vant
442 581 458 629 ;
494 572 674 618 tamen
701 570 827 634 post
870 577 1135 633 vesperas
1172 560 1531 617 refectionem
1558 558 1767 616 faciunt
1813 558 1882 614 de

276 659 431 707 cotto
461 659 518 707 et
543 651 693 707 vino.
744 652 804 706 In
846 650 1017 706 sancti
1048 649 1307 721 Stephani
1348 656 1399 704 et
1442 648 1615 704 sancti
1661 646 1884 702 Joannis

277 739 659 811 evangelistae,
691 746 744 795 et
797 739 853 794 in
889 738 1026 793 feria
1073 738 1331 803 secunda,
1373 745 1426 793 et
1454 737 1509 792 in
1565 735 1703 791 feria
1728 735 1885 790 tertia

276 836 408 899 post
434 829 665 893 Pascha,
699 843 897 882 novem
927 827 1148 898 quidem
1184 826 1450 882 lectiones
1487 824 1687 880 faciunt
1719 838 1886 889 ;nam

278 916 454 971 missa
484 916 556 970 ita
576 916 775 989 agitur,
806 915 945 972 sicut
974 916 1029 969 in
1058 915 1147 970 die
1178 914 1485 970 Dominico.
1520 914 1580 968 ln
1619 912 1739 967 istis
1766 927 1883 967 om-

281 1005 451 1059 nibus
485 1020 653 1075 supra
680 1003 898 1075 scriptis
956 1002 1336 1058 festivitatibus
1369 1017 1587 1072 semper
1614 1002 1684 1056 ad
1712 1009 1883 1055 matu-

278 1093 455 1147 tinum
487 1094 760 1148 Dominus
790 1092 1049 1163 regnavit
1075 1090 1303 1158 canitur,
1338 1099 1391 1145 et
1432 1105 1613 1162 genua
1659 1104 1766 1144 non
1794 1087 1884 1143 ﬂe-

279 1188 521 1248 etuntur,
552 1188 606 1235 et
641 1179 936 1251 capitulum
958 1188 1009 1233 et
1036 1179 1199 1234 lectio
1236 1178 1306 1233 ad
1323 1194 1506 1234 seram
1547 1192 1656 1232 non
1685 1176 1884 1249 legun-

280 1268 399 1323 tur.
420 1269 561 1323 Nam
589 1268 644 1323 in
673 1268 795 1322 aliis
823 1268 1078 1323 omnibus
1094 1274 1407 1323 sanctorum
1435 1280 1633 1322 novem
1664 1265 1885 1336 quidem

283 1356 557 1413 lectiones
613 1355 836 1422 faciunt,
896 1355 1215 1410 matutinum
1246 1363 1298 1410 et
1345 1355 1513 1409 missa
1560 1354 1636 1409 ita
1681 1352 1883 1425 agitur,

280 1446 427 1500 sicut
456 1445 512 1500 in
542 1444 871 1516 quotidianis
902 1444 1115 1509 diebus,
1150 1458 1330 1515 genua
1358 1443 1595 1508 ﬂectant,
1622 1442 1887 1511 jejunium

280 1533 585 1589 observent
600 1548 772 1604 usque
801 1533 868 1587 ad
905 1533 1097 1588 horam
1138 1539 1427 1598 statutam;
1465 1532 1720 1588 Miserere
1750 1530 1883 1595 mei,

287 1623 459 1685 Deus,
485 1620 553 1674 ad
585 1635 845 1690 vesperas
873 1629 926 1675 et
953 1618 1276 1675 matutinum
1303 1627 1355 1675 et
1397 1619 1465 1673 ad
1495 1619 1726 1691 primam
1775 1634 1886 1673 non

281 1716 511 1765 cantent
542 1726 555 1761 :
597 1722 718 1762 nam
755 1708 966 1764 caeteris
1001 1708 1147 1763 horis
1175 1715 1441 1773 cantatur,
1482 1715 1683 1778 praeter
1726 1706 1774 1760 si
1830 1706 1885 1760 in

1983 573 2167 631 genua
2195 573 2303 613 non
2334 558 2663 614 ﬂectuntur:
2696 559 2955 615 Miserere
2995 561 3128 626 mei,
3161 562 3326 627 Deus,
3375 560 3430 615 in
3458 575 3581 616 ora-

1985 647 2130 701 tione
2156 646 2372 717 publica
2418 647 2486 701 ad
2518 646 2726 702 nullum
2756 647 2991 703 ofﬁcium
3044 655 3261 703 cantant
3320 664 3495 721 usque
3524 648 3582 703 in

1984 741 2227 790 octavam
2264 735 2471 790 Natalis
2520 735 2756 791 Domini.
2809 735 3069 791 Similiter
3097 752 3127 791 a
3161 737 3366 793 Pascha
3400 752 3577 809 usque

1983 831 2229 879 octavam
2260 824 2615 880 Pentecosten
2649 844 2664 890 ;
2698 832 2890 895 postea
2928 840 3057 881 vero
3086 832 3322 880 cantent.
3362 826 3443 881 De
3473 840 3569 880 re-

1983 910 2212 967 fectorio
2240 919 2418 967 autem
2444 913 2629 967 omnia
2672 912 2958 985 adimpleri
3015 912 3235 978 debent,
3273 912 3411 969 sicut
3444 929 3575 967 san-

1985 1008 2103 1055 ctus
2132 1000 2454 1055 Benedictus
2509 1000 2659 1071 dicit,
2719 1001 2836 1057 sive
2882 1001 3110 1068 aestatis,
3188 1000 3303 1057 sive
3362 1000 3580 1066 hiemis,

1986 1088 2101 1143 sive
2139 1087 2593 1161 quadragesimae,
2626 1090 2807 1151 omnia
2829 1090 3129 1145 secundum
3159 1097 3372 1160 tempus
3403 1105 3579 1144 suum.

1986 1177 2188 1232 Praeter
2245 1176 2390 1249 quod
2437 1178 2773 1232 consuetudo
2836 1186 2939 1244 est,
2996 1177 3113 1233 sive
3172 1193 3409 1246 sursum,
3469 1176 3585 1235 sive

1985 1265 2265 1334 deorsum,
2297 1273 2356 1320 ut
2386 1280 2495 1320 non
2539 1264 2784 1321 reﬁciant
2842 1266 2909 1321 ad
2974 1281 3204 1336 nonam,
3253 1280 3429 1338 usque
3456 1265 3584 1321 dum

1986 1352 2455 1409 vindemiaverint.
2492 1354 2627 1409 Cum
2680 1361 2862 1410 autem
2889 1353 3048 1409 liberi
3092 1369 3125 1409 a
3161 1353 3433 1410 vindemia
3477 1352 3588 1410 fue-

1986 1441 2111 1506 rint,
2132 1441 2309 1495 statim
2330 1443 2397 1495 ad
2428 1458 2628 1498 nonam
2667 1443 2852 1497 horam
2896 1441 3169 1508 reﬁciunt,
3202 1450 3255 1498 et
3292 1451 3417 1513 post
3464 1458 3586 1499 ves-

1984 1544 2150 1602 peras
2179 1536 2398 1602 gustum
2436 1531 2783 1597 manducent,
2831 1538 2885 1586 et
2932 1528 3125 1586 bibunt
3186 1531 3400 1597 iterum,
3442 1530 3589 1603 quod

1986 1617 2043 1672 in
2064 1618 2250 1689 regula
2282 1634 2390 1673 non
2420 1624 2502 1675 est
2534 1618 2816 1689 scriptum.
2851 1618 3112 1674 Similiter
3165 1627 3220 1675 et
3252 1618 3589 1691 quinquage-

1988 1706 2123 1761 sima
2170 1714 2293 1778 post
2338 1705 3049 1763 refectionem-secundum
3119 1706 3587 1775 consuetudinem,

282 1795 579 1851 Dominico
615 1795 705 1851 die
736 1796 964 1860 venerit,
989 1795 1034 1849 si
1058 1796 1366 1866 contigerit,
1408 1796 1717 1850 celebratur
1747 1794 1885 1849 sicut
1916 1802 2276 1885 Bantequam
2323 1794 2484 1849 lectio
2541 1795 2774 1866 legatur,
2843 1803 2954 1850 tota
3001 1795 3346 1851 hebdomade
3376 1795 3587 1864 bibunt,

282 1884 602 1939 Dominica.
661 1884 739 1938 De
787 1882 1053 1939 divisione
1109 1883 1358 1937 matutini
1406 1892 1461 1938 et
1517 1882 1765 1938 nocturni
1811 1882 1886 1937 ita
1916 1882 1961 1885 _
1990 1883 2136 1955 quod
2164 1898 2267 1939 nec
2295 1882 2440 1938 istud
2495 1882 2551 1938 in
2604 1882 2796 1954 regula
2849 1883 3068 1939 dicitur.
3128 1883 3357 1954 Quando
3402 1892 3584 1940 autem

281 1972 487 2044 agitur.
535 1974 581 2025 Α
636 1970 893 2025 Kalendis
952 1971 1264 2026 novembris
1322 1987 1495 2043 usque
1534 1971 1588 2025 in
1648 1970 1888 2041 vigiliam
1987 1971 2300 2025 mandatum
2353 1970 2576 2035 faciunt,
2628 1972 2674 2027 si
2716 1971 2977 2027 Dominus
3034 1972 3418 2027 abundantiam
3477 1972 3587 2027 vini

282 2061 476 2115 Cena:
506 2058 741 2123 Domini,
776 2058 915 2115 sicut
975 2066 1198 2114 sanctus
1245 2059 1568 2115 Benedictus
1607 2057 1889 2129 praedesti—

284 2147 459 2201 navit.
493 2147 766 2201 Praeterea
798 2146 851 2200 in
883 2146 1062 2216 vigilia
1094 2147 1299 2202 Natalis
1339 2146 1571 2215 Domini,
1605 2155 1657 2201 et
1686 2146 1741 2200 in
1771 2161 1887 2202 om-

284 2236 452 2291 nibus
484 2242 806 2291 sanctorum
836 2244 888 2290 et
918 2235 1217 2291 Dominicis
1246 2235 1456 2302 diebus,
1491 2235 1637 2308 quod
1668 2234 1890 2290 minime

289 2432 491 2441 ___._——

1146 2663 1324 2817 H

1989 2058 2222 2125 dederit,
2248 2074 2477 2131 semper
2505 2060 2693 2115 bibunt
2724 2079 2739 2127 ;
2796 2059 2845 2114 si
2881 2067 3062 2115 autem
3100 2060 3356 2133 exiguum
3399 2058 3576 2128 fuerit,

1990 2146 2356 2205 abstinebant.

1533 2536 1689 2579 ANNO
1729 2536 1933 2579 DOMINI
1975 2536 2339 2579 DCCCLXXXIV
2348 2565 2361 2580 .

1378 2657 2674 2824 ARMOTUS

1515 2879 2044 2937 SANGALLENSIS
2099 2880 2317 2936 ABBAS

490 3008 1412 3083 INSCRIPTIONES
1526 3007 1641 3078 IN
1758 3006 2222 3077 TEMPLO
2347 3006 2765 3081 SANCTI
2882 2985 3423 3085 OTHMARI

1467 3154 1648 3228 (Apud
1691 3152 1966 3208 Canisium
2002 3152 2127 3212 lect.
2172 3154 2367 3229 antiq.)

289 3393 591 3465 Templum
644 3391 832 3447 sancti
875 3389 1131 3446 Othrnari
1177 3387 1342 3461 pingi
1374 3387 1513 3457 fecit
1562 3386 2104 3465 Harmptus_a_bbas,
2156 3390 2323 3465 atque
2369 3387 2434 3441 in
2476 3388 2695 3459 pariete
2740 3403 2854 3444 uno
2889 3388 3232 3461 pingebatur
3267 3389 3583 3462 Sapientia,

1566 3472 1696 3511 cum
1728 3455 1828 3511 hoc
1869 3458 2107 3512 Patrum
2138 3455 2330 3529 elogio.

831 3609 877 3665 Ο
905 3623 1174 3683 generosa
1201 3623 1415 3679 parens,
1446 3605 1657 3663 cunctis
1686 3605 1993 3679 gratissima
2021 3605 2215 3663 doctis.

830 3695 877 3753 Ο
900 3699 1069 3754 decus
1097 3696 1327 3767 imperii,
1361 3695 1560 3752 rectrix
1589 3695 1908 3768 dignissima
1938 3695 2145 3761 mundi,
2182 3750 2187 3755 ,

830 3785 1066 3857 Soleque
1096 3784 1452 3856 splendidior,
1474 3783 1619 3838 fulvo
1641 3783 1934 3853 pretiosior
1950 3798 2086 3837 auro

830 3874 1005 3944 Quam
1028 3874 1293 3945 praeclara
1323 3872 1463 3928 nites
1492 3880 1625 3937 toto,
1660 3871 1957 3942 Sapientia,
1987 3871 2210 3926 mundo.

832 3962 1030 4034 Aspice
1060 3979 1221 4034 quam
1249 3961 1481 4032 pulchro
1510 3962 1765 4017 decorata
1796 3967 1878 4015 est
1908 3960 2100 4015 ordine
2141 3967 2315 4015 mater

829 4051 1111 4116 Natarum,
1144 4051 1287 4107 clare
1320 4050 1472 4105 dives
1501 4050 1779 4121 Sapientia
1810 4048 2048 4122 fulgens.

1076 4176 1142 4232 In
1168 4177 1386 4248 pariete
1408 4176 1587 4232 altera
1611 4179 1825 4247 septem
1846 4174 2160 4247 Sapientes.

831 4282 1083 4338 Continet
1112 4282 1200 4338 hic
1228 4282 1408 4352 paries
1440 4289 1680 4336 veterum
1712 4288 2061 4335 monumenta
2097 4281 2418 4351 soPhorum,

835 4371 997 4427 Claro
1017 4371 1110 4443 qui
1138 4378 1312 4426 totum
1339 4370 1644 4426 docuerunt
1672 4368 1885 4424 tramite
1914 4367 2193 4422 mundum.

834 4496 898 4552 In
928 4496 1046 4551 alia
1098 4498 1259 4568 parte
1306 4494 1467 4549 turba
1521 4494 1807 4548 beatorum
1849 4493 1958 4548 Deo
2003 4491 2418 4549 assistentium.

834 4610 1065 4683 Agmina
1095 4617 1408 4666 sanctorum
1429 4608 1704 4663 laudantia
1734 4622 1868 4663 voce
1906 4622 2099 4663 serena

833 4701 971 4754 Ante
1003 4700 1255 4754 thronum
1284 4697 1499 4753 Domini
1530 4697 1722 4751 sistunt
1739 4712 1840 4766 per
1869 4695 2071 4752 saecula
2099 4702 2318 4753 cuncta.

1229 4823 1293 4878 In
1319 4824 1540 4895 pariete
1568 4838 1737 4894 super
1764 4821 1994 4878 ostium.

835 4941 937 4998 Hic
965 4942 1114 4998 Deus
1143 4949 1227 4998 est
1252 4957 1497 5014 praesens
1527 4957 1666 5013 puro
1694 4941 2046 5013 poscentibus
2074 4955 2191 5008 ore,

850 5030 998 5087 Dans
1025 5030 1244 5087 miseris
1274 5031 1505 5100 veniam,
1537 5030 1783 5087 contritis
1812 5030 1977 5086 corde
2003 5029 2295 5086 medelam.
