4112 6192
466 301 562 353 991

1453 298 1508 351 S.
1552 293 1904 352 REMBERTI
1959 293 2318 352 HAMBURG.
2367 295 2588 350 EPISC.

3661 307 3768 360 992

1436 545 2119 630 EPITAPHIUM
2218 545 2764 629 GRIMALDI

1720 701 2046 758 AUCTORE
2104 701 2444 757 IIARMOTO

1463 803 1627 870 (Hist.
1683 802 1796 856 litt.
1847 801 1913 854 de
1955 802 2186 867 France,
2225 807 2362 854 tom.
2415 801 2476 864 ν,
2519 817 2574 870 ρ.
2617 801 2767 868 404.)

1358 1031 1456 1088 Hic
1485 1040 1668 1086 manet
1699 1031 1920 1086 interius
1942 1030 2138 1086 divinae
2159 1030 2299 1088 legis
2332 1037 2542 1084 amator

1349 1103 1657 1158 Grimaldus
1687 1101 1904 1156 humilis
1933 1101 2194 1171 templum
2221 1100 2324 1156 hoc
2353 1101 2442 1172 qui
2465 1101 2698 1156 condere
2731 1100 2910 1169 jussit.

469 1243 3770 1268 Μ

1829 1273 2042 1280 .__~——.

2049 1271 2524 1279 -_———.——_~_———-—_—_
2545 1273 2644 1280 -μ-
2659 1273 2780 1280 _.____

1667 1379 1820 1421 ANNO
1863 1380 2064 1420 DOMINI
2116 1378 2544 1420 DCCCLXXXVIII.

705 1500 825 1661 s
866 1502 990 1661 A
1037 1502 1158 1662 N
1206 1500 1332 1662 c
1375 1501 1506 1661 τ
2741 1503 2850 1662 E
2895 1503 3012 1663 Β
3053 1504 3183 1663 τ
3232 1503 3352 1662 υ
3397 1502 3516 1663 s

1569 1723 2112 1779 HAMBURGENSIS
2171 1721 2573 1779 EPISCOPUS.

1307 1853 1566 1936 VITA
1704 1850 2110 1934 SANCTI

1561 2083 1810 2123 AUCTORE
1859 2083 2151 2133 ANONYMO,
2203 2084 2330 2122 ΕΙΰὸ

3137 1809 3160 1824 θ

2239 1852 2835 1935 REMBERTI

2384 2082 2620 2131 .EQUALI.

1385 2165 1569 2236 (Apud
1622 2165 1824 2219 Mabill.
1885 2167 2016 2220 Acta
2076 2165 2172 2219 SS.
2231 2165 2439 2220 ordinis
2497 2165 2552 2220 S.
2611 2165 2837 2236 Bened.)

1069 2391 1458 2450 PROLOGUS.

529 2500 794 2571 Scripturi
829 2501 1005 2556 Vitam
1062 2516 1186 2556 cum
1231 2501 1378 2556 omni
1417 2516 1634 2571 semper
1701 2500 2055 2556 veneratione

465 2589 802 2644 memorandi
831 2590 1107 2645 Remberti
1163 2588 1454 2660 pontiﬁcis,
1497 2597 1549 2644 et
1593 2607 1714 2660 qua
1747 2588 1906 2644 oﬁicii
1935 2590 2054 2658 ejus

461 2677 714 2748 primitus
745 2678 958 2734 occasio
997 2677 1175 2744 fuerit,
1207 2685 1296 2732 aut
1335 2693 1497 2749 quem
1535 2678 1604 2732 ad
1647 2679 1752 2732 hoc
1790 2678 2060 2732 instituto-

464 2781 578 2820 rem
621 2766 704 2820 vel
759 2767 1190 2822 conversationis
1245 2766 1548 2837 profectum
1615 2767 1889 2832 habuerit,
1961 2782 2058 2821 seu

464 2854 698 2924 qualiter
724 2855 792 2908 ad
825 2856 928 2909 hoc
967 2854 1171 2910 electus
1236 2855 1495 2924 deinceps
1549 2854 1761 2920 vixerit,
1796 2855 1850 2909 in
1886 2871 2057 2926 quan-

465 2949 578 2995 tum
606 2943 722 2997 haec
761 2942 1145 3012 comperimus,
1179 2941 1409 2996 ﬁdeliter
1438 2958 1778 2998 enarramus.

963 3081 1186 3138 CAPUT
1217 3081 1505 3137 PRIMUM.

536 3187 670 3241 Cum
701 3186 992 3258 imperator
1019 3187 1324 3243 Ludovicus
1355 3187 1530 3260 Regni
1569 3189 1904 3244 Francorum
1933 3203 2056 3243 mo-

465 3276 748 3330 narchiam
769 3283 996 3340 teneret,
1031 3275 1236 3331 auctori
1268 3275 1663 3331 sublimationis
1685 3293 1797 3331 suae
1827 3278 1942 3331 Deo
1973 3284 2056 3330 ta-

465 3363 573 3418 lem
601 3365 796 3420 devote
827 3364 1000 3420 vicem
1034 3365 1261 3419 reddere
1299 3365 1526 3428 curavit,
1571 3373 1627 3418 ut
1682 3365 1929 3420 ecclesia;
1958 3365 2058 3419 Dei

463 3451 518 3506 in
549 3469 720 3524 regno
752 3452 866 3521 ejus
897 3453 1200 3508 constitutae
1239 3453 1453 3508 decenti
1493 3452 1668 3525 vigori
1697 3451 2046 3522 proﬁcerent,

465 3557 744 3595 servorum
773 3557 985 3612 quoque
1016 3549 1068 3596 et
1097 3541 1416 3596 ancillarum
1473 3541 1570 3595 Dei
1600 3549 1769 3594 status
1799 3557 1922 3597 cum
1953 3542 2050 3596 ho-

453 3629 614 3684 .noris
643 3629 979 3684 incremento
1035 3629 1194 3684 latius
1234 3637 1596 3685 excresceret.
1645 3629 1740 3684 llis
1773 3632 1888 3700 ejus
1921 3629 2057 3684 assi-

2085 2395 2382 2484 Agloriosi
2439 2411 2780 2483 imperatoris
2837 2412 3016 2468 Caroli
3073 2411 3140 2465 ad
3196 2409 3613 2483 gubernandum
3673 2418 3756 2464 est

2157 2500 2489 2571 presbyteris
2544 2501 2853 2565 commissa,
2905 2501 3088 2554 donec
3137 2507 3440 2568 opportuno
3491 2505 3754 2567 tempore,

2157 2588 2428 2658 deputatis
2455 2588 2606 2658 prius
2645 2588 2712 2641 ad
2741 2588 2921 2643 locum
2955 2586 3360 2657 episcopalibus
3391 2584 3752 2648 suﬁicientiis,

2158 2677 2626 2746 archiepiscopum
2657 2675 2858 2731 faceret
2887 2675 3088 2729 ibidem
3118 2673 3447 2730 consecrari.
3495 2675 3618 2744 Ipso
3657 2690 3754 2727 au—

2159 2773 2266 2820 tem
2287 2773 2413 2819 ante
2435 2765 2592 2834 hujus
2609 2763 2862 2820 eifectum
2883 2764 2992 2820 voti
3011 2779 3083 2818 ex
3095 2765 3196 2818 hac
3210 2763 3314 2817 vita
3329 2762 3564 2826 sublato,
3571 2762 3756 2832 piissi-

2157 2869 2280 2908 mus
2296 2851 2440 2907 ﬁlius
2461 2854 2507 2922 ej
2517 2870 2578 2907 us
2594 2853 2706 2922 jam
2719 2853 2894 2908 dictus
2917 2852 3220 2907 Ludovicus
3231 2868 3352 2906 cum
3375 2849 3625 2904 fidelibus
3643 2850 3754 2904 suis

2158 2943 2296 2996 hanc
2311 2943 2426 3010 ejus
2451 2941 2801 2996 intentionem
2831 2949 3144 3006 retractans,
3177 2939 3504 3010 Ansgarium
3527 2953 3754 2992 summae

2159 3030 2459 3086 sanctitatis
2489 3030 2689 3097 virum,
2723 3037 2776 3084 ut
2797 3037 2954 3100 pater
2983 3029 3318 3093 decreverat,
3351 3027 3630 3098 privilegii
3661 3042 3753 3081 ar-

2158 3118 2574 3188 chiepiscopalis
2605 3127 2656 3174 et
2687 3119 2878 3174 ordine
2909 3125 2961 3172 et
2991 3117 3212 3172 nomine
3233 3115 3534 3180 sublimari,
3570 3123 3624 3170 et
3645 3115 3754 3184 jam

2159 3207 2316 3264 dictae
2348 3207 2580 3262 novellae
2636 3207 2882 3262 ecclesia
2930 3205 3261 3276 rudibusque
3309 3205 3488 3258 adhuc
3535 3203 3592 3257 in
3650 3201 3754 3256 ﬁde

2158 3295 2374 3366 populis
2427 3304 2715 3361 rectorem,
2763 3311 2827 3349 ac
2857 3294 3128 3364 gentibus,
3161 3302 3216 3347 ut
3245 3292 3445 3348 dictum
3477 3299 3584 3358 est,
3619 3306 3752 3346 nec-

2159 3385 2288 3438 dum
2319 3383 2564 3438 tidelibus
2596 3391 2936 3455 erogatorem
2957 3382 3110 3436 verbi
3159 3380 3324 3434 divini
3371 3379 3578 3435 fecerat
3612 3379 3758 3433 ordi-

2159 3473 2300 3526 nari.
2343 3473 2505 3540 Cujus
2537 3488 2570 3526 a
2609 3471 2838 3542 pueritia
2891 3471 2947 3523 in
3004 3470 3105 3524 Dei
3135 3469 3323 3524 timore
3379 3467 3744 3523 conversatio-

2159 3578 2303 3631 nem,
2334 3562 2422 3617 vel
2443 3578 2564 3616 cum
2593 3561 2764 3615 mtatis
2792 3575 3054 3631 processu
3101 3559 3357 3614 virtutum
3389 3557 3751 3621 incrementa,

2159 3659 2246 3704 aut
2295 3649 2510 3720 quantis
2557 3649 2772 3703 indiciis
2846 3648 3100 3702 divinitus
3157 3653 3628 3717 praemonstratum
3687 3645 3757 3698 sit

463 3718 584 3772 duis
615 3719 1054 3773 meditationibus
1077 3735 1142 3772 ex
1164 3719 1346 3773 divina
1367 3718 1722 3788 inspiratione
1741 3719 2088 3805 subintravit]

2161 3718 2504 3808 pontiﬁcatus
2535 3745 2588 3792 et
2627 3735 3026 3807 prwdicationis
3073 3736 3188 3803 ejus
3246 3733 3496 3798 ofﬁcium,
3538 3743 3590 3788 et
3621 3747 3755 3804 quo-

467 3805 625 3861 etiam
655 3807 991 3872 memoriam,
1028 3807 1260 3878 qualiter
1305 3807 1682 3862 serenissimus
1749 3815 1900 3876 pater
1931 3824 2058 3860 suus

467 3895 696 3949 Carolus
727 3903 1088 3965 cognomento
1119 3897 1365 3967 Magnus,
1409 3904 1624 3967 gentem
1657 3895 1930 3948 Saxonum
1957 3911 2052 3949 eo-

467 3989 643 4044 tenus,
675 3981 951 4036 inﬁdelem
989 3983 1056 4036 ad
1097 3981 1258 4036 ﬁdem
1290 3983 1484 4036 Christi
1524 3983 2060 4052 converterit,u5t:{ue

469 4071 536 4123 ad
567 4071 673 4124 huc
701 4069 965 4123 ordinatis
995 4087 1094 4138 per
1143 4070 1311 4138 ipsam
1371 4070 1704 4140 provinciam
1773 4070 2060 4124 sufﬁcienti

468 4173 696 4211 numero
727 4157 1017 4227 episcOpis,
1051 4164 1103 4212 et
1141 4158 1363 4212 sedibus
1393 4173 1582 4211 eorum
1613 4158 1836 4227 provide
1870 4159 2060 4212 distri-

467 4246 630 4310 butis,
684 4253 983 4301 extremum
1013 4247 1082 4301 ad
1141 4246 1356 4319 plagam
1396 4246 1764 4316 aquilonarem
1813 4248 2059 4316 ejusdem

461 4335 759 4407 provinciae
831 4343 1034 4406 partem
1074 4335 1142 4390 ad
1175 4337 1278 4390 hoc
1337 4336 1719 4401 reservaverit,
1763 4343 1818 4388 ut
1858 4335 2060 4390 ibidem

467 4425 940 4495 archiepiscopalis
971 4423 1388 4480 constitueretur
1419 4425 1758 4488 sedes,unde
1789 4425 2058 4494 praedica-

465 4514 540 4569 tio
579 4514 733 4568 verbi
767 4513 864 4567 Dei
896 4511 1137 4567 ﬁnitimis
1159 4511 1312 4567 ﬁeret
1342 4512 1576 4582 populis,
1612 4513 1907 4574 Sueonum,
1945 4513 2056 4566 Da-

465 4618 658 4658 norum
689 4601 736 4668 (a
765 4601 1126 4664 Norveorum,
1197 4600 1411 4666 Farris),
1465 4600 1834 4665 Gronlandan,
1883 4599 2060 4654 Islan—

469 4691 596 4756 dan,
631 4689 1034 4756 Scridwndan),
1066 4688 1369 4753 Slavorum,
1411 4703 1621 4742 necnon
1665 4687 1904 4742 omnium
1937 4704 2060 4758 sep-

467 4777 870 4833 tentrionalium
900 4785 953 4831 et
1009 4776 1349 4831 orientalium
1409 4776 1688 4830 nationum
1736 4791 2062 4847 quocunque

467 4865 630 4920 modo
660 4865 1072 4930 nominatarum,
1108 4863 1200 4936 qui
1253 4863 1536 4936 paganicis
1566 4864 1741 4918 adhuc
1772 4863 2053 4918 erroribus

466 4953 834 5010 involvuntur.

1103 5049 1326 5105 CAPUT
1357 5049 1422 5102 ΙΙ.

2163 3828 2324 3881 modo
2357 3844 2455 3897 per
2485 3826 2629 3882 sedis
2661 3825 2972 3896 apostolicae
3013 3823 3298 3896 privilegia
3331 3823 3446 3890 ejus
3477 3822 3544 3875 sit
3575 3821 3755 3876 omnis

2161 3931 2321 3970 causa
2367 3915 2588 3980 munita,
2623 3914 2967 3984 studiumque
2989 3913 3105 3980 ejus
3149 3921 3202 3966 et
3243 3911 3550 3981 profectum
3581 3909 3636 3962 in
3673 3909 3752 3962 lu-

2161 4003 2376 4058 crandis
2407 4005 2522 4056 Deo
2552 4003 2858 4068 animabus,
2891 4017 3026 4072 quas
3049 4001 3206 4056 velin
3236 3999 3340 4053 ﬁde
3363 3997 3754 4062 roborare,vel

2161 4093 2227 4146 de
2261 4092 2577 4163 paganismo
2598 4091 2666 4145 ad
2698 4090 3156 4145 Christianitatem
3186 4089 3484 4158 producere
3515 4086 3755 4156 quotidie

2162 4180 2462 4250 satagebat,
2497 4179 2738 4250 quisquis
2790 4179 2928 4233 scire
2975 4178 3142 4246 cupit,
3177 4177 3322 4248 legat
3365 4175 3610 4228 libellum
3633 4174 3758 4228 vitae

2163 4269 2298 4335 ejus,
2341 4276 2390 4320 et
2439 4275 2653 4338 quantm
2683 4266 2982 4321 sanctitatis
3025 4264 3108 4320 vir
3163 4264 3279 4333 ipse
3311 4261 3472 4316 fuerit
3507 4278 3751 4332 perpen—

2161 4357 2270 4410 det.
2291 4357 2403 4410 Nos
2428 4371 2570 4410 nunc
2583 4355 2650 4410 de
2681 4355 2798 4423 ejus
2818 4353 3115 4409 sanctitatis
3139 4351 3407 4406 imitatore
3427 4350 3586 4404 simul
3609 4359 3660 4404 et
3678 4349 3757 4402 di-

2161 4445 2380 4516 gnitatis
2412 4459 2730 4500 successore
2763 4443 3057 4498 Remberto
3087 4439 3357 4510 scripturi,
3389 4439 3622 4509 qualiter
3637 4437 3748 4507 pri-

2161 4549 2252 4586 mo
2273 4533 2322 4585 ei
2353 4532 2602 4602 cognitus
2624 4531 2692 4584 sit
2719 4539 2772 4585 et
2810 4537 3208 4601 consequenter
3236 4527 3457 4596 ascitus,
3491 4526 3618 4580 hinc
3641 4526 3756 4594 jam

2163 4621 2314 4692 sequi
2347 4620 2684 4690 incipiamus.

2730 4767 2955 4822 CAPUT
3004 4767 3096 4821 III.

2233 4892 2366 4946 Cum
2390 4893 2504 4960 jam
2534 4891 2692 4946 dictae
2713 4891 2924 4946 noviter
2955 4885 3756 4958 institutaeHammaburgensis

2161 4979 2406 5034 ecclesiae
2435 4979 2648 5034 termini
2666 4987 2848 5034 essent
2864 4978 3100 5050 angusti,
3123 4987 3175 5032 et
3195 4979 3266 5032 ad
3283 4984 3490 5030 tantum
3521 4973 3752 5029 ofﬁcium

2089 5101 2138 5163 Ο
2160 5067 2306 5138 quod
2344 5068 2602 5137 episcopo
2633 5067 2748 5135 ejus
2777 5067 3076 5134 injunctum
3107 5065 3358 5130 diximus,
3413 5070 3662 5132 sumptus
3691 5077 3752 5114 ex

537 5159 648 5214 Sed
681 5158 750 5212 ad
789 5157 893 5213 hoc
923 5172 1062 5226 opus
1093 5163 1404 5210 constructa
1443 5162 1524 5209 est
1583 5162 1784 5208 tantum
1817 5163 1868 5208 et
1899 5154 2058 5209 dedi-
2094 5151 2299 5208 “illius
2329 5155 2664 5225 pertinentiis
2707 5155 2918 5210 collecti
2949 5171 3058 5209 non
3115 5152 3441 5214 sufﬁcerent,
3495 5151 3752 5220 ipsosque

467 5257 586 5303 cata
617 5245 1140 5317 Hammaburgensis
1179 5243 1408 5300 ecclesia
1428 5243 1482 5297 in
1511 5243 1746 5298 conﬁnio
1781 5245 2057 5298 Danorum

469 5343 522 5390 et
551 5335 852 5400 Slavorum,
894 5334 948 5387 in
981 5332 1240 5388 extremis
1288 5331 1542 5387 videlicet
1597 5332 1839 5401 partibus
1885 5333 2058 5387 Saxo-

467 5439 594 5476 num
625 5422 766 5477 inter
817 5438 912 5478 eos
943 5421 1036 5494 qui
1092 5421 1342 5477 dicuntur
1399 5420 1756 5492 Nordalbingi
1795 5438 1806 5473 :
1865 5427 1916 5474 et
1955 5433 2062 5474 una

467 5527 588 5568 cum
617 5510 810 5566 incolis
848 5511 1094 5567 locorum
1132 5510 1324 5565 eadem
1372 5509 1607 5565 ecclesia
1629 5509 1786 5577 jussu
1813 5508 2058 5576 ejusdem

2160 5243 2320 5298 etiam
2353 5243 2443 5314 qui
2473 5243 2761 5313 provenire
2791 5251 3014 5314 possent
3045 5241 3267 5306 reditus,
3305 5241 3566 5312 frequens
3600 5241 3746 5295 hosti-

2159 5331 2225 5384 lis
2257 5331 2481 5402 irruptio
2510 5331 2769 5400 diriperet
2799 5350 2812 5395 ;
2867 5347 2934 5385 ne
2980 5346 3080 5400 per
3101 5331 3204 5384 hoc
3233 5329 3317 5384 vir
3351 5331 3446 5384 Dei
3469 5331 3751 5402 impedire-

2161 5427 2245 5472 tur
2273 5435 2303 5472 a
2332 5419 2734 5489 praedicationis
2752 5417 2949 5482 otiicio,
2967 5418 3112 5489 quod
3131 5418 3184 5472 in
3215 5417 3387 5490 gestis
3411 5419 3528 5486 ejus
3553 5418 3749 5491 legatio

2159 5507 2228 5560 ad
2257 5515 2450 5578 gentes
2489 5507 2669 5561 vocari
2701 5507 2856 5572 solet,
2881 5513 3214 5562 memoratus
3233 5506 3536 5578 imperator
3569 5506 3747 5562 Ludo-

522 5664 548 5698 ι
570 5662 755 5722 Inclusa
779 5661 1061 5728 ρει-ωιὴωὶ
1084 5661 1265 5715 inserta
1287 5661 1516 5714 videntur
1538 5673 1566 5712 a
1589 5660 1958 5726 posterioribus,
1985 5661 2038 5713 ut
2059 5661 2277 5713 notatum
2303 5661 2376 5711 est
2394 5659 2444 5710 in
2467 5659 2578 5712 Vita
2599 5657 2756 5710 sancti
2783 5657 3058 5712 Anscharii.
