  <div class='ocr_page' id='page_1' title='image "/cluster/home/n/w/nwhite01/storage/ocr_20150623/126/hvd.32044052819513/502.png"; bbox 0 0 4112 6192; ppageno 0'>
   <div class='ocr_carea' id='block_1_1' title="bbox 294 292 402 346">
    <p class='ocr_par' dir='ltr' id='par_1_1' title="bbox 294 292 402 346">
     <span class='ocr_line' id='line_1_1' title="bbox 294 292 402 346; baseline -0.019 0"><span class='ocrx_word' id='word_1_1' title='bbox 294 292 402 346; x_wconf 79' lang='lat'><strong>993</strong></span> 
     </span>
    </p>
   </div>
   <div class='ocr_carea' id='block_1_2' title="bbox 1866 250 2065 339">
    <p class='ocr_par' dir='ltr' id='par_1_2' title="bbox 1866 250 2065 339">
     <span class='ocr_line' id='line_1_2' title="bbox 1866 250 2065 339; baseline 0 0"><span class='ocrx_word' id='word_1_2' title='bbox 1866 250 2065 339; x_wconf 31' lang='lat' dir='ltr'><strong>&#39;vrrA.</strong></span> 
     </span>
    </p>
   </div>
   <div class='ocr_carea' id='block_1_3' title="bbox 3456 280 3608 345">
    <p class='ocr_par' dir='ltr' id='par_1_3' title="bbox 3456 280 3608 345">
     <span class='ocr_line' id='line_1_3' title="bbox 3456 280 3608 345; baseline 0 -1"><span class='ocrx_word' id='word_1_3' title='bbox 3456 280 3461 285; x_wconf 53' lang='grc'><em>’</em></span> <span class='ocrx_word' id='word_1_4' title='bbox 3502 289 3608 345; x_wconf 66' lang='lat'><strong>99‘</strong></span> 
     </span>
    </p>
   </div>
   <div class='ocr_carea' id='block_1_4' title="bbox 295 407 3609 484">
    <p class='ocr_par' dir='ltr' id='par_1_4' title="bbox 295 407 3609 484">
     <span class='ocr_line' id='line_1_4' title="bbox 295 407 3609 484; baseline -0.001 -16"><span class='ocrx_word' id='word_1_5' title='bbox 295 414 450 469; x_wconf 89' lang='lat' dir='ltr'><strong>vicus</strong></span> <span class='ocrx_word' id='word_1_6' title='bbox 482 410 775 484; x_wconf 84' lang='lat' dir='ltr'><strong>quamdam</strong></span> <span class='ocrx_word' id='word_1_7' title='bbox 805 411 862 465; x_wconf 90' lang='lat' dir='ltr'><strong>in</strong></span> <span class='ocrx_word' id='word_1_8' title='bbox 882 409 1061 466; x_wconf 89' lang='lat' dir='ltr'><strong>Gallia</strong></span> <span class='ocrx_word' id='word_1_9' title='bbox 1085 409 1301 479; x_wconf 85' lang='lat' dir='ltr'><strong>cellam,</strong></span> <span class='ocrx_word' id='word_1_10' title='bbox 1328 410 1560 466; x_wconf 82' lang='lat' dir='ltr'><strong>Turholt</strong></span> <span class='ocrx_word' id='word_1_11' title='bbox 1580 416 1605 444; x_wconf 71' lang='grc'>⁸</span> <span class='ocrx_word' id='word_1_12' title='bbox 1632 415 1902 474; x_wconf 77' lang='lat' dir='ltr'><strong>vocatam,</strong></span> <span class='ocrx_word' id='word_1_13' title='bbox 1934 407 1992 468; x_wconf 83' lang='lat' dir='ltr'><strong>A</strong></span> <span class='ocrx_word' id='word_1_14' title='bbox 2010 424 2226 480; x_wconf 86' lang='lat' dir='ltr'><strong>semper</strong></span> <span class='ocrx_word' id='word_1_15' title='bbox 2254 409 2515 481; x_wconf 84' lang='lat' dir='ltr'><strong>deinceps</strong></span> <span class='ocrx_word' id='word_1_16' title='bbox 2545 411 2689 482; x_wconf 91' lang='lat' dir='ltr'><strong>apud</strong></span> <span class='ocrx_word' id='word_1_17' title='bbox 2718 410 2869 465; x_wconf 90' lang='lat' dir='ltr'><strong>illum</strong></span> <span class='ocrx_word' id='word_1_18' title='bbox 2900 419 3161 467; x_wconf 87' lang='lat' dir='ltr'><strong>tractatus</strong></span> <span class='ocrx_word' id='word_1_19' title='bbox 3194 419 3247 466; x_wconf 89' lang='lat' dir='ltr'><strong>et</strong></span> <span class='ocrx_word' id='word_1_20' title='bbox 3285 411 3505 466; x_wconf 88' lang='lat' dir='ltr'><strong>habitus</strong></span> <span class='ocrx_word' id='word_1_21' title='bbox 3525 420 3609 467; x_wconf 88' lang='lat' dir='ltr'><strong>est</strong></span> 
     </span>
    </p>
   </div>
   <div class='ocr_carea' id='block_1_5' title="bbox 296 495 1900 573">
    <p class='ocr_par' dir='ltr' id='par_1_5' title="bbox 296 495 1900 573">
     <span class='ocr_line' id='line_1_5' title="bbox 296 495 1900 573; baseline -0.004 -17"><span class='ocrx_word' id='word_1_22' title='bbox 296 501 480 557; x_wconf 89' lang='lat' dir='ltr'><strong>eidem</strong></span> <span class='ocrx_word' id='word_1_23' title='bbox 512 499 773 573; x_wconf 78' lang='lat' dir='ltr'><strong>legationi</strong></span> <span class='ocrx_word' id='word_1_24' title='bbox 804 499 1026 554; x_wconf 80' lang='lat' dir='ltr'><strong>tradidit</strong></span> <span class='ocrx_word' id='word_1_25' title='bbox 1053 506 1318 570; x_wconf 91' lang='lat' dir='ltr'><strong>perpetuo</strong></span> <span class='ocrx_word' id='word_1_26' title='bbox 1348 498 1691 553; x_wconf 82' lang='lat' dir='ltr'><strong>servituram.</strong></span> <span class='ocrx_word' id='word_1_27' title='bbox 1746 495 1900 564; x_wconf 88' lang='lat' dir='ltr'><strong>Quo-</strong></span> 
     </span>
    </p>
   </div>
   <div class='ocr_carea' id='block_1_6' title="bbox 299 585 1899 659">
    <p class='ocr_par' dir='ltr' id='par_1_6' title="bbox 299 585 1899 659">
     <span class='ocr_line' id='line_1_6' title="bbox 299 585 1899 659; baseline -0.004 -14"><span class='ocrx_word' id='word_1_28' title='bbox 299 589 433 645; x_wconf 91' lang='lat' dir='ltr'><strong>dam</strong></span> <span class='ocrx_word' id='word_1_29' title='bbox 461 596 643 644; x_wconf 90' lang='lat' dir='ltr'><strong>autem</strong></span> <span class='ocrx_word' id='word_1_30' title='bbox 672 596 915 659; x_wconf 90' lang='lat' dir='ltr'><strong>tempore</strong></span> <span class='ocrx_word' id='word_1_31' title='bbox 936 587 1167 643; x_wconf 88' lang='lat' dir='ltr'><strong>domnus</strong></span> <span class='ocrx_word' id='word_1_32' title='bbox 1188 586 1428 659; x_wconf 79' lang='lat' dir='ltr'><strong>pontifex</strong></span> <span class='ocrx_word' id='word_1_33' title='bbox 1448 586 1648 641; x_wconf 88' lang='lat' dir='ltr'><strong>ibidem</strong></span> <span class='ocrx_word' id='word_1_34' title='bbox 1670 585 1899 657; x_wconf 89' lang='lat' dir='ltr'><strong>degens,</strong></span> 
     </span>
    </p>
   </div>
   <div class='ocr_carea' id='block_1_7' title="bbox 300 674 1904 749">
    <p class='ocr_par' dir='ltr' id='par_1_7' title="bbox 300 674 1904 749">
     <span class='ocr_line' id='line_1_7' title="bbox 300 674 1904 749; baseline -0.004 -16"><span class='ocrx_word' id='word_1_35' title='bbox 300 678 515 749; x_wconf 78' lang='lat' dir='ltr'><strong>aspexit</strong></span> <span class='ocrx_word' id='word_1_36' title='bbox 544 678 812 749; x_wconf 91' lang='lat' dir='ltr'><strong>quosdam</strong></span> <span class='ocrx_word' id='word_1_37' title='bbox 841 692 1042 748; x_wconf 88' lang='lat' dir='ltr'><strong>pueros</strong></span> <span class='ocrx_word' id='word_1_38' title='bbox 1074 677 1144 732; x_wconf 91' lang='lat' dir='ltr'><strong>ad</strong></span> <span class='ocrx_word' id='word_1_39' title='bbox 1182 676 1469 732; x_wconf 86' lang='lat' dir='ltr'><strong>ecclesiam</strong></span> <span class='ocrx_word' id='word_1_40' title='bbox 1512 691 1636 730; x_wconf 90' lang='lat' dir='ltr'><strong>cum</strong></span> <span class='ocrx_word' id='word_1_41' title='bbox 1679 674 1806 743; x_wconf 87' lang='lat' dir='ltr'><strong>joco</strong></span> <span class='ocrx_word' id='word_1_42' title='bbox 1850 680 1904 727; x_wconf 91' lang='lat' dir='ltr'><strong>et</strong></span> 
     </span>
    </p>
   </div>
   <div class='ocr_carea' id='block_1_8' title="bbox 299 760 1902 836">
    <p class='ocr_par' dir='ltr' id='par_1_8' title="bbox 299 760 1902 836">
     <span class='ocr_line' id='line_1_8' title="bbox 299 760 1902 836; baseline -0.004 -16"><span class='ocrx_word' id='word_1_43' title='bbox 299 765 560 820; x_wconf 86' lang='lat' dir='ltr'><strong>inanibus</strong></span> <span class='ocrx_word' id='word_1_44' title='bbox 590 764 845 820; x_wconf 89' lang='lat' dir='ltr'><strong>festinare</strong></span> <span class='ocrx_word' id='word_1_45' title='bbox 873 764 1213 820; x_wconf 78' lang='lat' dir='ltr'><strong>discursibus</strong></span> <span class='ocrx_word' id='word_1_46' title='bbox 1246 782 1259 819; x_wconf 90' lang='lat'><strong>:</strong></span> <span class='ocrx_word' id='word_1_47' title='bbox 1292 780 1520 836; x_wconf 91' lang='lat' dir='ltr'><strong>quorum</strong></span> <span class='ocrx_word' id='word_1_48' title='bbox 1563 762 1784 834; x_wconf 90' lang='lat' dir='ltr'><strong>quidam</strong></span> <span class='ocrx_word' id='word_1_49' title='bbox 1814 760 1902 814; x_wconf 87' lang='lat' dir='ltr'><strong>in-</strong></span> 
     </span>
    </p>
   </div>
   <div class='ocr_carea' id='block_1_9' title="bbox 302 852 1908 926">
    <p class='ocr_par' dir='ltr' id='par_1_9' title="bbox 302 852 1908 926">
     <span class='ocr_line' id='line_1_9' title="bbox 302 852 1908 926; baseline -0.003 -18"><span class='ocrx_word' id='word_1_50' title='bbox 302 862 388 909; x_wconf 92' lang='lat' dir='ltr'><strong>ter</strong></span> <span class='ocrx_word' id='word_1_51' title='bbox 413 862 643 910; x_wconf 65' lang='lat' dir='ltr'><strong>caeteros</strong></span> <span class='ocrx_word' id='word_1_52' title='bbox 671 869 812 924; x_wconf 91' lang='lat' dir='ltr'><strong>pene</strong></span> <span class='ocrx_word' id='word_1_53' title='bbox 839 853 1095 908; x_wconf 90' lang='lat' dir='ltr'><strong>minimus</strong></span> <span class='ocrx_word' id='word_1_54' title='bbox 1124 853 1369 926; x_wconf 77' lang='lat' dir='ltr'><strong>graviter</strong></span> <span class='ocrx_word' id='word_1_55' title='bbox 1396 852 1679 918; x_wconf 86' lang='lat' dir='ltr'><strong>incedens,</strong></span> <span class='ocrx_word' id='word_1_56' title='bbox 1704 857 1758 905; x_wconf 92' lang='lat' dir='ltr'><strong>et</strong></span> <span class='ocrx_word' id='word_1_57' title='bbox 1779 864 1908 920; x_wconf 88' lang='lat' dir='ltr'><strong>pue-</strong></span> 
     </span>
    </p>
   </div>
   <div class='ocr_carea' id='block_1_10' title="bbox 301 940 1903 1008">
    <p class='ocr_par' dir='ltr' id='par_1_10' title="bbox 301 940 1903 1008">
     <span class='ocr_line' id='line_1_10' title="bbox 301 940 1903 1008; baseline -0.003 -12"><span class='ocrx_word' id='word_1_58' title='bbox 301 941 434 997; x_wconf 89' lang='lat' dir='ltr'><strong>riles</strong></span> <span class='ocrx_word' id='word_1_59' title='bbox 462 942 713 997; x_wconf 84' lang='lat' dir='ltr'><strong>levitates</strong></span> <span class='ocrx_word' id='word_1_60' title='bbox 742 941 970 998; x_wconf 87' lang='lat' dir='ltr'><strong>sollicite</strong></span> <span class='ocrx_word' id='word_1_61' title='bbox 999 942 1265 1008; x_wconf 87' lang='lat' dir='ltr'><strong>devitans,</strong></span> <span class='ocrx_word' id='word_1_62' title='bbox 1298 940 1596 996; x_wconf 89' lang='lat' dir='ltr'><strong>orationem</strong></span> <span class='ocrx_word' id='word_1_63' title='bbox 1640 955 1762 995; x_wconf 89' lang='lat' dir='ltr'><strong>cum</strong></span> <span class='ocrx_word' id='word_1_64' title='bbox 1810 953 1903 992; x_wconf 86' lang='lat' dir='ltr'><strong>re-</strong></span> 
     </span>
    </p>
   </div>
   <div class='ocr_carea' id='block_1_11' title="bbox 299 1025 1904 1101">
    <p class='ocr_par' dir='ltr' id='par_1_11' title="bbox 299 1025 1904 1101">
     <span class='ocr_line' id='line_1_11' title="bbox 299 1025 1904 1101; baseline -0.004 -16"><span class='ocrx_word' id='word_1_65' title='bbox 299 1029 547 1085; x_wconf 89' lang='lat' dir='ltr'><strong>verentia</strong></span> <span class='ocrx_word' id='word_1_66' title='bbox 576 1038 629 1084; x_wconf 92' lang='lat' dir='ltr'><strong>et</strong></span> <span class='ocrx_word' id='word_1_67' title='bbox 656 1030 849 1085; x_wconf 89' lang='lat' dir='ltr'><strong>timore</strong></span> <span class='ocrx_word' id='word_1_68' title='bbox 881 1029 1112 1101; x_wconf 83' lang='lat' dir='ltr'><strong>peregit,</strong></span> <span class='ocrx_word' id='word_1_69' title='bbox 1149 1043 1490 1100; x_wconf 87' lang='lat' dir='ltr'><strong>surgensque</strong></span> <span class='ocrx_word' id='word_1_70' title='bbox 1538 1028 1696 1098; x_wconf 88' lang='lat' dir='ltr'><strong>signo</strong></span> <span class='ocrx_word' id='word_1_71' title='bbox 1726 1025 1904 1082; x_wconf 88' lang='lat' dir='ltr'><strong>crucis</strong></span> 
     </span>
    </p>
   </div>
   <div class='ocr_carea' id='block_1_12' title="bbox 302 1113 1901 1188">
    <p class='ocr_par' dir='ltr' id='par_1_12' title="bbox 302 1113 1901 1188">
     <span class='ocr_line' id='line_1_12' title="bbox 302 1113 1901 1188; baseline -0.004 -16"><span class='ocrx_word' id='word_1_72' title='bbox 302 1117 543 1173; x_wconf 79' lang='lat' dir='ltr'><strong>frontem</strong></span> <span class='ocrx_word' id='word_1_73' title='bbox 570 1117 815 1181; x_wconf 84' lang='lat' dir='ltr'><strong>munivit,</strong></span> <span class='ocrx_word' id='word_1_74' title='bbox 859 1125 912 1172; x_wconf 91' lang='lat' dir='ltr'><strong>et</strong></span> <span class='ocrx_word' id='word_1_75' title='bbox 957 1118 1113 1188; x_wconf 81' lang='lat' dir='ltr'><strong>quasi</strong></span> <span class='ocrx_word' id='word_1_76' title='bbox 1156 1116 1468 1171; x_wconf 88' lang='lat' dir='ltr'><strong>maturioris</strong></span> <span class='ocrx_word' id='word_1_77' title='bbox 1514 1124 1661 1170; x_wconf 89' lang='lat' dir='ltr'><strong>esset</strong></span> <span class='ocrx_word' id='word_1_78' title='bbox 1706 1113 1901 1182; x_wconf 60' lang='lat' dir='ltr'><strong>artatis,</strong></span> 
     </span>
    </p>
   </div>
   <div class='ocr_carea' id='block_1_13' title="bbox 304 1202 1903 1277">
    <p class='ocr_par' dir='ltr' id='par_1_13' title="bbox 304 1202 1903 1277">
     <span class='ocr_line' id='line_1_13' title="bbox 304 1202 1903 1277; baseline -0.003 -17"><span class='ocrx_word' id='word_1_79' title='bbox 304 1222 462 1261; x_wconf 89' lang='lat' dir='ltr'><strong>suam</strong></span> <span class='ocrx_word' id='word_1_80' title='bbox 490 1222 592 1277; x_wconf 91' lang='lat' dir='ltr'><strong>per</strong></span> <span class='ocrx_word' id='word_1_81' title='bbox 618 1205 800 1260; x_wconf 91' lang='lat' dir='ltr'><strong>omnia</strong></span> <span class='ocrx_word' id='word_1_82' title='bbox 830 1204 1217 1261; x_wconf 86' lang='lat' dir='ltr'><strong>continentiam</strong></span> <span class='ocrx_word' id='word_1_83' title='bbox 1248 1204 1505 1259; x_wconf 85' lang='lat' dir='ltr'><strong>exhibuit.</strong></span> <span class='ocrx_word' id='word_1_84' title='bbox 1540 1202 1903 1258; x_wconf 86' lang='lat' dir='ltr'><strong>Animadver-</strong></span> 
     </span>
    </p>
   </div>
   <div class='ocr_carea' id='block_1_14' title="bbox 303 1289 1906 1367">
    <p class='ocr_par' dir='ltr' id='par_1_14' title="bbox 303 1289 1906 1367">
     <span class='ocr_line' id='line_1_14' title="bbox 303 1289 1906 1367; baseline -0.002 -19"><span class='ocrx_word' id='word_1_85' title='bbox 303 1295 363 1348; x_wconf 91' lang='lat' dir='ltr'><strong>tit</strong></span> <span class='ocrx_word' id='word_1_86' title='bbox 393 1309 532 1367; x_wconf 91' lang='lat' dir='ltr'><strong>ergo</strong></span> <span class='ocrx_word' id='word_1_87' title='bbox 560 1294 644 1349; x_wconf 90' lang='lat' dir='ltr'><strong>vir</strong></span> <span class='ocrx_word' id='word_1_88' title='bbox 673 1295 774 1349; x_wconf 90' lang='lat' dir='ltr'><strong>Dei</strong></span> <span class='ocrx_word' id='word_1_89' title='bbox 803 1309 1017 1349; x_wconf 88' lang='lat' dir='ltr'><strong>sacram</strong></span> <span class='ocrx_word' id='word_1_90' title='bbox 1047 1293 1287 1365; x_wconf 83' lang='lat' dir='ltr'><strong>religiosi</strong></span> <span class='ocrx_word' id='word_1_91' title='bbox 1320 1292 1473 1363; x_wconf 92' lang='lat' dir='ltr'><strong>pueri</strong></span> <span class='ocrx_word' id='word_1_92' title='bbox 1514 1290 1795 1346; x_wconf 81' lang='lat' dir='ltr'><strong>infantiam</strong></span> <span class='ocrx_word' id='word_1_93' title='bbox 1824 1289 1906 1345; x_wconf 90' lang='lat' dir='ltr'><strong>di-</strong></span> 
     </span>
    </p>
   </div>
   <div class='ocr_carea' id='block_1_15' title="bbox 301 1379 1905 1455">
    <p class='ocr_par' dir='ltr' id='par_1_15' title="bbox 301 1379 1905 1455">
     <span class='ocr_line' id='line_1_15' title="bbox 301 1379 1905 1455; baseline -0.003 -17"><span class='ocrx_word' id='word_1_94' title='bbox 301 1384 445 1439; x_wconf 70' lang='lat' dir='ltr'><strong>vina:</strong></span> <span class='ocrx_word' id='word_1_95' title='bbox 469 1383 580 1451; x_wconf 90' lang='lat' dir='ltr'><strong>jam</strong></span> <span class='ocrx_word' id='word_1_96' title='bbox 597 1382 872 1437; x_wconf 78' lang='lat' dir='ltr'><strong>servitutis</strong></span> <span class='ocrx_word' id='word_1_97' title='bbox 893 1398 1079 1436; x_wconf 88' lang='lat' dir='ltr'><strong>amore</strong></span> <span class='ocrx_word' id='word_1_98' title='bbox 1098 1381 1362 1455; x_wconf 88' lang='lat' dir='ltr'><strong>ﬂagrasse</strong></span> <span class='ocrx_word' id='word_1_99' title='bbox 1388 1401 1401 1447; x_wconf 88' lang='lat'><strong>;</strong></span> <span class='ocrx_word' id='word_1_100' title='bbox 1438 1381 1732 1452; x_wconf 91' lang='lat' dir='ltr'><strong>accitisque</strong></span> <span class='ocrx_word' id='word_1_101' title='bbox 1755 1379 1823 1433; x_wconf 89' lang='lat' dir='ltr'><strong>ad</strong></span> <span class='ocrx_word' id='word_1_102' title='bbox 1846 1396 1905 1433; x_wconf 90' lang='lat' dir='ltr'><strong>se</strong></span> 
     </span>
    </p>
   </div>
   <div class='ocr_carea' id='block_1_16' title="bbox 301 1468 1907 1542">
    <p class='ocr_par' dir='ltr' id='par_1_16' title="bbox 301 1468 1907 1542">
     <span class='ocr_line' id='line_1_16' title="bbox 301 1468 1907 1542; baseline -0.002 -17"><span class='ocrx_word' id='word_1_103' title='bbox 301 1471 617 1542; x_wconf 90' lang='lat' dir='ltr'><strong>parentibus</strong></span> <span class='ocrx_word' id='word_1_104' title='bbox 654 1471 790 1539; x_wconf 88' lang='lat' dir='ltr'><strong>ejus,</strong></span> <span class='ocrx_word' id='word_1_105' title='bbox 840 1478 892 1524; x_wconf 92' lang='lat' dir='ltr'><strong>et</strong></span> <span class='ocrx_word' id='word_1_106' title='bbox 940 1486 1139 1525; x_wconf 89' lang='lat' dir='ltr'><strong>nomen</strong></span> <span class='ocrx_word' id='word_1_107' title='bbox 1188 1469 1343 1541; x_wconf 90' lang='lat' dir='ltr'><strong>pueri</strong></span> <span class='ocrx_word' id='word_1_108' title='bbox 1389 1470 1534 1541; x_wconf 93' lang='lat' dir='ltr'><strong>quod</strong></span> <span class='ocrx_word' id='word_1_109' title='bbox 1584 1468 1907 1524; x_wconf 87' lang='lat' dir='ltr'><strong>Rembertus</strong></span> 
     </span>
    </p>
   </div>
   <div class='ocr_carea' id='block_1_17' title="bbox 302 1557 1908 1628">
    <p class='ocr_par' dir='ltr' id='par_1_17' title="bbox 302 1557 1908 1628">
     <span class='ocr_line' id='line_1_17' title="bbox 302 1557 1908 1628; baseline -0.003 -14"><span class='ocrx_word' id='word_1_110' title='bbox 302 1567 610 1627; x_wconf 90' lang='lat' dir='ltr'><strong>vocaretur,</strong></span> <span class='ocrx_word' id='word_1_111' title='bbox 643 1557 882 1626; x_wconf 87' lang='lat' dir='ltr'><strong>edidicit,</strong></span> <span class='ocrx_word' id='word_1_112' title='bbox 915 1566 969 1612; x_wconf 90' lang='lat' dir='ltr'><strong>et</strong></span> <span class='ocrx_word' id='word_1_113' title='bbox 996 1574 1268 1613; x_wconf 92' lang='lat' dir='ltr'><strong>consensu</strong></span> <span class='ocrx_word' id='word_1_114' title='bbox 1299 1573 1487 1613; x_wconf 91' lang='lat' dir='ltr'><strong>eorum</strong></span> <span class='ocrx_word' id='word_1_115' title='bbox 1517 1566 1762 1628; x_wconf 92' lang='lat' dir='ltr'><strong>accepto,</strong></span> <span class='ocrx_word' id='word_1_116' title='bbox 1788 1564 1908 1610; x_wconf 91' lang='lat' dir='ltr'><strong>ton-</strong></span> 
     </span>
    </p>
   </div>
   <div class='ocr_carea' id='block_1_18' title="bbox 306 1645 1935 1717">
    <p class='ocr_par' dir='ltr' id='par_1_18' title="bbox 306 1645 1935 1717">
     <span class='ocr_line' id='line_1_18' title="bbox 306 1645 1935 1717; baseline -0.002 -15"><span class='ocrx_word' id='word_1_117' title='bbox 306 1662 493 1702; x_wconf 87' lang='lat' dir='ltr'><strong>suram</strong></span> <span class='ocrx_word' id='word_1_118' title='bbox 523 1647 571 1702; x_wconf 90' lang='lat' dir='ltr'><strong>ei</strong></span> <span class='ocrx_word' id='word_1_119' title='bbox 599 1655 652 1701; x_wconf 93' lang='lat' dir='ltr'><strong>et</strong></span> <span class='ocrx_word' id='word_1_120' title='bbox 680 1646 1106 1702; x_wconf 87' lang='lat' dir='ltr'><strong>ecclesiasticum</strong></span> <span class='ocrx_word' id='word_1_121' title='bbox 1135 1647 1377 1701; x_wconf 89' lang='lat' dir='ltr'><strong>habitum</strong></span> <span class='ocrx_word' id='word_1_122' title='bbox 1408 1646 1684 1717; x_wconf 87' lang='lat' dir='ltr'><strong>imposuit.</strong></span> <span class='ocrx_word' id='word_1_123' title='bbox 1713 1645 1935 1715; x_wconf 53' lang='lat' dir='ltr'><strong>Sicquev</strong></span> 
     </span>
    </p>
   </div>
   <div class='ocr_carea' id='block_1_19' title="bbox 305 1734 1986 1821">
    <p class='ocr_par' dir='ltr' id='par_1_19' title="bbox 305 1734 1986 1821">
     <span class='ocr_line' id='line_1_19' title="bbox 305 1734 1986 1821; baseline -0.003 -31"><span class='ocrx_word' id='word_1_124' title='bbox 305 1750 432 1790; x_wconf 91' lang='lat' dir='ltr'><strong>eum</strong></span> <span class='ocrx_word' id='word_1_125' title='bbox 464 1736 669 1790; x_wconf 89' lang='lat' dir='ltr'><strong>ibidem</strong></span> <span class='ocrx_word' id='word_1_126' title='bbox 695 1743 923 1806; x_wconf 90' lang='lat' dir='ltr'><strong>paterna</strong></span> <span class='ocrx_word' id='word_1_127' title='bbox 955 1735 1317 1791; x_wconf 83' lang='lat' dir='ltr'><strong>sollicitudine</strong></span> <span class='ocrx_word' id='word_1_128' title='bbox 1345 1734 1759 1799; x_wconf 87' lang='lat' dir='ltr'><strong>commendans,</strong></span> <span class='ocrx_word' id='word_1_129' title='bbox 1794 1741 1907 1786; x_wconf 89' lang='lat' dir='ltr'><strong>stu-</strong></span> <span class='ocrx_word' id='word_1_130' title='bbox 1932 1761 1986 1821; x_wconf 84' lang='lat' dir='ltr'><strong>B</strong></span> 
     </span>
    </p>
   </div>
   <div class='ocr_carea' id='block_1_20' title="bbox 305 1823 1905 1895">
    <p class='ocr_par' dir='ltr' id='par_1_20' title="bbox 305 1823 1905 1895">
     <span class='ocr_line' id='line_1_20' title="bbox 305 1823 1905 1895; baseline -0.003 -17"><span class='ocrx_word' id='word_1_131' title='bbox 305 1823 463 1878; x_wconf 90' lang='lat' dir='ltr'><strong>diose</strong></span> <span class='ocrx_word' id='word_1_132' title='bbox 493 1824 712 1879; x_wconf 90' lang='lat' dir='ltr'><strong>erudire</strong></span> <span class='ocrx_word' id='word_1_133' title='bbox 741 1824 1001 1895; x_wconf 67' lang='lat' dir='ltr'><strong>praecepit</strong></span> <span class='ocrx_word' id='word_1_134' title='bbox 1033 1842 1046 1877; x_wconf 91' lang='lat'>:</span> <span class='ocrx_word' id='word_1_135' title='bbox 1080 1824 1381 1895; x_wconf 83' lang='lat' dir='ltr'><strong>paucisque</strong></span> <span class='ocrx_word' id='word_1_136' title='bbox 1410 1823 1600 1878; x_wconf 90' lang='lat' dir='ltr'><strong>diebus</strong></span> <span class='ocrx_word' id='word_1_137' title='bbox 1631 1823 1703 1876; x_wconf 90' lang='lat' dir='ltr'><strong>ibi</strong></span> <span class='ocrx_word' id='word_1_138' title='bbox 1731 1830 1905 1875; x_wconf 88' lang='lat' dir='ltr'><strong>trans-</strong></span> 
     </span>
    </p>
   </div>
   <div class='ocr_carea' id='block_1_21' title="bbox 307 1908 1900 1983">
    <p class='ocr_par' dir='ltr' id='par_1_21' title="bbox 307 1908 1900 1983">
     <span class='ocr_line' id='line_1_21' title="bbox 307 1908 1900 1983; baseline -0.003 -17"><span class='ocrx_word' id='word_1_139' title='bbox 307 1911 446 1966; x_wconf 90' lang='lat' dir='ltr'><strong>actis</strong></span> <span class='ocrx_word' id='word_1_140' title='bbox 494 1911 620 1966; x_wconf 91' lang='lat' dir='ltr'><strong>inde</strong></span> <span class='ocrx_word' id='word_1_141' title='bbox 676 1912 948 1979; x_wconf 88' lang='lat' dir='ltr'><strong>discessit,</strong></span> <span class='ocrx_word' id='word_1_142' title='bbox 997 1920 1049 1967; x_wconf 90' lang='lat' dir='ltr'><strong>et</strong></span> <span class='ocrx_word' id='word_1_143' title='bbox 1098 1912 1335 1983; x_wconf 89' lang='lat' dir='ltr'><strong>suscepti</strong></span> <span class='ocrx_word' id='word_1_144' title='bbox 1385 1910 1675 1983; x_wconf 87' lang='lat' dir='ltr'><strong>pastoralis</strong></span> <span class='ocrx_word' id='word_1_145' title='bbox 1720 1908 1900 1975; x_wconf 79' lang='lat' dir='ltr'><strong>officii,</strong></span> 
     </span>
    </p>
   </div>
   <div class='ocr_carea' id='block_1_22' title="bbox 305 1997 1901 2073">
    <p class='ocr_par' dir='ltr' id='par_1_22' title="bbox 305 1997 1901 2073">
     <span class='ocr_line' id='line_1_22' title="bbox 305 1997 1901 2073; baseline -0.002 -19"><span class='ocrx_word' id='word_1_146' title='bbox 305 2015 530 2071; x_wconf 65' lang='lat' dir='ltr'><strong>suasque</strong></span> <span class='ocrx_word' id='word_1_147' title='bbox 560 2000 629 2054; x_wconf 88' lang='lat' dir='ltr'><strong>ad</strong></span> <span class='ocrx_word' id='word_1_148' title='bbox 658 2008 853 2073; x_wconf 83' lang='lat' dir='ltr'><strong>gentes</strong></span> <span class='ocrx_word' id='word_1_149' title='bbox 883 2000 1173 2073; x_wconf 75' lang='lat' dir='ltr'><strong>legationis</strong></span> <span class='ocrx_word' id='word_1_150' title='bbox 1204 2000 1470 2056; x_wconf 87' lang='lat' dir='ltr'><strong>instanter</strong></span> <span class='ocrx_word' id='word_1_151' title='bbox 1518 2014 1743 2071; x_wconf 85' lang='lat' dir='ltr'><strong>Operam</strong></span> <span class='ocrx_word' id='word_1_152' title='bbox 1773 1997 1901 2070; x_wconf 92' lang='lat' dir='ltr'><strong>egit.</strong></span> 
     </span>
    </p>
   </div>
   <div class='ocr_carea' id='block_1_23' title="bbox 930 2160 1287 2215">
    <p class='ocr_par' dir='ltr' id='par_1_23' title="bbox 930 2160 1287 2215">
     <span class='ocr_line' id='line_1_23' title="bbox 930 2160 1287 2215; baseline -0.006 0"><span class='ocrx_word' id='word_1_153' title='bbox 930 2160 1154 2215; x_wconf 84' lang='lat' dir='ltr'><strong>CAPUT</strong></span> <span class='ocrx_word' id='word_1_154' title='bbox 1198 2160 1287 2213; x_wconf 85' lang='lat' dir='ltr'><strong>IV.</strong></span> 
     </span>
    </p>
   </div>
   <div class='ocr_carea' id='block_1_24' title="bbox 380 2280 1907 2355">
    <p class='ocr_par' dir='ltr' id='par_1_24' title="bbox 380 2280 1907 2355">
     <span class='ocr_line' id='line_1_24' title="bbox 380 2280 1907 2355; baseline -0.001 -18"><span class='ocrx_word' id='word_1_155' title='bbox 380 2282 512 2338; x_wconf 88' lang='lat' dir='ltr'><strong>Post</strong></span> <span class='ocrx_word' id='word_1_156' title='bbox 541 2281 658 2339; x_wconf 61' lang='lat' dir='ltr'><strong>hac</strong></span> <span class='ocrx_word' id='word_1_157' title='bbox 685 2298 822 2353; x_wconf 90' lang='lat' dir='ltr'><strong>puer</strong></span> <span class='ocrx_word' id='word_1_158' title='bbox 846 2283 963 2353; x_wconf 88' lang='lat' dir='ltr'><strong>jam</strong></span> <span class='ocrx_word' id='word_1_159' title='bbox 992 2283 1109 2338; x_wconf 92' lang='lat' dir='ltr'><strong>Deo</strong></span> <span class='ocrx_word' id='word_1_160' title='bbox 1139 2282 1370 2338; x_wconf 90' lang='lat' dir='ltr'><strong>dilectus</strong></span> <span class='ocrx_word' id='word_1_161' title='bbox 1394 2281 1573 2355; x_wconf 87' lang='lat' dir='ltr'><strong>magis</strong></span> <span class='ocrx_word' id='word_1_162' title='bbox 1620 2280 1907 2352; x_wconf 81' lang='lat' dir='ltr'><strong>magisque</strong></span> 
     </span>
    </p>
   </div>
   <div class='ocr_carea' id='block_1_25' title="bbox 304 2369 1909 2444">
    <p class='ocr_par' dir='ltr' id='par_1_25' title="bbox 304 2369 1909 2444">
     <span class='ocr_line' id='line_1_25' title="bbox 304 2369 1909 2444; baseline -0.002 -18"><span class='ocrx_word' id='word_1_163' title='bbox 304 2371 361 2426; x_wconf 89' lang='lat' dir='ltr'><strong>in</strong></span> <span class='ocrx_word' id='word_1_164' title='bbox 390 2371 657 2444; x_wconf 85' lang='lat' dir='ltr'><strong>gravitate</strong></span> <span class='ocrx_word' id='word_1_165' title='bbox 684 2369 998 2442; x_wconf 86' lang='lat' dir='ltr'><strong>proﬁciens,</strong></span> <span class='ocrx_word' id='word_1_166' title='bbox 1033 2378 1089 2426; x_wconf 89' lang='lat' dir='ltr'><strong>et</strong></span> <span class='ocrx_word' id='word_1_167' title='bbox 1107 2370 1383 2426; x_wconf 82' lang='lat' dir='ltr'><strong>discendis</strong></span> <span class='ocrx_word' id='word_1_168' title='bbox 1401 2370 1721 2425; x_wconf 89' lang='lat' dir='ltr'><strong>liberalibus</strong></span> <span class='ocrx_word' id='word_1_169' title='bbox 1751 2369 1909 2424; x_wconf 90' lang='lat' dir='ltr'><strong>disci-</strong></span> 
     </span>
    </p>
   </div>
   <div class='ocr_carea' id='block_1_26' title="bbox 307 2457 1910 2531">
    <p class='ocr_par' dir='ltr' id='par_1_26' title="bbox 307 2457 1910 2531">
     <span class='ocr_line' id='line_1_26' title="bbox 307 2457 1910 2531; baseline -0.001 -18"><span class='ocrx_word' id='word_1_170' title='bbox 307 2459 474 2531; x_wconf 88' lang='lat' dir='ltr'><strong>plinis</strong></span> <span class='ocrx_word' id='word_1_171' title='bbox 516 2459 771 2514; x_wconf 90' lang='lat' dir='ltr'><strong>ardenter</strong></span> <span class='ocrx_word' id='word_1_172' title='bbox 817 2459 1070 2525; x_wconf 84' lang='lat' dir='ltr'><strong>instabat,</strong></span> <span class='ocrx_word' id='word_1_173' title='bbox 1122 2467 1176 2514; x_wconf 93' lang='lat' dir='ltr'><strong>et</strong></span> <span class='ocrx_word' id='word_1_174' title='bbox 1222 2459 1362 2514; x_wconf 89' lang='lat' dir='ltr'><strong>inter</strong></span> <span class='ocrx_word' id='word_1_175' title='bbox 1406 2460 1522 2514; x_wconf 80' lang='lat' dir='ltr'><strong>haec</strong></span> <span class='ocrx_word' id='word_1_176' title='bbox 1570 2457 1910 2514; x_wconf 88' lang='lat' dir='ltr'><strong>orationibus</strong></span> 
     </span>
    </p>
   </div>
   <div class='ocr_carea' id='block_1_27' title="bbox 309 2547 1906 2623">
    <p class='ocr_par' dir='ltr' id='par_1_27' title="bbox 309 2547 1906 2623">
     <span class='ocr_line' id='line_1_27' title="bbox 309 2547 1906 2623; baseline -0.003 -19"><span class='ocrx_word' id='word_1_177' title='bbox 309 2548 630 2619; x_wconf 63' lang='lat' dir='ltr'><strong>ceterisque</strong></span> <span class='ocrx_word' id='word_1_178' title='bbox 658 2548 926 2603; x_wconf 89' lang='lat' dir='ltr'><strong>bonarum</strong></span> <span class='ocrx_word' id='word_1_179' title='bbox 955 2564 1133 2603; x_wconf 85' lang='lat' dir='ltr'><strong>rerum</strong></span> <span class='ocrx_word' id='word_1_180' title='bbox 1165 2547 1609 2623; x_wconf 86' lang='lat' dir='ltr'><strong>occupationibus</strong></span> <span class='ocrx_word' id='word_1_181' title='bbox 1637 2554 1906 2612; x_wconf 90' lang='lat' dir='ltr'><strong>assuetus,</strong></span> 
     </span>
    </p>
   </div>
   <div class='ocr_carea' id='block_1_28' title="bbox 309 2635 1913 2707">
    <p class='ocr_par' dir='ltr' id='par_1_28' title="bbox 309 2635 1913 2707">
     <span class='ocr_line' id='line_1_28' title="bbox 309 2635 1913 2707; baseline -0.001 -17"><span class='ocrx_word' id='word_1_182' title='bbox 309 2635 365 2690; x_wconf 92' lang='lat' dir='ltr'><strong>in</strong></span> <span class='ocrx_word' id='word_1_183' title='bbox 393 2635 584 2707; x_wconf 87' lang='lat' dir='ltr'><strong>paucis</strong></span> <span class='ocrx_word' id='word_1_184' title='bbox 611 2636 769 2691; x_wconf 88' lang='lat' dir='ltr'><strong>annis</strong></span> <span class='ocrx_word' id='word_1_185' title='bbox 796 2636 945 2692; x_wconf 91' lang='lat' dir='ltr'><strong>omni</strong></span> <span class='ocrx_word' id='word_1_186' title='bbox 970 2636 1281 2691; x_wconf 89' lang='lat' dir='ltr'><strong>maturitate</strong></span> <span class='ocrx_word' id='word_1_187' title='bbox 1310 2643 1363 2691; x_wconf 94' lang='lat' dir='ltr'><strong>et</strong></span> <span class='ocrx_word' id='word_1_188' title='bbox 1396 2635 1636 2691; x_wconf 67' lang='lat' dir='ltr'><strong>scientiae</strong></span> <span class='ocrx_word' id='word_1_189' title='bbox 1665 2643 1719 2690; x_wconf 94' lang='lat' dir='ltr'><strong>et</strong></span> <span class='ocrx_word' id='word_1_190' title='bbox 1746 2635 1913 2690; x_wconf 85' lang='lat' dir='ltr'><strong>virtu-</strong></span> 
     </span>
    </p>
   </div>
   <div class='ocr_carea' id='block_1_29' title="bbox 311 2723 1911 2795">
    <p class='ocr_par' dir='ltr' id='par_1_29' title="bbox 311 2723 1911 2795">
     <span class='ocr_line' id='line_1_29' title="bbox 311 2723 1911 2795; baseline -0.001 -16"><span class='ocrx_word' id='word_1_191' title='bbox 311 2731 425 2779; x_wconf 86' lang='lat' dir='ltr'><strong>tum</strong></span> <span class='ocrx_word' id='word_1_192' title='bbox 454 2723 728 2795; x_wconf 85' lang='lat' dir='ltr'><strong>pert&#39;ectus</strong></span> <span class='ocrx_word' id='word_1_193' title='bbox 757 2724 964 2780; x_wconf 89' lang='lat' dir='ltr'><strong>enituit.</strong></span> <span class='ocrx_word' id='word_1_194' title='bbox 997 2726 1067 2779; x_wconf 88' lang='lat' dir='ltr'><strong>Et</strong></span> <span class='ocrx_word' id='word_1_195' title='bbox 1088 2726 1202 2794; x_wconf 91' lang='lat' dir='ltr'><strong>jam</strong></span> <span class='ocrx_word' id='word_1_196' title='bbox 1234 2732 1362 2781; x_wconf 89' lang='lat' dir='ltr'><strong>tunc</strong></span> <span class='ocrx_word' id='word_1_197' title='bbox 1385 2725 1541 2794; x_wconf 83' lang='lat' dir='ltr'><strong>juxta</strong></span> <span class='ocrx_word' id='word_1_198' title='bbox 1569 2723 1911 2778; x_wconf 90' lang='lat' dir='ltr'><strong>Psalmistam</strong></span> 
     </span>
    </p>
   </div>
   <div class='ocr_carea' id='block_1_30' title="bbox 310 2812 1910 2884">
    <p class='ocr_par' dir='ltr' id='par_1_30' title="bbox 310 2812 1910 2884">
     <span class='ocr_line' id='line_1_30' title="bbox 310 2812 1910 2884; baseline -0.001 -15"><span class='ocrx_word' id='word_1_199' title='bbox 310 2812 584 2869; x_wconf 87' lang='lat' dir='ltr'><strong>concaluit</strong></span> <span class='ocrx_word' id='word_1_200' title='bbox 627 2828 725 2869; x_wconf 88' lang='lat' dir='ltr'><strong>cor</strong></span> <span class='ocrx_word' id='word_1_201' title='bbox 771 2813 888 2883; x_wconf 87' lang='lat' dir='ltr'><strong>ejus</strong></span> <span class='ocrx_word' id='word_1_202' title='bbox 929 2813 1074 2869; x_wconf 89' lang='lat' dir='ltr'><strong>intra</strong></span> <span class='ocrx_word' id='word_1_203' title='bbox 1118 2813 1315 2884; x_wconf 89' lang='lat' dir='ltr'><strong>ipsum,</strong></span> <span class='ocrx_word' id='word_1_204' title='bbox 1366 2821 1421 2868; x_wconf 89' lang='lat' dir='ltr'><strong>et</strong></span> <span class='ocrx_word' id='word_1_205' title='bbox 1460 2812 1518 2866; x_wconf 92' lang='lat' dir='ltr'><strong>in</strong></span> <span class='ocrx_word' id='word_1_206' title='bbox 1563 2812 1910 2868; x_wconf 88' lang='lat' dir='ltr'><strong>meditatione</strong></span> 
     </span>
    </p>
   </div>
   <div class='ocr_carea' id='block_1_31' title="bbox 310 2900 1911 2974">
    <p class='ocr_par' dir='ltr' id='par_1_31' title="bbox 310 2900 1911 2974">
     <span class='ocr_line' id='line_1_31' title="bbox 310 2900 1911 2974; baseline -0.001 -17"><span class='ocrx_word' id='word_1_207' title='bbox 310 2901 439 2970; x_wconf 81' lang='lat' dir='ltr'><strong>ejus</strong></span> <span class='ocrx_word' id='word_1_208' title='bbox 459 2901 659 2956; x_wconf 81' lang='lat' dir='ltr'><strong>exarsit</strong></span> <span class='ocrx_word' id='word_1_209' title='bbox 687 2900 831 2974; x_wconf 90' lang='lat' dir='ltr'><strong>ignis</strong></span> <span class='ocrx_word' id='word_1_210' title='bbox 851 2903 1026 2972; x_wconf 77' lang='lat' dir='ltr'><strong>(Psal.</strong></span> <span class='ocrx_word' id='word_1_211' title='bbox 1050 2917 1295 2967; x_wconf 83' lang='lat' dir='ltr'><strong>xxxvm,</strong></span> <span class='ocrx_word' id='word_1_212' title='bbox 1319 2902 1395 2972; x_wconf 76' lang='grc'><strong>4),</strong></span> <span class='ocrx_word' id='word_1_213' title='bbox 1420 2900 1662 2957; x_wconf 88' lang='lat' dir='ltr'><strong>invenire</strong></span> <span class='ocrx_word' id='word_1_214' title='bbox 1683 2900 1911 2972; x_wconf 91' lang='lat' dir='ltr'><strong>cupiens</strong></span> 
     </span>
    </p>
   </div>
   <div class='ocr_carea' id='block_1_32' title="bbox 311 2989 1909 3061">
    <p class='ocr_par' dir='ltr' id='par_1_32' title="bbox 311 2989 1909 3061">
     <span class='ocr_line' id='line_1_32' title="bbox 311 2989 1909 3061; baseline 0 -16"><span class='ocrx_word' id='word_1_215' title='bbox 311 2989 444 3061; x_wconf 87' lang='lat' dir='ltr'><strong>quid</strong></span> <span class='ocrx_word' id='word_1_216' title='bbox 472 2989 524 3045; x_wconf 90' lang='lat' dir='ltr'><strong>ei</strong></span> <span class='ocrx_word' id='word_1_217' title='bbox 552 2989 607 3044; x_wconf 92' lang='lat' dir='ltr'><strong>in</strong></span> <span class='ocrx_word' id='word_1_218' title='bbox 637 2990 739 3045; x_wconf 91' lang='lat' dir='ltr'><strong>hac</strong></span> <span class='ocrx_word' id='word_1_219' title='bbox 768 2989 879 3045; x_wconf 92' lang='lat' dir='ltr'><strong>vita</strong></span> <span class='ocrx_word' id='word_1_220' title='bbox 907 2990 1227 3047; x_wconf 87' lang='lat' dir='ltr'><strong>consistenti</strong></span> <span class='ocrx_word' id='word_1_221' title='bbox 1257 2989 1484 3061; x_wconf 88' lang='lat' dir='ltr'><strong>exsequi</strong></span> <span class='ocrx_word' id='word_1_222' title='bbox 1513 2989 1744 3044; x_wconf 84' lang='lat' dir='ltr'><strong>maxime</strong></span> <span class='ocrx_word' id='word_1_223' title='bbox 1775 3004 1909 3060; x_wconf 90' lang='lat' dir='ltr'><strong>pro-</strong></span> 
     </span>
    </p>
   </div>
   <div class='ocr_carea' id='block_1_33' title="bbox 308 3076 1909 3150">
    <p class='ocr_par' dir='ltr' id='par_1_33' title="bbox 308 3076 1909 3150">
     <span class='ocr_line' id='line_1_33' title="bbox 308 3076 1909 3150; baseline -0.001 -16"><span class='ocrx_word' id='word_1_224' title='bbox 308 3076 516 3134; x_wconf 83' lang='lat' dir='ltr'><strong>desset.</strong></span> <span class='ocrx_word' id='word_1_225' title='bbox 550 3076 651 3133; x_wconf 89' lang='lat' dir='ltr'><strong>Cui</strong></span> <span class='ocrx_word' id='word_1_226' title='bbox 678 3077 809 3133; x_wconf 88' lang='lat' dir='ltr'><strong>talia</strong></span> <span class='ocrx_word' id='word_1_227' title='bbox 838 3078 1120 3133; x_wconf 86' lang='lat' dir='ltr'><strong>meditanti</strong></span> <span class='ocrx_word' id='word_1_228' title='bbox 1150 3078 1403 3143; x_wconf 88' lang='lat' dir='ltr'><strong>occurrit,</strong></span> <span class='ocrx_word' id='word_1_229' title='bbox 1428 3078 1582 3147; x_wconf 82' lang='lat' dir='ltr'><strong>juxta</strong></span> <span class='ocrx_word' id='word_1_230' title='bbox 1616 3077 1909 3150; x_wconf 89' lang='lat' dir='ltr'><strong>quemdam</strong></span> 
     </span>
    </p>
   </div>
   <div class='ocr_carea' id='block_1_34' title="bbox 306 3164 1910 3237">
    <p class='ocr_par' dir='ltr' id='par_1_34' title="bbox 306 3164 1910 3237">
     <span class='ocr_line' id='line_1_34' title="bbox 306 3164 1910 3237; baseline 0.001 -17"><span class='ocrx_word' id='word_1_231' title='bbox 306 3165 632 3236; x_wconf 88' lang='lat' dir='ltr'><strong>sapientem,</strong></span> <span class='ocrx_word' id='word_1_232' title='bbox 665 3164 897 3236; x_wconf 90' lang='lat' dir='ltr'><strong>primam</strong></span> <span class='ocrx_word' id='word_1_233' title='bbox 926 3166 1286 3237; x_wconf 66' lang='lat' dir='ltr'><strong>philosophiae</strong></span> <span class='ocrx_word' id='word_1_234' title='bbox 1314 3164 1688 3221; x_wconf 85' lang='lat' dir='ltr'><strong>deﬁnitionem</strong></span> <span class='ocrx_word' id='word_1_235' title='bbox 1730 3164 1910 3221; x_wconf 85' lang='lat' dir='ltr'><strong>medi-</strong></span> 
     </span>
    </p>
   </div>
   <div class='ocr_carea' id='block_1_35' title="bbox 308 3246 1913 3326">
    <p class='ocr_par' dir='ltr' id='par_1_35' title="bbox 308 3246 1913 3326">
     <span class='ocr_line' id='line_1_35' title="bbox 308 3246 1913 3326; baseline -0.001 -17"><span class='ocrx_word' id='word_1_236' title='bbox 308 3254 571 3310; x_wconf 81' lang='lat' dir='ltr'><strong>tationem</strong></span> <span class='ocrx_word' id='word_1_237' title='bbox 595 3246 718 3309; x_wconf 87' lang='lat' dir='ltr'><strong>esse</strong></span> <span class='ocrx_word' id='word_1_238' title='bbox 744 3254 957 3321; x_wconf 91' lang='lat' dir='ltr'><strong>mortis,</strong></span> <span class='ocrx_word' id='word_1_239' title='bbox 989 3254 1153 3326; x_wconf 90' lang='lat' dir='ltr'><strong>idque</strong></span> <span class='ocrx_word' id='word_1_240' title='bbox 1182 3262 1293 3311; x_wconf 91' lang='lat' dir='ltr'><strong>toto</strong></span> <span class='ocrx_word' id='word_1_241' title='bbox 1342 3261 1568 3325; x_wconf 89' lang='lat' dir='ltr'><strong>pectore</strong></span> <span class='ocrx_word' id='word_1_242' title='bbox 1602 3253 1803 3319; x_wconf 86' lang='lat' dir='ltr'><strong>hausit,</strong></span> <span class='ocrx_word' id='word_1_243' title='bbox 1854 3260 1913 3308; x_wconf 90' lang='lat' dir='ltr'><strong>ut</strong></span> 
     </span>
    </p>
   </div>
   <div class='ocr_carea' id='block_1_36' title="bbox 310 3341 1911 3414">
    <p class='ocr_par' dir='ltr' id='par_1_36' title="bbox 310 3341 1911 3414">
     <span class='ocr_line' id='line_1_36' title="bbox 310 3341 1911 3414; baseline 0 -17"><span class='ocrx_word' id='word_1_244' title='bbox 310 3342 459 3397; x_wconf 88' lang='lat' dir='ltr'><strong>omni</strong></span> <span class='ocrx_word' id='word_1_245' title='bbox 504 3341 631 3398; x_wconf 74' lang='lat' dir='ltr'><strong>vitae</strong></span> <span class='ocrx_word' id='word_1_246' title='bbox 684 3358 797 3398; x_wconf 69' lang='lat' dir='ltr'><strong>sua:</strong></span> <span class='ocrx_word' id='word_1_247' title='bbox 842 3350 1088 3414; x_wconf 66' lang='lat' dir='ltr'><strong>temmre</strong></span> <span class='ocrx_word' id='word_1_248' title='bbox 1134 3344 1275 3399; x_wconf 90' lang='lat' dir='ltr'><strong>hanc</strong></span> <span class='ocrx_word' id='word_1_249' title='bbox 1317 3357 1584 3397; x_wconf 88' lang='lat' dir='ltr'><strong>summam</strong></span> <span class='ocrx_word' id='word_1_250' title='bbox 1627 3341 1911 3412; x_wconf 68' lang='lat' dir='ltr'><strong>sapientia:</strong></span> 
     </span>
    </p>
   </div>
   <div class='ocr_carea' id='block_1_37' title="bbox 310 3429 1910 3503">
    <p class='ocr_par' dir='ltr' id='par_1_37' title="bbox 310 3429 1910 3503">
     <span class='ocr_line' id='line_1_37' title="bbox 310 3429 1910 3503; baseline -0.001 -16"><span class='ocrx_word' id='word_1_251' title='bbox 310 3429 574 3502; x_wconf 88' lang='lat' dir='ltr'><strong>consequi</strong></span> <span class='ocrx_word' id='word_1_252' title='bbox 602 3438 905 3487; x_wconf 88' lang='lat' dir='ltr'><strong>mereretur</strong></span> <span class='ocrx_word' id='word_1_253' title='bbox 936 3449 950 3487; x_wconf 90' lang='lat'><strong>:</strong></span> <span class='ocrx_word' id='word_1_254' title='bbox 982 3440 1251 3503; x_wconf 88' lang='lat' dir='ltr'><strong>quatenus</strong></span> <span class='ocrx_word' id='word_1_255' title='bbox 1281 3439 1527 3503; x_wconf 84' lang='lat' dir='ltr'><strong>tempore</strong></span> <span class='ocrx_word' id='word_1_256' title='bbox 1558 3430 1750 3486; x_wconf 88' lang='lat' dir='ltr'><strong>mortis</strong></span> <span class='ocrx_word' id='word_1_257' title='bbox 1798 3446 1910 3485; x_wconf 72' lang='lat' dir='ltr'><strong>suae</strong></span> 
     </span>
    </p>
   </div>
   <div class='ocr_carea' id='block_1_38' title="bbox 310 3518 1911 3593">
    <p class='ocr_par' dir='ltr' id='par_1_38' title="bbox 310 3518 1911 3593">
     <span class='ocr_line' id='line_1_38' title="bbox 310 3518 1911 3593; baseline -0.001 -19"><span class='ocrx_word' id='word_1_258' title='bbox 310 3518 379 3575; x_wconf 89' lang='lat' dir='ltr'><strong>de</strong></span> <span class='ocrx_word' id='word_1_259' title='bbox 393 3519 650 3593; x_wconf 88' lang='lat' dir='ltr'><strong>neglectu</strong></span> <span class='ocrx_word' id='word_1_260' title='bbox 669 3519 1155 3591; x_wconf 64' lang='lat' dir='ltr'><strong>praemeditationis</strong></span> <span class='ocrx_word' id='word_1_261' title='bbox 1176 3521 1294 3590; x_wconf 87' lang='lat' dir='ltr'><strong>ejus</strong></span> <span class='ocrx_word' id='word_1_262' title='bbox 1307 3536 1419 3576; x_wconf 93' lang='lat' dir='ltr'><strong>non</strong></span> <span class='ocrx_word' id='word_1_263' title='bbox 1438 3518 1794 3586; x_wconf 88' lang='lat' dir='ltr'><strong>constristari,</strong></span> <span class='ocrx_word' id='word_1_264' title='bbox 1813 3518 1911 3573; x_wconf 91' lang='lat' dir='ltr'><strong>sed</strong></span> 
     </span>
    </p>
   </div>
   <div class='ocr_carea' id='block_1_39' title="bbox 308 3606 1912 3680">
    <p class='ocr_par' dir='ltr' id='par_1_39' title="bbox 308 3606 1912 3680">
     <span class='ocr_line' id='line_1_39' title="bbox 308 3606 1912 3680; baseline -0.001 -18"><span class='ocrx_word' id='word_1_265' title='bbox 308 3608 490 3678; x_wconf 88' lang='lat' dir='ltr'><strong>potius</strong></span> <span class='ocrx_word' id='word_1_266' title='bbox 516 3624 619 3679; x_wconf 91' lang='lat' dir='ltr'><strong>per</strong></span> <span class='ocrx_word' id='word_1_267' title='bbox 645 3607 1088 3664; x_wconf 88' lang='lat' dir='ltr'><strong>observationem</strong></span> <span class='ocrx_word' id='word_1_268' title='bbox 1120 3609 1412 3680; x_wconf 63' lang='lat' dir='ltr'><strong>Scriptura:</strong></span> <span class='ocrx_word' id='word_1_269' title='bbox 1441 3608 1714 3665; x_wconf 89' lang='lat' dir='ltr'><strong>monentis</strong></span> <span class='ocrx_word' id='word_1_270' title='bbox 1742 3622 1809 3663; x_wconf 92' lang='lat' dir='ltr'><strong>ac</strong></span> <span class='ocrx_word' id='word_1_271' title='bbox 1832 3606 1912 3661; x_wconf 88' lang='lat' dir='ltr'><strong>di-</strong></span> 
     </span>
    </p>
   </div>
   <div class='ocr_carea' id='block_1_40' title="bbox 311 3695 1910 3769">
    <p class='ocr_par' dir='ltr' id='par_1_40' title="bbox 311 3695 1910 3769">
     <span class='ocr_line' id='line_1_40' title="bbox 311 3695 1910 3769; baseline 0 -18"><span class='ocrx_word' id='word_1_272' title='bbox 311 3695 486 3751; x_wconf 87' lang='lat' dir='ltr'><strong>centis</strong></span> <span class='ocrx_word' id='word_1_273' title='bbox 509 3713 525 3750; x_wconf 89' lang='lat'><strong>:</strong></span> <span class='ocrx_word' id='word_1_274' title='bbox 550 3697 614 3751; x_wconf 84' lang='lat' dir='ltr'><strong>In</strong></span> <span class='ocrx_word' id='word_1_275' title='bbox 642 3697 900 3753; x_wconf 73' lang='lat' dir='ltr'><strong>omnibus</strong></span> <span class='ocrx_word' id='word_1_276' title='bbox 914 3697 1170 3769; x_wconf 66' lang='lat' dir='ltr'><strong>operibus</strong></span> <span class='ocrx_word' id='word_1_277' title='bbox 1194 3699 1310 3753; x_wconf 75' lang='lat' dir='ltr'><strong>tut:</strong></span> <span class='ocrx_word' id='word_1_278' title='bbox 1330 3712 1647 3754; x_wconf 73' lang='lat' dir='ltr'><strong>memorare</strong></span> <span class='ocrx_word' id='word_1_279' title='bbox 1667 3696 1910 3752; x_wconf 71' lang='lat' dir='ltr'><strong>novissi-</strong></span> 
     </span>
    </p>
   </div>
   <div class='ocr_carea' id='block_1_41' title="bbox 312 3782 1907 3859">
    <p class='ocr_par' dir='ltr' id='par_1_41' title="bbox 312 3782 1907 3859">
     <span class='ocr_line' id='line_1_41' title="bbox 312 3782 1907 3859; baseline 0.001 -21"><span class='ocrx_word' id='word_1_280' title='bbox 312 3799 409 3838; x_wconf 81' lang='lat' dir='ltr'><strong>ma</strong></span> <span class='ocrx_word' id='word_1_281' title='bbox 428 3787 550 3849; x_wconf 84' lang='lat' dir='ltr'><strong>tua,</strong></span> <span class='ocrx_word' id='word_1_282' title='bbox 582 3788 639 3840; x_wconf 84' lang='lat' dir='ltr'><strong>et</strong></span> <span class='ocrx_word' id='word_1_283' title='bbox 659 3786 721 3840; x_wconf 75' lang='lat' dir='ltr'><strong>in</strong></span> <span class='ocrx_word' id='word_1_284' title='bbox 741 3789 1029 3842; x_wconf 69' lang='lat' dir='ltr'><strong>(atomum</strong></span> <span class='ocrx_word' id='word_1_285' title='bbox 1041 3802 1157 3842; x_wconf 72' lang='lat' dir='ltr'><strong>non</strong></span> <span class='ocrx_word' id='word_1_286' title='bbox 1174 3785 1430 3859; x_wconf 75' lang='lat' dir='ltr'><strong>peccabis</strong></span> <span class='ocrx_word' id='word_1_287' title='bbox 1453 3786 1649 3856; x_wconf 81' lang='lat' dir='ltr'><strong>(Ecch&#39;.</strong></span> <span class='ocrx_word' id='word_1_288' title='bbox 1674 3799 1773 3851; x_wconf 84' lang='lat' dir='ltr'><strong>vn,</strong></span> <span class='ocrx_word' id='word_1_289' title='bbox 1797 3782 1907 3854; x_wconf 77' lang='grc'><strong>40),</strong></span> 
     </span>
    </p>
   </div>
   <div class='ocr_carea' id='block_1_42' title="bbox 309 3872 1914 3946">
    <p class='ocr_par' dir='ltr' id='par_1_42' title="bbox 309 3872 1914 3946">
     <span class='ocr_line' id='line_1_42' title="bbox 309 3872 1914 3946; baseline 0.002 -21"><span class='ocrx_word' id='word_1_290' title='bbox 309 3879 575 3943; x_wconf 87' lang='lat' dir='ltr'><strong>quantum</strong></span> <span class='ocrx_word' id='word_1_291' title='bbox 601 3872 849 3929; x_wconf 67' lang='lat' dir='ltr'><strong>humanae</strong></span> <span class='ocrx_word' id='word_1_292' title='bbox 876 3874 1173 3929; x_wconf 89' lang='lat' dir='ltr'><strong>conditioni</strong></span> <span class='ocrx_word' id='word_1_293' title='bbox 1199 3874 1460 3946; x_wconf 90' lang='lat' dir='ltr'><strong>possibile</strong></span> <span class='ocrx_word' id='word_1_294' title='bbox 1488 3881 1652 3941; x_wconf 90' lang='lat' dir='ltr'><strong>esset,</strong></span> <span class='ocrx_word' id='word_1_295' title='bbox 1686 3873 1755 3928; x_wconf 90' lang='lat' dir='ltr'><strong>de</strong></span> <span class='ocrx_word' id='word_1_296' title='bbox 1783 3886 1914 3943; x_wconf 88' lang='lat' dir='ltr'><strong>pec-</strong></span> 
     </span>
    </p>
   </div>
   <div class='ocr_carea' id='block_1_43' title="bbox 309 3959 1909 4019">
    <p class='ocr_par' dir='ltr' id='par_1_43' title="bbox 309 3959 1909 4019">
     <span class='ocr_line' id='line_1_43' title="bbox 309 3959 1909 4019; baseline 0 -5"><span class='ocrx_word' id='word_1_297' title='bbox 309 3965 557 4015; x_wconf 87' lang='lat' dir='ltr'><strong>catorum</strong></span> <span class='ocrx_word' id='word_1_298' title='bbox 584 3960 672 4016; x_wconf 82' lang='lat' dir='ltr'><strong>vel</strong></span> <span class='ocrx_word' id='word_1_299' title='bbox 696 3962 914 4017; x_wconf 87' lang='lat' dir='ltr'><strong>cautela</strong></span> <span class='ocrx_word' id='word_1_300' title='bbox 963 3962 1051 4018; x_wconf 91' lang='lat' dir='ltr'><strong>vel</strong></span> <span class='ocrx_word' id='word_1_301' title='bbox 1095 3962 1418 4019; x_wconf 89' lang='lat' dir='ltr'><strong>remissione</strong></span> <span class='ocrx_word' id='word_1_302' title='bbox 1465 3977 1690 4019; x_wconf 88' lang='lat' dir='ltr'><strong>securus</strong></span> <span class='ocrx_word' id='word_1_303' title='bbox 1732 3959 1909 4016; x_wconf 62' lang='lat' dir='ltr'><strong>laetiﬁ-</strong></span> 
     </span>
    </p>
   </div>
   <div class='ocr_carea' id='block_1_44' title="bbox 311 4046 772 4106">
    <p class='ocr_par' dir='ltr' id='par_1_44' title="bbox 311 4046 772 4106">
     <span class='ocr_line' id='line_1_44' title="bbox 311 4046 772 4106; baseline 0.004 -2"><span class='ocrx_word' id='word_1_304' title='bbox 311 4046 428 4104; x_wconf 85' lang='lat' dir='ltr'><strong>cari</strong></span> <span class='ocrx_word' id='word_1_305' title='bbox 455 4056 772 4106; x_wconf 87' lang='lat' dir='ltr'><strong>mereretur.</strong></span> 
     </span>
    </p>
   </div>
   <div class='ocr_carea' id='block_1_45' title="bbox 942 4178 1279 4235">
    <p class='ocr_par' dir='ltr' id='par_1_45' title="bbox 942 4178 1279 4235">
     <span class='ocr_line' id='line_1_45' title="bbox 942 4178 1279 4235; baseline 0 -1"><span class='ocrx_word' id='word_1_306' title='bbox 942 4178 1166 4235; x_wconf 81' lang='lat' dir='ltr'><strong>CAPUT</strong></span> <span class='ocrx_word' id='word_1_307' title='bbox 1214 4178 1279 4234; x_wconf 83' lang='lat' dir='ltr'><strong>V.</strong></span> 
     </span>
    </p>
   </div>
   <div class='ocr_carea' id='block_1_46' title="bbox 384 4297 1911 4375">
    <p class='ocr_par' dir='ltr' id='par_1_46' title="bbox 384 4297 1911 4375">
     <span class='ocr_line' id='line_1_46' title="bbox 384 4297 1911 4375; baseline -0.003 -18"><span class='ocrx_word' id='word_1_308' title='bbox 384 4301 740 4358; x_wconf 84' lang='lat' dir='ltr'><strong>Venerandus</strong></span> <span class='ocrx_word' id='word_1_309' title='bbox 768 4299 933 4375; x_wconf 87' lang='lat' dir='ltr'><strong>igitur</strong></span> <span class='ocrx_word' id='word_1_310' title='bbox 960 4301 1181 4373; x_wconf 73' lang='lat' dir='ltr'><strong>prazsul,</strong></span> <span class='ocrx_word' id='word_1_311' title='bbox 1214 4300 1306 4373; x_wconf 90' lang='lat' dir='ltr'><strong>qui</strong></span> <span class='ocrx_word' id='word_1_312' title='bbox 1337 4317 1461 4357; x_wconf 85' lang='lat' dir='ltr'><strong>eum</strong></span> <span class='ocrx_word' id='word_1_313' title='bbox 1490 4300 1676 4356; x_wconf 91' lang='lat' dir='ltr'><strong>divino</strong></span> <span class='ocrx_word' id='word_1_314' title='bbox 1704 4297 1911 4354; x_wconf 90' lang='lat' dir='ltr'><strong>manci-</strong></span> 
     </span>
    </p>
   </div>
   <div class='ocr_carea' id='block_1_47' title="bbox 314 4388 1912 4461">
    <p class='ocr_par' dir='ltr' id='par_1_47' title="bbox 314 4388 1912 4461">
     <span class='ocr_line' id='line_1_47' title="bbox 314 4388 1912 4461; baseline -0.003 -15"><span class='ocrx_word' id='word_1_315' title='bbox 314 4390 463 4461; x_wconf 85' lang='lat' dir='ltr'><strong>pavit</strong></span> <span class='ocrx_word' id='word_1_316' title='bbox 492 4390 737 4457; x_wconf 90' lang='lat' dir='ltr'><strong>servitio,</strong></span> <span class='ocrx_word' id='word_1_317' title='bbox 769 4391 908 4445; x_wconf 91' lang='lat' dir='ltr'><strong>sicut</strong></span> <span class='ocrx_word' id='word_1_318' title='bbox 935 4390 992 4445; x_wconf 91' lang='lat' dir='ltr'><strong>in</strong></span> <span class='ocrx_word' id='word_1_319' title='bbox 1020 4389 1159 4461; x_wconf 80' lang='lat' dir='ltr'><strong>gesti</strong></span> <span class='ocrx_word' id='word_1_320' title='bbox 1190 4389 1312 4446; x_wconf 60' lang='lat' dir='ltr'><strong>vita</strong></span> <span class='ocrx_word' id='word_1_321' title='bbox 1358 4389 1474 4459; x_wconf 91' lang='lat' dir='ltr'><strong>ejus</strong></span> <span class='ocrx_word' id='word_1_322' title='bbox 1516 4388 1738 4461; x_wconf 89' lang='lat' dir='ltr'><strong>legitur,</strong></span> <span class='ocrx_word' id='word_1_323' title='bbox 1790 4403 1912 4457; x_wconf 75' lang='lat' dir='ltr'><strong>quae</strong></span> 
     </span>
    </p>
   </div>
   <div class='ocr_carea' id='block_1_48' title="bbox 2003 497 3603 571">
    <p class='ocr_par' dir='ltr' id='par_1_48' title="bbox 2003 497 3603 571">
     <span class='ocr_line' id='line_1_48' title="bbox 2003 497 3603 571; baseline 0.003 -20"><span class='ocrx_word' id='word_1_324' title='bbox 2003 497 2295 554; x_wconf 90' lang='lat' dir='ltr'><strong>verisimile</strong></span> <span class='ocrx_word' id='word_1_325' title='bbox 2331 498 2563 565; x_wconf 90' lang='lat' dir='ltr'><strong>videtur,</strong></span> <span class='ocrx_word' id='word_1_326' title='bbox 2598 500 2744 571; x_wconf 92' lang='lat' dir='ltr'><strong>quod</strong></span> <span class='ocrx_word' id='word_1_327' title='bbox 2775 500 3056 556; x_wconf 89' lang='lat' dir='ltr'><strong>evidenter</strong></span> <span class='ocrx_word' id='word_1_328' title='bbox 3084 517 3114 555; x_wconf 89' lang='lat' dir='ltr'><strong>a</strong></span> <span class='ocrx_word' id='word_1_329' title='bbox 3141 501 3255 555; x_wconf 94' lang='lat' dir='ltr'><strong>Deo</strong></span> <span class='ocrx_word' id='word_1_330' title='bbox 3287 500 3365 554; x_wconf 91' lang='lat' dir='ltr'><strong>illi</strong></span> <span class='ocrx_word' id='word_1_331' title='bbox 3410 499 3478 554; x_wconf 89' lang='lat' dir='ltr'><strong>sit</strong></span> <span class='ocrx_word' id='word_1_332' title='bbox 3508 515 3603 555; x_wconf 93' lang='lat' dir='ltr'><strong>re-</strong></span> 
     </span>
    </p>
   </div>
   <div class='ocr_carea' id='block_1_49' title="bbox 2004 585 3685 659">
    <p class='ocr_par' dir='ltr' id='par_1_49' title="bbox 2004 585 3685 659">
     <span class='ocr_line' id='line_1_49' title="bbox 2004 585 3685 659; baseline 0.001 -19"><span class='ocrx_word' id='word_1_333' title='bbox 2004 585 2258 651; x_wconf 88' lang='lat' dir='ltr'><strong>velatum,</strong></span> <span class='ocrx_word' id='word_1_334' title='bbox 2306 588 2431 658; x_wconf 90' lang='lat' dir='ltr'><strong>quia</strong></span> <span class='ocrx_word' id='word_1_335' title='bbox 2481 603 2770 643; x_wconf 90' lang='lat' dir='ltr'><strong>successor</strong></span> <span class='ocrx_word' id='word_1_336' title='bbox 2812 587 2890 641; x_wconf 92' lang='lat' dir='ltr'><strong>illi</strong></span> <span class='ocrx_word' id='word_1_337' title='bbox 2936 588 2989 642; x_wconf 93' lang='lat' dir='ltr'><strong>in</strong></span> <span class='ocrx_word' id='word_1_338' title='bbox 3034 589 3352 659; x_wconf 83' lang='lat' dir='ltr'><strong>episcopatu</strong></span> <span class='ocrx_word' id='word_1_339' title='bbox 3397 586 3604 643; x_wconf 89' lang='lat' dir='ltr'><strong>futurus</strong></span> <span class='ocrx_word' id='word_1_340' title='bbox 3670 624 3685 637; x_wconf 58' lang='grc' dir='ltr'><strong>κ</strong></span> 
     </span>
    </p>
   </div>
   <div class='ocr_carea' id='block_1_50' title="bbox 2002 672 3604 747">
    <p class='ocr_par' dir='ltr' id='par_1_50' title="bbox 2002 672 3604 747">
     <span class='ocr_line' id='line_1_50' title="bbox 2002 672 3604 747; baseline 0.001 -18"><span class='ocrx_word' id='word_1_341' title='bbox 2002 672 2209 730; x_wconf 89' lang='lat' dir='ltr'><strong>fuisset.</strong></span> <span class='ocrx_word' id='word_1_342' title='bbox 2242 676 2383 730; x_wconf 90' lang='lat' dir='ltr'><strong>Nam</strong></span> <span class='ocrx_word' id='word_1_343' title='bbox 2413 692 2532 731; x_wconf 91' lang='lat' dir='ltr'><strong>cum</strong></span> <span class='ocrx_word' id='word_1_344' title='bbox 2566 676 2741 747; x_wconf 87' lang='lat' dir='ltr'><strong>primo</strong></span> <span class='ocrx_word' id='word_1_345' title='bbox 2772 676 2827 729; x_wconf 91' lang='lat' dir='ltr'><strong>in</strong></span> <span class='ocrx_word' id='word_1_346' title='bbox 2856 677 3132 732; x_wconf 90' lang='lat' dir='ltr'><strong>discendis</strong></span> <span class='ocrx_word' id='word_1_347' title='bbox 3180 677 3383 747; x_wconf 77' lang='lat' dir='ltr'><strong>artibus</strong></span> <span class='ocrx_word' id='word_1_348' title='bbox 3426 685 3479 731; x_wconf 90' lang='lat' dir='ltr'><strong>et</strong></span> <span class='ocrx_word' id='word_1_349' title='bbox 3517 675 3604 730; x_wconf 88' lang='lat' dir='ltr'><strong>di-</strong></span> 
     </span>
    </p>
   </div>
   <div class='ocr_carea' id='block_1_51' title="bbox 2006 763 3604 839">
    <p class='ocr_par' dir='ltr' id='par_1_51' title="bbox 2006 763 3604 839">
     <span class='ocr_line' id='line_1_51' title="bbox 2006 763 3604 839; baseline 0.003 -23"><span class='ocrx_word' id='word_1_350' title='bbox 2006 763 2245 833; x_wconf 88' lang='lat' dir='ltr'><strong>sciplinis</strong></span> <span class='ocrx_word' id='word_1_351' title='bbox 2274 764 2614 820; x_wconf 90' lang='lat' dir='ltr'><strong>scholaribus</strong></span> <span class='ocrx_word' id='word_1_352' title='bbox 2660 764 2926 821; x_wconf 88' lang='lat' dir='ltr'><strong>districtio</strong></span> <span class='ocrx_word' id='word_1_353' title='bbox 2974 766 3365 839; x_wconf 88' lang='lat' dir='ltr'><strong>magistrorum</strong></span> <span class='ocrx_word' id='word_1_354' title='bbox 3414 765 3464 820; x_wconf 90' lang='lat' dir='ltr'><strong>ei</strong></span> <span class='ocrx_word' id='word_1_355' title='bbox 3513 781 3604 820; x_wconf 92' lang='lat' dir='ltr'><strong>re-</strong></span> 
     </span>
    </p>
   </div>
   <div class='ocr_carea' id='block_1_52' title="bbox 2003 850 3604 925">
    <p class='ocr_par' dir='ltr' id='par_1_52' title="bbox 2003 850 3604 925">
     <span class='ocr_line' id='line_1_52' title="bbox 2003 850 3604 925; baseline 0.002 -21"><span class='ocrx_word' id='word_1_356' title='bbox 2003 850 2328 915; x_wconf 87' lang='lat' dir='ltr'><strong>mitteretur,</strong></span> <span class='ocrx_word' id='word_1_357' title='bbox 2388 853 2537 924; x_wconf 91' lang='lat' dir='ltr'><strong>quod</strong></span> <span class='ocrx_word' id='word_1_358' title='bbox 2597 852 2791 907; x_wconf 88' lang='lat' dir='ltr'><strong>usitata</strong></span> <span class='ocrx_word' id='word_1_359' title='bbox 2846 853 3136 909; x_wconf 91' lang='lat' dir='ltr'><strong>locutionis</strong></span> <span class='ocrx_word' id='word_1_360' title='bbox 3190 869 3475 925; x_wconf 87' lang='lat' dir='ltr'><strong>egressum</strong></span> <span class='ocrx_word' id='word_1_361' title='bbox 3535 853 3604 908; x_wconf 92' lang='lat' dir='ltr'><strong>de</strong></span> 
     </span>
    </p>
   </div>
   <div class='ocr_carea' id='block_1_53' title="bbox 2005 940 3603 1012">
    <p class='ocr_par' dir='ltr' id='par_1_53' title="bbox 2005 940 3603 1012">
     <span class='ocr_line' id='line_1_53' title="bbox 2005 940 3603 1012; baseline 0.001 -19"><span class='ocrx_word' id='word_1_362' title='bbox 2005 940 2189 995; x_wconf 90' lang='lat' dir='ltr'><strong>schola</strong></span> <span class='ocrx_word' id='word_1_363' title='bbox 2220 940 2468 1009; x_wconf 88' lang='lat' dir='ltr'><strong>dicimus,</strong></span> <span class='ocrx_word' id='word_1_364' title='bbox 2501 957 2625 996; x_wconf 91' lang='lat' dir='ltr'><strong>mox</strong></span> <span class='ocrx_word' id='word_1_365' title='bbox 2657 958 2779 996; x_wconf 90' lang='lat' dir='ltr'><strong>eum</strong></span> <span class='ocrx_word' id='word_1_366' title='bbox 2810 941 3043 996; x_wconf 89' lang='lat' dir='ltr'><strong>domnus</strong></span> <span class='ocrx_word' id='word_1_367' title='bbox 3073 941 3362 1012; x_wconf 90' lang='lat' dir='ltr'><strong>episcopus</strong></span> <span class='ocrx_word' id='word_1_368' title='bbox 3402 941 3603 996; x_wconf 85' lang='lat' dir='ltr'><strong>indivi-</strong></span> 
     </span>
    </p>
   </div>
   <div class='ocr_carea' id='block_1_54' title="bbox 2006 1027 3605 1102">
    <p class='ocr_par' dir='ltr' id='par_1_54' title="bbox 2006 1027 3605 1102">
     <span class='ocr_line' id='line_1_54' title="bbox 2006 1027 3605 1102; baseline 0.002 -21"><span class='ocrx_word' id='word_1_369' title='bbox 2006 1027 2216 1083; x_wconf 91' lang='lat' dir='ltr'><strong>sibilem</strong></span> <span class='ocrx_word' id='word_1_370' title='bbox 2251 1045 2363 1084; x_wconf 68' lang='lat' dir='ltr'><strong>suae</strong></span> <span class='ocrx_word' id='word_1_371' title='bbox 2393 1029 2682 1102; x_wconf 83' lang='lat' dir='ltr'><strong>legationis</strong></span> <span class='ocrx_word' id='word_1_372' title='bbox 2713 1030 2964 1085; x_wconf 91' lang='lat' dir='ltr'><strong>comitem</strong></span> <span class='ocrx_word' id='word_1_373' title='bbox 2993 1046 3116 1085; x_wconf 87' lang='lat' dir='ltr'><strong>esse</strong></span> <span class='ocrx_word' id='word_1_374' title='bbox 3147 1029 3421 1085; x_wconf 87' lang='lat' dir='ltr'><strong>constituit</strong></span> <span class='ocrx_word' id='word_1_375' title='bbox 3456 1046 3468 1085; x_wconf 92' lang='lat'><strong>:</strong></span> <span class='ocrx_word' id='word_1_376' title='bbox 3504 1046 3605 1084; x_wconf 90' lang='lat' dir='ltr'><strong>ve-</strong></span> 
     </span>
    </p>
   </div>
   <div class='ocr_carea' id='block_1_55' title="bbox 2004 1117 3605 1190">
    <p class='ocr_par' dir='ltr' id='par_1_55' title="bbox 2004 1117 3605 1190">
     <span class='ocr_line' id='line_1_55' title="bbox 2004 1117 3605 1190; baseline 0.001 -19"><span class='ocrx_word' id='word_1_377' title='bbox 2004 1117 2353 1188; x_wconf 90' lang='lat' dir='ltr'><strong>nientemque</strong></span> <span class='ocrx_word' id='word_1_378' title='bbox 2402 1118 2469 1172; x_wconf 91' lang='lat' dir='ltr'><strong>de</strong></span> <span class='ocrx_word' id='word_1_379' title='bbox 2526 1118 2749 1188; x_wconf 55' lang='lat' dir='ltr'><strong>praefato</strong></span> <span class='ocrx_word' id='word_1_380' title='bbox 2809 1119 2863 1173; x_wconf 90' lang='lat' dir='ltr'><strong>in</strong></span> <span class='ocrx_word' id='word_1_381' title='bbox 2920 1134 3027 1190; x_wconf 91' lang='lat' dir='ltr'><strong>quo</strong></span> <span class='ocrx_word' id='word_1_382' title='bbox 3086 1135 3208 1173; x_wconf 91' lang='lat' dir='ltr'><strong>eum</strong></span> <span class='ocrx_word' id='word_1_383' title='bbox 3257 1118 3605 1173; x_wconf 87' lang='lat' dir='ltr'><strong>nutriendum</strong></span> 
     </span>
    </p>
   </div>
   <div class='ocr_carea' id='block_1_56' title="bbox 2006 1206 3599 1278">
    <p class='ocr_par' dir='ltr' id='par_1_56' title="bbox 2006 1206 3599 1278">
     <span class='ocr_line' id='line_1_56' title="bbox 2006 1206 3599 1278; baseline -0.001 -17"><span class='ocrx_word' id='word_1_384' title='bbox 2006 1206 2407 1261; x_wconf 86' lang='lat' dir='ltr'><strong>commendavit</strong></span> <span class='ocrx_word' id='word_1_385' title='bbox 2461 1207 2846 1262; x_wconf 89' lang='lat' dir='ltr'><strong>monasteriolo</strong></span> <span class='ocrx_word' id='word_1_386' title='bbox 2904 1223 3027 1263; x_wconf 90' lang='lat' dir='ltr'><strong>cum</strong></span> <span class='ocrx_word' id='word_1_387' title='bbox 3085 1207 3286 1278; x_wconf 89' lang='lat' dir='ltr'><strong>gaudio</strong></span> <span class='ocrx_word' id='word_1_388' title='bbox 3341 1206 3599 1277; x_wconf 88' lang='lat' dir='ltr'><strong>suscepit,</strong></span> 
     </span>
    </p>
   </div>
   <div class='ocr_carea' id='block_1_57' title="bbox 2005 1294 3605 1366">
    <p class='ocr_par' dir='ltr' id='par_1_57' title="bbox 2005 1294 3605 1366">
     <span class='ocr_line' id='line_1_57' title="bbox 2005 1294 3605 1366; baseline 0.001 -17"><span class='ocrx_word' id='word_1_389' title='bbox 2005 1294 2390 1365; x_wconf 91' lang='lat' dir='ltr'><strong>consciumque</strong></span> <span class='ocrx_word' id='word_1_390' title='bbox 2440 1310 2664 1349; x_wconf 90' lang='lat' dir='ltr'><strong>suorum</strong></span> <span class='ocrx_word' id='word_1_391' title='bbox 2712 1295 2768 1349; x_wconf 92' lang='lat' dir='ltr'><strong>in</strong></span> <span class='ocrx_word' id='word_1_392' title='bbox 2810 1295 3062 1350; x_wconf 90' lang='lat' dir='ltr'><strong>omnibus</strong></span> <span class='ocrx_word' id='word_1_393' title='bbox 3109 1295 3438 1366; x_wconf 87' lang='lat' dir='ltr'><strong>permiserat</strong></span> <span class='ocrx_word' id='word_1_394' title='bbox 3481 1312 3605 1351; x_wconf 90' lang='lat' dir='ltr'><strong>esse</strong></span> 
     </span>
    </p>
   </div>
   <div class='ocr_carea' id='block_1_58' title="bbox 2005 1383 3602 1455">
    <p class='ocr_par' dir='ltr' id='par_1_58' title="bbox 2005 1383 3602 1455">
     <span class='ocr_line' id='line_1_58' title="bbox 2005 1383 3602 1455; baseline 0.002 -18"><span class='ocrx_word' id='word_1_395' title='bbox 2005 1391 2305 1454; x_wconf 86' lang='lat' dir='ltr'><strong>gestorum,</strong></span> <span class='ocrx_word' id='word_1_396' title='bbox 2341 1383 2539 1454; x_wconf 90' lang='lat' dir='ltr'><strong>quibus</strong></span> <span class='ocrx_word' id='word_1_397' title='bbox 2569 1383 2686 1454; x_wconf 88' lang='lat' dir='ltr'><strong>ipse</strong></span> <span class='ocrx_word' id='word_1_398' title='bbox 2716 1385 2832 1437; x_wconf 91' lang='lat' dir='ltr'><strong>Deo</strong></span> <span class='ocrx_word' id='word_1_399' title='bbox 2862 1400 2982 1439; x_wconf 89' lang='lat' dir='ltr'><strong>cum</strong></span> <span class='ocrx_word' id='word_1_400' title='bbox 3023 1384 3169 1438; x_wconf 90' lang='lat' dir='ltr'><strong>omni</strong></span> <span class='ocrx_word' id='word_1_401' title='bbox 3221 1384 3436 1455; x_wconf 86' lang='lat' dir='ltr'><strong>pietate,</strong></span> <span class='ocrx_word' id='word_1_402' title='bbox 3486 1384 3602 1441; x_wconf 89' lang='lat' dir='ltr'><strong>sive</strong></span> 
     </span>
    </p>
   </div>
   <div class='ocr_carea' id='block_1_59' title="bbox 2006 1470 3103 1538">
    <p class='ocr_par' dir='ltr' id='par_1_59' title="bbox 2006 1470 3103 1538">
     <span class='ocr_line' id='line_1_59' title="bbox 2006 1470 3103 1538; baseline 0.001 -12"><span class='ocrx_word' id='word_1_403' title='bbox 2006 1471 2238 1538; x_wconf 89' lang='lat' dir='ltr'><strong>occulte,</strong></span> <span class='ocrx_word' id='word_1_404' title='bbox 2272 1472 2386 1526; x_wconf 91' lang='lat' dir='ltr'><strong>sive</strong></span> <span class='ocrx_word' id='word_1_405' title='bbox 2415 1471 2698 1526; x_wconf 85' lang='lat' dir='ltr'><strong>manifeste</strong></span> <span class='ocrx_word' id='word_1_406' title='bbox 2728 1470 3103 1527; x_wconf 88' lang='lat' dir='ltr'><strong>famulabatur.</strong></span> 
     </span>
    </p>
   </div>
   <div class='ocr_carea' id='block_1_60' title="bbox 2625 1675 2979 1731">
    <p class='ocr_par' dir='ltr' id='par_1_60' title="bbox 2625 1675 2979 1731">
     <span class='ocr_line' id='line_1_60' title="bbox 2625 1675 2979 1731; baseline -0.003 -1"><span class='ocrx_word' id='word_1_407' title='bbox 2625 1675 2850 1731; x_wconf 87' lang='lat' dir='ltr'><strong>CAPUT</strong></span> <span class='ocrx_word' id='word_1_408' title='bbox 2889 1675 2979 1730; x_wconf 84' lang='lat' dir='ltr'><strong>VI.</strong></span> 
     </span>
    </p>
   </div>
   <div class='ocr_carea' id='block_1_61' title="bbox 2077 1820 3606 1892">
    <p class='ocr_par' dir='ltr' id='par_1_61' title="bbox 2077 1820 3606 1892">
     <span class='ocr_line' id='line_1_61' title="bbox 2077 1820 3606 1892; baseline 0.001 -17"><span class='ocrx_word' id='word_1_409' title='bbox 2077 1820 2324 1891; x_wconf 89' lang='lat' dir='ltr'><strong>Denique</strong></span> <span class='ocrx_word' id='word_1_410' title='bbox 2355 1837 2478 1875; x_wconf 92' lang='lat' dir='ltr'><strong>cum</strong></span> <span class='ocrx_word' id='word_1_411' title='bbox 2509 1820 2741 1892; x_wconf 90' lang='lat' dir='ltr'><strong>quadam</strong></span> <span class='ocrx_word' id='word_1_412' title='bbox 2773 1820 2860 1876; x_wconf 92' lang='lat' dir='ltr'><strong>die</strong></span> <span class='ocrx_word' id='word_1_413' title='bbox 2884 1822 3035 1890; x_wconf 88' lang='lat' dir='ltr'><strong>juxta</strong></span> <span class='ocrx_word' id='word_1_414' title='bbox 3064 1837 3275 1877; x_wconf 91' lang='lat' dir='ltr'><strong>morem</strong></span> <span class='ocrx_word' id='word_1_415' title='bbox 3323 1821 3481 1877; x_wconf 89' lang='lat' dir='ltr'><strong>simul</strong></span> <span class='ocrx_word' id='word_1_416' title='bbox 3512 1838 3606 1877; x_wconf 90' lang='lat' dir='ltr'><strong>as-</strong></span> 
     </span>
    </p>
   </div>
   <div class='ocr_carea' id='block_1_62' title="bbox 2006 1909 3607 1982">
    <p class='ocr_par' dir='ltr' id='par_1_62' title="bbox 2006 1909 3607 1982">
     <span class='ocr_line' id='line_1_62' title="bbox 2006 1909 3607 1982; baseline 0.001 -18"><span class='ocrx_word' id='word_1_417' title='bbox 2006 1909 2257 1964; x_wconf 90' lang='lat' dir='ltr'><strong>sisterent</strong></span> <span class='ocrx_word' id='word_1_418' title='bbox 2283 1909 2353 1964; x_wconf 92' lang='lat' dir='ltr'><strong>ad</strong></span> <span class='ocrx_word' id='word_1_419' title='bbox 2382 1909 2705 1975; x_wconf 87' lang='lat' dir='ltr'><strong>orationem,</strong></span> <span class='ocrx_word' id='word_1_420' title='bbox 2740 1910 2963 1982; x_wconf 89' lang='lat' dir='ltr'><strong>jamque</strong></span> <span class='ocrx_word' id='word_1_421' title='bbox 3011 1910 3406 1980; x_wconf 86' lang='lat' dir='ltr'><strong>supplicatione</strong></span> <span class='ocrx_word' id='word_1_422' title='bbox 3454 1910 3607 1965; x_wconf 86' lang='lat' dir='ltr'><strong>finita</strong></span> 
     </span>
    </p>
   </div>
   <div class='ocr_carea' id='block_1_63' title="bbox 2006 1996 3605 2070">
    <p class='ocr_par' dir='ltr' id='par_1_63' title="bbox 2006 1996 3605 2070">
     <span class='ocr_line' id='line_1_63' title="bbox 2006 1996 3605 2070; baseline 0 -16"><span class='ocrx_word' id='word_1_423' title='bbox 2006 1998 2194 2070; x_wconf 86' lang='lat' dir='ltr'><strong>egredi</strong></span> <span class='ocrx_word' id='word_1_424' title='bbox 2223 1998 2291 2052; x_wconf 91' lang='lat' dir='ltr'><strong>de</strong></span> <span class='ocrx_word' id='word_1_425' title='bbox 2321 1996 2549 2053; x_wconf 89' lang='lat' dir='ltr'><strong>ecclesia</strong></span> <span class='ocrx_word' id='word_1_426' title='bbox 2578 2007 2850 2068; x_wconf 88' lang='lat' dir='ltr'><strong>pararent,</strong></span> <span class='ocrx_word' id='word_1_427' title='bbox 2884 1998 3039 2070; x_wconf 90' lang='lat' dir='ltr'><strong>quasi</strong></span> <span class='ocrx_word' id='word_1_428' title='bbox 3069 1998 3380 2054; x_wconf 85' lang='lat' dir='ltr'><strong>secretioris</strong></span> <span class='ocrx_word' id='word_1_429' title='bbox 3415 1999 3605 2069; x_wconf 67' lang='lat' dir='ltr'><strong>gratiae</strong></span> 
     </span>
    </p>
   </div>
   <div class='ocr_carea' id='block_1_64' title="bbox 2005 2085 3604 2159">
    <p class='ocr_par' dir='ltr' id='par_1_64' title="bbox 2005 2085 3604 2159">
     <span class='ocr_line' id='line_1_64' title="bbox 2005 2085 3604 2159; baseline 0 -18"><span class='ocrx_word' id='word_1_430' title='bbox 2005 2102 2203 2141; x_wconf 90' lang='lat' dir='ltr'><strong>munus</strong></span> <span class='ocrx_word' id='word_1_431' title='bbox 2248 2086 2304 2139; x_wconf 91' lang='lat' dir='ltr'><strong>in</strong></span> <span class='ocrx_word' id='word_1_432' title='bbox 2344 2085 2612 2156; x_wconf 87' lang='lat' dir='ltr'><strong>discipulo</strong></span> <span class='ocrx_word' id='word_1_433' title='bbox 2659 2085 2899 2157; x_wconf 83' lang='lat' dir='ltr'><strong>pontifex</strong></span> <span class='ocrx_word' id='word_1_434' title='bbox 2953 2102 3294 2159; x_wconf 88' lang='lat' dir='ltr'><strong>agnoscens,</strong></span> <span class='ocrx_word' id='word_1_435' title='bbox 3347 2103 3472 2142; x_wconf 91' lang='lat' dir='ltr'><strong>eum</strong></span> <span class='ocrx_word' id='word_1_436' title='bbox 3518 2087 3604 2142; x_wconf 90' lang='lat' dir='ltr'><strong>his</strong></span> 
     </span>
    </p>
   </div>
   <div class='ocr_carea' id='block_1_65' title="bbox 2007 2173 3606 2247">
    <p class='ocr_par' dir='ltr' id='par_1_65' title="bbox 2007 2173 3606 2247">
     <span class='ocr_line' id='line_1_65' title="bbox 2007 2173 3606 2247; baseline 0.001 -18"><span class='ocrx_word' id='word_1_437' title='bbox 2007 2174 2186 2230; x_wconf 90' lang='lat' dir='ltr'><strong>verbis</strong></span> <span class='ocrx_word' id='word_1_438' title='bbox 2217 2173 2505 2245; x_wconf 87' lang='lat' dir='ltr'><strong>alloquitur</strong></span> <span class='ocrx_word' id='word_1_439' title='bbox 2538 2193 2551 2229; x_wconf 90' lang='lat'>:</span> <span class='ocrx_word' id='word_1_440' title='bbox 2590 2196 2612 2225; x_wconf 78' lang='grc' dir='ltr'>ι</span> <span class='ocrx_word' id='word_1_441' title='bbox 2648 2175 2875 2246; x_wconf 89' lang='lat' dir='ltr'><strong>Oportet</strong></span> <span class='ocrx_word' id='word_1_442' title='bbox 2905 2183 2977 2245; x_wconf 92' lang='lat' dir='ltr'><strong>te,</strong></span> <span class='ocrx_word' id='word_1_443' title='bbox 3009 2175 3201 2247; x_wconf 89' lang='lat' dir='ltr'><strong>inquit,</strong></span> <span class='ocrx_word' id='word_1_444' title='bbox 3253 2192 3286 2230; x_wconf 93' lang='grc' dir='ltr'>ο</span> <span class='ocrx_word' id='word_1_445' title='bbox 3333 2174 3410 2230; x_wconf 85' lang='lat' dir='ltr'><strong>fili</strong></span> <span class='ocrx_word' id='word_1_446' title='bbox 3436 2177 3606 2231; x_wconf 84' lang='lat' dir='ltr'><strong>Rem-</strong></span> 
     </span>
    </p>
   </div>
   <div class='ocr_carea' id='block_1_66' title="bbox 2007 2263 3610 2337">
    <p class='ocr_par' dir='ltr' id='par_1_66' title="bbox 2007 2263 3610 2337">
     <span class='ocr_line' id='line_1_66' title="bbox 2007 2263 3610 2337; baseline 0.001 -18"><span class='ocrx_word' id='word_1_447' title='bbox 2007 2263 2184 2330; x_wconf 86' lang='lat' dir='ltr'><strong>berte,</strong></span> <span class='ocrx_word' id='word_1_448' title='bbox 2218 2280 2435 2334; x_wconf 88' lang='lat' dir='ltr'><strong>semper</strong></span> <span class='ocrx_word' id='word_1_449' title='bbox 2462 2263 2540 2318; x_wconf 91' lang='lat' dir='ltr'><strong>illi</strong></span> <span class='ocrx_word' id='word_1_450' title='bbox 2571 2263 2779 2337; x_wconf 88' lang='lat' dir='ltr'><strong>gratias</strong></span> <span class='ocrx_word' id='word_1_451' title='bbox 2809 2279 2997 2336; x_wconf 86' lang='lat' dir='ltr'><strong>agere,</strong></span> <span class='ocrx_word' id='word_1_452' title='bbox 3031 2264 3121 2336; x_wconf 89' lang='lat' dir='ltr'><strong>qui</strong></span> <span class='ocrx_word' id='word_1_453' title='bbox 3150 2265 3220 2319; x_wconf 92' lang='lat' dir='ltr'><strong>de</strong></span> <span class='ocrx_word' id='word_1_454' title='bbox 3251 2264 3476 2319; x_wconf 89' lang='lat' dir='ltr'><strong>turbidis</strong></span> <span class='ocrx_word' id='word_1_455' title='bbox 3507 2281 3610 2321; x_wconf 67' lang='lat' dir='ltr'><strong>sm-</strong></span> 
     </span>
    </p>
   </div>
   <div class='ocr_carea' id='block_1_67' title="bbox 2008 2351 3606 2425">
    <p class='ocr_par' dir='ltr' id='par_1_67' title="bbox 2008 2351 3606 2425">
     <span class='ocr_line' id='line_1_67' title="bbox 2008 2351 3606 2425; baseline 0 -17"><span class='ocrx_word' id='word_1_456' title='bbox 2008 2352 2117 2408; x_wconf 90' lang='lat' dir='ltr'><strong>culi</strong></span> <span class='ocrx_word' id='word_1_457' title='bbox 2146 2351 2401 2408; x_wconf 88' lang='lat' dir='ltr'><strong>ﬂuctibus</strong></span> <span class='ocrx_word' id='word_1_458' title='bbox 2431 2352 2501 2406; x_wconf 87' lang='lat' dir='ltr'><strong>ad</strong></span> <span class='ocrx_word' id='word_1_459' title='bbox 2531 2361 2751 2423; x_wconf 89' lang='lat' dir='ltr'><strong>portum</strong></span> <span class='ocrx_word' id='word_1_460' title='bbox 2773 2353 2967 2424; x_wconf 88' lang='lat' dir='ltr'><strong>quietis</strong></span> <span class='ocrx_word' id='word_1_461' title='bbox 2989 2352 3267 2408; x_wconf 87' lang='lat' dir='ltr'><strong>tevocavit</strong></span> <span class='ocrx_word' id='word_1_462' title='bbox 3299 2370 3312 2406; x_wconf 90' lang='lat'><strong>:</strong></span> <span class='ocrx_word' id='word_1_463' title='bbox 3347 2354 3418 2407; x_wconf 92' lang='lat' dir='ltr'><strong>ad</strong></span> <span class='ocrx_word' id='word_1_464' title='bbox 3447 2369 3606 2425; x_wconf 91' lang='lat' dir='ltr'><strong>quem</strong></span> 
     </span>
    </p>
   </div>
   <div class='ocr_carea' id='block_1_68' title="bbox 2009 2439 3606 2513">
    <p class='ocr_par' dir='ltr' id='par_1_68' title="bbox 2009 2439 3606 2513">
     <span class='ocr_line' id='line_1_68' title="bbox 2009 2439 3606 2513; baseline 0.001 -18"><span class='ocrx_word' id='word_1_465' title='bbox 2009 2441 2136 2513; x_wconf 91' lang='lat' dir='ltr'><strong>quia</strong></span> <span class='ocrx_word' id='word_1_466' title='bbox 2166 2439 2326 2496; x_wconf 91' lang='lat' dir='ltr'><strong>video</strong></span> <span class='ocrx_word' id='word_1_467' title='bbox 2358 2448 2409 2496; x_wconf 91' lang='lat' dir='ltr'><strong>te</strong></span> <span class='ocrx_word' id='word_1_468' title='bbox 2447 2440 2812 2496; x_wconf 88' lang='lat' dir='ltr'><strong>indubitanter</strong></span> <span class='ocrx_word' id='word_1_469' title='bbox 2857 2440 3095 2495; x_wconf 90' lang='lat' dir='ltr'><strong>animum</strong></span> <span class='ocrx_word' id='word_1_470' title='bbox 3141 2441 3466 2512; x_wconf 88' lang='lat' dir='ltr'><strong>applicasse,</strong></span> <span class='ocrx_word' id='word_1_471' title='bbox 3519 2440 3606 2497; x_wconf 87' lang='lat' dir='ltr'><strong>fa-</strong></span> 
     </span>
    </p>
   </div>
   <div class='ocr_carea' id='block_1_69' title="bbox 2009 2528 3607 2605">
    <p class='ocr_par' dir='ltr' id='par_1_69' title="bbox 2009 2528 3607 2605">
     <span class='ocr_line' id='line_1_69' title="bbox 2009 2528 3607 2605; baseline 0.001 -21"><span class='ocrx_word' id='word_1_472' title='bbox 2009 2537 2126 2585; x_wconf 91' lang='lat' dir='ltr'><strong>teor</strong></span> <span class='ocrx_word' id='word_1_473' title='bbox 2154 2529 2357 2585; x_wconf 88' lang='lat' dir='ltr'><strong>amoris</strong></span> <span class='ocrx_word' id='word_1_474' title='bbox 2378 2529 2456 2605; x_wconf 78' lang='lat' dir='ltr'><strong>tui</strong></span> <span class='ocrx_word' id='word_1_475' title='bbox 2483 2546 2572 2585; x_wconf 92' lang='lat' dir='ltr'><strong>me</strong></span> <span class='ocrx_word' id='word_1_476' title='bbox 2601 2528 2799 2585; x_wconf 78' lang='lat' dir='ltr'><strong>affectu</strong></span> <span class='ocrx_word' id='word_1_477' title='bbox 2828 2529 3089 2602; x_wconf 91' lang='lat' dir='ltr'><strong>ﬂagrare,</strong></span> <span class='ocrx_word' id='word_1_478' title='bbox 3128 2530 3490 2602; x_wconf 89' lang='lat' dir='ltr'><strong>eamdemque</strong></span> <span class='ocrx_word' id='word_1_479' title='bbox 3518 2530 3607 2585; x_wconf 90' lang='lat' dir='ltr'><strong>di-</strong></span> 
     </span>
    </p>
   </div>
   <div class='ocr_carea' id='block_1_70' title="bbox 2009 2618 3606 2689">
    <p class='ocr_par' dir='ltr' id='par_1_70' title="bbox 2009 2618 3606 2689">
     <span class='ocr_line' id='line_1_70' title="bbox 2009 2618 3606 2689; baseline 0.001 -17"><span class='ocrx_word' id='word_1_480' title='bbox 2009 2618 2295 2675; x_wconf 90' lang='lat' dir='ltr'><strong>lectionem</strong></span> <span class='ocrx_word' id='word_1_481' title='bbox 2328 2618 2596 2674; x_wconf 86' lang='lat' dir='ltr'><strong>tinetenus</strong></span> <span class='ocrx_word' id='word_1_482' title='bbox 2634 2634 2700 2672; x_wconf 91' lang='lat' dir='ltr'><strong>ex</strong></span> <span class='ocrx_word' id='word_1_483' title='bbox 2749 2633 2871 2672; x_wconf 89' lang='lat' dir='ltr'><strong>mea</strong></span> <span class='ocrx_word' id='word_1_484' title='bbox 2912 2626 3066 2689; x_wconf 90' lang='lat' dir='ltr'><strong>parte</strong></span> <span class='ocrx_word' id='word_1_485' title='bbox 3115 2618 3262 2674; x_wconf 87' lang='lat' dir='ltr'><strong>circa</strong></span> <span class='ocrx_word' id='word_1_486' title='bbox 3310 2626 3361 2673; x_wconf 92' lang='lat' dir='ltr'><strong>te</strong></span> <span class='ocrx_word' id='word_1_487' title='bbox 3408 2618 3606 2673; x_wconf 88' lang='lat' dir='ltr'><strong>durare</strong></span> 
     </span>
    </p>
   </div>
   <div class='ocr_carea' id='block_1_71' title="bbox 2009 2705 3601 2778">
    <p class='ocr_par' dir='ltr' id='par_1_71' title="bbox 2009 2705 3601 2778">
     <span class='ocr_line' id='line_1_71' title="bbox 2009 2705 3601 2778; baseline 0.001 -18"><span class='ocrx_word' id='word_1_488' title='bbox 2009 2722 2120 2762; x_wconf 92' lang='lat' dir='ltr'><strong>non</strong></span> <span class='ocrx_word' id='word_1_489' title='bbox 2156 2706 2389 2761; x_wconf 88' lang='lat' dir='ltr'><strong>dubites.</strong></span> <span class='ocrx_word' id='word_1_490' title='bbox 2453 2705 2551 2762; x_wconf 91' lang='lat' dir='ltr'><strong>Cui</strong></span> <span class='ocrx_word' id='word_1_491' title='bbox 2600 2705 2693 2761; x_wconf 93' lang='lat' dir='ltr'><strong>ille</strong></span> <span class='ocrx_word' id='word_1_492' title='bbox 2721 2706 3063 2777; x_wconf 89' lang='lat' dir='ltr'><strong>respondens</strong></span> <span class='ocrx_word' id='word_1_493' title='bbox 3098 2723 3110 2760; x_wconf 96' lang='lat'>:</span> <span class='ocrx_word' id='word_1_494' title='bbox 3143 2706 3405 2778; x_wconf 79' lang='lat' dir='ltr'><strong>Indignus</strong></span> <span class='ocrx_word' id='word_1_495' title='bbox 3458 2723 3601 2774; x_wconf 89' lang='lat' dir='ltr'><strong>sum,</strong></span> 
     </span>
    </p>
   </div>
   <div class='ocr_carea' id='block_1_72' title="bbox 2009 2794 3609 2867">
    <p class='ocr_par' dir='ltr' id='par_1_72' title="bbox 2009 2794 3609 2867">
     <span class='ocr_line' id='line_1_72' title="bbox 2009 2794 3609 2867; baseline 0.001 -17"><span class='ocrx_word' id='word_1_496' title='bbox 2009 2795 2203 2867; x_wconf 90' lang='lat' dir='ltr'><strong>inquit,</strong></span> <span class='ocrx_word' id='word_1_497' title='bbox 2236 2794 2474 2864; x_wconf 90' lang='lat' dir='ltr'><strong>domine,</strong></span> <span class='ocrx_word' id='word_1_498' title='bbox 2508 2802 2654 2849; x_wconf 89' lang='lat' dir='ltr'><strong>tanta</strong></span> <span class='ocrx_word' id='word_1_499' title='bbox 2683 2794 2853 2867; x_wconf 89' lang='lat' dir='ltr'><strong>gratia</strong></span> <span class='ocrx_word' id='word_1_500' title='bbox 2900 2803 2987 2849; x_wconf 89' lang='lat' dir='ltr'><strong>tua</strong></span> <span class='ocrx_word' id='word_1_501' title='bbox 3017 2811 3030 2850; x_wconf 92' lang='lat'>:</span> <span class='ocrx_word' id='word_1_502' title='bbox 3068 2795 3198 2867; x_wconf 90' lang='lat' dir='ltr'><strong>quia</strong></span> <span class='ocrx_word' id='word_1_503' title='bbox 3238 2802 3418 2851; x_wconf 90' lang='lat' dir='ltr'><strong>tamen</strong></span> <span class='ocrx_word' id='word_1_504' title='bbox 3465 2796 3609 2852; x_wconf 89' lang='lat' dir='ltr'><strong>hanc</strong></span> 
     </span>
    </p>
   </div>
   <div class='ocr_carea' id='block_1_73' title="bbox 2010 2882 3608 2955">
    <p class='ocr_par' dir='ltr' id='par_1_73' title="bbox 2010 2882 3608 2955">
     <span class='ocr_line' id='line_1_73' title="bbox 2010 2882 3608 2955; baseline 0 -17"><span class='ocrx_word' id='word_1_505' title='bbox 2010 2884 2065 2938; x_wconf 90' lang='lat' dir='ltr'><strong>in</strong></span> <span class='ocrx_word' id='word_1_506' title='bbox 2094 2900 2182 2939; x_wconf 90' lang='lat' dir='ltr'><strong>me</strong></span> <span class='ocrx_word' id='word_1_507' title='bbox 2211 2883 2454 2939; x_wconf 90' lang='lat' dir='ltr'><strong>ostendis</strong></span> <span class='ocrx_word' id='word_1_508' title='bbox 2483 2882 2846 2949; x_wconf 88' lang='lat' dir='ltr'><strong>clementiam,</strong></span> <span class='ocrx_word' id='word_1_509' title='bbox 2880 2882 3089 2939; x_wconf 90' lang='lat' dir='ltr'><strong>meritis</strong></span> <span class='ocrx_word' id='word_1_510' title='bbox 3118 2883 3221 2938; x_wconf 90' lang='lat' dir='ltr'><strong>tuis</strong></span> <span class='ocrx_word' id='word_1_511' title='bbox 3250 2884 3395 2955; x_wconf 88' lang='lat' dir='ltr'><strong>apud</strong></span> <span class='ocrx_word' id='word_1_512' title='bbox 3431 2885 3608 2940; x_wconf 91' lang='lat' dir='ltr'><strong>Deum</strong></span> 
     </span>
    </p>
   </div>
   <div class='ocr_carea' id='block_1_74' title="bbox 2010 2970 3608 3043">
    <p class='ocr_par' dir='ltr' id='par_1_74' title="bbox 2010 2970 3608 3043">
     <span class='ocr_line' id='line_1_74' title="bbox 2010 2970 3608 3043; baseline 0.001 -17"><span class='ocrx_word' id='word_1_513' title='bbox 2010 2971 2144 3027; x_wconf 88' lang='lat' dir='ltr'><strong>mihi</strong></span> <span class='ocrx_word' id='word_1_514' title='bbox 2172 2970 2408 3027; x_wconf 88' lang='lat' dir='ltr'><strong>obtineri</strong></span> <span class='ocrx_word' id='word_1_515' title='bbox 2436 2972 2696 3043; x_wconf 86' lang='lat' dir='ltr'><strong>deposco,</strong></span> <span class='ocrx_word' id='word_1_516' title='bbox 2728 2979 2787 3026; x_wconf 90' lang='lat' dir='ltr'><strong>ut</strong></span> <span class='ocrx_word' id='word_1_517' title='bbox 2815 2971 2869 3025; x_wconf 92' lang='lat' dir='ltr'><strong>in</strong></span> <span class='ocrx_word' id='word_1_518' title='bbox 2898 2970 3078 3027; x_wconf 85' lang='lat' dir='ltr'><strong>futura</strong></span> <span class='ocrx_word' id='word_1_519' title='bbox 3107 2972 3215 3027; x_wconf 90' lang='lat' dir='ltr'><strong>vita</strong></span> <span class='ocrx_word' id='word_1_520' title='bbox 3263 2972 3608 3043; x_wconf 73' lang='lat' dir='ltr'><strong>praemiorum</strong></span> 
     </span>
    </p>
   </div>
   <div class='ocr_carea' id='block_1_75' title="bbox 2011 3060 3611 3133">
    <p class='ocr_par' dir='ltr' id='par_1_75' title="bbox 2011 3060 3611 3133">
     <span class='ocr_line' id='line_1_75' title="bbox 2011 3060 3611 3133; baseline 0.002 -18"><span class='ocrx_word' id='word_1_521' title='bbox 2011 3068 2229 3117; x_wconf 86' lang='lat' dir='ltr'><strong>tuorum</strong></span> <span class='ocrx_word' id='word_1_522' title='bbox 2257 3060 2592 3116; x_wconf 90' lang='lat' dir='ltr'><strong>consortium</strong></span> <span class='ocrx_word' id='word_1_523' title='bbox 2620 3060 2914 3132; x_wconf 89' lang='lat' dir='ltr'><strong>adipiscar.</strong></span> <span class='ocrx_word' id='word_1_524' title='bbox 2952 3082 2975 3110; x_wconf 70' lang='grc' dir='ltr'><strong><em>ι</em></strong></span> <span class='ocrx_word' id='word_1_525' title='bbox 3038 3061 3189 3116; x_wconf 91' lang='lat' dir='ltr'><strong>Tunc</strong></span> <span class='ocrx_word' id='word_1_526' title='bbox 3242 3070 3465 3117; x_wconf 91' lang='lat' dir='ltr'><strong>sanctus</strong></span> <span class='ocrx_word' id='word_1_527' title='bbox 3494 3061 3611 3133; x_wconf 90' lang='lat' dir='ltr'><strong>epi-</strong></span> 
     </span>
    </p>
   </div>
   <div class='ocr_carea' id='block_1_76' title="bbox 1943 3118 3609 3221">
    <p class='ocr_par' dir='ltr' id='par_1_76' title="bbox 1943 3118 3609 3221">
     <span class='ocr_line' id='line_1_76' title="bbox 1943 3118 3609 3221; baseline 0.001 -17"><span class='ocrx_word' id='word_1_528' title='bbox 1943 3118 2231 3220; x_wconf 77' lang='lat' dir='ltr'><strong>Gscopus,</strong></span> <span class='ocrx_word' id='word_1_529' title='bbox 2266 3150 2420 3219; x_wconf 90' lang='lat' dir='ltr'><strong>cujus</strong></span> <span class='ocrx_word' id='word_1_530' title='bbox 2449 3157 2686 3204; x_wconf 90' lang='lat' dir='ltr'><strong>mentem</strong></span> <span class='ocrx_word' id='word_1_531' title='bbox 2712 3118 2916 3221; x_wconf 47' lang='lat' dir='ltr'><strong>.gratia</strong></span> <span class='ocrx_word' id='word_1_532' title='bbox 2955 3149 3055 3204; x_wconf 90' lang='lat' dir='ltr'><strong>Dei</strong></span> <span class='ocrx_word' id='word_1_533' title='bbox 3103 3149 3301 3221; x_wconf 60' lang='lat' dir='ltr'><strong>saepius</strong></span> <span class='ocrx_word' id='word_1_534' title='bbox 3351 3118 3609 3206; x_wconf 68' lang='lat' dir='ltr'><strong>illustrari</strong></span> 
     </span>
    </p>
   </div>
   <div class='ocr_carea' id='block_1_77' title="bbox 2008 3235 3606 3309">
    <p class='ocr_par' dir='ltr' id='par_1_77' title="bbox 2008 3235 3606 3309">
     <span class='ocr_line' id='line_1_77' title="bbox 2008 3235 3606 3309; baseline 0 -16"><span class='ocrx_word' id='word_1_535' title='bbox 2008 3238 2262 3302; x_wconf 88' lang='lat' dir='ltr'><strong>diximus,</strong></span> <span class='ocrx_word' id='word_1_536' title='bbox 2297 3238 2368 3293; x_wconf 87' lang='lat' dir='ltr'><strong>ad</strong></span> <span class='ocrx_word' id='word_1_537' title='bbox 2395 3237 2787 3309; x_wconf 70' lang='lat' dir='ltr'><strong>praenoscenda</strong></span> <span class='ocrx_word' id='word_1_538' title='bbox 2818 3253 2940 3309; x_wconf 64' lang='lat' dir='ltr'><strong>quae</strong></span> <span class='ocrx_word' id='word_1_539' title='bbox 2968 3237 3047 3291; x_wconf 91' lang='lat' dir='ltr'><strong>illi</strong></span> <span class='ocrx_word' id='word_1_540' title='bbox 3075 3235 3255 3293; x_wconf 79' lang='lat' dir='ltr'><strong>futura</strong></span> <span class='ocrx_word' id='word_1_541' title='bbox 3286 3246 3487 3307; x_wconf 89' lang='lat' dir='ltr'><strong>essent,</strong></span> <span class='ocrx_word' id='word_1_542' title='bbox 3520 3238 3606 3293; x_wconf 89' lang='lat' dir='ltr'><strong>his</strong></span> 
     </span>
    </p>
   </div>
   <div class='ocr_carea' id='block_1_78' title="bbox 2006 3320 3607 3395">
    <p class='ocr_par' dir='ltr' id='par_1_78' title="bbox 2006 3320 3607 3395">
     <span class='ocr_line' id='line_1_78' title="bbox 2006 3320 3607 3395; baseline -0.001 -16"><span class='ocrx_word' id='word_1_543' title='bbox 2006 3322 2191 3380; x_wconf 82' lang='lat' dir='ltr'><strong>verbis</strong></span> <span class='ocrx_word' id='word_1_544' title='bbox 2219 3322 2525 3395; x_wconf 89' lang='lat' dir='ltr'><strong>dignissimi</strong></span> <span class='ocrx_word' id='word_1_545' title='bbox 2555 3321 2833 3376; x_wconf 85' lang='lat' dir='ltr'><strong>Remberti</strong></span> <span class='ocrx_word' id='word_1_546' title='bbox 2860 3320 3070 3376; x_wconf 92' lang='lat' dir='ltr'><strong>nullum</strong></span> <span class='ocrx_word' id='word_1_547' title='bbox 3100 3320 3319 3393; x_wconf 90' lang='lat' dir='ltr'><strong>quidem</strong></span> <span class='ocrx_word' id='word_1_548' title='bbox 3358 3322 3429 3377; x_wconf 93' lang='lat' dir='ltr'><strong>ad</strong></span> <span class='ocrx_word' id='word_1_549' title='bbox 3456 3338 3607 3394; x_wconf 68' lang='lat' dir='ltr'><strong>prte-</strong></span> 
     </span>
    </p>
   </div>
   <div class='ocr_carea' id='block_1_79' title="bbox 2009 3409 3604 3481">
    <p class='ocr_par' dir='ltr' id='par_1_79' title="bbox 2009 3409 3604 3481">
     <span class='ocr_line' id='line_1_79' title="bbox 2009 3409 3604 3481; baseline 0 -16"><span class='ocrx_word' id='word_1_550' title='bbox 2009 3427 2136 3466; x_wconf 91' lang='lat' dir='ltr'><strong>sens</strong></span> <span class='ocrx_word' id='word_1_551' title='bbox 2181 3410 2331 3465; x_wconf 91' lang='lat' dir='ltr'><strong>dedit</strong></span> <span class='ocrx_word' id='word_1_552' title='bbox 2379 3425 2702 3481; x_wconf 90' lang='lat' dir='ltr'><strong>responsum</strong></span> <span class='ocrx_word' id='word_1_553' title='bbox 2751 3426 2765 3463; x_wconf 89' lang='lat'><strong>:</strong></span> <span class='ocrx_word' id='word_1_554' title='bbox 2803 3409 2961 3464; x_wconf 89' lang='lat' dir='ltr'><strong>tertia</strong></span> <span class='ocrx_word' id='word_1_555' title='bbox 3001 3424 3130 3465; x_wconf 91' lang='lat' dir='ltr'><strong>vero</strong></span> <span class='ocrx_word' id='word_1_556' title='bbox 3179 3409 3270 3465; x_wconf 92' lang='lat' dir='ltr'><strong>die</strong></span> <span class='ocrx_word' id='word_1_557' title='bbox 3314 3417 3604 3478; x_wconf 84' lang='lat' dir='ltr'><strong>transacta,</strong></span> 
     </span>
    </p>
   </div>
   <div class='ocr_carea' id='block_1_80' title="bbox 2010 3497 3607 3571">
    <p class='ocr_par' dir='ltr' id='par_1_80' title="bbox 2010 3497 3607 3571">
     <span class='ocr_line' id='line_1_80' title="bbox 2010 3497 3607 3571; baseline 0.001 -18"><span class='ocrx_word' id='word_1_558' title='bbox 2010 3499 2130 3571; x_wconf 90' lang='lat' dir='ltr'><strong>ipso</strong></span> <span class='ocrx_word' id='word_1_559' title='bbox 2154 3499 2267 3569; x_wconf 90' lang='lat' dir='ltr'><strong>jam</strong></span> <span class='ocrx_word' id='word_1_560' title='bbox 2296 3498 2659 3555; x_wconf 89' lang='lat' dir='ltr'><strong>sollicitudine</strong></span> <span class='ocrx_word' id='word_1_561' title='bbox 2705 3497 3093 3571; x_wconf 89' lang='lat' dir='ltr'><strong>cogitationum</strong></span> <span class='ocrx_word' id='word_1_562' title='bbox 3142 3497 3387 3569; x_wconf 86' lang='lat' dir='ltr'><strong>fatigato,</strong></span> <span class='ocrx_word' id='word_1_563' title='bbox 3437 3515 3607 3571; x_wconf 87' lang='lat' dir='ltr'><strong>quare</strong></span> 
     </span>
    </p>
   </div>
   <div class='ocr_carea' id='block_1_81' title="bbox 2009 3586 3600 3659">
    <p class='ocr_par' dir='ltr' id='par_1_81' title="bbox 2009 3586 3600 3659">
     <span class='ocr_line' id='line_1_81' title="bbox 2009 3586 3600 3659; baseline 0.001 -16"><span class='ocrx_word' id='word_1_564' title='bbox 2009 3588 2217 3644; x_wconf 90' lang='lat' dir='ltr'><strong>scilicet</strong></span> <span class='ocrx_word' id='word_1_565' title='bbox 2245 3587 2313 3642; x_wconf 91' lang='lat' dir='ltr'><strong>ad</strong></span> <span class='ocrx_word' id='word_1_566' title='bbox 2343 3588 2483 3643; x_wconf 91' lang='lat' dir='ltr'><strong>hanc</strong></span> <span class='ocrx_word' id='word_1_567' title='bbox 2515 3586 2846 3658; x_wconf 90' lang='lat' dir='ltr'><strong>petitiomem</strong></span> <span class='ocrx_word' id='word_1_568' title='bbox 2877 3602 3033 3642; x_wconf 90' lang='lat' dir='ltr'><strong>suam</strong></span> <span class='ocrx_word' id='word_1_569' title='bbox 3064 3586 3338 3644; x_wconf 89' lang='lat' dir='ltr'><strong>reticuerit</strong></span> <span class='ocrx_word' id='word_1_570' title='bbox 3384 3588 3600 3659; x_wconf 84' lang='lat' dir='ltr'><strong>episco-</strong></span> 
     </span>
    </p>
   </div>
   <div class='ocr_carea' id='block_1_82' title="bbox 2009 3674 3605 3749">
    <p class='ocr_par' dir='ltr' id='par_1_82' title="bbox 2009 3674 3605 3749">
     <span class='ocr_line' id='line_1_82' title="bbox 2009 3674 3605 3749; baseline 0 -18"><span class='ocrx_word' id='word_1_571' title='bbox 2009 3693 2131 3749; x_wconf 92' lang='lat' dir='ltr'><strong>pus,</strong></span> <span class='ocrx_word' id='word_1_572' title='bbox 2167 3676 2327 3731; x_wconf 87' lang='lat' dir='ltr'><strong>talem</strong></span> <span class='ocrx_word' id='word_1_573' title='bbox 2356 3675 2406 3731; x_wconf 92' lang='lat' dir='ltr'><strong>ei</strong></span> <span class='ocrx_word' id='word_1_574' title='bbox 2426 3675 2661 3731; x_wconf 86' lang='lat' dir='ltr'><strong>reddidit</strong></span> <span class='ocrx_word' id='word_1_575' title='bbox 2679 3674 3104 3731; x_wconf 89' lang='lat' dir='ltr'><strong>consolationem</strong></span> <span class='ocrx_word' id='word_1_576' title='bbox 3137 3692 3151 3729; x_wconf 91' lang='lat'><strong>:</strong></span> <span class='ocrx_word' id='word_1_577' title='bbox 3185 3696 3207 3725; x_wconf 72' lang='grc' dir='ltr'>ι</span> <span class='ocrx_word' id='word_1_578' title='bbox 3240 3675 3378 3736; x_wconf 84' lang='lat' dir='ltr'><strong>Jam.</strong></span> <span class='ocrx_word' id='word_1_579' title='bbox 3413 3675 3605 3747; x_wconf 91' lang='lat' dir='ltr'><strong>inquit,</strong></span> 
     </span>
    </p>
   </div>
   <div class='ocr_carea' id='block_1_83' title="bbox 2010 3762 3605 3835">
    <p class='ocr_par' dir='ltr' id='par_1_83' title="bbox 2010 3762 3605 3835">
     <span class='ocr_line' id='line_1_83' title="bbox 2010 3762 3605 3835; baseline -0.001 -14"><span class='ocrx_word' id='word_1_580' title='bbox 2010 3764 2220 3821; x_wconf 88' lang='lat' dir='ltr'><strong>obtinui</strong></span> <span class='ocrx_word' id='word_1_581' title='bbox 2247 3780 2280 3819; x_wconf 89' lang='lat' dir='ltr'><strong>a</strong></span> <span class='ocrx_word' id='word_1_582' title='bbox 2308 3764 2559 3830; x_wconf 90' lang='lat' dir='ltr'><strong>Domino,</strong></span> <span class='ocrx_word' id='word_1_583' title='bbox 2584 3772 2642 3819; x_wconf 88' lang='lat' dir='ltr'><strong>ut</strong></span> <span class='ocrx_word' id='word_1_584' title='bbox 2672 3764 2727 3818; x_wconf 94' lang='lat' dir='ltr'><strong>in</strong></span> <span class='ocrx_word' id='word_1_585' title='bbox 2754 3764 2929 3819; x_wconf 89' lang='lat' dir='ltr'><strong>futuro</strong></span> <span class='ocrx_word' id='word_1_586' title='bbox 2959 3763 3179 3830; x_wconf 83' lang='lat' dir='ltr'><strong>saeculo,</strong></span> <span class='ocrx_word' id='word_1_587' title='bbox 3240 3762 3378 3819; x_wconf 90' lang='lat' dir='ltr'><strong>sicut</strong></span> <span class='ocrx_word' id='word_1_588' title='bbox 3402 3764 3605 3835; x_wconf 91' lang='lat' dir='ltr'><strong>petisti,</strong></span> 
     </span>
    </p>
   </div>
   <div class='ocr_carea' id='block_1_84' title="bbox 2010 3851 3606 3924">
    <p class='ocr_par' dir='ltr' id='par_1_84' title="bbox 2010 3851 3606 3924">
     <span class='ocr_line' id='line_1_84' title="bbox 2010 3851 3606 3924; baseline -0.001 -15"><span class='ocrx_word' id='word_1_589' title='bbox 2010 3854 2082 3910; x_wconf 90' lang='lat' dir='ltr'><strong>ab</strong></span> <span class='ocrx_word' id='word_1_590' title='bbox 2137 3853 2369 3909; x_wconf 89' lang='lat' dir='ltr'><strong>invicem</strong></span> <span class='ocrx_word' id='word_1_591' title='bbox 2427 3869 2537 3907; x_wconf 91' lang='lat' dir='ltr'><strong>non</strong></span> <span class='ocrx_word' id='word_1_592' title='bbox 2583 3868 2901 3924; x_wconf 88' lang='lat' dir='ltr'><strong>separemur</strong></span> <span class='ocrx_word' id='word_1_593' title='bbox 2948 3869 2961 3906; x_wconf 91' lang='lat'><strong>:</strong></span> <span class='ocrx_word' id='word_1_594' title='bbox 3003 3851 3095 3907; x_wconf 88' lang='lat' dir='ltr'><strong>ubi</strong></span> <span class='ocrx_word' id='word_1_595' title='bbox 3137 3852 3211 3906; x_wconf 86' lang='lat' dir='ltr'><strong>ita</strong></span> <span class='ocrx_word' id='word_1_596' title='bbox 3258 3852 3606 3908; x_wconf 89' lang='lat' dir='ltr'><strong>beatitudinis</strong></span> 
     </span>
    </p>
   </div>
   <div class='ocr_carea' id='block_1_85' title="bbox 2009 3936 3609 4011">
    <p class='ocr_par' dir='ltr' id='par_1_85' title="bbox 2009 3936 3609 4011">
     <span class='ocr_line' id='line_1_85' title="bbox 2009 3936 3609 4011; baseline -0.001 -16"><span class='ocrx_word' id='word_1_597' title='bbox 2009 3946 2229 3996; x_wconf 68' lang='lat' dir='ltr'><strong>aeternae</strong></span> <span class='ocrx_word' id='word_1_598' title='bbox 2256 3937 2554 4011; x_wconf 89' lang='lat' dir='ltr'><strong>participes</strong></span> <span class='ocrx_word' id='word_1_599' title='bbox 2586 3938 2808 4005; x_wconf 88' lang='lat' dir='ltr'><strong>erimus,</strong></span> <span class='ocrx_word' id='word_1_600' title='bbox 2841 3953 2910 3992; x_wconf 92' lang='lat' dir='ltr'><strong>ne</strong></span> <span class='ocrx_word' id='word_1_601' title='bbox 2938 3944 3128 3993; x_wconf 90' lang='lat' dir='ltr'><strong>nostra</strong></span> <span class='ocrx_word' id='word_1_602' title='bbox 3169 3952 3272 3993; x_wconf 91' lang='lat' dir='ltr'><strong>nos</strong></span> <span class='ocrx_word' id='word_1_603' title='bbox 3309 3937 3510 3993; x_wconf 92' lang='lat' dir='ltr'><strong>virtute</strong></span> <span class='ocrx_word' id='word_1_604' title='bbox 3538 3936 3609 3993; x_wconf 92' lang='lat' dir='ltr'><strong>ad</strong></span> 
     </span>
    </p>
   </div>
   <div class='ocr_carea' id='block_1_86' title="bbox 2010 4025 3610 4100">
    <p class='ocr_par' dir='ltr' id='par_1_86' title="bbox 2010 4025 3610 4100">
     <span class='ocr_line' id='line_1_86' title="bbox 2010 4025 3610 4100; baseline 0 -19"><span class='ocrx_word' id='word_1_605' title='bbox 2010 4027 2150 4084; x_wconf 90' lang='lat' dir='ltr'><strong>hanc</strong></span> <span class='ocrx_word' id='word_1_606' title='bbox 2177 4026 2494 4100; x_wconf 88' lang='lat' dir='ltr'><strong>pertingere</strong></span> <span class='ocrx_word' id='word_1_607' title='bbox 2524 4042 2687 4097; x_wconf 91' lang='lat' dir='ltr'><strong>posse</strong></span> <span class='ocrx_word' id='word_1_608' title='bbox 2716 4040 3131 4097; x_wconf 63' lang='lat' dir='ltr'><strong>praesumamus,</strong></span> <span class='ocrx_word' id='word_1_609' title='bbox 3156 4025 3303 4098; x_wconf 89' lang='lat' dir='ltr'><strong>quod</strong></span> <span class='ocrx_word' id='word_1_610' title='bbox 3322 4033 3405 4080; x_wconf 89' lang='lat' dir='ltr'><strong>est</strong></span> <span class='ocrx_word' id='word_1_611' title='bbox 3424 4033 3610 4082; x_wconf 90' lang='lat' dir='ltr'><strong>reatus</strong></span> 
     </span>
    </p>
   </div>
   <div class='ocr_carea' id='block_1_87' title="bbox 2012 4113 3598 4187">
    <p class='ocr_par' dir='ltr' id='par_1_87' title="bbox 2012 4113 3598 4187">
     <span class='ocr_line' id='line_1_87' title="bbox 2012 4113 3598 4187; baseline -0.001 -17"><span class='ocrx_word' id='word_1_612' title='bbox 2012 4116 2301 4187; x_wconf 66' lang='lat' dir='ltr'><strong>superbiae,</strong></span> <span class='ocrx_word' id='word_1_613' title='bbox 2334 4131 2432 4186; x_wconf 92' lang='lat' dir='ltr'><strong>per</strong></span> <span class='ocrx_word' id='word_1_614' title='bbox 2461 4131 2623 4187; x_wconf 90' lang='lat' dir='ltr'><strong>quam</strong></span> <span class='ocrx_word' id='word_1_615' title='bbox 2665 4114 2981 4171; x_wconf 90' lang='lat' dir='ltr'><strong>ceciderunt</strong></span> <span class='ocrx_word' id='word_1_616' title='bbox 3026 4113 3118 4187; x_wconf 91' lang='lat' dir='ltr'><strong>qui</strong></span> <span class='ocrx_word' id='word_1_617' title='bbox 3164 4122 3457 4186; x_wconf 90' lang='lat' dir='ltr'><strong>operantur</strong></span> <span class='ocrx_word' id='word_1_618' title='bbox 3501 4114 3598 4170; x_wconf 90' lang='lat' dir='ltr'><strong>ini-</strong></span> 
     </span>
    </p>
   </div>
   <div class='ocr_carea' id='block_1_88' title="bbox 2011 4203 3611 4276">
    <p class='ocr_par' dir='ltr' id='par_1_88' title="bbox 2011 4203 3611 4276">
     <span class='ocr_line' id='line_1_88' title="bbox 2011 4203 3611 4276; baseline 0.001 -17"><span class='ocrx_word' id='word_1_619' title='bbox 2011 4204 2268 4276; x_wconf 86' lang='lat' dir='ltr'><strong>quitatem</strong></span> <span class='ocrx_word' id='word_1_620' title='bbox 2301 4222 2314 4259; x_wconf 93' lang='lat'>:</span> <span class='ocrx_word' id='word_1_621' title='bbox 2347 4219 2450 4260; x_wconf 92' lang='lat' dir='ltr'><strong>nec</strong></span> <span class='ocrx_word' id='word_1_622' title='bbox 2480 4220 2700 4259; x_wconf 90' lang='lat' dir='ltr'><strong>rursum</strong></span> <span class='ocrx_word' id='word_1_623' title='bbox 2734 4204 2942 4260; x_wconf 91' lang='lat' dir='ltr'><strong>desidia</strong></span> <span class='ocrx_word' id='word_1_624' title='bbox 2991 4211 3269 4275; x_wconf 88' lang='lat' dir='ltr'><strong>torpentes</strong></span> <span class='ocrx_word' id='word_1_625' title='bbox 3317 4203 3611 4261; x_wconf 87' lang='lat' dir='ltr'><strong>oblivisca-</strong></span> 
     </span>
    </p>
   </div>
   <div class='ocr_carea' id='block_1_89' title="bbox 2011 4292 3607 4364">
    <p class='ocr_par' dir='ltr' id='par_1_89' title="bbox 2011 4292 3607 4364">
     <span class='ocr_line' id='line_1_89' title="bbox 2011 4292 3607 4364; baseline 0.001 -17"><span class='ocrx_word' id='word_1_626' title='bbox 2011 4309 2135 4347; x_wconf 91' lang='lat' dir='ltr'><strong>mur</strong></span> <span class='ocrx_word' id='word_1_627' title='bbox 2162 4293 2305 4364; x_wconf 88' lang='lat' dir='ltr'><strong>quod</strong></span> <span class='ocrx_word' id='word_1_628' title='bbox 2335 4292 2530 4348; x_wconf 89' lang='lat' dir='ltr'><strong>dicitur</strong></span> <span class='ocrx_word' id='word_1_629' title='bbox 2559 4309 2572 4345; x_wconf 90' lang='lat'><strong>:</strong></span> <span class='ocrx_word' id='word_1_630' title='bbox 2607 4292 2672 4347; x_wconf 81' lang='lat' dir='ltr'><strong>In</strong></span> <span class='ocrx_word' id='word_1_631' title='bbox 2700 4294 2809 4348; x_wconf 89' lang='lat' dir='ltr'><strong>Deo</strong></span> <span class='ocrx_word' id='word_1_632' title='bbox 2838 4293 3115 4363; x_wconf 75' lang='lat' dir='ltr'><strong>faciemus</strong></span> <span class='ocrx_word' id='word_1_633' title='bbox 3139 4293 3410 4348; x_wconf 79' lang='lat' dir='ltr'><strong>virtutem</strong></span> <span class='ocrx_word' id='word_1_634' title='bbox 3431 4294 3607 4363; x_wconf 77' lang='lat' dir='ltr'><strong>(Psal.</strong></span> 
     </span>
    </p>
   </div>
   <div class='ocr_carea' id='block_1_90' title="bbox 2011 4379 3607 4452">
    <p class='ocr_par' dir='ltr' id='par_1_90' title="bbox 2011 4379 3607 4452">
     <span class='ocr_line' id='line_1_90' title="bbox 2011 4379 3607 4452; baseline 0.001 -18"><span class='ocrx_word' id='word_1_635' title='bbox 2011 4395 2126 4447; x_wconf 65' lang='grc' dir='ltr'><strong>ιιι,</strong></span> <span class='ocrx_word' id='word_1_636' title='bbox 2161 4382 2250 4449; x_wconf 66' lang='lat' dir='ltr'><strong>tt)</strong></span> <span class='ocrx_word' id='word_1_637' title='bbox 2284 4398 2297 4433; x_wconf 88' lang='lat'>:</span> <span class='ocrx_word' id='word_1_638' title='bbox 2334 4379 2434 4435; x_wconf 89' lang='lat' dir='ltr'><strong>sed</strong></span> <span class='ocrx_word' id='word_1_639' title='bbox 2462 4379 2701 4451; x_wconf 90' lang='lat' dir='ltr'><strong>quotidie</strong></span> <span class='ocrx_word' id='word_1_640' title='bbox 2730 4379 3061 4446; x_wconf 89' lang='lat' dir='ltr'><strong>studeamus,</strong></span> <span class='ocrx_word' id='word_1_641' title='bbox 3111 4388 3170 4433; x_wconf 91' lang='lat' dir='ltr'><strong>ut</strong></span> <span class='ocrx_word' id='word_1_642' title='bbox 3216 4380 3419 4435; x_wconf 90' lang='lat' dir='ltr'><strong>bonum</strong></span> <span class='ocrx_word' id='word_1_643' title='bbox 3446 4396 3607 4452; x_wconf 90' lang='lat' dir='ltr'><strong>opus,</strong></span> 
     </span>
    </p>
   </div>
   <div class='ocr_carea' id='block_1_91' title="bbox 311 4467 3610 4550">
    <p class='ocr_par' dir='ltr' id='par_1_91' title="bbox 311 4467 3610 4550">
     <span class='ocr_line' id='line_1_91' title="bbox 311 4467 3610 4550; baseline 0.001 -28"><span class='ocrx_word' id='word_1_644' title='bbox 311 4477 388 4533; x_wconf 79' lang='lat' dir='ltr'><strong>mi</strong></span> <span class='ocrx_word' id='word_1_645' title='bbox 420 4485 647 4533; x_wconf 61' lang='lat' dir='ltr'><strong>ventura</strong></span> <span class='ocrx_word' id='word_1_646' title='bbox 676 4478 764 4534; x_wconf 70' lang='lat' dir='ltr'><strong>vel</strong></span> <span class='ocrx_word' id='word_1_647' title='bbox 793 4478 863 4533; x_wconf 71' lang='lat' dir='ltr'><strong>ab</strong></span> <span class='ocrx_word' id='word_1_648' title='bbox 892 4478 1013 4549; x_wconf 73' lang='lat' dir='ltr'><strong>ipso</strong></span> <span class='ocrx_word' id='word_1_649' title='bbox 1043 4478 1286 4550; x_wconf 65' lang='lat' dir='ltr'><strong>gerenda</strong></span> <span class='ocrx_word' id='word_1_650' title='bbox 1315 4486 1486 4544; x_wconf 66' lang='lat' dir='ltr'><strong>eram,</strong></span> <span class='ocrx_word' id='word_1_651' title='bbox 1536 4492 1676 4547; x_wconf 77' lang='lat' dir='ltr'><strong>pene</strong></span> <span class='ocrx_word' id='word_1_652' title='bbox 1705 4475 1908 4541; x_wconf 78' lang='lat' dir='ltr'><strong>omnia,</strong></span> <span class='ocrx_word' id='word_1_653' title='bbox 1939 4472 1992 4533; x_wconf 89' lang='lat' dir='ltr'><strong>D</strong></span> <span class='ocrx_word' id='word_1_654' title='bbox 2015 4467 2153 4524; x_wconf 89' lang='lat' dir='ltr'><strong>sicut</strong></span> <span class='ocrx_word' id='word_1_655' title='bbox 2184 4468 2440 4523; x_wconf 87' lang='lat' dir='ltr'><strong>admonet</strong></span> <span class='ocrx_word' id='word_1_656' title='bbox 2468 4468 2660 4524; x_wconf 88' lang='lat' dir='ltr'><strong>beatus</strong></span> <span class='ocrx_word' id='word_1_657' title='bbox 2690 4467 3015 4540; x_wconf 86' lang='lat' dir='ltr'><strong>Gregorius,</strong></span> <span class='ocrx_word' id='word_1_658' title='bbox 3065 4467 3327 4523; x_wconf 89' lang='lat' dir='ltr'><strong>habeatur</strong></span> <span class='ocrx_word' id='word_1_659' title='bbox 3367 4469 3527 4524; x_wconf 91' lang='lat' dir='ltr'><strong>nobis</strong></span> <span class='ocrx_word' id='word_1_660' title='bbox 3554 4468 3610 4525; x_wconf 90' lang='lat' dir='ltr'><strong>in</strong></span> 
     </span>
    </p>
   </div>
   <div class='ocr_carea' id='block_1_92' title="bbox 311 4564 1913 4639">
    <p class='ocr_par' dir='ltr' id='par_1_92' title="bbox 311 4564 1913 4639">
     <span class='ocr_line' id='line_1_92' title="bbox 311 4564 1913 4639; baseline -0.002 -18"><span class='ocrx_word' id='word_1_661' title='bbox 311 4565 400 4621; x_wconf 86' lang='lat' dir='ltr'><strong>vel</strong></span> <span class='ocrx_word' id='word_1_662' title='bbox 427 4582 528 4636; x_wconf 87' lang='lat' dir='ltr'><strong>per</strong></span> <span class='ocrx_word' id='word_1_663' title='bbox 557 4566 846 4634; x_wconf 89' lang='lat' dir='ltr'><strong>somnium,</strong></span> <span class='ocrx_word' id='word_1_664' title='bbox 880 4566 968 4624; x_wconf 87' lang='lat' dir='ltr'><strong>vel</strong></span> <span class='ocrx_word' id='word_1_665' title='bbox 994 4583 1097 4639; x_wconf 91' lang='lat' dir='ltr'><strong>per</strong></span> <span class='ocrx_word' id='word_1_666' title='bbox 1134 4566 1375 4621; x_wconf 89' lang='lat' dir='ltr'><strong>intimam</strong></span> <span class='ocrx_word' id='word_1_667' title='bbox 1422 4564 1809 4621; x_wconf 87' lang='lat' dir='ltr'><strong>revelationem</strong></span> <span class='ocrx_word' id='word_1_668' title='bbox 1857 4564 1913 4618; x_wconf 91' lang='lat' dir='ltr'><strong>in</strong></span> 
     </span>
    </p>
   </div>
   <div class='ocr_carea' id='block_1_93' title="bbox 310 4653 1910 4727">
    <p class='ocr_par' dir='ltr' id='par_1_93' title="bbox 310 4653 1910 4727">
     <span class='ocr_line' id='line_1_93' title="bbox 310 4653 1910 4727; baseline -0.001 -19"><span class='ocrx_word' id='word_1_669' title='bbox 310 4662 493 4710; x_wconf 91' lang='lat' dir='ltr'><strong>mente</strong></span> <span class='ocrx_word' id='word_1_670' title='bbox 522 4670 869 4726; x_wconf 65' lang='lat' dir='ltr'><strong>praenoscere</strong></span> <span class='ocrx_word' id='word_1_671' title='bbox 898 4663 952 4711; x_wconf 91' lang='lat' dir='ltr'><strong>et</strong></span> <span class='ocrx_word' id='word_1_672' title='bbox 977 4655 1345 4727; x_wconf 71' lang='lat' dir='ltr'><strong>praeordinare</strong></span> <span class='ocrx_word' id='word_1_673' title='bbox 1377 4653 1588 4710; x_wconf 89' lang='lat' dir='ltr'><strong>solebat</strong></span> <span class='ocrx_word' id='word_1_674' title='bbox 1621 4671 1634 4707; x_wconf 94' lang='lat'>:</span> <span class='ocrx_word' id='word_1_675' title='bbox 1668 4669 1789 4724; x_wconf 67' lang='lat' dir='ltr'><strong>qua:</strong></span> <span class='ocrx_word' id='word_1_676' title='bbox 1809 4667 1910 4707; x_wconf 90' lang='lat' dir='ltr'><strong>au-</strong></span> 
     </span>
    </p>
   </div>
   <div class='ocr_carea' id='block_1_94' title="bbox 314 4741 1909 4814">
    <p class='ocr_par' dir='ltr' id='par_1_94' title="bbox 314 4741 1909 4814">
     <span class='ocr_line' id='line_1_94' title="bbox 314 4741 1909 4814; baseline -0.001 -18"><span class='ocrx_word' id='word_1_677' title='bbox 314 4749 421 4797; x_wconf 89' lang='lat' dir='ltr'><strong>tem</strong></span> <span class='ocrx_word' id='word_1_678' title='bbox 443 4742 566 4814; x_wconf 89' lang='lat' dir='ltr'><strong>ipsa</strong></span> <span class='ocrx_word' id='word_1_679' title='bbox 595 4741 754 4798; x_wconf 84' lang='lat' dir='ltr'><strong>fuerit</strong></span> <span class='ocrx_word' id='word_1_680' title='bbox 782 4744 970 4799; x_wconf 89' lang='lat' dir='ltr'><strong>intima</strong></span> <span class='ocrx_word' id='word_1_681' title='bbox 999 4744 1055 4799; x_wconf 89' lang='lat' dir='ltr'><strong>in</strong></span> <span class='ocrx_word' id='word_1_682' title='bbox 1083 4751 1266 4800; x_wconf 88' lang='lat' dir='ltr'><strong>mente</strong></span> <span class='ocrx_word' id='word_1_683' title='bbox 1297 4742 1580 4810; x_wconf 88' lang='lat' dir='ltr'><strong>revelatio,</strong></span> <span class='ocrx_word' id='word_1_684' title='bbox 1611 4741 1909 4812; x_wconf 85' lang='lat' dir='ltr'><strong>scriptores</strong></span> 
     </span>
    </p>
   </div>
   <div class='ocr_carea' id='block_1_95' title="bbox 313 4829 1910 4904">
    <p class='ocr_par' dir='ltr' id='par_1_95' title="bbox 313 4829 1910 4904">
     <span class='ocr_line' id='line_1_95' title="bbox 313 4829 1910 4904; baseline 0 -20"><span class='ocrx_word' id='word_1_685' title='bbox 313 4829 439 4885; x_wconf 71' lang='lat' dir='ltr'><strong>vitae</strong></span> <span class='ocrx_word' id='word_1_686' title='bbox 467 4831 583 4899; x_wconf 91' lang='lat' dir='ltr'><strong>ejus</strong></span> <span class='ocrx_word' id='word_1_687' title='bbox 612 4832 718 4888; x_wconf 87' lang='lat' dir='ltr'><strong>tale</strong></span> <span class='ocrx_word' id='word_1_688' title='bbox 743 4832 873 4904; x_wconf 90' lang='lat' dir='ltr'><strong>quid</strong></span> <span class='ocrx_word' id='word_1_689' title='bbox 902 4849 1025 4889; x_wconf 90' lang='lat' dir='ltr'><strong>esse</strong></span> <span class='ocrx_word' id='word_1_690' title='bbox 1053 4832 1408 4901; x_wconf 90' lang='lat' dir='ltr'><strong>arbitrantur,</strong></span> <span class='ocrx_word' id='word_1_691' title='bbox 1434 4830 1594 4904; x_wconf 90' lang='lat' dir='ltr'><strong>quale</strong></span> <span class='ocrx_word' id='word_1_692' title='bbox 1613 4830 1671 4885; x_wconf 90' lang='lat' dir='ltr'><strong>in</strong></span> <span class='ocrx_word' id='word_1_693' title='bbox 1686 4830 1910 4886; x_wconf 86' lang='lat' dir='ltr'><strong>Actibus</strong></span> 
     </span>
    </p>
   </div>
   <div class='ocr_carea' id='block_1_96' title="bbox 312 4917 1906 4992">
    <p class='ocr_par' dir='ltr' id='par_1_96' title="bbox 312 4917 1906 4992">
     <span class='ocr_line' id='line_1_96' title="bbox 312 4917 1906 4992; baseline -0.001 -20"><span class='ocrx_word' id='word_1_694' title='bbox 312 4917 682 4988; x_wconf 87' lang='lat' dir='ltr'><strong>apostolorum</strong></span> <span class='ocrx_word' id='word_1_695' title='bbox 710 4921 908 4992; x_wconf 55' lang='lat' dir='ltr'><strong>sapius</strong></span> <span class='ocrx_word' id='word_1_696' title='bbox 938 4921 1227 4991; x_wconf 87' lang='lat' dir='ltr'><strong>replicatur</strong></span> <span class='ocrx_word' id='word_1_697' title='bbox 1255 4921 1401 4991; x_wconf 84' lang='lat' dir='ltr'><strong>(Act.</strong></span> <span class='ocrx_word' id='word_1_698' title='bbox 1436 4936 1555 4989; x_wconf 85' lang='lat' dir='ltr'><strong>vm,</strong></span> <span class='ocrx_word' id='word_1_699' title='bbox 1591 4922 1656 4974; x_wconf 88' lang='grc'><strong>10</strong></span> <span class='ocrx_word' id='word_1_700' title='bbox 1687 4926 1741 4974; x_wconf 91' lang='lat' dir='ltr'><strong>et</strong></span> <span class='ocrx_word' id='word_1_701' title='bbox 1771 4920 1859 4989; x_wconf 90' lang='grc'><strong>11)</strong></span> <span class='ocrx_word' id='word_1_702' title='bbox 1893 4935 1906 4971; x_wconf 92' lang='lat'><strong>:</strong></span> 
     </span>
    </p>
   </div>
   <div class='ocr_carea' id='block_1_97' title="bbox 310 5005 1912 5080">
    <p class='ocr_par' dir='ltr' id='par_1_97' title="bbox 310 5005 1912 5080">
     <span class='ocr_line' id='line_1_97' title="bbox 310 5005 1912 5080; baseline 0.001 -20"><span class='ocrx_word' id='word_1_703' title='bbox 310 5005 460 5061; x_wconf 88' lang='lat' dir='ltr'><strong>Dixit</strong></span> <span class='ocrx_word' id='word_1_704' title='bbox 486 5015 667 5061; x_wconf 90' lang='lat' dir='ltr'><strong>autem</strong></span> <span class='ocrx_word' id='word_1_705' title='bbox 697 5008 927 5079; x_wconf 89' lang='lat' dir='ltr'><strong>Spiritus</strong></span> <span class='ocrx_word' id='word_1_706' title='bbox 956 5009 1052 5075; x_wconf 92' lang='lat' dir='ltr'><strong>illi,</strong></span> <span class='ocrx_word' id='word_1_707' title='bbox 1086 5008 1173 5066; x_wconf 90' lang='lat' dir='ltr'><strong>vel</strong></span> <span class='ocrx_word' id='word_1_708' title='bbox 1201 5009 1279 5063; x_wconf 91' lang='lat' dir='ltr'><strong>illi</strong></span> <span class='ocrx_word' id='word_1_709' title='bbox 1309 5008 1595 5080; x_wconf 89' lang='lat' dir='ltr'><strong>discipulo.</strong></span> <span class='ocrx_word' id='word_1_710' title='bbox 1621 5007 1774 5064; x_wconf 89' lang='lat' dir='ltr'><strong>Unde</strong></span> <span class='ocrx_word' id='word_1_711' title='bbox 1802 5022 1912 5063; x_wconf 90' lang='lat' dir='ltr'><strong>non</strong></span> 
     </span>
    </p>
   </div>
   <div class='ocr_carea' id='block_1_98' title="bbox 310 5093 1911 5167">
    <p class='ocr_par' dir='ltr' id='par_1_98' title="bbox 310 5093 1911 5167">
     <span class='ocr_line' id='line_1_98' title="bbox 310 5093 1911 5167; baseline -0.001 -17"><span class='ocrx_word' id='word_1_712' title='bbox 310 5102 396 5150; x_wconf 89' lang='lat' dir='ltr'><strong>est</strong></span> <span class='ocrx_word' id='word_1_713' title='bbox 426 5093 798 5163; x_wconf 74' lang='lat' dir='ltr'><strong>difﬁdendum,</strong></span> <span class='ocrx_word' id='word_1_714' title='bbox 832 5096 978 5167; x_wconf 90' lang='lat' dir='ltr'><strong>quod</strong></span> <span class='ocrx_word' id='word_1_715' title='bbox 1008 5097 1090 5153; x_wconf 89' lang='lat' dir='ltr'><strong>vir</strong></span> <span class='ocrx_word' id='word_1_716' title='bbox 1117 5098 1241 5165; x_wconf 91' lang='lat' dir='ltr'><strong>Dei,</strong></span> <span class='ocrx_word' id='word_1_717' title='bbox 1272 5113 1384 5154; x_wconf 91' lang='lat' dir='ltr'><strong>non</strong></span> <span class='ocrx_word' id='word_1_718' title='bbox 1430 5114 1498 5153; x_wconf 91' lang='lat' dir='ltr'><strong>ex</strong></span> <span class='ocrx_word' id='word_1_719' title='bbox 1545 5104 1761 5165; x_wconf 88' lang='lat' dir='ltr'><strong>eventu,</strong></span> <span class='ocrx_word' id='word_1_720' title='bbox 1813 5095 1911 5150; x_wconf 91' lang='lat' dir='ltr'><strong>sed</strong></span> 
     </span>
    </p>
   </div>
   <div class='ocr_carea' id='block_1_99' title="bbox 307 5183 1906 5258">
    <p class='ocr_par' dir='ltr' id='par_1_99' title="bbox 307 5183 1906 5258">
     <span class='ocr_line' id='line_1_99' title="bbox 307 5183 1906 5258; baseline -0.002 -18"><span class='ocrx_word' id='word_1_721' title='bbox 307 5183 512 5241; x_wconf 66' lang='lat' dir='ltr'><strong>divine</strong></span> <span class='ocrx_word' id='word_1_722' title='bbox 537 5183 923 5240; x_wconf 88' lang='lat' dir='ltr'><strong>admonitionis</strong></span> <span class='ocrx_word' id='word_1_723' title='bbox 952 5193 1197 5257; x_wconf 89' lang='lat' dir='ltr'><strong>attractu,</strong></span> <span class='ocrx_word' id='word_1_724' title='bbox 1232 5203 1394 5258; x_wconf 91' lang='lat' dir='ltr'><strong>quem</strong></span> <span class='ocrx_word' id='word_1_725' title='bbox 1416 5184 1699 5242; x_wconf 91' lang='lat' dir='ltr'><strong>occultiori</strong></span> <span class='ocrx_word' id='word_1_726' title='bbox 1720 5200 1906 5253; x_wconf 89' lang='lat' dir='ltr'><strong>sensu,</strong></span> 
     </span>
    </p>
   </div>
   <div class='ocr_carea' id='block_1_100' title="bbox 307 5272 1906 5347">
    <p class='ocr_par' dir='ltr' id='par_1_100' title="bbox 307 5272 1906 5347">
     <span class='ocr_line' id='line_1_100' title="bbox 307 5272 1906 5347; baseline -0.001 -20"><span class='ocrx_word' id='word_1_727' title='bbox 307 5281 496 5344; x_wconf 89' lang='lat' dir='ltr'><strong>utpote</strong></span> <span class='ocrx_word' id='word_1_728' title='bbox 542 5273 627 5328; x_wconf 90' lang='lat' dir='ltr'><strong>vir</strong></span> <span class='ocrx_word' id='word_1_729' title='bbox 671 5272 946 5343; x_wconf 88' lang='lat' dir='ltr'><strong>spiritalis,</strong></span> <span class='ocrx_word' id='word_1_730' title='bbox 996 5274 1051 5328; x_wconf 93' lang='lat' dir='ltr'><strong>in</strong></span> <span class='ocrx_word' id='word_1_731' title='bbox 1101 5275 1281 5331; x_wconf 89' lang='lat' dir='ltr'><strong>anima</strong></span> <span class='ocrx_word' id='word_1_732' title='bbox 1327 5274 1614 5347; x_wconf 90' lang='lat' dir='ltr'><strong>percipere</strong></span> <span class='ocrx_word' id='word_1_733' title='bbox 1660 5272 1906 5336; x_wconf 88' lang='lat' dir='ltr'><strong>solebat;</strong></span> 
     </span>
    </p>
   </div>
   <div class='ocr_carea' id='block_1_101' title="bbox 306 5360 1909 5435">
    <p class='ocr_par' dir='ltr' id='par_1_101' title="bbox 306 5360 1909 5435">
     <span class='ocr_line' id='line_1_101' title="bbox 306 5360 1909 5435; baseline 0.002 -20"><span class='ocrx_word' id='word_1_734' title='bbox 306 5361 453 5417; x_wconf 88' lang='lat' dir='ltr'><strong>hunc</strong></span> <span class='ocrx_word' id='word_1_735' title='bbox 480 5360 695 5416; x_wconf 89' lang='lat' dir='ltr'><strong>felicem</strong></span> <span class='ocrx_word' id='word_1_736' title='bbox 724 5360 794 5416; x_wconf 87' lang='lat' dir='ltr'><strong>de</strong></span> <span class='ocrx_word' id='word_1_737' title='bbox 824 5376 933 5433; x_wconf 90' lang='lat' dir='ltr'><strong>quo</strong></span> <span class='ocrx_word' id='word_1_738' title='bbox 980 5362 1253 5435; x_wconf 90' lang='lat' dir='ltr'><strong>loquimur</strong></span> <span class='ocrx_word' id='word_1_739' title='bbox 1300 5378 1529 5435; x_wconf 89' lang='lat' dir='ltr'><strong>puerum</strong></span> <span class='ocrx_word' id='word_1_740' title='bbox 1572 5376 1696 5418; x_wconf 90' lang='lat' dir='ltr'><strong>cum</strong></span> <span class='ocrx_word' id='word_1_741' title='bbox 1743 5368 1909 5418; x_wconf 62' lang='lat' dir='ltr'><strong>tantae</strong></span> 
     </span>
    </p>
   </div>
   <div class='ocr_carea' id='block_1_102' title="bbox 307 5447 1905 5520">
    <p class='ocr_par' dir='ltr' id='par_1_102' title="bbox 307 5447 1905 5520">
     <span class='ocr_line' id='line_1_102' title="bbox 307 5447 1905 5520; baseline -0.001 -16"><span class='ocrx_word' id='word_1_742' title='bbox 307 5448 651 5520; x_wconf 87' lang='lat' dir='ltr'><strong>paternitatis</strong></span> <span class='ocrx_word' id='word_1_743' title='bbox 701 5447 902 5506; x_wconf 81' lang='lat' dir='ltr'><strong>aﬂ&#39;ectu</strong></span> <span class='ocrx_word' id='word_1_744' title='bbox 960 5450 1158 5507; x_wconf 91' lang='lat' dir='ltr'><strong>divinis</strong></span> <span class='ocrx_word' id='word_1_745' title='bbox 1223 5452 1479 5509; x_wconf 90' lang='lat' dir='ltr'><strong>asciverit</strong></span> <span class='ocrx_word' id='word_1_746' title='bbox 1544 5448 1905 5505; x_wconf 88' lang='lat' dir='ltr'><strong>ministeriis:</strong></span> 
     </span>
    </p>
   </div>
   <div class='ocr_carea' id='block_1_103' title="bbox 309 5536 1909 5610">
    <p class='ocr_par' dir='ltr' id='par_1_103' title="bbox 309 5536 1909 5610">
     <span class='ocr_line' id='line_1_103' title="bbox 309 5536 1909 5610; baseline 0.002 -19"><span class='ocrx_word' id='word_1_747' title='bbox 309 5537 441 5607; x_wconf 90' lang='lat' dir='ltr'><strong>quin</strong></span> <span class='ocrx_word' id='word_1_748' title='bbox 466 5536 648 5608; x_wconf 91' lang='lat' dir='ltr'><strong>potius</strong></span> <span class='ocrx_word' id='word_1_749' title='bbox 677 5537 734 5592; x_wconf 91' lang='lat' dir='ltr'><strong>in</strong></span> <span class='ocrx_word' id='word_1_750' title='bbox 762 5545 949 5596; x_wconf 89' lang='lat' dir='ltr'><strong>tenore</strong></span> <span class='ocrx_word' id='word_1_751' title='bbox 996 5541 1425 5597; x_wconf 89' lang='lat' dir='ltr'><strong>conversationis</strong></span> <span class='ocrx_word' id='word_1_752' title='bbox 1473 5546 1525 5595; x_wconf 91' lang='lat' dir='ltr'><strong>et</strong></span> <span class='ocrx_word' id='word_1_753' title='bbox 1563 5538 1750 5606; x_wconf 87' lang='lat' dir='ltr'><strong>modo,</strong></span> <span class='ocrx_word' id='word_1_754' title='bbox 1803 5554 1909 5610; x_wconf 90' lang='lat' dir='ltr'><strong>quo</strong></span> 
     </span>
    </p>
   </div>
   <div class='ocr_carea' id='block_1_104' title="bbox 2014 4554 3611 4630">
    <p class='ocr_par' dir='ltr' id='par_1_104' title="bbox 2014 4554 3611 4630">
     <span class='ocr_line' id='line_1_104' title="bbox 2014 4554 3611 4630; baseline 0.001 -18"><span class='ocrx_word' id='word_1_755' title='bbox 2014 4556 2326 4624; x_wconf 89' lang='lat' dir='ltr'><strong>voluntate;</strong></span> <span class='ocrx_word' id='word_1_756' title='bbox 2384 4572 2448 4613; x_wconf 92' lang='lat' dir='ltr'><strong>ac</strong></span> <span class='ocrx_word' id='word_1_757' title='bbox 2495 4556 2572 4612; x_wconf 91' lang='lat' dir='ltr'><strong>sic</strong></span> <span class='ocrx_word' id='word_1_758' title='bbox 2620 4564 3020 4628; x_wconf 87' lang='lat' dir='ltr'><strong>consequenter</strong></span> <span class='ocrx_word' id='word_1_759' title='bbox 3065 4554 3429 4626; x_wconf 83' lang='lat' dir='ltr'><strong>cbnfidamus,</strong></span> <span class='ocrx_word' id='word_1_760' title='bbox 3483 4558 3611 4630; x_wconf 89' lang='lat' dir='ltr'><strong>quia</strong></span> 
     </span>
    </p>
   </div>
   <div class='ocr_carea' id='block_1_105' title="bbox 2005 4643 3613 4717">
    <p class='ocr_par' dir='ltr' id='par_1_105' title="bbox 2005 4643 3613 4717">
     <span class='ocr_line' id='line_1_105' title="bbox 2005 4643 3613 4717; baseline 0.001 -16"><span class='ocrx_word' id='word_1_761' title='bbox 2005 4647 2160 4717; x_wconf 85' lang='lat' dir='ltr'><strong>juxta</strong></span> <span class='ocrx_word' id='word_1_762' title='bbox 2189 4645 2440 4701; x_wconf 91' lang='lat' dir='ltr'><strong>eumdem</strong></span> <span class='ocrx_word' id='word_1_763' title='bbox 2470 4646 2747 4701; x_wconf 88' lang='lat' dir='ltr'><strong>doctorem</strong></span> <span class='ocrx_word' id='word_1_764' title='bbox 2779 4661 2845 4701; x_wconf 89' lang='lat' dir='ltr'><strong>ex</strong></span> <span class='ocrx_word' id='word_1_765' title='bbox 2875 4643 3144 4715; x_wconf 91' lang='lat' dir='ltr'><strong>adjutorio</strong></span> <span class='ocrx_word' id='word_1_766' title='bbox 3196 4645 3378 4701; x_wconf 84' lang='lat' dir='ltr'><strong>divino</strong></span> <span class='ocrx_word' id='word_1_767' title='bbox 3424 4646 3527 4702; x_wconf 89' lang='lat' dir='ltr'><strong>erit</strong></span> <span class='ocrx_word' id='word_1_768' title='bbox 3556 4646 3613 4702; x_wconf 90' lang='lat' dir='ltr'><strong>in</strong></span> 
     </span>
    </p>
   </div>
   <div class='ocr_carea' id='block_1_106' title="bbox 2010 4733 3611 4806">
    <p class='ocr_par' dir='ltr' id='par_1_106' title="bbox 2010 4733 3611 4806">
     <span class='ocr_line' id='line_1_106' title="bbox 2010 4733 3611 4806; baseline 0.002 -18"><span class='ocrx_word' id='word_1_769' title='bbox 2010 4733 2360 4806; x_wconf 89' lang='lat' dir='ltr'><strong>perfectione.</strong></span> <span class='ocrx_word' id='word_1_770' title='bbox 2413 4753 2436 4783; x_wconf 79' lang='grc'><strong>»</strong></span> <span class='ocrx_word' id='word_1_771' title='bbox 2505 4733 2563 4788; x_wconf 89' lang='lat' dir='ltr'><strong>Si</strong></span> <span class='ocrx_word' id='word_1_772' title='bbox 2604 4749 2765 4804; x_wconf 89' lang='lat' dir='ltr'><strong>quem</strong></span> <span class='ocrx_word' id='word_1_773' title='bbox 2812 4741 2988 4789; x_wconf 92' lang='lat' dir='ltr'><strong>autem</strong></span> <span class='ocrx_word' id='word_1_774' title='bbox 3030 4738 3211 4789; x_wconf 88' lang='lat' dir='ltr'><strong>movet</strong></span> <span class='ocrx_word' id='word_1_775' title='bbox 3259 4734 3401 4791; x_wconf 91' lang='lat' dir='ltr'><strong>hanc</strong></span> <span class='ocrx_word' id='word_1_776' title='bbox 3452 4735 3611 4791; x_wconf 92' lang='lat' dir='ltr'><strong>trium</strong></span> 
     </span>
    </p>
   </div>
   <div class='ocr_carea' id='block_1_107' title="bbox 2011 4821 3611 4895">
    <p class='ocr_par' dir='ltr' id='par_1_107' title="bbox 2011 4821 3611 4895">
     <span class='ocr_line' id='line_1_107' title="bbox 2011 4821 3611 4895; baseline 0.002 -17"><span class='ocrx_word' id='word_1_777' title='bbox 2011 4824 2224 4879; x_wconf 90' lang='lat' dir='ltr'><strong>dierum</strong></span> <span class='ocrx_word' id='word_1_778' title='bbox 2252 4821 2565 4878; x_wconf 88' lang='lat' dir='ltr'><strong>dilationem</strong></span> <span class='ocrx_word' id='word_1_779' title='bbox 2594 4821 2665 4877; x_wconf 90' lang='lat' dir='ltr'><strong>ad</strong></span> <span class='ocrx_word' id='word_1_780' title='bbox 2692 4822 2797 4878; x_wconf 85' lang='lat' dir='ltr'><strong>hoc</strong></span> <span class='ocrx_word' id='word_1_781' title='bbox 2826 4838 3148 4894; x_wconf 91' lang='lat' dir='ltr'><strong>responsum</strong></span> <span class='ocrx_word' id='word_1_782' title='bbox 3178 4822 3374 4879; x_wconf 82' lang='lat' dir='ltr'><strong>fecisse</strong></span> <span class='ocrx_word' id='word_1_783' title='bbox 3404 4824 3611 4895; x_wconf 84' lang='lat' dir='ltr'><strong>episco-</strong></span> 
     </span>
    </p>
   </div>
   <div class='ocr_carea' id='block_1_108' title="bbox 2010 4910 3605 4984">
    <p class='ocr_par' dir='ltr' id='par_1_108' title="bbox 2010 4910 3605 4984">
     <span class='ocr_line' id='line_1_108' title="bbox 2010 4910 3605 4984; baseline 0.001 -18"><span class='ocrx_word' id='word_1_784' title='bbox 2010 4929 2177 4984; x_wconf 88' lang='lat' dir='ltr'><strong>pum;</strong></span> <span class='ocrx_word' id='word_1_785' title='bbox 2228 4910 2537 4967; x_wconf 89' lang='lat' dir='ltr'><strong>meminerit</strong></span> <span class='ocrx_word' id='word_1_786' title='bbox 2588 4925 2688 4965; x_wconf 92' lang='lat' dir='ltr'><strong>nos</strong></span> <span class='ocrx_word' id='word_1_787' title='bbox 2736 4910 3071 4981; x_wconf 65' lang='lat' dir='ltr'><strong>praedixisse,</strong></span> <span class='ocrx_word' id='word_1_788' title='bbox 3121 4918 3361 4967; x_wconf 91' lang='lat' dir='ltr'><strong>mentem</strong></span> <span class='ocrx_word' id='word_1_789' title='bbox 3408 4913 3523 4982; x_wconf 92' lang='lat' dir='ltr'><strong>ejus</strong></span> <span class='ocrx_word' id='word_1_790' title='bbox 3572 4928 3605 4969; x_wconf 91' lang='lat' dir='ltr'><strong>a</strong></span> 
     </span>
    </p>
   </div>
   <div class='ocr_carea' id='block_1_109' title="bbox 2011 4998 3605 5072">
    <p class='ocr_par' dir='ltr' id='par_1_109' title="bbox 2011 4998 3605 5072">
     <span class='ocr_line' id='line_1_109' title="bbox 2011 4998 3605 5072; baseline 0.001 -18"><span class='ocrx_word' id='word_1_791' title='bbox 2011 5000 2187 5072; x_wconf 88' lang='lat' dir='ltr'><strong>gratia</strong></span> <span class='ocrx_word' id='word_1_792' title='bbox 2214 5000 2313 5056; x_wconf 92' lang='lat' dir='ltr'><strong>Dei</strong></span> <span class='ocrx_word' id='word_1_793' title='bbox 2343 5000 2411 5056; x_wconf 91' lang='lat' dir='ltr'><strong>ad</strong></span> <span class='ocrx_word' id='word_1_794' title='bbox 2440 4999 2836 5071; x_wconf 67' lang='lat' dir='ltr'><strong>praenoscenda</strong></span> <span class='ocrx_word' id='word_1_795' title='bbox 2864 4998 3039 5054; x_wconf 87' lang='lat' dir='ltr'><strong>futura</strong></span> <span class='ocrx_word' id='word_1_796' title='bbox 3067 4999 3268 5071; x_wconf 71' lang='lat' dir='ltr'><strong>saepius</strong></span> <span class='ocrx_word' id='word_1_797' title='bbox 3289 5000 3605 5071; x_wconf 88' lang='lat' dir='ltr'><strong>illuminari,</strong></span> 
     </span>
    </p>
   </div>
   <div class='ocr_carea' id='block_1_110' title="bbox 2011 5087 3603 5160">
    <p class='ocr_par' dir='ltr' id='par_1_110' title="bbox 2011 5087 3603 5160">
     <span class='ocr_line' id='line_1_110' title="bbox 2011 5087 3603 5160; baseline -0.001 -16"><span class='ocrx_word' id='word_1_798' title='bbox 2011 5089 2080 5144; x_wconf 92' lang='lat' dir='ltr'><strong>de</strong></span> <span class='ocrx_word' id='word_1_799' title='bbox 2110 5104 2217 5160; x_wconf 92' lang='lat' dir='ltr'><strong>quo</strong></span> <span class='ocrx_word' id='word_1_800' title='bbox 2247 5096 2428 5145; x_wconf 89' lang='lat' dir='ltr'><strong>tamen</strong></span> <span class='ocrx_word' id='word_1_801' title='bbox 2455 5088 2539 5143; x_wconf 90' lang='lat' dir='ltr'><strong>his</strong></span> <span class='ocrx_word' id='word_1_802' title='bbox 2568 5087 2703 5160; x_wconf 90' lang='lat' dir='ltr'><strong>ipsis</strong></span> <span class='ocrx_word' id='word_1_803' title='bbox 2747 5104 2869 5159; x_wconf 70' lang='lat' dir='ltr'><strong>quae</strong></span> <span class='ocrx_word' id='word_1_804' title='bbox 2908 5088 3153 5157; x_wconf 89' lang='lat' dir='ltr'><strong>subjecta</strong></span> <span class='ocrx_word' id='word_1_805' title='bbox 3180 5096 3305 5144; x_wconf 90' lang='lat' dir='ltr'><strong>sunt</strong></span> <span class='ocrx_word' id='word_1_806' title='bbox 3334 5089 3522 5145; x_wconf 90' lang='lat' dir='ltr'><strong>verbis</strong></span> <span class='ocrx_word' id='word_1_807' title='bbox 3549 5090 3603 5143; x_wconf 91' lang='lat' dir='ltr'><strong>in</strong></span> 
     </span>
    </p>
   </div>
   <div class='ocr_carea' id='block_1_111' title="bbox 2012 5177 3613 5250">
    <p class='ocr_par' dir='ltr' id='par_1_111' title="bbox 2012 5177 3613 5250">
     <span class='ocr_line' id='line_1_111' title="bbox 2012 5177 3613 5250; baseline 0.002 -19"><span class='ocrx_word' id='word_1_808' title='bbox 2012 5178 2131 5232; x_wconf 90' lang='lat' dir='ltr'><strong>Vita</strong></span> <span class='ocrx_word' id='word_1_809' title='bbox 2162 5178 2279 5246; x_wconf 88' lang='lat' dir='ltr'><strong>ejus</strong></span> <span class='ocrx_word' id='word_1_810' title='bbox 2310 5178 2382 5232; x_wconf 89' lang='lat' dir='ltr'><strong>ita</strong></span> <span class='ocrx_word' id='word_1_811' title='bbox 2428 5177 2688 5248; x_wconf 91' lang='lat' dir='ltr'><strong>scriptum</strong></span> <span class='ocrx_word' id='word_1_812' title='bbox 2738 5177 2989 5233; x_wconf 86' lang='lat' dir='ltr'><strong>habetur.</strong></span> <span class='ocrx_word' id='word_1_813' title='bbox 3048 5198 3070 5229; x_wconf 77' lang='grc' dir='ltr'>ι</span> <span class='ocrx_word' id='word_1_814' title='bbox 3121 5177 3206 5233; x_wconf 84' lang='lat' dir='ltr'><strong>Ad</strong></span> <span class='ocrx_word' id='word_1_815' title='bbox 3249 5178 3433 5233; x_wconf 91' lang='lat' dir='ltr'><strong>omnia</strong></span> <span class='ocrx_word' id='word_1_816' title='bbox 3480 5192 3613 5250; x_wconf 85' lang='lat' dir='ltr'><strong>ergo</strong></span> 
     </span>
    </p>
   </div>
   <div class='ocr_carea' id='block_1_112' title="bbox 2009 5264 3610 5340">
    <p class='ocr_par' dir='ltr' id='par_1_112' title="bbox 2009 5264 3610 5340">
     <span class='ocr_line' id='line_1_112' title="bbox 2009 5264 3610 5340; baseline 0.002 -20"><span class='ocrx_word' id='word_1_817' title='bbox 2009 5280 2127 5339; x_wconf 67' lang='lat' dir='ltr'><strong>quae</strong></span> <span class='ocrx_word' id='word_1_818' title='bbox 2155 5265 2290 5320; x_wconf 91' lang='lat' dir='ltr'><strong>forte</strong></span> <span class='ocrx_word' id='word_1_819' title='bbox 2320 5265 2594 5337; x_wconf 72' lang='lat' dir='ltr'><strong>praecipua</strong></span> <span class='ocrx_word' id='word_1_820' title='bbox 2622 5264 2852 5322; x_wconf 82' lang='lat' dir='ltr'><strong>definire</strong></span> <span class='ocrx_word' id='word_1_821' title='bbox 2882 5266 3139 5334; x_wconf 89' lang='lat' dir='ltr'><strong>debebat,</strong></span> <span class='ocrx_word' id='word_1_822' title='bbox 3187 5266 3420 5338; x_wconf 90' lang='lat' dir='ltr'><strong>spatium</strong></span> <span class='ocrx_word' id='word_1_823' title='bbox 3450 5267 3610 5340; x_wconf 85' lang='lat' dir='ltr'><strong>cogi-</strong></span> 
     </span>
    </p>
   </div>
   <div class='ocr_carea' id='block_1_113' title="bbox 2010 5353 3608 5428">
    <p class='ocr_par' dir='ltr' id='par_1_113' title="bbox 2010 5353 3608 5428">
     <span class='ocr_line' id='line_1_113' title="bbox 2010 5353 3608 5428; baseline 0.001 -18"><span class='ocrx_word' id='word_1_824' title='bbox 2010 5353 2157 5410; x_wconf 91' lang='lat' dir='ltr'><strong>tandi</strong></span> <span class='ocrx_word' id='word_1_825' title='bbox 2187 5354 2386 5410; x_wconf 88' lang='lat' dir='ltr'><strong>habere</strong></span> <span class='ocrx_word' id='word_1_826' title='bbox 2425 5354 2615 5420; x_wconf 86' lang='lat' dir='ltr'><strong>voluit,</strong></span> <span class='ocrx_word' id='word_1_827' title='bbox 2664 5370 2766 5410; x_wconf 91' lang='lat' dir='ltr'><strong>nec</strong></span> <span class='ocrx_word' id='word_1_828' title='bbox 2814 5354 3110 5427; x_wconf 88' lang='lat' dir='ltr'><strong>quidquam</strong></span> <span class='ocrx_word' id='word_1_829' title='bbox 3159 5363 3366 5413; x_wconf 91' lang='lat' dir='ltr'><strong>temere</strong></span> <span class='ocrx_word' id='word_1_830' title='bbox 3417 5356 3608 5428; x_wconf 88' lang='lat' dir='ltr'><strong>dispo-</strong></span> 
     </span>
    </p>
   </div>
   <div class='ocr_carea' id='block_1_114' title="bbox 2008 5443 3609 5517">
    <p class='ocr_par' dir='ltr' id='par_1_114' title="bbox 2008 5443 3609 5517">
     <span class='ocr_line' id='line_1_114' title="bbox 2008 5443 3609 5517; baseline 0.002 -19"><span class='ocrx_word' id='word_1_831' title='bbox 2008 5444 2190 5510; x_wconf 90' lang='lat' dir='ltr'><strong>nebat,</strong></span> <span class='ocrx_word' id='word_1_832' title='bbox 2210 5451 2503 5515; x_wconf 89' lang='lat' dir='ltr'><strong>antequam</strong></span> <span class='ocrx_word' id='word_1_833' title='bbox 2533 5444 2713 5517; x_wconf 91' lang='lat' dir='ltr'><strong>gratia</strong></span> <span class='ocrx_word' id='word_1_834' title='bbox 2740 5444 2840 5499; x_wconf 91' lang='lat' dir='ltr'><strong>Dei</strong></span> <span class='ocrx_word' id='word_1_835' title='bbox 2860 5443 3181 5510; x_wconf 88' lang='lat' dir='ltr'><strong>illustratus,</strong></span> <span class='ocrx_word' id='word_1_836' title='bbox 3214 5444 3332 5516; x_wconf 89' lang='lat' dir='ltr'><strong>ipse</strong></span> <span class='ocrx_word' id='word_1_837' title='bbox 3352 5445 3408 5500; x_wconf 92' lang='lat' dir='ltr'><strong>in</strong></span> <span class='ocrx_word' id='word_1_838' title='bbox 3427 5454 3609 5502; x_wconf 89' lang='lat' dir='ltr'><strong>mente</strong></span> 
     </span>
    </p>
   </div>
   <div class='ocr_carea' id='block_1_115' title="bbox 2011 5540 3608 5616">
    <p class='ocr_par' dir='ltr' id='par_1_115' title="bbox 2011 5540 3608 5616">
     <span class='ocr_line' id='line_1_115' title="bbox 2011 5540 3608 5616; baseline 0.003 -19"><span class='ocrx_word' id='word_1_839' title='bbox 2011 5556 2110 5597; x_wconf 88' lang='lat' dir='ltr'><strong>sua</strong></span> <span class='ocrx_word' id='word_1_840' title='bbox 2135 5540 2363 5597; x_wconf 89' lang='lat' dir='ltr'><strong>sentiret</strong></span> <span class='ocrx_word' id='word_1_841' title='bbox 2390 5540 2522 5613; x_wconf 91' lang='lat' dir='ltr'><strong>quid</strong></span> <span class='ocrx_word' id='word_1_842' title='bbox 2546 5541 2745 5597; x_wconf 87' lang='lat' dir='ltr'><strong>&#39;melius</strong></span> <span class='ocrx_word' id='word_1_843' title='bbox 2770 5549 2929 5615; x_wconf 72' lang='lat' dir='ltr'><strong>esset</strong></span> <span class='ocrx_word' id='word_1_844' title='bbox 2958 5559 2973 5597; x_wconf 89' lang='lat'><strong>:</strong></span> <span class='ocrx_word' id='word_1_845' title='bbox 3006 5541 3194 5615; x_wconf 87' lang='lat' dir='ltr'><strong>sicque</strong></span> <span class='ocrx_word' id='word_1_846' title='bbox 3244 5559 3477 5616; x_wconf 86' lang='lat' dir='ltr'><strong>superna</strong></span> <span class='ocrx_word' id='word_1_847' title='bbox 3520 5543 3608 5601; x_wconf 82' lang='lat' dir='ltr'><strong>vi-</strong></span> 
     </span>
    </p>
   </div>
   <div class='ocr_carea' id='block_1_116' title="bbox 377 5691 3612 5763">
    <p class='ocr_par' dir='ltr' id='par_1_116' title="bbox 377 5691 3612 5763">
     <span class='ocr_line' id='line_1_116' title="bbox 377 5691 3612 5763; baseline 0.003 -22"><span class='ocrx_word' id='word_1_848' title='bbox 377 5691 715 5763; x_wconf 63' lang='lat' dir='ltr'><strong>‘_‘l‘_urholmm</strong></span> <span class='ocrx_word' id='word_1_849' title='bbox 739 5694 789 5744; x_wconf 89' lang='lat' dir='ltr'><strong>tn</strong></span> <span class='ocrx_word' id='word_1_850' title='bbox 811 5694 1039 5763; x_wconf 82' lang='lat' dir='ltr'><strong>Ftandria</strong></span> <span class='ocrx_word' id='word_1_851' title='bbox 1062 5707 1213 5760; x_wconf 85' lang='lat' dir='ltr'><strong>prope</strong></span> <span class='ocrx_word' id='word_1_852' title='bbox 1235 5696 1442 5760; x_wconf 67' lang='lat' dir='ltr'><strong>Brugas,</strong></span> <span class='ocrx_word' id='word_1_853' title='bbox 1468 5692 1718 5749; x_wconf 84' lang='lat' dir='ltr'><strong>Remberti</strong></span> <span class='ocrx_word' id='word_1_854' title='bbox 1753 5693 1931 5747; x_wconf 85' lang='lat' dir='ltr'><strong>natalis</strong></span> <span class='ocrx_word' id='word_1_855' title='bbox 1952 5694 2118 5761; x_wconf 86' lang='lat' dir='ltr'><strong>sedes,</strong></span> <span class='ocrx_word' id='word_1_856' title='bbox 2144 5698 2200 5749; x_wconf 91' lang='lat' dir='ltr'><strong>ut</strong></span> <span class='ocrx_word' id='word_1_857' title='bbox 2224 5698 2414 5751; x_wconf 85' lang='lat' dir='ltr'><strong>constat</strong></span> <span class='ocrx_word' id='word_1_858' title='bbox 2449 5709 2512 5752; x_wconf 86' lang='lat' dir='ltr'><strong>ex</strong></span> <span class='ocrx_word' id='word_1_859' title='bbox 2550 5697 2644 5749; x_wconf 88' lang='lat' dir='ltr'><strong>hoc</strong></span> <span class='ocrx_word' id='word_1_860' title='bbox 2685 5694 2812 5749; x_wconf 86' lang='lat' dir='ltr'><strong>loco.</strong></span> <span class='ocrx_word' id='word_1_861' title='bbox 2857 5696 3111 5751; x_wconf 80' lang='lat' dir='ltr'><strong>Falluntur</strong></span> <span class='ocrx_word' id='word_1_862' title='bbox 3146 5696 3350 5763; x_wconf 71' lang='lat' dir='ltr'><strong>proinde</strong></span> <span class='ocrx_word' id='word_1_863' title='bbox 3391 5698 3473 5762; x_wconf 83' lang='lat' dir='ltr'><strong>qui</strong></span> <span class='ocrx_word' id='word_1_864' title='bbox 3499 5710 3612 5752; x_wconf 82' lang='lat' dir='ltr'><strong>eum</strong></span> 
     </span>
    </p>
   </div>
   <div class='ocr_carea' id='block_1_117' title="bbox 306 5756 1077 5815">
    <p class='ocr_par' dir='ltr' id='par_1_117' title="bbox 306 5756 1077 5815">
     <span class='ocr_line' id='line_1_117' title="bbox 306 5756 1077 5815; baseline 0.008 -6"><span class='ocrx_word' id='word_1_865' title='bbox 306 5769 371 5809; x_wconf 84' lang='lat' dir='ltr'><strong>ex</strong></span> <span class='ocrx_word' id='word_1_866' title='bbox 392 5756 551 5811; x_wconf 81' lang='lat' dir='ltr'><strong>Frisia</strong></span> <span class='ocrx_word' id='word_1_867' title='bbox 573 5762 746 5814; x_wconf 87' lang='lat' dir='ltr'><strong>natum</strong></span> <span class='ocrx_word' id='word_1_868' title='bbox 768 5773 877 5815; x_wconf 87' lang='lat' dir='ltr'><strong>esse</strong></span> <span class='ocrx_word' id='word_1_869' title='bbox 890 5756 1077 5815; x_wconf 60' lang='lat' dir='ltr'><strong>dicunt;</strong></span> 
     </span>
    </p>
   </div>
  </div>
