4112 6192
507 253 612 310 995

1499 253 1556 311 S.
1589 253 1944 312 REMBERTI
1973 253 2332 312 HAMBURG.
2364 255 2584 314 EPISC.

3701 267 3806 320 996

516 377 762 434 sitatione
790 376 1121 434 certiﬁcatus
1149 378 1204 432 in
1230 385 1432 444 mente,
1463 379 1579 434 sine
1617 379 1960 436 cunctatione
1991 396 2112 451 quas
2141 379 2190 442 A
2213 381 2492 451 quaerebat
2521 381 2782 450 etelestia,
2817 399 2938 454 quae
2965 399 3064 454 per
3093 384 3442 454 hyacinthum
3491 384 3808 458 signiﬁcan-

509 467 724 540 agenda
753 475 928 533 erant,
961 467 1300 538 diSponebat.
1341 489 1362 517 ι
1397 469 1522 523 Haec
1549 469 1618 524 de
1651 468 1770 523 Vita
1819 469 1934 536 ejus
1981 469 2102 523 ido-

511 571 647 611 neus
675 557 972 612 inseruisse
1005 556 1174 612 lector
1201 555 1484 628 intelligat,
1509 565 1565 611 ut
1585 573 1649 612 ex
1673 559 1776 612 hoc
1797 557 2106 612 testimonio

514 645 979 715 comprobaretur,
1009 645 1140 700 nihil
1170 661 1292 700 eum
1322 647 1390 698 ad
1422 646 1734 715 petitionem
1765 647 1924 714 hujus
1973 661 2105 700 san—

511 733 736 789 ctissimi
792 733 1040 804 discipuli
1099 733 1180 787 sui
1237 733 1514 790 Remberti
1571 735 1953 804 respondisse,
2003 734 2106 788 nisi

515 822 658 893 quod
689 821 742 876 in
773 823 876 876 hoc
905 821 1066 876 tridui
1099 823 1274 892 spatio
1303 823 1470 876 menti
1498 823 1613 891 ejus
1635 823 1868 892 Spiritus
1889 831 2106 876 sanctus

509 909 723 973 infudit,
750 911 900 979 juxta
933 911 1273 976 sententiam,
1328 927 1488 982 quam
1537 911 1700 966 etiam
1747 911 1994 982 superius
2037 911 2106 966 de

509 999 734 1054 Actibus
762 999 1132 1070 apostolorum
1161 999 1504 1070 protulimus.

1112 1163 1335 1220 CAPUT
1385 1165 1500 1218 VII.

580 1305 802 1363 Accedit
832 1305 991 1360 etiam
1030 1305 1098 1358 ad
1144 1305 1472 1375 praesagium
1519 1304 1772 1358 virtutum
1815 1303 1958 1358 beati
2007 1303 2106 1357 viri

511 1395 650 1449 visio
683 1395 929 1466 quaedam
961 1395 1028 1448 de
1059 1393 1178 1463 ipso
1208 1393 1448 1447 revelato
1477 1393 1814 1463 procuratori
1851 1393 2104 1446 antistitis

512 1483 688 1554 prima
737 1499 862 1536 mox
919 1490 1078 1536 nocte
1125 1481 1388 1535 adventus
1437 1482 1552 1549 ejus
1599 1482 2100 1554 Hammaburgum,

511 1587 632 1626 cum
666 1570 783 1640 ipse
814 1571 992 1624 adhuc
1021 1570 1074 1623 in
1105 1569 1282 1640 prima
1307 1578 1463 1624 aetate
1493 1570 1871 1625 adolescentiae
1897 1570 2099 1624 fuisset.

515 1659 814 1714 Videbatur
855 1657 1000 1711 enim
1044 1658 1219 1714 eidem
1269 1659 1610 1728 procuratori
1655 1657 1977 1728 conpexisse
2021 1675 2100 1726 se,

509 1747 688 1816 ipsum
719 1746 1067 1802 Rembertum
1111 1747 1320 1801 sedisse
1369 1747 1422 1800 in
1476 1746 1692 1819 fastigio
1734 1747 1972 1812 oratorii,
2025 1747 2102 1800 si-

509 1851 788 1908 gnumque
818 1835 1062 1890 ecclesiae
1091 1851 1276 1898 unum,
1311 1835 1458 1907 quod
1499 1851 1600 1890 nos
1649 1836 1888 1892 cloccam
1938 1852 2103 1891 voca-

509 1941 650 1993 mus,
709 1925 762 1977 in
812 1923 950 1978 ccelo
997 1924 1334 1994 apparuisse,
1381 1941 1410 1977 a
1461 1939 1568 1995 quo
1611 1925 1848 1997 ligamen
1881 1923 2100 1991 lineum,

507 2021 564 2066 ut
620 2012 860 2079 assolet,
913 2011 966 2066 in
1009 2012 1232 2066 modum
1283 2011 1426 2066 funis
1469 2013 1766 2067 demissum
1817 2029 1988 2084 usque
2036 2013 2106 2068 ad

507 2101 686 2172 ipsum
716 2101 1050 2172 dependeret
1083 2101 1439 2166 Rimbertum,
1473 2117 1574 2172 per
1611 2102 1754 2172 quod
1797 2102 1914 2172 ipse
1963 2101 2106 2156 idem

509 2189 726 2262 signum
785 2189 1024 2244 hilariter
1079 2189 1340 2254 traxisse,
1403 2197 1455 2244 et
1513 2206 1649 2245 sono
1705 2191 1820 2258 ejus
1877 2190 2108 2245 dulciter

508 2278 808 2334 delectatus
864 2294 986 2332 esse
1042 2277 1347 2333 videbatur.
1403 2277 1502 2332 Cui
1548 2279 1758 2333 somnio
1809 2295 2104 2350 congruam

508 2383 572 2422 ex
637 2366 833 2422 divinis
887 2366 1180 2436 Scripturis
1235 2366 1732 2437 interpretationem
1801 2367 2106 2438 reperimus

508 2455 708 2526 (Exod.
745 2469 948 2509 xxviii.
1017 2455 1332 2524 Praecipitur
1361 2455 1496 2509 Mosi
1538 2471 1570 2509 a
1618 2455 1868 2524 Domino,
1917 2463 1972 2508 ut
2017 2455 2104 2508 in-

504 2551 586 2599 ter
613 2543 720 2598 alia
749 2543 916 2598 vestis
957 2543 1311 2598 sacerdotalis
1357 2543 1586 2615 mystica
1633 2543 1942 2598 indumenta
1987 2543 2104 2598 haec

505 2632 666 2688 etiam
695 2631 824 2687 ﬁant
849 2648 862 2684 :
887 2633 1174 2696 Deorsum,
1209 2632 1400 2704 inquit,
1434 2633 1504 2686 ad
1541 2633 1706 2704 pedes
1727 2632 1974 2704 ejusdem
2007 2635 2102 2686 tu-

505 2723 651 2776 nica:
677 2737 779 2793 per
817 2722 1124 2776 circuitum
1155 2722 1317 2793 quasi
1349 2721 1504 2776 mala
1543 2722 1760 2776 Punica
1806 2723 1982 2792 facies
2029 2737 2103 2775 ea:

509 2809 810 2881 hyacintho
839 2813 894 2863 et
919 2825 1178 2882 purpura
1197 2813 1254 2864 et
1273 2825 1431 2864 cocco
1449 2809 1528 2864 bis
1548 2811 1746 2876 tincto,
1772 2813 1847 2874 et,
1873 2817 1930 2863 ut
1949 2809 2004 2863 in
2023 2825 2106 2863 se-

507 2897 798 2966 quentibus
815 2897 1102 2962 invenitur,
1132 2913 1205 2951 ea:
1237 2898 1389 2968 bysso
1423 2901 1660 2962 retorta,
1685 2897 1888 2952 mixtis
1903 2899 1966 2952 in
1985 2913 2102 2952 me-

505 2983 594 3039 dio
618 2983 1044 3038 tintinnabulis.
1071 2983 1252 3052 Quare
1284 2991 1462 3038 autem
1493 2985 1581 3039 hic
1611 2984 1968 3038 tintinnabula
1997 2985 2100 3038 ad-

2207 477 2323 536 tur;
2357 487 2458 540 pro
2489 472 2688 526 Christi
2717 472 2937 527 nomine
2967 489 3134 544 usque
3174 473 3246 528 ad
3287 473 3602 544 martyrium
3647 490 3804 544 para-

2209 567 2311 622 tus,
2347 561 2492 630 quod
2521 561 2837 634 intelligitur
2865 561 2919 614 in
2949 578 3186 632 purpura
3213 582 3226 626 ;
3261 578 3448 618 amore
3469 564 3568 618 Dei
3599 571 3652 618 et
3681 579 3804 634 pro-

2209 647 2336 702 ximi
2363 649 2618 720 flagrans,
2654 650 2798 720 quod
2830 667 2930 720 per
2957 666 3184 706 coccum
3215 651 3300 705 bis
3345 652 3569 706 tinctum
3619 651 3802 722 expri-

2209 737 2388 790 mitur.
2423 738 2490 790 Et
2522 737 2662 794 sicut
2693 739 2890 808 byssus
2921 739 2988 792 de
3011 747 3152 794 terra
3169 748 3318 794 eruta
3339 739 3506 812 longo
3523 741 3802 804 exercitio,

2208 824 2465 891 siccandi,
2519 827 2798 894 tundendi,
2851 828 3140 899 purgandi,
3187 828 3474 898 coquendi,
3521 837 3572 882 et
3617 829 3802 892 nendi,

2207 913 2550 984 gramineum
2582 915 2720 970 solet
2747 916 2998 985 perdere,
3031 924 3082 970 et
3113 917 3404 971 candidum
3451 917 3506 970 in
3553 933 3614 970 se
3657 917 3794 972 reci-

2207 1018 2335 1072 pere
2385 1003 2624 1058 colorem
2669 1021 2682 1056 :
2727 1004 2796 1057 ita
2851 1005 2968 1074 ipse
3025 1021 3150 1060 cum
3203 1021 3404 1078 magno
3459 1005 3804 1060 continentia

2206 1090 2394 1146 labore
2427 1092 2582 1162 quasi
2613 1092 2846 1146 nativum
2879 1093 3148 1147 cxsudans
3177 1093 3481 1160 humorem,
3531 1095 3600 1148 ad
3631 1095 3801 1150 deco-

2207 1195 2324 1233 rem
2355 1179 2537 1252 dignre
2567 1181 2682 1235 Deo
2709 1181 2918 1250 puratis
2957 1181 3142 1236 solerti
3182 1181 3513 1250 jejuniorum
3559 1190 3614 1236 et
3657 1183 3803 1254 vigi-

2205 1266 2396 1320 liarum
2458 1275 2510 1323 et
2564 1269 2868 1324 orationum
2936 1279 2988 1324 et
3043 1269 3347 1336 lectionis;
3415 1270 3690 1340 patientiae
3753 1279 3808 1325 et

2207 1355 2525 1410 humilitatis
2554 1356 2806 1412 instantia
2835 1358 3100 1428 pervenit.
3135 1357 3344 1426 Quibus
3389 1359 3646 1412 omnibus
3693 1359 3806 1412 tin-

2207 1444 2487 1498 tinnabula
2519 1446 2703 1500 habuit
2733 1447 2996 1516 permista
3033 1465 3046 1500 :
3081 1447 3204 1518 quia
3231 1463 3356 1501 raro
3397 1447 3546 1502 aliud
3593 1448 3664 1502 ab
3709 1447 3808 1501 illo

2207 1549 2366 1602 quam
2425 1534 2802 1603 praedictarum
2863 1535 3122 1589 virtutum
3183 1535 3540 1590 suavissimus
3597 1536 3808 1590 sonitus

2206 1621 2543 1687 audiebatur,
2603 1622 2695 1692 qui
2753 1639 2970 1677 rursum
3027 1639 3252 1693 operum
3309 1625 3426 1692 ejus
3475 1623 3808 1678 sublimitate

2133 1709 2538 1792 Baudientium
2599 1711 2867 1764 mentibus
2929 1712 3416 1766 commendabatur
3448 1753 3463 1776 ,
3541 1711 3680 1766 sicut
3751 1721 3806 1766 et

2207 1813 2440 1868 sequens
2485 1799 2554 1852 de
2599 1797 2692 1854 illo
2740 1799 2898 1868 hujus
2947 1800 3192 1870 opusculi
3241 1808 3416 1856 textus
3461 1799 3810 1856 manifestius

2205 1887 2475 1942 ostendet.

2798 2045 3024 2102 CAPUT
3068 2047 3206 2102 Vlll.

2277 2185 2410 2240 Cum
2437 2187 2614 2242 adhuc
2644 2195 2789 2242 esset
2823 2187 2873 2241 in
2896 2188 3158 2260 obsequio
3176 2187 3486 2244 decessoris
3504 2187 3590 2242 sui
3619 2188 3802 2242 domni

2207 2275 2482 2346 Ansgarii,
2529 2275 2780 2346 apparuit
2819 2277 2869 2330 ei
2917 2277 3207 2348 presbyter
3253 2276 3514 2332 Arnulfus
3553 2277 3666 2345 jam
3709 2278 3804 2330 diu

2205 2361 2512 2428 defunctus,
2545 2373 2600 2418 et
2629 2365 2968 2434 percontanti
2997 2365 3064 2419 de
3105 2366 3222 2434 ejus
3269 2381 3436 2421 causa
3477 2366 3532 2418 in
3581 2365 3804 2420 alterius

2206 2452 2391 2506 surculi
2417 2452 2528 2506 vita
2557 2453 2806 2508 dolenter
2834 2453 3112 2524 respondit
3147 2469 3159 2508 :
3195 2453 3332 2524 Ego,
3367 2454 3643 2524 inquiens,
3674 2454 3804 2507 dum

2203 2540 2378 2594 adhuc
2407 2541 2458 2594 in
2492 2557 2656 2596 carne
2687 2557 2887 2620 essem,
2933 2542 3274 2614 negligenter
3309 2542 3379 2596 de
3418 2543 3618 2596 anima:
3665 2558 3804 2597 mea:

2201 2628 2430 2700 agebam
2461 2629 2653 2696 salute,
2687 2629 3006 2700 gravitatem
3036 2645 3282 2700 persona
3311 2646 3448 2685 mete
3475 2639 3800 2701 competen-

2203 2723 2312 2770 tem
2343 2733 2450 2770 non
2481 2733 2720 2786 servans,
2751 2718 2862 2773 otio
2891 2717 3090 2788 saepius
3139 2733 3360 2784 vacans,
3407 2727 3462 2773 et
3507 2719 3802 2790 aliquando

2203 2804 2366 2858 etiam
2399 2805 2452 2860 in
2481 2806 2684 2862 indicto
2709 2805 2912 2874 jejunio
2941 2823 3160 2862 carnem
3189 2807 3548 2870 manducans,
3587 2807 3800 2878 aliaque

2202 2893 2450 2948 similiter
2477 2893 2760 2950 interdicta
2791 2895 2844 2949 in
2875 2910 3004 2950 esca
3031 2903 3086 2950 et
3113 2901 3243 2965 potu
3275 2895 3596 2966 frequenter
3643 2911 3804 2949 usur-

2199 2995 2358 3050 pans.
2395 2983 2498 3036 Pro
2527 2983 2722 3038 talibus
2767 2983 3074 3038 commissis
3115 2983 3372 3054 indignus
3418 2982 3494 3038 fui
3541 2984 3806 3039 hactenus

496 3071 653 3144 jungi
673 3079 946 3142 praecepta
965 3071 1090 3136 sint,
1113 3070 1337 3126 inferius
1354 3071 1657 3126 ostenditur
1681 3089 1692 3127 :
1717 3077 1783 3127 ut
1801 3073 2092 3140 audiatur,
2130 3086 2178 3149 ρ
2201 3069 2270 3122 ad
2301 3071 2646 3139 praesentiam
2669 3071 2764 3126 Dei
2786 3072 2973 3128 venire
3007 3089 3020 3126 :
3055 3071 3152 3127 sed
3175 3071 3220 3125 si
3241 3079 3350 3137 tua,
3374 3071 3468 3136 ait,
3493 3071 3806 3126 fraternitas

507 3160 698 3232 inquit,
731 3161 952 3216 sonitus
975 3160 1197 3232 quando
1211 3159 1536 3230 ingreditur
1555 3163 1820 3232 pontifex
1841 3165 2110 3216 sanctua—

501 3251 655 3306 rium
687 3249 748 3304 in
770 3252 1073 3322 conspectu
1091 3249 1338 3314 Domini,
1363 3252 1418 3303 et
1442 3267 1557 3305 non
1579 3251 1878 3305 moriatur.
1907 3249 2107 3305 Sacer-

502 3337 602 3393 dos
619 3353 855 3408 namque
877 3337 1194 3410 ingrediens
1217 3337 1303 3392 vel
1321 3339 1612 3409 egrediens
1632 3338 1874 3405 moritur,
1891 3338 1938 3393 si
1957 3339 2026 3394 de
2040 3354 2106 3394 eo

503 3427 712 3482 sonitus
733 3442 840 3480 non
863 3425 1114 3481 audiatur
1137 3443 1150 3480 :
1175 3426 1444 3497 quiairam
1460 3435 1649 3482 contra
1670 3442 1729 3481 se
1750 3426 1943 3482 occulti
1961 3427 2106 3481 Judi-

499 3515 580 3570 cis
599 3513 786 3588 exigit,
813 3513 858 3568 si
877 3513 992 3569 sine
1009 3514 1412 3585 praedicationis
1429 3515 1835 3570 sonituincedit.
1862 3513 1996 3583 Quia
2010 3515 2104 3586 igi-

501 3610 592 3656 tur
611 3601 848 3656 futurum
867 3611 1000 3668 erat,
1023 3611 1080 3657 ut
1093 3618 1306 3658 summo
1323 3603 1570 3658 ecclesiae
1581 3603 1758 3676 gradu
1776 3618 2098 3672 conscenso,

505 3691 592 3746 vir
637 3691 856 3746 Domini
903 3692 1239 3746 ornamentis
1297 3691 1663 3763 spiritualibus
1712 3691 1987 3758 eniteret;
2045 3701 2104 3746 ut

508 3779 672 3834 etiam
700 3779 1104 3852 praedicationis
1133 3779 1368 3836 ofﬁcium
1403 3781 1690 3854 insigniter
1737 3781 1917 3852 egisse
1965 3795 2100 3850 pro-

495 3875 738 3934 baretur,
803 3877 950 3924 recte
1005 3867 1062 3922 in
1116 3867 1337 3941 fastigio
1386 3869 1590 3940 templi,
1643 3869 1790 3940 quod
1834 3869 2102 3940 signiﬁcat

497 3956 711 4027 apicem
769 3955 1153 4026 pontiﬁcalem,
1203 3973 1328 4012 cum
1373 3957 1633 4012 doctrinae
1674 3957 1997 4012 suavissimo
2045 3965 2100 4012 et

493 4043 706 4099 cmlitus
760 4051 988 4099 attracto
1043 4043 1222 4098 sonitu
1280 4045 1348 4098 ad
1405 4047 1814 4100 convocandam
1880 4045 2097 4101 servitio

497 4131 680 4186 divino
711 4145 920 4186 sacram
943 4131 1140 4186 Christi
1164 4131 1382 4202 plebem
1403 4133 1637 4187 sedisset
1659 4133 1960 4188 videbatur.
1981 4135 2096 4189 Hoc

499 4219 644 4276 enim
677 4219 732 4274 in
759 4219 918 4290 hujus
952 4220 1263 4276 ostensione
1293 4220 1515 4276 visionis
1541 4237 1842 4292 personans
1871 4231 2098 4278 attractu

498 4307 612 4375 ejus
643 4309 861 4381 signum
891 4308 1112 4365 caeleste
1146 4307 1453 4381 signiﬁcare
1475 4318 1674 4382 potest,
1695 4311 1840 4383 quod
1861 4311 1916 4366 in
1944 4319 2094 4366 veste

496 4397 768 4468 pontiﬁcis
797 4398 1154 4454 tintinnabula
1187 4407 1488 4454 monstrare
1533 4401 1852 4470 probantur.
1899 4401 2091 4468 Quali-

499 4493 582 4539 ter
610 4487 770 4540 etiam
799 4496 1013 4552 caetera,
1049 4503 1168 4558 quae
1199 4485 1266 4541 de
1297 4487 1572 4558 Scriptura
1604 4505 1754 4543 sacra
1801 4489 2088 4558 proposui-

493 4589 636 4640 mus,
671 4575 1016 4630 sacerdotalis
1045 4575 1264 4629 habitus
1295 4585 1614 4632 ornamenta
1645 4576 1994 4646 spiritualiter
2037 4577 2090 4630 in

497 4677 620 4718 sese
651 4679 870 4734 semper
901 4663 1224 4730 exhibuerit,
1257 4665 1324 4717 ad
1353 4664 1661 4734 profectum
1697 4665 1857 4718 simul
1887 4674 1938 4719 et
1967 4665 2092 4718 imi-

491 4751 752 4807 tationem
807 4751 1111 4823 legentibus
1171 4767 1446 4822 exponere
1497 4753 1879 4820 judicavimus.
1939 4753 2095 4807 Malis

493 4840 680 4910 utique
731 4839 946 4894 Punicis
993 4841 1259 4906 utebatur,
1313 4840 1367 4894 in
1415 4841 1612 4912 quibus
1654 4841 1822 4896 multa
1871 4841 2095 4896 interius

495 4921 668 5000 grana
699 4944 806 4982 uno
835 4927 970 4982 foris
1001 4930 1204 4984 cortice
1235 4937 1489 5002 teguntur
1523 4947 1534 4982 :
1569 4929 1696 5000 quia
1729 4930 1846 5000 ipse
1877 4943 2096 5000 semper

497 5015 849 5071 multifariam
902 5016 1154 5071 virtutum
1221 5017 1592 5088 operationem
1649 5033 1757 5073 uno
1820 5017 2094 5074 charitatis

490 5105 788 5160 munimine
845 5105 1310 5176 undiqueversum
1375 5113 1572 5162 tectam
1631 5107 1900 5179 gestabat.
1963 5109 2092 5164 Harc

494 5203 674 5250 autem
703 5193 846 5248 mala
877 5193 1082 5248 Punica
1109 5210 1172 5248 ex
1205 5211 1445 5264 purpura
1467 5203 1520 5250 ct
1541 5195 1834 5266 hyacintho
1855 5203 1908 5250 et
1927 5211 2092 5253 cocco

489 5281 573 5336 bis
625 5283 792 5338 tincto
837 5290 890 5337 et
935 5282 1102 5354 bysso
1145 5291 1348 5338 retorta
1393 5293 1561 5352 erant,
1609 5301 1730 5355 quae
1774 5293 1967 5340 cuncta
2015 5285 2091 5340 illi

492 5369 772 5438 aptissime
801 5371 1151 5427 conveniunt.
1183 5369 1344 5426 Omni
1375 5373 1520 5427 enim
1549 5371 1824 5427 desiderio
1871 5389 2092 5444 semper

2213 3173 2352 3228 pane
2384 3166 2437 3214 et
2467 3159 2578 3214 sale
2607 3168 2659 3214 et
2687 3176 2828 3232 aqua
2857 3169 3126 3226 contenta,
3159 3175 3192 3214 a
3219 3159 3432 3216 caeteris
3481 3159 3808 3216 victualibus

2209 3245 2590 3301 abstinentiam
2647 3249 3006 3321 quadraginta
3077 3248 3268 3302 diebus
3321 3263 3419 3318 pro
3474 3264 3566 3303 me
3621 3247 3806 3303 iacere

2207 3335 2386 3398 vellet,
2421 3337 2703 3391 crederem
2730 3353 2817 3391 me
2847 3354 2944 3408 per
2972 3337 3070 3392 Dei
3091 3337 3520 3392 misericordiam
3541 3337 3612 3391 ab
3641 3337 3804 3405 hujus

2207 3423 2531 3494 repulsionis
2559 3441 2696 3480 mea:
2745 3427 3008 3480 sententia
3057 3441 3154 3480 seu
3205 3441 3368 3496 paena
3407 3425 3651 3480 liberari.
3699 3425 3800 3480 Cui

2204 3527 2328 3566 cum
2376 3512 2513 3582 ipse,
2567 3521 2624 3567 ut
2662 3513 2712 3567 ei
2756 3514 3060 3580 videbatur,
3111 3513 3184 3567 ita
3237 3529 3298 3568 se
3351 3513 3618 3569 facturum
3673 3527 3800 3568 esse

2203 3599 2576 3670 polliceretur,
2609 3601 3021 3672 expergefactus
3051 3603 3120 3657 de
3151 3617 3362 3666 somno,
3407 3617 3536 3656 mox
3577 3611 3638 3656 ut
3677 3601 3800 3671 epi-

2203 3703 2428 3760 scopum
2457 3689 2660 3760 alloqui
2693 3691 2884 3760 potuit,
2917 3691 3182 3746 visionem
3203 3690 3252 3745 ei
3269 3705 3488 3744 omnem
3511 3689 3796 3759 exposuit:

2201 3785 2534 3848 acceptoque
2563 3779 2630 3832 ab
2662 3795 2728 3833 eo
2757 3779 3001 3844 consilio,
3035 3787 3148 3834 toto
3189 3777 3554 3851 quadraginta
3583 3777 3800 3833 dierum

2202 3865 2376 3936 spatio
2405 3866 2554 3922 nullo
2583 3866 2691 3921 alio
2720 3867 2840 3922 cibo
2870 3868 2956 3922 vel
2995 3875 3126 3938 potu
3173 3875 3257 3921 est
3297 3883 3450 3934 usus,
3503 3866 3610 3920 nisi
3657 3881 3802 3936 pane

2203 3961 2402 4008 tantum
2459 3963 2512 4009 et
2565 3969 2726 4026 aqua.
2783 3955 2990 4010 Eodem
3048 3963 3292 4026 tempore
3347 3961 3496 4010 tanto
3553 3953 3796 4009 dentium

2199 4042 2387 4096 dolore
2433 4043 2745 4108 vexabatur,
2797 4053 2852 4097 ut
2889 4043 3023 4114 ipsis
3061 4043 3162 4097 sibi
3200 4059 3396 4113 panem
3435 4043 3506 4097 ad
3544 4041 3796 4098 reﬁcien-

2197 4131 2325 4184 dum
2365 4131 2651 4186 commotis
2709 4132 2976 4186 sustinere
3005 4147 3114 4186 non
3172 4139 3378 4201 posset.
3429 4129 3802 4199 Quamobrem

2196 4218 2374 4288 ipsum
2403 4235 2602 4290 panem
2632 4219 3056 4276 comminutatim
3099 4221 3346 4285 terendo,
3403 4235 3502 4274 seu
3547 4219 3798 4274 manibus

2196 4307 2543 4363 confricanda
2597 4309 2652 4362 in
2713 4309 2883 4379 ipsam
2929 4323 3128 4380 aquam
3175 4307 3584 4372 commiscebat,
3637 4315 3691 4362 et
3727 4307 3796 4362 ad

2199 4395 2445 4451 levamen
2473 4397 2712 4452 dentium
2747 4397 3148 4468 quodammodo
3191 4397 3363 4450 instar
3409 4395 3576 4467 pultis
3621 4395 3798 4451 emol-

2205 4484 2384 4538 liebat.
2420 4487 2477 4538 in
2508 4501 2616 4556 quo
2645 4485 2807 4540 etiam
2835 4486 2902 4540 ad
2935 4494 3284 4558 augmentum
3323 4485 3682 4546 abstinentia,
3735 4500 3802 4538 ea

2193 4589 2314 4643 qua:
2345 4573 2400 4626 in
2431 4574 2664 4644 simplici
2692 4574 3010 4630 decoctione
3039 4575 3196 4645 panis
3217 4591 3340 4629 esse
3363 4572 3800 4645 possent,pluri-

2195 4677 2342 4715 mum
2369 4661 2698 4730 defecerunt,
2725 4671 2776 4717 et
2795 4663 2877 4718 vis
2899 4663 3106 4718 scilicet
3121 4663 3380 4730 alimenti,
3401 4671 3452 4718 et
3469 4663 3712 4717 suavitas
3733 4677 3798 4716 ac

2197 4750 2483 4804 delectatio
2551 4751 2781 4820 saporis.
2849 4751 3092 4820 Expletis
3149 4759 3328 4806 autem
3392 4749 3586 4806 diebus
3641 4749 3800 4804 istius

2195 4837 2554 4905 abstinentiae,
2587 4839 2706 4908 ipse
2736 4839 3021 4910 presbyter
3048 4855 3149 4910 pro
3181 4856 3288 4910 quo
3319 4840 3436 4894 haec
3467 4839 3798 4910 agebantur,

2195 4941 2295 4995 per
2323 4925 2500 4980 visum
2531 4927 2780 4997 apparuit
2811 4927 3024 4984 cuidam
3055 4927 3288 4992 feminae,
3313 4943 3436 4998 qua:
3465 4927 3648 4980 multis
3677 4927 3800 4980 die-

2195 5013 2295 5069 bus
2324 5015 2616 5085 paralytica
2639 5015 2870 5084 jacebat,
2919 5015 3138 5070 nomine
3189 5015 3474 5078 Helahvih,
3509 5015 3596 5070 cui
3629 5015 3800 5085 longa

2193 5103 2412 5174 quidem
2445 5101 2731 5158 inﬁrmitas
2761 5103 3008 5158 membra
3042 5103 3326 5174 gravavit;
3370 5103 3468 5157 sed
3499 5111 3704 5168 tamen,
3741 5111 3802 5156 ut

2190 5191 2260 5244 de
2289 5191 2524 5261 quodam
2557 5192 2746 5246 beatus
2777 5191 3081 5264 Gregorius
3103 5199 3128 5226 ³
3155 5191 3304 5256 dicit,
3353 5191 3470 5261 ipsa
3509 5189 3800 5245 inﬁrmitas

2191 5279 2382 5333 eadem
2415 5279 2660 5334 membra
2690 5295 2723 5334 a
2753 5279 2898 5334 bono
2927 5295 3094 5350 opere
3131 5295 3239 5335 non
3287 5278 3493 5350 ligavit.
3541 5279 3800 5347 Quotidie

2191 5375 2332 5430 enim
2387 5393 2445 5432 se
2495 5378 2560 5432 ad
2617 5377 2906 5434 ecclesiam
2959 5377 3238 5449 deportari
3287 5377 3510 5443 faciens,
3565 5376 3802 5432 verbum

553 5543 578 5570 ⁸
600 5543 800 5598 Scilicet
823 5547 884 5599 de
903 5549 1125 5613 Servulo,
1148 5550 1198 5600 in
1222 5549 1422 5602 homilia
1449 5551 1514 5604 15
1537 5551 1584 5602 in
1609 5552 1902 5618 Evangelia,
1927 5557 1978 5604 et
1998 5551 2088 5604 lib.
2109 5566 2158 5604 iv
2181 5551 2307 5606 Dial.
2333 5565 2442 5617 cap.
2471 5553 2552 5605 14.
