4060 6184
239 292 358 353 ~99“!

1709 290 1892 352 VITA.

3452 303 3561 356 998

245 425 382 479 vitae
414 424 614 478 ibidem
647 422 1020 479 delectabatur
1049 422 1257 485 audire,
1287 422 1612 495 hymnisque
1641 429 1693 477 et
1737 421 1860 476 lau-
1892 419 1946 480 A
1966 439 2077 477 suae
2104 422 2318 479 defectu
2350 424 2457 479 voti
2487 424 2571 479 sui
2600 425 2765 480 verba
2797 425 3191 480 commendans
3249 425 3565 496 episcopus,

251 513 439 576 dibus,
476 520 636 583 prout
663 512 855 584 potuit,
890 512 978 567 die
1025 521 1296 584 noctuque
1342 528 1555 567 vacare.
1615 511 1770 580 Huic,
1803 519 1861 565 ut

251 601 464 656 dictum
491 609 591 665 est,
623 617 723 672 per
770 602 948 656 visum
993 617 1263 672 apparens
1310 602 1599 672 presbyter
1656 615 1861 655 memo-

251 699 429 757 ratus,
460 689 663 745 famulo
706 690 805 745 Dei
853 691 1146 746 Remberto
1196 690 1396 761 gratias
1446 689 1629 745 referri
1677 688 1865 760 petivit

254 778 332 834 de
363 778 698 849 parcimonia
730 794 829 848 pro
858 778 976 847 ejus
1007 779 1304 834 salvatione
1334 786 1539 844 exacta,
1592 794 1754 849 quam
1812 783 1865 831 et

252 867 317 921 in
361 876 569 921 tantum
613 867 715 921 sibi
765 866 1065 937 profecisse
1113 867 1405 931 mandavit,
1449 875 1504 920 ut
1536 866 1865 939 abnegatum

253 956 365 1010 sibi
397 957 544 1026 prius
571 956 639 1009 ad
669 967 1014 1026 conspectum
1049 957 1145 1010 Dei
1187 972 1469 1012 accessum
1500 964 1550 1010 et
1582 956 1718 1010 aulae
1749 970 1866 1010 om-

244 1044 411 1100 lestis
442 1045 718 1099 introitum
751 1061 851 1114 per
869 1046 1005 1100 hanc
1037 1045 1401 1100 condonatum
1422 1051 1709 1100 constaret.
1747 1045 1867 1114 lpse

254 1150 396 1188 vero
442 1134 765 1189 Rembertus
813 1133 954 1189 inter
1011 1150 1127 1200 eos,
1188 1134 1378 1205 inquit,
1414 1133 1739 1198 ascribetur,
1801 1132 1868 1186 de

263 1221 470 1294 quibus
502 1221 699 1277 dicitur
740 1240 752 1275 :
788 1223 1101 1293 Fulgebunt
1121 1223 1289 1294 justi,
1324 1227 1381 1277 et
1412 1225 1685 1294 tanquam
1716 1222 1868 1277 scin-

268 1312 416 1366 tilla:
450 1313 511 1365 in
544 1310 890 1366 arundineto
940 1311 1264 1367 discurrant
1312 1312 1460 1382 (Sap.
1490 1325 1568 1375 tu,
1603 1311 1658 1378 '1)
1700 1317 1752 1363 et
1803 1309 1871 1363 de

269 1399 473 1470 quibus
504 1399 789 1453 Psalmista
819 1398 890 1452 ait
924 1415 936 1453 :
974 1400 1137 1454 Ibunt
1165 1399 1231 1454 de
1262 1400 1471 1454 virtute
1510 1401 1569 1454 in
1602 1400 1872 1453 virtutem

267 1488 445 1555 (Psal.
484 1503 717 1551 LXXXIII,
753 1490 827 1555 8).
862 1487 1170 1542 Istiusmodi
1203 1487 1505 1541 visionibus
1526 1486 1609 1541 vir
1641 1486 1740 1540 Dei
1770 1485 1873 1539 nisi

266 1592 513 1647 unquam
548 1576 729 1630 anima
775 1576 957 1630 extolli
990 1575 1198 1630 solebat
1232 1592 1244 1630 :
1279 1576 1374 1630 sed
1433 1591 1533 1645 per
1560 1574 1876 1628 humilitatis

265 1665 597 1718 tutissimam
629 1680 848 1735 semper
878 1665 1019 1719 viam
1061 1664 1341 1729 incedens,
1366 1664 1438 1718 ita
1471 1663 1875 1735 quodammodo

1958 527 2058 582 per
2087 528 2209 567 eum
2242 529 2301 568 se
2322 529 2677 584 compensare
2690 513 2943 578 credidit,
2970 514 3232 586 quidquid
3250 513 3366 584 ipse
3383 513 3565 567 minus

1960 601 2261 656 orationum
2283 602 2398 671 jam
2419 601 2656 657 moriens
2700 618 2971 676 peragere
3020 611 3206 673 posset
3239 620 3252 657 :
3314 601 3569 674 quoniam

1963 697 2014 743 et
2044 699 2267 762 propter
2295 691 2417 746 vita:
2444 692 2559 760 ejus
2589 692 2842 747 meritum
2874 707 2975 763 pro
3005 708 3064 747 se
3119 691 3270 745 illum
3324 689 3574 746 exaudiri

1965 793 2071 832 non
2102 780 2360 835 dubitavit
2393 799 2407 846 -,
2436 788 2490 834 et
2519 780 2663 853 quod
2698 780 2787 834 ille
2827 778 2970 847 fecit,
3030 796 3137 834 non
3193 778 3453 834 discrevit
3500 778 3569 833 ab

1967 882 2031 921 eo
2063 867 2208 938 quod
2236 884 2269 922 a
2299 885 2358 923 se
2388 869 2508 939 ipso
2538 868 2739 925 factum
2769 868 2964 923 fuisset
2993 887 3006 923 :
3042 868 3163 940 quia
3194 884 3290 924 cor
3319 882 3487 922 unum
3518 873 3573 921 et

1967 956 2147 1010 anima
2176 972 2301 1024 una,
2336 974 2475 1012 unus
2497 957 2717 1030 spiritus
2746 965 2799 1014 et
2829 975 2933 1013 una
2961 957 3096 1014 fides
3117 965 3234 1013 erat
3264 972 3485 1028 semper
3515 955 3572 1009 in

1973 1060 2071 1099 618.

2599 1192 2822 1249 CAPUT
2860 1193 2932 1248 X.

2045 1315 2292 1387 Denique
2324 1332 2444 1371 cum
2478 1314 2786 1371 infirmitate
2835 1317 2973 1387 ipsa,
3031 1332 3138 1387 qua
3192 1316 3262 1372 de
3317 1316 3417 1371 hac
3466 1314 3577 1371 vita

1972 1403 2247 1475 migravit,
2295 1403 2581 1459 consilium
2628 1412 2971 1475 quaereretur
3007 1404 3076 1458 ab
3123 1405 3317 1459 eodem
3371 1404 3574 1459 domno

1974 1492 2240 1562 Ansgario
2269 1492 2337 1546 de
2378 1508 2697 1548 successore
2754 1493 2869 1561 ejus
2923 1492 3196 1564 eligendo,
3249 1500 3303 1547 et
3360 1492 3580 1563 quidam

1973 1580 2135 1634 etiam
2167 1580 2236 1635 de
2280 1580 2573 1635 Remberto
2611 1581 2742 1651 quid
2770 1580 2821 1635 ei
2854 1580 3151 1650 videretur,
3206 1579 3580 1651 inquirerent;

1975 1669 2325 1738 respondisse
2364 1668 2556 1734 fertur,
2590 1669 2734 1740 quod
2767 1670 2871 1725 hoc
2917 1670 2999 1723 sui
3054 1684 3165 1724 non
3220 1667 3383 1723 fuerit
3419 1667 3584 1722 mini-

272 1753 519 1824 quotidie
548 1753 806 1807 virtutum
831 1754 1037 1826 gradus
1067 1752 1331 1819 ascendit,
1364 1760 1421 1806 ut
1478 1768 1622 1822 saepe
1676 1751 1873 1807 dictum
1895 1777 1948 1837 Β
1979 1757 2129 1812 sterii
2185 1758 2505 1823 decernere,
2556 1758 2678 1829 quia
2735 1757 2963 1812 forsitan
2994 1757 3108 1827 ipse
3152 1757 3209 1810 in
3267 1757 3586 1827 episcopatu

272 1858 499 1912 semper
527 1843 803 1897 attendere
835 1842 1115 1897 videretur
1153 1842 1369 1896 beatum
1403 1840 1755 1913 Gregorium,
1787 1840 1875 1894 di-

270 1938 530 1985 sentem:
572 1952 593 1981 ι
630 1930 1020 2002 Unusquisque
1052 1939 1312 1998 vestrum,
1366 1930 1588 1995 fratres,
1648 1944 1880 2001 magnus

270 2035 400 2074 esse
429 2019 662 2085 studeat,
694 2019 791 2074 sed
825 2028 1004 2074 tamen
1035 2035 1295 2091 magnum
1349 2035 1409 2073 se
1462 2035 1584 2074 esse
1614 2018 1880 2089 quodam-

270 2107 443 2162 modo
472 2108 678 2163 nesciat
710 2126 724 2161 :
756 2124 825 2162 ne
853 2108 984 2162 dum
1015 2108 1119 2162 sibi
1148 2107 1576 2179 magnitudinem
1607 2122 1880 2178 arrogan-

271 2202 360 2251 ter
388 2196 650 2265 attribuit,
682 2197 919 2252 amittat.
959 2218 981 2245 ι

883 2337 1106 2394 CAPUT
1140 2337 1242 2415 IX.

347 2461 609 2532 Quandiu
641 2477 778 2535 ergo
806 2461 906 2517 fuit
936 2462 989 2516 in
1018 2477 1251 2532 corpore
1282 2461 1364 2517 vir
1400 2461 1617 2517 Domini
1663 2463 1884 2534 Ansgao

274 2552 415 2618 rius,
449 2552 554 2607 iste
582 2567 777 2607 servus
809 2552 908 2605 Dei
938 2551 1260 2606 Rembertus
1316 2566 1431 2621 prae
1467 2550 1676 2606 cunctis
1732 2550 1886 2604 fami—

274 2640 467 2695 liarius
490 2639 565 2695 illi
594 2640 651 2695 in
678 2638 931 2695 omnibus
959 2640 1154 2694 adesse
1182 2639 1413 2703 solebat,
1444 2639 1513 2694 de
1550 2655 1656 2711 quo
1676 2638 1887 2709 aliquo-

276 2729 387 2784 ties
416 2728 576 2783 nobis
605 2728 661 2782 in
690 2728 796 2783 hoc
824 2727 1087 2798 opusculo
1132 2727 1333 2782 mentio
1364 2727 1574 2791 incidit,
1633 2735 1686 2781 et
1731 2726 1889 2782 libel-

275 2816 370 2872 lus
398 2824 678 2888 gestorum
725 2815 937 2886 praefati
977 2814 1249 2887 pontificis
1304 2816 1374 2870 ab
1429 2815 1549 2887 ipso
1596 2815 1888 2871 Remberto

276 2904 504 2977 alioque
532 2904 905 2974 condiscipulo
962 2905 1080 2973 ejus
1134 2904 1308 2960 editus
1361 2912 1606 2959 testatur.
1666 2905 1727 2959 In
1783 2919 1890 2975 quo

275 2993 542 3049 videlicet
572 2993 712 3047 libro
744 2993 1057 3064 ubicunque
1115 2993 1557 3049 commemoratio
1599 2992 1659 3047 fit
1710 2993 1891 3061 cujus-

278 3082 413 3137 dam
462 3080 710 3136 ﬁdissimi
747 3081 999 3151 discipuli
1058 3081 1195 3150 ejus,
1259 3081 1406 3152 quod
1460 3080 1771 3153 frequenter
1816 3080 1889 3134 ibi

281 3127 413 3137 “’”““⁹’
462 3127 710 3136 ’”“’“’“’“”“-’
749 3127 999 3151 Ὴ*νί’““⁸’
1061 3127 1195 3150 ’δ’νν
1261 3127 1406 3152 Ὶ“’“’“
1460 3127 1760 3153 ""‘1""“"
1816 3127 1889 3134 "'-

277 3169 460 3226 lector
485 3168 742 3234 inveniet,
776 3169 955 3240 ipsum
988 3169 1126 3226 sciat
1155 3168 1321 3224 fuisse
1377 3169 1749 3225 Rembertum.
1781 3168 1890 3225 Sed
1911 3127 1962 3192 Ο

281 3258 436 3331 quia,
504 3267 563 3313 ut
613 3258 865 3326 diximus,
917 3258 1036 3329 ipse
1092 3273 1216 3314 cum
1272 3257 1381 3314 alio
1428 3258 1663 3329 quodam
1718 3258 1895 3314 editor

282 3346 610 3404 earumdem
664 3346 868 3402 exstitit
946 3353 1245 3419 gestorum,
1330 3346 1534 3402 idcirco
1608 3347 1893 3402 veritatem

280 3436 390 3503 rei,
425 3451 723 3506 suppresso
750 3435 968 3490 nomine
996 3450 1113 3503 suo,
1145 3434 1455 3505 exprimere
1499 3434 1688 3504 voluit,
1716 3450 1787 3490 ne
1823 3435 1895 3490 de

282 3540 351 3580 se
380 3523 781 3580 familiariorem
811 3524 1045 3596 gratiam
1070 3525 1337 3593 jactanter
1378 3523 1625 3595 proferre
1680 3524 1897 3579 videre-

282 3620 397 3668 tur.
431 3613 523 3668 Sic
541 3612 684 3668 enim
706 3620 759 3667 et
787 3613 978 3668 beatus
1008 3612 1346 3684 evangelista
1373 3612 1610 3667 Joannes
1639 3611 1693 3665 in
1721 3613 1897 3667 Evan-

284 3702 437 3774 gelio
495 3716 593 3758 suo
643 3701 790 3771 fecit,
839 3702 933 3757 ubi
978 3717 1133 3757 suam
1177 3717 1396 3772 semper
1439 3716 1733 3771 personam
1769 3715 1894 3755 ma-

283 3789 387 3844 luit
413 3789 631 3846 indiciis
657 3803 839 3846 rerum
868 3789 1247 3856 accidentium,
1309 3804 1474 3860 quam
1523 3788 1748 3859 proprio
1799 3789 1895 3843 de-

284 3877 511 3948 signare
539 3878 823 3934 vocabulo.
858 3877 1139 3947 Quatenus
1167 3885 1349 3933 autem
1373 3878 1429 3933 in
1458 3879 1565 3934 hoc
1593 3876 1896 3933 devotionis

284 3966 417 4023 loco
455 3982 580 4022 cum
609 3966 866 4037 episcopo
897 3966 1240 4022 familiariter
1272 3975 1492 4023 sanctus
1518 3966 1603 4021 vir
1630 3966 1897 4022 Rember-

282 4063 376 4110 tus
405 4055 792 4126 perseverarit,
824 4070 891 4110 ex
919 4055 1104 4111 verbis
1131 4055 1342 4127 prmfati
1377 4055 1543 4111 libelli
1602 4055 1896 4127 cognosci-

295 4151 407 4210 tur,
441 4143 639 4215 quibus
667 4145 736 4199 de
767 4144 1001 4199 transitu
1032 4143 1220 4199 domni
1249 4144 1493 4216 episcopi
1547 4144 1623 4200 ita
1651 4160 1899 4200 comme-

1980 1846 2271 1901 multorum
2296 1846 2507 1901 animos
2532 1844 2770 1905 oﬂ'ensos
2809 1846 3050 1911 haberet,
3103 1845 3247 1917 quod
3294 1846 3588 1900 emendare

1981 1934 2156 2005 magis
2185 1935 2482 1999 debuisset,
2519 1950 2684 2005 quam
2712 1950 2814 2005 per
2837 1935 2942 1989 hoc
2985 1942 3188 1988 motum
3232 1934 3411 2004 ipsum
3460 1933 3586 1988 ani-

1980 2038 2193 2078 morum
2213 2038 2436 2095 augere,
2454 2023 2599 2093 quod
2618 2022 2735 2093 ipse
2759 2022 2921 2077 talem
2938 2022 3008 2077 ad
3032 2021 3438 2078 successionem
3459 2037 3587 2091 per-

1984 2128 2173 2167 sonam
2220 2112 2616 2180 denominaret,
2677 2128 2798 2183 quae
2846 2110 3091 2166 fortassis
3144 2109 3587 2166 incommoditate

1985 2216 2084 2255 sua
2114 2208 2370 2272 gravaret
2385 2200 2680 2268 subjectos,
2714 2208 2766 2254 et
2793 2214 2991 2255 amara;
3019 2197 3211 2254 ﬁerent
3240 2206 3457 2269 propter
3483 2198 3588 2253 hoc

1984 2297 2170 2345 contra
2208 2288 2387 2359 ipsum
2415 2288 2789 2360 querimoniae.
2825 2310 2846 2339 ι
2884 2289 2963 2343 De
3011 2288 3218 2343 meritis
3265 2296 3465 2351 tamen,
3497 2286 3586 2341 in-

1986 2377 2118 2449 quit,
2142 2377 2422 2433 Remberti
2449 2378 2670 2443 sciatur,
2702 2377 2831 2449 quia
2881 2376 3099 2450 dignior
3156 2376 3274 2447 ipse
3322 2375 3590 2446 archiepi-

1986 2467 2209 2536 scopali,
2241 2482 2404 2537 quam
2432 2481 2538 2538 ego
2568 2464 3205 2521 subdiaconatusofticio.
3239 2487 3261 2515 »
3286 2464 3415 2521 Haec
3430 2464 3499 2519 de
3528 2480 3589 2519 se

1988 2570 2206 2627 magnae
2235 2554 2551 2609 humilitatis
2582 2554 2879 2609 intentione
2911 2561 3129 2609 sanctus
3157 2561 3479 2624 prosecutus
3507 2559 3591 2608 est

1989 2642 2299 2713 episcOpus,
2334 2652 2589 2714 tanquam
2612 2658 2776 2697 verus
2804 2643 3130 2697 observator
3156 2642 3291 2711 ejus,
3326 2656 3492 2713 quam
3538 2648 3593 2695 et
3644 2712 3649 2719 .

1988 2733 2107 2803 ipse
2136 2731 2265 2786 olim
2286 2732 2342 2784 in
2370 2730 2706 2801 profectione
2737 2731 2922 2785 habuit
2964 2731 3355 2787 monachorum
3385 2728 3591 2803 regulae

1990 2821 2136 2892 (cap.
2169 2820 2246 2890 '7),
2280 2819 2512 2875 dicentis
2561 2837 2575 2874 :
2626 2818 2649 2869 ἁ
2705 2819 2998 2890 Septimus,
3047 2819 3241 2890 inquit,
3273 2816 3592 2874 humilitatis

1991 2908 2195 2980 gradus
2226 2915 2327 2976 est,
2363 2908 2409 2963 si
2437 2923 2549 2963 non
2576 2908 2755 2963 solum
2783 2907 3038 2962 omnibus
3066 2923 3127 2963 se
3154 2905 3466 2963 inferiorem
3497 2921 3594 2960 sua

1991 2996 2177 3068 lingua
2206 2996 2516 3067 pronuntiet
2558 2997 2882 3061 monachus,
2941 3012 3133 3051 verum
3185 2994 3348 3050 etiam
3401 2994 3593 3050 intimo

1994 3086 2176 3142 cordis
2202 3086 2391 3141 credat
2432 3084 2651 3151 affectu,
2710 3084 3028 3141 humilitans
3056 3100 3118 3140 se
3144 3092 3200 3139 et
3228 3084 3419 3140 dicens
3469 3099 3595 3140 cum

1994 3174 2264 3244 Propheta
2298 3192 2312 3227 :
2346 3176 2451 3245 Ego
2493 3177 2686 3229 autem
2738 3188 2869 3228 sum
2924 3174 3129 3228 vermis
3176 3176 3236 3228 et
3279 3188 3396 3228 non
3434 3172 3595 3229 homo

1993 3263 2167 3334 (Psal.
2204 3277 2320 3327 xxx,
2352 3264 2428 3330 7).
2462 3261 2651 3317 Solent
2677 3261 2821 3316 enim
2871 3261 3045 3315 sancti
3098 3259 3201 3316 viri
3259 3276 3382 3315 cum
3438 3257 3598 3315 fortia

1992 3358 2183 3422 agunt,
2206 3350 2276 3404 de
2325 3350 2632 3420 semetipsis
2685 3348 2812 3404 vilia
2868 3348 3085 3411 sentire,
3130 3348 3280 3416 juxta
3326 3347 3472 3419 quod
3528 3346 3598 3402 de

1995 3439 2288 3509 semetipso
2317 3438 2493 3493 David
2524 3454 2709 3494 coram
2739 3452 2867 3493 arca
2894 3436 3114 3491 Domini
3157 3436 3403 3491 saltando
3444 3433 3600 3506 regni

1994 3527 2078 3581 sui
2097 3526 2394 3598 potentiam
2419 3525 2729 3597 despiciens
2748 3525 2880 3580 dixit
2911 3543 2924 3580 :
2956 3525 3174 3581 Ludam
3203 3528 3261 3581 et
3275 3524 3440 3580 vilior
3462 3524 3599 3593 ﬁam

1994 3617 2124 3689 plus
2143 3632 2312 3688 quam
2322 3618 2514 3686 factus
2539 3632 2688 3680 sum,
2712 3618 2769 3671 et
2798 3630 2891 3671 ero
2912 3614 3147 3670 humilis
3175 3615 3236 3669 in
3259 3614 3438 3669 oculis
3458 3612 3600 3668 meis

1995 3704 2074 3775 (II
2099 3706 2229 3776 Reg.
2284 3719 2362 3769 v1,
2394 3705 2524 3773 £2);
2585 3704 2656 3759 de
2711 3714 2821 3773 quo
2877 3710 2931 3758 et
2978 3701 3273 3773 Apostolus
3321 3701 3597 3768 admonet,

1995 3792 2185 3848 dicens
2217 3809 2231 3846 :
2264 3793 2499 3864 Implete
2526 3792 2797 3864 gaudium
2826 3807 3038 3855 meum,
3071 3794 3139 3846 ut
3164 3790 3314 3846 idem
3337 3790 3598 3862 sapiatis,

1994 3881 2249 3937 eamdem
2298 3882 2644 3936 charitatem
2674 3881 2961 3946 habentes,
3019 3881 3323 3935 unanimes
3359 3878 3612 3951 idipsum

1993 3969 2486 4038 sentientes,nihil
2500 3985 2605 4042 per
2613 3970 3039 4026 contentionem
3053 3984 3237 4042 neque
3248 3984 3349 4040 per
3360 3970 3603 4024 inanem

1996 4059 2255 4129 gloriam,
2287 4058 2382 4114 sed
2408 4060 2471 4113 in
2502 4059 2832 4114 humilitate
2861 4058 3175 4130 superiores
3204 4058 3312 4114 sibi
3362 4056 3607 4113 invicem

1997 4144 2344 4198 arbitrantes
2376 4143 2607 4215 (Philip.
2632 4158 2692 4208 ιι,
2722 4144 2801 4213 2).
2836 4140 3078 4210 Quorum
3132 4142 3306 4212 prius,
3363 4142 3469 4199 hoc
3524 4147 3609 4196 est

288 4239 545 4288 moratur
584 4250 600 4286 :
637 4253 659 4281 ι
697 4233 984 4302 Percepta,
1017 4231 1207 4304 inquit,
1256 4232 1526 4289 Dominici
1572 4231 1817 4303 corporis
1845 4238 1900 4286 et
1998 4231 2286 4302 Propheta
2310 4231 2701 4297 testimonium,
2735 4231 2927 4285 beatus
2955 4230 3042 4286 vir
3095 4229 3393 4301 Ansgarius
3446 4229 3524 4285 ita
3551 4229 3608 4284 in

288 4319 577 4393 sanguinis
608 4320 1012 4385 communione,
1047 4329 1265 4376 sanctus
1312 4320 1551 4391 pontifex
1608 4320 1903 4389 Dominum.
2000 4334 2060 4372 se
2090 4318 2367 4373 custodire
2396 4318 2625 4388 solebat,
2656 4325 2716 4372 ut
2746 4318 2815 4373 de
2843 4316 3138 4387 semetipso
3192 4317 3335 4371 intus
3387 4316 3610 4372 humilia

288 4407 706 4480 deprecabatur,
766 4416 825 4463 ut
873 4408 1183 4480 quicunque
1230 4409 1285 4463 in
1340 4424 1463 4463 eum
1513 4405 1899 4480 quoquomodo
1999 4406 2260 4472 sentiens,
2293 4408 2557 4479 honorem
2608 4405 2843 4461 exterius
2896 4420 3007 4461 non
3062 4404 3388 4476 requireret,
3450 4405 3609 4477 quasi

285 4504 600 4570 peccasset,
641 4497 825 4553 divina
853 4498 958 4554 hoc
988 4498 1039 4553 ei
1068 4498 1243 4569 pietas
1294 4497 1619 4553 remitteret.
1684 4494 1896 4551 Deinde
1924 4482 1978 4543 D

286 4586 594 4642 versiculos
621 4585 757 4641 istos
785 4587 951 4657 coepit
979 4586 1318 4658 frequentius
1347 4594 1599 4657 repetere
1636 4604 1649 4639 :
1686 4588 1903 4642 Secun-

287 4676 430 4731 dum
461 4676 913 4731 misericordiam
938 4680 1099 4731 tuam
1124 4680 1408 4732 memento
1424 4678 1555 4742 mei,
1592 4680 1658 4731 tu
1673 4679 1906 4748 prapter

289 4764 608 4821 bonitatem
639 4766 1060 4831 tuam,Domine
1081 4766 1256 4829 (Psal.
1288 4779 1451 4831 xxxv,
1485 4765 1572 4837 7);
1605 4772 1658 4820 et
1690 4782 1703 4818 :
1735 4766 1902 4829 Deus,

279 4855 577 4927 propitius
605 4857 723 4910 esto
750 4854 895 4909 mihi
907 4856 1193 4927 peccatori
1208 4855 1363 4925 (Luc.
1385 4868 1550 4921 xvm,
1571 4855 1660 4925 t3)
1682 4873 1697 4920 ;
1722 4861 1808 4909 et:
1840 4854 1907 4909 In

285 4958 502 4998 manus
528 4945 674 5013 tuas,
706 4943 956 5009 Domine,
1013 4943 1338 5000 commendo
1386 4944 1659 5016 spiritum
1714 4958 1907 4998 meum

286 5031 472 5101 (Psal.
506 5044 649 5098 xxx,
685 5031 1205 5104 Luc.23).Cumque
1238 5032 1354 5087 hzec
1375 5032 1577 5103 saepius
1607 5038 1901 5103 repeteret,

289 5128 346 5175 et
375 5118 655 5191 frequenti
683 5120 925 5176 anhelitu
946 5121 1058 5190 jam
1086 5136 1153 5176 ea
1180 5120 1529 5193 frequentare
1558 5136 1669 5176 non
1694 5128 1903 5192 posset,

289 5208 513 5265 cuidam
544 5207 692 5264 fratri
722 5210 999 5280 praecepit,
1032 5217 1091 5265 ut
1117 5210 1235 5266 hec
1289 5210 1409 5266 vice
1454 5210 1599 5265 illius
1653 5209 1908 5281 frequen-

289 5296 461 5353 tando
482 5306 706 5353 caneret
738 5315 753 5352 :
786 5298 975 5370 sicque
1003 5298 1175 5355 oculis
1222 5299 1279 5353 in
1310 5299 1510 5355 omium
1537 5298 1758 5354 intentis
1789 5300 1906 5354 Do-

288 5385 430 5441 mini
488 5386 675 5456 gratiae
729 5387 1165 5443 commendatum
1219 5388 1468 5460 spiritum
1525 5387 1816 5444 exhalavit.
1879 5408 1903 5438 ι

290 5474 398 5531 Hic
427 5490 566 5547 ergo
597 5492 760 5546 quem
788 5476 908 5534 vice
937 5492 1036 5532 sua
1076 5476 1248 5532 verba
1275 5468 1535 5533 orationis
1572 5493 1675 5549 pro
1704 5494 1766 5533 se
1795 5477 1908 5533 fre-

284 5572 562 5636 quentare
587 5566 867 5638 praecepit,
900 5566 1227 5623 Rembertus
1260 5567 1359 5623 fuit
1393 5585 1406 5621 :
1452 5566 1540 5624 cui
1569 5567 1625 5622 in
1670 5567 1906 5639 loquelae

1999 4494 2188 4551 dicens
2221 4514 2234 4550 :
2266 4495 2469 4551 Ludam
2501 4504 2554 4550 et
2580 4495 2740 4550 vilior
2768 4493 2929 4561 ﬁam;
2962 4508 3064 4550 nec
3094 4509 3313 4548 rursum
3361 4510 3460 4565 per
3502 4494 3610 4550 hoc

2007 4585 2154 4656 quod
2182 4583 2343 4640 vilem
2372 4601 2434 4640 se
2461 4584 2700 4640 exterius
2747 4582 2998 4657 praebuit,
3055 4582 3283 4638 interius
3339 4583 3609 4639 intumes-

2007 4681 2176 4741 ceret,
2235 4673 2515 4745 implendo
2567 4674 2747 4746 potius
2802 4673 2949 4746 quod
3004 4672 3252 4745 sequitur
3310 4690 3324 4727 :
3386 4672 3485 4727 Et‘
3511 4686 3610 4729 ero

2007 4762 2225 4819 humilis
2255 4764 2312 4818 in
2337 4763 2513 4823 oculis
2539 4763 2696 4829 meis,
2730 4762 2786 4818 id
2816 4770 2900 4818 est
2956 4761 3174 4834 qualem
3229 4777 3318 4817 me
3374 4760 3611 4817 exterius

2008 4851 2320 4924 despiciens
2349 4852 2602 4922 exhibeo,
2636 4852 2797 4908 talem
2824 4866 2914 4907 me
2942 4850 3169 4907 interius
3198 4850 3441 4908 attendo.
3490 4849 3613 4920 Qua

2009 4941 2299 5013 despectus
2330 4941 2415 4996 sui
2468 4941 2768 4997 intentione
2822 4940 3067 5011 implevit
3121 4940 3283 4996 etiam
3342 4940 3489 5012 quod
3541 4938 3613 4995 de

2009 5031 2271 5102 Apostolo
2299 5030 2683 5102 proposuimus
2706 5048 2721 5095 ;
2744 5037 2804 5085 ut
2830 5029 2979 5085 omni
3020 5029 3369 5086 contentione
3384 5035 3437 5085 et
3464 5026 3615 5083 inani

2009 5120 2187 5193 gloria
2215 5134 2431 5186 carens,
2464 5135 2568 5190 per
2592 5119 2948 5175 humilitatem
2978 5118 3082 5175 sibi
3118 5118 3257 5175 alios
3301 5116 3616 5190 superiores

2008 5208 2367 5264 arbitraretur
2400 5226 2415 5263 :
2446 5209 2592 5265 unde
2620 5217 2674 5265 et
2702 5209 2954 5281 superius
2986 5216 3070 5264 est
3125 5207 3407 5279 scriptum,
3469 5205 3618 5278 quod

2009 5295 2239 5368 potioris
2270 5312 2434 5369 quam
2462 5296 2581 5368 ipse
2612 5305 2758 5352 esset
2777 5296 2970 5365 meriti,
2997 5296 3158 5352 beato
3184 5295 3302 5351 viro
3320 5288 3616 5352 Remberto

2009 5393 2292 5457 tantopere
2341 5384 2489 5441 dedit
2536 5386 2927 5442 testimonium.
2980 5384 3091 5441 Sed
3138 5399 3453 5459 quanquam
3500 5384 3620 5456 ipse

2009 5474 2328 5531 humilitatis
2372 5490 2541 5532 causa
2597 5475 2667 5531 de
2721 5490 2845 5532 sese
2904 5473 3032 5530 talia
3087 5473 3303 5544 dixerit,
3372 5481 3620 5531 nostrum

2008 5572 2193 5621 tamen
2217 5580 2327 5621 non
2357 5573 2440 5621 est
2491 5563 2788 5638 quemlibet
2835 5578 3026 5622 eorum
3056 5562 3216 5622 alteri
3271 5578 3613 5639 preponere,
