4112 6192
530 257 633 311 999

1552 257 1608 312 S.
1641 255 1996 312 REMBERTI
2021 255 2380 314 HAMBURG.
2407 253 2622 314 EPISC.

3697 267 3824 320 1000

527 383 624 438 sed
652 383 887 454 aequales
937 382 1100 438 fuisse
1146 381 1356 438 meritis
1393 382 1636 450 credere,
1670 398 1808 452 quos
1855 389 1908 436 et
1956 382 2116 436 unius
2147 383 2202 442 A
2223 382 2496 454 gloriosus
2525 401 2616 438 rex
2647 384 2844 438 direxit
2871 384 2940 438 ad
2979 384 3332 440 Liudbertum
3363 387 3818 458 Mongontiensem

528 471 656 528 ﬁdei
685 472 919 538 devotio,
954 480 1006 526 et
1035 471 1279 540 ejusdem
1311 469 1475 525 officii
1506 471 1631 526 licet
1661 471 1896 526 diversis
1927 479 2132 541 tempo-

523 560 675 615 ribus
705 561 1099 616 administratio
1131 560 1474 616 commendet
1503 559 1803 630 aequaliter.
1853 579 1874 608 »

1125 738 1352 793 CAPUT
1391 737 1486 790 XI.

594 863 920 934 Quanquam
976 863 1158 934 igitur,
1211 863 1349 916 sicut
1387 877 1530 915 nunc
1589 860 1844 924 diximus,
1905 867 2125 914 sanctus

517 953 758 1024 pontifex
813 969 922 1006 non
971 952 1203 1006 libenter
1239 950 1379 1014 aliis,
1439 965 1538 1019 pro
1569 948 1775 1003 offensa
1818 963 2008 1002 eorum
2038 948 2123 1002 vi-

517 1042 697 1108 tanda,
732 1042 799 1094 de
831 1055 1148 1096 successuro
1178 1039 1280 1093 sibi
1339 1037 1542 1107 aliquid
1575 1037 1780 1090 referre
1813 1036 2072 1090 voluisset
2105 1054 2119 1098 ;

515 1148 585 1186 ne
617 1147 772 1184 suam
829 1137 1006 1183 tamen
1064 1144 1223 1198 paene
1262 1127 1316 1180 in
1383 1126 1634 1180 omnibus
1683 1125 1962 1180 conscium
2021 1125 2122 1180 hac

516 1219 694 1292 gratia
722 1219 777 1272 in
811 1219 916 1272 (ine
965 1217 1336 1279 det'randaret,
1396 1213 1575 1268 triduo
1633 1222 1758 1267 ante
1804 1213 1981 1267 obitus
2037 1211 2120 1266 sui

516 1309 661 1363 diem
717 1307 928 1377 aperuit
979 1313 1244 1360 secretum
1295 1319 1450 1356 suum
1497 1303 1615 1356 viro
1671 1302 1770 1356 Dei
1803 1301 2114 1367 Remberto,

514 1397 660 1469 quod
687 1403 808 1466 post
840 1411 898 1447 se
919 1394 1143 1447 deberet
1175 1392 1240 1446 ad
1273 1389 1612 1460 pontiﬁcatus
1654 1390 1864 1460 apicem
1895 1405 2118 1459 promo-

513 1485 650 1541 veri.
685 1486 821 1538 Tum
851 1483 940 1536 ille
969 1480 1128 1535 reniti
1159 1479 1322 1550 coepit
1374 1480 1440 1532 ad
1473 1487 1676 1532 tantum
1737 1478 2112 1544 ministerium,

513 1590 616 1628 nec
645 1573 848 1626 viribus
877 1586 980 1624 nec
999 1568 1208 1624 meritis
1225 1585 1284 1622 se
1313 1567 1568 1622 idoneum
1599 1583 1720 1621 esse
1747 1565 2111 1636 proclamans.

513 1661 611 1716 Cui
643 1668 859 1715 sanctus
887 1658 1174 1728 episcopus
1217 1656 1316 1711 Dei
1372 1655 1784 1726 dispositionem
1815 1671 1936 1708 esse
1965 1671 2114 1709 com-

512 1764 822 1804 memorans
854 1747 998 1817 quod
1027 1746 1130 1816 ipsi
1163 1745 1429 1815 praedixit,
1462 1751 1834 1814 competentes
1867 1742 2112 1797 admoni-

511 1838 689 1892 tiones
727 1836 984 1905 adjunxit,
1036 1834 1179 1905 quod
1219 1850 1373 1887 suam
1422 1833 1751 1888 voluntatem
1801 1833 1868 1884 ad
1916 1831 2113 1886 divinae

513 1923 882 1996 dispositionis
905 1923 1162 1992 judicium
1195 1922 1472 1976 inflectere
1524 1921 1765 1986 deberet,
1794 1921 1947 1987 juxta
1977 1919 2111 1972 illud

509 2014 656 2070 beati
683 2015 902 2068 Thomas
937 2012 1167 2067 Domino
1189 2011 1417 2066 dicentis
1441 2029 1458 2065 :
1485 2009 1745 2064 Dominus
1763 2024 1916 2062 meus
1949 2023 2010 2062 es
2029 2016 2108 2072 tu,

507 2111 562 2158 et
592 2119 697 2176 ego
717 2119 908 2158 servus
929 2109 1072 2169 tuus,
1095 2099 1186 2153 ﬁat
1215 2099 1467 2154 voluntas
1497 2106 1606 2151 tua.
1633 2098 1714 2151 Ad
1727 2097 1840 2152 haec
1869 2096 2110 2169 glorioso

509 2193 804 2247 Remberto
859 2190 1018 2244 reniti
1077 2189 1164 2243 vel
1209 2187 1472 2243 contraire
1529 2185 1833 2241 constantia
1888 2184 2138 2251 defecit,“

507 2282 726 2352 quando
758 2273 1075 2350 episcopum
1104 2276 1360 2332 divinitus
1391 2277 1509 2330 hac
1555 2274 1832 2344 accepisse
1881 2273 2104 2327 sciebat.

503 2370 618 2426 Nec
646 2369 754 2423 ulla
771 2366 1097 2440 ambiguitas
1127 2365 1223 2419 fuit
1251 2365 1398 2419 clero
1421 2363 1506 2419 vel
1523 2363 1724 2434 pOpulo
1753 2363 1894 2416 inter
1921 2362 2109 2432 plures

505 2458 576 2513 de
602 2457 867 2512 electione
902 2473 914 2510 :
950 2456 1048 2510 sed
1091 2455 1208 2524 ipso
1247 2469 1372 2507 mox
1419 2453 1506 2506 die
1537 2451 1893 2522 depositionis
1923 2449 2108 2504 domui

504 2546 762 2620 Ansgarii
793 2544 1146 2600 Rembertum
1175 2557 1366 2597 omnes
1406 2540 1750 2597 concOrditer
1799 2539 2102 2610 elegerunt.

503 2636 638 2690 Cum
679 2635 828 2704 cujus
857 2631 1166 2689 concordiae
1187 2629 1445 2702 pacto,ad
1474 2629 1776 2700 gloriosum
1807 2635 1934 2682 tunc
1965 2635 2106 2681 tem-

499 2724 651 2795 poris
681 2739 872 2794 regem
901 2720 1232 2776 Ludovicum
1261 2719 1600 2774 adduxerunt
1628 2733 1750 2772 eum
1785 2715 1886 2770 viri
1907 2731 2106 2770 venera

499 2812 658 2878 biles,
689 2809 1006 2866 Thiadricus
1035 2807 1330 2862 Mindensis
1374 2807 1636 2862 Ecclesiae
1683 2805 1992 2875 episcopus,
2053 2811 2108 2860 et

499 2899 828 2971 Adalgarius
859 2898 1031 2952 abbas
1059 2895 1372 2950 monasterii
1401 2909 1562 2949 nova;
1579 2893 1826 2948 Corbeiae
1861 2911 1872 2946 :
1909 2907 2102 2946 susce-

500 2994 732 3059 ptusque
761 2986 830 3040 ab
886 3000 950 3040 eo
996 2983 1312 3048 honorifice,
1375 2998 1499 3036 cum
1553 2979 1879 3050 pontificalis
1927 2979 2104 3034 baculi

2231 471 2724 542 archiepiscopum,
2759 489 2789 525 a
2811 473 3085 546 quojussu
3116 474 3230 542 ejus
3261 474 3334 528 ita
3356 482 3438 528 est
3459 485 3816 542 consecratus,

2231 567 2286 612 ut
2315 560 2542 629 provide
2573 569 2750 615 actum
2781 561 2868 630 sit,
2901 570 3164 632 quatenus
3193 562 3247 615 in
3277 562 3606 630 adjutorium
3637 580 3822 619 conse-

2229 647 2501 712 crationis,
2539 664 2647 703 non
2681 649 2839 704 unius
2869 651 3206 720 metropolis,
3261 651 3358 705 sed
3416 667 3649 722 quarum
3707 669 3823 708 con-

2227 736 2474 791 venirent
2503 736 2858 810 suﬂ'raganei,
2879 738 3213 793 Liudhardus
3235 739 3486 794 videlicet
3521 740 3816 794 Paderbur-

2227 824 2410 878 nensis
2442 825 2748 896 episcopus,
2808 827 3086 896 pertinens
3116 827 3186 881 ad
3215 827 3589 900 Maguntiam;
3623 837 3678 883 et
3699 846 3822 898 prte-

2227 911 2367 966 fatus
2384 913 2705 968 Thiadricus
2723 912 3098 987 suffraganeus
3131 915 3524 988 archiepiscOpi
3547 916 3816 972 Colonien-

2225 1001 2299 1052 sis
2334 1018 2346 1054 :
2381 1017 2515 1071 quos
2544 1001 2614 1056 ita
2645 1003 2944 1072 permistim
2975 1003 3167 1058 adesse
3219 1004 3419 1059 idcirco
3475 1005 3698 1075 placuit,
3765 1014 3816 1058 ut

2225 1096 2334 1142 tam
2363 1090 2524 1158 hujus
2554 1091 2978 1146 consecrationis
3010 1093 3166 1161 actio,
3230 1109 3393 1164 quam
3447 1093 3608 1148 etiam
3639 1094 3814 1148 domui

2223 1177 2479 1248 Ansgarii
2509 1179 2756 1248 primitus
2786 1180 2852 1232 ad
2882 1181 3066 1234 sedem
3095 1181 3268 1250 ipsam
3301 1181 3463 1234 simili
3491 1182 3656 1236 modo
3688 1182 3813 1236 facta

2222 1264 2504 1333 ordinatio,
2539 1267 2594 1320 in
2624 1267 2838 1338 signum
2869 1277 3051 1322 essent
3081 1268 3274 1322 futuris
3305 1270 3660 1340 temporibus,
3683 1270 3815 1341 quod

2219 1354 2286 1406 ad
2315 1354 2516 1408 nullam
2547 1355 2864 1410 nominatim
2913 1357 3406 1412 conditecesitatem
3457 1374 3814 1430 quorumcun-

2219 1457 2322 1512 que
2353 1443 2734 1513 episc0porum
2763 1445 3027 1514 pertineat
3079 1445 3147 1498 ad
3193 1447 3336 1500 hanc
3389 1445 3578 1501 sedem
3624 1463 3814 1501 conse-

2219 1545 2377 1585 crare
2407 1531 2741 1602 episcopum,
2785 1532 2880 1586 sed
2913 1541 3137 1598 tantum,
3170 1542 3228 1588 ut
3256 1534 3510 1599 diximus,
3571 1535 3817 1605 palatina!

2215 1619 2319 1673 hoc
2349 1620 2702 1674 commissum
2733 1621 2800 1674 sit
2828 1621 3148 1691 prudentiae,
3183 1623 3359 1678 donec
3388 1623 3814 1678 consecrantium

2145 1731 2196 1790 Β
2219 1723 2478 1762 numerus
2509 1724 2581 1764 ex
2603 1709 2856 1780 gentibus
2874 1710 3210 1780 suppleatur.

2817 1883 3040 1938 CAPUT
3076 1883 3199 1938 XII.

2285 2015 2482 2070 Habuit
2514 2023 2692 2070 autem
2715 2016 2804 2071 hic
2835 2016 3210 2072 sanctissimus
3240 2017 3322 2070 vir
3341 2017 3468 2072 olim
3499 2019 3604 2072 hoc
3635 2025 3810 2072 votum

2211 2103 2281 2158 de
2323 2120 2382 2159 se
2447 2103 2664 2170 factum,
2717 2112 2772 2158 ut
2802 2113 2925 2174 post
2964 2105 3262 2160 discessum
3316 2106 3502 2160 domni
3559 2105 3812 2176 Ansgarii

2211 2193 2588 2248 monachicum
2617 2209 2742 2248 mox
2773 2201 2826 2247 et
2853 2193 3190 2263 propositum
3219 2194 3487 2265 acciperet
3543 2203 3596 2249 et
3657 2193 3809 2248 habi-

2209 2288 2342 2334 tum.
2372 2281 2525 2336 Unde
2585 2297 2706 2336 cum
2753 2281 2980 2336 consilio
3002 2282 3435 2338 consecrantium
3483 2301 3538 2340 se
3587 2281 3808 2353 pontiﬁ-

2209 2386 2352 2434 cum,
2387 2385 2513 2424 mox
2543 2377 2664 2439 post
2695 2369 3089 2424 ordinationem
3123 2371 3192 2425 ad
3243 2371 3631 2426 monasterium
3661 2387 3812 2426 nove

2209 2458 2453 2512 Corbeiaa
2481 2473 2802 2528 properans,
2853 2465 3060 2513 vestem
3117 2459 3337 2530 quidem
3393 2459 3533 2513 illius
3582 2459 3810 2530 promis-

2209 2547 2377 2601 sionis
2429 2563 2494 2600 ex
2551 2546 2766 2616 integro
2823 2547 3079 2616 suscepit,
3141 2547 3572 2602 conversationis
3631 2555 3810 2602 autem

2207 2635 2352 2689 illius
2391 2634 2812 2705 promissionem
2850 2634 2919 2688 ita
2975 2633 3121 2701 fecit,
3175 2643 3230 2690 ut
3285 2637 3758 2691 conversationem
3788 2656 3810 2684 ε

2209 2739 2384 2790 suam,
2409 2731 2460 2778 et
2501 2721 2823 2777 stabiliatem
2879 2739 3095 2778 morum
3149 2739 3392 2788 suorum,
3439 2733 3491 2779 et
3543 2725 3810 2780 obedien-

2205 2811 2334 2865 tiam
2361 2811 2660 2866 secundum
2687 2810 2938 2884 regulam
2967 2811 3140 2867 sancti
3179 2811 3454 2867 Benedicti
3510 2813 3808 2878 exhiberet,

2204 2900 2260 2954 in
2291 2907 2546 2972 quantum
2569 2899 2724 2954 labor
2744 2908 2797 2954 et
2837 2899 3122 2970 occupatio
3177 2899 3415 2972 suscepti
3469 2899 3810 2971 pontiﬁcatus

2203 2989 2596 3058 permitterent.
2629 2988 2699 3042 Et
2725 2995 2782 3041 ut
2811 2987 2868 3041 in
2896 2987 3053 3056 hujus
3083 2987 3460 3058 promissionis
3489 2991 3686 3044 effectu
3717 3004 3810 3044 ve-

490 3077 644 3145 juxta
675 3089 880 3130 morem
911 3093 940 3126 τι
968 3070 1436 3128 commendatione
1485 3070 1832 3140 episcopatus
1867 3075 1948 3122 est
1980 3083 2095 3122 sor-
2127 3081 2176 3144 ί]
2207 3077 2388 3132 racius
2419 3083 2778 3143 assuesceret,
2843 3075 3082 3146 aliquem
3137 3076 3205 3132 de
3259 3075 3517 3130 fratribus
3564 3077 3810 3146 ejusdem

497 3165 626 3220 titus
679 3162 996 3219 dominium.
1057 3162 1119 3215 In
1174 3159 1375 3216 chartis
1439 3167 1620 3213 autem
1675 3156 2099 3228 apostolicorum

495 3254 756 3310 Romana:
803 3251 947 3307 sedis
1005 3249 1339 3322 pontiﬁcum,
1397 3264 1427 3302 a
1483 3247 1680 3319 quibus
1753 3245 2099 3316 privilegium
2163 3309 2170 3320 ι

497 3341 962 3414 archiepiscopale
992 3339 1230 3395 sancitur
1260 3337 1376 3394 sedi
1405 3352 1570 3408 quam
1601 3345 1728 3390 tunc
1757 3335 1876 3405 ipse
1907 3349 2098 3389 susce-

449 3493 456 3498 ,
493 3431 590 3502 pit,
624 3431 782 3487 etiam
813 3431 918 3486 hoc
975 3427 1282 3485 continetur
1309 3440 1338 3480 b
1372 3469 1385 3496 ,
1418 3433 1475 3480 ut
1496 3426 1622 3497 quia
1651 3431 1874 3495 pr0pter
1903 3422 2097 3478 novel-

491 3520 600 3575 lam
639 3519 882 3589 ejusdem
925 3518 1070 3574 sedis
1100 3515 1510 3580 institutionem,
1570 3521 1622 3568 et
1678 3513 1910 3568 necdum
1967 3527 2098 3568 con-

491 3625 684 3664 versos
714 3609 782 3664 ad
815 3607 978 3662 fidem
1017 3606 1248 3677 p0pulos
1295 3602 1630 3676 suﬁ‘raganei
1673 3617 1784 3656 non
1829 3601 2098 3656 habentur

493 3697 754 3768 episcOpi,
809 3713 840 3751 a
889 3696 1086 3768 quibus
1125 3693 1422 3750 decedente
1475 3708 1585 3746 uno
1641 3690 1780 3744 alter
1830 3687 2096 3759 archiepi-

485 3803 686 3858 sc0pus
717 3793 1178 3850 consecraretur;
1210 3781 1463 3852 palatinas
1483 3779 1702 3834 interim
1731 3776 2094 3849 providentiae

491 3875 897 3932 succedentium
942 3889 1044 3944 per
1091 3880 1332 3941 tempora
1377 3867 1694 3940 pontificum
1751 3865 2092 3922 consecratio

490 3963 560 4017 sit
589 3963 900 4030 commissa,
947 3961 1122 4016 donec
1151 3975 1414 4014 numerus
1454 3955 1916 4026 suﬁ‘raganeorum
1971 3953 2091 4024 epi-

489 4066 778 4121 sc0porum
825 4049 1084 4105 canonice
1113 4063 1238 4102 eum
1285 4059 1608 4101 consecrare
1657 4041 1968 4096 debentium
2026 4057 2094 4096 ex

488 4138 743 4212 gentibus
776 4136 1111 4209 suppleatur.
1145 4137 1279 4191 Cum
1308 4134 1467 4203 hujus
1496 4148 1632 4205 ergo
1651 4131 1719 4186 ad
1736 4129 2092 4186 ordinandum

487 4244 611 4283 eum
641 4227 846 4283 tenoris
903 4225 1264 4280 insinuatione
1317 4221 1681 4278 venerabilem
1740 4219 2091 4275 Rembertum

553 4399 574 4426 ³
608 4391 722 4440 Haec
746 4389 962 4440 verhain
989 4387 1194 4448 gratiam
1243 4384 1507 4448 imperialis
1550 4383 1858 4434 investiturae
1901 4382 2087 4431 iutrusa

485 4459 636 4509 fuisse
659 4461 878 4519 tempore
922 4455 1119 4505 Henrici
1163 4454 1321 4515 quarti
1369 4454 1537 4519 censet
1569 4448 2085 4519 _ilenscl_ienius,__hac

490 4525 700 4575 maxime
727 4515 912 4574 ratione
931 4521 1122 4582 ductus,
1151 4519 1278 4581 quod
1305 4519 1353 4568 in
1379 4517 1624 4580 primariis
1673 4515 1893 4582 ecclesiae
1935 4515 2088 4582 Ham-

489 4589 740 4653 burgensis
766 4593 815 4639 et
841 4580 1117 4638 Bremensis
1143 4580 1408 4649 privilegiis
1443 4584 1628 4653 nullum
1651 4583 1801 4653 hujus
1825 4580 1896 4653 r_e_i
1941 4580 2090 4653 vesti-

486 4646 620 4721 gium
643 4661 864 4719 apparet.
892 4657 954 4705 Et
979 4646 1158 4721 tamen
1185 4653 1420 4721 Adamus,
1447 4651 1678 4721 _Henrici_
1711 4646 1928 4721 aequalis,
1981 4646 2088 4721 haec

487 4713 740 4787 privilegia
767 4735 856 4786 pro
871 4720 1157 4771 investitura
1182 4716 1612 4787 imperiali‘laudat
1632 4715 1709 4787 his
1729 4713 1890 4765 verbis
1914 4713 2089 4787 capitis

485 4779 551 4840 ΞΒ
581 4805 593 4835 :
623 4779 838 4840 Pallium
865 4788 1149 4837 Rembertus
1187 4779 1474 4847 pontiﬁcale
1498 4783 1764 4842 suscepit'a
1785 4791 1918 4840 papa
1942 4779 2091 4847 Nico-

485 4857 580 4917 Iao,
610 4857 821 4916 ferulam
845 4853 1137 4915 pastoralem
1156 4843 1203 4902 (ί
1236 4843 1432 4901 Caesare
1463 4847 1796 4908 (scribendum
1821 4843 1961 4909 rege)
1991 4845 2091 4896 Lu-

487 4923 732 4982 thevvtco,
762 4922 898 4971 sicut
919 4922 970 4970 in
991 4918 1276 4982 privilegiis
1295 4918 1514 4980 dignosct
1531 4918 1706 4978 potest.

544 5005 570 5044 δ
599 5009 782 5068 Nempe
805 5007 855 5055 in
880 5005 1134 5067 privilegio
1159 5002 1380 5064 Gregorii
1405 5012 1541 5064 papa:
1587 4999 1668 5060 ιν,
1682 4999 1742 5068 in
1767 5011 1860 5061 quo
1909 4997 2092 5068 haben-

485 5079 564 5126 tur
588 5087 644 5124 ea
672 5065 776 5135 quae
800 5065 1075 5134 sequuntur
1113 5071 1160 5118 in
1210 5071 1339 5119 hunc
1383 5067 1576 5117 modum
1603 5081 1614 5115 :
1667 5065 2088 5135 Conseorationem

482 5153 595 5190 vero
618 5133 978 5190 succedentium
1003 5137 1328 5193 sacerdotum,
1357 5135 1504 5184 donec
1526 5133 1906 5183 consecrandum
1929 5143 2092 5181 nume-

479 5219 571 5256 rus
592 5210 832 5267 augeatur
853 5217 920 5255 ea:
943 5203 1187 5266 gentibus,
1211 5214 1367 5252 καενιτ
1386 5201 1627 5260 palatinos
1661 5199 1986 5260 providentiae
2009 5199 2087 5248 in-

481 5271 626 5322 terim
650 5272 1012 5324 committimus.

549 5369 572 5396 c
597 5356 678 5406 Sic
703 5355 816 5406 libri
839 5355 957 5408 editi
984 5353 1108 5418 apud
1133 5349 1410 5414 Philippum
1435 5351 1681 5418 Caesarem
1707 5351 1758 5398 et
1782 5347 2084 5399 Bollandum.

481 5421 587 5473 Erit
615 5421 778 5472 forsan
806 5425 884 5486 qui
910 5415 1167 5484 legendum
1195 5423 1356 5482 putet,
1414 5423 1470 5467 ut
1495 5415 1867 5486 stabilitatem,_
1891 5421 1942 5464 et
1977 5427 2088 5486 σοῃ-

480 5487 750 5540 verstonem
769 5480 1210 5549 suorumsuorum,
1247 5489 1367 5548 etc.,
1417 5484 1764 5535 convenienter
1810 5481 1872 5533 ad
1909 5480 2088 5544 regulae

2199 3163 2513 3220 monasterii
2545 3165 2648 3218 sibi
2678 3164 2924 3234 praestari
2959 3165 3206 3236 rogabat,
3239 3181 3362 3219 cum
3393 3180 3519 3236 quo,
3555 3165 3684 3236 quia
3705 3163 3810 3236 ipsi

2197 3253 2251 3307 in
2284 3252 2614 3308 monasterio
2644 3267 2768 3307 esse
2795 3267 2904 3308 non
2929 3251 3099 3316 licuit,
3133 3251 3382 3307 solatium
3411 3253 3642 3308 haberet
3669 3252 3806 3308 assi-

2197 3341 2316 3396 duae
2345 3341 2472 3395 inde
2501 3339 2870 3396 meditationis
2889 3347 2944 3395 et
2972 3355 3132 3395 usum
3189 3340 3504 3396 continendi
3543 3357 3606 3396 se
3655 3341 3811 3410 juxta

2195 3431 2547 3485 moderamen
2605 3429 2856 3496 regulare
2913 3429 3060 3500 quod
3114 3429 3380 3499 promisit.
3429 3429 3514 3484 Ad
3559 3430 3712 3500 quod
3760 3430 3808 3484 ei

2195 3518 2448 3589 deputari
2478 3517 2678 3589 placuit
2707 3517 2978 3590 insignem
3009 3517 3422 3572 conversatione
3449 3516 3648 3584 virum,
3681 3533 3810 3590 gra-

2195 3607 2268 3661 du
2311 3607 2619 3672 diaconum,
2695 3605 2914 3660 nomine
2962 3605 3360 3676 Adalgariumd
3407 3647 3422 3671 ,
3481 3621 3804 3679 germanum

2193 3695 2448 3752 videlicet
2469 3703 2522 3750 et
2549 3693 2887 3766 sequivocum
2917 3693 3130 3749 abbatis
3163 3694 3406 3763 ejusdem
3455 3695 3802 3761 monasterii,

2192 3785 2261 3840 de
2292 3800 2398 3855 quo
2429 3799 2592 3855 supra
2621 3783 2873 3838 diximus.
2909 3781 3006 3837 Hic
3033 3782 3116 3836 vir
3145 3781 3472 3838 venerabilis
3491 3782 3548 3836 in
3569 3797 3806 3838 conver-

2194 3873 2418 3928 sationis
2449 3873 2567 3942 ejus
2594 3871 2892 3927 imitatione
2932 3869 3090 3925 simul
3121 3878 3175 3925 et
3203 3870 3564 3926 successionis
3613 3871 3804 3942 digni-

2191 3969 2299 4016 tate
2342 3962 2520 4017 adhuc
2557 3959 2719 4015 hodie
2779 3967 3048 4029 superest,
3101 3974 3225 4013 cum
3269 3957 3452 4014 multis
3499 3958 3622 4013 aliis
3659 3967 3802 4014 atte-

2191 4057 2362 4116 stans,
2395 4049 2518 4120 quia
2546 4057 2762 4104 sanctus
2791 4045 3070 4118 pontifiex,
3093 4047 3251 4115 cujus
3281 4047 3444 4102 vitam
3475 4048 3798 4111 scribimus,

2189 4137 2322 4192 nihil
2342 4153 2407 4192 ex
2463 4137 2744 4193 occasione
2803 4151 2948 4192 curae
3003 4136 3297 4206 pastoralis
3353 4135 3421 4190 de
3475 4136 3804 4191 monachica

2189 4225 2520 4298 perfectione
2550 4224 2868 4297 perdiderit,
2901 4223 3038 4280 adeo
3093 4231 3150 4278 ut
3203 4224 3386 4279 nullus
3441 4223 3606 4280 etiam
3653 4224 3798 4279 intra

2197 4393 2374 4440 nostra:
2398 4390 2544 4452 caput
2566 4387 2650 4450 38,
2677 4386 2756 4438 ubi
2783 4387 2886 4437 haec
2909 4384 3060 4435 verba
3089 4404 3100 4434 :
3129 4385 3486 4447 Suscipiendus
3543 4389 3708 4436 autem
3753 4387 3802 4436 in

2115 4439 2167 4498 D
2199 4439 2410 4506 oratorio
2434 4439 2827 4506 coramoinm'bus
2846 4453 3100 4514 promittat
3119 4453 3180 4502 de
3203 4439 3477 4502 sta-bititate
3497 4457 3664 4512 θυαμ
3683 4465 3804 4503 ευπ-

2189 4524 2408 4573 versione
2474 4535 2660 4571 morum
2723 4532 2943 4580 suorum,
2992 4524 3041 4568 et
3099 4519 3375 4568 obedientia
3456 4531 3618 4570 coram
3697 4520 3806 4568 Deo

2187 4595 2234 4640 et
2257 4589 2435 4641 sanctis
2461 4589 2652 4648 ejus.Et
2677 4587 2803 4636 hanc
2828 4586 3020 4647 quidem
3047 4585 3361 4646 professionis
3387 4585 3592 4634 formam
3621 4586 3804 4635 hacte-

2187 4667 2278 4705 nus
2301 4655 2549 4717 sequimur
2571 4653 2868 4704 Benedictini
2897 4661 3086 4701 omnes.
3113 4650 3294 4700 Verum
3320 4651 3415 4700 alio
3441 4652 3585 4701 modo
3611 4651 3804 4702 editam

2187 4721 2501 4772 aRemberto
2548 4721 2696 4770 fuisse
2767 4718 3115 4781 professionem
3165 4721 3302 4780 puto.
3346 4717 3465 4779 Quia
3509 4718 3640 4768 enim
3691 4719 3806 4780 ejus

2186 4787 2402 4849 dignitas
2427 4800 2523 4837 non
2543 4787 2734 4836 sinebat
2756 4787 2912 4848 ipsum
2937 4785 2985 4833 in
3023 4784 3318 4833 monasterio
3344 4784 3612 4846 persistere
3641 4803 3654 4844 ;
3679 4788 3806 4834 tan-

2187 4857 2290 4904 tum
2314 4853 2622 4904 stabilitatem
2645 4865 2830 4902 moram
2851 4852 3112 4900 secundum
3137 4851 3360 4912 regulam
3401 4852 3558 4900 sancti
3581 4849 3804 4902 Benedi-

2185 4923 2268 4980 cti,
2298 4932 2392 4970 non
2418 4921 2733 4971 stabilitatem
2757 4918 2808 4967 in
2835 4916 3148 4976 monasterio,
3179 4917 3278 4966 Deo
3301 4917 3454 4966 vovit.
3482 4917 3584 4978 Quo
3609 4916 3684 4972 ﬁt.
3745 4923 3800 4968 ut

2187 4991 2372 5038 rectam
2399 4987 2546 5048 hujus
2569 4987 2661 5036 loci
2685 4985 2940 5034 lectionem
2969 4982 3268 5033 existimem.
3299 4985 3447 5034 Porro
3469 4981 3519 5032 in
3545 4984 3634 5032 hoc
3661 4983 3802 5033 facto

2185 5053 2306 5103 illud
2335 5053 2591 5103 observatu
2618 5053 2814 5112 dignum
2841 5054 2937 5109 est,
2963 5049 3282 5100 Rembertum
3333 5049 3462 5099 nulla
3505 5049 3800 5112 probatione

2187 5121 2315 5170 facta
2341 5120 2403 5170 ad
2427 5120 2774 5182 professionem
2819 5118 2930 5166 vita:
2980 5115 3264 5166 monasticae
3305 5117 3572 5168 admissa
3619 5116 3798 5167 fuisse.

2185 5187 2311 5247 Lege
2331 5187 2596 5248 superioris
2621 5185 2738 5235 tomi
2763 5183 3116 5247 praefationem.

2254 5316 2279 5355 ά
2305 5307 2424 5356 Hinc
2451 5309 2589 5369 paret
2615 5303 2945 5366 Adalgarium,
2973 5301 3053 5362 qui
3095 5297 3360 5351 Remberto
3382 5267 3644 5361 successit,
3694 5315 3796 5352 non

2186 5391 2334 5441 fuisse
2357 5389 2573 5441 Con-heia:
2597 5389 2844 5464 abbatem,
2861 5389 2914 5438 ut
2931 5388 3063 5437 recte
3083 5385 3254 5434 contra
3282 5385 3576 5436 Letznerum
3601 5386 3804 5435 notavi:

2185 5475 2534 5526 Henschenius.
