4060 6184
239 238 265 292 1
277 243 379 294 001

1790 228 1972 287 VITA.

3409 237 3548 296 1002
3606 305 3613 315 ,

236 363 361 435 ipsa
422 358 755 417 monasteria
798 358 1109 426 viventium,
1166 358 1520 414 instrumenta
1577 356 1846 412 bonorum
1875 361 1923 415 A
1944 372 2049 426 que
2070 357 2137 411 ad
2156 356 2261 413 hoc
2280 352 2459 426 ipsum
2480 354 2537 410 in
2564 369 2701 412 zona
2729 372 2827 411 sua
2852 357 3131 429 marsupio
3159 375 3282 414 cum
3310 360 3549 416 nummis

247 466 505 522 operum,
539 464 660 520 quin
695 462 884 502 eorum
932 445 1126 518 regula
1171 451 1564 500 commemorat
1592 444 1738 515 (cap.
1773 443 1849 513 4),

246 554 409 610 aeque
439 544 499 591 ut
531 537 649 606 ipse
678 533 1074 591 observaverit.
1099 533 1264 602 Cujus
1294 532 1436 588 facta
1464 531 1683 604 quidem
1712 530 1800 586 vix
1822 545 1855 584 a

248 626 415 681 nobis
441 623 703 696 explicari
733 629 959 693 possunt
991 639 1005 676 :
1041 622 1139 677 sed
1185 621 1557 692 quotidianam
1586 620 1703 689 ejus
1732 634 1855 674 cum

251 714 375 770 Deo
424 710 915 778 conversationem,
950 717 1002 764 et
1031 708 1271 763 animum
1316 708 1457 764 coelo
1504 722 1723 778 semper
1767 705 1855 759 in-

250 809 486 866 tentum,
514 808 717 854 nostra:
747 797 977 853 tenuitas
1006 796 1246 852 scientia:
1265 811 1609 867 nequaquam
1638 793 1856 849 edicere

249 888 342 945 vel
375 888 570 942 saltem
616 885 959 957 perpendere
988 884 1147 941 valet.
1181 883 1362 939 Grave
1408 883 1637 939 ducebat
1684 881 1857 936 ullum

250 984 474 1047 tempus
516 990 749 1030 vacuum
792 974 998 1044 absque
1047 988 1213 1043 opere
1243 971 1343 1027 Dei
1373 970 1679 1043 transigere
1713 985 1725 1024 :
1761 968 1859 1023 sed

250 1063 490 1120 orationi
515 1062 698 1128 lectio,
732 1060 952 1117 lectioni
981 1075 1200 1130 semper
1243 1060 1387 1130 apud
1416 1059 1569 1113 illum
1597 1056 1861 1112 successit

250 1151 429 1207 oratio
463 1169 477 1205 :
510 1158 564 1206 et
593 1149 640 1204 si
666 1148 871 1221 aliquid
918 1148 1261 1213 accessisset,
1296 1147 1442 1218 quod
1478 1161 1603 1202 eum
1631 1146 1699 1200 ab
1727 1159 1859 1199 ora-

253 1240 406 1295 tione
434 1238 697 1310 impedire
743 1237 1035 1303 videretur,
1085 1251 1305 1307 semper
1350 1243 1530 1290 tamen
1574 1249 1693 1305 quae
1717 1233 1861 1301 justa

253 1336 386 1383 sunt
414 1342 605 1398 agens,
639 1325 755 1380 sine
786 1324 1187 1380 intermissione
1210 1323 1525 1379 sentiendus
1546 1329 1629 1377 est
1647 1336 1856 1387 orasse,

253 1424 315 1471 ut
364 1415 554 1470 beatus
601 1413 762 1469 docet
809 1411 1143 1484 Augustinus
1188 1429 1201 1465 :
1248 1411 1366 1480 Illi,
1411 1410 1616 1482 inquit,
1668 1409 1760 1481 qui
1806 1408 1863 1462 in

255 1503 447 1558 divino
492 1509 746 1557 versatur
792 1499 988 1569 oﬁicio,
1021 1499 1206 1555 omnia
1251 1507 1404 1570 gesta
1452 1498 1568 1566 ejus
1610 1497 1863 1568 dictaque

255 1606 358 1662 pro
388 1589 633 1646 oratione
663 1595 999 1660 reputantur.

860 1724 1084 1781 CAPUT
1112 1724 1262 1779 XIII.

333 1831 656 1906 Vigiliarum
683 1846 843 1887 usum
870 1830 1223 1886 moderanter
1250 1828 1447 1900 agebat
1479 1844 1492 1883 :
1526 1826 1863 1882 abstinentiae

258 1922 492 1979 modum
516 1920 591 1975 ita
615 1919 875 1986 exercuit,
908 1925 967 1973 ut
997 1933 1211 1989 semper
1239 1917 1317 1972 illi
1347 1925 1531 1973 essent
1552 1916 1867 1988 quotidiana

256 2010 490 2082 jejunis,
522 2016 575 2064 et
602 2007 828 2064 refectio
872 2006 1178 2062 satietatem
1217 2005 1450 2077 fugiens.
1484 2006 1546 2059 In
1575 2020 1683 2076 quo
1708 2004 1867 2059 vide-

262 2099 395 2155 licet
419 2099 527 2153 hoc
570 2095 898 2161 attendebat,
942 2103 1000 2150 ut
1036 2095 1190 2163 juxta
1235 2094 1448 2148 beatum
1477 2092 1869 2162 Hieronymum

259 2188 337 2243 ita
352 2185 605 2256 corporis
624 2184 901 2256 frangeret
916 2182 1227 2253 appetitum,
1248 2190 1306 2236 ut
1326 2189 1506 2237 tamen
1521 2182 1592 2236 ad
1606 2180 1869 2237 lectiones

261 2283 317 2331 et
366 2272 726 2345 psalmodiam
770 2279 931 2342 atque
975 2271 1046 2326 ad
1093 2269 1274 2324 altaris
1302 2284 1363 2325 ac
1390 2267 1735 2339 pontiﬁcatus
1785 2266 1870 2322 sui

259 2362 506 2419 ofﬁcium
527 2360 674 2415 vires
694 2360 743 2415 ei
763 2374 874 2414 non
892 2356 1209 2414 deﬁcerent.
1238 2378 1261 2409 α
1288 2357 1434 2411 Nihil
1456 2357 1599 2412 enim
1622 2356 1869 2427 prodest,

260 2459 324 2508 ut
353 2450 429 2505 ait
474 2448 620 2503 idem
669 2447 1033 2516 Hieronymus
1080 2446 1268 2517 (epist.
1317 2449 1387 2501 22
1437 2446 1509 2500 ad
1556 2442 1866 2514 Eustoch.),

1955 459 2173 515 semper
2202 444 2474 512 utebatur,
2505 451 2563 498 ut
2592 444 2638 498 si
2666 445 2887 515 quando
2916 445 3261 516 dispensator
3305 447 3547 503 eleemo-

1955 548 2104 602 synaa
2135 548 2248 587 suae
2276 531 2331 586 in
2362 531 2597 586 adventu
2616 531 2827 603 egentis
2849 533 3085 600 deesset,
3104 533 3223 605 ipse
3253 533 3371 589 sine
3399 550 3551 591 mora

1955 619 2178 675 haberet
2223 620 2367 691 quod
2415 620 2590 675 daret.
2642 620 2823 675 Inerat
2871 620 3016 675 enim
3044 621 3095 676 ei
3125 622 3452 693 sollicitudo,
3483 638 3553 680 ne

1956 706 2076 778 quis
2120 707 2300 761 talium
2333 722 2365 762 a
2393 723 2451 762 se
2484 707 2600 761 sine
2646 706 2911 763 levamine
2960 709 3286 778 abcederet;
3332 710 3555 782 suisque

1958 795 2155 850 similia
2175 795 2378 866 jugiter
2399 794 2830 851 adhortationem
2848 795 3073 863 faciens,
3100 797 3278 853 dicere
3310 798 3553 853 solebat:

1963 907 1984 931 ιι
2019 885 2143 939 Νοιι
2171 884 2490 938 tardandum
2518 892 2601 939 est
2632 891 2689 938 ut
2716 884 2923 940 cunctis
2967 885 3296 956 pauperibus
3326 901 3554 941 succur-

1959 986 2162 1037 ramus,
2197 971 2321 1042 quia
2350 971 2472 1042 quis
2514 971 2583 1028 sit
2628 972 2890 1039 Christus,
2940 972 3026 1029 vel
3074 974 3291 1044 quando
3338 973 3409 1029 ad
3456 989 3559 1030 nos

1959 1059 2125 1126 venit,
2156 1058 2495 1131 ignoramus.
2536 1079 2558 1110 ι

2566 1182 2788 1238 CAPUT
2824 1182 2945 1239 XV.

2031 1307 2245 1361 Interea
2265 1305 2419 1374 juxta
2446 1305 2872 1361 admonitionem
2913 1305 3057 1361 beati
3086 1306 3362 1381 Gregorii,
3396 1308 3559 1366 etiam

1962 1394 2363 1464 eleemosynam
2385 1394 2539 1449 verbi
2563 1394 2902 1450 incessanter
2922 1410 3114 1467 agens,
3138 1396 3394 1452 doctrinae
3422 1397 3561 1452 salu-

1962 1482 2093 1537 taris
2123 1481 2302 1537 studio
2325 1480 2531 1554 jugiter
2576 1482 2828 1549 instabat,
2861 1483 3113 1538 recolens
3142 1485 3286 1555 quod
3311 1485 3456 1540 idem
3488 1485 3563 1540 ait

1964 1570 2156 1626 doctor
2184 1570 2355 1641 (hom.
2390 1569 2445 1640 6)
2478 1586 2491 1623 :
2522 1569 2651 1624 Plus
2679 1587 2801 1625 esse
2831 1578 2887 1625 ut
2918 1571 3074 1626 verbi
3112 1571 3313 1642 pabulo
3354 1572 3564 1628 victura

1887 1696 1942 1757 B
1967 1657 2021 1712 in
2071 1666 2395 1728 perpetuum
2440 1673 2596 1712 mens
2637 1656 2926 1724 reﬁcietur,
2959 1675 3121 1730 quam
3162 1667 3353 1716 venter
3395 1659 3587 1723 mori-_

1963 1753 2095 1802 tura:
2124 1746 2302 1801 carnis
2330 1761 2474 1816 pane
2506 1753 2726 1801 terreno
2758 1747 3001 1801 satietur.
3051 1747 3220 1816 Hujus
3267 1747 3345 1803 rei
3391 1747 3569 1819 gratia

1965 1842 2275 1906 excerptum
2303 1833 2611 1905 legentibus
2638 1833 2767 1888 utile
2796 1833 2865 1888 de
2894 1834 3062 1888 nibris
3105 1835 3281 1891 sancti
3310 1835 3569 1908 Gregorii

1966 1922 2110 1992 fecit,
2146 1930 2196 1976 et
2225 1921 2449 1993 propria
2476 1937 2639 1976 manu
2668 1921 3010 1993 conscripsit,
3042 1923 3408 1994 epistolasque
3437 1938 3550 1978 non

1966 2010 2145 2065 nullas
2174 2009 2549 2065 aediﬁcationis
2596 2009 2783 2079 plenas
2826 2009 2896 2063 ad
2943 2009 3192 2065 diversos
3240 2010 3563 2081 composuit,

1968 2114 2198 2169 quarum
2247 2115 2354 2152 una
2383 2105 2467 2154 est
2496 2097 2567 2151 ad
2599 2097 2890 2168 quamdam
2936 2097 3037 2153 Dei
3082 2097 3336 2153 ancillam
3359 2098 3415 2153 in
3441 2114 3567 2154 mo-

1968 2185 2204 2241 nasterio
2252 2185 2398 2256 quod
2447 2184 2645 2240 dicitur
2693 2185 2873 2240 Herisi
2901 2193 2927 2220 ι
2954 2184 3340 2252 constitutum,
3401 2192 3569 2241 cate-

1970 2290 2171 2345 rasque
2201 2289 2417 2328 sorores
2445 2272 2647 2327 ibidem
2677 2272 2732 2326 in
2760 2272 2860 2327 Dei
2902 2271 3160 2327 famulatu
3189 2272 3567 2329 consistentes.

1970 2362 2099 2417 Haec
2127 2368 2307 2416 autem
2339 2360 2542 2416 famula
2572 2360 2691 2426 Dei,
2715 2360 2784 2415 de
2805 2377 2909 2432 qua
2935 2360 3228 2432 loquimur,
3262 2360 3441 2432 neptis
3461 2369 3576 2417 erat

1970 2448 2297 2505 venerabilis
2346 2448 2589 2519 episcopi
2636 2447 2929 2514 Liuthardi,
2986 2450 3141 2518 cujus
3200 2464 3367 2519 supra
3421 2464 3577 2504 men-

262 2538 438 2594 biduo
468 2536 752 2607 triduoque
780 2549 1010 2590 vacuum
1053 2542 1269 2604 portare
1298 2540 1563 2597 ventrem,
1595 2532 1640 2585 si
1668 2531 1874 2602 pariter
1969 2532 2172 2588 tionem
2212 2531 2457 2598 fecimus,
2493 2531 2583 2603 qui
2614 2547 2674 2585 se
2705 2539 2893 2587 sancto
2923 2530 3042 2587 viro
3071 2547 3193 2587 cum
3224 2530 3371 2586 omni
3402 2532 3575 2588 devo-

261 2627 550 2690 obruatur,
582 2624 629 2679 si
656 2629 1040 2693 compensetur
1086 2621 1360 2675 saturitate
1396 2619 1681 2689 jejunium.
1721 2619 1873 2675 Illico
1969 2619 2133 2675 tionis
2188 2618 2383 2675 affectu
2436 2620 2512 2674 ita
2568 2618 2913 2684 devinxerat,
2965 2626 3022 2673 ut
3069 2634 3179 2674 non
3226 2619 3404 2674 solum
3459 2619 3578 2692 ipse

263 2710 417 2767 enim
470 2724 629 2763 mens
685 2706 897 2777 repleta
949 2704 1230 2775 torpescit,
1288 2711 1342 2759 et
1398 2703 1620 2775 irrigata
1677 2703 1873 2757 humus
1973 2707 2274 2762 sanctitatis
2301 2706 2419 2775 ejus
2445 2714 2656 2762 amator
2684 2706 2938 2773 existere,
2972 2722 3166 2762 verum
3195 2707 3359 2762 etiam
3389 2723 3582 2763 omnes

262 2799 456 2870 spinas
473 2794 759 2852 libidinum
782 2800 1026 2866 generat.
1056 2813 1078 2843 ι
1105 2791 1264 2861 Quod
1289 2791 1370 2847 vir
1389 2791 1508 2858 Dei,
1530 2798 1589 2845 ut
1617 2790 1869 2857 diximus,
1972 2796 2040 2850 ad
2086 2810 2146 2850 se
2193 2810 2411 2867 quoquo
2470 2795 2632 2850 modo
2680 2794 3013 2865 pertinentes
3060 2794 3138 2850 illi
3189 2796 3580 2852 commendare

262 2888 324 2944 in
356 2902 416 2942 se
442 2900 643 2942 cavere
663 2883 873 2948 volens,
895 2881 1244 2936 moderamen
1259 2879 1450 2949 jejunii
1469 2879 1544 2933 ita
1563 2877 1870 2947 custodivit,
1974 2882 2258 2949 studuerit,
2291 2882 2565 2954 praecipue
2593 2883 2755 2937 istam
2795 2883 2864 2938 de
2906 2899 3012 2954 qua
3059 2882 3334 2954 loquimur
3375 2884 3443 2938 ab
3491 2883 3582 2938 in-

266 2985 331 3033 ut
360 2974 627 3031 Dominus
656 2972 711 3026 in
740 2969 1043 3044 Evangelio
1062 2969 1281 3025 Iudaeos
1309 2983 1564 3041 arguens,
1598 2967 1743 3038 quod
1772 2982 1875 3022 nec
1974 2969 2140 3026 fantia
2183 2972 2300 3026 Deo
2347 2971 2604 3040 oblatam,
2640 2978 2692 3026 et
2718 2971 2774 3025 in
2816 2970 3127 3043 virginitate
3170 2978 3580 3043 permanentem

265 3060 936 3130 Joannem-jejunantem,
988 3073 1092 3114 nec
1136 3057 1317 3129 ipsum
1360 3056 1779 3111 manducantem
1828 3061 1879 3109 et
1910 3044 2192 3132 Cneptem
2224 3076 2395 3127 suam,
2428 3076 2549 3131 quae
2579 3067 2633 3115 et
2653 3059 2876 3130 propria
2914 3059 3203 3115 devotione
3248 3061 3571 3131 promeruit,

265 3152 549 3208 bibentem
577 3148 935 3219 susciperent,
966 3145 1197 3215 subjecit
1214 3145 1405 3201 dicens
1427 3162 1441 3198 :
1466 3146 1535 3200 Et
1553 3143 1875 3216 justiﬁcata
1971 3155 2027 3204 ut
2071 3148 2289 3203 unicam
2345 3146 2648 3203 dilectionis
2696 3163 2808 3203 suae
2853 3144 3021 3202 ﬁliam
3063 3147 3148 3202 vir
3195 3155 3411 3202 sanctus
3457 3162 3581 3202 eam

268 3245 364 3299 est
389 3239 675 3312 sapientia
702 3254 739 3291 α
766 3236 908 3305 ﬁliis
936 3236 1055 3291 suis
1083 3234 1303 3305 (Matth.
1327 3247 1408 3299 ιι,
1435 3232 1554 3303 l9);
1578 3231 1873 3287 ostendens
1973 3236 2255 3291 nominare
2285 3235 2473 3290 solitus
2503 3234 2589 3289 sit.
2623 3233 2758 3302 Quae
2777 3233 2901 3289 licet
2926 3249 3128 3289 nomen
3156 3250 3311 3289 suum
3341 3234 3577 3292 vitanda

266 3345 373 3403 per
390 3329 497 3384 hoc
516 3325 658 3381 ﬁlios
677 3323 954 3396 sapientiae
975 3322 1306 3395 intelligere,
1329 3337 1434 3376 nec
1452 3320 1509 3375 in
1526 3319 1869 3385 abstinendo,

266 3432 377 3474 nec
406 3417 462 3471 in
489 3413 864 3469 manducando
894 3427 1017 3467 esse
1042 3410 1324 3479 justitiam,
1350 3409 1448 3464 sed
1477 3409 1534 3463 in
1560 3407 1871 3479 aequanimi-

264 3514 385 3562 tate
429 3502 697 3559 tolerandi
742 3500 997 3571 inopiam,
1030 3507 1083 3554 et
1110 3497 1525 3568 temperantiam
1554 3512 1655 3567 per
1693 3496 1872 3550 abun-

266 3593 515 3651 dantiam
551 3606 661 3647 non
692 3606 752 3645 se
780 3587 1184 3659 corrumpendi,
1230 3594 1395 3657 atque
1438 3593 1740 3657 Opportune
1784 3599 1873 3637 su-

268 3682 462 3739 mendi
488 3679 576 3736 vel
618 3694 729 3733 non
769 3676 1020 3733 sumendi
1048 3692 1131 3742 ea,
1165 3690 1393 3747 quorum
1437 3689 1549 3729 non
1591 3683 1759 3741 usus;
1776 3670 1874 3726 sed

268 3765 712 3841 concupiscentia
737 3763 1184 3837 reprehendenda
1212 3771 1313 3819 est.

873 3914 1100 3971 CAPUT
1127 3913 1275 3969 XIV.

346 4024 624 4098 Quidquid
668 4038 802 4079 vero
855 4020 1019 4077 etiam
1062 4020 1135 4074 ad
1182 4035 1314 4077 usus
1356 4025 1411 4073 et
1454 4014 1874 4072 sustentationes

270 4128 578 4190 pauperum
605 4111 779 4167 beatae
806 4108 1086 4165 memoriae
1126 4108 1385 4163 decessor
1415 4122 1546 4160 suus
1574 4104 1873 4159 institutum

265 4203 532 4267 habebat,
582 4200 638 4255 in
678 4198 828 4254 nullo
873 4198 979 4253 hoc
1024 4196 1144 4267 ipse
1188 4195 1397 4264 disjecit
1443 4211 1457 4247 :
1508 4193 1606 4248 sed
1657 4206 1874 4247 omnem

272 4307 469 4353 curam
499 4297 553 4344 et.
581 4286 914 4358 diligentiam
942 4284 1254 4349 adhibebat,
1284 4291 1341 4338 ut
1370 4281 1553 4337 omnia
1583 4281 1654 4335 ad
1680 4279 1737 4333 id
1767 4286 1876 4333 sta-

1966 3323 2239 3394 jactantia:
2267 3338 2431 3379 causa
2478 3321 2654 3392 palam
2699 3321 2834 3376 nolit
2879 3322 3039 3390 edici,
3072 3322 3245 3392 ipsam
3295 3330 3476 3378 tamen
3502 3323 3572 3379 ad

1974 3410 2386 3467 aediﬁcationem
2415 3410 2586 3465 sacris
2613 3408 2933 3480 virginibus,
2966 3409 3208 3481 quamvis
3255 3410 3421 3466 tacito
3467 3425 3574 3467 no-

1972 3498 2119 3553 mine
2148 3500 2263 3568 ejus
2294 3498 2361 3553 ad
2391 3514 2554 3569 quam
2603 3497 2915 3568 specialiter
2963 3497 3160 3567 scripta
3188 3505 3304 3564 est,
3335 3498 3424 3554 hic
3471 3512 3578 3571 po-

1973 3602 2104 3642 nere
2133 3586 2477 3642 decrevimus
2507 3584 2787 3656 epistolam
2826 3584 2895 3639 ita
2934 3600 2992 3639 se
3018 3584 3304 3639 habentem
3333 3583 3382 3641 δ.

2050 3695 2073 3724 «
2108 3673 2454 3729 Charissimae
2477 3671 2601 3728 ﬁlim
2620 3672 2940 3742 car-terisque
2958 3671 3258 3742 virginibus
3278 3680 3331 3728 et
3352 3673 3570 3745 sponsis

1974 3757 2169 3813 Christi
2197 3759 2554 3823 Humerus,
2580 3756 2766 3830 gregis
2796 3756 2896 3812 Dei
2925 3755 3047 3812 vilis
3075 3755 3346 3829 servulus,
3377 3757 3432 3812 in
3466 3759 3569 3815 Do-

1972 3845 2122 3902 mino
2152 3845 2403 3901 salutem.

2050 3955 2072 3985 ι
2105 3935 2296 3990 Frater
2340 3933 2665 4005 Adalgarius
2710 3949 2884 4005 nuper
2910 3949 2941 3988 a
2970 3933 3127 3990 vobis
3165 3933 3402 4003 rediens,
3433 3934 3570 3991 dixit

1972 4022 2106 4079 mihi
2134 4024 2373 4095 graviter
2400 4039 2499 4079 vos
2528 4022 2690 4092 ferre,
2715 4023 2862 4093 quod
2889 4023 3174 4094 parvitatis
3200 4039 3340 4079 mea:
3363 4023 3571 4079 litteras

1973 4128 2101 4167 raro
2130 4111 2451 4183 suscipiatis.
2476 4110 2635 4179 Quod
2653 4111 2816 4166 modo
2836 4111 2971 4165 mihi
2988 4112 3284 4167 emendare
3311 4111 3569 4182 cupienti,

1975 4200 2103 4271 quid
2133 4200 2371 4254 scribere
2401 4199 2652 4262 debeam,
2692 4198 2828 4251 nihil
2873 4199 3284 4254 convenientius
3314 4199 3564 4266 occurrit,

1976 4304 2137 4359 quam
2161 4294 2220 4341 ut
2248 4302 2345 4341 vos
2372 4286 2440 4340 de
2468 4293 2665 4341 vestrm
2710 4285 3001 4340 sanctitatis
3030 4300 3407 4341 commoveam
3434 4300 3571 4357 pro-

270 4391 389 4440 tuta
420 4378 630 4435 nullum
658 4376 770 4431 suis
808 4373 1143 4444 temporibus
1182 4378 1438 4442 caperent
1475 4368 1870 4431 detrimentum.
1901 4375 2168 4453 Dposito.
2205 4373 2261 4429 Si
2289 4373 2455 4445 igitur
2480 4373 2552 4427 ad
2581 4371 2945 4426 sublissimam
2987 4373 3218 4444 gloriam
3248 4372 3411 4428 vultis
3440 4389 3573 4444 per-

275 4472 378 4529 sed
406 4467 588 4542 potius
616 4480 716 4520 suo
745 4462 984 4535 quotidie
1015 4460 1192 4516 studio
1220 4460 1305 4514 his
1334 4458 1537 4529 aliquid
1559 4457 1871 4512 adderetur.

273 4563 411 4617 Erat
440 4556 588 4613 enim
616 4568 719 4626 pro
748 4550 1106 4624 indigentium
1136 4547 1403 4605 levamine
1429 4544 1693 4617 hospitale
1739 4559 1876 4600 con-

276 4650 525 4706 stitutum
553 4644 609 4698 in
652 4642 965 4713 episcopatu
1012 4639 1148 4708 ejus,
1197 4638 1265 4694 ad
1314 4635 1458 4708 quod
1503 4641 1647 4689 tanta
1695 4631 1877 4688 subsi-

276 4738 500 4796 diorum
531 4730 846 4789 sufﬁcientia
874 4729 1129 4799 deputata
1157 4734 1259 4796 est,
1291 4732 1349 4780 ut
1377 4738 1645 4795 nusquam
1689 4720 1878 4791 copio-

276 4827 397 4883 sius
453 4822 544 4880 vel
598 4818 890 4892 sapientius
946 4817 1052 4872 hoc
1107 4815 1286 4887 ipsum
1339 4818 1691 4884 procuratum
1758 4824 1880 4863 esse

275 4915 542 4973 sciamus.
599 4908 708 4965 Sed
766 4915 819 4963 et
874 4913 1029 4961 extra
1098 4903 1468 4975 episcopatum
1486 4941 1500 4966 ,
1572 4898 1882 4968 ubicunque

273 5004 497 5067 fuisset,
531 5012 748 5069 semper
785 4994 1106 5052 constitutos
1152 4990 1407 5055 habebat,
1459 4986 1551 5059 qui
1595 4984 1884 5057 pecuniam

277 5094 340 5149 in
370 5086 626 5147 saccellis
653 5085 725 5140 ad
748 5082 990 5140 dandum
1019 5078 1350 5153 pauperibus
1378 5082 1657 5150 gestarent
1688 5090 1702 5128 :
1734 5072 1884 5145 ipse-

352 5232 379 5262 ³
398 5222 544 5276 Modo
565 5222 701 5272 Nova
723 5217 933 5281 Herisia,
958 5216 1102 5279 vulgo
1143 5214 1438 5272 Nicnherse,
1466 5208 1719 5272 collegium
1743 5218 1889 5258 cano-

279 5311 533 5368 nicarum,
556 5306 706 5356 trium
730 5305 962 5355 horarum
992 5301 1170 5353 itinere
1194 5299 1257 5349 ab
1281 5296 1400 5349 urbe
1443 5294 1802 5355 Paterbrunna,
1828 5302 1888 5341 ex

252 5392 613 5449 .Henschenio.

350 5471 378 5508 δ
403 5476 598 5530 Abhinc
622 5471 886 5537 capitulum
914 5469 977 5521 16
1000 5469 1192 5521 orditur
1232 5464 1487 5532 Philippus
1511 5462 1704 5523 Casu;
1732 5463 1785 5511 at
1806 5470 1891 5509 se-

515 5582 761 5639 ΡΑνι-ιιοι..
791 5576 1038 5637 CXXVI.

1974 4463 2191 4531 venire,
2241 4460 2389 4516 omni
2440 4460 2636 4516 virtute
2688 4459 3151 4530 incorruptionem
3204 4460 3453 4532 corporis
3506 4475 3570 4518 ac

1977 4550 2197 4623 spiritus
2251 4548 2501 4604 excolere
2554 4548 2785 4603 debetis.
2830 4547 3112 4603 Interioris
3157 4547 3303 4602 enim
3350 4547 3462 4604 fotu
3508 4564 3572 4605 ac

1977 4638 2177 4712 pabulo
2229 4636 2498 4709 puritatis,
2547 4635 2946 4691 subministrari
3001 4651 3230 4691 necesse
3284 4642 3367 4692 est
3411 4640 3573 4693 etiam

1978 4726 2260 4785 exterioris
2305 4725 2541 4780 hominis
2585 4723 2884 4780 castitatem
2904 4766 2917 4790 ,
2968 4738 3194 4795 eamque
3244 4723 3449 4796 jugiter
3502 4723 3573 4780 ad

1979 4814 2443 4889 perseverantiam
2498 4819 2776 4883 perpetuae
2839 4811 3260 4882 incorruptionis
3323 4811 3574 4869 animari.

1982 4904 2094 4960 Illae
2139 4917 2374 4975 namque
2422 4909 2546 4956 sunt
2592 4916 2735 4955 vera:
2778 4907 2939 4970 atque
2979 4899 3306 4971 incorrupte
3333 4900 3579 4974 virgines

1985 4992 2205 5058 Christi,
2236 5007 2345 5047 non
2375 5006 2495 5061 qua:
2524 4993 2791 5053 metuunt,
2824 4988 2924 5042 sed
2949 4988 3146 5059 quibus
3174 5003 3287 5043 non
3311 4988 3443 5045 libet
3471 4988 3580 5044 for-

1984 5080 2173 5137 nicari.
2198 5077 2355 5147 Quod
2385 5076 2607 5142 donum,
2637 5076 2683 5130 si
2709 5091 2811 5147 per
2838 5074 2942 5131 Dei
2967 5076 3200 5149 gratiam
3230 5076 3455 5149 adeptas
3482 5092 3583 5133 vos

1988 5216 2141 5269 quens
2163 5200 2367 5266 epistola
2390 5200 2605 5264 pertinet
2628 5199 2689 5249 ad
2715 5199 2980 5263 capitulum
3006 5201 3090 5263 t5,
3127 5203 3181 5250 ut
3203 5202 3341 5264 patet
3364 5213 3426 5252 ex
3449 5199 3585 5252 Ada-

1989 5301 2091 5350 mo,
2117 5286 2191 5338 cui
2232 5284 2494 5347 capitulum
2524 5283 2582 5333 16
2606 5286 2680 5333 est
2702 5283 2753 5334 id
2775 5282 2904 5347 quod
2930 5286 3039 5348 post
3062 5284 3313 5347 epistolam
3343 5285 3584 5350 sequitur,

1988 5373 2230 5436 integrum
2254 5369 2315 5421 ab
2338 5368 2442 5433 ipso
2466 5367 2675 5419 relatum
2700 5367 2749 5417 in
2773 5380 2883 5430 cap.
2910 5367 2995 5421 29.

3184 5522 3254 5577 32
