4060 6184
508 241 532 292 i
543 240 645 294 003

1623 231 1678 286 S.
1709 225 2063 287 REMBERTI
2093 223 2463 282 HAMBURG.
2496 225 2718 281 EPISC.

3670 223 3695 274 1
3706 220 3815 276 004

509 359 824 429 senseritis,
885 364 1087 430 quanto
1142 371 1355 427 magna
1399 354 1531 409 estis
1552 397 1564 420 ,
1614 362 1673 407 ut
1720 369 1876 409 sacra
1923 356 2105 407 monet
2131 347 2443 416 Adentius,
2482 349 2571 405 cui
2613 323 2848 419 placetis~
2886 344 3157 401 attentius.
3202 340 3424 397 Lumbis
3471 339 3733 429 accinctis
3758 346 3821 430 et

508 447 808 518 Scriptura,
852 442 1131 500 humiliate
1162 460 1259 500 vos
1288 444 1345 496 in
1374 442 1648 507 omnibus,
1681 450 1735 495 et
1764 457 1946 497 coram
1991 441 2107 493 Deo

507 534 795 590 invenietis
825 533 1053 607 gratiam
1075 532 1268 602 (Eccli.
1295 546 1374 597 ιιι,
1397 532 1508 602 20).
1534 531 1615 584 Ea
1637 529 1780 584 enim
1802 529 1886 584 via
1915 543 2107 598 perve-

509 623 626 678 nire
678 622 889 677 debetis
946 622 1017 676 ad
1070 620 1345 675 Christum
1397 619 1688 673 Dominum
1743 624 1796 672 et
1845 631 2107 687 sponsum

510 718 773 774 vestrum,
818 709 941 781 quia
983 709 1100 779 ipse
1140 708 1274 761 dixit
1308 725 1320 760 :
1352 709 1563 762 Discite
1601 722 1637 760 a
1670 722 1758 759 me
1789 705 1919 776 quia
1949 704 2108 758 mitis

511 815 638 854 sum
660 802 715 853 et
737 797 970 852 humilis
991 796 1151 852 corde
1182 796 1401 865 (Matth.
1426 808 1503 859 χι,
1533 795 1645 863 20).
1680 792 1990 846 Curandum
2012 790 2108 843 ita-

511 901 617 956 que
647 892 748 950 est,
779 892 836 938 ut
868 884 1015 939 omni
1045 883 1292 938 custodia
1323 898 1477 936 mens
1508 888 1752 935 servetur
1779 895 1809 933 a
1840 878 2110 949 superbia

509 979 741 1027 tumore.
793 972 916 1026 Non
959 971 1103 1025 enim
1143 978 1265 1024 ante
1309 970 1496 1024 oculos
1524 968 1624 1023 Dei
1652 983 1836 1022 vacua
1864 974 2111 1020 transvo-

507 1059 619 1114 lant
649 1059 1004 1131 cogitationes
1034 1066 1247 1114 vestra.
1279 1058 1426 1111 Intus
1446 1072 1581 1127 ergo
1609 1055 1758 1111 videt
1786 1055 1933 1108 Deus
1964 1052 2110 1124 quod

510 1155 748 1202 mentem
779 1147 956 1202 elevat
981 1164 994 1200 :
1019 1154 1072 1201 et
1100 1145 1305 1201 idcirco
1336 1144 1468 1199 foris
1496 1142 1754 1214 permittit
1776 1141 2109 1197 invalescere

508 1235 656 1307 quod
684 1235 940 1305 deponat.
994 1233 1133 1288 Hinc
1174 1233 1372 1303 quippe
1401 1248 1502 1301 per
1530 1230 1675 1285 Osee
1705 1238 1894 1285 contra
1926 1231 2108 1282 Israe-

507 1322 632 1377 litas
661 1322 860 1378 dicitur
884 1340 897 1376 :
920 1322 1168 1393 Spiritus
1187 1320 1588 1391 fornicationis
1608 1320 1670 1373 in
1691 1319 1871 1373 medio
1891 1332 2105 1380 eorum,

510 1415 567 1467 et
598 1412 901 1466 Dominum
921 1425 1037 1464 non
1065 1410 1445 1479 cognoverunt
1465 1406 1622 1476 (Osee
1643 1421 1697 1472 v,
1722 1404 1798 1473 4).
1825 1402 1928 1472 Qui
1949 1411 2009 1457 ut
2022 1419 2113 1458 os-

512 1498 778 1563 tenderet,
813 1497 949 1551 sicut
991 1495 1120 1550 dicit
1163 1495 1354 1549 beatus
1402 1493 1725 1566 Gregorius,
1760 1492 1907 1563 quod
1946 1506 2113 1547 causa

509 1584 751 1640 libidinis
782 1600 846 1639 ex
875 1583 1031 1653 culpa
1073 1589 1391 1652 prorumpat
1423 1581 1688 1644 elationis,
1720 1595 1845 1635 mox
1874 1577 2113 1634 subdidit

2205 437 2443 493 lucernis
2497 436 2811 491 ardentibus
2860 440 3171 504 exspectate
3227 422 3541 493 Dominum,
3594 426 3815 499 quando

2206 524 2384 579 veniat
2414 540 2446 578 a
2475 523 2696 594 nuptiis.
2721 524 2832 577 Vos
2864 520 3101 576 aﬂ'eretis
3128 518 3200 574 ad
3228 518 3370 590 Agni
3395 515 3615 586 nuptias
3645 513 3816 570 canti-

2207 626 2331 667 cum
2389 628 2591 667 novum
2614 654 2628 678 ,
2680 610 2827 682 quod
2873 607 3160 664 cantabitis
3204 606 3261 660 in
3305 603 3531 661 citharis
3578 601 3813 667 vestris,

2207 700 2394 772 utique
2424 700 2550 766 tale,
2583 699 2745 770 quale
2777 712 2937 752 nemo
2980 695 3177 766 poterit
3220 693 3406 749 dicere
3436 692 3543 747 nisi
3573 706 3695 747 vos.
3730 689 3817 744 Sic

2210 788 2355 844 enim
2399 804 2498 843 vos
2543 787 2677 843 vidit
2706 786 2763 840 in
2791 782 3122 856 Apocalypsi
3169 781 3390 854 quidam
3435 796 3553 851 pra
3599 776 3817 834 caeteris

2210 876 2439 932 dilectus
2486 877 2664 949 Agno,
2717 873 2811 945 qui
2854 870 3201 927 discumbere
3250 883 3415 939 super
3459 874 3655 939 pectus
3700 866 3816 934 ejus

2210 963 2399 1019 solitus
2429 971 2565 1019 erat.
2598 963 2722 1033 Ipse
2752 977 2851 1017 vos
2880 960 3013 1016 vidit
3041 957 3337 1013 duodecies
3366 955 3622 1011 duodena
3651 953 3820 1008 millia

2211 1060 2520 1107 sanctorum
2586 1049 3017 1106 citharoedorum
3083 1046 3302 1101 illibata
3367 1042 3701 1116 virginitatis
3761 1040 3820 1095 in

2210 1154 2477 1210 corpore,
2536 1138 2807 1193 inviolata
2862 1134 3105 1192 veritatis
3163 1134 3217 1187 in
3274 1131 3457 1189 corde.

2210 1230 2444 1298 Agnum,
2486 1226 2609 1297 quia
2647 1233 2701 1280 et
2737 1224 2878 1296 Agni
2917 1239 3045 1279 caro
3082 1221 3267 1293 utique
3295 1220 3473 1291 virgo.
3516 1217 3823 1290 Sequimini

2212 1332 2336 1370 eum
2365 1314 2673 1387 virginitate
2719 1313 2901 1369 cordis
2948 1321 2999 1367 et
3045 1310 3245 1375 carnis,
3294 1322 3624 1379 quocunque
3672 1306 3817 1361 ierit.

2213 1402 2355 1471 Quid
2385 1410 2467 1457 est
2513 1419 2639 1457 eum
2685 1401 2860 1473 sequi,
2911 1399 3016 1453 nisi
3061 1397 3303 1452 imitari?
3349 1396 3420 1451 de
3468 1411 3580 1467 quo
3625 1395 3823 1449 beatus

2211 1492 2406 1545 Petrus
2431 1508 2444 1544 :
2476 1491 2749 1556 Christus,
2772 1488 2965 1559 inquit,
2987 1490 3145 1544 Jesus
3172 1502 3376 1558 passus
3397 1488 3487 1540 est
3502 1500 3608 1556 pro
3637 1484 3822 1548 nobis,

2213 1579 2359 1634 vobis
2389 1578 2716 1650 relinquens
2746 1576 3092 1648 exemplum,
3126 1578 3193 1631 ut
3217 1572 3540 1646 sequamini
3584 1572 3822 1643 vestigia

514 1673 703 1728 dicens
728 1689 741 1725 ε
769 1673 841 1726 Et
870 1670 1220 1742 respondebit
1249 1671 1577 1741 arrogantia
1606 1669 1782 1724 Israel
1812 1670 1875 1722 in
1901 1668 2110 1737 faciem
2132 1689 2185 1749 Β
2216 1668 2337 1738 ejus
2367 1666 2418 1736 (Ι
2442 1668 2596 1720 Petr.
2629 1680 2688 1731 ιι,
2721 1665 2832 1733 22).
2872 1684 2895 1713 ι

515 1763 669 1832 ejus;
700 1775 762 1814 ac
792 1759 837 1812 si
865 1758 1070 1813 diceret
1094 1774 1105 1812 :
1132 1757 1298 1828 Culpa
1320 1774 1439 1828 qua
1469 1773 1570 1828 per
1599 1756 1889 1812 elationem
1916 1753 2114 1809 mentis

515 1847 573 1902 in
603 1847 811 1902 occulto
842 1846 1015 1915 latuit,
1047 1861 1147 1915 per
1192 1844 1371 1900 carnis
1416 1844 1688 1899 luxuriam
1718 1844 1774 1897 in
1802 1851 1993 1914 aperto
2023 1858 2117 1897 re-

517 1933 824 2006 spondebit.
870 1933 1101 1989 Proinde
1149 1948 1251 2004 per
1293 1932 1608 1987 humilitatis
1654 1931 1957 1987 custodiam
2001 1946 2119 1985 ser-

514 2022 690 2079 vanda
725 2030 808 2077 est
848 2020 1109 2075 munditia
1156 2019 1440 2075 castitatis.
1477 2020 1534 2074 Si
1565 2019 1709 2074 enim
1754 2018 1974 2089 spiritus
2018 2017 2118 2072 sub

517 2111 636 2166 Deo
652 2108 931 2181 premitur,
956 2124 1084 2165 caro
1106 2107 1290 2164 illicite
1312 2124 1475 2179 super
1495 2107 1741 2178 spiritum
1762 2123 1873 2162 non
1892 2106 2115 2161 lavatur.

514 2197 692 2252 Habet
756 2196 957 2269 quippe
1022 2196 1240 2267 spiritus
1285 2195 1633 2250 commissum
1680 2194 1781 2249 sibi
1822 2193 2121 2249 dominium

516 2285 715 2350 carnis,
751 2284 797 2338 si
825 2293 1010 2339 tamen
1040 2284 1139 2339 sub
1168 2283 1403 2339 Domino
1442 2282 1788 2354 recognoscit
1822 2282 1946 2351 jura
1986 2280 2122 2352 legi-

518 2372 664 2428 tima
692 2371 987 2428 servitutis.
1011 2372 1151 2427 Nam
1182 2371 1227 2426 si
1256 2380 1539 2427 auctorem
1568 2387 1727 2425 suum
1756 2368 2121 2441 superbiendo

518 2459 835 2529 contemnit,
850 2460 975 2529 jure
1005 2468 1058 2515 et
1077 2476 1106 2513 a
1128 2460 1374 2529 subjecta
1401 2474 1567 2515 carne
1599 2458 1845 2528 pralium
1876 2456 2117 2527 suscipit.

518 2547 661 2604 Hinc
687 2555 770 2603 est
797 2547 940 2603 enim
970 2546 1118 2619 quod
1146 2546 1310 2619 longa
1339 2546 1668 2602 continentia
1696 2553 1921 2616 repente
1952 2543 2121 2599 solvi-

518 2644 628 2706 tur,
659 2635 787 2692 hinc
817 2635 961 2707 quod
989 2634 1310 2706 plerumque
1338 2643 1391 2689 et
1421 2650 1594 2705 usque
1622 2633 1691 2688 ad
1721 2632 1934 2688 senium
1962 2631 2125 2703 virgi-

519 2723 662 2779 nitas
682 2730 893 2779 servata
914 2723 1149 2778 vitiatur.
1176 2722 1314 2791 Quia
1335 2722 1479 2778 enim
1517 2721 1813 2795 negligitur
1850 2720 2122 2775 humilitas

521 2812 726 2878 cordis,
755 2818 937 2868 rectus
960 2811 1128 2881 judex
1158 2810 1380 2882 respicit
1412 2810 1575 2865 etiam
1603 2809 1969 2883 integritatem
1999 2824 2123 2864 cor-

521 2899 691 2970 poris.
718 2900 786 2953 Et
815 2900 1137 2970 quandoque
1176 2915 1277 2969 per
1318 2906 1567 2969 apertum
1610 2898 1810 2952 malum
1853 2896 2122 2968 reprobos

525 2986 826 3055 annuntiat,
854 3001 991 3057 quos
1012 2986 1215 3041 dudum
1235 2986 1498 3056 reprobos
1519 2986 1576 3040 in
1595 2985 1806 3042 occulto
1839 2985 2119 3040 tolerabat.

526 3074 667 3130 Nam
698 3033 911 3146 qui
942 3082 1211 3130 servatum
1241 3033 1444 3129 bdnum
1472 3074 1651 3129 subito
1693 3073 1944 3144 perdidit,
1977 3033 2190 3143 apudC

526 3163 879 3233 semetipsum
906 3162 1052 3217 intus
1080 3163 1225 3218 aliud
1255 3162 1458 3217 malum
1488 3162 1674 3228 tenuit,
1723 3178 1789 3217 ex
1827 3178 1935 3233 quo
1974 3162 2121 3217 aliud

525 3251 705 3307 subito
739 3250 962 3322 erupit:
995 3267 1056 3306 ac
1105 3267 1205 3322 per
1249 3251 1353 3307 hoc
1400 3250 1756 3321 omnipotenti
1801 3252 1917 3306 Deo
1959 3250 2122 3305 etiam

520 3347 646 3395 tunc
692 3338 901 3394 alienus
948 3338 1170 3405 exstitit,
1222 3338 1439 3410 quando
1469 3355 1528 3393 se
1567 3338 1615 3393 ei
1661 3354 1758 3409 per
1804 3338 2122 3393 munditiam

520 3426 770 3499 corporis
808 3426 1074 3483 inhaerere
1114 3426 1454 3483 monstravit.
1490 3428 1618 3482 Hac
1648 3441 1804 3499 ergo,
1836 3425 1981 3493 ﬁlia,
2013 3442 2123 3481 non

519 3516 646 3572 ideo
693 3514 895 3580 scribo,
927 3514 1075 3587 quod
1118 3514 1173 3568 in
1201 3514 1357 3570 vobis
1405 3514 1702 3586 quidquam
1749 3520 1818 3570 de
1866 3513 2123 3587 qualitate

521 3603 793 3675 superbia
822 3603 909 3659 vel
938 3619 1091 3658 vana
1119 3602 1311 3676 gloria
1341 3602 1728 3673 cognoverim:
1752 3603 1851 3658 sed
1880 3602 2008 3674 quia
2027 3618 2125 3657 vos

519 3700 650 3764 opto
677 3691 733 3746 in
781 3690 993 3745 illarum
1036 3690 1314 3746 consortio
1358 3706 1500 3757 esse,
1552 3692 1621 3746 de
1666 3690 1862 3763 quibus
1905 3691 2122 3763 legitur,

521 3778 781 3852 quoniam
811 3786 1112 3850 sequuntur
1149 3781 1367 3851 Agnum
1410 3795 1734 3850 quocunque
1780 3777 1902 3833 ierit
1933 3779 2122 3850 (Apoc.

526 3884 648 3935 xxv,
684 3868 758 3939 4).
794 3867 897 3922 Ubi
926 3868 1121 3923 multos
1169 3868 1433 3923 cecidisse
1481 3867 1663 3937 doleo,
1695 3883 1793 3923 vos
1822 3874 1976 3922 caute
2004 3883 2126 3920 am-

520 3956 709 4011 bulare
738 3954 1011 4021 desidero,
1063 3962 1299 4027 Optoque
1326 3962 1383 4009 ut
1412 3954 1555 4011 dicat
1582 3955 1738 4011 vobis
1782 3954 2044 4010 Dominus
2076 3962 2128 4009 et

519 4036 754 4114 sponsus
784 4049 995 4098 vester:
1025 4044 1157 4098 Tota
1186 4042 1425 4114 pulchra
1446 4058 1523 4108 es,
1548 4043 1734 4098 amica
1756 4058 1900 4109 mea,
1935 4046 1991 4097 et
2014 4059 2132 4097 ma-

535 4130 667 4186 cula
694 4144 811 4185 non
842 4132 929 4185 est
960 4130 1023 4185 in
1055 4133 1109 4184 te
1139 4128 1326 4198 (Cant.
1359 4144 1436 4199 IV,
1482 4131 1558 4200 ἵ).
1610 4129 1798 4200 Itaque
1842 4128 2131 4200 sequimini

526 4216 616 4273 hic
644 4219 859 4289 Agnum
880 4216 935 4270 in
953 4216 1243 4289 praceptis
1265 4216 1396 4285 suis,
1433 4225 1491 4271 ut
1518 4217 1640 4288 ipso
1659 4217 1952 4273 auxiliante
1979 4217 2132 4272 illum

522 4305 679 4378 sequi
726 4305 955 4362 valeatis
999 4305 1056 4359 in
1098 4313 1301 4361 atema
1345 4304 1474 4371 vita,
1522 4306 1792 4362 cantando
1838 4306 2127 4373 canticum,

2287 1754 2437 1809 Hanc
2469 1753 2757 1824 epistolam
2784 1752 2909 1807 ideo
2955 1750 3043 1806 hic
3086 1748 3388 1820 posuimus,
3420 1755 3481 1802 ut
3507 1746 3823 1818 legentibus

2216 1849 2490 1913 appareat,
2524 1849 2804 1912 quantum,
2852 1840 2991 1896 sicut
3038 1838 3295 1893 admonet
3337 1835 3657 1907 Apostolus,
3705 1844 3823 1890 stu-

2218 1931 2366 1985 dium
2396 1929 2646 1985 habuerit
2675 1929 2793 1998 ejus
2820 1944 2941 1999 qua
2969 1926 3269 1983 secundum
3311 1925 3575 1995 pietatem
3603 1932 3688 1980 est
3715 1924 3822 1979 do-

2219 2018 2424 2086 ctrina,
2459 2026 2511 2073 et
2543 2034 2705 2088 quam
2732 2024 2926 2088 potens
2956 2013 3118 2071 fuerit
3145 2014 3201 2069 in
3229 2012 3353 2085 ipsa
3376 2012 3631 2070 doctrina
3657 2012 3822 2069 etiam

2218 2106 2357 2163 alios
2387 2105 2679 2163 exhortari.

2812 2192 3042 2250 CAPUT
3070 2193 3217 2249 XVI.

2289 2284 2557 2339 Praterea
2584 2281 2873 2356 legationis
2902 2297 3017 2337 sua
3053 2280 3307 2348 cilicium,
3340 2280 3491 2351 quod
3517 2278 3590 2334 ad
3615 2277 3825 2350 pradi-

2219 2372 2451 2429 candum
2481 2372 2734 2443 gentibus
2761 2370 2990 2427 verbum
3036 2370 3138 2426 Dei
3183 2369 3436 2440 primitus
3464 2384 3496 2423 a
3524 2368 3825 2423 decessore

2220 2476 2318 2516 suo
2348 2467 2663 2530 susceptum
2692 2467 2795 2525 est,
2828 2466 2882 2514 et
2908 2458 3257 2530 postmodum
3302 2456 3405 2512 sibi
3454 2454 3826 2512 successionis

2214 2548 2339 2617 jure
2369 2548 2525 2620 quasi
2555 2546 2952 2603 hareditarium
2994 2545 3262 2617 provenit,
3310 2544 3547 2618 impigre
3590 2558 3826 2599 exsecu-

2218 2644 2306 2691 tus
2337 2644 2435 2703 est,
2468 2636 2587 2707 ipse
2619 2636 2837 2707 quidem
2857 2651 2955 2706 per
2974 2651 3034 2691 se
3051 2634 3263 2707 quoties
3289 2634 3682 2705 occupationes
3707 2630 3828 2686 alia

2220 2725 2483 2791 sinerent,
2515 2724 2696 2780 eidem
2737 2723 2997 2797 legationi
3037 2723 3326 2789 insistens;
3372 2737 3597 2793 semper
3642 2728 3827 2776 autem

2218 2812 2539 2868 constitutos
2566 2813 2776 2867 habens
2805 2812 3181 2883 presbyteros,
3213 2827 3312 2882 per
3339 2826 3480 2882 quos
3508 2816 3567 2864 et
3592 2809 3825 2865 verbum

2220 2901 2322 2956 Dei
2352 2901 2584 2973 gentiles
2611 2900 2881 2967 audirent,
2915 2909 2970 2956 et
2997 2900 3251 2955 solatium
3292 2898 3493 2969 captivi
3531 2896 3827 2953 Christiani

2221 2989 2507 3056 haberent,
2539 2990 2611 3044 ad
2640 2988 2900 3045 ecclesias
2924 2988 3066 3043 inter
3095 2988 3244 3059 ipsos
3272 3002 3522 3059 paganos
3551 2985 3825 3042 constitu-

2220 3086 2304 3133 tas
2323 3078 2488 3150 longe
2508 3078 2575 3132 ab
2598 3077 2834 3134 ecclesia
2853 3076 3000 3134 sedis
3020 3092 3154 3143 sua,
3173 3076 3426 3148 quodque
3443 3073 3829 3149 gravissimum

2219 3174 2367 3233 erat,
2403 3165 2630 3220 marinis
2676 3164 3081 3222 discriminibus
3126 3164 3428 3220 adeundus.
3461 3163 3600 3233 Qua
3627 3160 3831 3218 discri-

2218 3253 2369 3309 mina
2424 3254 2544 3325 ipse
2597 3252 2931 3325 frequentius
2986 3261 3042 3309 et
3093 3252 3460 3308 abundantius
3516 3250 3794 3306 sustinens
3810 3292 3827 3313 ,

2221 3358 2367 3412 sape
2413 3350 2674 3413 tanquam
2706 3341 2775 3397 de
2803 3358 2864 3397 se
2892 3341 3192 3397 testabatur
3235 3339 3553 3412 Apostolus,
3599 3337 3827 3394 naufra-

2221 3430 2371 3503 gium
2412 3429 2649 3501 pertulit,
2685 3446 2831 3501 sape
2861 3429 2919 3484 in
2945 3429 3192 3501 proximo
3234 3438 3348 3484 erat
3374 3436 3433 3483 ut
3460 3444 3588 3485 cum
3633 3427 3827 3483 eodem

2222 3518 2407 3574 dicere
2435 3526 2621 3588 posset
2652 3536 2667 3573 :
2701 3520 2870 3575 Nocte
2899 3523 2958 3574 et
2982 3519 3073 3574 die
3101 3518 3165 3573 in
3196 3517 3480 3591 profundo
3526 3517 3708 3573 maris
3737 3518 3825 3587 fui

2223 3605 2299 3677 (II
2328 3606 2448 3662 Cor.
2481 3620 2563 3676 x1,
2595 3606 2707 3675 25).
2746 3606 2853 3662 Sed
2880 3605 3128 3677 profecto
3156 3606 3348 3661 aderat
3364 3605 3415 3660 ei
3436 3605 3672 3676 Spiritus
3699 3619 3825 3659 san-

2224 3701 2363 3763 ctus,
2386 3693 2477 3765 qui
2498 3694 2554 3749 in
2573 3693 2853 3749 exterioris
2876 3694 3112 3749 hominis
3134 3694 3482 3764 corruptione
3512 3693 3825 3749 interiorem

2226 3789 2513 3837 renovaret
2541 3781 2611 3837 de
2642 3781 2731 3836 die
2759 3782 2815 3836 in
2844 3782 3009 3847 diem,
3044 3790 3097 3837 et
3124 3797 3221 3852 spe
3262 3781 3453 3837 futura
3479 3779 3828 3837 beatitudinis

2226 3868 2404 3925 omnia
2424 3869 2712 3939 praesentis
2733 3870 2856 3925 vita
2883 3886 3075 3941 aspera
3102 3869 3369 3935 deliniret,
3402 3877 3455 3924 et
3484 3869 3679 3942 gravia
3698 3867 3829 3924 releo

2227 3965 2394 4013 varet.
2429 3957 2827 4013 Consolabatur
2855 3958 2999 4013 enim
3028 3958 3283 4014 continua
3323 3957 3674 4014 meditatione
3703 3973 3821 4013 ser-

2225 4044 2404 4100 monis
2420 4046 2706 4116 apostolici
2730 4064 2743 4101 :
2771 4046 2911 4114 Quia
2930 4063 3045 4103 non
3066 4050 3207 4102 sunt
3222 4046 3519 4118 condigna:
3535 4047 3821 4119 passiones

2230 4134 2399 4205 hujus
2430 4135 2698 4206 temporis
2728 4136 2799 4190 ad
2828 4138 3091 4206 futuram
3118 4135 3361 4207 gloriam
3401 4151 3525 4207 quae
3553 4134 3821 4191 revelabi-

2231 4227 2328 4278 tur
2355 4224 2418 4278 in
2450 4224 2596 4279 vobis
2628 4223 2804 4295 (Rom.
2837 4239 2957 4291 vui,
2991 4225 3081 4295 18)
3113 4241 3127 4278 :
3157 4239 3220 4279 ac
3249 4223 3329 4279 sic
3357 4239 3700 4296 quacunque
3723 4222 3818 4278 ﬁe-

2228 4318 2351 4366 rent
2378 4310 2514 4366 dura
2543 4310 2831 4379 laboranti,
2873 4312 3159 4369 mitescere
3198 4311 3447 4369 solebant
3475 4312 3670 4368 eadem
3693 4325 3817 4384 pro-

522 4394 670 4468 quod
698 4410 860 4450 nemo
888 4401 1065 4466 potest
1091 4392 1272 4450 dicere
1304 4393 1411 4449 nisi
1438 4394 1638 4450 chorus
1667 4394 1967 4467 virgineus.
1999 4395 2129 4451 Hac
2153 4384 2208 4448 D
2230 4407 2349 4471 pter
2376 4399 2647 4455 Christum
2670 4400 2953 4456 sustinenti
2980 4409 3025 4455 ³.

520 4482 750 4556 pulchre
782 4483 976 4538 beatus
1009 4482 1345 4553 Augustinus
1375 4482 1618 4555 virgines
1656 4482 2001 4538 admonendo
2029 4499 2129 4538 ex-

525 4570 707 4643 posuit
737 4571 925 4643 (Aug.,
958 4569 1024 4626 de
1052 4574 1254 4627 sancta
1308 4572 1449 4642 Virg.
1482 4586 1601 4641 cap.
1634 4570 1746 4639 27).
1780 4570 2014 4643 Pergite,
2047 4569 2130 4625 in-

530 4658 664 4730 quit,
698 4658 871 4715 sancti
910 4657 1012 4713 Dei
1051 4657 1209 4729 pueri
1253 4666 1307 4713 et
1348 4658 1559 4729 puella,
1592 4673 1773 4713 mares
1802 4675 1863 4713 ac
1891 4657 2127 4725 femina,

535 4746 758 4803 calibes
790 4754 842 4802 et
874 4746 1131 4817 innupta,
1162 4746 1374 4819 pergite
1403 4754 1818 4818 perseveranter
1852 4746 1909 4805 in
1948 4745 2131 4802 ﬁnem.

529 4833 764 4890 Laudate
796 4835 1088 4889 Dominum
1108 4834 1343 4902 dulcius,
1372 4851 1536 4906 quem
1564 4834 1848 4905 cOgitastis
1868 4834 2089 4890 uberius
2115 4852 2128 4889 :

530 4929 750 4995 sperate
792 4921 1020 4989 felicius,
1071 4921 1160 4979 cui
1205 4922 1422 4980 servitis
1471 4922 1757 4978 instantius
1789 4940 1803 4978 :
1836 4930 2017 4980 amate
2043 4939 2131 4979 ar-

599 5075 624 5103 ⁸
664 5072 857 5125 Omittit
901 5074 994 5123 hoc
1042 5074 1148 5123 loco
1190 5078 1359 5125 auctor
1405 5073 1588 5124 factum
1648 5074 1889 5137 quoddam
1945 5074 2132 5138 insigne

531 5140 692 5190 sancti
729 5140 999 5202 Remberti,
1025 5141 1075 5190 in
1098 5140 1528 5191 Observationibus
1566 5141 1760 5203 praviis
1804 5140 2031 5203 relatum,
2070 5141 2131 5191 de

533 5207 1018 5323 \Ir‘ictogialfrisonum
1042 5207 1092 5256 in
1119 5209 1437 5258 Nortmannos
1474 5211 1723 5269 reportata
1765 5207 1952 5257 meritis
1974 5208 2131 5258 sancti

578 5285 655 5323 em
691 5285 746 5323 er
770 5286 805 5322 ι.

605 5384 633 5420 δ
657 5389 770 5438 Hac
794 5387 943 5438 verba
966 5401 1028 5439 ex
1050 5388 1146 5439 hac
1168 5387 1279 5437 Vita
1305 5388 1456 5438 refert
1479 5387 1691 5439 Adamus
1714 5387 1764 5437 in
1787 5399 1898 5451 cap,
1924 5388 2009 5451 52,
2048 5401 2134 5439 ca-

538 5451 641 5518 pite
662 5453 895 5516 vigesimo
935 5454 1166 5507 mendose
1206 5453 1356 5505 citato
1380 5466 1394 5505 :
1422 5457 1471 5505 et
1494 5456 1606 5517 post
1644 5453 1751 5505 haec
1790 5449 1941 5505 verba
1976 5449 2130 5518 addit,

2807 4507 3035 4563 CAPUT
3070 4507 3244 4562 XVII.

2299 4593 2385 4649 Ad
2413 4594 2839 4665 redemptionem
2884 4595 3220 4667 captivorum
3266 4594 3478 4652 cunctis
3521 4611 3662 4666 pene
3704 4609 3813 4667 qua

2229 4681 2459 4738 habebat
2488 4682 2763 4754 expensis,
2796 4698 2921 4739 cum
2947 4683 3242 4739 multorum
3280 4684 3461 4740 adhuc
3490 4684 3632 4755 apud
3659 4698 3813 4755 paga-

2229 4788 2331 4827 nos
2358 4772 2701 4828 detentorum
2746 4773 3024 4829 miseriam
3070 4789 3296 4831 cernere
3326 4783 3634 4848 cogeretur,
3664 4774 3809 4829 etiam

2230 4860 2416 4915 altaris
2445 4876 2579 4916 vasa
2607 4860 2677 4915 ad
2706 4862 3136 4933 redemptionem
3163 4878 3355 4918 eorum
3383 4862 3695 4934 impendere
3712 4875 3806 4915 non

2230 4948 2491 5005 dubitavit
2518 4958 2565 5003 ιι.
2596 4950 2659 5004 In
2689 4966 2797 5022 quo
2826 4951 2955 5006 dum
2975 4950 3297 5023 quibusdam
3316 4950 3497 5007 minus
3524 4948 3806 5006 sublimiter

2229 5084 2547 5136 Rembertum
2571 5084 2750 5136 dixisse
2776 5097 2885 5136 cum
2925 5085 3070 5136 beato
3094 5086 3352 5137 Ambrosio
3378 5101 3394 5137 :
3420 5087 3599 5137 Helius
3618 5090 3691 5135 est
3706 5083 3800 5135 ni—

2228 5164 2332 5201 mas
2356 5151 2581 5211 Domino,
2609 5165 2751 5214 quam
2775 5165 2952 5203 aurum
2972 5165 3196 5203 servare.
3221 5153 3449 5203 Pretiosa
3464 5157 3580 5203 sunt
3598 5165 3706 5214 ergo
3726 5150 3799 5198 ειιι

2231 5230 2368 5279 vasa,
2396 5230 2505 5279 qua:
2527 5219 2718 5268 animas
2752 5220 2813 5269 de
2853 5225 3007 5269 morte
3041 5219 3310 5269 redimunt.
3353 5220 3484 5281 Lege
3515 5219 3684 5269 librum
3709 5229 3721 5265 ι
3744 5215 3796 5263 de

2230 5282 2537 5412 ἔξωῗέἓὲῐὶ
2575 5284 2772 5336 Casarii
2800 5282 3012 5349 episcopi
3047 5283 3368 5351 Arelatensis,
3409 5296 3546 5337 num.
3576 5286 3633 5335 l7
3655 5287 3702 5334 et
3728 5292 3798 5331 se-
