4060 6184
245 226 396 279 1005

1754 218 1938 279 VITA.

3412 229 3555 286 1006

247 343 691 418 intelligentibus
720 360 833 401 non
858 352 1004 402 recte
1047 346 1323 402 videretur
1352 346 1567 414 fecisse,
1601 346 1757 419 quasi
1787 346 1856 401 ad
1884 345 1939 408 Α
1968 362 2133 418 super
2161 363 2351 404 omnes
2393 350 2641 406 homines
2671 349 2838 406 fuisse
2867 350 3195 407 describitur
3223 352 3411 423 (Num.
3444 369 3551 423 xu,

257 433 406 488 alios
434 450 570 488 usus
598 433 878 506 redigeret
894 450 1013 505 qua
1030 435 1203 490 sacris
1220 443 1373 489 erant
1391 435 1643 505 deputata
1661 442 1861 505 myste-

254 521 377 586 riis,
440 529 495 577 et
522 537 554 577 a
584 522 822 592 quodam
876 522 1242 595 interrogatus
1298 521 1505 588 fuisset,
1563 537 1732 593 quare
1790 520 1865 575 ita

256 608 490 676 faceret,
514 609 664 678 justa
694 609 903 666 ratione
940 610 1236 666 sciscitanti
1264 610 1603 666 satisfaciens
1633 627 1647 664 :
1684 630 1706 659 ι
1741 610 1865 664 Non

258 696 483 769 ignoro,
502 698 694 768 inquit,
713 713 802 752 res
830 697 1182 754 ecclesiastici
1212 697 1373 754 oﬁicii
1402 698 1567 770 digne
1596 713 1720 752 esse
1750 705 1865 750 tra-

261 784 517 850 ctandas,
549 792 601 840 et
632 785 734 840 sub
761 801 963 858 magna
990 786 1108 841 fore
1137 786 1468 858 obligatione
1496 786 1567 840 ad
1595 786 1700 841 hoc
1729 801 1866 855 Opus

260 872 566 943 depositas.
594 874 973 929 Verumtamen
1004 874 1127 944 plus
1157 882 1239 930 est
1265 874 1404 945 apud
1425 875 1599 928 Deum
1626 889 1724 943 per
1752 874 1867 929 hac

200 978 203 979 '
264 959 554 1015 subveniri
581 960 814 1031 captivis
842 961 1160 1016 Christianis
1184 962 1239 1016 in
1267 962 1518 1034 angustia
1539 960 1865 1027 constitutis,

265 1064 433 1118 quam
463 1063 586 1103 esse
629 1048 803 1119 possit
849 1049 1154 1120 depositum
1199 1049 1303 1104 ista
1332 1049 1691 1105 custodiendi.
1722 1049 1793 1104 Et
1823 1048 1869 1102 si

265 1136 573 1191 necessitas
601 1136 909 1193 incubuerit
924 1137 1156 1193 duorum
1182 1138 1453 1194 bonorum
1479 1154 1646 1193 unum
1666 1137 1869 1210 eligere

270 1231 325 1280 et
354 1224 466 1280 alio
495 1240 708 1288 carere,
731 1233 946 1296 Oportet
975 1241 1258 1282 assumere
1287 1228 1431 1298 quod
1462 1235 1545 1282 est
1571 1225 1783 1292 melius,
1817 1233 1871 1280 et

269 1312 589 1384 relinquere
616 1313 763 1384 quod
809 1313 1043 1369 habetur
1073 1314 1318 1369 inferius.
1348 1316 1504 1370 Unde
1535 1323 1587 1369 et
1617 1330 1741 1386 ego,
1774 1313 1866 1383 ait,

271 1416 403 1457 cum
450 1401 662 1456 nullum
692 1400 840 1456 aliud
868 1401 1047 1456 habeo
1078 1402 1382 1469 consilium,
1412 1418 1520 1458 non
1550 1402 1713 1472 impie
1741 1417 1867 1473 ago,

271 1490 319 1544 si
358 1489 747 1558 Christianum,
794 1488 887 1561 qui
940 1488 1082 1545 ﬁlius
1131 1489 1233 1545 Dei
1280 1498 1381 1555 est,
1430 1506 1554 1546 cum
1602 1489 1873 1545 thesauris

273 1577 526 1633 ecclesia
554 1577 767 1632 redimo
790 1594 804 1631 :
828 1592 953 1633 cum
984 1585 1038 1633 et
1067 1593 1283 1648 semper
1308 1577 1549 1632 invenire
1578 1576 1870 1647 possimus,

1964 434 2037 503 3).
2068 435 2367 507 Aliquoties
2397 445 2579 492 tamen
2600 437 2717 492 sine
2733 438 2842 493 ullo
2873 438 3116 507 ejusdem
3130 440 3556 496 mansuetudinis

1964 522 2283 578 detrimento
2329 524 2404 579 ita
2451 525 2790 596 inquirendis
2833 526 2920 580 vel
2967 527 3320 583 discutiendis
3374 527 3557 584 causis

1966 618 2218 665 constans
2263 627 2329 668 ac
2354 610 2493 667 ﬁxus
2522 614 2578 667 in
2608 629 2704 667 sua
2748 614 3016 669 sententia
3061 616 3277 684 mansit,
3310 622 3369 670 ut
3397 631 3428 670 a
3456 631 3559 671 ne-

1965 698 2109 752 mine
2154 707 2337 768 posset
2384 700 2440 753 in
2479 700 2623 755 aliud
2652 700 2889 757 deﬂecti.
2922 701 3081 769 Quod
3111 711 3295 757 autem
3321 702 3558 758 diximus

1967 785 2174 856 absque
2200 787 2628 842 mansuetudinis
2656 788 2979 843 detrimento
3009 789 3112 844 hoc
3141 788 3280 856 ﬁeri,
3316 798 3428 845 tam
3457 807 3559 847 ve-

1968 872 2165 927 raciter
2209 874 2263 927 in
2292 874 2386 929 illo
2426 875 2778 946 adimpletum
2822 884 2922 944 est,
2955 884 3014 931 ut
3042 877 3117 931 nil
3158 893 3399 949 unquam
3446 878 3557 934 ira-

1969 959 2181 1015 cundia
2206 961 2293 1015 vel
2322 963 2699 1018 commotionis
2728 964 3218 1020 contradicentibus
3237 965 3557 1035 ostenderit,

1968 1047 2057 1103 vel
2086 1048 2270 1127 verbis
2316 1051 2524 1120 asperis
2552 1060 2740 1107 contra
2777 1068 2873 1108 eos
2899 1053 3071 1124 egerit
3101 1071 3114 1107 :
3148 1054 3246 1108 sed
3274 1053 3560 1110 familiari-

1970 1135 2071 1190 bus
2145 1136 2429 1208 colloquiis
2485 1146 2538 1193 et
2605 1140 2910 1195 delectabili
2982 1141 3325 1198 continentia
3377 1150 3556 1215 gestu,

1971 1224 2180 1279 cunctis
2222 1226 2293 1279 sit
2334 1226 2636 1283 amabiliter
2681 1237 2964 1285 exsecutus
3012 1230 3276 1301 quidquid
3302 1231 3559 1288 intende-

1971 1312 2061 1366 bat
2085 1330 2098 1365 :
2122 1313 2190 1368 de
2207 1329 2270 1367 ea
2290 1321 2471 1369 tamen
2505 1331 2629 1386 qua
2654 1316 2733 1370 illi
2760 1316 2931 1371 inerat
2958 1317 3345 1375 inﬂexibilitate
3373 1319 3558 1390 animi,

1969 1416 2000 1454 a
2032 1401 2261 1471 quodam
2290 1401 2604 1457 familiarius
2632 1403 3015 1477 interrogatus,
3047 1422 3166 1477 qua
3193 1406 3334 1461 infra
3360 1407 3564 1464 haben-

1971 1495 2055 1542 tur
2085 1490 2354 1559 exposuit.
2392 1513 2414 1538 ιι
2451 1489 2822 1563 Quacunque,
2853 1493 3046 1563 inquit,
3077 1509 3243 1565 agere
3270 1495 3447 1551 debeo
3475 1495 3563 1552 vel

1972 1575 2240 1646 omittere,
2292 1594 2390 1632 seu
2425 1578 2495 1632 de
2541 1580 2792 1633 omnibus
2840 1579 3033 1636 futuris
3078 1582 3212 1636 mihi
3255 1583 3561 1650 eventibus,

272 1666 425 1737 quod
452 1665 521 1719 ad
549 1681 707 1720 usum
737 1665 876 1720 sacri
906 1665 1134 1721 suﬁiciat
1160 1666 1447 1721 ministerii
1479 1683 1492 1719 :
1527 1666 1871 1736 irrecupera-
1898 1685 1954 1747 Β
1972 1663 2301 1737 prasagium
2345 1680 2563 1736 semper
2604 1666 2761 1737 capio
2809 1684 2877 1723 ex
2917 1668 3218 1724 visionibus
3258 1670 3475 1726 Domini
3504 1685 3572 1726 ac

271 1754 387 1809 bile
413 1761 594 1809 autem
623 1752 710 1821 sit,
733 1754 780 1809 si
809 1754 1143 1809 Christianus
1158 1754 1214 1808 in
1239 1753 1565 1825 captivitatis
1586 1752 1870 1809 afﬂictione

272 1840 513 1899 deﬁciat.
552 1866 574 1889 ιι

850 1967 1074 2023 CAPUT
1109 1966 1305 2023 XVIII.

347 2070 602 2144 Exempli
631 2078 811 2128 autem
838 2087 1005 2128 causa
1025 2088 1191 2127 unum
1220 2072 1288 2127 de
1316 2070 1694 2140 hujuscemodi
1720 2069 1878 2127 factis

276 2176 793 2227 commemoramus,
827 2161 882 2214 in
911 2176 1020 2232 quo
1046 2176 1157 2215 non
1203 2160 1384 2214 minus
1410 2160 1466 2214 in
1491 2160 1735 2231 potentia
1770 2158 1878 2213 mi-

276 2250 475 2318 raculi,
520 2265 682 2321 quam
724 2249 781 2303 in
826 2265 993 2319 opere
1036 2248 1428 2304 misericordia
1468 2248 1693 2303 refulsit.
1746 2248 1880 2303 Cum

275 2337 523 2395 venisset
552 2337 787 2408 quadam
815 2336 933 2392 vice
961 2336 1031 2391 ad
1059 2345 1241 2406 partes
1267 2338 1565 2403 Danorum,
1594 2336 1685 2391 ubi
1712 2336 1882 2392 eccle-

278 2426 426 2484 siam
469 2424 698 2480 novella
736 2424 1117 2479 Christianitati
1143 2433 1511 2480 constructam
1540 2425 1794 2488 habebat,
1827 2423 1884 2477 in

276 2513 408 2569 loco
440 2512 534 2584 qui
577 2513 775 2568 dicitur
804 2512 1091 2580 Sliasvich,
1133 2513 1265 2568 vidit
1293 2512 1691 2567 multitudinem
1721 2512 1882 2567 Chri-

283 2602 587 2657 stianorum
635 2609 936 2657 catenatam
990 2601 1128 2655 trahi
1173 2601 1443 2671 captivam
1492 2619 1507 2655 :
1553 2601 1698 2657 inter
1747 2615 1884 2672 quas

284 2705 399 2745 una
429 2688 877 2757 sanctimonialis,
908 2697 966 2743 ut
993 2689 1206 2744 eminus
1246 2689 1398 2742 illum
1427 2689 1728 2759 conspexit,
1762 2703 1884 2744 cum

281 2777 670 2852 genuﬂexione
699 2785 753 2832 et
780 2777 978 2832 crebra
1002 2777 1194 2847 capitis
1222 2776 1567 2833 inclinatione
1596 2786 1705 2832 tam
1733 2776 1885 2831 illum

282 2865 563 2935 venerari,
596 2880 758 2937 quam
790 2866 908 2935 ejus
936 2865 1370 2921 misericordiam
1400 2882 1502 2936 pro
1543 2882 1638 2920 sua
1667 2866 1886 2920 redem-

276 2954 470 3025 ptione
515 2953 728 3025 precari
791 2954 1102 3009 videbatur.
1169 2955 1237 3008 Et
1278 2962 1336 3008 ut
1382 2970 1503 3009 eam
1558 2953 1887 3026 intelligeret

1974 1753 2284 1809 decessoris
2314 1753 2420 1808 mei
2448 1754 2722 1826 Ansgarii.
2757 1756 2906 1811 Solet
2936 1757 3080 1812 enim
3107 1757 3237 1812 mihi
3267 1758 3386 1829 ipse
3403 1774 3570 1830 appa-

1974 1857 2099 1896 rens
2128 1840 2185 1895 in
2213 1842 2467 1913 qualitate
2505 1842 2681 1897 vultus
2724 1843 2807 1898 sui
2855 1844 3162 1913 ostendere,
3209 1846 3440 1916 qualiter
3476 1862 3566 1902 me

1974 1928 2283 1985 immiscere
2329 1930 2558 1984 debeam
2605 1930 2768 1985 rebus
2815 1932 3074 2002 agendis;
3108 1939 3161 1986 et
3205 1933 3468 2004 quidquid
3495 1935 3566 1989 de

1976 2016 2070 2072 illo
2098 2018 2291 2083 sentio,
2322 2018 2525 2072 nullam
2571 2018 2641 2073 ad
2674 2019 2778 2075 hoc
2807 2020 3217 2092 exsequendum
3246 2020 3563 2077 dissimula-

1976 2104 2182 2161 tionem
2210 2104 2392 2161 facere
2420 2121 2664 2176 possum.
2702 2127 2725 2157 ι

2577 2274 2801 2331 CAPUT
2837 2274 2966 2330 XX.

2054 2397 2245 2451 Fertur
2287 2396 2445 2451 etiam
2489 2397 2829 2470 antiquorum
2870 2414 3024 2454 more
3077 2408 3388 2456 sanctorum
3418 2418 3573 2474 qua-

1984 2484 2111 2539 dam
2139 2484 2335 2540 fecisse
2362 2485 2642 2552 miracula,
2676 2484 2991 2556 frequenter
3018 2487 3269 2544 videlicet
3299 2490 3428 2544 dum
3473 2490 3579 2547 iret

1983 2573 2050 2626 ad
2090 2572 2398 2641 Sueoniam,
2445 2580 2822 2643 tempestatem
2870 2575 3039 2629 maris
3088 2576 3421 2632 orationibus
3461 2578 3576 2634 suis

1986 2660 2230 2729 sedasse,
2261 2660 2392 2715 caci
2422 2648 2706 2729 cujusdam
2735 2661 2923 2717 oculos
2952 2662 3285 2720 illuminasse
3311 2680 3412 2735 per
3440 2681 3580 2721 con-

1986 2746 2369 2813 ﬁrmationem,
2422 2764 2582 2819 quam
2627 2749 2923 2820 episcopali
2959 2766 3113 2806 more
3142 2766 3263 2807 cum
3291 2752 3584 2809 chrismate

1987 2851 2141 2891 sacro
2182 2836 2236 2889 in
2283 2836 2475 2891 eodem
2520 2835 2771 2893 faciebat.
2819 2838 2926 2892 Sed
2973 2847 3026 2894 et
3070 2837 3240 2894 ﬁlium
3288 2841 3582 2912 quemdam

1988 2925 2136 2995 regis
2165 2924 2363 2980 dicitur
2392 2940 2425 2979 a
2454 2925 2724 2981 damonio
2754 2926 3017 2982 liberasse
3048 2945 3062 2981 :
3095 2928 3183 2984 cui
3227 2929 3392 2984 etiam
3434 2929 3583 2986 aﬁir-

281 3012 458 3098 l'uisse
486 3012 863 3109 Christianam,
886 3041 1099 3098 elevata
1125 3041 1285 3097 altius
1316 3058 1450 3098 voce
1482 3042 1645 3113 capit
1672 3012 1891 3100 cantare
1921 3031 1972 3096 C
1990 3012 2359 3113 Tationiﬁoc
2387 3013 2670 3113 ξλδίίξδωθΐί
2712 3014 2945 3113 Ϋίάθίίπν
2980 3016 3126 3113 quo}!
3171 3017 3354 3113 mimis
3392 3026 3581 3113 ³⁸9³⁵

285 3131 549 3202 psalmos,
595 3132 900 3201 Episcopus
946 3138 1127 3185 autem
1173 3130 1525 3186 miseratione
1563 3140 1885 3197 commotus,

287 3218 550 3274 divinitus
604 3233 725 3273 eam
772 3218 1013 3287 adjuvari
1056 3234 1181 3274 cum
1220 3219 1474 3290 lacrymis
1537 3220 1745 3275 orabat.
1804 3219 1890 3275 Ad

287 3307 451 3376 cujus
478 3321 674 3377 preces
710 3321 835 3361 mox
878 3306 1127 3378 disrupta
1153 3315 1236 3363 est
1263 3315 1457 3363 catena
1483 3309 1552 3363 de
1579 3308 1720 3364 collo
1749 3308 1885 3377 ejus,

290 3412 419 3467 qua
446 3395 625 3451 vincta
653 3395 955 3451 tenebatur.
977 3396 1062 3451 Ne
1091 3403 1268 3451 tamen
1296 3396 1415 3466 ipsa
1440 3395 1743 3467 aufugeret,
1768 3411 1891 3451 eam

289 3484 440 3539 inter
465 3498 659 3538 manus
687 3484 952 3539 habentes
979 3485 1181 3554 pagani
1212 3483 1370 3540 facile
1397 3484 1729 3540 obtinebant.
1753 3485 1889 3539 Tum

289 3579 518 3627 sanctus
543 3571 833 3642 episcopus
860 3571 1018 3627 anxio
1039 3571 1106 3626 de
1137 3571 1227 3625 illa
1255 3580 1434 3627 motus
1463 3572 1678 3640 affectu,
1703 3580 1892 3628 tenen-

288 3658 440 3715 tibus
467 3675 586 3714 eam
629 3659 864 3732 paganis
904 3659 1065 3730 plura
1102 3659 1307 3715 diversi
1338 3660 1560 3733 generis
1587 3659 1765 3731 pretia
1790 3676 1893 3731 pro

292 3748 415 3819 ipsa
468 3747 630 3818 capit
687 3745 908 3803 oﬁ'erre.
970 3748 1079 3803 Sed
1133 3748 1212 3802 illi
1259 3748 1462 3803 nullam
1528 3748 1894 3804 conditionem

294 3834 575 3907 suscipere
604 3834 875 3901 volebant,
907 3835 1014 3889 nisi
1042 3852 1197 3891 suum
1228 3836 1308 3891 eis
1337 3837 1492 3891 daret
1532 3852 1753 3908 equum,
1789 3851 1895 3908 quo

292 3924 366 3980 ad
391 3923 671 3995 propriam
702 3922 894 3978 sellam
921 3923 998 3977 uti
1030 3923 1258 3979 solebat.
1286 3922 1443 3991 Quod
1472 3924 1563 3978 ille
1582 3923 1767 3979 facere
1786 3940 1898 3978 non

293 4012 631 4077 detrectans,
680 4018 905 4082 repente
951 4010 1173 4066 disilivit
1201 4010 1324 4082 [al.,
1366 4010 1600 4084 desiluit]
1632 4012 1700 4067 de
1731 4028 1893 4083 equo,

297 4109 353 4156 et
381 4116 509 4157 cum
538 4098 686 4154 omni
713 4114 877 4170 quam
906 4099 1024 4170 ipse
1050 4098 1122 4154 ad
1151 4115 1275 4154 eum
1303 4099 1491 4154 habuit
1519 4108 1772 4170 paratura
1798 4115 1899 4170 pro

295 4187 492 4243 eadem
519 4186 668 4242 dedit
695 4186 928 4256 captiva,
964 4186 1412 4258 redemptamque
1443 4187 1691 4243 libertate
1721 4188 1900 4242 dona-

298 4276 397 4341 vit,
432 4281 487 4330 et
516 4289 625 4346 quo
653 4274 817 4331 vellet
845 4273 995 4329 abire
1025 4274 1290 4345 permisit.
1316 4275 1547 4346 Duplex,
1572 4283 1628 4329 ut
1644 4274 1897 4343 diximus,

297 4380 404 4437 per
429 4364 537 4419 hoc
566 4362 764 4419 factum
809 4362 876 4418 de
907 4378 967 4417 se
1004 4362 1325 4418 memoriale
1356 4362 1534 4417 laudis
1562 4362 1896 4433 relinquens,
1926 4380 1981 4444 D

300 4452 453 4526 quod
482 4460 535 4507 et
570 4451 768 4507 virtute
810 4450 1070 4507 orationis
1119 4468 1231 4508 sua
1277 4458 1525 4507 catenam
1569 4449 1811 4522 fregerit,
1845 4458 1898 4506 et

298 4541 467 4596 simul
511 4541 617 4597 hoc
660 4539 878 4613 insigne
943 4555 1081 4613 Opus
1124 4538 1514 4597 misericordia
1560 4539 1900 4595 demonstra-

298 4628 465 4686 verit.

890 4753 1114 4811 CAPUT
1158 4753 1312 4809 XIX.

372 4857 609 4917 Proinde
649 4858 805 4931 juxta
847 4868 1181 4933 praeceptum
1224 4857 1489 4931 Apostoli,
1531 4874 1639 4931 quo
1682 4873 1902 4914 servum

302 4948 526 5006 Domini
548 4948 702 5019 jubet
737 4955 1078 5004 mansuetum
1108 4964 1232 5004 esse
1260 4948 1331 5003 ad
1359 4963 1551 5002 omnes
1582 4948 1660 5018 (II
1687 4948 1822 5003 Tim.
1846 4951 1900 5013 2,

301 5038 421 5108 24),
452 5038 526 5092 ita
552 5037 703 5104 vixit,
733 5044 793 5092 ut
820 5036 935 5092 suis
979 5037 1320 5109 temporibus
1365 5036 1563 5102 nullus,
1598 5034 1737 5091 sicut
1761 5034 1901 5105 ipse,

302 5125 603 5183 Mosaicum
646 5124 779 5181 illud
832 5125 1231 5192 assimilaverit,
1295 5140 1402 5197 quo
1458 5123 1543 5179 vir
1588 5122 1904 5178 mitissimus

375 5261 401 5289 ⁸
425 5258 641 5310 Adamus
664 5260 714 5310 in
739 5272 848 5325 cap.
874 5257 941 5309 54
964 5273 978 5310 :
1005 5261 1147 5310 Hunc
1172 5259 1305 5321 regis
1330 5258 1597 5310 Luthewici
1622 5258 1783 5319 ﬁlium
1809 5257 1906 5307 Ca-

309 5325 474 5377 roium
496 5338 601 5376 esse
621 5326 942 5387 arbitramur,
980 5328 1071 5390 qui
1096 5326 1376 5380 novissimis
1410 5325 1764 5385 archiepiscopi
1789 5330 1908 5373 lem-

304 5393 516 5456 poribus
537 5405 568 5442 a
590 5405 739 5456 regno
772 5394 1042 5459 depositus.
1088 5391 1908 5459 ArnuI/‘urnugerrnanisui‘ﬁlium

310 5459 508 5521 accepit
542 5456 890 5512 successorem.
932 5460 1060 5511 Sane
1103 5459 1157 5511 in
1198 5457 1469 5511 Annalibus
1510 5456 1831 5509 Fuldensibus
1858 5458 1910 5508 et

1991 3101 2133 3155 tibus
2159 3101 2433 3172 episcopis
2463 3101 2669 3158 clamor
2695 3103 2764 3157 ab
2793 3119 2890 3158 ore
2919 3104 3096 3160 vexati
3117 3106 3315 3176 sapius
3331 3107 3579 3173 sonabat,

1988 3189 2335 3244 Rembertum
2364 3189 2537 3244 solum
2568 3190 2706 3244 inter
2733 3206 2830 3246 eos
2848 3191 3015 3264 digne
3033 3193 3383 3248 commissum
3403 3195 3585 3266 egisse

1990 3276 2244 3345 ofﬁcium,
2278 3277 2565 3348 ipsumque
2612 3277 2715 3331 sibi
2761 3294 2884 3333 esse
2929 3279 3190 3334 cruciatui
3218 3289 3407 3336 auctor
3432 3283 3583 3338 vocis

1990 3365 2286 3419 testabatur
2309 3372 2353 3419 ³.
2397 3364 2512 3419 Sed
2558 3364 2686 3436 quia
2731 3366 2930 3420 nostris
2976 3367 3334 3436 temporibus,
3365 3376 3425 3423 ut
3453 3369 3586 3426 dicit

1991 3452 2295 3519 Psalmista,
2327 3452 2535 3523 defecit
2561 3456 2813 3520 sanctus,
2846 3457 2903 3509 et
2940 3454 3242 3512 diminuta:
3265 3461 3405 3512 sunt
3432 3460 3580 3515 veri-

1995 3544 2137 3597 tates
2167 3558 2201 3596 a
2231 3540 2369 3610 ﬁliis
2401 3540 2693 3595 hominum
2723 3541 2897 3610 (Psai.
2919 3555 2999 3608 χι,
3034 3542 3110 3612 2),
3144 3558 3249 3598 nec
3268 3543 3584 3602 facileacci-

1990 3628 2138 3699 pitur
2156 3644 2426 3699 quemque
2442 3643 2507 3681 ex
2525 3627 2805 3682 modernis
2821 3628 2952 3683 viris
2971 3628 3094 3684 talia
3115 3629 3332 3697 fecisse,
3356 3631 3586 3688 sufﬁciat

1992 3732 2094 3771 nos
2114 3717 2375 3771 hactenus
2396 3716 2806 3785 comprobasse,
2831 3717 2976 3787 quod
2993 3716 3081 3772 hic
3095 3717 3179 3773 vir
3198 3719 3416 3774 Domini
3437 3736 3590 3777 sanc-

1992 3804 2161 3858 titatis
2209 3802 2419 3873 apicem
2469 3803 2787 3859 conscendit
2817 3820 2918 3875 per
2946 3820 3041 3860 eas
3068 3805 3323 3861 virtutum
3352 3808 3586 3879 species,

1995 3908 2131 3963 quas
2160 3891 2217 3945 in
2244 3891 2551 3963 Evangelia
2582 3892 2846 3946 Dominus
2876 3892 2947 3947 ad
2970 3893 3356 3950 beatitudinem
3383 3912 3590 3968 prope-

1995 3979 2218 4035 randam
2248 3979 2504 4050 proponit
2537 3997 2550 4033 :
2584 3981 2765 4046 Beati,
2796 3980 3067 4052 inquiens,
3086 3999 3360 4055 pauperes
3380 3986 3591 4058 spiritu

1996 4068 2216 4140 (Matth.
2248 4084 2302 4133 v,
2334 4068 2409 4139 3),
2444 4074 2573 4137 etc.,
2603 4068 2672 4123 de
2703 4069 2986 4125 octonario
3030 4068 3288 4125 virtutum
3314 4072 3587 4147 catalogo,

1996 4171 2103 4227 quo
2133 4154 2470 4227 signiﬁcatur
2496 4172 2598 4227 per
2626 4157 3035 4213 resurrectionis
3064 4159 3297 4231 gratiam
3326 4160 3444 4232 spei
3469 4176 3592 4218 nos-

1994 4251 2094 4297 tra
2137 4243 2411 4313 implenda
2460 4243 2737 4312 perfectio.
2769 4245 2885 4300 Nec
2914 4246 3173 4301 miracula
3201 4247 3279 4301 illi
3308 4247 3595 4303 defuertmt

2000 4330 2323 4399 spiritualia,
2369 4346 2491 4400 qua
2539 4330 2701 4385 etiam
2728 4347 2875 4387 nunc
2902 4332 2958 4385 in
3002 4333 3253 4388 Ecclesia
3279 4349 3313 4388 a
3341 4335 3593 4390 ﬁdelibus

2001 4416 2117 4472 ﬁeri
2144 4424 2368 4471 testatur
2413 4417 2600 4471 beatus
2644 4417 2942 4488 Gregorius
2970 4435 3249 4491 exponens
3276 4420 3446 4476 verba
3474 4422 3594 4477 Do-

1996 4504 2131 4559 mini
2167 4503 2395 4559 dicentis
2439 4504 2611 4575 (hom.
2659 4508 2728 4562 29
2755 4508 2820 4561 in
2849 4507 3088 4579 Evang.)
3118 4526 3139 4563 :
3170 4509 3346 4580 Signa
3398 4512 3592 4566 autem

1998 4609 2088 4649 eos
2115 4594 2211 4664 qui
2237 4591 2601 4660 crediderint,
2635 4593 2750 4649 haec
2770 4598 3079 4666 sequentur
3099 4614 3117 4650 :
3139 4596 3203 4650 in
3222 4598 3451 4653 nomine
3470 4612 3593 4654 meo

2001 4681 2278 4737 damonia
2291 4682 2538 4753 ejicient,
2562 4680 2772 4753 linguis
2791 4683 3092 4755 loquentur
3105 4685 3283 4754 novis,
3302 4689 3592 4757 serpentes

2003 4771 2243 4836 tollent;
2266 4773 2320 4825 et
2349 4770 2399 4824 si
2414 4770 2777 4841 mortiferum
2806 4771 2938 4843 quid
2965 4772 3226 4839 biberint,
3250 4786 3362 4830 non
3386 4774 3466 4829 eis
3484 4789 3592 4831 no-

2002 4858 2148 4914 cebit
2168 4877 2185 4924 ;
2203 4873 2375 4929 super
2393 4873 2566 4929 aegros
2595 4874 2801 4913 manus
2831 4860 3140 4931 imponent,
3175 4864 3232 4916 et
3261 4860 3397 4917 bene
3427 4862 3596 4919 habe-

2003 4946 2143 5001 bunt
2169 4945 2359 5014 (Marc.
2382 4960 2502 5013 xvr,
2530 4945 2747 5016 17,18).
2773 4945 2881 5000 Sed
2910 4946 2979 5001 de
3008 4946 3092 5001 his
3124 4947 3354 5021 singulis
3374 4949 3595 5021 exposi-

2003 5034 2205 5089 tionem
2226 5031 2435 5104 prafati
2453 5032 2695 5087 doctoris
2716 5049 3039 5104 percurrere
3048 5035 3285 5109 longum
3304 5045 3385 5092 est
3403 5046 3457 5093 et
3483 5053 3594 5094 non

2004 5121 2393 5186 necessarium,
2419 5135 2542 5175 cum
2579 5120 2798 5175 homilia
2832 5122 2947 5178 hac
2969 5124 3253 5179 continens
3271 5124 3327 5179 in
3345 5133 3599 5198 promptu

2005 5254 2303 5306 Bertinianis
2344 5266 2471 5303 anno
2496 5252 2596 5303 873
2621 5254 2860 5318 malignus
2884 5257 3082 5320 spiritus
3106 5257 3331 5308 Carolum
3362 5257 3598 5310 invasisse

2006 5327 2055 5372 et
2080 5322 2552 5387 gravitervexasse
2598 5321 2776 5381 fertur,
2824 5321 2886 5371 ob
2926 5324 2977 5373 id
3025 5324 3214 5374 scilicet
3255 5325 3381 5387 quod
3425 5329 3598 5377 contra

2007 5394 2201 5453 patrem
2226 5385 2525 5438 Ludovicum
2547 5387 2894 5451 conspirasset.
