4112 6192
540 255 680 310 100³7

1451 239 1508 294 S.
1549 235 1901 293 REMBERTI
1955 227 2314 286 HAMBURG.
2370 227 2587 283 EPISC.
2645 226 2826 282 VITA.

3683 217 3708 268 ‘l
3719 217 3823 268 008

537 376 822 438 habeatur,
857 369 926 426 ad
951 382 1108 440 quam
1139 380 1240 421 nos
1279 365 1540 419 lectorem
1582 361 1856 416 mittentes
1885 351 2198 427 coeptumA
2229 353 2488 407 recedens
2530 351 2782 418 disceret,
2831 348 3030 402 arctius
3074 343 3495 416 imprimeretur,
3539 341 3645 394 hoc
3673 338 3822 408 quod

538 480 676 536 opus
703 463 771 517 de
791 461 901 517 vita
921 455 1106 512 domui
1137 451 1414 510 Remberti
1440 464 1820 507 consummare
1841 447 2122 502 debemus.

1124 577 1348 633 CAPUT
1385 577 1538 629 XXI.

609 694 726 758 Cui,
758 707 882 747 cum
905 689 1018 758 jam
1049 685 1200 740 senio
1229 683 1442 756 gravari
1471 681 1744 750 erupisset,
1765 677 1926 732 etiam
1957 673 2125 730 conti-

539 799 677 839 nuus
706 780 906 851 pedum
935 776 1089 831 dolor
1139 773 1208 826 ad
1257 770 1560 824 molestiam
1593 768 1643 822 ei
1673 765 1906 821 accessit
1937 782 1949 817 :
1981 763 2126 816 unde

539 871 684 943 apud
714 867 1008 940 gloriosum
1039 862 1215 932 primo
1245 875 1432 930 regem
1457 855 1823 918 Ludowicum,
1849 868 1954 922 quo
1977 866 2126 905 com-

535 937 822 1015 mendante
853 952 1224 1022 episcopatum
1253 945 1479 1015 accepit,
1513 952 1564 998 et
1594 951 1784 1013 postea
1813 937 1956 1010 apud
1985 937 2125 990 ﬁlios

537 1049 654 1118 ejus
683 1041 1030 1100 Ludowicum
1079 1045 1131 1092 et
1179 1034 1433 1092 Karolum
1483 1033 1584 1085 hoc
1629 1028 1876 1092 obtinuit,
1911 1033 1967 1080 ut
1997 1023 2127 1078 insi-

537 1115 664 1210 gnis
693 1134 775 1188 vir
803 1126 1148 1199 Adalgarius,
1188 1123 1485 1177 monachus
1532 1118 1782 1173 videlicet
1828 1115 1896 1169 de
1927 1128 2124 1168 mona-

535 1201 699 1280 sterio
730 1236 886 1276 novae
915 1213 1179 1280 Corbeiae,
1211 1219 1268 1264 ut
1297 1225 1461 1278 supra
1493 1206 1793 1271 retulimus,
1818 1203 1894 1256 illi
1915 1201 2125 1273 praesti-

535 1321 642 1379 tus,
673 1311 749 1364 ita
777 1309 832 1362 in
881 1301 1204 1372 adjutorium
1249 1297 1324 1350 illi
1373 1293 1812 1358 confirmaretur,
1859 1298 2122 1362 quatenus

533 1403 662 1456 dum
691 1412 814 1452 sese
845 1391 1098 1464 quaslibet
1125 1384 1410 1439 inﬁrmitas
1439 1381 1784 1454 praepediret,
1805 1379 1858 1432 in
1881 1379 1998 1448 ipso
2029 1379 2122 1430 ha-

533 1490 688 1544 beret
717 1483 968 1538 solatium
995 1473 1234 1532 circandi
1275 1472 1661 1542 episCOpatum,
1695 1466 1887 1538 placita
1917 1465 2124 1520 adeun—

531 1579 606 1642 di,
640 1581 692 1629 et
721 1569 936 1642 quando
983 1563 1312 1635 exigeretur,
1361 1560 1416 1613 in
1463 1557 1880 1628 expeditionem,
1927 1554 2012 1608 vel
2053 1553 2120 1606 ad

532 1662 793 1736 palatium
847 1671 968 1712 cum
1025 1650 1282 1707 comitatu
1339 1663 1437 1701 suo
1493 1643 1894 1716 proﬁciscendi.
1953 1643 2067 1696 Nec
2095 1649 2119 1674 ³

531 1731 700 1806 inulto
726 1751 868 1818 post,
903 1740 1220 1798 electionem
1259 1734 1585 1790 succedendi
1621 1733 1722 1786 sibi
1752 1732 1806 1785 in
1836 1731 1954 1801 ipso
1984 1746 2114 1785 con-

533 1836 754 1900 ﬁrmari,
789 1842 840 1888 et
865 1847 960 1902 per
1005 1841 1196 1882 manus
1243 1823 1614 1893 aceeptionem
1655 1820 1931 1875 hominem
1979 1818 2122 1888 regis

532 1928 684 1983 illum
712 1922 848 1986 ﬁeri,
883 1927 934 1974 et
961 1918 1101 1971 inter
1149 1912 1487 1969 consiliarios
1535 1911 1650 1978 ejus
1699 1905 1956 1963 collocari
1986 1905 2126 1961 obti-

531 2016 666 2080 nuit,
701 2007 1121 2068 assentientibus
1169 2003 1364 2056 abbate
1408 2007 1461 2054 et
1509 1997 1768 2052 fratribus
1809 1994 2124 2050 monasterii

533 2105 672 2174 ejus,
705 2115 770 2156 ac
802 2105 985 2152 sancta
1013 2093 1221 2165 synodo
1267 2092 1384 2145 haec
1428 2087 1608 2142 omnia
1653 2085 1963 2140 roborante.
1995 2083 2122 2136 Post

531 2171 652 2248 haec
683 2188 864 2252 etiam,
906 2184 1055 2241 velut
1086 2179 1386 2251 expeditior
1411 2193 1443 2230 a
1471 2174 1706 2247 negotiis
1736 2171 2118 2236 saecularibus,

535 2278 684 2337 omni
711 2273 962 2331 instantia
991 2268 1228 2342 quotidie
1257 2265 1520 2336 ampliare
1553 2262 1832 2334 satagebat
1861 2257 2122 2330 quidquid

533 2365 664 2424 boni
689 2365 840 2436 prius
871 2359 1130 2416 exercuit.
1165 2357 1280 2410 Nec
1311 2355 1404 2408 diu
1447 2359 1638 2423 postea
1668 2350 1723 2404 in
1751 2350 1852 2404 hac
1885 2347 1993 2402 vita
2023 2347 2122 2401 du-

531 2435 874 2522 ravit,cujus
904 2447 1157 2503 transitus
1187 2444 1256 2499 ad
1285 2441 1575 2498 Dominum
1615 2439 1900 2507 subjuncto
1929 2435 2122 2491 ordine

531 2543 706 2600 factus
735 2556 856 2596 esse
884 2536 1220 2610 perhibetur.

1124 2647 1348 2704 CAPUT
1383 2644 1562 2700 XXII.

601 2749 756 2804 Anno
785 2757 926 2816 pene
943 2741 1159 2810 integro
1181 2743 1304 2791 ante
1325 2734 1503 2790 obitus
1524 2731 1606 2786 sui
1621 2730 1785 2795 diem,
1801 2727 2123 2800 quibusdam

529 2836 780 2892 fidelibus
812 2831 924 2886 suis
953 2825 1218 2883 secretius
1248 2821 1530 2888 intimavit,
1565 2819 1730 2872 multa
1769 2817 1870 2870 sibi
1901 2824 2124 2871 ostensa

527 2925 696 2980 fuisse
725 2921 898 2992 signa,
930 2915 1126 2987 quibus
1153 2911 1426 2982 praesciret
1459 2924 1518 2962 se
1547 2907 1603 2960 in
1631 2907 1731 2960 hac
1755 2904 1865 2960 vita
1889 2919 1996 2958 non
2029 2903 2122 2958 diu

527 2991 859 3076 mansurum,
891 3011 944 3059 et
959 3001 1104 3073 quod
1120 3016 1216 3054 eos
1237 2999 1433 3069 quibus
1453 2997 1570 3050 haec
1585 2993 1923 3064 loquebatur,
1949 2991 2004 3046 in
2021 2992 2122 3046 hac

527 3100 638 3154 vita
665 3097 804 3152 ultra
831 3109 942 3148 non
971 3097 1116 3144 esset
1133 3081 1366 3142 visurus.
1392 3105 1413 3134 κ
1441 3081 1723 3150 Quaedam,
1747 3080 1938 3151 inquit,
1963 3079 2120 3148 hujus

523 3187 606 3244 rei
636 3181 904 3257 praesagia
931 3177 1062 3234 mihi
1089 3181 1374 3238 venerunt,
1395 3187 1514 3244 quae
1543 3169 1678 3224 mihi
1706 3185 1816 3224 non
1843 3168 1970 3223 licet
1999 3167 2119 3221 aliis

521 3275 764 3331 indicare
798 3290 811 3325 :
839 3268 1106 3326 visionem
1135 3273 1320 3320 tamen
1349 3263 1452 3316 hac
1499 3267 1657 3314 nocte
1687 3257 1819 3312 mihi
1843 3264 2118 3312 ostensam

523 3363 682 3420 vobis
732 3358 929 3422 refero,
991 3371 1096 3426 qua
1147 3349 1553 3408 evidentissime
1603 3347 1904 3404 discessum
1933 3360 2117 3398 meum

522 3449 932 3524 praeﬁguratum
973 3459 1095 3498 esse
1141 3439 1406 3510 intelligo.
1443 3435 1743 3492 Videbatur
1789 3433 1934 3488 enim
1961 3431 2111 3500 mihi,

525 3521 672 3611 quod
699 3537 756 3590 in
785 3531 1014 3590 ecclesia
1043 3529 1300 3601 quadam,
1329 3540 1488 3580 muro
1519 3521 1835 3577 firmissimo
1865 3537 1964 3590 per
1992 3535 2114 3574 me-

521 3609 670 3682 dium
697 3624 1014 3691 intersepta,
1047 3633 1150 3688 ego
1181 3632 1247 3670 ex
1277 3631 1382 3669 una
1411 3619 1567 3683 parte
1605 3609 1742 3664 muri
1769 3609 2012 3672 fuissem,
2047 3622 2114 3662 ex

516 3714 694 3770 altera
747 3725 880 3766 vero
937 3712 1213 3762 teneretur
1261 3701 1514 3757 dominus
1561 3707 1617 3754 et
1656 3698 1914 3753 decessor
1958 3711 2114 3750 meus

519 3799 822 3873 Ansgarius
885 3814 897 3849 :
957 3792 1323 3862 conspexique
1379 3786 1831 3842 innumerabilem
1897 3783 2114 3838 turbam

519 3872 799 3958 utriusque
855 3899 1036 3947 sexus,
1095 3895 1246 3934 more
1303 3875 1658 3948 quaerentium
1711 3872 1912 3944 aliquid
1936 3913 1950 3937 ,
2009 3873 2114 3926 hac

521 3976 758 4046 illacque
781 3968 1044 4034 converti,
1076 3982 1178 4022 nec
1207 3965 1503 4036 quidquam
1533 3978 1598 4016 ex
1629 3975 1693 4015 eo
1725 3961 1870 4031 quod
1901 3975 2114 4030 quaere-

521 4063 653 4118 bant
681 4058 923 4131 potuisse
951 4054 1202 4110 inveniri.
1237 4052 1448 4120 Quibus
1477 4049 1728 4104 dominus
1756 4047 2061 4119 Ansgarius
2097 4065 2112 4100 :

523 4149 686 4218 Quid,
747 4144 940 4216 inquit,
998 4141 1276 4214 quaeritis?
1331 4141 1401 4194 At
1447 4137 1524 4191 illi
1553 4153 1612 4192 se
1643 4136 1902 4190 annulum
1931 4149 2113 4190 meum

520 4235 783 4310 quaesisse
831 4231 1247 4303 respondentes,
1294 4227 1582 4282 audierunt
1627 4241 1838 4279 rursum
1880 4223 1951 4278 ab
1991 4223 2110 4294 epi-

521 4339 692 4396 scOpo
711 4367 726 4390 ,
748 4329 806 4378 ut
832 4326 1110 4378 cessarent
1125 4334 1248 4374 eum
1271 4331 1531 4388 quaerere,
1553 4313 1770 4385 quando
1787 4313 1904 4382 ipse
1925 4327 2112 4367 secum

2229 441 2387 495 etiam
2417 441 2486 494 ab
2515 441 2594 494 eis
2626 437 2796 492 amari
2825 441 3071 504 noverat,
3089 431 3484 487 admonitiones
3513 427 3595 482 eis
3622 427 3816 480 saluta-

2227 544 2316 584 res
2373 527 2518 593 fecit,
2579 543 2688 582 non
2743 523 3086 580 mediocriter
3129 519 3312 576 verbis
3359 519 3477 588 ejus
3507 517 3562 570 in
3593 515 3814 587 gratiam

2228 615 2600 671 aediﬁcationis
2627 613 3036 686 proﬂuentibus.
3069 611 3196 664 Post
3223 609 3340 662 haec
3371 604 3682 660 valedicens
3711 601 3814 655 illis

2227 704 2476 758 discessit
2505 703 2573 756 ab
2603 703 2701 770 eis,
2733 717 2834 756 nec
2863 699 3102 764 ulterius,
3139 704 3196 750 ut
3229 697 3346 766 ipse
3387 691 3658 764 predixit,
3691 705 3810 744 eum

2227 792 2494 846 viderunt.
2531 789 2772 858 Qualiter
2816 796 2994 842 autem
3020 784 3289 841 somnium
3321 783 3443 846 hoc,
3477 779 3624 850 quod
3655 777 3812 832 modo

2225 879 2564 949 protulimus,
2599 877 2835 932 evidenti
2863 875 3054 930 eﬁ'ectu
3099 872 3154 926 in
3191 870 3338 925 obitu
3367 884 3432 924 ac
3461 866 3814 937 dispositione

2227 968 2359 1034 ejus,
2421 975 2478 1020 ut
2529 966 2646 1035 ipse
2694 964 3049 1028 intellexerat,
3101 959 3424 1029 completum
3455 955 3542 1021 sit,
3575 968 3814 1024 congrue

2226 1070 2290 1109 eo
2319 1055 2440 1111 loco
2497 1053 2892 1116 enarrabimus,
2952 1065 3058 1121 quo
3107 1044 3640 1103 commemorandum
3695 1041 3812 1104 erit,

2227 1143 2454 1214 qualiter
2483 1142 2658 1196 anima
2707 1141 2821 1209 ejus
2868 1139 2937 1193 ad
2981 1137 3150 1193 oculos
3179 1135 3456 1190 sublevata
3487 1131 3576 1194 sit,
3603 1137 3658 1184 et
3683 1144 3813 1200 quo-

2223 1231 2386 1286 modo
2419 1245 2616 1300 corpus
2644 1230 2760 1298 ejus
2789 1226 3081 1298 sepulturae
3101 1223 3356 1278 traditum
3383 1221 3662 1276 habeatur.

2791 1350 3014 1406 CAPUT
3043 1348 3245 1402 XXIII.

2293 1459 2588 1515 Duodecim
2618 1458 2782 1531 igitur
2809 1457 3001 1512 diebus
3031 1463 3154 1509 ante
3183 1451 3465 1507 transitum
3497 1465 3658 1504 suum
3685 1465 3817 1520 per-

2221 1549 2446 1603 veniens
2477 1549 2544 1602 ad
2573 1545 2856 1602 ecclesiam
2887 1547 3252 1606 Bremensem,
3273 1541 3392 1611 ipso
3413 1555 3536 1594 mox
3557 1539 3646 1593 die
3667 1537 3818 1592 infir-

2227 1637 2408 1690 mitate
2439 1643 2723 1706 correptus
2754 1641 2852 1688 est.
2886 1633 3129 1703 Cumque
3150 1647 3246 1701 per
3264 1645 3456 1684 omnes
3477 1629 3640 1682 horas
3675 1624 3816 1680 inﬁr-

2228 1725 2388 1778 mitas
2416 1724 2652 1796 graviter
2681 1729 2972 1785 cresceret,
3009 1721 3125 1790 ipse
3167 1734 3386 1788 semper
3411 1714 3738 1786 psalmodiis
3767 1723 3820 1768 et

2221 1812 2544 1868 lectionibus
2594 1810 2763 1867 sacris
2809 1810 3064 1878 intentus,
3096 1823 3217 1862 sese
3245 1807 3314 1860 ad
3345 1805 3582 1859 futurum
3614 1803 3682 1857 de
3713 1805 3816 1858 hac

2220 1901 2332 1956 vita
2387 1900 2668 1954 transitum
2729 1897 2956 1953 sollicite
3001 1895 3358 1967 praeparabat.
3409 1893 3475 1947 Et
3505 1905 3816 1963 quanquam

2221 1988 2497 2060 languoris
2525 1987 2833 2042 immanitas
2856 1985 3137 2056 corporeis
3163 1981 3348 2038 viribis
3365 1980 3638 2036 defectum
3669 1979 3816 2051 inge-

2221 2085 2383 2142 reret,
2400 2076 2580 2130 animo
2600 2083 2780 2130 tamen
2805 2088 3024 2144 semper
3039 2071 3270 2127 invictus
3299 2068 3659 2140 apostolicam
3681 2083 3814 2138 pras-

2221 2164 2478 2219 tendebat
2507 2162 2897 2228 fortitudinem,
2949 2161 3016 2216 de
3061 2175 3166 2231 qua
3193 2158 3322 2214 dicit
3353 2175 3366 2211 :
3407 2157 3638 2226 Quando
3665 2155 3816 2210 enim

2221 2253 2500 2322 inﬁrmor,
2528 2257 2664 2308 tunc
2691 2255 2891 2324 potens
2915 2267 3040 2304 sum
3069 2249 3149 2320 (ΙΙ
3175 2248 3294 2303 Cor.
3319 2246 3553 2314 xn,10).
3575 2242 3816 2314 Septimo

2221 2347 2346 2394 ante
2363 2341 2566 2395 obitum
2587 2339 2674 2394 die
2692 2337 3051 2393 ministerium
3070 2351 3240 2390 sacra:
3253 2332 3525 2389 unctionis
3545 2347 3674 2388 cum
3695 2331 3816 2386 oleo

2221 2437 2411 2484 sancto
2442 2429 2492 2484 ei
2521 2427 2636 2483 fieri
2667 2427 2848 2498 coepit,
2882 2434 2934 2481 et
2963 2441 3068 2480 una
3113 2439 3234 2479 cum
3279 2419 3666 2478 communione
3697 2433 3820 2475 cor-

2220 2517 2369 2587 poris
2401 2525 2453 2571 et
2483 2515 2764 2589 sanguinis
2821 2512 3037 2569 Domini
3095 2527 3268 2583 usque
3323 2510 3380 2563 in
3429 2508 3576 2564 diem
3617 2508 3814 2562 animae

2222 2604 2466 2660 exeuntis
2497 2605 2564 2660 de
2592 2619 2817 2674 corpore
2845 2603 2948 2657 hoc
2975 2601 3214 2656 salutare
3240 2597 3544 2654 remedium
3561 2596 3712 2651 omni
3731 2595 3816 2650 die

2217 2716 2242 2752 b
2275 2693 2536 2764 percepit.
2567 2693 2635 2746 Et
2663 2708 2786 2747 cum
2809 2691 2921 2759 jam
2948 2689 3275 2762 migraturus
3293 2693 3450 2748 ,esset
3477 2685 3548 2739 de
3575 2683 3805 2752 mundo,

2221 2781 2530 2837 convocatis
2555 2779 2887 2851 presbyteris
2918 2785 2971 2834 et
2998 2775 3267 2832 universis
3295 2773 3570 2838 fratribus,
3603 2773 3816 2828 veniam

2219 2870 2406 2940 petivit
2435 2871 2502 2924 de
2533 2869 2783 2924 omnibus
2831 2871 3164 2939 quaecunque
3205 2862 3445 2919 fortassis
3491 2861 3548 2915 in
3577 2861 3814 2932 aliquem

2219 2958 2434 3012 illorum
2463 2964 2764 3028 peccasset.
2796 2959 2863 3011 Et
2893 2971 3018 3012 cum
3056 2954 3172 3024 ipse
3220 2951 3454 3008 vicissim
3493 2948 3814 3004 reconcilia-

2151 3047 2421 3113 Ctionem
2468 3046 2686 3102 fecisset
2729 3044 2980 3099 omnibus
3025 3040 3364 3106 Christianis,
3411 3054 3445 3094 a
3489 3052 3816 3109 quocunque

2215 3135 2270 3188 in
2299 3151 2418 3190 eum
2447 3133 2654 3204 aliquid
2683 3132 3034 3188 commissum
3069 3129 3280 3194 fuisset,
3313 3126 3641 3198 veniamque
3669 3125 3748 3179 eis
3781 3140 3816 3180 ο

2215 3222 2448 3277 Domino
2493 3220 2863 3292 poposcisset;
2909 3225 3165 3290 percepto
3205 3231 3431 3286 corpore
3463 3223 3516 3270 et
3547 3213 3816 3285 sanguine

2233 3310 2452 3366 Domini
2481 3325 2694 3365 sacram
2725 3309 2958 3363 animam
2989 3315 3010 3341 °
3041 3305 3236 3362 emisit.
3284 3305 3432 3360 Tunc
3479 3318 3615 3359 vero
3639 3301 3824 3357 incre-

2216 3399 2400 3453 dibilis
2460 3397 2695 3470 gemitus
2754 3396 2996 3452 omnium
3046 3395 3368 3450 subsecutus
3425 3398 3525 3457 est,
3585 3389 3824 3444 maxime

2213 3502 2508 3557 pauperum
2557 3487 2657 3540 has
2701 3485 2839 3539 inter
2885 3484 3045 3539 ﬂetus
3090 3497 3256 3538 voces
3285 3478 3642 3535 emittentium
3675 3493 3692 3534 :
3721 3477 3824 3532 Vae

2213 3575 2391 3642 nobis,
2429 3575 2588 3628 Pater
2617 3580 2820 3638 sancte,
2855 3571 3130 3643 quomodo
3168 3570 3284 3638 jam
3312 3575 3434 3638 post
3465 3575 3516 3622 te
3545 3566 3819 3631 vivemus,

2213 3663 2318 3717 tuis
2373 3661 2736 3731 eleemosynis
2785 3661 2841 3714 in
2885 3660 3030 3715 victu
3081 3666 3139 3712 et
3185 3656 3384 3712 vestitu
3424 3656 3688 3710 hactenus
3717 3670 3820 3708 su-

2215 3750 2476 3806 stentati?
2505 3765 2539 3803 a
2569 3765 2677 3820 quo
2706 3747 2966 3818 deinceps
2996 3748 3113 3802 haec
3141 3744 3478 3800 merebimur
3497 3745 3526 3798 ?
3558 3743 3666 3798 Sed
3693 3741 3818 3809 tibi,

2212 3838 2479 3909 inquiunt,
2529 3837 2745 3892 Christe
2795 3835 3182 3906 supplicamus,
3235 3841 3293 3886 ut
3335 3831 3516 3886 anima
3564 3831 3707 3885 servi
3735 3829 3818 3884 tui

2216 3925 2411 3981 sentiat
2441 3933 2492 3980 te
2523 3941 2669 3981 nunc
2695 3939 2998 3979 memorem
3045 3921 3316 3977 dictorum
3345 3929 3586 3987 tuorum,
3616 3917 3818 3990 quibus

2213 4013 2527 4085 promittere
2581 4013 2836 4086 dignatus
2893 4027 2953 4066 es
2993 4026 3026 4065 a
3072 4017 3125 4066 te
3169 4025 3292 4065 esse
3331 4006 3814 4070 remunerandum,

2207 4101 2523 4174 quicunque
2551 4101 2642 4154 uni
2673 4117 2738 4156 ex
2767 4098 3006 4154 minimis
3049 4098 3156 4154 tuis
3186 4095 3389 4168 aliquid
3417 4095 3596 4152 solatii
3625 4095 3680 4150 in
3705 4107 3818 4150 no-

2211 4190 2356 4246 mine
2387 4197 2479 4245 tuo
2509 4189 2746 4245 fecisset.

2783 4302 3007 4360 CAPUT
3034 4301 3244 4356 XXIV.

521 4420 669 4470 esset
696 4412 846 4466 illum
887 4409 1187 4463 habitums-
1244 4429 1265 4454 ’³
1319 4405 1447 4460 Haec
1492 4403 1620 4456 dum
1667 4401 2006 4473 (Ιυίδυδάθῐηι
2055 4407 2111 4454 ιιι
2137 4397 2192 4458 D
2283 4413 2405 4482 Ipse
2434 4419 2618 4467 autem
2645 4410 2728 4466 vir
2755 4409 2875 4476 Dei,
2909 4425 3032 4465 cum
3061 4408 3238 4464 adhuc
3251 4405 3475 4472 viveret,
3497 4401 3819 4460 humilitatis

521 4501 777 4566 diximus,
809 4503 1060 4552 narraret
1087 4497 1321 4550 domnus
1365 4491 1710 4554 Rembertus,
1744 4505 1810 4543 ex
1839 4489 1944 4544 hoc
1972 4487 2113 4541 mul-

523 4591 700 4660 tisque
757 4587 874 4640 aliis
917 4583 1132 4638 indiciis
1191 4579 1426 4636 asseruit
1475 4594 1534 4632 se
1583 4592 1704 4632 esse
1735 4575 2110 4642 certificatum,

527 4677 675 4748 quod
704 4675 899 4730 eodem
926 4687 1068 4726 anno
1096 4671 1164 4725 de
1195 4671 1298 4724 hac
1339 4667 1446 4721 vita
1493 4665 1632 4720 foret
1671 4665 1928 4720 exiturus.
1959 4665 2028 4718 Et
2056 4671 2114 4718 ut

523 4764 784 4820 memoria
841 4762 955 4830 ejus
1011 4757 1345 4815 audientium
1401 4753 1594 4808 animis
1647 4769 1744 4822 per
1787 4753 1958 4808 verba
1995 4769 2116 4824 quae

593 4901 617 4929 ι
638 4889 797 4938 Aliter
831 4886 946 4950 legit
971 4885 1182 4938 Adamus
1214 4883 1262 4932 in
1290 4893 1398 4945 cap.
1425 4880 1490 4950 38
1518 4893 1530 4928 :
1555 4877 1838 4940 Impetravit
1864 4879 2032 4950 ctiam,
2061 4883 2117 4928 ut

522 4958 630 5018 ipse
653 4956 732 5006 illi
757 4955 810 5004 in
834 4946 1066 5003 eléctione
1091 4963 1343 5001 successor
1368 4948 1838 5018 conﬁrmaretur,_ct
1857 4946 1990 5018 inter
2007 4958 2118 5018 con-

521 5011 744 5073 c'iliarios
765 5021 906 5080 regis
921 5021 1186 5078 locaretur,
1213 5013 1592 5066 assentientibus
1612 5013 1853 5074 fratribus
1875 5017 1924 5061 et
1939 5011 2117 5062 abbate

525 5087 810 5140 monasterii
832 5088 958 5146 ejus,
987 5087 1083 5134 etc.

591 5157 616 5192 ιι
645 5155 828 5215 Nempe
851 5143 954 5201 mos
980 5151 1028 5199 in
1054 5147 1270 5199 Ecclesia
1307 5147 1421 5215 olim
1468 5145 1682 5215 vigebat,
1720 5147 1774 5193 ut
1795 5143 1956 5215 unctio
1981 5143 2110 5215 infir-

526 5232 736 5282 morum,
763 5209 869 5281 qua:
893 5218 1072 5267 viatico
1097 5214 1501 5282 praeminabatur,
1529 5209 1990 5282 perpluresdiesa
2011 5210 2120 5271 plu-

520 5287 654 5337 ribus
677 5275 974 5348 presbyteris
993 5275 1311 5344 repeteretur.
1325 5281 1454 5341 Lege
1469 5283 1608 5327 notas
1627 5275 1842 5326 Menardi
1867 5275 1918 5324 in
1943 5275 2114 5326 librum

522 5353 976 5402 Sacramentorum.

587 5446 610 5472 c
633 5419 842 5468 Adamus
863 5419 910 5466 in
935 5428 1046 5478 cap.
1073 5416 1136 5464 37
1169 5427 1179 5457 :
1210 5411 1346 5463 Obiit
1387 5414 1546 5478 autem
1591 5420 1750 5478 anno“
1771 5406 1966 5478 Domini
1990 5405 2114 5478 888,

518 5483 788 5534 indictione
808 5483 880 5534 76
903 5473 1046 5544 cujus
1070 5478 1308 5541 depositio
1354 5489 1408 5526 ιιι
1453 5475 1570 5526 Idus
1611 5473 1751 5525 Junii
1796 5473 2072 5524 celebratur
2098 5485 2116 5521 :

2215 4500 2424 4568 intuitu,
2467 4499 2725 4570 praecepit
2770 4513 2840 4552 ne
2886 4497 2940 4551 in
2989 4496 3218 4553 ecclesia
3259 4495 3632 4566 sepeliretur:
3663 4493 3818 4565 quod

2213 4596 2544 4659 praeceptum
2574 4585 2879 4660 transgredi
2907 4601 3016 4640 non
3044 4585 3306 4639 audentes
3335 4583 3536 4638 fratres
3565 4581 3820 4638 ecclesiae

2213 4677 2378 4742 illius,
2414 4676 2748 4747 sepelierunt
2779 4691 2902 4730 eum
2923 4673 3058 4728 foris
3079 4672 3356 4728 basilicam
3371 4687 3540 4743 prope
3569 4671 3818 4725 tumbam

2216 4763 2242 4798 ά
2270 4765 2442 4821 sancti
2491 4763 2774 4830 Villehadi,
2821 4770 2970 4818 extra
3013 4775 3228 4816 murum
3269 4759 3517 4816 ecclesia:
3563 4759 3816 4814 orienta—

2216 4888 2296 4952 qui
2322 4901 2476 4940 annus
2496 4891 2546 4937 et
2568 4887 2673 4937 dies
2696 4886 2818 4937 certi
2847 4899 2952 4936 esse
2976 4885 3222 4952 videntur.
3243 4883 3446 4934 Fallitur
3467 4879 3674 4952 proinde
3700 4883 3816 4952 Tri-

2215 4948 2446 5018 themius,
2475 4955 2554 5016 qui
2577 4953 2843 5004 Remberto
2883 4964 3045 5018 annos
3077 4951 3315 5018 duntaxat
3337 4961 3512 5018 novem
3549 4948 3804 5018 regiminis

2215 5023 2404 5084 tribuit,
2432 5015 2508 5072 cui
2543 5033 2698 5071 annos
2721 5023 2824 5070 tres
2857 5022 2906 5068 et
2951 5017 3123 5081 viginti
3172 5029 3278 5068 cum
3325 5016 3570 5066 mensibus
3593 5015 3814 5078 quinque

2217 5089 2428 5138 tribuam
2451 5087 2714 5138 debuisset.

2284 5164 2310 5202 ιι
2335 5153 2594 5212 lnterjecto
2635 5155 2801 5202 tamen
2847 5162 2986 5200 muro
3031 5161 3117 5200 seu
3162 5149 3350 5211 pariete
3397 5145 3634 5198 ecclesiae.
3682 5147 3812 5212 Nam

2216 5222 2411 5268 sanctus
2448 5211 2751 5268 Willehadus
2799 5215 3078 5266 Bremensis
3118 5215 3372 5277 episcopus
3411 5214 3596 5276 primus
3621 5251 3636 5270 ,
3677 5211 3816 5262 intra

2217 5285 2530 5334 Bremensem
2577 5284 2826 5334 basilicam
2867 5282 3102 5345 sepultus,
3147 5284 3197 5330 et
3243 5281 3294 5330 in
3336 5281 3484 5330 aliam
3511 5293 3540 5329 a
3563 5277 3818 5345 Willet-ica

2215 5362 2492 5400 successore
2515 5362 2601 5400 suo
2625 5349 2890 5400 translatus
2913 5343 3006 5411 est,
3051 5351 3106 5399 ut
3149 5351 3286 5412 patet
3321 5359 3382 5398 ex
3424 5346 3536 5397 Vita
3577 5343 3738 5396 relata
3763 5345 3818 5396 in

2215 5417 2378 5469 saeculi
2405 5430 2480 5480 ιιι,
2507 5419 2644 5480 parte
2669 5416 2722 5468 2.
