4060 6184
268 286 421 339 1009

1062 279 1405 338 AIMOINUS
1460 278 1724 336 MONAC.
1780 282 2136 342 SANGERM.
2168 317 2237 328 —
2263 284 2551 343 NOTITIA
2574 286 2948 345 HISTOBICA

3424 294 3563 348 1010

263 404 389 462 lem
420 423 435 460 :
466 405 753 478 ipsumque
796 404 1106 477 sepulcrum
1146 411 1337 476 postea
1380 419 1546 475 super
1577 412 1871 473 exstructo,
1894 408 1951 471 A
1979 408 2264 466 multitudo
2313 410 2492 481 plebis
2548 410 2807 466 annulum
2864 413 2982 482 ejus
3039 411 3299 484 quaesisse
3354 421 3570 470 ostensa

266 496 333 545 et
363 490 420 544 in
448 490 711 546 honorem
741 490 914 546 sancti
957 488 1235 562 Michaelis
1279 496 1699 560 sanctorumque
1729 506 1880 545 mar-

266 582 461 649 tyrum
506 577 767 649 Stephani
811 584 975 650 atque
1017 576 1123 632 Viti
1161 576 1409 632 dedicato
1437 577 1746 643 oratoriolo,
1778 578 1879 632 ad-

268 666 496 721 ornavit
538 665 624 722 vir
663 665 1014 737 Adalgarius,
1047 664 1115 720 de
1145 680 1254 737 quo
1297 680 1462 735 supra
1499 664 1754 731 diximus,
1788 665 1881 736 qui

270 760 339 809 et
380 761 570 810 sancto
624 753 746 809 viro
803 752 1068 810 successit
1115 753 1169 807 in
1226 750 1618 824 pontiﬁcatum.
1679 753 1880 825 Sicque

269 842 555 914 completa
582 849 666 897 est
694 841 832 897 visio
863 857 1028 913 supra
1056 848 1368 907 memorata,
1393 840 1462 895 de
1483 856 1583 896 sua
1610 848 1662 896 et
1693 841 1879 896 domui

270 930 541 1003 Ansgarii
569 929 625 984 in
651 945 761 985 una
788 929 1023 986 ecclesia
1052 927 1383 994 detentione,
1417 928 1515 983 sed
1543 928 1684 983 muri
1714 929 1880 983 medii

266 1017 688 1090 interpositione
735 1017 870 1088 ipsis
916 1017 988 1072 ad
1032 1016 1267 1073 invicem
1295 1016 1573 1086 sejunctis.
1607 1018 1705 1071 Est
1732 1017 1911 1087 enim‘

267 1106 562 1178 prefatum
610 1105 963 1161 oratoriolum
990 1104 1307 1177 contiguum
1343 1104 1578 1177 antiquae
1609 1104 1874 1172 ecclesiis,

268 1210 440 1250 muro
484 1201 694 1249 tantum
740 1194 858 1263 ejus
887 1192 1140 1249 orientali
1169 1209 1236 1248 ex
1263 1207 1374 1247 uno
1401 1191 1457 1247 in
1484 1192 1631 1247 aliud
1672 1192 1879 1248 aditum

266 1280 710 1350 intercludente;
741 1289 793 1337 et
830 1281 884 1336 in
915 1281 1055 1352 ipso,
1086 1288 1144 1335 ut
1191 1279 1445 1346 diximus,
1500 1296 1643 1335 novo
1693 1288 1877 1336 orato-

269 1370 418 1426 riolo
462 1371 696 1426 domnus
743 1369 1067 1425 Rembertus
1115 1368 1357 1439 sepultus
1398 1375 1480 1423 est
1514 1385 1528 1422 :
1558 1367 1615 1421 in
1659 1368 1878 1440 antiqua

268 1473 410 1514 vero
457 1458 693 1514 ecclesia
740 1457 975 1512 domnus
1004 1455 1304 1527 Ansgarius
1332 1455 1643 1527 requiescit.
1676 1456 1745 1510 Et
1774 1457 1878 1511 hoc

269 1554 359 1601 est
392 1545 539 1617 quod
567 1545 687 1617 ipse
716 1545 772 1600 in
803 1544 1012 1601 visione
1043 1545 1163 1615 ipsa
1181 1543 1385 1598 dixisse
1404 1543 1710 1613 videbatur,
1732 1545 1879 1615 quod

267 1634 539 1690 annulum
555 1633 743 1689 domni
769 1632 1046 1688 Bemberti
1068 1647 1254 1688 secum
1270 1632 1551 1686 habiturus
1567 1640 1732 1697 esset,
1756 1632 1876 1703 ipso

265 1723 527 1779 videlicet
556 1722 758 1778 domno
780 1722 1075 1778 Remberto
1095 1737 1195 1792 per
1225 1719 1389 1776 fidem
1420 1728 1472 1775 et
1502 1720 1878 1786 operationem

264 1811 473 1867 bonam
503 1809 768 1882 perfecto,
802 1825 910 1865 non
958 1809 1122 1881 longe
1154 1815 1274 1879 post
1303 1825 1427 1864 cum
1465 1807 1585 1879 ipso
1614 1809 1874 1880 conjungi

264 1899 528 1965 debente,
564 1906 675 1953 tam
703 1898 759 1952 in
788 1897 1065 1954 vicinitate
1093 1896 1349 1968 sepulcri,
1383 1911 1549 1968 quam
1576 1896 1751 1952 beata:
1781 1914 1871 1952 re-

265 1986 415 2060 quiei
443 1985 814 2057 perceptione,
848 1985 988 2042 sicut
1016 1985 1148 2040 olim
1179 1984 1297 2055 ipse
1326 1984 1511 2041 divino
1542 1984 1746 2055 Spiritu
1776 2001 1871 2041 re-

265 2074 489 2130 velante
536 2073 805 2145 praedixit.
856 2074 959 2127 Per
1004 2072 1265 2127 annulum
1296 2072 1497 2143 quippe
1526 2071 1663 2127 fides
1694 2073 1872 2144 signi-

262 2161 485 2228 ﬁcatur,
519 2177 625 2234 qua
674 2160 832 2216 nobis
881 2160 1063 2233 imago
1107 2160 1208 2215 Dei
1249 2159 1568 2229 exprimitur
1603 2178 1616 2213 :
1650 2168 1701 2214 et
1744 2160 1873 2231 quia

261 2250 389 2322 ipso
406 2265 601 2304 manus
630 2248 813 2305 ornari
834 2248 1027 2318 solent,
1052 2247 1248 2320 quibus
1267 2248 1507 2308 operatio
1526 2248 1841 2320 designatur
1861 2267 1876 2317 ;

261 2347 417 2394 recte
472 2354 572 2409 per
647 2338 752 2392 hoc
828 2336 1146 2400 ostenditur,
1218 2344 1539 2392 ornamento
1593 2334 1720 2391 ﬁdei
1778 2336 1879 2391 bo-

260 2443 398 2482 num
440 2442 578 2497 opus
625 2442 843 2497 semper
887 2425 1069 2480 inesse
1114 2425 1340 2479 debere.
1395 2424 1553 2493 Quod
1596 2424 1721 2496 quia
1768 2425 1872 2480 do-

258 2531 427 2571 mnus
474 2514 795 2570 Rembertus
836 2513 892 2568 in
940 2529 1040 2568 sua
1086 2512 1506 2570 conversatione
1570 2512 1870 2567 commistis

258 2603 370 2659 sibi
400 2619 620 2674 semper
648 2601 911 2669 exhibuit,
960 2608 1109 2657 recte
1136 2600 1193 2655 in
1222 2600 1495 2673 praesagio
1525 2599 1717 2656 mortis
1749 2600 1867 2669 ejus

1978 506 2059 551 est
2096 516 2109 553 :
2140 515 2241 569 per
2269 499 2415 569 quod
2443 498 2805 571 signiﬁcatum
2835 508 2933 566 est,
2968 508 3213 571 tempore
3236 501 3424 555 mortis
3451 502 3569 570 ejus

1978 596 2073 636 eos
2121 583 2212 653 qui
2258 581 2336 636 illi
2384 581 2537 637 fuere
2580 583 2873 649 commissi,
2925 584 3084 639 anxie
3130 584 3467 649 desiderare,
3513 592 3572 639 ut

1979 668 2157 725 adhuc
2186 670 2449 741 exemplis
2470 670 2526 723 in
2545 669 2636 725 illo
2656 672 2959 742 perspectis
2978 670 3183 742 perfrui
3203 678 3569 727 mererentur.

1979 756 2088 811 Sed
2133 758 2238 812 hoc
2271 758 2384 827 jam
2433 756 2551 813 fieri
2592 773 2702 813 non
2729 774 2891 829 posse
2918 767 3134 831 tempus
3161 760 3448 832 expetebat
3476 775 3572 815 re-

1980 843 2125 913 quiei
2154 844 2287 913 ejus,
2319 861 2478 916 quam
2504 845 2795 916 episcopus
2817 847 3118 917 Ansgarius
3139 847 3356 918 plebem
3376 863 3409 901 a
3426 862 3571 919 quae-

1977 931 2150 986 rendo
2179 932 2379 988 annulo
2408 948 2764 1004 compescens
2795 933 3137 1008 signiﬁcavit,
3168 936 3298 990 dum
3326 950 3453 991 eum
3480 933 3569 989 di-

1978 1026 2129 1076 ceret
2159 1035 2344 1076 secum
2356 1096 2361 1101 ,
2374 1037 2498 1077 esse
2526 1022 2859 1078 habendum.

2549 1213 2774 1270 CAPUT
2823 1215 3000 1271 XXV.

2049 1365 2328 1435 Suspensa
2367 1371 2449 1421 est
2498 1364 2662 1420 etiam
2690 1381 2855 1436 super
2879 1365 3188 1437 sepulcrum
3218 1366 3334 1435 ejus
3362 1365 3572 1438 lampas

1975 1452 2175 1525 lignea,
2211 1461 2267 1507 ut
2295 1452 2480 1507 lumen
2510 1453 2825 1508 continuum
2845 1453 2900 1507 in
2920 1470 2983 1508 ea
3012 1454 3213 1509 ibidem
3242 1454 3567 1511 haberetur:

1976 1543 2165 1595 subtus
2208 1540 2379 1611 ipsam
2429 1556 2561 1596 vero
2609 1542 2664 1595 in
2709 1540 2998 1612 superficie
3044 1542 3276 1612 sepulcri
3320 1542 3569 1598 velamen

1969 1629 2185 1698 jacebat
2223 1644 2541 1699 expansum,
2586 1629 2643 1683 in
2674 1645 2783 1700 quo
2830 1628 3001 1685 fertur
3042 1630 3365 1701 praclarum
3395 1630 3573 1686 conti-

1904 1717 2123 1818 Bgisse
2170 1716 2529 1783 miraculum;
2581 1718 2725 1788 quod
2770 1717 2827 1771 in
2881 1726 3144 1789 quantum
3193 1735 3260 1773 ex
3316 1718 3576 1775 relatione

1974 1805 2326 1873 narrantium,
2373 1805 2460 1860 vel
2502 1805 2766 1860 memoria
2811 1805 2897 1861 vel
2928 1804 3204 1862 intellectu
3252 1806 3569 1876 retinemus,

1974 1892 2048 1948 ita
2091 1901 2308 1965 gestum
2340 1909 2475 1948 esse
2540 1901 2769 1950 constat.
2828 1893 3069 1965 Contigit
3125 1894 3362 1965 quadam
3411 1902 3573 1951 nocte

1973 1981 2343 2053 conﬂagrasse
2396 1982 2646 2038 eamdem
2685 1981 3014 2052 lampadem,
3047 1997 3113 2038 ac
3143 1982 3318 2052 primo
3346 1984 3573 2038 crebros

1972 2071 2238 2126 carbones
2267 2069 2539 2125 decidisse
2568 2086 2637 2126 ex
2664 2070 2757 2124 illa
2786 2086 2952 2140 super
2982 2069 3161 2125 velum
3182 2078 3567 2138 memoratum,

1972 2166 2136 2231 atque
2179 2158 2325 2214 illico
2368 2158 2627 2230 subsequi
2674 2158 2837 2213 etiam
2868 2173 3054 2214 casum
3086 2158 3247 2213 totius
3277 2157 3567 2229 lampadis,

1980 2247 2264 2319 ipsamque
2295 2261 2461 2317 supra
2481 2247 2626 2302 idem
2655 2247 2836 2302 velum
2866 2253 3029 2302 totam
3058 2246 3325 2316 comburi,
3359 2247 3571 2318 absque

1978 2335 2088 2390 ulla
2116 2335 2339 2391 laesione
2369 2335 2539 2405 ipsius
2568 2336 2693 2391 veli.
2713 2335 2872 2404 Quod
2900 2335 3036 2390 nulli
3065 2335 3286 2390 dubium
3316 2351 3439 2391 esse
3469 2335 3572 2390 de-

1974 2423 2065 2478 bet
2095 2423 2162 2477 ad
2179 2423 2511 2479 declaranda
2539 2424 2733 2479 merita
2761 2425 2907 2479 servi
2937 2424 3018 2480 sui
3045 2423 3319 2479 Christum
3350 2423 3568 2495 fecisse,

1972 2511 2064 2583 qui
2092 2528 2215 2567 cum
2244 2513 2404 2568 Patre
2447 2519 2500 2567 et
2546 2511 2744 2585 Spiritu
2786 2521 2978 2571 sancto
3020 2512 3153 2569 vivit
3199 2521 3250 2569 et
3291 2519 3481 2585 regnat
3511 2511 3570 2567 in

1967 2607 2229 2655 aeternum
2238 2640 2251 2654 .

1118 2872 1125 2879 ’
1235 2887 1466 2971 VITA
1554 2885 1916 2970 SANCTI
1986 2886 2512 2971 ANSCHARII

1499 3064 1919 3106 ARCBIEPISCOPI
1972 3064 2400 3106 HAIBURGENSIS

1384 3172 1714 3229 AUCTORE
1774 3173 2049 3229 SANCTO
2106 3174 2484 3229 REMBERTO

1140 3299 1318 3380 (Vide
1350 3300 1785 3376 Patrologiae,
1813 3302 1961 3360 tom.
1997 3300 2279 3374 CXVIII,
2311 3300 2425 3359 col.
2459 3298 2643 3380 959.)

1454 3638 1623 3681 ANNO
1682 3636 1905 3680 DOMINI
1959 3637 2410 3684 DCCCLXXXVIII.

926 3941 930 3947 .
1123 3770 2602 3989 AIMOINUS

1343 4067 1729 4125 MONACHUS
1774 4067 1912 4123 SAN
1915 4066 2213 4127 GERMAN
2217 4072 2311 4126 EN
2314 4072 2437 4129 SIS.

1741 4197 2034 4215 _

1040 4305 1453 4400 NOTITIA
1508 4301 2030 4395 HISTORICA
2087 4309 2190 4397 ΙΝ
2242 4311 2745 4402 AIMOINUM

1433 4450 1694 4523 (Fabric.,
1726 4450 1976 4510 Biblioth.
2010 4458 2155 4513 med.
2190 4467 2241 4514 et
2261 4459 2357 4514 inf.
2391 4460 2536 4532 Lat.)

1649 4577 1940 4597 ἡ

305 4671 611 4732 Antomus,
645 4667 761 4724 sive
808 4669 1118 4735 Antonius,
1153 4672 1395 4727 notarius
1440 4682 1493 4729 et
1536 4678 1836 4735 monachus
1868 4675 2064 4739 Ctom.
2099 4671 2167 4734 ll,
2317 4710 2329 4723 .

350 4739 614 4796 Germani
658 4738 726 4793 de
775 4739 949 4793 Pratis
992 4738 1048 4793 in
1088 4741 1347 4796 suburbio
1391 4744 1695 4796 Parisiensi-
1745 4747 1836 4796 aui
1937 4750 2149 4796 ctorum

1937 4757 2149 4799 ctorum
2179 4757 2314 4795 Ul‘O.

235 4740 321 4819 S._
350 4738 726 4819 Germaniude
775 4739 963 4819 Pratis
992 4738 1048 4819 in
1088 4741 1695 4819 suburbioMParisiensi,
1745 4747 1837 4819 qui

236 4809 567 4879 subscripsit
605 4809 887 4879 diplomati
932 4810 1056 4865 dato
1085 4826 1175 4865 an.
1210 4812 1269 4866 C.
1305 4816 1427 4879 872,
1470 4817 1625 4879 regni
1654 4809 1837 4872 Caroli

233 4881 558 4953 (Calvi)g32.
600 4880 753 4953 Ejusﬁ
778 4880 913 4953 libri
930 4895 970 4934 ιι
992 4880 1069 4953 ad
1114 4881 1415 4937 Bernonem
1463 4880 1732 4953 abbatem,
1770 4888 1837 4943 de

232 4951 573 5023 Iuventium
616 4955 673 5005 et
716 4951 1397 5023 Translationegcorporis
1428 4956 1488 5009 Β.
1532 4951 1829 5023 νίησθὴίἱὶ,

231 5020 437 5077 Levita:
458 5019 808 5093 etmartyris,
842 5036 908 5075 ex
934 5021 1175 5093 Valentia
1213 5019 1488 5093 Hispania:
1519 5043 1606 5082 an.
1632 5030 1736 5083 864
1766 5019 1833 5083 ad

231 5038 437 5077 Lenta:
458 5038 511 5074 et
530 5038 808 5145 manans,
842 5038 908 5075 ex
939 5038 1175 5076 valentia
1213 5038 1488 5093 Hispaniae
1519 5043 1606 5082 an.
1632 5038 1736 5083 864
1766 5038 1833 5083 ad

227 5090 632 5172 monasterium
703 5098 908 5172 astrum
936 5092 1192 5172 dimcesis
1229 5094 1833 5172 Albingensis_in_Gal-

225 5162 322 5239 lia,
345 5161 607 5239 versibus
639 5161 824 5232 scripti
852 5163 1197 5239 hexametris,
1252 5181 1369 5239 una
1395 5161 1531 5222 'cum
1578 5170 1834 5239 Epistola

229 5232 308 5311 ad
343 5232 706 5311 Iheotgeruzn
731 5234 1075 5311 moriachum
1107 5237 1448 5311 et_cqrmine
1496 5232 1719 5293 versum
1763 5244 1830 5295 60

233 5302 583 5379 heroicorum
638 5302 708 5379 de
768 5304 976 5379 eadem
1019 5306 1373 5379 translatione
1420 5316 1651 5379 exstant,
1709 5325 1832 5365 cum

232 5372 738 5453 ιὲςειξιέίηΑίφοίειρ
776 5374 1333 5453 ῌίεεοπίαξῈεξρρίοφ
1362 5372 1648 5453 serium"?
1677 5380 1830 5453 Pari-

232 5443 333 5517 siis
368 5445 522 5517 4608,
546 5443 760 5517 _in-fol.
792 5445 849 5499 in
876 5447 1055 5502 Boscii
1099 5448 1431 5505 Bibliotheca
1471 5443 1827 5517 Floriacensi,

226 5512 657 5589 Lugduniiﬁos,
689 5515 831 5574 iri-8°
852 5535 868 5585 ;
891 5525 943 5573 et
963 5517 1019 5575 in
1039 5518 1188 5576 Actis
1218 5519 1543 5577 Sanctorum
1568 5512 1827 5590 Januarii,

2362 4670 2504 4731 405;
2536 4682 2750 4723 necnon
2795 4668 2850 4722 in
2878 4668 3171 4725 Mabillonii
3210 4671 3358 4726 Actis
3387 4672 3529 4728 San-

2367 4740 2421 4794 S.
2473 4739 2768 4807 Benedicti,
2804 4754 2916 4795 sec.
2948 4755 3026 4812 iv,
3055 4749 3194 4811 part.
3229 4746 3279 4811 1,
3314 4759 3368 4812 p.
3403 4746 3526 4800 652.

1936 4814 2099 4868 Liber
2113 4813 2179 4867 de
2197 4812 2249 4868 S.
2278 4812 2561 4867 Germani.
2588 4811 2829 4881 episcoyi
2850 4811 3212 4878 Parisiensis,
3237 4811 3525 4871 Miraculis

1936 4884 2002 4937 ab
2033 4899 2123 4937 an.
2157 4885 2260 4937 846
2290 4882 2357 4935 ad
2388 4897 2476 4935 an.
2530 4882 2650 4945 874,
2686 4882 2918 4951 scriptus
2946 4898 3033 4935 an.
3086 4885 3228 4949 892,-
3258 4883 3314 4936 in
3339 4884 3529 4940 Jacobi

1935 4952 2205 5009 Mosandri
2248 4952 2561 5023 Appendice
2603 4951 2671 5004 ad
2723 4951 2938 5006 Surium
2982 4954 3052 5007 25
3080 4952 3239 5019 Julii;
3286 4955 3339 5007 in
3377 4956 3528 5011 Actis

1936 5027 2266 5081 Sanctorum-
2289 5028 2319 5075 6
2352 5023 2495 5085 Maii,
2546 5037 2676 5093 pag.
2728 5025 2852 5087 801,
2887 5029 2939 5075 et
2967 5022 3021 5076 in
3054 5023 3348 5079 Mabillonii
3377 5026 3528 5081 Actis

1935 5097 2256 5152 Sanctorum
2317 5093 2450 5148 0rd.
2483 5092 2781 5158 Benedicti,
2813 5108 2923 5147 sec.
2959 5108 3039 5158 ιιι,
3072 5101 3213 5163 part.
3238 5110 3297 5159 ιι,
3322 5111 3375 5164 ρ.
3402 5098 3524 5151 104.

1932 5169 2009 5222 De
2048 5165 2435 5221 Translatione
2463 5164 2602 5235 ἃλς.
2630 5164 2937 5235 Martyrum
2978 5164 3211 5235 Georgii,
3247 5166 3521 5233 Monachi,

1932 5237 2147 5292 Aurelii
2168 5240 2225 5290 et
2244 5236 2502 5299 Nataliw,
2530 5233 2689 5297 liber,
2714 5233 2919 5289 et'libri
2936 5249 2975 5287 ιι
2994 5234 3059 5288 de
3076 5233 3267 5290 eorum
3293 5237 3527 5292 Miracu-

1934 5310 2022 5373 Iis,
2058 5306 2202 5376 apud
2259 5306 2510 5359 eumdem
2560 5304 2946 5376 Mabillonium,
2994 5319 3107 5376 sec.
3159 5321 3236 5370 IV,
3289 5314 3418 5361 tom.
3454 5308 3521 5373 ll,

2003 5394 2058 5448 g.
2092 5375 2178 5448 45.
2214 5376 2346 5429 Sunt
2374 5376 2539 5448 etiam
2561 5375 2654 5448 qui
2680 5375 2804 5430 huic
2834 5375 3085 5448 Aimoino
3115 5376 3353 5448 tribuunt
3379 5376 3523 5434 libro

1984 5445 2316 5503 iraculorum
2371 5447 2430 5500 B.
2489 5446 2660 5500 Mauri
2715 5454 2768 5501 et
2834 5445 3125 5500 Historiam
3196 5447 3526 5506 inventionis

1930 5533 2218 5591 corporum
2249 5516 2447 5574 Placidi
2477 5516 2692 5571 abbatis
2721 5524 2774 5572 et
2802 5515 3075 5572 sociorum
3106 5518 3243 5589 ejus.
