4112 6192
515 272 649 329 1011

519 456 1077 482 W

1576 273 1918 334 AIMOINUS
1971 272 2355 335 MONACHUS
2397 277 2855 338 SANGERMAN.

3672 289 3804 344 10ίὲ

1080 456 3776 483 Mm

893 536 1391 673 HISTORIA
1469 537 2326 674 TRANSLATIONIS
2404 541 2791 677 SANGTI
2864 543 3414 680 VINGEN’I‘II

1713 763 1983 820 LEVITlE
2034 764 2127 819 ET
2188 765 2561 834 MARTYRIS,

1019 891 1132 950 EX
1187 889 1581 949 HISPANIA
1637 888 1726 950 IN
1782 889 2257 951 CASTRENSE
2314 892 2642 956 GALLIIE
2698 894 3339 974 MONASTERIUM.

551 1026 815 1088 Duobus
866 1025 1054 1085 libris
1096 1024 1424 1102 prosaicis
1480 1023 1733 1100 scripta
1783 1021 1864 1081 ab
1914 1022 2226 1162 émomot
2247 1025 2565 1118 "formabo
2605 1027 2672 1088 S.
2735 1027 3051 1089 Germani
3104 1028 3148 1089 ὰ
3193 1032 3451 1106 Pratis,
3514 1031 3767 1092 duobus

1899 1121 1921 1159 2
1957 1118 2052 1161 em
2097 1120 2196 1162 me
2228 1121 2415 1162 ηοω.

1899 1121 1921 1159 2
1930 1118 2052 1161 tem
2097 1118 2389 1163 metricae
2399 1147 2415 1164 .

1615 1217 1797 1289 (Apud
1825 1218 2026 1273 Mabill.
2058 1221 2179 1276 Act.
2212 1220 2310 1276 SS.
2334 1221 2454 1278 ord.
2490 1223 2548 1279 S.
2580 1223 2811 1295 Bened.)

1488 1390 1734 1466 MABILL
1743 1410 1888 1467 0N1!
1934 1411 2144 1470 ossea
2154 1414 2229 1471 VA
2242 1415 2478 1473 TIONES
2532 1419 2696 1474 pnas
2707 1419 2852 1513 vas.

588 1628 640 1694 t.
671 1620 906 1694 Libellos
926 1618 1161 1694 Aimoini
1190 1619 1330 1694 duos
1351 1619 1435 1694 d_e_
1451 1617 1727 1694 Miraculis
1759 1619 2115 1694 S.__Germar_1i
2149 1620 2204 1675 A
2228 1623 2367 1678 siam
2387 1625 2751 1681 cathedralem
2771 1634 3015 1682 erectum
3046 1635 3131 1683 est
3147 1627 3218 1683 ab
3236 1628 3447 1683 Joanne
3465 1627 3649 1694 XXII,
3665 1628 3825 1684 modo

519 1692 851 1749 Parisiorum
891 1690 1144 1745 antistitis
1174 1689 1390 1745 exhibui
1422 1688 1477 1742 in
1507 1689 1690 1744 saeculi
1720 1689 1860 1744 tertii
1891 1698 2036 1745 torno
2067 1692 2113 1745 II

515 1764 660 1888 §Vid.
682 1764 859 1886 ἱηένα,
885 1761 989 1817 col.
1022 1759 1181 1831 1027)
1204 1779 1216 1814 :
1237 1775 1381 1815 nunc
1397 1758 1621 1813 totidem
1641 1759 1813 1814 libros
1833 1761 1899 1814 de
1921 1762 2115 1815 Trans-

538 1834 718 1888 atione
782 1874 794 1886 .
820 1830 1086 1887 Vincentii
1108 1831 1177 1885 ab
1194 1831 1388 1885 eodem
1409 1829 1584 1884 soluta
1600 1830 1845 1885 oratione
1882 1831 2113 1888 scriptos

538 1829 794 1911 atione_$.
820 1830 1086 1911 Vincentii
1108 1829 1177 1885 ab
1194 1831 1388 1911 eodem
1409 1829 1584 1911 soluta
1600 1830 1845 1911 oratione
1882 1831 2113 1911 scriptos

519 1919 643 1959 cum
672 1902 793 1957 aliis
842 1902 1060 1956 duobus
1110 1900 1350 1956 metricis
1403 1899 1657 1954 exhibere
1688 1900 1857 1969 juvat.
1910 1899 2029 1955 Fuit
2066 1902 2113 1954 is

517 1974 816 2029 monachus
849 1971 1083 2027 coenobii
1104 1972 1161 2026 S.
1186 1971 1495 2026 Germania
1516 1970 1687 2041 Pratis
1709 1972 1851 2041 apud
1873 1972 2114 2026 Parisios

518 2045 619 2099 sub
641 2043 868 2099 Gozlino
907 2042 1124 2107 abbate,
1157 2041 1249 2112 qui
1270 2042 1341 2095 ab
1377 2055 1521 2112 anno
1545 2040 1774 2112 circiter
1813 2044 1914 2112 850
1937 2042 2115 2096 eidem

514 2115 636 2170 loco
672 2128 915 2185 praeesse
952 2112 1133 2185 coepit,
1176 2110 1340 2183 atque
1380 2110 1718 2185 A_imoino‘ut
1760 2111 2023 2185 miracula
2054 2113 2109 2167 S.

518 2180 779 2240 Germani
826 2180 1207 2253 perscriberet,
1252 2180 1583 2253 'mandavit._
1609 2181 1724 2253 IIos
1770 2197 1909 2253 vero
1947 2182 2114 2253 libros

517 2255 800 2309 Aimoinus
816 2250 1028 2323 scripsit
1048 2268 1113 2306 ex
1135 2252 1396 2323 relatione
1413 2250 1644 2323 Audaldi
1664 2252 1933 2319 monachi,
1957 2252 2115 2307 istius

476 2346 481 2351 ε
516 2323 888 2393 translationis
922 2321 1206 2391 adjutoris,
1244 2324 1406 2393 cujus
1437 2321 1503 2375 ab
1538 2337 1631 2376 ore
1660 2339 1780 2393 qua:
1819 2322 2110 2393 dicuntur,

518 2396 755 2462 accepit,
782 2409 847 2448 ex
868 2392 960 2446 lib.
983 2390 1021 2457 1,
1045 2408 1166 2461 cap.
1189 2396 1243 2449 2.
1269 2390 1410 2446 Editi
1431 2398 1555 2462 sunt
1577 2390 1913 2462 quatuoristi
1933 2393 2054 2446 libri
2083 2409 2116 2447 a

517 2460 725 2543 Jaeobo
745 2460 1182 2543 BrolioPratensi
1204 2462 1473 2543 monacho
1489 2460 1548 2543 in
1566 2460 1952 2543 supplemento
1973 2464 2118 2517 Anti-

520 2534 784 2606 quitatum
811 2532 1228 2606 Parisiensium.
1271 2534 1439 2606 Porro
1487 2530 1767 2606 Aimoinus
1810 2534 2116 2606 auditorem

517 2603 705 2659 habuit
724 2603 1008 2658 Abbonem
1026 2603 1271 2670 ejusdem
1285 2603 1391 2657 loci
1410 2604 1757 2673 monachum,
1780 2604 1869 2673 qui
1886 2604 1955 2658 de
1975 2604 2122 2657 obsi-

518 2674 681 2729 dione
700 2673 972 2729 Parisiaca
989 2673 1159 2727 libros
1176 2674 1312 2728 duos
1328 2671 1582 2727 versibus
1598 2671 1812 2739 cecinit;
1831 2673 2114 2742 praemisso

519 2744 764 2800 carmine
800 2743 1070 2814 dactylico
1110 2743 1181 2797 ad
1218 2743 1526 2798 Aimoinum
1572 2752 1987 2814 praeceptorem.
2036 2746 2115 2798 Ex

519 2830 646 2886 quo;
676 2814 1009 2886 intelligitur,
1063 2814 1374 2886 Aimoinum
1421 2828 1564 2886 anpo
1622 2818 1749 2886 888,
1803 2830 1912 2886 quo
1960 2815 2115 2868 Abbo

517 2882 811 2962 scribebat,
855 2882 1436 2962 superstitem_fuisse.
1484 2882 1622 2962 Ejus.
1662 2882 1841 2962 obitus
1872 2884 2117 2962 signatur

516 2953 572 3007 in
598 2960 909 3023 pervetusto

517 3022 937 3078 Juniidenositio
953 3022 1155 3076 domini
1173 3022 1448 3076 Heimonis
1466 3022 1787 3077 sacerdotis.
1810 3044 1830 3071 »
1853 3024 2115 3078 Diversus

518 3100 603 3164 est
631 3094 678 3147 is
705 3091 776 3147 ab
804 3092 1054 3164 Aimoino
1096 3091 1370 3164 Francicaa
1419 3092 1658 3164 historiae
1701 3092 1986 3164 scriptore,
2023 3093 2113 3164 qui

514 3161 616 3218 fuit
645 3163 946 3218 monachus
977 3161 1341 3216 Floriacensis
1368 3163 1469 3216 sub
1501 3162 1689 3217 Abone
1720 3163 1933 3217 abbate.

582 3255 635 3309 2.
678 3250 887 3305 Primus
929 3250 1067 3304 duos
1115 3249 1330 3319 priores
1395 3250 1565 3305 libros
1611 3250 1680 3304 de
1736 3250 2114 3305 Translatione

513 3321 571 3377 S.
632 3320 902 3377 Vincentii
956 3321 1188 3390 Bernoni
1260 3320 1533 3375 Castrensi
1600 3320 1781 3374 abbati
1839 3320 1992 3390 (abbé
2048 3321 2113 3376 de

518 3391 765 3461 Castres)
795 3392 1020 3461 ejusque
1069 3389 1326 3461 fratribus
1358 3390 1709 3460 nuncupavit.
1744 3389 1890 3444 Istud
1916 3406 2112 3445 mona-

514 3461 743 3516 sterium
777 3484 799 3508 «
835 3460 977 3515 anno
1024 3460 1239 3514 Domini
1279 3463 1383 3515 647
1412 3462 1704 3523 Robertus,
1739 3460 2031 3514 Anselinus
2061 3468 2114 3514 et

511 3532 723 3597 Daniel,
757 3539 866 3585 tres
894 3530 996 3586 viri
1026 3530 1099 3601 pii
1130 3539 1181 3601 et
1210 3530 1422 3585 nobiles
1453 3538 1868 3601 construxerunt
1885 3531 1939 3583 in
1969 3546 2112 3601 pago

511 3547 723 3597 Daniel,
757 3547 866 3585 tres
894 3547 996 3586 νυνι
1026 3547 1099 3654 p11
1130 3547 1181 3585 et
1210 3547 1422 3585 nonues
1453 3547 1939 3586 conStruxerunun
1969 3547 2112 3601 pago

509 3601 993 3674 Albigensi,__juxta
1023 3600 1250 3674 tu_vium_
1276 3601 1472 3672 Agouti
1503 3602 1605 3655 sub
1636 3600 1921 3674 regula__S._
1948 3601 2116 3674 Bene-

512 3670 666 3738 dicti;
704 3695 725 3719 ιν
759 3672 1047 3739 adjuvante
1076 3670 1577 3725 Faustino—strenuo
1608 3686 1671 3725 ac
1702 3670 1980 3739 praedivite
2012 3670 2111 3723 mi-

509 3740 625 3812 lite,
663 3764 686 3788 α
722 3742 814 3812 qui
840 3742 1138 3812 monachus
1168 3740 1340 3796 factus
1370 3742 1657 3812 ecclesiam
1687 3740 1741 3795 S.
1776 3740 2052 3795 Benedicti
2082 3756 2113 3794 a

510 3809 880 3883 fundamentis
907 3826 1124 3883 magno
1140 3819 1356 3881 sumptu
1386 3809 1691 3883 aedificavit,
1727 3818 1779 3865 et
1803 3818 1925 3879 post
1955 3826 2110 3883 mor-

509 3888 621 3936 tem
652 3881 877 3936 Boberti
926 3880 1197 3935 secundus
1226 3880 1542 3936 monasterii
1572 3881 1740 3934 abbas
1775 3900 1797 3930 ι
1833 3881 2020 3945 evasit,
2055 3887 2114 3934 ut

511 3950 715 4021 legitur
743 3951 799 4003 in
844 3951 1091 4021 ejusdem
1119 3951 1432 4021 monasterii
1472 3950 1759 4021 Chronico,
1793 3951 1937 4021 quod
1970 3950 2111 4021 typis

513 4019 792 4091 yulgatum
823 4028 905 4073 est
935 4020 988 4091 in
1005 4020 1283 4091 Spicilegii
1306 4021 1585 4091 tomoVII.
1607 4019 1796 4073 Eidem
1818 4020 1947 4091 loco
1976 4019 2113 4089 prae-

516 4087 779 4159 fuit'anno
809 4091 911 4159 870
940 4087 1116 4143 Berno
1163 4087 1333 4142 abbas
1373 4090 1710 4155 undecimus,
1746 4089 1830 4144 cui
1856 4087 2108 4159 sequen-

515 4164 599 4213 tes
627 4158 796 4214 libros
824 4158 1071 4215 inscribit
1099 4159 1401 4214 Aimoinus.
1434 4159 1820 4214 Monasterium
1850 4158 1905 4212 in
1935 4158 2113 4215 eccle-

991 2952 1264 3016 ecrologio
1294 2952 1543 3007 Pratensi
1571 2953 1655 3005 his
1674 2954 1855 3006 verbis
1883 2971 1895 3006 :
1925 2952 1946 3002 ἱ
1975 2970 2009 3006 v
2031 2955 2114 3007 Id.
2145 2958 2196 3016 B

2214 1709 2246 1748 a
2276 1695 2629 1751 saecularibus
2658 1697 2936 1753 canonicis
2965 1706 3308 1769 occupatum.

2284 1786 2336 1836 3.
2362 1781 2552 1838 Obiter
2597 1785 2849 1852 observo,
2884 1786 3247 1841 Guarnerium
3271 1786 3679 1843 Resbacensem
3707 1788 3807 1842 ab-

2212 1852 2413 1933 batem,
2453 1854 2541 1925 qui
2584 1854 2646 1933 in
2680 1855 2927 1933 vulgatis
2962 1857 3233 1933 indic_ibu_s
3260 1857 3504 1933 emissus
3535 1867 3639 1923 est,
3672 1858 3806 1913 scri-

2213 1926 2390 2046 psisse
2421 1926 2745 1995 opusculum
2775 1926 3055 1982 metricum
3087 1928 3155 1982 de
3181 1927 3236 1981 S.
3260 1928 3544 1982 Vincentio
3571 1937 3806 1983 martvre

2252 2001 2478 2046 actenus
2506 1996 2786 2046 ineditum-
2818 1998 2964 2046 (mod
2995 1998 3103 2046 legi
3135 1999 3190 2046 in
3217 2014 3318 2046 ms-
3351 1999 3543 2046 codice
3565 1986 3806 2046 Geminis-

2252 1986 2478 2077 actenus
2506 1996 2787 2077 ineditum,
2808 1998 2964 2077 quod
2994 1998 3105 2069 legi
3134 1999 3191 2052 in
3217 2014 3319 2052 ms.
3351 1999 3543 2054 codice
3565 1986 3810 2055 Gembla-

2215 2066 2363 2119 censi
2392 2066 2493 2119 sub
2522 2067 2627 2121 hoc
2657 2066 2885 2122 exordio
2920 2084 2933 2122 :

2481 2205 2596 2260 Quis
2622 2208 2725 2261 tua,
2745 2207 2954 2261 Christe,
2976 2206 3255 2259 salutifera,

2525 2270 2601 2323 ua;
2622 2260 2744 2305 facis
2760 2260 3086 2323 omnipptens
3105 2270 3259 2323 opera

2514 2313 2691 2358 radere
2710 2322 2814 2358 non
2842 2313 3013 2369 cupiat
3031 2313 3209 2369 titulis,
3234 2314 3328 2360 etc.

2214 2426 2506 2501 D_ein_de_i_n
2536 2428 2995 2501 consequentibus
3022 2429 3133 2501 agit
3158 2428 3228 2483 de
3250 2429 3385 2501 cella
3416 2444 3514 2501 seu
3534 2438 3808 2486 monaste-

2216 2497 2298 2553 rio
2329 2498 2384 2553 S.
2422 2498 2690 2554 Vincentii
2718 2497 2891 2570 prope
2921 2497 3183 2569 Hispalim
3208 2500 3293 2554 his
3318 2500 3573 2557 versibus
3606 2519 3621 2555 :

2483 2626 2611 2684 cella
2633 2628 2803 2684 procul
2827 2627 2973 2684 bidui
2994 2629 3159 2684 spatio

2482 2681 2548 2743 sb
2574 2681 2745 2743 populi
2774 2683 2943 2743 manet
2964 2681 3196 2743 hospitio.

2480 2735 2664 2779 Sancta
2692 2735 2970 2779 monastica
2995 2735 3178 2779 religio

2481 2787 2629 2840 Degit
2649 2786 2711 2840 in
2728 2787 2820 2831 hoc
2842 2788 2977 2831 velut
2996 2786 3191 2840 exsilio,

2481 2796 2629 2883 uegit
2649 2796 2699 2831 in
2728 2796 2820 2831 noc
2842 2796 2977 2831 velut
2996 2796 3118 2832 exsu

2480 2842 2559 2893 Nu
2584 2839 2679 2883 lius
2702 2839 2896 2893 indiget
2916 2840 3119 2885 auxilio.

2482 2892 2593 2937 Sola
2619 2895 2716 2937 Deo
2742 2892 2884 2937 vacat
2905 2892 3009 2936 haec
3032 2900 3245 2943 eremus,

2485 2947 2596 3008 ﬁeri
2617 2946 2850 2999 scopulos
2871 2945 3172 3008 aridumque
3193 2953 3372 2990 nemus

2482 3001 2624 3058 yons
2644 3000 2989 3058 supereminet
3011 3000 3200 3058 aerius,

2478 3050 2728 3111 chanum
2750 3050 3141 3111 Videt-interius,

2478 3103 2556 3148 Nil
2581 3103 2841 3147 monachis
2867 3102 2987 3147 libet
3008 3102 3242 3148 exterius.

2482 3158 2624 3200 Mons
2644 3157 2796 3200 etiam
2819 3155 2949 3209 capit
2972 3156 3248 3209 ecclesiam.

2480 3210 2616 3263 Inter
2636 3208 2903 3263 utrumque
2932 3209 3084 3263 decus
3106 3208 3338 3263 mediam,

2480 3261 2700 3306 Claustra
2725 3261 2920 3306 deceris
2943 3262 3127 3306 habent
3149 3261 3344 3306 faciem.

2481 3315 2664 3374 gancta
2678 3313 2804 3374 ,δοηηὶ
2826 3315 2958 3374 retin
2966 3314 3312 3374 en_t__speciem,

2477 3367 2536 3411 Et
2554 3367 2721 3417 specie
2743 3368 2889 3411 tenus
2913 3367 3174 3417 almitie’m.

2478 3419 2565 3474 Hic
2586 3419 2876 3474 Vincentius
2897 3420 3228 3474 armipotens.

2475 3473 2561 3534 Qui
2584 3471 2976 3534 Dominus_9eus
2995 3471 3315 3534 omnipotens

2474 3526 2687 3569 Vincere
2708 3524 2969 3569 carniﬁces
2995 3524 3187 3576 tribuit,

2474 3577 2688 3632 Lipsana
2707 3577 2825 3622 dum
2852 3588 2945 3623 sua
2971 3576 3249 3632 distribuit,

2474 3630 2705 3679 Nobilius
2727 3633 2874 3686 caput
2894 3630 3145 3686 exposuit.

2209 3738 2290 3792 Eo
2320 3737 2516 3810 inloco
2568 3738 2847 3810 Eugenius
2894 3738 3167 3810 secundus
3189 3809 3196 3810 ί
3218 3737 3499 3810 Toletanae
3517 3737 3667 3810 sedis
3697 3738 3812 3808 epi-

2210 3824 2407 3881 scopus
2462 3809 2627 3881 vitam
2660 3807 3039 3881 'monasticam
3112 3809 3294 3881 egisse
3371 3808 3504 3861 mihi
3577 3807 3810 3877 videtur,

2206 3880 2529 3959 quippenqui
2560 3879 2747 3950 sagaci
2773 3879 2901 3951 fuga
2932 3880 3126 3959 urbem
3155 3879 3818 3959 Caesaraugustanampe-

2214 3948 2354 4014 tens,
2385 3948 2495 4003 illic
2525 3948 2815 4019 martyrum
2841 3948 3109 4018 sepulcris
3154 3948 3386 4013 inhaesit,
3418 3948 3606 4019 ibique
3634 3949 3813 4003 studia

2212 4019 2492 4088 sapientia:
2540 4028 2591 4074 et
2622 4020 2959 4088 propositum
2991 4020 3243 4074 monachi
3273 4019 3530 4074 decenter
3566 4019 3809 4082 incoluit,

2212 4036 2492 4088 sapientia:
2540 4036 2591 4074 et
2660 4036 2959 4088 roposuum
2991 4036 3243 4074 monacm
3273 4036 3530 4074 decenter
3566 4036 3809 4082 ιηοοιιιιι,

2208 4097 2265 4169 ut
2295 4089 2480 4169 scribit
2528 4036 2880 4169 Hilgefonsus
2924 4090 2978 4144 in
3007 4089 3103 4143 lib.
3136 4090 3204 4144 de
3235 4089 3606 4160 Scriptoribus
3634 4091 3811 4145 eccle-

2207 4159 2456 4225 siasticis,
2487 4175 2611 4229 cap.
2647 4163 2733 4215 13.

1748 4397 2232 4481 EPISTOLA
2306 4397 2691 4481 AIMOINI

1102 4550 1208 4608 Ad
1237 4550 1545 4609 damnum
1572 4550 1925 4610 BERNONEM
1954 4549 2249 4608 abbatem
2277 4558 2663 4626 cceterosque
2690 4548 2806 4607 sub
2836 4565 2904 4608 eo
2933 4551 3207 4622 fratres.

581 4746 777 4820 Dignis
821 4745 1094 4805 memoria.
1137 4745 1337 4801 sanctis
1383 4745 1646 4811 Patribus,
1697 4746 1898 4801 domno
1926 4746 2175 4808 abbatiC
2205 4746 2361 4801 libuit
2391 4744 2660 4799 sanctitati
2703 4750 2899 4798 vestrae
2946 4741 3079 4796 mihi
3105 4739 3320 4796 modico
3364 4745 3574 4795 tantum
3616 4739 3805 4807 injun-

515 4836 773 4901 Bernoni,
851 4834 1167 4905 cazterisque
1239 4834 1340 4887 sub
1399 4850 1464 4888 eo
1521 4833 1791 4899 fratribus,
1850 4833 1904 4887 in
1966 4849 2110 4906 pago

515 4922 763 4981 Albiensi
790 4930 843 4977 et
862 4921 1194 4978 monasterio
1218 4921 1361 4976 beati
1378 4922 1672 4989 Benedicti,
1698 4922 1841 4992 quod
1864 4922 2111 4976 Castrum

448 5060 451 5061 ν
515 5010 949 5084 cognominatur,
997 5011 1099 5064 sub
1146 5010 1262 5078 ejus
1311 5010 1600 5081 regimine,
1646 5009 1885 5082 regulari
1932 5010 2111 5065 studio

514 5101 632 5156 Deo
662 5098 1158 5163 commilitantibus,
1193 5096 1491 5167 Aimoynus
1518 5105 1789 5167 peccator,
1825 5097 1953 5151 almi
1984 5097 2113 5153 Ger-

513 5188 660 5243 mani
690 5186 1023 5242 Parisiorum
1063 5184 1309 5256 praesulis
1340 5186 1731 5240 monachorum
1761 5185 2109 5252 novissimus,

514 5283 843 5346 praesentem
888 5274 1321 5345 prosperitatem,
1372 5281 1738 5345 aeternamque
1780 5273 1835 5327 in
1896 5274 2112 5328 Christo

519 5377 804 5419 coronam.

584 5450 796 5516 Vestra,
839 5467 873 5506 o
919 5450 1278 5506 amantissimi
1323 5451 1530 5515 Patres,
1586 5448 1853 5519 prudenti.
1898 5463 2111 5504 necnon

516 5544 571 5595 et
598 5536 847 5593 imitabili
897 5538 1241 5610 simplicitate
1287 5545 1587 5609 comperta,
1638 5552 1748 5593 non
1775 5536 1941 5592 miror
1968 5537 2112 5609 quod

2210 4850 2344 4907 gere
2381 4833 2658 4905 negotium
2691 4849 2703 4885 :
2740 4838 3005 4902 quatenus
3045 4829 3335 4884 adventum
3366 4827 3513 4882 beati
3549 4827 3729 4882 levitm
3758 4835 3815 4881 et

2210 4921 2464 4994 martyris
2507 4919 2706 4975 Christi
2755 4917 3024 4974 Vincentii
3068 4917 3136 4970 ad
3169 4932 3288 4984 vos,
3323 4916 3677 4985 ejusdemque
3707 4915 3815 4969 ad-

2213 5018 2403 5067 ventus
2447 5024 2698 5078 supernaa
2727 5005 3109 5061 admonitionis
3140 5018 3381 5070 causam,
3423 5002 3618 5057 litteris
3648 5018 3816 5056 man-

2212 5097 2394 5152 dando
2426 5095 2659 5166 posteris
2700 5093 3002 5165 futurisque
3032 5091 3247 5148 saeculis
3278 5090 3561 5146 sciendum
3590 5090 3810 5161 praebe-

2212 5201 2348 5239 rem.
2402 5185 2462 5238 In
2486 5200 2594 5255 quo
2637 5183 2800 5237 etiam
2847 5182 2980 5236 illud
3026 5186 3399 5250 competenter
3443 5178 3726 5250 exigitur:
3762 5186 3823 5232 ut

2210 5272 2444 5346 grandia
2484 5271 2673 5343 paucis
2720 5270 3006 5335 elucidem,
3050 5285 3143 5323 seu
3190 5283 3288 5339 pro
3336 5265 3561 5321 vitando
3592 5265 3815 5320 fastidio

2211 5362 2448 5432 spatiosa
2498 5359 2648 5415 brevi
2704 5374 2956 5413 sermone
3015 5356 3334 5413 contraham
3368 5370 3381 5409 :
3415 5370 3524 5426 quo
3564 5353 3823 5409 omnibus

2210 5449 2519 5522 legentibus
2566 5448 2671 5503 hoc
2711 5462 2867 5517 opus,
2898 5445 3114 5501 Christo
3143 5443 3381 5511 favente,
3420 5442 3683 5513 probetur
3713 5456 3820 5497 ac-

2212 5537 2442 5608 ceptius.
2504 5536 2562 5591 Id
2616 5549 2834 5607 quoque
2892 5531 3353 5605 quemadmodum
3407 5530 3479 5585 de
3535 5529 3826 5585 miraculis
