4060 6184
467 251 606 306 1015

1389 249 1736 308 ᾺΙΜΟΙΝΠΞ
1785 229 2168 309 MONACHUS
2227 249 2684 342 SANGEnMAN.

3631 257 3783 314 1016

469 372 757 444 expedire,
807 387 1150 446 paganorum
1199 373 1452 443 insidias,
1501 375 1814 447 pariterque
1841 375 2064 430 tribula-
2093 373 2148 432 A
2169 381 2488 446 tempusque
2516 391 2578 431 ac
2609 377 2986 448 Opportunitas
3031 378 3264 434 exeundi
3305 379 3646 452 patriamque
3687 397 3780 437 re-

465 460 674 515 tionum
717 461 994 516 variarum
1031 477 1330 532 pressuras,
1365 463 1598 518 ducente
1629 479 1688 518 se
1720 463 1931 518 Christo
1967 479 2068 517 au-

469 547 657 606 dacter
717 565 1072 620 percurrens,
1143 549 1358 603 tandem
1426 550 1718 621 aliquando
1767 551 2068 606 Valentiam

470 635 724 709 superius
764 637 1098 692 nominatam
1139 637 1411 693 civitatem
1441 639 1781 711 aggreditur.
1815 639 1918 696 Ubi
1947 639 2068 694 die-

469 726 572 780 bus
603 733 832 797 quatuor
861 726 912 780 in
945 726 1058 794 ejus
1087 727 1376 794 suburbio,
1411 742 1442 781 a
1471 727 1793 782 Christianis
1831 729 1946 796 jam
1973 743 2070 798 pe-

465 814 611 872 nitus
641 813 924 878 derelicto,
975 815 1166 868 anxius
1209 815 1512 886 dubiusque
1561 817 1690 887 quid
1737 823 1922 888 ageret
1969 817 2070 870 im-

469 909 738 967 moratus,
775 901 960 974 quinto
991 903 1078 956 die
1109 903 1424 958 Zachariam
1465 905 1754 975 quemdam
1801 906 2066 970 Maurum,

469 990 612 1060 apud
641 1005 800 1062 quem
841 990 1234 1060 hospitabatur,
1283 992 1644 1058 conveniens,
1693 993 2072 1048 sciscitabatur

469 1077 539 1132 ab
569 1093 635 1133 eo
665 1077 916 1148 privatim
939 1079 1005 1132 de
1035 1095 1096 1134 re
1123 1087 1348 1150 pr0pter
1369 1097 1530 1152 quam
1556 1089 1790 1150 venerat,
1818 1089 1870 1136 et
1891 1091 2072 1135 utrum

469 1182 529 1221 se
559 1165 612 1220 in
642 1166 746 1221 hoc
776 1166 1032 1236 adjuvare
1077 1167 1270 1237 possit,
1313 1168 1600 1222 denudatis
1646 1169 1871 1224 secretis
1903 1169 2072 1222 inter-

469 1261 642 1326 rogat.
677 1253 798 1322 Quo
842 1255 1206 1324 respondente
1237 1272 1294 1310 se
1325 1257 1526 1326 optime
1572 1273 1768 1326 posse,
1803 1266 1962 1328 atque
1993 1257 2073 1311 lo-

467 1356 592 1398 cum
621 1341 716 1397 ubi
743 1342 1012 1413 pretiosus
1043 1343 1260 1398 Domini
1299 1353 1506 1414 martyr
1527 1345 1759 1412 jacebat,
1793 1345 2071 1416 ipsiusque

468 1431 802 1486 monumenti
849 1431 1094 1485 tumbam
1143 1432 1320 1488 adhuc
1367 1432 1635 1503 integram
1677 1433 1816 1487 bene
1859 1448 2067 1488 nosse:

469 1519 706 1588 Eamus,
749 1517 920 1589 inquit
962 1519 1275 1584 Audaldus,
1311 1527 1363 1574 et
1391 1521 1674 1574 videamus
1719 1529 1966 1576 utrumne
1997 1521 2072 1574 ita

472 1607 558 1672 sit,
595 1607 1046 1677 quemadmodum
1095 1608 1328 1662 testaris.
1365 1609 1484 1676 Quo
1513 1609 1686 1664 aiente
1721 1625 1733 1663 :
1770 1609 1910 1678 Quid
1940 1609 2071 1664 mihi

472 1694 627 1748 dabis
657 1694 919 1763 pecuniae,
947 1695 990 1748 si
1013 1696 1156 1766 quod
1187 1695 1382 1766 quaeris
1413 1697 1744 1752 ostendero?
1775 1697 2071 1752 Monachus

474 1781 548 1836 ait
582 1799 596 1836 :
629 1783 824 1836 Parum
873 1782 1090 1852 quidem
1141 1783 1359 1838 habeo:
1410 1784 1507 1838 sed
1555 1784 1688 1838 illud
1737 1793 1935 1848 totum,
1985 1784 2072 1839 vel

477 1875 624 1925 certe
653 1869 847 1924 exinde
879 1879 1134 1940 quantum
1181 1871 1403 1941 petieris
1449 1873 1822 1927 incunctanter
1859 1889 2072 1942 appen-

473 1958 619 2012 dam.
657 1958 811 2012 Unde
855 1959 1148 2028 praedictus
1195 1960 1477 2014 Zacharias
1523 1976 1754 2030 superno
1793 1960 2068 2030 instinctu,

476 2045 754 2116 sanctique
785 2047 1056 2116 martyris,
1082 2055 1136 2100 ut
1159 2048 1452 2116 credimus,
1487 2049 1706 2102 obtentu
1737 2049 2069 2114 moderatus,

473 2149 582 2188 non
613 2133 846 2204 amplius
895 2151 1057 2206 quam
1106 2136 1464 2208 quadraginta
1509 2143 1832 2210 argenteos,
1869 2137 2073 2192 solidos

473 2221 724 2278 videlicet
763 2222 1001 2294 quinque
1041 2223 1346 2294 postulavit.
1395 2225 1603 2294 Quibus
1636 2225 1867 2280 libenter
1899 2226 2072 2279 tribu-

473 2311 542 2364 tis
572 2311 730 2364 simul
761 2311 933 2364 ierunt
969 2312 1034 2365 ad
1063 2311 1262 2374 locum,
1309 2313 1400 2366 ubi
1443 2313 1795 2368 maceriarum
1829 2314 2074 2369 ecclesiae

475 2405 678 2452 tantum
711 2399 966 2468 patebant
995 2399 1180 2464 ruinae,
1215 2407 1376 2472 atque
1423 2401 1593 2471 ipsius
1623 2402 1858 2471 sepulcri
1889 2402 2070 2466 situm,

471 2495 532 2546 ut
561 2485 732 2542 fuerat
763 2487 1244 2543 incontaminatum
1288 2489 1549 2560 tituloque
1592 2489 1884 2562 signatum,
1919 2506 2074 2560 repe-

475 2573 618 2629 riunt
653 2591 666 2630 :
699 2574 752 2630 in
784 2592 891 2646 quo
938 2583 1053 2630 erat
1097 2593 1257 2646 super
1301 2577 1638 2648 inscriptum,
1675 2578 1818 2648 quod
1849 2577 1957 2633 illic
1988 2594 2074 2632 re-

475 2663 781 2734 quiesceret
812 2673 1030 2719 sanctus
1059 2665 1224 2720 levita
1252 2673 1304 2719 et
1335 2674 1542 2736 martyr
1577 2666 1906 2720 Vincentius.
1943 2668 2076 2720 Fraa-

475 2751 745 2806 clarorum
795 2769 1008 2824 quoque
1057 2761 1340 2822 parentum
1389 2753 1624 2820 nomina,
1657 2754 1826 2823 patris
1859 2754 2071 2824 Euticii,

475 2839 667 2894 matris
717 2856 848 2896 vero
895 2841 1116 2906 Enolaa,
1165 2858 1196 2895 a
1243 2843 1436 2914 quibus
1485 2843 1604 2895 orbi
1651 2841 1896 2914 agonista
1953 2843 2074 2895 talis

477 2936 838 2997 processerat,
891 2929 1068 2983 eidem
1115 2929 1386 2999 epitaphio
1433 2930 1576 2984 inter
1605 2939 1801 2985 caetera
1833 2929 2076 3002 refulge-

478 3014 611 3070 bant
651 3016 875 3070 inserta.
925 3017 1076 3088 Ergo
1120 3025 1399 3086 comperto
1445 3035 1540 3071 seu
1583 3019 1838 3072 denotato
1883 3033 2075 3073 sarco-

480 3103 649 3175 phagi
677 3103 827 3172 loco,
859 3105 946 3159 die
986 3105 1163 3159 adhuc
1207 3105 1375 3160 multo
1417 3106 1639 3159 domum
1689 3106 1894 3161 reversi
1933 3113 2072 3173 sunt,

479 3190 818 3265 gloriﬁcante
865 3193 1114 3248 Audaldo
1161 3195 1334 3248 Deum
1364 3209 1426 3248 ac
1457 3195 1832 3260 benedicente,
1867 3195 1956 3266 qui
1985 3195 2075 3249 iti-

479 3279 628 3336 neris
661 3281 744 3336 sui
771 3281 1048 3338 incursum
1077 3283 1150 3337 ita
1177 3298 1442 3354 prospere
1473 3283 1787 3338 direxisset.

1100 3424 1326 3480 CAPUT
1365 3425 1452 3480 IV.

549 3547 781 3604 Proinde
839 3549 964 3604 dum
1018 3549 1172 3620 quies
1221 3557 1410 3604 noctus
1457 3550 1718 3604 membris
1777 3551 2076 3621 praesertim

478 3637 730 3696 humanis
787 3637 1082 3702 blanditur,
1142 3646 1366 3708 accepto
1424 3637 1622 3693 lumine
1681 3648 2078 3710 consurgentes

480 3726 582 3782 soli
611 3735 819 3782 secreto
850 3735 1190 3782 revertuntur
1236 3726 1302 3780 ad
1352 3727 1614 3780 tumulum
1645 3743 1656 3781 :
1691 3727 2078 3799 inventumque

479 3815 634 3870 mirae
661 3815 1074 3885 pulchritudinis
1103 3831 1197 3868 vas
1227 3831 1592 3870 marmoreum
1623 3816 1862 3886 indique,
1899 3825 1955 3870 ut
1985 3817 2080 3872 de-

481 3903 671 3969 cebat,
715 3903 954 3958 studiose
1001 3903 1291 3971 munitum,
1341 3903 1560 3973 inopina
1609 3903 1895 3970 facilitate,
1941 3905 2080 3960 ultra

483 4007 646 4062 quam
689 3990 796 4046 dici
844 3999 1062 4060 posset,
1109 3990 1268 4044 simul
1315 3992 1474 4046 ambo
1517 3992 1725 4046 viribus
1771 3993 2080 4048 insistentes

483 4078 750 4148 aperiunt.
779 4078 922 4145 Quid
951 4086 1208 4148 praetcrea
1239 4079 1606 4134 admirationis
1643 4097 1743 4150 pro
1773 4081 2079 4136 incredibili

484 4167 600 4236 ejus
648 4165 978 4238 integritate,
1030 4166 1226 4237 quidve
1288 4167 1718 4237 compunctionis
1767 4185 1861 4223 seu
1909 4169 2079 4241 lacry-

479 4271 711 4320 marum,
765 4263 990 4326 propter
1035 4254 1288 4310 videlicet
1335 4255 1588 4327 gaudium
1640 4273 1704 4312 ac
1747 4257 2078 4328 inexpertam

479 4344 786 4400 aromaticae
815 4343 1092 4400 suavitatis
1123 4344 1232 4400 illic
1261 4343 1514 4400 diffusam
1554 4345 1922 4417 fragrantiam,
1955 4363 2076 4401 me-

2099 3069 2147 3132 C

2171 463 2380 518 visendi
2409 463 2757 534 praestolatur
2785 465 2838 519 in
2869 465 3006 520 dies.

2799 571 3024 626 CAPUT
3071 571 3136 626 ν.

2239 672 2450 744 Emptis
2477 673 2712 746 denique
2761 675 3070 745 palmarum
3113 677 3292 742 ramis,
3329 687 3382 732 et
3411 678 3556 734 circa
3597 679 3778 751 ipsum

2169 777 2367 832 corpus
2413 762 2610 834 ligatis,
2661 763 2825 818 veluti
2871 765 3094 834 hujusce
3140 765 3220 820 rei
3267 767 3441 839 gratia
3490 768 3780 823 thesaurus

2170 857 2517 905 occutaretur
2565 851 2890 922 acquisitus,
2943 861 3148 907 tantum
3195 861 3416 926 tamque
3465 857 3779 912 venerabile

2169 937 2450 1008 praemium
2477 938 2686 1002 levans,
2721 941 2824 996 hoc
2853 949 3080 996 onustus
3109 958 3356 1008 munere,
3389 944 3602 1015 hacque
3633 943 3784 1000 locu-

2169 1027 2400 1096 pletatus
2433 1028 2731 1099 margarita
2761 1029 3070 1099 negotiator
3111 1029 3202 1085 ille
3235 1047 3441 1101 pauper
3475 1032 3780 1088 ditissimus

2169 1113 2413 1182 effectus,
2468 1123 2712 1185 optatum
2743 1116 2842 1171 iter
2871 1117 3000 1172 dum
3051 1125 3265 1188 tempus
3311 1119 3480 1184 videt,
3527 1123 3776 1176 resumit.

2171 1203 2268 1258 Cui
2299 1203 2562 1258 Dominus
2587 1221 2782 1276 rursus
2823 1207 3114 1262 ostendere
3143 1207 3352 1272 volens,
3388 1208 3536 1279 quod
3565 1209 3780 1280 quaesiti

2171 1290 2438 1346 Vincentii
2483 1290 2660 1345 levitae
2705 1299 2756 1346 et
2795 1293 3051 1364 martyris
3095 1309 3295 1364 corpus
3343 1294 3640 1364 invenerit,
3673 1297 3780 1352 sub

2170 1385 2328 1432 nocte
2386 1378 2616 1450 quadam
2672 1379 2800 1434 dum
2857 1397 3022 1451 super
3069 1381 3356 1436 universos
3413 1384 3782 1454 eumdemque

2171 1466 2478 1520 Audaldum
2509 1483 2675 1538 scpor
2705 1467 2864 1523 solito
2885 1470 3261 1524 vehementior
3283 1469 3526 1525 irruisset
3549 1489 3562 1524 :
3589 1471 3782 1528 Subito

2171 1552 2352 1626 fulgor
2410 1555 2574 1624 (haud
2632 1555 2854 1610 dubium
2911 1557 3040 1627 quin
3089 1557 3229 1612 caelo
3275 1557 3560 1628 delapsus)
3615 1575 3782 1615 omne

2171 1641 2398 1712 replevit
2446 1659 2553 1714 quo
2602 1643 2831 1698 Sanctus
2879 1645 3056 1698 inerat
3103 1645 3470 1700 habitaculum
3505 1665 3520 1700 :
3553 1647 3694 1702 adeo
3723 1655 3784 1702 ut

2099 1721 2376 1800 Bhospes
2425 1747 2670 1786 seorsum
2715 1733 2980 1786 recubans
3029 1733 3106 1786 nil
3152 1733 3294 1787 aliud
3341 1750 3506 1804 quam
3557 1735 3782 1790 domum

2173 1835 2360 1884 suam,
2420 1819 2672 1874 volvente
2739 1819 2882 1890 ignis
2940 1821 3226 1882 edacitate.
3287 1822 3484 1876 ardere
3543 1831 3778 1893 putaret.

2173 1908 2422 1977 Dumque
2452 1907 2725 1962 clamores
2757 1908 3003 1978 pavitans
3023 1951 3036 1972 ,
3070 1909 3190 1979 quis
3236 1909 3422 1980 ignem
3453 1911 3782 1966 succendis-

2173 2003 2288 2060 set,
2337 1995 2625 2064 emitteret,
2675 1996 2950 2050 Audaldus
2997 1996 3164 2052 veluti
3211 1998 3280 2052 de
3325 1997 3520 2052 itinere
3577 1997 3778 2068 fessus,

2173 2081 2260 2136 vix
2291 2083 2466 2138 somni
2497 2083 2724 2138 decussa
2748 2085 2926 2155 quiete
2945 2084 3207 2158 assurgit,
3229 2100 3502 2158 vocesque
3535 2087 3782 2142 claman-

2171 2171 2240 2224 tis
2291 2171 2520 2242 hospitis
2567 2172 2850 2241 accipens,
2901 2189 3016 2226 rem
3060 2173 3272 2228 coalitus
3319 2173 3775 2242 administratam,

2171 2259 2291 2330 ipso
2321 2261 2575 2330 perfusus
2603 2261 2894 2330 splendore
2923 2261 3118 2316 tacitus
3149 2261 3480 2332 timidusque
3525 2263 3774 2318 attendit.

2173 2351 2241 2404 At
2265 2347 2358 2402 ubi
2389 2349 2441 2401 in
2469 2365 2526 2402 se
2557 2347 2882 2404 recollectus
2931 2350 3180 2404 virtutem
3227 2351 3452 2422 agnovit
3491 2352 3782 2418 Altissimi,

2173 2435 2472 2506 hOSpitem,
2507 2443 2691 2506 utpote
2741 2437 3056 2508 gentilitatis
3103 2439 3208 2492 ritu
3257 2437 3528 2504 ferocem,
3583 2440 3782 2496 blando

2175 2540 2242 2578 ne
2271 2532 2466 2596 paveat
2496 2523 2762 2580 demulcet
2795 2523 2979 2591 aﬂ‘atu,
3014 2525 3196 2598 ignem
3241 2527 3432 2596 procul
3461 2527 3630 2583 dubio
3657 2544 3692 2582 a
3721 2544 3782 2584 se

2175 2627 2468 2668 accensum
2523 2613 2690 2668 fuisse
2747 2613 3120 2682 pronuntians.
3176 2615 3288 2670 Hoc
3333 2623 3515 2670 autem
3577 2616 3782 2684 audito,

2173 2701 2263 2756 ille
2293 2717 2352 2755 se
2383 2701 2518 2754 intra
2559 2701 2790 2756 cubiculi
2821 2702 2902 2754 sui
2933 2702 3166 2756 claustra
3213 2703 3480 2758 continuit
3515 2721 3528 2758 :
3565 2720 3668 2760 nec
3699 2713 3783 2760 est

2175 2787 2472 2860 permissus
2520 2790 2826 2861 dignusque
2873 2789 3156 2856 inventus,
3207 2790 3298 2862 qui
3345 2789 3478 2848 facti
3519 2793 3776 2848 miraculi

2174 2885 2476 2932 mereretur
2507 2893 2666 2931 nosse
2697 2877 3032 2948 mysterium.

2795 3001 3021 3056 CAPUT
3059 3001 3150 3056 VI.

2249 3107 2546 3162 Monachus
2593 3121 2720 3161 vero
2779 3115 2898 3161 orto
2949 3123 3108 3161 mane
3166 3106 3359 3163 festine
3414 3125 3778 3183 consurgens,

2179 3195 2322 3266 quod
2353 3195 2626 3249 residebat
2653 3195 2861 3249 itineris
2909 3195 3176 3250 conficere
3223 3197 3441 3268 satagit.
3475 3199 3633 3254 Unde
3663 3209 3784 3270 post

2179 3283 2384 3355 aliquot
2423 3283 2541 3338 dies
2589 3283 3056 3356 Caesaraugustam
3103 3283 3366 3339 civitatem
3415 3297 3784 3357 pr0peranter

2177 3388 2500 3444 aggressus,
2533 3389 2560 3426 a
2592 3373 2820 3443 quadam
2863 3374 2975 3426 Deo
3023 3373 3220 3427 devota
3265 3374 3580 3430 muliercula
3611 3393 3782 3448 prope

2177 3461 2348 3531 ipsius
2377 3461 2526 3514 urbis
2573 3461 2771 3515 mmnia
2821 3461 3042 3514 domum
3089 3462 3358 3527 habente,
3405 3463 3782 3519 misericordia

2179 3548 2504 3619 hospitandi,
2537 3557 2722 3618 utputa
2759 3549 3102 3618 peregrinus,
3137 3549 3226 3603 illa
3257 3559 3416 3606 nocte
3461 3553 3776 3623 suscipitur.

2180 3637 2311 3706 Quae
2341 3637 2599 3706 sollicita,
2633 3637 2758 3690 dum
2793 3637 2846 3690 in
2877 3637 3171 3693 occultiore
3219 3647 3376 3708 parte
3425 3656 3540 3695 sua:
3587 3642 3780 3695 domus

2179 3725 2412 3798 vigilans
2442 3733 2490 3780 et
2521 3735 2704 3780 tacens
2736 3725 3068 3796 quiesceret,
3101 3727 3517 3782 adnimadvertit
3565 3745 3777 3784 memo-

2179 3821 2358 3868 ratum
2387 3815 2710 3868 monachum
2741 3821 2864 3868 ante
2895 3815 3068 3869 sancti
3105 3831 3305 3885 corpus
3347 3815 3656 3871 lucentibus
3685 3835 3776 3872 ce-

2179 3903 2288 3956 reis
2335 3902 2630 3972 psallenter
2675 3903 2910 3956 adstare.
2965 3903 3147 3973 Itaque
3205 3904 3422 3973 pulsato
3475 3906 3776 3960 nocturnali

2179 3999 2424 4061 tempore
2456 3990 2612 4062 signo
2633 4032 2646 4058 ,
2681 3989 2747 4044 ad
2780 3990 3070 4045 ecclesiam
3117 3992 3328 4046 concita
3357 3993 3541 4063 pergit
3573 4011 3586 4046 :
3620 4003 3775 4065 atque

2181 4079 2325 4151 quod
2355 4079 2558 4134 viderat
2585 4095 2683 4149 per
2711 4079 3098 4133 internuntium
3131 4079 3388 4150 episcopo
3423 4081 3660 4136 civitatis
3691 4081 3772 4136 in-

2177 4167 2402 4222 timavit.
2453 4167 2558 4235 Qui
2603 4167 2862 4222 festinans
2910 4167 3180 4222 sarcinam
3227 4168 3330 4222 sibi
3377 4185 3452 4222 un
3497 4186 3622 4224 cum
3663 4172 3772 4242 pal-

2179 4255 2281 4310 mis
2341 4255 2550 4326 pudore
2609 4255 2820 4310 sublato
2873 4255 3148 4325 deportari
3197 4256 3394 4325 jussit,
3453 4261 3772 4314 monachum

2179 4352 2359 4400 autem
2389 4343 2776 4412 comprehendi
2817 4343 3113 4398 mandavit.
3149 4343 3241 4398 Ille
3271 4359 3404 4399 vero
3448 4347 3614 4416 paulo
3657 4355 3772 4400 ante

479 4440 722 4489 moratus
771 4433 860 4488 ille
905 4433 1236 4498 monachus,
1287 4433 1422 4487 tanti
1471 4434 1598 4488 boni
1643 4443 1907 4504 repertor,
1955 4435 2087 4490 inibi
2117 4423 2257 4487 Dde
2313 4432 2642 4487 necessariis
2673 4432 2774 4486 vite
2826 4431 3126 4502 sumptibus
3191 4433 3502 4500 meditans,
3567 4443 3778 4504 propter

479 4530 609 4578 tunc
656 4521 1018 4592 persenserit,
1069 4520 1338 4576 ineffabile
1385 4521 1504 4591 ipso
1545 4523 1898 4591 jurejurando
1947 4531 2080 4578 atte-

480 4617 657 4666 stante
687 4611 934 4665 habetur.
967 4611 1082 4666 Hoc
1111 4618 1286 4664 tamen
1328 4610 1448 4665 luce
1492 4610 1683 4664 clarius
1713 4611 1898 4682 fulget,
1934 4612 2079 4682 quod

479 4699 786 4769 hujusmodi
820 4698 991 4770 signis
1025 4699 1190 4752 veluti
1239 4698 1560 4769 quibusdam
1593 4699 1814 4754 vocibus
1843 4701 2082 4769 promul-

477 4795 664 4860 gatum
711 4787 899 4852 fuerit,
949 4787 1094 4857 quod
1125 4787 1170 4840 is
1211 4787 1298 4856 qui
1344 4787 1686 4858 quaerebatur
1731 4787 1828 4841 Dei
1875 4790 2080 4859 Martyr

478 4883 532 4930 et
561 4875 746 4930 Levita
777 4875 1088 4929 Vincentius
1133 4882 1276 4930 esset
1319 4875 1588 4929 inventus.
1623 4873 1726 4943 Qui
1759 4884 1910 4929 extra
1941 4877 2078 4930 mul-

479 4963 692 5036 tiplices
722 4971 772 5018 et
802 4963 1150 5018 admirandas
1174 4963 1562 5033 suppliciorum
1593 4963 1708 5031 ejus
1739 4963 1960 5032 injurias
1985 4964 2074 5033 ita,

475 5061 536 5108 ut
563 5051 994 5124 pralibavimus,
1029 5053 1242 5124 integer
1287 5052 1533 5124 liberque
1563 5069 1592 5105 a
1621 5053 1927 5122 putredinis
1956 5053 2078 5107 labe

475 5149 724 5212 repertus
755 5147 863 5206 est,
912 5147 968 5194 nt
1013 5141 1160 5195 nullo
1206 5141 1368 5194 modo
1416 5141 1471 5193 in
1519 5149 1820 5210 pra’parato
1865 5141 1968 5194 sibi
2009 5141 2078 5194 ad

473 5229 810 5284 efferendum
847 5229 1100 5293 sacculo,
1133 5229 1312 5283 nervis
1360 5229 1536 5284 adhuc
1585 5229 1774 5300 rigidis
1824 5229 2076 5298 componi

475 5317 706 5386 potuerit
741 5335 754 5371 :
787 5315 890 5371 nisi
921 5333 1020 5387 per
1051 5323 1203 5371 artus
1225 5358 1238 5381 ,
1271 5317 1372 5372 hoc
1415 5317 1534 5386 ipsa
1577 5323 1806 5389 cogente
1839 5315 2076 5371 necessi-

472 5411 610 5472 tate,
658 5405 1014 5476 complicatus
1059 5405 1466 5459 dissolveretur.
1501 5404 1707 5472 Quibus
1752 5421 1872 5460 cum
1923 5421 2077 5459 reve-

476 5491 652 5548 rentia
680 5501 732 5548 et
763 5493 954 5550 timore
981 5492 1300 5564 perfunctis,
1328 5494 1396 5547 ad
1427 5493 1715 5564 hospitium
1739 5492 2070 5566 deportatur,

2181 4521 2441 4576 emendos
2471 4537 2668 4590 panes,
2713 4519 2982 4586 ministro,
3039 4519 3164 4590 quia
3211 4529 3328 4574 erat
3375 4529 3586 4590 mutus,
3637 4523 3774 4577 domi

2180 4609 2402 4674 relicto,
2443 4608 2510 4662 ad
2559 4608 2734 4662 forum
2781 4617 3141 4679 processerat.
3191 4608 3499 4680 Episcopus
3547 4625 3774 4682 namque

2179 4697 2354 4751 diviso
2385 4696 2548 4760 fasce,
2583 4703 2634 4750 et
2663 4712 2997 4767 quaecunque
3041 4696 3251 4750 inerant
3293 4697 3566 4752 universis
3593 4714 3772 4754 coram

2179 4785 2457 4856 expositis,
2491 4785 2692 4854 reperit
2721 4792 2966 4839 sanctum
2999 4783 3324 4840 intrinsecus
3353 4785 3528 4840 latens
3559 4787 3768 4858 pignus,

2179 4889 2336 4928 sacco
2367 4872 2660 4945 diligenter
2689 4873 2943 4926 insutum.
2979 4871 3136 4940 Quod
3171 4879 3398 4942 stupens
3443 4874 3770 4945 nimiumque

2178 4961 2490 5020 admirans.
2526 4969 2578 5014 et
2607 4960 2881 5015 aestimans
2913 4961 3133 5015 omnino
3165 4961 3310 5030 quod
3340 4970 3456 5016 erat
3486 4963 3645 5032 plane
3671 4963 3770 5016 ali-

2177 5051 2330 5118 cujus
2372 5049 2545 5104 sancti
2590 5049 2846 5119 martyris
2890 5065 3122 5119 corpus,
3167 5049 3326 5117 jussit
3371 5050 3504 5104 illud
3549 5049 3765 5118 auferri,

2177 5145 2335 5208 atque
2367 5137 2420 5190 in
2449 5137 2676 5192 ecclesia
2697 5133 2880 5192 'beatm
2909 5137 3095 5191 Mariae
3131 5153 3350 5206 semper
3377 5138 3604 5211 virginis
3631 5139 3766 5210 (qua!

2178 5233 2258 5279 est
2287 5233 2460 5279 mater
2491 5225 2848 5279 ecclesiarum
2879 5226 3122 5293 ejusdem
3151 5226 3326 5290 urbis)
3357 5235 3676 5281 veneranter
3693 5241 3766 5278 re-

2176 5313 2336 5368 condi
2371 5331 2382 5366 :
2419 5314 2472 5366 in
2503 5327 2610 5384 qua
2638 5313 2768 5368 olim
2800 5313 2898 5366 sub
2931 5313 3143 5367 Valerio
3173 5313 3430 5383 pontifice
3459 5315 3602 5369 idem
3631 5329 3762 5368 mar-

2177 5409 2260 5472 tyr
2291 5411 2650 5472 strenuusque
2679 5401 2873 5456 athleta
2904 5401 3292 5458 archidiaconii
3333 5416 3517 5456 arcem
3547 5398 3760 5474 insignis

2174 5497 2446 5545 tenuerat.
