4112 6192
342 283 483 338 101⁸7

951 401 1174 459 CAPUT
1201 402 1317 458 VII.

418 511 517 567 His
543 510 618 566 ita
659 510 787 566 dolo
854 509 1110 581 peractis,
1157 509 1433 565 Audaldus
1488 509 1683 564 horum
1721 508 1937 563 nescius

350 616 477 658 cum
494 598 649 671 panis
669 597 850 655 edulio
867 598 1085 653 domum
1099 598 1433 670 regreditur:
1454 597 1746 670 agnitoque
1776 596 1937 666 (proh

348 688 509 744 dolor
528 686 580 758 l)
608 688 714 743 hoc
738 685 910 741 tristis
942 685 1104 752 facto,
1130 686 1415 756 perculsus
1446 684 1611 743 animi
1651 684 1841 739 dolore
1868 684 1939 738 ad

348 776 600 832 eumdem
628 776 963 846 episcopum,
1014 774 1234 829 nomine
1277 773 1559 829 Seniorem
1576 781 1621 839 ⁸,
1682 771 1940 843 lacrymis

348 864 542 935 plenus
567 863 819 929 accessit,
867 878 1211 934 conquerens
1241 878 1365 918 cum
1399 877 1464 917 eo
1495 862 1563 916 de
1593 860 1786 929 injuste
1836 859 1940 915 sibi

344 952 609 1009 subducto
638 951 984 1022 corpusculo.
1002 952 1070 1005 Et
1100 966 1275 1016 meus,
1309 950 1401 1016 ait,
1465 966 1619 1004 meus
1647 947 1820 1003 fuerat
1848 948 1940 1003 ille

344 1040 708 1111 propinquus,
739 1039 796 1093 in
816 1039 1065 1110 partibus
1088 1038 1474 1109 Hispaniarum
1489 1053 1665 1108 nuper
1691 1045 1940 1092 mortuus

346 1142 413 1184 ac
443 1127 706 1198 sepultus.
741 1128 905 1196 Cujus
934 1127 1169 1183 cadaver
1197 1127 1338 1181 inter
1358 1126 1690 1198 reliquorum
1733 1141 1940 1196 paren-

345 1224 461 1271 tum
506 1231 751 1277 meorum
798 1214 1076 1271 exanimes
1105 1222 1257 1269 artus
1298 1229 1624 1285 componere
1662 1221 1936 1285 satagens,

286 1350 299 1356 -
345 1304 463 1360 haec
493 1312 764 1359 terrarum
794 1303 964 1374 spatia
1010 1303 1196 1357 multis
1262 1310 1488 1359 vexatus
1545 1302 1941 1359 calamitatibus

345 1392 562 1448 Christo
578 1392 812 1463 propitio
822 1406 1131 1464 peragrans
1147 1390 1283 1447 evici
1299 1409 1312 1444 :
1331 1399 1491 1462 atque
1503 1391 1635 1445 illud
1651 1407 1760 1446 non
1772 1406 1941 1461 parvo

346 1481 506 1537 xenio
528 1481 672 1546 dato,
698 1496 764 1535 ex
818 1495 1157 1551 paganorum
1190 1479 1397 1550 placata
1443 1477 1653 1534 feritate
1710 1477 1937 1533 redemi.

343 1569 455 1626 Sed
474 1569 614 1639 proh
629 1567 785 1623 nefas
806 1566 817 1622 l
838 1568 1027 1639 inquit,
1042 1566 1245 1623 offendi
1257 1567 1573 1638 episcopum
1584 1567 1941 1623 crudeliorem
1951 1582 1973 1591 ‘

342 1657 594 1713 ethnicis.
644 1655 800 1724 Quod
858 1656 1002 1711 enim
1058 1671 1248 1711 eorum
1301 1656 1589 1711 austeritas
1632 1655 1942 1710 humanitus

1147 277 1240 333 na
1269 248 1805 334 TRANSLATIONE
1836 276 1892 333 s.
1928 272 2284 332 VINCENTII
2308 275 2521 335 MART.
2552 305 2621 317 -
2650 275 2777 333 LIB.
2810 276 2852 331 ι.

3494 281 3631 334 1018

1967 400 2025 461 Α
2042 399 2239 456 fratres
2258 400 2494 467 mittunt,
2528 400 2621 472 qui
2651 400 2822 457 sancti
2851 400 3029 457 levitas
3057 408 3111 456 et
3136 401 3393 473 martyris
3410 416 3629 474 corpus,

2036 497 2363 560 procurante
2387 489 2491 544 hoc
2508 489 2628 560 ipso
2640 489 2951 557 Salomone,
2984 489 3312 561 reciperent,
3338 505 3631 562 secumque

2037 577 2250 633 Christo
2276 577 2567 632 miserante
2596 576 2891 633 deferrent.
2928 577 3204 633 Salomoni
3253 592 3491 648 namque
3531 578 3636 634 hoc

2032 665 2350 734 jamdudum
2408 673 2748 736 compertum
2831 665 3053 721 fuerat:
3088 666 3170 736 (ut
3225 673 3340 721 erat
3393 665 3632 736 prudens

2038 761 2197 825 atque
2228 754 2354 809 boni
2384 753 2635 825 cupidus)
2666 754 2736 808 ad
2765 768 2950 825 regem
2993 754 3251 823 Majorem
3306 754 3630 809 Corduben-

2040 857 2157 897 sem
2186 842 2583 913 opportunitate
2603 850 2828 913 accepta
2854 850 3191 913 perrexerat,
3225 840 3440 916 ﬁngens
3492 841 3634 897 inter

2039 930 2268 1001 reliqua,
2303 932 2450 1002 quod
2479 931 2621 1001 apud
2653 930 3117 1002 Caesaraugustam
3134 930 3405 986 civitatem
3436 946 3632 1002 parens

2040 1017 2227 1088 ipsius,
2261 1019 2528 1074 vocabulo
2559 1018 2878 1090 Sugnarius,
2912 1019 3044 1073 dum
3074 1018 3145 1073 ab
3161 1018 3432 1089 Hispaniae
3460 1018 3632 1088 parti-

2037 1106 2141 1160 bus
2169 1105 2499 1172 deferretur,
2531 1123 2561 1161 a
2592 1107 2816 1163 Seniore
2847 1108 3091 1177 ejusdem
3118 1106 3352 1171 civitatis
3373 1105 3632 1177 episcopo

2038 1194 2304 1251 violenter
2335 1194 2577 1249 sublatus
2605 1196 2950 1251 detineretur.
2972 1196 3068 1252 Ille
3096 1211 3225 1252 vero
3241 1195 3480 1266 exceptis
3510 1193 3633 1250 aliis

2039 1282 2281 1337 donariis
2303 1291 2495 1353 sponte
2524 1283 2741 1350 oblatis,
2774 1291 2831 1338 ut
2859 1300 3058 1355 corpus
3089 1284 3247 1339 reddi
3271 1283 3488 1353 juberet
3535 1297 3630 1338 so-

2041 1370 2165 1425 lidis
2192 1378 2411 1427 centum
2441 1371 2812 1443 expostulatis,
2864 1372 2935 1426 ad
2992 1372 3238 1445 regulum
3270 1387 3414 1443 saepe
3471 1371 3629 1427 dictae

2039 1458 2286 1528 civitatis,
2312 1460 2531 1515 nomine
2562 1459 2834 1529 Abdilam,
2868 1460 3111 1517 chartam
3151 1460 3332 1515 facere
3357 1459 3575 1514 mandat
3610 1474 3625 1515 :

2039 1548 2315 1619 imperans
2334 1556 2392 1602 ut
2420 1548 2539 1619 ipse
2571 1548 2795 1603 totidem
2811 1564 3029 1620 quoque
3058 1548 3247 1604 solidis
3281 1547 3509 1617 sumptis
3526 1546 3629 1601 Sa-

2037 1636 2225 1691 lomini
2254 1636 2436 1692 comiti
2466 1636 2753 1708 propinqui
2783 1636 2866 1691 sui
2896 1636 3152 1709 Sugnarii
3182 1651 3378 1706 corpus
3420 1634 3631 1690 restitui

345 1744 590 1800 emollita
609 1722 698 1815 pie
721 1745 982 1816 quaerenti
1028 1744 1319 1810 concessit,
1377 1745 1480 1799 hoc
1537 1751 1630 1798 tua
1684 1743 1939 1799 violentia

2039 1725 2375 1795 praeciperet.
2410 1724 2621 1793 Quibus
2651 1724 2730 1779 sic
2761 1724 3046 1796 expeditis,
3080 1740 3143 1780 ac
3169 1723 3478 1795 principum
3507 1722 3631 1778 aui-

343 1832 592 1904 improbe
616 1831 942 1888 omnimodis
976 1832 1244 1905 exagitata
1274 1831 1432 1903 rapit,
1486 1831 1936 1904 impudenterque

342 1920 646 1992 prmsumit,
679 1927 731 1975 et
783 1920 946 1975 veluti
994 1920 1220 1975 insanus
1261 1927 1510 1975 sanctum
1559 1919 1695 1976 dicis
1739 1936 1936 1991 corpus

343 2008 579 2064 hominis
607 2008 929 2079 peccatoris,
965 2009 1115 2064 Tunc
1146 2008 1587 2079 episcopusinter
1617 2009 1734 2065 haec
1751 2016 1804 2064 et
1832 2008 1939 2064 alia

343 2096 507 2151 nimis
535 2097 721 2167 rapida
750 2104 1027 2167 permotus
1057 2096 1354 2161 iracundia,
1391 2097 1716 2152 monachum
1763 2098 1937 2152 teneri

343 2182 649 2256 praecepit:
682 2184 1006 2256 inexquisita
1055 2191 1446 2239 tormentorum
1496 2200 1703 2257 genera
1747 2184 1937 2256 virga-

343 2272 639 2344 rumqueei
665 2272 870 2329 livores
906 2273 1310 2344 repromittens,
1335 2273 1440 2327 nisi
1467 2273 1535 2328 de
1566 2290 1672 2344 qua
1724 2272 1937 2328 civitate

341 2361 432 2417 vel
450 2361 572 2416 loco
610 2377 735 2417 eum
765 2360 974 2416 furatus
1016 2368 1180 2428 esset,
1230 2377 1327 2416 seu
1358 2376 1466 2432 quo
1515 2361 1733 2416 nomine
1792 2361 1938 2416 idem

343 2458 567 2506 sanctus
596 2457 937 2515 censeretur,
952 2457 1267 2521 exponeret.
1301 2448 1460 2518 Quod
1491 2465 1615 2505 cum
1658 2450 1935 2520 cmpisset,

340 2552 406 2594 ac
445 2537 719 2594 crudelius
756 2536 1015 2593 carnifice
1046 2537 1273 2608 turpiter
1310 2553 1569 2593 exercere
1589 2537 1934 2608 perstitisset,

343 2625 627 2681 Audaldus
655 2626 845 2681 volens
874 2626 1066 2682 nolens
1103 2633 1156 2680 et
1198 2626 1357 2681 valde
1387 2626 1477 2680 diu
1519 2641 1715 2695 caesus,
1748 2641 1810 2681 ac
1839 2642 1940 2696 per
1994 2674 1999 2681 .

344 2713 625 2769 testiculos
652 2715 873 2769 tandem
904 2730 1223 2784 suspensus,
1268 2714 1423 2785 quasi
1452 2713 1602 2769 visus
1648 2722 1731 2768 est
1761 2712 1937 2769 confi-

340 2801 449 2857 teri
479 2802 622 2873 quod
643 2802 714 2856 ab
740 2802 1014 2872 Hispaniae
1032 2802 1280 2873 partibus
1296 2801 1449 2856 illum
1467 2800 1726 2870 deferret,
1758 2803 1937 2873 quod-

343 2906 452 2962 que
490 2897 708 2945 sanctus
734 2889 975 2945 Marinus
1004 2896 1213 2961 martyr
1242 2891 1370 2961 (hoc
1398 2888 1616 2962 invento
1647 2889 1938 2961 vocabulo)

338 2994 543 3035 nomen
571 2978 816 3034 haberet.
849 2978 1068 3049 Sicque,
1101 2985 1159 3031 ut
1191 2976 1395 3049 reliqua
1425 2985 1782 3044 transeamus,
1824 2978 1937 3049 epi-

337 3082 509 3138 scopo
531 3081 704 3122 sacrae
732 3066 928 3138 praedae
958 3065 1165 3121 nefario
1194 3066 1450 3121 invasore
1480 3066 1676 3137 partim
1717 3066 1930 3133 deluso,
1956 3102 2006 3166 Ο

342 3171 466 3212 cum
494 3170 698 3228 magno
726 3154 907 3211 cordis
927 3155 1137 3225 ploratu
1166 3154 1399 3226 ﬂetuque
1446 3154 1680 3225 plurimo
1721 3155 1931 3225 pulsus,

341 3244 415 3299 ad
436 3242 715 3315 proprium
745 3243 925 3299 locum
955 3243 1254 3298 monachus
1293 3242 1463 3297 tristis
1510 3242 1936 3314 verberibusque

340 3333 550 3387 attritus
596 3332 903 3387 revertitur.
928 3331 1086 3400 Quod
1114 3331 1429 3386 monasterii
1469 3331 1553 3385 sui
1594 3331 1791 3386 fratres
1832 3348 1934 3386 au-

341 3421 575 3489 dientes,
611 3436 715 3476 nec
743 3420 1052 3484 credentes,
1084 3418 1389 3474 Audaldum
1428 3419 1700 3475 mendacii
1743 3420 1933 3475 redar-

339 3516 578 3583 guerunt
611 3528 625 3573 ;
658 3524 962 3580 nomenque
1000 3507 1077 3561 illi
1115 3509 1380 3581 gyrovagi
1423 3508 1783 3578 imponentes,
1811 3524 1844 3563 a
1874 3524 1933 3564 se

342 3598 757 3669 sequestrando,
784 3598 1007 3667 jamque
1038 3596 1158 3667 ipso
1209 3596 1371 3651 etiam
1429 3603 1622 3667 sponte
1680 3604 1930 3664 exeunte,

342 3686 612 3757 repellunt
642 3703 655 3739 :
681 3693 735 3740 et
790 3684 1100 3756 ubicunque
1143 3684 1309 3739 libeat
1362 3684 1639 3740 licentiam
1697 3684 1766 3755 ei,
1824 3685 1933 3740 imo

340 3775 725 3830 necessitatem
771 3773 1007 3827 tribuunt
1036 3772 1429 3829 commorandi.
1483 3772 1588 3840 Qui
1618 3773 1688 3827 ad
1743 3788 1932 3828 coeno-

340 3863 495 3918 bium
524 3863 669 3918 beati
697 3862 994 3928 Benedicti,
1027 3862 1275 3916 Castrum
1304 3861 1554 3931 superius
1583 3861 1934 3933 cognomina-

338 3958 469 4019 tum,
505 3967 677 4022 usque
707 3950 1050 4021 perveniens,
1083 3950 1327 4018 ejusdem
1357 3949 1800 4022 congregationis
1830 3950 1932 4003 ab-

339 4039 474 4108 bati,
514 4038 635 4093 viro
683 4039 957 4109 religioso,
991 4038 1192 4093 domno
1221 4036 1552 4104 Gisleberto,
1613 4037 1933 4110 ceterisque

337 4127 595 4182 fratribus
622 4126 823 4181 ibidem
855 4126 1181 4197 degentibus
1209 4142 1425 4181 omnem
1456 4127 1537 4181 sui
1568 4126 1778 4182 itineris
1818 4127 1933 4183 sive

340 4223 498 4271 actus
526 4214 933 4282 continentiam,
966 4215 1304 4286 qualiterque
1322 4214 1425 4269 sibi
1454 4215 1626 4270 sancti
1672 4215 1852 4271 levita:
1881 4223 1933 4270 et

337 4303 589 4375 martyris
618 4318 815 4374 corpus
844 4303 1116 4358 sublatum
1148 4302 1328 4371 fuerit,
1360 4319 1462 4373 per
1491 4303 1737 4358 ordinem
1769 4303 1936 4373 expli-

336 4392 501 4449 cavit.
534 4390 641 4460 Qui
655 4391 911 4447 nimirum
939 4390 1168 4457 attoniti,
1203 4399 1256 4446 et
1284 4407 1383 4461 pro
1412 4392 1496 4446 his
1527 4407 1646 4463 quae
1686 4391 1936 4447 diceban-

2036 1814 2161 1883 mis,
2194 1820 2373 1868 taxata
2394 1813 2746 1884 pecuniarum
2777 1829 3005 1880 summa,
3058 1813 3297 1880 lucratis,
3340 1813 3630 1884 episcopus

2036 1902 2329 1957 advocatur
2358 1919 2371 1955 :
2402 1909 2455 1957 et
2484 1917 2582 1957 cur
2612 1909 2810 1957 tantam
2841 1902 2895 1956 in
2935 1908 3220 1968 mortuum,
3283 1900 3632 1972 imperatoria

2036 1991 2339 2062 posthabita
2370 1991 2691 2057 reverentia,
2737 1990 3036 2046 exercuerit
3076 1989 3433 2062 iniquitatem,
3482 1988 3633 2045 velut

2036 2096 2162 2135 reus
2192 2078 2506 2148 majestatis,
2542 2079 2741 2151 quique
2772 2079 2936 2134 etiam
2962 2094 3066 2135 nec
3097 2078 3199 2133 sibi
3218 2078 3483 2133 reveritus
3512 2076 3629 2133 fue-

2038 2168 2127 2233 rit,
2160 2167 2401 2224 districte
2421 2168 2728 2239 inquiritur.
2762 2167 2882 2236 Quo
2903 2167 3086 2223 omnia
3113 2173 3369 2239 negante,
3399 2173 3453 2221 et
3483 2165 3628 2237 quod

2036 2256 2092 2309 id
2116 2271 2227 2310 non
2255 2255 2468 2325 fecerit,
2503 2271 2627 2311 cum
2656 2255 2839 2310 multis
2884 2255 2983 2310 Dei
3025 2262 3442 2326 sanctorumque
3467 2254 3628 2323 jura-

2036 2343 2233 2398 mentis
2262 2342 2582 2411 affirmante,
2617 2344 2895 2398 Audaldus
2907 2344 3175 2399 accedens
3204 2341 3473 2399 constanti
3504 2341 3627 2396 ani-

2036 2446 2126 2486 mo
2147 2431 2463 2502 episcopum
2490 2431 2700 2487 fortiter
2745 2432 3070 2488 convincere
3116 2438 3289 2502 parat.
3351 2430 3461 2485 Sed
3516 2428 3625 2484 illis

2037 2519 2126 2573 diu
2142 2518 2351 2591 absque
2376 2518 2588 2585 effectu,
2621 2528 2691 2585 et,
2726 2528 2784 2575 ut
2810 2520 3025 2585 dicitur,
3071 2518 3405 2573 muliebriter
3459 2517 3626 2572 alter-

2038 2608 2287 2663 cantibus
2326 2615 2620 2679 postquam
2663 2608 2954 2679 episcopus
3009 2606 3223 2662 blandis
3281 2604 3626 2661 sermonibus

2035 2696 2295 2750 invitatus
2327 2696 2609 2751 veritatem
2653 2695 2813 2751 fateri
2840 2695 3013 2750 noluit
3036 2701 3413 2766 proponuntur
3441 2692 3491 2748 ei
3519 2701 3624 2748 tor-

2035 2792 2253 2838 menta:
2288 2791 2346 2838 ut
2377 2784 2581 2840 scilicet
2610 2784 2774 2855 ligato
2805 2785 3037 2854 pedibus
3058 2785 3175 2853 ejus
3205 2782 3293 2838 vel
3324 2781 3464 2838 collo
3501 2780 3628 2837 fune

2035 2888 2136 2943 per
2157 2872 2437 2928 circuitum
2467 2872 2698 2928 civitatis
2729 2874 3047 2940 traheretur,
3062 2880 3115 2927 et
3132 2871 3212 2927 sic
3240 2871 3431 2931 illusus
3442 2886 3623 2925 mem-

2036 2961 2236 3015 bratim
2263 2960 2482 3015 demum
2531 2961 2901 3031 dissiparetur.
2935 2960 3003 3014 Et
3032 2974 3343 3031 quanquam
3401 2958 3629 3013 virtutes

2038 3050 2094 3104 S.
2128 3048 2415 3118 Vincentii,
2447 3048 2573 3103 licet
2593 3049 2693 3103 sub
2719 3049 2939 3104 nomine
2970 3048 3145 3103 sancti
3166 3046 3378 3113 Marini,
3437 3053 3623 3102 trans-

2035 3145 2158 3193 acto
2206 3137 2511 3208 praescripti
2578 3137 2835 3207 temporis
2892 3136 3066 3207 spatio
3138 3135 3253 3191 illic
3313 3135 3628 3206 frequenter

2035 3234 2291 3292 ostensae,
2334 3225 2576 3280 animum
2598 3225 2741 3278 illius
2770 3225 2825 3278 in
2854 3224 2969 3292 ejus
2999 3239 3240 3278 amorem
3270 3222 3410 3278 miro
3462 3224 3627 3279 modo

2033 3314 2440 3384 pertraxissent,
2481 3313 2751 3366 minarum
2808 3320 2988 3366 tamen
3031 3312 3259 3366 horrore
3315 3311 3625 3377 exterritus,

2035 3403 2178 3475 quod
2207 3410 2424 3474 gestum
2454 3400 2628 3457 fuerat
2656 3399 2960 3467 confitetur,
3021 3408 3073 3454 et
3102 3399 3283 3455 locum
3338 3414 3446 3471 quo
3493 3398 3628 3453 illud

2035 3506 2254 3546 sacrum
2273 3506 2470 3561 corpus
2498 3497 2614 3545 erat
2625 3490 2921 3553 humatum,
2956 3503 3066 3542 non
3079 3487 3195 3542 sine
3216 3487 3404 3542 dolore
3434 3502 3501 3543 ac
3533 3501 3626 3559 ge-

2032 3580 2165 3634 mitu
2197 3579 2391 3649 aperit.
2426 3577 2544 3647 Quo
2580 3577 2962 3648 pervenientes
2992 3575 3243 3631 monachi
3273 3576 3363 3647 qui
3383 3575 3627 3631 advene-

2032 3676 2176 3736 rant,
2201 3675 2307 3722 tam
2337 3667 2635 3738 pretiosum
2677 3665 2913 3721 caelestis
2978 3665 3109 3720 doni
3162 3664 3418 3719 talentum
3468 3679 3629 3735 repe-

2033 3757 2193 3823 riunt,
2227 3756 2566 3828 elevantque.
2600 3756 2843 3825 Cumque
2870 3769 3011 3808 unus
3040 3753 3279 3819 illorum,
3324 3752 3626 3808 Radbertus
3675 3822 3685 3829 .

2034 3845 2273 3910 nomine,
2305 3845 2561 3900 haesitans
2586 3843 2853 3898 dubitaret
2907 3858 2979 3897 an
3031 3841 3078 3896 is
3134 3841 3221 3897 vel
3262 3840 3400 3895 alius
3457 3847 3622 3908 esset,

2034 3941 2194 4004 atque
2223 3932 2458 3988 loculum
2489 3932 2786 4002 aperiendo
2813 3930 2978 3986 certis
2996 3929 3168 4002 signis
3188 3928 3437 3984 Audaldo
3457 3926 3645 3995 notis,.

2032 4022 2137 4077 hoc
2166 4020 2314 4091 prius
2344 4028 2495 4077 caute
2524 4019 2762 4091 perspici
2792 4019 2995 4074 debere
3026 4017 3396 4083 contenderet,
3445 4016 3626 4072 statim

2032 4110 2171 4181 pede
2202 4125 2364 4181 quem
2394 4110 2463 4164 ad
2475 4110 2578 4165 hoc
2594 4114 2957 4179 promoverat,
2989 4106 3307 4174 infirmatur,
3333 4105 3623 4177 plurimum

2034 4198 2136 4252 sibi
2165 4197 2489 4253 formicante
2516 4213 2659 4268 genu
2688 4213 2811 4252 cum
2843 4195 2990 4251 tibia.
3026 4195 3147 4264 Quo
3216 4195 3375 4267 signo
3431 4193 3628 4265 reliqui

2034 4286 2165 4341 satis
2186 4286 2319 4341 certi
2348 4286 2417 4339 de
2446 4285 2660 4340 reddito
2686 4299 2939 4354 corpore,
2972 4283 3105 4337 illud
3132 4283 3200 4337 ad
3230 4282 3627 4353 deportandum

2032 4382 2157 4445 apte
2186 4381 2535 4444 componunt.
2570 4373 2851 4443 Tantoque
2894 4371 3047 4442 potiti
3078 4370 3368 4437 desiderio,
3410 4386 3475 4425 ac
3502 4378 3628 4441 post

336 4487 429 4535 tur
457 4451 617 4535 valde
645 4479 838 4552 gavisi,
863 4451 1171 4534 Audaldum
1183 4451 1585 4552 regularimore
1613 4478 1768 4550 prius
1800 4496 1928 4533 sus-

2033 4463 2310 4535 paululum
2331 4463 2597 4518 monacho
2626 4460 2783 4531 pedis
2812 4461 3002 4532 vigore
3042 4459 3275 4530 pleniter
3303 4466 3626 4529 recuperato

335 4568 544 4639 cipiunt
564 4585 577 4621 :
598 4582 664 4623 ac
674 4567 872 4623 deinde
884 4567 960 4622 illi
980 4568 1299 4634 secundum,
1319 4568 1575 4639 quamdiu
1587 4567 1816 4636 viveret,
1840 4568 1932 4625 ha-

335 4656 543 4711 bitandi
571 4656 747 4711 locum
777 4657 1099 4712 concedunt.
1135 4656 1413 4727 Simulque
1432 4656 1753 4722 deliberant,
1787 4663 1929 4711 tem-

336 4761 440 4816 pus
468 4745 539 4799 ad
568 4746 673 4800 hoc
701 4759 1006 4815 congruum
1034 4744 1401 4815 opperientes,
1435 4753 1701 4816 quatenus
1720 4752 1928 4801 tantum

337 4832 407 4887 ad
440 4848 501 4887 se
529 4832 697 4888 decus
726 4832 1053 4902 quandoque
1109 4849 1346 4903 superna
1401 4833 1701 4904 opitulante
1755 4833 1931 4907 gratia

335 4919 635 4975 transferre
664 4928 1000 4993 satagerunt.

933 5043 1156 5099 CAPUT
1187 5045 1333 5098 VIII.

403 5158 610 5213 Exacto
665 5157 898 5229 denique
944 5164 1205 5228 tempore,
1256 5157 1413 5213 annis
1457 5157 1661 5215 scilicet
1708 5167 1833 5215 octo
1877 5168 1930 5216 et

331 5245 498 5301 semis
528 5245 779 5313 evolutis,
822 5246 890 5300 ad
921 5246 1415 5317 Caesaraugustam,
1476 5247 1767 5302 Salomone
1825 5248 1929 5302 sibi

330 5332 753 5390 familiarissima
782 5334 1136 5391 Cerdaniensi
1193 5335 1388 5392 comite
1424 5336 1701 5406 mandate,
1743 5353 1808 5392 ex
1868 5353 1928 5392 se

399 5469 424 5498 ι
448 5459 703 5510 Seniorem
818 5461 1304 5525 Caesaraugustanum
1390 5462 1687 5526 pontiﬁcem,
1781 5464 1930 5513 rectis

329 5525 446 5577 vita
484 5526 700 5578 moribus
764 5528 1053 5592 praedictum
1091 5530 1147 5581 S.
1195 5525 1422 5593 Eulogius
1486 5530 1743 5595 presbyter
1809 5531 1928 5582 Cor-

2031 4568 2154 4608 cum
2188 4551 2401 4623 hymnis
2430 4558 2482 4605 et
2511 4549 2808 4622 gratiarum
2837 4548 3090 4603 laudibus
3147 4548 3330 4619 (prout
3374 4547 3512 4603 ratio
3571 4554 3625 4602 et

2028 4636 2135 4691 loci
2166 4634 2400 4706 qualitas
2431 4634 2688 4705 dictabat)
2728 4640 3009 4699 exeuntes,
3066 4633 3139 4688 ad
3183 4632 3402 4703 propria
3442 4631 3627 4688 redire
3704 4674 3705 4681 η

2030 4724 2262 4780 Domino
2291 4724 2524 4779 ducente
2556 4723 2848 4793 disponunt
2880 4721 3004 4777 :cui
3051 4729 3134 4776 est
3166 4722 3339 4792 honor
3368 4728 3420 4776 et
3440 4728 3625 4791 potes-

2029 4821 2132 4879 tas,
2167 4813 2338 4868 virtus
2367 4819 2420 4867 et
2435 4811 2718 4882 imperium
2749 4810 2804 4864 in
2833 4809 3033 4865 saecula
3046 4810 3392 4866 saeculorum.
3421 4811 3618 4867 Amen.

2099 4932 2216 4985 Huc
2248 4944 2418 5001 usque
2431 4928 2498 4983 de
2514 4927 2702 4982 sancti
2720 4928 2965 4998 corporis
2982 4927 3329 5001 inventione,
3348 4942 3449 5001 seu
3463 4942 3620 5001 repe-

2030 5002 2229 5056 titione
2251 5021 2269 5056 :
2299 4997 2453 5055 nunc
2471 5002 2663 5054 autem
2692 4997 2823 5069 qua!
2850 5001 3073 5052 restant
3122 4997 3536 5069 translationis
3565 5000 3625 5052 et

2025 5076 2309 5144 gestorum
2332 5073 2395 5125 in
2422 5087 2491 5144 ea
2520 5067 2948 5144 miraculorum,
2973 5084 3211 5139 sequens
3236 5067 3458 5124 libellus
3488 5083 3615 5123 cum

2027 5140 2274 5215 subjecto
2304 5141 2558 5213 ewcipiat
2571 5140 2820 5211 prologo.

2098 5251 2244 5320 Ergo
2261 5249 2386 5319 quia
2404 5249 2662 5301 hactenus
2680 5260 2799 5317 quae
2815 5243 2959 5299 circa
2989 5243 3149 5314 hujus
3170 5244 3345 5302 sancti
3364 5245 3545 5303 levitas
3563 5254 3617 5303 et

2027 5337 2280 5408 martyris
2310 5335 2677 5391 inventionem
2689 5349 2786 5388 seu
2798 5334 3046 5404 corporis
3066 5334 3444 5405 repetitionem
3465 5344 3621 5409 gesta

2027 5463 2256 5514 dubensis
2297 5461 2533 5525 praedicat
2577 5461 2627 5510 in
2675 5459 2880 5525 epistola
2927 5459 2989 5510 ad
3037 5460 3359 5514 Wilesindum
3410 5462 3612 5527 Pampi-

2026 5530 2276 5583 lonensem
2304 5530 2610 5597 episcopum.
