4060 6184
480 271 622 326 1019
1515 263 1855 326 AIMOINUS
1899 264 2286 324 MONACHUS
2316 260 2773 324 SANGERMAN.
3639 270 3776 327 me

480 400 624 461 sunt,
645 391 794 450 ﬁdeli
823 391 963 465 stylo
993 391 1206 448 Christo
1237 391 1374 447 duce
1401 389 1732 462 digessimus
1757 391 1903 459 :jam
1931 406 2076 446 nunc
2104 390 2160 452 Α
2181 390 2343 446 etiam
2371 391 2614 446 dividere
2657 389 2928 446 voluimus
2983 405 3234 462 corpora,
3285 391 3415 448 licet
3473 391 3774 464 quantitate

481 497 604 555 qua
635 489 843 538 restant
873 481 1043 552 ipsius
1081 479 1448 536 translationis
1485 486 1538 534 et
1586 486 1865 550 gestorum
1891 478 1965 550 {in
2012 495 2074 534 ea
2176 478 2390 550 exigua.
2423 479 2702 550 Nobisque
2732 478 2923 534 donari
2950 479 3204 550 petimus,
3239 479 3508 551 quidquid
3551 487 3780 551 prater-

482 569 889 634 miraculorum,
910 569 1060 624 brevi
1082 568 1541 640 quemadmodum
1563 567 1829 637 coepimus
1843 575 2076 622 tractatu
2177 575 2369 622 eunter
2396 567 2453 622 in
2482 567 2568 622 his
2597 566 2935 623 excessimus
2967 583 2978 622 :
3011 567 3104 638 qui
3134 567 3204 623 de
3231 567 3416 622 multis
3464 583 3645 638 pauca
3701 568 3782 624 leo

483 657 712 714 sollicite
741 658 1042 714 videamus.
1092 658 1282 728 Neque
1337 656 1481 711 enim
1532 653 1756 720 effugari
1794 655 2074 721 lectorem,
2178 663 2392 726 gentes,
2415 655 2508 710 illa
2536 671 2760 725 prorsus
2787 672 2908 727 qua
2935 653 3041 710 ﬁde
3067 671 3131 711 ac
3159 655 3426 712 relatione
3478 656 3648 729 digna
3703 656 3784 710 in-

483 746 653 801 multo
679 744 857 816 magis
886 759 1018 800 vero
1047 744 1116 798 ad
1147 760 1213 800 ea
1242 761 1364 816 qua
1389 744 1640 800 dicuntur
1669 742 1898 813 invitari,
1917 758 2076 814 opor-
2179 750 2342 799 venta
2367 743 2673 813 habuimus,
2707 743 2787 800 eis
2815 744 3174 814 praesentibus
3213 744 3305 816 qui
3333 744 3590 800 viderant
3637 751 3786 800 atte-

483 841 558 890 tet
597 833 829 906 qualiter
857 833 960 888 etsi
1003 849 1186 888 sermo
1241 833 1474 889 incultus
1531 839 1831 903 exasperat,
1884 831 2080 886 saltem
2182 831 2465 899 stantibus,
2497 832 2572 904 pii
2599 832 2806 888 laboris
2835 833 3015 888 studio
3043 832 3163 904 ipso
3184 832 3242 887 in
3261 832 3383 890 loco
3402 833 3652 890 scribere
3675 847 3782 889 cu-

485 921 792 978 succinctus
831 921 1400 994 demulceatJdeoque
1416 937 1577 978 omne
1607 922 1711 976 hoc
1742 936 1881 991 opus
1899 919 1956 974 in
1974 920 2082 976 duo
2183 919 2440 976 ravimus.
2830 935 2844 946 ν

1507 1237 1854 1313 INCIPIT
1921 1237 2198 1311 LIBER
2260 1232 2754 1310 SECUNDUS
2772 1287 2789 1304 .

1001 1539 1227 1596 CAPUT
1265 1540 1554 1596 PRIMUM.

557 1633 838 1706 Siquidem
867 1633 973 1689 illis
1006 1635 1074 1690 ad
1103 1636 1424 1709 Balagivum
1455 1637 1732 1708 Oppidum,
1761 1639 1916 1708 juxta
1963 1637 2078 1692 'nu-

485 1720 634 1776 vium
664 1722 928 1795 Segarim,
973 1724 1172 1778 cursim
1217 1725 1682 1795 pervenientibus,
1738 1726 1792 1780 in
1842 1725 2079 1798 quadam

483 1807 663 1864 insula
692 1809 809 1865 solo
839 1811 1095 1883 contigua
1135 1813 1479 1868 resederunt.
1538 1813 1840 1885 Statimque
1896 1813 2080 1868 divul-

481 1905 665 1969 gatum
693 1904 774 1952 est
801 1898 1000 1954 nobilis
1026 1899 1206 1955 levita
1234 1909 1286 1956 et
1310 1902 1562 1973 martyris
1611 1919 1808 1972 corpus
1855 1901 2070 1956 adesse.

483 1985 632 2040 Tunc
661 1987 990 2042 conveniunt
1033 1989 1280 2043 nonnulli
1327 2006 1557 2045 munera
1599 1998 1650 2045 et
1685 1990 1946 2062 obsequia
1977 2006 2080 2061 pro

479 2087 645 2145 posse
675 2072 988 2130 offerentes.
1025 2076 1170 2132 lnter
1199 2093 1338 2149 quos
1368 2078 1563 2132 mulier
1595 2079 1796 2133 dudum
1813 2094 1954 2134 caca
1984 2079 2082 2133 ad-

481 2161 646 2217 ducta
675 2170 775 2228 est,
809 2180 930 2235 qua
955 2164 1105 2218 humi
1153 2173 1278 2220 ante
1321 2165 1466 2236 ipsas
1507 2167 1746 2238 reliquas
1787 2175 2076 2237 prostrata,

483 2248 668 2304 lumen
699 2250 802 2305 sibi
820 2252 1010 2308 donari
1031 2255 1304 2324 poposcit.
1329 2255 1395 2308 Et
1415 2254 1729 2326 aliquandiu
1761 2254 1897 2309 flens
1943 2270 2006 2309 ac
2027 2254 2083 2308 in

483 2337 729 2393 oratione
757 2339 1075 2410 persistens,
1099 2341 1276 2395 visum
1305 2343 1514 2398 cunctis
1568 2343 1659 2414 qui
1701 2343 1922 2397 aderant
1953 2357 2080 2398 cer-

483 2425 738 2480 nentibus
777 2429 982 2499 recepit
1009 2437 1063 2483 et
1083 2429 1432 2500 semetipsam
1456 2430 1632 2502 qualis
1664 2438 1885 2486 venerat
1942 2445 2080 2501 qua-

485 2509 661 2584 lisque
689 2513 879 2570 effecta
929 2525 1074 2572 esset
1132 2518 1434 2585 admirans,
1468 2519 1649 2573 aiebat
1680 2536 1693 2572 :
1729 2518 1946 2573 Gratias
1985 2517 2084 2571 tibi

482 2601 652 2668 Deus,
687 2602 894 2675 tibique
941 2614 1126 2660 sancte
1156 2614 1381 2678 martyr,
1443 2607 1534 2678 qui
1572 2623 1660 2662 me
1703 2613 1808 2662 tua
1866 2605 2082 2661 virtutis

485 2689 736 2746 ubertate
765 2692 990 2765 dignam
1022 2693 1242 2748 duxisti.

1126 2799 1349 2856 CAPUT
1377 2801 1442 2854 ΙΙ.

558 2901 790 2958 Profecti
820 2911 1003 2958 autem
1030 2904 1157 2960 inde
1185 2907 1257 2960 ad
1287 2907 1520 2976 Bergam
1571 2905 1858 2962 castellum
1917 2903 2082 2960 celeri

489 3002 654 3044 cursu
684 2989 786 3046 iter
815 2991 1077 3063 dirigunt.
1125 2993 1229 3048 Ubi
1282 2993 1546 3048 Dominus
1597 2993 1784 3048 itidem
1841 2993 2084 3062 prastito

491 3075 774 3144 miraculo,
810 3078 940 3149 quid
970 3080 1146 3134 meriti
1177 3080 1375 3152 quidve
1404 3080 1594 3151 gratia
1613 3081 1759 3150 apud
1780 3097 1904 3136 eum
1953 3095 2084 3134 san-

489 3170 610 3220 ctus
624 3164 787 3220 levita
803 3174 857 3220 et
877 3173 1080 3238 martyr
1096 3168 1339 3233 haberet,
1357 3169 1656 3224 clementer
1673 3169 1925 3223 ostendit.
1946 3169 2085 3222 Nam

489 3250 633 3308 inter
663 3253 903 3326 reliquos
933 3256 1244 3328 gratissima
1275 3257 1393 3326 ejus
1441 3272 1666 3328 munera
1721 3256 2082 3327 requirentes,

488 3339 659 3395 adfuit
687 3341 908 3413 quidam
941 3327 1150 3398 delatus
1167 3345 1415 3410 claudus,
1432 3327 1650 3416 totoque
1664 3360 1893 3415 corpore
1913 3359 2087 3417 agro-

489 3434 596 3484 tus.
633 3427 738 3498 Qui
782 3445 968 3486 coram
998 3432 1242 3503 reliquiis
1289 3433 1369 3503 (ut
1415 3433 1468 3487 in
1517 3432 1714 3487 talibus
1767 3432 2086 3503 contingere

489 3515 650 3587 solet)
681 3519 845 3588 capit
875 3519 1113 3590 primum
1142 3521 1330 3575 dolore
1352 3521 1532 3577 valido
1562 3520 1815 3592 aﬁligi,et
1857 3521 1912 3574 in
1929 3520 2086 3590 pavi-

489 3612 672 3660 mento
705 3606 959 3662 volutari.
993 3606 1152 3676 Quod
1194 3609 1498 3664 astantibus
1533 3608 1728 3663 mirum
1755 3608 2040 3663 videbatur
2071 3625 2085 3662 :

491 3692 590 3748 sed
619 3693 784 3764 paulo
813 3703 936 3764 post
957 3696 1252 3751 miserante
1283 3697 1399 3752 Deo
1435 3696 1889 3752 intercessionem
1947 3695 2089 3751 beati

493 3776 761 3837 Vincentii
791 3784 1146 3840 consolidata
1163 3793 1286 3840 sunt
1302 3786 1464 3840 bases
1493 3785 1692 3856 pedum
1732 3784 1868 3853 ejus,
1898 3791 1951 3838 et
2008 3783 2092 3838 di-

494 3869 630 3924 recti
659 3886 885 3940 gressus
917 3890 930 3926 :
963 3873 1037 3926 ita
1065 3880 1122 3926 ut
1153 3873 1332 3928 latitia
1364 3873 1641 3944 sospitatis
1671 3872 1848 3928 amica
1869 3871 2092 3928 comita-

485 3963 593 4025 tus,
613 3972 714 4028 per
741 3974 801 4012 se
831 3959 900 4013 ad
930 3975 1060 4016 suos
1090 3976 1258 4014 sanus
1285 3961 1510 4016 rediret.

1098 4073 1326 4130 CAPUT
1357 4075 1449 4130 III.

567 4173 707 4244 Quia
735 4191 863 4232 vero
892 4177 1117 4234 lucerna
1172 4195 1281 4235 non
1336 4179 1498 4234 debet
1545 4179 1829 4246 abscondi,
1891 4179 1989 4234 sed
2033 4187 2091 4234 ut

496 4261 680 4320 luceat
694 4281 862 4336 super
875 4267 1268 4322 candelabrum
1298 4269 1444 4339 poni,
1503 4268 1615 4337 jam
1658 4267 1789 4321 illud
1843 4276 2088 4324 sanctum

497 4367 701 4424 corpus
721 4362 871 4410 tanto
893 4355 1147 4410 virtutum
1167 4356 1379 4428 fulgore
1421 4371 1708 4412 coruscum
1749 4354 1949 4411 feretro
1985 4372 2088 4426 ap-

495 4447 692 4507 tantes,
727 4441 1021 4498 Salomone
1050 4444 1266 4512 comite,
1304 4444 1509 4514 praevio
1555 4445 1892 4516 paciticoque
1949 4445 2089 4498 duc-

497 4535 616 4584 tore
651 4529 972 4586 Cerdaniam
1002 4549 1178 4604 usque
1223 4541 1506 4588 venerunt.
1554 4533 1634 4586 Ibi
1669 4533 1815 4587 enim
1870 4541 2092 4602 propter

497 4626 870 4686 occurrentes,
907 4621 1340 4676 etnecessariam
1369 4620 1579 4675 itineris
1627 4621 1884 4692 quietem,
1944 4621 2091 4674 salu-

499 4704 582 4760 bri
613 4707 1046 4764 consideratione
1085 4708 1481 4780 aliquantisper
1511 4716 1652 4763 stare
1710 4709 2088 4763 decreverant.

499 4793 875 4867 lntrantesque
907 4796 1194 4867 quamdam
1245 4797 1487 4866 ejusdem
1545 4796 1837 4866 provincia
1881 4796 2087 4863 villam,

497 4897 621 4952 qua
639 4897 672 4937 a
692 4883 890 4953 priscis
919 4884 1218 4940 cultoribus
1246 4899 1444 4940 nomen
1463 4883 1612 4938 Albis
1634 4884 1863 4953 accepit,
1910 4884 2090 4954 impo-

500 4978 725 5025 suerunt
752 4970 885 5026 illud
915 4988 1079 5043 super
1105 4972 1278 5026 altare
1293 4971 1540 5032 ecclesia
1562 4973 1736 5027 beata
1756 4971 1940 5026 Maria
1965 4973 2090 5027 Vir-

498 5057 661 5129 ginis.
699 5057 821 5127 Quo
849 5059 1128 5115 innumera
1144 5059 1484 5114 multitudine
1498 5061 1777 5132 utriusque
1805 5076 1966 5114 sexus
1995 5075 2094 5130 per

496 5145 722 5202 biduum
753 5147 1077 5216 confluente,
1112 5148 1315 5218 reperti
1347 5155 1469 5202 sunt
1498 5149 1636 5203 inter
1665 5164 1780 5214 eos,
1829 5147 2092 5203 contracti

500 5235 732 5305 genibus
762 5235 890 5302 duo,
925 5243 977 5290 et
1005 5233 1338 5292 una‘debilis
1368 5236 1582 5300 mulier,
1619 5251 1796 5292 cacus
1837 5252 1997 5305 unus,
2030 5251 2093 5291 ac

502 5319 870 5380 febricitantes
897 5340 993 5380 seu
1023 5325 1400 5398 energumeni,
1434 5325 1550 5393 ejus
1573 5325 1775 5380 sanctis
1803 5320 2093 5379 meritisab

502 5409 650 5464 omni
668 5409 1043 5468 inﬁrmitatum
1063 5413 1364 5486 gravedine
1383 5413 1614 5468 liberati.
1629 5413 1745 5469 Nec
1765 5411 2090 5480 audivimus,

503 5497 650 5576 quod
677 5498 817 5554 ullus
845 5517 1168 5576 quocunque
1193 5501 1484 5560 debilitatis
1511 5501 1701 5559 morbo
1738 5501 1959 5558 invasus
2023 5500 2096 5572 (si

2107 1541 2415 1613 B'ﬁdeliter
2443 1556 2715 1626 accessit),
2750 1571 2810 1612 se
2838 1556 2925 1611 vel
2971 1557 3282 1625 advenisse,
3329 1557 3416 1614 vel
3462 1564 3616 1614 certe
3662 1555 3784 1613 sine

2179 1645 2406 1701 remedii
2428 1645 2700 1702 medicina
2731 1645 3031 1700 recessisse
3061 1645 3310 1702 doluerit.

2251 1840 2394 1894 Pene
2423 1837 2590 1910 igitur
2617 1854 2718 1908 per
2747 1837 2963 1909 singula
3009 1839 3355 1894 mansionum
3395 1837 3521 1895 loca
3553 1838 3778 1909 patratis

2179 1927 2476 1993 miraculis,
2508 1934 2566 1981 ut
2595 1925 2746 1981 verbi
2801 1925 2976 1996 gratia
3022 1926 3077 1980 in
3113 1926 3264 1981 Livia
3309 1927 3524 1982 duobus
3574 1925 3790 1982 claudis

2181 2015 2398 2083 erectis,
2432 2023 2484 2069 et
2512 2014 2570 2069 in
2600 2015 2904 2069 Carcasona
2934 2021 3084 2068 extra
3115 2015 3306 2070 urbem
3329 2013 3382 2068 in
3415 2014 3656 2070 ecclesia
3685 2015 3786 2069 sub

2181 2103 2350 2174 ipsius
2370 2102 2569 2157 Levita
2589 2109 2641 2157 et
2661 2101 2915 2173 Martyris
2933 2102 3286 2157 veneratione
3306 2102 3526 2158 Christo
3549 2110 3780 2167 sacrata,

2180 2191 2530 2246 damoniacis
2551 2189 2890 2262 infirmisque
2911 2190 3033 2244 aliis
3054 2207 3162 2245 non
3181 2191 3370 2261 paucis
3408 2191 3632 2255 curatis,
3651 2191 3786 2260 jam-

2180 2279 2287 2334 lati
2317 2279 2565 2334 Castrum
2594 2294 2701 2348 quo
2729 2277 3072 2343 tendebatur,
3106 2278 3363 2348 pracipui
3392 2277 3569 2333 Patris
3615 2279 3790 2334 Bene-

2181 2366 2312 2422 dicti
2341 2367 2735 2421 monasterium
2763 2366 3215 2437 appropinquant.
3252 2365 3361 2422 Sed
3409 2365 3586 2438 qualis
3625 2365 3787 2421 fuerit

2181 2462 2336 2510 tanta
2380 2453 2698 2525 exceptione
2743 2453 2965 2525 dignus,
3017 2470 3138 2509 cum
3189 2453 3448 2510 crucibus
3491 2471 3557 2510 ac
3586 2455 3786 2521 cereis,

2182 2543 2544 2613 omnibusque
2602 2541 2864 2612 congruis
2914 2541 3194 2596 ornatibus
3240 2541 3331 2596 ille
3389 2543 3788 2598 monachorum

2182 2630 2502 2702 splendidus
2517 2637 2826 2700 apparatus,
2850 2644 3064 2684 necnon
3096 2637 3146 2684 et
3174 2629 3565 2684 devotissimus
3599 2629 3788 2701 populi

2181 2733 2498 2783 concursus,
2533 2733 2660 2772 reor
2687 2717 3040 2788 superfluum,
3085 2716 3131 2771 si
3161 2717 3358 2788 exponi
3401 2718 3784 2787 contendetur,

2185 2805 2433 2876 Martyris
2461 2805 2644 2876 itaque
2701 2820 2899 2876 corpus
2946 2805 3267 2861 servandum
3299 2806 3787 2878 venerandumque

2108 2887 2158 2950 C
2187 2893 2242 2948 in
2271 2892 2506 2948 ecclesia
2533 2892 2690 2948 alma
2717 2891 3012 2963 genetricis
3065 2893 3164 2947 Dei
3207 2893 3392 2948 Maria
3440 2901 3571 2948 ante
3613 2894 3786 2964 ipsius

2189 2981 2422 3038 coenobii
2471 2988 2684 3051 portam
2713 2979 3133 3046 collocaverunt,
3157 2979 3228 3035 ob
3249 2980 3500 3035 devotam
3550 2983 3791 3037 maxime

2186 3068 2512 3124 feminarum
2559 3067 2940 3140 frequentiam,
3001 3067 3196 3139 quibus
3245 3069 3564 3124 monasterii
3611 3070 3786 3140 ipsius

2187 3157 2367 3212 aditus
2393 3172 2457 3211 ex
2485 3156 2708 3227 antiqua
2737 3157 2956 3210 Patrum
2987 3156 3231 3225 ejusdem
3252 3155 3354 3212 loci
3387 3158 3788 3213 consuetudine

2187 3235 2508 3317 den'egatur.
2540 3243 2910 3299 Decreverunt
2955 3251 3137 3299 tamen
3172 3259 3368 3299 novam
3399 3243 3689 3301 basilicam
3729 3247 3786 3300 in

2189 3334 2306 3402 ejus
2363 3333 2628 3386 honorem
2682 3332 3016 3387 monasterio
3075 3331 3307 3388 vicinam
3376 3340 3677 3388 extruere:
3715 3333 3785 3388 ad

2189 3436 2350 3493 quam
2407 3419 2691 3492 utriusque
2763 3436 2923 3474 sexus
2973 3420 3225 3492 personis
3277 3421 3488 3476 devotis
3535 3421 3676 3476 liber
3718 3422 3784 3476 sit

2188 3524 2466 3565 accessus.

2819 3578 3044 3634 CAPUT
3079 3579 3145 3634 V.

2261 3667 2373 3722 Sed
2401 3665 2657 3738 quoniam
2687 3665 2828 3721 forte
2857 3673 3068 3736 poterat
3097 3666 3332 3722 dubitari
3398 3667 3468 3723 de
3515 3668 3609 3722 tali
3663 3670 3785 3738 ejus

2190 3755 2500 3811 inventione
2527 3763 2580 3810 et
2607 3761 2787 3824 optata
2816 3754 3110 3824 delatione,
3135 3757 3241 3811 hoc
3271 3756 3621 3826 omnipotens
3635 3757 3785 3812 Deus

2189 3844 2258 3899 ad
2297 3843 2571 3899 cumulum
2619 3859 2732 3898 sua
2778 3842 3033 3898 bonitatis
3061 3843 3157 3898 tali
3219 3843 3487 3900 miraculo
3535 3843 3786 3900 roborari

2189 3931 2375 3986 voluit.
2407 3931 2469 3984 In
2498 3930 2626 3984 villa
2655 3930 2948 3994 Vidcellas,
2983 3946 3016 3985 a
3049 3931 3380 3986 monasterio
3428 3931 3603 3986 tribus
3637 3932 3784 3986 dun-

2192 4027 2334 4074 taxat
2359 4019 2578 4074 milibus
2593 4019 2848 4089 distante,
2877 4018 3080 4074 femina
3095 4019 3342 4090 quadam
3372 4019 3579 4074 ibidem
3608 4019 3784 4076 adhuc

2191 4109 2421 4179 degens,
2453 4107 2674 4163 nomine
2705 4107 2968 4173 Aitrudis,
2999 4123 3033 4162 a
3061 4107 3242 4163 vicino
3272 4123 3371 4163 suo
3385 4107 3664 4163 admonita
3679 4117 3780 4176 est,

2189 4205 2248 4251 ut
2279 4195 2526 4267 deposito
2555 4195 2776 4252 lanificii
2803 4211 2990 4266 opere,
3021 4195 3079 4249 in
3106 4211 3387 4252 occursum
3418 4196 3783 4266 susceptionis

2187 4284 2332 4340 beati
2364 4283 2630 4339 Vincentii
2658 4283 2914 4355 martyris
2943 4300 3062 4339 cum
3092 4284 3214 4338 aliis
3243 4293 3576 4355 prOperaret.
3623 4283 3780 4352 Quod

2187 4373 2282 4428 illa
2310 4372 2492 4429 facere
2523 4387 2808 4440 recusans,
2836 4387 2962 4428 cum
2991 4371 3255 4428 cachinno
3291 4372 3425 4427 dixit
3453 4388 3579 4428 esse
3605 4373 3784 4442 potius

2190 4477 2391 4533 corpus
2419 4461 2700 4530 cujusdam
2729 4461 2903 4516 Mauri
2958 4460 3158 4516 ethnici
3186 4460 3274 4515 vel
3325 4460 3574 4530 Hispani,
3623 4476 3782 4532 quam

2188 4549 2464 4621 martyris.
2497 4551 2564 4604 Et
2585 4549 2858 4620 extemplo
2888 4549 3130 4604 omnium
3160 4548 3374 4619 privata
3399 4549 3777 4604 membrorum

2189 4637 2380 4694 ofﬁciis
2407 4637 2738 4692 contrahitur
2769 4655 2783 4703 ;
2825 4652 2891 4692 ac
2927 4635 3096 4692 veluti
3123 4637 3356 4692 cadaver
3394 4635 3770 4690 miserabiliter

2191 4725 2247 4780 in
2276 4735 2484 4782 terram
2515 4733 2878 4790 consternata,
2912 4740 2972 4780 se
3001 4739 3128 4780 mox
3157 4724 3531 4795 expiraturam
3559 4723 3778 4779 terribili

2189 4830 2324 4871 voce
2343 4813 2642 4885 proclamat
2675 4831 2687 4867 :
2721 4821 2990 4886 rogatque
3032 4828 3181 4880 suos,
3229 4820 3288 4866 ut
3335 4813 3405 4867 ad
3435 4813 3612 4868 sancti
3645 4819 3778 4867 tem-

2191 4903 2338 4974 plum
2368 4901 2656 4958 dcferatur.
2716 4902 2820 4957 Ubi
2850 4917 3012 4957 curru
3043 4901 3240 4969 delata,
3274 4916 3374 4970 per
3401 4899 3522 4955 dies
3561 4915 3774 4964 novem,

2189 4991 2576 5062 aspicientibus
2603 4989 2806 5054 multis,
2841 4989 3088 5045 eamdem
3118 4988 3493 5059 percussionis
3525 4987 3774 5042 debilita-

2191 5087 2299 5134 tem
2362 5078 2638 5133 sustinens
2690 5077 2891 5131 mansit
2925 5095 2938 5132 :
2971 5085 3135 5148 atque
3199 5085 3324 5147 post
3383 5076 3522 5131 alios
3584 5089 3774 5130 novem

2191 5167 2350 5222 saluti
2401 5165 2708 5233 reformata,
2754 5165 2960 5231 valens,
3033 5173 3091 5220 ut
3133 5181 3276 5220 nunc
3335 5180 3554 5236 quoque
3617 5162 3770 5224 valet,

2190 5254 2370 5312 exivit.

2806 5304 3030 5380 carm
3067 5324 3158 5379 v1.

2262 5414 2556 5471 Enimvero
2594 5413 3066 5486 frequentantibus
3113 5411 3294 5468 locum
3336 5411 3608 5482 plebibus,
3663 5409 3772 5464 sive

2191 5503 2421 5560 inﬁrmis
2447 5502 2617 5560 variis
2645 5502 3002 5581 languoribus
3027 5500 3305 5574 oppressis
3333 5499 3624 5558 sanitatum
3655 5511 3772 5555 me-
