4060 6184
260 282 398 339 1021

1045 273 1141 332 DE
1184 271 1722 333 TRANSLATIONE
1775 271 1832 330 S.
1863 270 2225 330 VINCENTII
2260 271 2472 331 MART.
2513 303 2575 316 —
2601 272 2731 332 LIB.
2765 274 2834 331 II.

3428 277 3571 334 im

264 402 452 459 delam
481 399 893 474 exquirentibus
912 440 928 465 ,
974 413 1008 453 a
1051 397 1328 455 Cerdanim
1374 397 1617 470 partibus
1653 395 1869 469 quidam
1898 396 1954 458 Α
1975 404 2092 453 ctos
2122 405 2176 453 et
2202 397 2342 454 volas
2369 398 2640 454 haerentes
2659 397 2887 467 habens,
2918 406 2978 454 ut
3005 412 3284 472 nunquam
3313 397 3570 471 explicari

267 490 575 551 venientes.
608 489 755 545 haud
783 488 946 559 longe
992 503 1023 541 a
1064 485 1394 542 monasterio
1435 485 1670 557 propriis
1711 484 1872 539 rebus

268 577 578 650 exspoliati,
625 576 757 632 nudi
803 576 873 631 ad
919 583 1167 631 sanctum
1209 573 1542 645 gemebundi
1571 572 1874 644 ﬂentesque

269 666 619 738 perveniunt.
667 665 777 719 Sed
816 663 1017 718 mirum
1061 663 1119 717 in
1159 662 1380 717 modum
1412 661 1585 733 gratia
1622 676 1874 731 supernae

268 754 467 812 accidit
495 753 786 826 mquitatis,
816 760 875 807 ut
900 752 1235 823 praedatores
1256 750 1515 806 aliorsum
1532 749 1726 821 fugere
1756 755 1874 804 ten-

268 850 465 912 tantes,
497 842 730 897 adversa
777 841 880 895 sibi
923 839 1258 912 protectione
1301 838 1625 894 mirabiliter
1679 837 1872 903 coacti,

268 946 399 989 cum
426 929 698 985 universis
742 945 861 1001 qua
903 928 1258 994 abstulerant,
1305 928 1375 982 ad
1413 916 1661 982 eumdem
1691 926 1874 981 locum

268 1018 597 1075 festinanter
624 1018 966 1074 accederent.
988 1017 1059 1072 Et
1078 1032 1200 1072 sese
1232 1024 1419 1071 mutuo
1441 1015 1709 1071 intuentes
1739 1029 1872 1085 spo-

268 1108 497 1164 liatores
518 1121 585 1163 ac
613 1106 850 1178 spoliati,
901 1104 989 1159 isti
1036 1105 1244 1171 timere,
1286 1105 1342 1159 hi
1373 1119 1507 1160 vero
1549 1104 1717 1158 multo
1749 1117 1871 1157 am-

269 1194 417 1268 plius
475 1194 658 1249 mirari
712 1200 996 1265 coeperunt
1028 1208 1041 1248 :
1073 1193 1490 1264 volentibusque
1545 1190 1761 1263 populis
1818 1191 1873 1245 in

264 1299 391 1339 reos
439 1298 792 1354 consurgere,
845 1281 1119 1353 supplices
1162 1289 1442 1352 rogarunt,
1489 1297 1559 1336 ne
1609 1279 1738 1351 quid
1770 1278 1872 1333 sibi

266 1371 398 1426 mali
428 1371 501 1427 ob
532 1370 731 1426 Christi
752 1370 1032 1442 sanctique
1049 1370 1298 1441 martyris
1316 1385 1559 1424 amorem
1588 1367 1870 1441 inferrent.

270 1459 392 1529 Quo
420 1459 706 1531 impetrato
763 1457 942 1513 omnia
1000 1457 1393 1513 restituerunt:
1426 1464 1479 1511 et
1528 1457 1701 1511 Deum
1743 1470 1869 1510 san-

268 1557 528 1619 ctumque
573 1546 855 1601 laudantes
898 1545 1222 1611 Vicentium,
1272 1545 1340 1599 ad
1392 1544 1613 1616 propria
1669 1543 1875 1616 singuli

268 1635 539 1707 repedant
570 1653 584 1689 :
618 1634 708 1689 isti
735 1634 805 1688 de
823 1633 1077 1700 inventis,
1105 1633 1180 1687 illi
1211 1640 1391 1688 autem
1417 1633 1485 1688 de
1516 1631 1674 1687 venia
1704 1632 1875 1705 gratis

272 1722 544 1797 acquisita
565 1722 788 1793 jocundi
802 1763 815 1777 .

882 1827 1107 1884 CAPUT
1144 1828 1259 1882 VII.

343 1920 464 1974 Nec
492 1916 707 1972 silentio
734 1916 1194 1987 praetereundum,
1218 1915 1363 1987 quod
1383 1915 1501 1986 pari
1522 1914 1878 1970 admiratione

273 2006 508 2080 dignum
539 2013 638 2061 est.
675 2003 911 2072 Quidam
934 2004 1074 2059 enim
1098 2020 1165 2059 ex
1189 2003 1501 2059 Camerensi
1521 2019 1686 2076 pago,
1711 2018 1880 2058 causa

273 2094 561 2160 orationis,
592 2092 850 2149 inclinato
874 2093 987 2162 jam
1007 2093 1093 2147 die
1113 2092 1428 2158 adveniens,
1462 2092 1703 2147 lanceam
1725 2107 1879 2146 suam

273 2183 369 2238 uni
412 2182 694 2249 arborum,
750 2197 872 2252 quae
927 2189 1049 2235 sunt
1110 2188 1235 2235 ante
1293 2188 1605 2235 memoratae
1644 2179 1880 2234 basilicae

275 2271 595 2345 ingressum
648 2270 890 2336 (servato
955 2268 1235 2340 religionis
1310 2269 1580 2337 honore),
1637 2266 1879 2321 innixam

277 2359 522 2430 reliquit.
558 2358 800 2428 Cumque
830 2356 1118 2412 ecclesiam
1148 2357 1226 2412 sic
1256 2365 1569 2412 exarmatus
1597 2355 1876 2421 intrasset,

278 2455 333 2503 et
362 2445 595 2501 orationi
624 2445 818 2500 devote
848 2445 1140 2513 insisteret,
1174 2443 1259 2499 fur
1287 2444 1508 2515 quidam
1540 2444 1730 2499 lancea
1760 2444 1879 2513 ejus

277 2543 433 2606 rapta
462 2533 691 2608 aufugit,
724 2533 943 2589 domum
976 2549 1129 2586 suam
1157 2547 1267 2587 non
1298 2532 1461 2604 longe
1506 2532 1735 2602 positam
1776 2547 1879 2601 pe-

284 2632 426 2679 tens.
459 2623 569 2678 Sed
598 2630 779 2677 mente
805 2621 1177 2692 perturbatus,
1208 2621 1278 2674 ad
1306 2620 1553 2689 ejusdem
1584 2619 1684 2674 viri
1713 2628 1877 2692 tugu-

282 2710 443 2779 rium,
476 2710 629 2779 cujus
657 2717 771 2764 erat
817 2709 991 2774 hasta,
1039 2706 1182 2761 infra
1210 2707 1431 2779 triginta
1466 2706 1635 2762 ferme
1664 2707 1876 2777 leugas,

268 2798 504 2868 jejunio,
535 2812 601 2854 ac
630 2798 819 2852 itinere
848 2813 948 2867 per
976 2803 1144 2850 totam
1173 2803 1389 2850 noctem
1418 2794 1675 2865 fatigatus
1702 2795 1874 2849 deve-

278 2886 376 2941 nit.
412 2886 656 2957 Cumque
685 2884 875 2939 sitiens
920 2883 1199 2954 paululum
1246 2899 1401 2954 aquas
1428 2889 1653 2953 peteret,
1684 2881 1882 2937 mulier

278 2974 522 3045 agnitam
552 2973 726 3027 mariti
757 2974 967 3027 hastam
998 2965 1222 3041 recepit,
1260 2978 1314 3025 et
1353 2969 1459 3025 furi
1486 2977 1695 3025 reatum
1726 2986 1880 3024 suum

1974 500 2072 540 seu
2098 485 2316 541 extendi
2345 485 2609 553 valerent,
2650 493 2774 557 post
2802 487 3079 543 orationes
3105 494 3156 543 et
3177 487 3448 558 lacrymas
3477 502 3561 543 co—

1973 590 2089 629 ram
2110 582 2296 630 sancto
2315 582 2556 645 martyre
2577 573 2746 640 fusas,
2767 574 2936 630 sensit
2955 591 3052 631 eos
3068 574 3295 641 solutos,
3317 581 3575 628 manante

1973 670 2155 718 tamen
2185 663 2311 718 vivo
2339 678 2535 719 cruore
2567 678 2597 717 e
2627 662 2783 729 locis,
2816 663 3012 734 quibus
3041 664 3195 735 prius
3222 662 3571 718 inhaeserant.

1976 748 2097 818 Quo
2126 750 2246 806 viso
2276 750 2566 821 episcopus
2596 758 2650 805 et
2679 751 2916 807 universi
2945 751 3038 822 qui
3065 766 3190 807 cum
3221 766 3288 806 eo
3314 757 3488 816 erant,
3519 749 3575 805 in

1975 837 2166 893 laudes
2203 837 2415 893 divinas
2452 845 2844 910 prorumpunt,
2886 838 3103 894 litanias
3125 878 3140 907 ,
3198 840 3460 910 hymnos,
3522 845 3576 893 et

1981 928 2048 982 Te
2084 928 2263 982 Deum
2302 928 2599 983 laudamus
2624 970 2637 993 ,
2692 926 3004 999 lacrymosa
3053 942 3189 983 voce
3224 924 3523 997 psallentes
3556 940 3570 979 :

1976 1014 2235 1084 ipsasque
2272 1030 2468 1070 manus
2506 1015 2770 1086 sanguine
2825 1015 2948 1071 litas
2979 1015 3094 1084 jam
3129 1013 3330 1088 gaudio
3366 1026 3572 1083 magno

1975 1101 2379 1159 deosculantes.

2605 1191 2828 1248 CAPUT
2864 1192 2937 1246 X.

2048 1277 2286 1346 Quidam
2323 1280 2613 1351 argentum
2643 1278 2746 1333 sibi
2789 1279 2861 1335 ad
2888 1278 3106 1351 aliquod
3132 1285 3285 1351 ‘opus
3312 1291 3576 1335 necessa-

1976 1365 2120 1421 rium
2146 1365 2203 1421 in
2233 1366 2355 1422 sinu
2385 1366 2766 1424 absconderat.
2806 1365 2966 1435 Quod
2995 1367 3356 1424 inverecunde
3382 1365 3579 1421 mulier

1975 1453 2031 1508 in
2061 1453 2418 1510 latrocinandi
2465 1463 2577 1509 arte
2606 1454 2781 1526 perita
2810 1455 3055 1510 extraxit.
3094 1455 3202 1510 Sed
3239 1470 3430 1509 manus
3459 1453 3577 1522 ejus

1975 1541 2157 1613 ipsum
2194 1550 2483 1615 argentum
2523 1542 2808 1598 continens
2865 1542 3048 1598 statim
3094 1542 3347 1615 obriguit,
3406 1541 3482 1596 ita
3517 1547 3578 1595 ut

1978 1645 2100 1685 eam
2138 1645 2240 1685 nec
2268 1629 2496 1700 aperire,
2530 1646 2633 1686 nec
2664 1631 2733 1685 ad
2764 1647 2824 1686 se
2864 1630 3096 1702 (cunctis
3124 1629 3454 1700 videntibus)
3484 1644 3579 1683 re-

1893 1742 1948 1803 B
1978 1718 2179 1773 ducere
2207 1717 2429 1773 valeret.
2464 1717 2587 1788 Ipsa
2617 1733 2748 1773 vero
2778 1719 2849 1774 ad
2880 1718 3053 1776 sancti
3084 1717 3354 1775 Vincentii
3400 1731 3581 1774 sacras

1984 1804 2239 1876 reliquias
2268 1804 2609 1876 confugiens,
2643 1813 2696 1861 et
2741 1806 2943 1861 ibidem
2988 1822 3113 1862 cum
3141 1805 3401 1861 fratribus
3430 1803 3582 1860 aliis-

1979 1908 2085 1963 que
2137 1891 2390 1947 ﬁdelibus
2447 1893 2642 1949 devote
2696 1909 2879 1961 orans,
2938 1902 3120 1950 curata
3159 1901 3269 1961 est,
3312 1907 3581 1965 manuque

1977 1981 2215 2037 relaxata
2244 1980 2480 2036 furatum
2508 1989 2796 2055 argentum
2835 1982 3085 2037 restituit.

2598 2096 2826 2152 CAPUT
2862 2097 2962 2151 XI.

2051 2184 2203 2239 Alius
2235 2199 2434 2240 caecam
2472 2184 2681 2239 habens
2729 2183 2892 2240 ﬁliam
2922 2201 2956 2240 a
2983 2183 3278 2251 nativitate,
3310 2199 3431 2240 eam
3458 2198 3581 2238 me-

1981 2272 2145 2327 dendi
2184 2271 2356 2327 fretus
2398 2270 2614 2338 ﬁducia,
2663 2272 2731 2327 ad
2772 2273 2948 2329 sancti
2998 2272 3264 2329 Vincentii
3305 2271 3584 2342 divulgata

1980 2359 2186 2431 passim
2213 2360 2511 2431 patrocinia
2553 2360 2825 2416 adducere
2872 2361 3081 2430 statuit,
3122 2368 3176 2417 et
3201 2360 3270 2415 ad
3299 2366 3580 2416 monaste-

1980 2448 2120 2503 rium
2157 2465 2329 2520 usque
2385 2448 2631 2515 veniens,
2674 2449 2766 2503 ubi
2805 2449 3075 2520 comperit
3127 2449 3308 2521 ipsum
3365 2462 3581 2505 sacrum

1981 2537 2696 2608 corpus,propter;timorem
2719 2552 3062 2610 paganorum
3088 2538 3541 2593 Nortmannorum
3561 2576 3577 2606 ,

1981 2624 2051 2679 ad
2098 2624 2443 2680 remotiorem
2502 2633 2554 2679 et
2606 2625 2861 2680 tutiorem
2916 2624 3097 2681 locum
3164 2630 3584 2695 transportatum

1982 2711 2169 2777 fuisse,
2201 2712 2445 2767 crebrius
2474 2713 2842 2785 ingemiscens
2870 2713 3085 2769 dicebat
3110 2731 3124 2768 :
3146 2713 3410 2773 Miserere
3427 2711 3584 2767 Chri-

1981 2808 2083 2865 ste,
2113 2800 2393 2865 miserere,
2427 2816 2461 2855 o
2483 2800 2793 2856 beatissime
2831 2801 3082 2857 Vincenti
3115 2818 3128 2855 :
3161 2800 3421 2856 miserere
3450 2798 3584 2853 mihi

1980 2888 2202 2955 misero,
2234 2887 2496 2943 miserere
2541 2889 2664 2944 huic
2711 2888 2836 2944 tiliae
2880 2905 3036 2945 mea.
3070 2889 3166 2943 His
3211 2889 3583 2959 lacrymarum

1982 2975 2228 3042 vocibus,
2260 2992 2491 3046 superna
2521 2976 2665 3048 (quas
2683 2992 2793 3032 non
2814 2977 3089 3048 dormitat)
3118 2977 3189 3032 ad
3216 2974 3586 3031 miserandum

274 3061 555 3118 confitenti
595 3061 857 3132 pepercit,
918 3075 1027 3115 non
1074 3060 1191 3115 sine
1251 3058 1609 3114 admiratione
1664 3057 1879 3115 virtutis
1909 3085 1959 3149 ο
1984 3064 2213 3120 excitata
2269 3064 2577 3131 clementia,
2643 3065 2899 3121 continuo
2970 3064 3336 3121 obtinentibus
3399 3061 3588 3135 magni

277 3150 451 3206 sancti
486 3148 749 3204 Vincentii
779 3149 870 3221 qui
899 3147 1173 3219 peregrini
1221 3146 1301 3201 sui
1331 3146 1578 3215 injuriam
1617 3162 1684 3202 eo
1711 3147 1876 3202 modo

274 3237 520 3311 reparari
550 3236 774 3293 curavit.

876 3322 1101 3379 CAPUT
1139 3323 1281 3377 VIII.

351 3412 807 3484 Quandoquidem
837 3412 906 3466 de
936 3427 1073 3466 nova
1121 3409 1294 3467 sancti
1325 3408 1593 3465 Vincentii
1620 3409 1799 3465 levita:
1827 3418 1880 3466 et

274 3503 536 3575 martyris
586 3501 903 3556 fabricanda
949 3499 1181 3555 ecclesia
1229 3498 1560 3553 mentionem
1608 3498 1877 3566 fecimus,

274 3607 577 3664 congruum
606 3597 689 3644 est
718 3588 841 3644 huic
884 3588 1005 3643 loco
1053 3603 1253 3642 novum
1285 3586 1493 3642 referre
1530 3586 1876 3642 miraculum.

272 3680 359 3735 Ad
390 3680 532 3733 hanc
561 3678 705 3733 enim
733 3677 1189 3733 constructionem
1240 3675 1634 3731 conﬂuentibus
1674 3675 1881 3745 pariter

271 3767 400 3839 plus
430 3781 595 3837 quam
641 3765 889 3820 ducentis
938 3765 1069 3819 viris
1115 3780 1241 3819 cum
1289 3763 1639 3831 muneribus,
1688 3771 1883 3833 praeter

273 3854 556 3919 mulieres,
591 3854 863 3924 parvulos,
899 3860 951 3907 et
982 3850 1246 3919 infirmos,
1281 3852 1420 3905 inter
1462 3867 1598 3921 quos
1630 3850 1726 3905 fuit
1755 3851 1881 3922 qui-

273 3944 402 3998 dam
432 3958 611 3998 cazcus
641 3941 910 4013 rebusque
941 3955 1150 4011 pauper
1181 3957 1194 3993 :
1230 3938 1320 4011 qui
1342 3954 1409 3993 ne
1440 3938 1495 3992 in
1516 3939 1690 3994 sancti
1716 3937 1883 3994 servi-

273 4032 352 4086 tio
383 4046 583 4085 vacuus
612 4038 914 4100 appareret,
961 4028 1198 4099 lapidem
1241 4042 1351 4082 non
1393 4042 1623 4097 parvum
1670 4026 1772 4081 sibi
1816 4043 1883 4081 ex

271 4119 467 4174 itinere
496 4134 529 4172 a
558 4118 785 4173 ductore
832 4117 951 4171 dari
998 4116 1263 4187 p0poscit,
1313 4124 1473 4187 atque
1520 4115 1672 4170 illum
1704 4114 1883 4169 subito

271 4206 514 4262 levatum
562 4205 703 4260 collo
751 4204 1050 4275 supposuit.
1104 4204 1346 4276 Cumque
1376 4220 1409 4259 a
1456 4206 1615 4275 plebe
1646 4204 1884 4260 stultitiae

274 4301 622 4365 argueretur,
658 4300 714 4348 ut
744 4293 835 4364 qui
856 4309 969 4347 rem
996 4293 1390 4363 impossibilem
1420 4301 1642 4363 propter
1668 4293 1883 4362 pondus

274 4389 587 4448 attentaret,
621 4380 857 4436 asseruit
885 4396 943 4435 se
972 4397 1250 4452 nunquam
1278 4381 1347 4434 ab
1392 4379 1627 4449 incoepta
1658 4379 1877 4449 quietu-

275 4486 421 4538 rum,
455 4469 631 4525 donec
659 4485 856 4523 munus
888 4469 1152 4539 assumpti
1182 4467 1379 4538 lapidis
1420 4468 1492 4521 ad
1538 4466 1664 4521 novi
1692 4465 1879 4536 templi

276 4558 338 4614 S.
374 4558 641 4613 Vincentii
671 4565 995 4613 structuram
1040 4556 1338 4611 detulisset.
1384 4556 1500 4611 Nec
1527 4570 1698 4621 mora,
1749 4553 1887 4608 inter

274 4647 400 4703 haec
429 4647 619 4713 verba,
653 4646 879 4717 depulsa
909 4644 1151 4701 caecitate
1181 4645 1363 4701 visum
1392 4642 1618 4714 recepit.

906 4778 1131 4834 CAPUT
1178 4777 1273 4832 IX.

352 4886 450 4941 Vir
479 4884 805 4940 venerabilis
844 4884 1133 4956 Helisagar
1165 4882 1378 4939 Tolosae
1409 4882 1637 4938 civitatis
1668 4880 1886 4953 episco-

277 4991 403 5045 pus,
424 4973 510 5027 bis
539 4972 736 5026 auditis
757 4972 1015 5027 virtutum
1039 4971 1233 5044 signis,
1250 4972 1374 5040 jure
1396 4970 1655 5041 pastorali
1683 4970 1886 5026 clerum

277 5061 651 5134 populumque
683 5061 931 5115 hortatus
980 5067 1083 5125 est,
1130 5067 1188 5113 ut
1232 5060 1324 5131 qui
1370 5059 1569 5115 vellent
1611 5059 1681 5113 ad
1712 5062 1888 5115 sancti

279 5147 540 5218 martyris
570 5147 872 5202 orationem
921 5162 1107 5203 secum
1152 5147 1233 5202 ire
1283 5154 1557 5217 pararent.
1607 5145 1713 5214 Qui
1759 5147 1887 5201 dum

279 5237 508 5292 decreto
531 5244 777 5306 tempore
806 5245 993 5306 pastor
1027 5236 1201 5290 bonus
1231 5235 1414 5291 ovium
1436 5234 1627 5289 turmis
1656 5234 1891 5291 circum-

279 5332 489 5395 septus,
533 5339 566 5378 a
611 5339 755 5379 nono
799 5322 960 5378 etiam
1002 5323 1255 5379 milliario
1302 5324 1682 5389 discalceatus,
1716 5322 1891 5378 forma

274 5412 454 5468 factus
483 5412 663 5485 gregi,
698 5420 1019 5468 reverenter
1066 5412 1397 5477 advenisset,
1450 5412 1674 5485 quidam
1704 5427 1890 5467 eorum

276 5501 483 5577 digitos
513 5501 797 5575 utriusque
830 5517 1025 5559 manus
1045 5502 1115 5557 ab
1134 5501 1252 5575 ipsa
1279 5501 1554 5557 nativitate
1577 5500 1646 5556 ita
1668 5507 1889 5559 contra-

1980 3152 2242 3224 agonistae
2288 3152 2545 3222 precibus
2588 3160 2641 3207 et
2688 3151 2795 3208 ﬁde
2833 3153 3094 3223 parentis,
3141 3153 3325 3208 lumen
3351 3150 3588 3206 restituit

1979 3240 2174 3310 puellae
2188 3280 2200 3293 .
2226 3304 2237 3315 α

2585 3326 2810 3383 CAPUT
2847 3327 2972 3382 XII.

2050 3413 2403 3469 Nortmannis
2450 3421 2630 3469 autem
2675 3415 2792 3486 (qui
2838 3415 2906 3468 ad
2937 3414 3291 3470 obsidendam
3332 3415 3585 3472 Tolosam

1980 3504 2259 3571 venerant)
2288 3502 2693 3568 accedentibus,
2746 3503 2999 3558 monachi
3047 3511 3291 3559 sanctum
3320 3506 3587 3560 revehunt

1982 3606 2179 3660 corpus
2213 3606 2225 3644 :
2257 3590 2567 3663 dignisque,
2600 3606 2665 3646 eo
2714 3590 2767 3644 in
2798 3591 2920 3647 loco
2946 3591 3038 3647 ubi
3066 3592 3213 3662 prius
3238 3591 3431 3660 fuerat,
3461 3591 3583 3648 offi-

1980 3679 2078 3734 ciis
2109 3680 2479 3734 venerandum
2505 3687 2791 3750 reponunt.

2576 3793 2804 3849 CAPUT
2840 3792 2989 3847 XIII.

2053 3881 2262 3935 Rursus
2291 3880 2473 3951 puella
2504 3881 2755 3951 quaedam
2784 3897 2817 3936 a
2845 3880 3119 3937 nativitate
3148 3896 3312 3951 eaea,
3359 3881 3581 3938 indubi-

1983 3976 2159 4024 tanter
2196 3970 2429 4025 credens
2480 3969 2783 4025 interventu
2835 3969 2969 4025 tanti
3028 3971 3278 4042 martyris
3326 3987 3385 4026 se
3422 3987 3587 4043 posse

1984 4058 2166 4112 lumen
2199 4058 2463 4128 recipere,
2498 4074 2747 4114 sororem
2777 4058 3009 4131 rogavit,
3035 4066 3092 4113 ut
3122 4060 3193 4115 ad
3214 4076 3339 4115 eum
3360 4068 3592 4132 quanto-

1985 4147 2101 4201 cius
2131 4146 2541 4216 perduceretur.
2597 4146 2733 4215 Quas
2764 4149 2895 4201 dum
2924 4148 3087 4202 simul
3114 4147 3453 4216 incederent,
3488 4165 3592 4204 au-

1984 4234 2197 4288 dierunt
2226 4234 2281 4286 in
2329 4243 2523 4287 terram
2569 4235 2758 4304 procul
2803 4243 3065 4290 remotam
3114 4236 3350 4289 delatum
3400 4235 3586 4292 fuisse.

1983 4321 2066 4373 Ad
2099 4335 2259 4389 quam
2308 4329 2530 4390 prOpter
2585 4321 2827 4392 rigorem
2876 4322 3071 4375 hiemis
3126 4330 3183 4389 et
3229 4337 3429 4391 aspera
3459 4322 3592 4394 juga

1908 4406 2250 4492 Dmontium
2318 4422 2428 4461 non
2483 4407 2727 4461 valentes
2781 4408 3088 4477 pervenire,
3149 4423 3290 4463 caeca
3345 4424 3592 4463 sororem

1989 4509 2145 4547 suam
2176 4494 2390 4548 hortata
2420 4501 2519 4557 est,
2552 4502 2610 4548 ut
2642 4511 2707 4548 ex
2739 4510 2865 4549 cera
2908 4509 3068 4565 quam
3100 4510 3286 4551 secum
3318 4495 3587 4564 tulerant,

1986 4581 2243 4638 candelas
2272 4580 2583 4646 conﬁceret,
2609 4598 2812 4654 easque
2833 4583 3024 4638 saltem
3047 4583 3117 4637 ad
3138 4583 3315 4639 locum
3337 4598 3444 4654 quo
3464 4599 3596 4638 san-

1987 4678 2133 4726 ctum
2163 4685 2362 4741 corpus
2394 4670 2447 4723 in
2478 4670 2670 4725 itinere
2696 4672 2763 4725 ad
2791 4672 3069 4726 modicum
3098 4679 3369 4742 pausarat,
3403 4671 3590 4727 defer-

1986 4766 2086 4815 ret.
2121 4758 2381 4813 Audierat
2409 4757 2553 4813 enim
2574 4758 2755 4814 locum
2782 4759 3060 4815 miraculis
3080 4759 3352 4815 celebrem
3388 4776 3400 4813 :
3432 4759 3503 4814 ita
3533 4767 3595 4815 ut

1987 4847 2147 4903 etiam
2204 4846 2457 4901 animalia
2494 4846 2701 4902 ratione
2745 4847 2986 4902 carentia
3044 4847 3196 4901 illum
3251 4845 3591 4919 contigentes

1988 4935 2188 4990 debilia
2219 4936 2589 4990 redderentur.
2626 4934 2781 5003 Quod
2804 4950 2929 4990 cum
2958 4933 3233 5001 fecissent,
3256 4943 3417 5005 atque
3448 4952 3508 4990 se
3527 4935 3593 4989 il-

1988 5023 2059 5079 lic
2086 5024 2261 5079 amba:
2291 5030 2573 5095 gementes
2600 5022 3039 5094 prostravissent,
3092 5021 3210 5077 fusa
3251 5037 3435 5094 prece,
3471 5039 3593 5093 qua:

1989 5112 2125 5167 lucis
2168 5114 2353 5167 nescia
2399 5119 2617 5167 venerat
2675 5111 2868 5165 mulier
2905 5111 3070 5182 coepit
3120 5111 3303 5166 dicere
3342 5126 3402 5165 se
3440 5109 3592 5168 clare

1992 5206 2221 5273 quaque
2251 5201 2477 5256 aderant
2507 5206 2699 5255 cuncta
2728 5199 2942 5255 videre.

2579 5323 2805 5379 CAPUT
2841 5323 2989 5378 XIV.

2060 5413 2122 5467 In
2152 5411 2345 5466 eodem
2391 5410 2634 5466 Albiensi
2664 5425 2806 5482 pago
2851 5409 2949 5463 fuit
2978 5408 3195 5481 quidam
3222 5408 3462 5481 piscator
3486 5425 3591 5467 no-

1989 5501 2135 5559 mine
2174 5498 2510 5573 Ubidandus,
2543 5499 2773 5573 quicum
2806 5497 3012 5557 videret
3042 5497 3221 5557 socios
3249 5513 3380 5555 suos
3404 5498 3588 5573 pisca-
