4112 6192
477 259 616 316 (023

1303 321 1306 324 ,
1403 255 1744 313 AIMOINUS
1783 253 2166 312 MONACHUS
2199 250 2653 310 SANGERMAN.

3638 257 3770 312 ιοει

471 387 584 436 tum
612 387 931 453 purgentes,
983 380 1038 434 in
1083 379 1308 451 praefato
1351 379 1473 436 loco
1522 395 1679 435 causa
1713 379 2074 435 venerationis

2187 395 2487 464 ecclesiam,
2521 402 2682 467 atque
2714 403 2862 450 retro
2891 395 3061 450 altaro
3098 395 3238 451 beati
3267 395 3545 451 Benedicti
3583 396 3774 464 (donec

475 469 698 538 morari,
731 485 827 524 eos
855 469 1170 539 increpabat
1200 467 1388 524 dicens
1421 485 1433 523 :
1467 469 1675 524 Vellem
1717 469 1939 522 arbores
1968 469 2073 521 hu-

471 556 562 625 jus
593 557 743 612 silvae
772 556 1054 612 universas
1087 557 1390 611 adoraretis
1421 572 1433 610 :
1465 555 1557 627 qui
1597 556 1836 610 omnium
1867 555 2078 625 plateas

477 643 688 700 viarum
716 645 1010 700 indiscreta
1059 645 1511 712 consideratione,
1562 645 1776 698 oratorii
1815 643 2079 714 religione

481 733 726 788 sacratis.
760 731 968 800 Quibus
999 733 1176 798 dictis,
1209 733 1353 788 illico
1379 733 1626 803 petulans
1657 749 1718 787 os
1749 733 1866 801 ejus
1895 733 1950 785 in
1978 748 2077 786 au-

480 836 596 876 rem
627 836 845 876 sursum
874 821 1224 886 convertitur,
1261 829 1420 893 atque
1467 821 1608 875 ultra
1638 837 1799 892 quam
1837 820 1943 874 dici
1973 835 2077 889 po-

482 915 584 964 test
631 915 1038 962 monstruosum
1079 907 1321 962 efﬁcitur.
1384 909 1642 980 Tuncque
1695 908 1966 978 paenitens
2011 907 2080 960 ad

480 995 801 1066 praedictum
831 995 1012 1052 locum
1041 996 1279 1051 cucurrit
1311 1003 1532 1068 totoque
1565 1005 1820 1051 extensus
1849 1010 2078 1066 corpore

482 1098 542 1137 se
596 1083 1048 1138 contumeliosum
1107 1093 1158 1138 et
1213 1083 1590 1154 blasphemum
1648 1083 1814 1137 fuisse
1863 1081 2077 1137 fatetur.

483 1170 693 1226 Deinde
723 1171 790 1226 ad
813 1171 1122 1240 ecclesiam,
1155 1171 1209 1225 in
1233 1188 1337 1242 qua
1357 1172 1525 1225 sancti
1556 1171 1735 1226 levitae
1756 1178 1806 1225 et
1829 1171 2081 1242 martyris

483 1272 678 1328 corpus
710 1259 1077 1324 excolebatur,
1111 1259 1368 1314 velociter
1393 1259 1630 1328 perrexit
1661 1277 1673 1312 :
1707 1275 1932 1329 eamque
1965 1259 2080 1312 sin-

483 1345 628 1417 gulis
655 1347 806 1402 horis
835 1347 942 1402 diei
972 1347 1058 1402 vel
1088 1347 1260 1401 noctis
1300 1345 1680 1416 frequentavit,
1711 1347 1887 1402 donec
1917 1361 2080 1401 sana-

484 1441 656 1490 retur.

1092 1521 1315 1576 CAPUT
1351 1523 1472 1576 XV.

557 1645 669 1700 Hac
699 1644 877 1716 itaque
907 1644 1024 1700 luce
1055 1645 1216 1716 longe
1246 1646 1460 1717 lateque
1490 1645 1700 1712 diffusa,
1737 1647 1899 1700 etiam
1928 1661 1956 1699 a
1987 1663 2081 1699 na-

2177 485 2295 552 ejus
2323 483 2584 554 templum
2615 483 3103 552 consummaretur)
3153 492 3469 555 posuerunt.
3503 485 3635 538 Post
3661 485 3774 540 haec

2178 571 2372 627 mulier
2398 573 2468 626 ab
2499 572 2656 626 annis
2685 572 2932 642 plurimis
2979 587 3125 627 caeca
3173 581 3368 627 conata
3399 582 3479 628 est
3509 588 3684 643 usque
3712 571 3777 627 ad

2177 660 2357 715 locum
2407 675 2513 730 quo
2563 667 2778 714 sanctus
2820 660 3037 729 jacebat
3083 659 3298 731 ingredi
3348 678 3361 713 :
3405 659 3504 714 sed
3562 659 3776 730 quidam

2179 748 2425 814 obvians,
2474 748 2614 803 hanc
2653 747 2884 818 repulit,
2954 757 3114 820 atque
3170 755 3466 803 retrorsum
3524 755 3775 802 moestam

2180 835 2329 890 abire
2359 836 2557 907 coegit.
2610 835 2744 904 Quae
2791 836 3086 907 suspirans,
3135 851 3199 891 ac
3247 837 3316 891 ad
3360 837 3560 891 coelum
3592 835 3777 891 oculos

2179 923 2376 978 mentis
2406 924 2646 996 erigens,
2681 924 2856 980 sancti
2896 924 3150 996 martyris
3203 925 3304 978 sibi
3332 923 3624 996 provenire
3655 938 3778 994 snp-

2179 1011 2304 1082 plex
2333 1011 2525 1066 orabat
2555 1012 2826 1066 solatium.
2863 1012 3058 1084 Sicque
3087 1011 3229 1067 inter
3275 1011 3646 1082 lacrymarum
3677 1011 3778 1065 ﬂu-

2183 1100 2326 1154 mina
2357 1101 2654 1156 caecitatem
2685 1100 2906 1170 expulit.

2751 1207 2975 1261 CAPUT
3011 1205 3208 1260 XVIII.

2255 1295 2316 1348 In
2371 1294 2604 1365 quodam
2661 1295 2781 1350 loco
2831 1294 3009 1348 eidem
3049 1292 3299 1350 ccenobio
3357 1291 3644 1362 adjacenti,
3693 1291 3780 1363 qui

2183 1382 2452 1437 Waldarii
2483 1383 2620 1438 cella
2670 1391 3030 1453 nuncupatur,
3083 1384 3186 1438 hoc
3227 1381 3640 1436 memorandum
3671 1379 3782 1434 eni-

2185 1469 2283 1524 tuit
2313 1470 2525 1525 virtutis
2556 1472 2902 1542 praeconium.
2951 1471 3118 1526 Secus
3163 1471 3362 1525 etenim
3395 1470 3572 1540 ipsum
3603 1469 3780 1523 locum

2185 1557 2394 1612 diffusis
2451 1559 2676 1612 militum
2735 1559 2946 1628 COpiis,
3007 1559 3254 1613 Monachi
3309 1557 3782 1630 Hermengaudum

2187 1647 2358 1702 Albia:
2415 1647 2676 1702 comitem
2729 1647 2974 1702 adierunt
3019 1665 3031 1700 :
3084 1656 3303 1702 orantes
3341 1655 3399 1701 ut
3438 1647 3506 1700 ab
3546 1645 3782 1700 hostium

485 1731 690 1788 tivitate
719 1732 934 1787 adducti
963 1733 1090 1787 czeci
1123 1733 1580 1800 illuminabantur,
1608 1735 1787 1788 surdis
1827 1751 1889 1789 ac
1920 1734 2084 1788 mutis
2111 1725 2165 1787 B
2187 1735 2466 1791 invasione
2512 1752 2887 1807 equorumque
2931 1736 3250 1806 depastione
3296 1743 3409 1790 sata
3459 1733 3783 1790 condiminae

489 1835 682 1874 sensus
713 1819 889 1874 officia
919 1821 1300 1886 reddebantur,
1335 1822 1514 1876 claudi
1546 1823 1895 1891 curabantur,
1931 1838 2089 1876 ener-

486 1908 708 1979 gumeni
739 1907 940 1980 fugatis
970 1909 1308 1964 daemonibus
1331 1911 1754 1978 mundabuntur,
1783 1919 1834 1965 et
1865 1911 2089 1964 aliarum

487 1993 854 2050 inﬁrmitatum
887 2013 1209 2068 quacunque
1237 1997 1486 2052 molestia
1531 1998 1812 2069 aggravati
1841 2015 2085 2067 prtesen-

486 2090 567 2141 tes
597 2085 962 2156 absentesque
994 2085 1110 2138 sani
1139 2085 1524 2141 efficiebantur.
1575 2087 1725 2141 Unde
1755 2087 2086 2157 paupercula

484 2173 734 2245 quaedam
763 2189 794 2228 a
822 2173 989 2228 multo
1017 2181 1259 2244 tempore
1289 2175 1582 2228 luminibus
1602 2176 1831 2245 privata,
1867 2191 1988 2230 cum
2019 2176 2086 2230 ad

486 2269 734 2318 sanctum
777 2270 1075 2332 martyrem
1123 2263 1433 2328 duceretur,
1487 2263 1541 2317 in
1599 2263 1780 2317 medio
1818 2263 2008 2317 itinere
2055 2279 2088 2318 a

487 2349 806 2405 ductoribus
845 2350 1003 2404 tmdio
1043 2358 1096 2404 et
1135 2351 1322 2406 labore
1361 2350 1522 2405 fessis
1563 2351 1840 2416 derelicta,
1877 2352 2090 2422 rogavit

487 2437 778 2508 quemdam
811 2438 1124 2508 astantium,
1157 2447 1213 2492 ut
1260 2439 1450 2493 saltem
1480 2439 1738 2493 candelas
1769 2440 1904 2510 (suae
1933 2439 2087 2494 orbi-

486 2526 609 2580 tatis
639 2526 982 2596 munuscula)
999 2535 1120 2580 ante
1142 2527 1310 2582 sancti
1349 2527 1603 2597 martyris
1633 2527 1802 2581 altare
1828 2542 2088 2583 accensas

433 2637 441 2650 -
485 2612 725 2668 oﬂ'erret.
763 2613 867 2681 Qui
897 2615 1024 2668 dum
1070 2631 1233 2668 manu
1277 2623 1501 2670 extensa
1536 2632 1627 2670 eas
1672 2615 1922 2685 accipere
1953 2617 2086 2684 vult,

487 2702 557 2756 ab
589 2701 706 2772 ipsa
736 2703 962 2758 muliere
991 2703 1246 2757 videntur
1271 2722 1283 2758 :
1309 2704 1706 2775 recollectoque
1736 2703 1958 2759 brachio
1974 2705 2088 2772 jam

485 2805 596 2844 non
624 2790 922 2860 ductorem,
957 2807 1058 2846 nec
1089 2807 1270 2845 earum
1301 2793 1529 2848 latorem
1561 2793 1748 2863 quaerit
1783 2809 1794 2846 :
1827 2793 1922 2846 sed
1953 2793 2089 2846 hila-

487 2876 567 2930 ris
596 2878 745 2932 etde
788 2879 877 2932 die
921 2879 975 2931 in
1024 2879 1170 2933 diem
1216 2880 1414 2942 clarius
1461 2881 1668 2949 videns,
1721 2881 1822 2934 iter
1852 2888 2091 2949 coeptum

493 2964 654 3018 etiam
683 2965 978 3036 plerosque
1007 2974 1367 3030 antevertens,
1401 2967 1608 3036 perﬁcit
1643 2984 1655 3021 :
1689 2976 1742 3021 et
1771 2968 1990 3021 tandem
2020 2967 2091 3022 ad

2189 1842 2298 1880 suae
2329 1831 2658 1895 protegeret.
2709 1825 2848 1878 Nam
2895 1825 2949 1877 in
2998 1825 3102 1877 illis
3133 1824 3378 1894 partibus
3407 1837 3654 1893 pepauca
3684 1837 3782 1876 ex-

2188 1921 2330 1966 stant
2359 1921 2532 1983 prata.
2565 1911 2671 1978 Qui
2702 1921 2933 1983 quatuor
2959 1913 3130 1982 pallas
3170 1912 3417 1967 ecclesiae
3447 1911 3618 1965 sancti
3649 1908 3782 1962 Vin-

2188 2000 2350 2055 centii
2381 2018 2410 2053 a
2446 2000 2774 2070 pauperibus
2801 2001 3136 2054 mulierculis
3166 1999 3376 2054 oblatas
3405 1997 3666 2068 praecepit
3693 2013 3782 2051 as-

2188 2089 2348 2154 sumi,
2383 2097 2434 2142 et
2463 2089 2682 2142 totidem
2731 2089 2936 2142 baculis
2982 2087 3200 2157 perticis
3247 2087 3479 2157 alligari,
3531 2093 3692 2156 atque
3733 2085 3786 2138 in

2189 2176 2417 2231 circuitu
2464 2175 2708 2230 ﬂorentis
2746 2177 2862 2247 agri
2902 2175 3068 2248 affigi,
3123 2182 3384 2246 quatenus
3433 2189 3499 2228 eo
3543 2173 3704 2244 signo
3753 2187 3784 2226 a

2186 2264 2382 2318 messis
2442 2264 2747 2334 direptione
2803 2265 2986 2318 hostes
3038 2269 3421 2333 temperarent.
3485 2262 3594 2316 Sed
3647 2275 3783 2316 unus

2189 2367 2378 2408 eorum
2436 2353 2542 2406 tale
2591 2352 2805 2422 signum
2847 2351 3171 2422 despiciens,
3215 2351 3417 2421 pallam
3469 2365 3634 2404 unam
3664 2365 3784 2418 cum

2187 2441 2380 2495 baculo
2445 2441 2499 2493 in
2537 2449 2735 2494 terram
2775 2441 3040 2504 excussit,
3083 2449 3135 2494 et
3173 2441 3239 2493 ab
3293 2455 3434 2509 equo
3488 2443 3678 2509 (quem
3731 2437 3784 2490 in

2187 2528 2306 2598 ipsa
2359 2535 2474 2582 sata
2538 2527 2790 2584 inducere
2857 2528 3146 2592 nitebatur)
3211 2527 3385 2582 versis
3439 2526 3682 2581 calcibus
3731 2525 3786 2578 in

2187 2615 2365 2670 fronte
2393 2631 2704 2686 percussus,
2742 2616 2992 2686 spiritum
3022 2615 3306 2670 exhalavit.
3359 2615 3482 2682 Quo
3521 2613 3708 2668 audito
3737 2620 3786 2666 et

2186 2721 2286 2775 per
2311 2705 2496 2758 hostes
2526 2703 2820 2768 diﬁ‘amato,
2873 2705 3036 2758 timor
3065 2705 3350 2758 universos
3379 2702 3590 2757 invadit
3622 2743 3636 2768 ,
3670 2700 3784 2755 evi-

2188 2793 2432 2862 densque
2475 2793 2574 2846 Dei
2606 2793 2864 2860 judicium
2922 2807 2982 2846 ac
3023 2792 3194 2846 sancti
3233 2791 3487 2861 martyris
3536 2789 3787 2844 meritum

2187 2881 2388 2951 ubique
2419 2881 2607 2935 valens
2637 2881 2961 2950 praedicatur
2987 2896 3018 2934 a
3049 2880 3275 2934 cunctis.

2783 2985 3006 3040 CAPUT
3043 2986 3195 3040 XIX.

486 3051 795 3145 ﬁePuIFl‘um
824 3053 966 3107 beati
997 3054 1264 3145 Vinfemii
1292 3055 1556 3145 Pefvenii-
1591 3055 1968 3145 Ubicﬁndeiis
1997 3071 2086 3108 δι’·
2119 3073 2167 3137 C
2261 3073 2394 3128 Huic
2423 3072 2565 3129 facto
2595 3075 2986 3144 propemodum
3028 3073 3203 3128 simile
3232 3081 3316 3128 est
3347 3072 3492 3145 quod
3523 3072 3783 3143 sequitur.

485 3138 759 3204 dentibus,
793 3156 900 3195 non
929 3157 1029 3211 per
1057 3141 1238 3210 alium,
1274 3143 1371 3196 sed
1410 3159 1509 3214 per
1535 3159 1594 3198 se
1625 3142 1840 3206 oblatis,
1872 3143 2086 3213 plenam

487 3227 772 3284 oculorum
799 3229 971 3285 aciem
1003 3229 1225 3300 recepit.

1071 3363 1296 3420 CAPUT
1333 3363 1479 3418 XVI.

557 3467 694 3524 Huic
723 3467 898 3522 simile
929 3476 1012 3522 est
1041 3469 1360 3523 miraculum
1391 3469 1444 3522 in
1475 3469 1768 3524 Rotenensi
1797 3484 1957 3540 pago,
1984 3467 2076 3538 qui

483 3554 649 3629 Vulgo
679 3557 980 3626 Rodinigus
1009 3557 1330 3628 appellatur,
1363 3565 1647 3627 patratum.
1677 3556 1904 3625 Quidam
1937 3571 2072 3612 con-

486 3652 687 3700 tractus
715 3645 948 3718 genibus
970 3661 1090 3701 cum
1112 3647 1181 3700 ad
1209 3655 1454 3702 sanctum
1477 3645 1820 3701 Vincentium
1849 3645 2088 3700 adduce-

489 3741 650 3803 retur,
683 3749 716 3788 a
745 3734 856 3788 suis
881 3734 1200 3790 ductoribus
1230 3734 1462 3805 ignavis,
1497 3735 1670 3806 pigris
1701 3743 1752 3788 et
1784 3733 2091 3788 inhumanis

491 3821 548 3877 in
577 3821 759 3878 medio
789 3823 980 3878 itinere
1011 3823 1160 3877 solus
1192 3831 1243 3877 et
1287 3824 1504 3892 plorans
1533 3823 1827 3878 derelictus
1858 3830 1956 3876 est.
1983 3823 2092 3877 Sed

496 3910 622 3981 quia
651 3909 912 3965 Dominus
959 3911 1027 3965 de
1071 3925 1414 3981 quacumque
1455 3911 1794 3965 necessitatis
1841 3910 2092 3983 angustia

485 3999 555 4052 ad
586 4014 646 4052 se
676 3997 1022 4053 clamantium
1047 4014 1240 4067 preces
1261 3999 1685 4055 misericorditer
1705 3999 1960 4053 exaudire
1982 4015 2090 4053 non

487 4091 683 4150 cessat,
722 4085 992 4154 extemplo
1021 4085 1316 4139 miseratur
1349 4086 1628 4152 miserum,
1653 4102 1712 4141 ac
1733 4086 1938 4141 caelesti
1969 4103 2091 4156 per-

490 4172 668 4228 fusum
697 4173 1074 4238 medicamine,
1095 4173 1368 4241 jacentem
1392 4174 1622 4230 debilem
1657 4173 1780 4229 facit
1813 4182 2048 4230 erectum
2075 4193 2086 4229 :

489 4263 628 4316 adeo
658 4270 716 4316 ut
743 4262 962 4334 magnis
1001 4263 1256 4332 passibus
1301 4263 1575 4334 gradiens,
1627 4279 1752 4318 suos
1784 4263 2091 4318 desertores

491 4366 617 4407 mo:
645 4358 1044 4422 assequeretur.
1075 4351 1154 4405 Illi
1187 4359 1365 4406 autem
1393 4359 1542 4406 tanto
1573 4351 1834 4407 miraculo
1856 4352 2085 4418 attoniti,

2192 3163 2334 3216 Nam
2361 3162 2560 3216 domno
2592 3162 2841 3218 Alberico
2879 3164 3144 3218 monacho
3187 3179 3309 3217 eum
3357 3161 3522 3216 fratre
3551 3161 3706 3214 Helia
3737 3160 3790 3214 in

2191 3267 2394 3322 pagum
2441 3251 2829 3322 Impuriensem
2887 3251 3164 3322 profecto,
3206 3259 3364 3322 atque
3405 3251 3459 3306 in
3517 3251 3642 3305 villa
3680 3265 3790 3304 sua

2193 3339 2546 3408 obedientiaa,
2591 3355 2711 3410 quae
2750 3339 3058 3394 Garriculas
3123 3347 3498 3410 nuncupatur,
3542 3353 3788 3394 commo—

2191 3435 2366 3496 rante,
2409 3435 2831 3496 supervenerunt
2859 3429 3063 3498 hostes,
3113 3427 3202 3498 qui
3231 3443 3436 3500 pagum
3480 3427 3788 3498 villamque,

2193 3515 2394 3570 nemini
2425 3523 2732 3585 parcentes,
2767 3516 3074 3586 depopulati
3106 3523 3244 3570 sunt.
3283 3515 3589 3584 Quinetiam
3621 3529 3786 3585 equos

2191 3603 2360 3675 ipsius
2400 3604 2639 3659 Alberici
2677 3605 3040 3670 abduxerunt,
3075 3620 3176 3659 nec
3211 3604 3502 3674 impetrare
3533 3602 3706 3673 potuit
3735 3609 3790 3656 ut

2193 3689 2383 3743 saltem
2413 3705 2550 3743 unus
2595 3689 2778 3759 (quem
2801 3689 3155 3746 robustiorem
3186 3689 3432 3760 noverat)
3453 3689 3785 3742 redderetur.

2193 3778 2300 3832 Sed
2351 3777 2576 3848 ipsemet
2626 3793 2796 3848 equus
2844 3778 2936 3849 qui
2977 3778 3366 3848 postulabatur,
3402 3777 3554 3848 quasi
3595 3775 3786 3830 vindex

2191 3865 2423 3936 duplicis
2451 3866 2662 3934 injuriae
2693 3867 2900 3936 (raptus
2939 3866 3178 3937 inquam,
3224 3875 3273 3920 et
3315 3867 3474 3933 justze
3505 3863 3784 3934 repetitio-

2190 3953 2317 4022 nis),
2353 3961 2628 4023 raptorem
2659 3953 2899 4010 calcibus
2947 3954 3002 4009 in
3039 3955 3182 4008 nudo
3229 3954 3404 4024 capite
3431 3967 3784 4022 percussum,

2189 4041 2349 4096 morti
2379 4042 2614 4096 tradidit.
2648 4041 2768 4112 Quo
2809 4042 2947 4097 facto
2977 4042 3270 4113 iniquitatis
3315 4041 3448 4096 socii
3477 4039 3783 4111 perterriti,

2189 4147 2298 4185 non
2329 4130 2504 4185 solum
2535 4146 2726 4202 equos,
2776 4147 2964 4186 verum
3013 4131 3171 4185 etiam
3221 4129 3477 4202 quicquid
3516 4129 3572 4184 in
3602 4127 3786 4184 eadem

2189 4219 2315 4275 villa
2345 4227 2652 4290 rapuerant,
2688 4219 3057 4290 relinquentes
3086 4218 3432 4291 aufugerunt.

2790 4343 3013 4398 CAPUT
3061 4343 3187 4396 XX.

489 4439 699 4510 seipsos
727 4455 986 4494 accusare
1027 4441 1486 4510 vehementerque
1534 4441 1867 4512 redarguere
1897 4456 2084 4510 coepe-
2114 4427 2166 4487 D
2263 4439 2510 4511 Sequens
2542 4439 2848 4508 exemplum
2870 4439 2938 4493 de
2967 4447 3116 4495 muto
3145 4447 3198 4494 et
3218 4438 3384 4493 surdo
3413 4445 3604 4492 curato
3633 4435 3790 4492 ﬁnem

489 4535 631 4592 runt,
683 4527 826 4598 quod
870 4527 1108 4582 caelestis
1155 4528 1378 4581 remedii
1429 4527 1691 4583 beneficio
1737 4527 1980 4600 dignum,
2017 4528 2088 4582 ita

487 4615 632 4688 pigri
660 4614 1122 4686 inclementesque
1153 4615 1543 4670 deseruissent.

1075 4755 1299 4811 CAPUT
1337 4756 1506 4810 XVII.

559 4869 904 4925 Consuetudo
927 4869 1004 4940 (ut
1028 4869 1395 4941 meminimus)
1419 4867 1654 4939 praefata:
1699 4869 2087 4940 congregatio-

489 4958 575 5013 nis
615 4957 733 5024 fuit,
783 4966 840 5012 ut
879 4957 1092 5013 feminae
1138 4973 1328 5013 omnes
1377 4958 1442 5012 ab
1490 4959 1738 5030 ingressu
1777 4957 2090 5012 monasterii

491 5054 822 5104 arcerentur.
859 5047 1064 5103 Idcirco
1094 5046 1338 5115 ejusdem
1369 5046 1602 5100 coenobii
1629 5045 1821 5100 fratres
1853 5047 2088 5115 pruden-

487 5144 570 5192 ter
606 5135 974 5207 providerant,
1007 5143 1065 5189 ut
1095 5150 1296 5205 corpus
1323 5135 1467 5188 beati
1517 5133 1776 5188 Vineentii
1823 5133 1999 5188 levitas
2039 5143 2090 5188 et

491 5225 746 5295 martyris
773 5225 828 5278 in
855 5223 1078 5278 basilica
1105 5223 1206 5278 Dei
1233 5223 1507 5295 genitricis
1551 5221 1729 5276 Maria:
1761 5230 2084 5292 poneretur,

493 5311 562 5364 ad
610 5329 771 5382 quam
827 5313 966 5367 liber
1011 5319 1126 5367 erat
1171 5312 1457 5365 mulierum
1497 5327 1776 5366 accessus.
1835 5313 1903 5364 At
1958 5327 2089 5366 vero

494 5413 754 5454 successu
799 5401 1060 5472 temporis
1085 5443 1098 5467 ,
1159 5408 1426 5456 conventu
1479 5399 1786 5468 hujusmodi
1825 5416 1922 5470 per
1971 5399 2090 5456 dies

491 5503 744 5556 cessante
769 5539 782 5564 ,
829 5497 1120 5554 intulerunt
1165 5498 1293 5554 illuc
1343 5499 1398 5554 in
1456 5498 1724 5554 seniorem
1771 5496 2086 5554 monasterii

2189 4526 2450 4598 imponet.
2477 4527 2752 4599 Georgius
2773 4527 2994 4598 quidam
3015 4528 3098 4583 vir
3117 4527 3322 4582 illuster
3343 4541 3566 4581 servum
3589 4533 3790 4579 mutum

2188 4625 2242 4672 et
2298 4618 2522 4672 surdum
2559 4616 2743 4670 habuit
2793 4634 2806 4669 :
2857 4616 2948 4687 qui
2986 4631 3110 4671 cum
3149 4615 3218 4670 ad
3259 4614 3572 4686 sepulcrum
3625 4611 3792 4667 sancti

2189 4706 2458 4762 Vincentii
2487 4705 2664 4760 levita:
2694 4713 2748 4758 et
2785 4705 3042 4775 martyris
3075 4705 3379 4770 duceretur,
3426 4717 3531 4757 nec
3561 4701 3794 4770 amplius

2189 4809 2221 4847 a
2251 4793 2577 4848 monasterio
2617 4807 2780 4863 quam
2821 4793 3110 4848 duodecim
3155 4791 3328 4846 ferme
3356 4789 3599 4843 millibus
3623 4789 3790 4843 dista-

2189 4891 2288 4948 ret,
2321 4883 2485 4951 etrapit
2514 4881 2680 4952 loqui,
2719 4881 3114 4951 loquentesque
3163 4880 3368 4950 absque
3401 4877 3792 4948 impedimento

2189 4971 2394 5026 audire.
2429 4970 2576 5024 Tunc
2603 4969 2832 5024 comites
2861 4968 3088 5041 rogavit,
3123 4975 3180 5022 ut
3203 4983 3326 5023 eum
3358 4967 3463 5023 cito
3485 4966 3558 5020 ad
3586 4965 3785 5028 locum,

2191 5060 2260 5114 ob
2309 5057 2626 5113 referendas
2667 5065 2856 5112 sancto
2903 5057 3122 5128 martyri
3165 5065 3352 5128 grates
3401 5054 3786 5125 perducerent.

2189 5147 2346 5216 Quod
2375 5155 2426 5202 et
2458 5145 2702 5202 fecerunt
2721 5147 2788 5200 ad
2808 5145 3038 5218 gloriam
3067 5151 3118 5200 et
3137 5143 3352 5199 laudem
3375 5143 3473 5198 Dei
3497 5150 3546 5196 et
3571 5140 3786 5196 Domini

2187 5237 2360 5291 nostri
2388 5237 2516 5291 Jesu
2547 5234 2764 5300 Christi,
2798 5233 2890 5304 qui
2921 5241 3135 5289 sanctos
3163 5247 3293 5287 suos
3327 5229 3566 5284 mirabili
3595 5236 3790 5298 poten-

2187 5325 2261 5379 tia
2290 5325 2491 5396 ubique
2529 5323 2854 5394 triumphare
2894 5322 3023 5377 facit
3061 5339 3074 5375 :
3106 5322 3259 5390 cujus
3305 5321 3480 5374 honor
3524 5325 3578 5371 et
3619 5317 3792 5386 impe-

2187 5413 2326 5470 rium
2397 5413 2512 5468 sine
2577 5411 2682 5468 ﬁne
2745 5419 3029 5482 permanet
3087 5411 3142 5464 in
3203 5407 3398 5464 saecula
3447 5403 3791 5464 saeculorum.

2189 5503 2380 5558 Amen.
