4060 6184
299 264 444 318 1028

971 260 1067 317 DE
1121 258 1659 319 TRANSLATIONE
1701 261 1757 316 S.
1790 259 2151 317 VINCENTII
2199 260 2411 317 MART.
2442 291 2511 302 â€”
2539 261 2668 318 LIB.
2700 262 2768 318 II.

3448 271 3587 327 1026

1318 549 1719 610 EPISTOLA
1787 548 2160 609 EJUSDEM
2230 551 2574 613 AIMOINI

1516 700 1600 741 AD
1628 699 1900 742 DOMNUM
1927 699 2367 760 THEOTGERUM,

1274 814 1592 889 Ejusdem
1633 818 2156 891 congregationis
2199 817 2610 880 monachum.

371 1049 681 1107 Levitarum
718 1048 996 1120 praecipuo
1062 1049 1262 1105 domno
1341 1051 1699 1117 Tnuorcnno,
1743 1052 1896 1121 juxta
1924 1055 1979 1114 A
1999 1054 2320 1119 mirandam,
2351 1055 2603 1125 prosaico
2630 1071 2793 1127 opere
2824 1058 3058 1129 expleto,
3090 1076 3178 1116 me
3226 1068 3407 1117 vestra
3452 1060 3591 1119 dile-

289 1154 590 1195 consonam
622 1137 705 1192 sui
733 1137 969 1193 nominis
1000 1138 1389 1211 etymologiam
1439 1139 1614 1194 Deum
1658 1141 1892 1212 gerenti,

292 1228 597 1284 Aimoinus
620 1225 991 1281 comminister
1022 1226 1248 1281 salutem
1279 1227 1425 1282 dicit.

363 1315 651 1371 Laudabili
678 1315 933 1370 charitati
960 1323 1172 1381 vestrae,
1214 1315 1288 1368 mi
1330 1314 1643 1371 dulcissime
1688 1315 1892 1371 Theot-

289 1420 443 1477 gere,
496 1403 763 1475 frequenti
812 1402 988 1458 studio
1030 1403 1172 1458 circa
1219 1404 1324 1458 mei
1367 1420 1553 1459 curam
1600 1405 1888 1475 satagenti,

286 1493 347 1549 in
404 1492 658 1547 omnibus
701 1508 897 1561 parere
946 1491 1173 1546 devotus
1221 1491 1478 1560 existens,
1528 1492 1730 1547 inclino
1801 1509 1890 1548 me

290 1587 418 1635 tuus
448 1580 691 1636 camelus
720 1587 931 1649 sponte,
961 1579 1031 1633 ad
1058 1579 1356 1648 injunctum
1386 1580 1517 1633 mihi
1547 1581 1645 1634 abs
1673 1588 1724 1635 te
1754 1596 1892 1635 onus

286 1668 598 1725 ferendum.
632 1668 767 1723 Rem
797 1666 1064 1738 siquidem
1093 1683 1287 1724 novam
1314 1676 1365 1723 et
1390 1683 1489 1740 pro
1518 1668 1599 1722 sui
1631 1669 1893 1723 brevitate

1996 1142 2105 1198 ctio
2143 1142 2211 1197 de
2248 1143 2482 1197 adventu
2540 1144 2677 1198 beati
2735 1144 2913 1201 levitas
2967 1155 3019 1201 et
3073 1149 3325 1219 martyris
3394 1150 3594 1205 Christi

1994 1230 2263 1285 Vincentii
2294 1230 2472 1286 facere
2500 1232 2647 1303 cogit
2674 1234 2923 1303 geminos
2953 1251 3139 1291 rursus
3170 1235 3417 1293 libellos:
3455 1254 3595 1311 quos

1993 1318 2243 1391 singulos
2274 1319 2496 1374 tricenis
2523 1320 2688 1375 modo
2719 1322 2966 1376 versibus
2994 1324 3262 1390 claudam,
3294 1341 3393 1397 per
3418 1326 3593 1383 denos

1992 1407 2150 1460 etiam
2179 1407 2370 1477 positis
2400 1408 2454 1461 in
2482 1424 2809 1480 unoquoque
2839 1411 3106 1481 capitulis.
3153 1413 3307 1469 Unde
3365 1415 3590 1471 consul-

1992 1495 2095 1548 tius
2124 1495 2269 1567 eligo
2299 1496 2464 1550 veluti
2493 1513 2685 1552 recens
2739 1499 2975 1569 scriptor
3027 1500 3221 1567 videri,
3282 1518 3445 1573 quam
3502 1520 3591 1561 me

1994 1590 2176 1637 vestro
2206 1584 2400 1651 amori,
2433 1584 2565 1637 mihi
2595 1585 2757 1640 melle
2790 1586 3040 1654 dulciori,
3074 1589 3263 1662 quavis
3307 1592 3594 1648 occasione

1994 1670 2105 1725 ullo
2133 1670 2296 1725 modo
2350 1672 2635 1727 absentari.

1622 1820 1877 1892 Explicit
1934 1821 2205 1891 Epistola.

1431 2045 1747 2106 INCIPIT
1802 2047 2054 2108 LIBER
2107 2048 2452 2125 PRIMUS,

1578 2180 1825 2239 Habens
1892 2198 2111 2241 versus

287 2310 423 2366 CAP.
460 2310 501 2364 I.
536 2308 688 2378 Quod
702 2308 990 2381 Audaldus
1018 2308 1348 2380 Hispaniam
1394 2309 1738 2381 aggrediens,
1781 2312 1879 2368 Va-

682 2380 918 2435 lentiam
946 2395 1119 2451 usque
1159 2380 1498 2451 pervenerit.

287 2484 382 2541 Bis
410 2483 843 2557 quadringentis,
869 2484 1054 2540 decies
1084 2484 1371 2557 quinisque
1416 2485 1630 2556 volutis,

290 2572 558 2642 Quattuor
584 2572 748 2643 inque
777 2589 940 2644 super
968 2572 1121 2628 ciclis
1150 2588 1183 2627 a
1211 2573 1448 2643 praesule
1496 2574 1713 2630 Christo

287 2662 554 2733 Virginea
586 2677 910 2732 semperque
940 2677 1098 2716 sacro
1128 2661 1198 2716 de
1242 2662 1491 2733 germine
1536 2670 1682 2732 nato,

288 2749 572 2805 Audaldus
600 2748 776 2804 fuerat
806 2749 896 2804 tali
924 2750 993 2804 de
1022 2750 1241 2806 nomine
1277 2758 1435 2805 notus

287 2838 353 2893 In
382 2838 578 2893 Castro
607 2839 909 2894 monachus
937 2839 1210 2894 communi
1238 2839 1362 2912 lege
1392 2838 1654 2909 probatus
1684 2856 1698 2892 :

285 2928 468 2999 Atque
496 2942 651 2982 sacer
679 2927 851 2981 sancti
881 2934 1102 2999 gestans
1132 2926 1363 2981 Aaronis
1392 2927 1676 2982 honorem.

285 3015 389 3071 Hic
422 3029 531 3071 uno
558 3015 752 3071 comite
783 3024 1063 3087 assumpto
1091 3031 1386 3087 perpessus
1417 3031 1603 3071 amara

283 3103 481 3169 Plura;
515 3103 613 3158 sed
643 3103 698 3157 in
726 3102 913 3159 dulces
944 3112 1265 3160 convertens
1312 3112 1506 3160 cuncta
1564 3119 1813 3176 sapores,

285 3191 489 3248 Institit
516 3191 776 3247 audacter
803 3192 1126 3263 quandoque
1159 3191 1409 3248 Valentia
1430 3192 1606 3249 civem

286 3278 412 3349 Quo
442 3296 503 3336 se
532 3280 832 3351 susciperet
858 3280 1149 3351 peregrino
1179 3279 1395 3337 functus
1441 3295 1639 3353 agone.

286 3404 425 3460 CAP.
457 3404 526 3457 Il.
563 3403 712 3471 Quod
732 3403 1019 3459 Zacharia:
1048 3404 1238 3460 Mauro
1267 3421 1436 3460 suum
1457 3404 1682 3460 detexit
1714 3419 1892 3461 secre-

439 3478 603 3541 tum;
628 3479 685 3530 et
712 3475 977 3546 quomodo
1004 3475 1202 3531 Sancti
1229 3477 1439 3546 reperit
1468 3476 1815 3546 sepulcrum.

289 3579 455 3648 Quod
480 3578 685 3635 faceret
712 3581 884 3636 Mauri
912 3580 1187 3636 Zacharim
1214 3580 1468 3637 culminis
1497 3582 1720 3652 hospes,

286 3667 544 3724 Denudat
574 3676 784 3723 secreta
811 3668 896 3723 sui
918 3668 1032 3737 jam
1059 3669 1294 3739 pectoris
1323 3669 1418 3725 olli
1458 3687 1473 3725 :

285 3756 456 3812 Esset
483 3756 735 3829 quodque
762 3757 864 3812 Dei
893 3756 1072 3813 levitas
1099 3758 1356 3829 martyris
1404 3766 1568 3830 atque

281 3844 556 3901 Vincentii
583 3846 873 3917 Hispanias
902 3845 1021 3901 solo
1048 3846 1309 3917 delapsus
1344 3862 1534 3904 amore
1568 3865 1581 3901 :

1920 2563 1976 2622 B

2178 2197 2330 2242 XXX.

1983 2312 2121 2367 Hinc
2166 2312 2423 2382 precibus
2472 2311 2686 2367 blandis
2715 2312 2954 2370 animum
3004 2323 3351 2388 mentemque
3385 2316 3589 2375 relum-

1985 2402 2253 2455 Mercator
2283 2402 2525 2455 Maurum
2558 2401 2741 2472 cupidi
2770 2403 3006 2458 nummis
3034 2404 3267 2475 argenti.
3302 2404 3481 2478 [bens,

1984 2488 2234 2560 Denique
2265 2497 2555 2561 surgentes
2584 2491 2919 2547 monumenti
2948 2501 3099 2563 septa
3137 2493 3441 2565 requirunt,

1997 2575 2132 2645 Quae
2160 2576 2442 2631 manifesta
2472 2578 2640 2632 nitent
2671 2578 2821 2633 titulo
2851 2580 2956 2636 hoc
2984 2598 2998 2633 :
3032 2580 3349 2638 Vincentius
3376 2582 3499 2640 istic

1989 2665 2235 2736 Martyrii
2265 2665 2425 2720 levita
2445 2666 2587 2734 jacet
2616 2666 2871 2723 fundatus
2901 2669 3129 2726 honore.

1989 2753 2226 2809 Nomina
2251 2770 2484 2826 namque
2515 2771 2691 2828 genus
2721 2756 3013 2829 signabant
3042 2759 3244 2831 scripta
3284 2768 3592 2833 parentum.

1991 2871 2126 2927 CAP.
2159 2872 2253 2952 III.
2288 2872 2563 2952 Quomodo
2583 2875 2684 2930 sub
2702 2877 2969 2952 nocteud
2987 2882 3425 2952 manu-mentum
3445 2882 3599 2952 pari-

2174 2946 2259 2998 ter
2288 2946 2546 3015 regressi,
2568 2950 2837 3001 sanctum
2869 2946 3179 3005 levaverint
3196 2965 3416 3022 corpus.

1992 3048 2089 3103 His
2121 3047 2289 3121 igitur
2317 3050 2496 3105 causis
2526 3050 2811 3124 signorum
2841 3062 3001 3110 nocte
3023 3054 3238 3125 revisis,

1993 3137 2212 3193 Viribus
2242 3139 2498 3194 admissis
2528 3139 2759 3210 fodiunt,
2792 3144 3145 3215 tumbamque
3174 3145 3483 3203 recludunt.

1990 3226 2351 3298 Educuntque
2380 3243 2594 3282 sacrum
2625 3244 2826 3300 corpus
2854 3230 3147 3287 famulante
3174 3233 3420 3300 lucerna,

1992 3313 2177 3369 Indice
2207 3314 2417 3369 caelesti
2446 3314 2576 3371 facti
2603 3316 2889 3373 dulcedine
2937 3319 3068 3375 veri.

1991 3400 2125 3470 Quae
2156 3418 2323 3473 super
2351 3418 2675 3459 excrescens
2705 3414 2949 3460 aromata
2978 3415 3170 3463 cuncta
3198 3408 3435 3463 subibat.

1993 3490 2236 3561 Cumque
2264 3491 2515 3561 ligaturis
2544 3493 2771 3563 expletis
2802 3494 2886 3548 his
2915 3510 3054 3565 opus
3080 3504 3242 3565 esset,

1990 3579 2167 3635 Utitur
2192 3579 2474 3634 Audaldus
2506 3588 2626 3636 suta
2654 3582 2884 3638 sindone
2912 3583 3138 3639 cuculla.

1990 3667 2120 3722 Inde
2149 3667 2371 3723 domum
2398 3668 2507 3725 laeti
2537 3670 2769 3725 redeunt
2799 3670 3104 3727 lucentibus
3141 3672 3329 3740 astris,

1988 3755 2238 3811 Audaldo
2268 3765 2613 3827 exspectante
2642 3759 2785 3814 diem
2816 3760 3047 3830 patriam
3080 3760 3381 3833 repetendi,

1993 3842 2154 3912 Quod
2182 3843 2374 3900 hilaris
2404 3845 2533 3903 fecit
2562 3854 2753 3903 nactus
2782 3856 2905 3919 post
2934 3856 3149 3921 tempus
3191 3848 3445 3906 amicum.

1578 3995 1832 4068 Explicit
1888 3994 2027 4052 liber
2092 3996 2335 4068 pri-mus.

1396 4200 1710 4264 INCIPIT
1738 4201 1992 4264 LIBER
2047 4203 2500 4281 SECUNDUS,

1496 4335 1773 4397 Totidem
1798 4336 2108 4397 continens
2136 4351 2374 4399 versus.

288 4497 427 4554 CAP.
458 4497 502 4552 Î™.
538 4496 692 4570 Quod
711 4500 978 4570 sanctum
1024 4511 1227 4570 corpus
1258 4495 1329 4552 ad
1406 4495 1668 4553 Castrum
1692 4513 1823 4570 per-

562 4569 814 4629 veniens,
855 4567 1158 4636 honoriï¬ce
1178 4568 1257 4622 sit
1292 4572 1637 4639 susceptum.

288 4674 479 4730 Cesar
506 4673 564 4727 in
591 4675 837 4747 Augusta
867 4673 1109 4729 Senioris
1136 4672 1323 4729 fraude
1369 4673 1577 4741 relicta,

288 4761 530 4818 Omissis
561 4778 775 4817 necnon
804 4761 942 4828 aliis,
975 4762 1046 4817 ob
1077 4761 1259 4817 dicere
1289 4763 1533 4834 longum,

285 4850 377 4905 Ad
406 4849 677 4915 Castrum,
711 4849 909 4904 bellam
939 4850 1112 4920 patris
1142 4849 1339 4905 cellam
1379 4849 1677 4917 Benedicti,

288 4936 579 4992 Perveniat
608 4937 806 4992 Christi
836 4946 1041 5008 martyr
1068 4938 1337 5010 levitaque
1368 4947 1606 4995 sanctus.

292 5025 465 5093 Cujus
494 5025 548 5079 in
579 5025 817 5080 adventu
846 5024 1042 5080 fuerint
1072 5043 1195 5098 qua;
1222 5026 1442 5099 gaudia,
1474 5026 1655 5082 nullus

287 5111 404 5169 Ora
431 5129 634 5184 gerens
663 5122 881 5169 centum
906 5115 1101 5185 poterit
1130 5116 1455 5185 depromere
1508 5114 1713 5171 verbis.

286 5205 339 5257 Î‘
370 5200 651 5257 monachis
679 5201 911 5272 pulchra
942 5202 1084 5257 serie
1116 5203 1392 5273 susceptio
1417 5203 1590 5276 qualis

284 5288 594 5356 Exstiterit,
627 5288 777 5344 solus
809 5290 901 5360 qui
931 5291 1081 5345 testis
1110 5291 1260 5346 novit
1290 5292 1439 5346 Iesus
1471 5309 1487 5347 :

286 5377 448 5447 Aptis
476 5377 720 5432 auriï¬‚uis
749 5378 1027 5433 ornatibus
1057 5380 1296 5451 undique
1344 5379 1501 5447 fusis,

288 5464 675 5527 Gemmivomo
702 5466 774 5521 ad
802 5467 973 5524 caelos
1002 5484 1176 5540 usque
1214 5467 1503 5525 irradiante
1550 5468 1749 5525 virore.

1921 4507 1971 4572 Î±
1993 4495 2124 4572 CAP.
2156 4495 2220 4572 II.
2415 4493 2736 4572 _mulierâ€˜de
2790 4509 2852 4549 eo
2873 4494 3128 4572 primum
3169 4494 3435 4572 dubitans
3464 4512 3596 4572 conâ€”

2030 4569 2219 4621 tracta
2246 4565 2446 4636 fuerit,
2480 4579 2544 4619 ac
2566 4564 2766 4619 deinde
2786 4564 3022 4620 credens
3038 4567 3237 4622 sanari
3261 4569 3554 4623 meruerit.

1993 4673 2144 4728 Tunc
2172 4669 2361 4726 risisse
2394 4669 2492 4725 fuit
2518 4670 2732 4737 mulier,
2766 4670 2852 4727 cui
2884 4670 3009 4739 talia
3041 4670 3233 4739 fastus,

1994 4762 2064 4816 Et
2092 4761 2294 4816 sanctis
2325 4776 2526 4830 corpus
2556 4759 2730 4814 levitas
2764 4759 2989 4815 credere
3018 4760 3215 4815 nolens
3250 4777 3263 4813 :

1995 4850 2135 4903 Esse
2164 4848 2339 4920 magis
2372 4849 2617 4903 Maurum
2647 4847 2979 4901 contendens
3009 4845 3142 4902 forte
3190 4854 3485 4918 putantem.

1998 4938 2250 4992 Protinus
2280 4937 2335 4990 in
2365 4945 2565 4991 terram
2596 4935 2856 4989 membris
2884 4944 3154 5006 prostrata
3198 4936 3421 4992 caducis

1999 5026 2361 5094 Contrahitur,
2396 5025 2520 5080 vitae
2548 5023 2758 5078 sublata
2789 5040 2884 5095 spe
2923 5023 3204 5097 fugientis.

1998 5113 2104 5168 Sed
2136 5121 2323 5168 sancto
2351 5113 2605 5177 deducta,
2638 5110 2743 5165 ï¬de
2773 5120 3047 5181 nascente,
3080 5112 3329 5166 medetur
3362 5129 3376 5166 :

1994 5202 2063 5256 Et
2089 5200 2338 5271 pedibus,
2371 5199 2616 5271 plaustro
2648 5198 2893 5268 veniens,
2926 5208 3111 5254 curata
3138 5198 3380 5255 recessit.

1997 5288 2252 5343 Primitus
2284 5289 2387 5344 hoc
2417 5288 2576 5361 signo
2605 5295 2750 5342 tanta
2778 5288 2970 5342 virtute
3008 5296 3241 5359 patrato,

1997 5378 2125 5431 Post
2153 5392 2371 5448 quoque
2400 5393 2520 5447 quae
2549 5392 2808 5431 numerus
2839 5375 3027 5445 nescit,
3062 5384 3187 5432 sunt
3216 5375 3373 5448 plura
3385 5382 3596 5449 secuta,

1998 5464 2252 5522 Prosaico
2280 5479 2494 5522 necnon
2521 5464 2721 5536 partim
2751 5479 3004 5520 sermone
3031 5472 3237 5522 notata.
