4112 6192
497 216 522 268 1
533 215 636 270 027

1527 208 1868 265 AIMOINUS
1909 206 2292 264 MONACHUS
2343 205 2798 262 SANGERMAN.

3657 208 3794 262 1028

491 357 624 412 CAP.
669 355 759 410 III.
817 355 910 412 Ubi
946 357 1212 409 sanet-um
1255 369 1454 425 corpus
1491 355 1794 421 exceptum
1841 353 2092 425 positum

2205 329 2468 386 Masculus
2497 337 2660 402 atque
2689 329 2849 384 simul
2877 329 3103 386 veniens
3145 329 3290 400 quod
3337 329 3540 384 femina
3591 329 3783 400 adiret,

564 428 743 497 fuerit
767 445 784 480 :
811 429 868 478 et
882 426 1129 497 qualiter
1150 423 1522 480 deinde‘retro
1544 425 1728 478 altare
1772 423 1954 476 sancti
1997 423 2096 476 Be—

567 496 782 551 nedicti
805 497 1053 550 locat-um
1074 496 1168 549 sit.

489 603 738 672 Namque
770 600 1082 654 monasterii
1111 609 1234 655 ante
1265 599 1411 656 fores
1441 598 1722 672 genitricis
1779 597 1834 651 in
1877 595 2017 663 aula,

497 691 606 743 Ista
636 689 733 742 sub
763 688 1028 742 immenso
1060 689 1392 758 gerebantur
1419 703 1647 742 munere
1703 685 1902 740 Christi
1935 703 1948 738 :

499 778 640 832 Dum
667 775 819 831 fieret
845 784 1094 831 sanctum
1130 777 1390 846 templum
1435 776 1660 847 proprio
1699 775 1798 829 sub
1840 775 2088 840 honore;

499 865 621 933 Quo
649 865 894 935 placidus
923 865 1142 920 demum
1170 865 1432 937 migraret
1455 869 1580 932 jure
1628 864 1916 934 sepultum,

2197 421 2408 472 Interea
2435 417 2634 487 placuit
2665 419 2880 472 detluxa
2911 417 3166 488 temporis
3199 433 3334 471 urna

2195 507 2326 560 Inde
2357 506 2540 560 levare
2571 521 2786 562 sacrum
2819 522 3034 576 corpus,
3077 505 3350 578 digneque
3407 505 3580 560 locari

2197 595 2321 649 Post
2351 593 2524 648 altare
2553 594 2629 664 pii
2663 595 2828 648 Patris
2860 594 3030 649 sancti
3059 594 3333 649 Benedicti
3369 611 3382 647 :

2197 682 2318 750 Quo
2347 681 2522 736 meriti
2553 683 2714 752 pleno
2745 683 2888 738 cultu
2917 691 3206 738 veneratur
3235 681 3479 749 honoris,

2195 771 2446 826 Assiduis
2477 770 2648 844 signis
2679 771 2938 826 virtutum
2967 771 3068 826 rite
3105 785 3428 827 coruscans.

567 987 860 1041 Prazstante
888 987 1040 1058 Rege
1075 989 1286 1058 regum,
1328 997 1379 1041 et
1419 987 1648 1058 Domino
1699 981 2089 1058 dominantium
2117 981 2246 1036 Jesu
2277 982 2514 1058 Christo,
2545 983 2707 1058 bono_
2723 991 2775 1038 et
2803 983 3080 1058 begnigno
3111 983 3393 1058 Salvatore
3433 981 3624 1037 mundi
3655 999 3668 1036 :
3699 981 3790 1052 qui

491 1073 616 1114 eum
645 1058 760 1112 Deo
792 1053 1054 1126 Patrefet
1083 1053 1282 1128 spiritu
1311 1066 1499 1113 sancto
1531 1057 1660 1112 vivit
1701 1065 1754 1112 et
1783 1063 1979 1128 regnat
2003 1055 2151 1108 Deus
2181 1069 2278 1122 per
2307 1053 2516 1108 inﬁnita
2546 1053 2747 1110 saecula
2777 1053 3118 1110 saeculorum.
3165 1057 3357 1108 Amen.

1503 1209 1539 1222 οη-

3403 1209 3788 1224 ——.

495 1311 600 1371 DE
629 1311 1266 1372 TRANSLATIONE
1296 1312 1408 1372 SS.
1443 1311 1930 1372 MARTYRUM
1959 1311 2335 1386 GEORGII,
2368 1311 2770 1387 MONACHI,
2805 1311 3144 1372 AURELII
3173 1311 3278 1372 ET
3335 1311 3802 1372 NATHALIIE

1635 1443 1746 1500 Ea:
1772 1442 1930 1502 urbe
1963 1441 2270 1503 Corduba
2299 1446 2630 1518 Parisios,

1101 1571 1255 1632 Vide
1285 1573 1446 1633 inter
1473 1573 1676 1651 Opera
1701 1575 1769 1634 S.
1801 1573 2069 1651 Eulogii,
2102 1577 2470 1654 Patrologim
2499 1581 2647 1638 tom.
2685 1577 2875 1654 CXV,
2911 1577 3023 1636 col.
3051 1576 3193 1636 939.

1089 1865 1244 1957 DE
1323 1859 1988 1956 MIRACULIS
2069 1862 2514 1959 SANCTI
2665 1863 3226 1960 GERMANI

1877 2035 2138 2120 LIBRI
2179 2037 2419 2136 DUO,

1441 2203 1724 2261 Auctore
1752 2201 1968 2260 eodem
2026 2203 2304 2265 Amomo
2375 2207 2714 2267 monacho.

1853 2332 2034 2402 (Apud
2061 2335 2267 2392 Mabill.
2299 2337 2458 2408 ibid.)

1489 2455 1742 2511 INCIPIT
1771 2455 2110 2513 EPISTOLA
2141 2459 2420 2516 AIMOINI
2463 2461 2804 2517 MONACHI.

568 2583 834 2642 Studiosis
865 2585 920 2638 in
949 2583 1160 2640 Christo
1191 2581 1403 2654 piisque
1429 2581 1724 2636 lectoribus
1747 2581 1894 2636 salus
1916 2591 1968 2638 et
1989 2599 2094 2652 pax
2123 2597 2176 2657 Β
2197 2593 2399 2640 nostra;
2427 2585 2870 2658 congregationis
2919 2585 3194 2656 fratribus,
3247 2585 3558 2640 maturitate
3605 2585 3808 2657 pariter

493 2676 752 2747 perennis
783 2675 852 2728 ab
872 2673 1000 2728 Jesu
1031 2671 1272 2727 omnium
1315 2670 1657 2725 dominatore
1680 2669 2093 2725 dominantium.

569 2763 839 2832 Quoniam
869 2779 977 2816 non
1009 2769 1278 2814 saturatur
1309 2759 1499 2815 oculus
1529 2759 1668 2824 visu,
1704 2775 1804 2814 nec
1834 2759 1976 2814 auris
2006 2777 2098 2814 au-

495 2853 628 2918 ditu,
679 2851 944 2922 siquidem
1001 2849 1409 2920 pertransibunt
1435 2847 1673 2918 plurimi,
1721 2855 1774 2901 et
1817 2848 2098 2918 multiplex

500 2941 600 2994 erit
647 2939 923 3004 scientia;
969 2939 1112 2992 hunc
1157 2937 1398 2990 libellum
1465 2935 1853 2990 miraculorum
1915 2937 2100 2991 domni

503 3027 676 3081 nostri
695 3024 972 3092 Germani,
998 3023 1332 3078 elucentibus
1349 3023 1743 3094 promicantem
1773 3024 2098 3096 insignibus,

497 3131 600 3186 per
628 3114 936 3186 aliquorum
967 3128 1158 3167 manus
1188 3111 1409 3166 minime
1453 3111 1639 3166 dubito
1687 3111 2096 3168 revolvendum.

503 3205 630 3258 Haec
655 3202 961 3274 priscorum
991 3201 1324 3272 temporibus
1357 3202 1656 3266 Danorum,
1693 3200 1984 3269 Ragenarii
2003 3201 2105 3256 sci-

500 3292 628 3348 licet
657 3291 878 3362 ejusque
899 3291 1191 3354 sociorum,
1219 3289 1424 3344 meritis
1447 3288 1615 3359 ipsius
1638 3289 1810 3343 sancti
1831 3287 2102 3359 pontiﬁcis

499 3397 738 3452 superno
768 3379 954 3436 favore
985 3380 1189 3433 mundo
1219 3393 1502 3442 concessa,
1535 3378 1604 3432 ad
1635 3393 1799 3432 aures
1815 3395 1988 3449 usque
2015 3394 2102 3433 se-

499 3468 770 3524 renissimi
799 3469 948 3540 regis
981 3467 1162 3522 Caroli
1193 3466 1358 3540 digna
1385 3466 1590 3536 passim
1609 3465 1870 3521 relatione
1891 3467 2108 3537 pervul-

499 3565 622 3628 gata
671 3556 960 3610 fluxerunt.
1015 3555 1224 3624 Quibus
1263 3555 1353 3609 ille
1397 3555 1644 3626 gavisus,
1697 3555 1862 3609 veluti
1915 3571 2102 3609 eorum

497 3644 828 3714 pretiositate
870 3661 928 3700 se
987 3652 1254 3716 regnante
1313 3641 1714 3698 munitieentior
1778 3643 2104 3698 redderetur

499 3733 670 3800 orbis,
707 3733 984 3789 mandavit
1021 3749 1085 3787 ea
1130 3732 1315 3787 solerti
1359 3731 1640 3802 diligentia
1693 3731 1890 3800 notari,
1943 3739 2106 3802 atque

499 3821 872 3878 ecclesiastico
895 3822 1016 3890 jure
1047 3820 1328 3877 catholicis
1356 3819 1574 3890 paginis
1599 3819 1919 3891 aggregari.
1955 3820 2106 3874 Tunc

501 3925 736 3980 namque
765 3909 1052 3964 memorati
1083 3909 1254 3964 sancti
1285 3908 1538 3962 Prae-salis
1567 3907 1828 3962 Carnobio
1875 3915 2106 3978 prmerat

502 3997 734 4052 domnus
765 4005 817 4051 et
850 3997 1021 4050 abbas
1051 3997 1134 4050 vir
1165 3995 1492 4050 venerabilis
1525 3995 1797 4050 Ebroinus
1834 4002 1876 4060 ³,
1931 3995 2108 4048 Picta-

503 4083 688 4140 vensis
719 4083 966 4139 ecclesiae
996 4083 1143 4138 sedis
1174 4083 1479 4153 episcOpus.
1513 4083 1612 4137 Hic
1653 4082 1827 4154 regali
1875 4097 2108 4138 censura

503 4173 804 4242 injunctum
835 4171 938 4226 sibi
966 4171 1250 4245 negotium
1298 4171 1572 4242 quomodo
1617 4168 1969 4240 perﬁceretur
2015 4171 2106 4224 in-

501 4261 782 4330 cumbens,
817 4261 1031 4317 duobus
1061 4261 1166 4316 hoc
1211 4259 1488 4333 delegavit
1535 4259 1813 4332 agendum
1858 4259 2106 4328 ejusdem

2198 2689 2262 2728 ac
2292 2673 2516 2728 scientia
2545 2674 2855 2744 provectis:
2892 2675 2982 2744 qui
3027 2691 3124 2746 pro
3183 2673 3266 2728 sui
3324 2673 3556 2745 quisque
3613 2691 3807 2730 sensus

2199 2762 2446 2816 ubertate
2477 2777 2724 2816 seorsum
2755 2762 3380 2828 scribentes,ediderunt
3406 2761 3604 2817 exinde
3623 2762 3810 2834 singu-

2200 2849 2238 2903 li
2274 2850 2493 2922 singula
2523 2851 2966 2921 opuscula.Quod
2989 2859 3278 2921 utrumque
3299 2866 3330 2904 a
3351 2849 3576 2920 praefato
3605 2850 3810 2905 domno

2203 2939 2438 2993 antistite
2506 2939 2746 2994 Ebroino
2813 2939 3040 3010 aliisque
3108 2939 3456 2994 recitantibus
3520 2937 3810 3008 approbati

2200 3026 2401 3097 placuit
2431 3026 2495 3098 [f.
2521 3044 2629 3082 non
2660 3027 2899 3100 placuit],
2936 3028 3032 3082 sed
3063 3029 3296 3082 alterum
3326 3026 3480 3082 alteri
3527 3035 3811 3097 utcunque

2201 3114 2462 3184 praeferri.
2499 3115 2709 3171 Idcirco
2739 3117 2936 3170 mansit
2988 3117 3270 3170 amborum
3315 3115 3602 3169 inusitatus
3649 3114 3810 3168 labor

2204 3219 2376 3274 usque
2407 3203 2476 3257 ad
2508 3211 2720 3274 tempus
2749 3205 2932 3258 domui
2965 3204 3176 3259 Gozlini
3203 3207 3229 3242 δ
3260 3203 3502 3272 ejusdem
3533 3202 3638 3258 loci
3659 3219 3806 3273 prae-

2205 3291 2348 3361 cipui
2377 3291 2567 3346 Patris.
2603 3290 2761 3360 Quod
2791 3308 2914 3348 cum
2945 3293 3048 3346 sibi
3071 3293 3182 3362 jam
3227 3291 3536 3363 aliquorum
3587 3291 3812 3362 quidem

2204 3389 2326 3450 post
2357 3389 2569 3450 tempus
2599 3397 2862 3436 annorum
2893 3382 2966 3435 ita
3013 3388 3352 3452 compertum
3399 3379 3610 3440 fuisset.
3657 3395 3810 3448 prae-

2206 3468 2336 3538 cipit
2365 3468 2495 3522 mihi
2526 3485 2634 3524 non
2665 3477 2722 3522 ut
2752 3469 3086 3540 sapientiori,
3121 3469 3218 3524 sed
3249 3475 3306 3522 ut
3345 3467 3582 3522 manuali
3621 3467 3806 3538 potius

2205 3555 2377 3622 fratri,
2399 3565 2663 3627 quatenus
2691 3573 2860 3612 unum
2877 3566 2928 3612 et
2947 3557 3161 3612 duobus
3182 3557 3550 3613 coadunarem
3567 3570 3804 3626 corpus-

2207 3645 2405 3700 culum.
2439 3647 2667 3700 Tantum
2703 3654 2760 3700 ut
2791 3645 2836 3700 si
2881 3661 2988 3717 qua
3025 3661 3220 3716 prosus
3253 3643 3550 3700 invenirem
3612 3659 3814 3713 super-

2207 3735 2330 3802 ﬂua,
2365 3734 2666 3789 reciderem
2702 3752 2714 3787 :
2749 3751 2937 3805 quaave
2967 3734 3147 3788 minus
3194 3741 3426 3804 compta,
3479 3731 3814 3786 ﬂorentior-is

2210 3821 2333 3892 styli
2363 3831 2666 3889 venustate,
2701 3823 2832 3876 nihil
2861 3830 3010 3878 extra
3063 3821 3346 3878 veritatem
3403 3819 3626 3884 faciens,
3667 3819 3816 3890 poli-

2209 3925 2347 3964 rem.
2381 3909 2538 3978 Quod
2569 3927 2674 3982 ego
2705 3910 2876 3966 fateor
2905 3927 3012 3966 non
3043 3910 3262 3974 viribus,
3297 3909 3402 3962 nisi
3449 3909 3662 3964 caelitus
3711 3908 3816 3961 da—

2209 3998 2295 4064 tis,
2338 4007 2429 4052 aut
2459 3999 2676 4070 ingenio
2708 4007 2920 4054 tumens
2950 3999 3152 4069 arripui
3183 4018 3196 4064 ;
3232 3997 3329 4052 sed
3349 3995 3528 4069 magis
3543 3995 3811 4051 obedien-

2207 4086 2280 4141 tia
2311 4093 2457 4140 tanto
2487 4087 2698 4156 primati
2729 4088 2912 4142 debita
2941 4085 3115 4141 fidens
3147 4085 3362 4155 suscepi
3399 4101 3410 4138 :
3453 4083 3814 4152 merebarque

2205 4169 2340 4224 mihi
2369 4187 2567 4226 noxam
2597 4171 2856 4240 criminis,
2889 4172 2934 4224 si
2971 4170 3212 4240 jubentis
3259 4168 3464 4224 domini
3493 4168 3644 4236 jussa
3693 4179 3814 4237 pro-

2209 4258 2363 4330 sequi
2393 4259 2755 4332 negligerem.

1471 4464 1726 4520 INCIPIT
1755 4461 2132 4520 PROLOGUS
2160 4461 2440 4518 AIMOINI
2499 4459 2842 4518 MONACIII.

577 4595 725 4652 Sicut
753 4595 912 4650 laude
959 4593 1158 4666 dignos
1207 4589 1482 4646 credimus
1531 4605 1647 4656 eos,
1691 4587 1782 4659 qui
1829 4595 1986 4660 gesta
2009 4569 2109 4644 'vel
2209 4585 2491 4642 miracula.
2527 4585 2759 4642 Proinde
2781 4584 3152 4656 unusquisque
3173 4583 3580 4639 talentidonum
3602 4583 3816 4640 habens

505 4685 765 4740 miracula
795 4691 1130 4746 sanctorum,
1164 4695 1286 4752 qua:
1318 4679 1502 4734 divina
1530 4677 1698 4732 virtus
1727 4693 1828 4746 per
1853 4693 1949 4731 eos
1979 4691 2109 4746 opc-
2209 4676 2412 4744 timeat,
2447 4691 2515 4730 ne
2545 4673 2683 4729 forte
2713 4675 2898 4729 audiat
2929 4675 3074 4746 quod
3101 4673 3192 4728 ille
3239 4673 3412 4727 malus
3463 4689 3676 4738 servus,
3723 4673 3816 4743 qui

507 4772 616 4827 rari
644 4773 913 4844 dignatur,
945 4771 1014 4824 ad
1042 4767 1456 4824 aedificationem
1485 4765 1726 4820 ﬁdelium
1743 4765 1984 4820 scribere
2012 4779 2107 4818 sa-
2208 4773 2486 4834 acceptam
2517 4763 2804 4834 pecuniam
2833 4779 2896 4819 ac
2927 4763 3064 4818 male
3093 4763 3258 4817 humo
3289 4760 3584 4824 defossam,
3617 4760 3688 4814 ad
3709 4761 3822 4814 Do-

507 4867 700 4932 tagunt
733 4877 745 4913 :
779 4859 850 4912 ita
877 4859 1084 4929 absque
1114 4857 1278 4910 dubio
1321 4855 1521 4910 scimus
1569 4852 1777 4923 culpari
1825 4853 1966 4916 illos,
2018 4853 2108 4924 qui
2145 4881 2198 4942 D
2229 4852 2435 4906 minum
2466 4851 2583 4906 sine
2611 4869 2793 4907 usurae
2821 4851 2984 4908 lucris
3015 4859 3294 4922 reportare
3323 4865 3432 4904 non
3479 4847 3812 4902 formidavit.

417 4967 422 4972 ·
511 4965 628 5020 pra:
665 4947 876 5002 desidia
910 4963 974 5002 ac
1011 4953 1233 5016 torpore
1263 4943 1460 4998 mentis
1491 4957 1558 4997 ea
1585 4941 1774 4996 litteris
1805 4941 2022 4995 tradere
2048 4941 2118 4995 ad
2147 4935 2191 4942 ’⁷
2219 4941 2333 4996 Hoc
2361 4955 2471 4996 non
2504 4941 2680 4995 solum
2710 4949 2902 5012 sponte
2945 4939 3240 5012 agendum,
3300 4953 3488 4994 verum
3548 4935 3712 4990 etiam
3769 4944 3828 4989 et

509 5035 814 5108 profectum
845 5034 1128 5106 negligunt
1157 5033 1476 5087 futurorum.
1509 5031 1628 5084 Jam
1658 5029 1824 5084 veluti
1852 5045 1884 5082 a
1905 5045 2115 5084 summo
2217 5045 2342 5084 cum
2371 5029 2688 5102 injungitur,
2723 5045 3070 5099 summopere
3101 5025 3430 5100 injungentis
3470 5032 3554 5080 est
3590 5023 3824 5094 imperio

516 5125 757 5196 quotidie
787 5123 858 5178 ad
886 5138 1128 5178 amorem
1173 5121 1273 5175 Dei
1327 5119 1674 5189 studiumque
1712 5117 1852 5172 bene
1899 5117 2116 5172 vivendi
2215 5118 2535 5188 parendum.
2571 5118 2730 5173 Plura
2761 5117 2982 5189 quidem
3011 5131 3078 5172 ac
3109 5115 3372 5186 stupenda
3388 5113 3664 5184 dignaque
3685 5111 3828 5166 rela-

511 5213 809 5268 excitantur
835 5210 1074 5282 plurimi,
1107 5209 1355 5280 legentes
1387 5208 1440 5260 in
1464 5207 1618 5261 libris
1649 5205 1792 5261 facta
1813 5213 2126 5261 sanctorum
2227 5213 2285 5260 tu
2313 5206 2656 5277 omnipotens
2685 5207 2834 5260 Deus
2865 5221 2964 5276 per
2990 5204 3244 5260 eumdem
3273 5203 3492 5256 beatum
3511 5199 3826 5254 Antistitem

521 5299 762 5368 Patrum,
793 5315 1090 5372 eorumque
1119 5313 1184 5354 ac
1213 5297 1258 5352 si
1299 5295 1586 5368 praesentia
1639 5310 1794 5350 sacra
1838 5303 2126 5351 cernentes
2224 5294 2516 5364 praeteritis
2554 5295 2868 5366 nostrisque
2913 5293 3167 5366 dignatus
3207 5299 3289 5346 est
3333 5297 3542 5360 patrare
3589 5287 3830 5357 tempori

584 5432 610 5460 ι
633 5425 754 5474 Erat
775 5425 819 5475 is
866 5437 1084 5476 summus
1119 5423 1400 5488 capellanus
1441 5420 1889 5488 Caroliregis,_ut
1939 5420 2128 5488 notavit

515 5489 802 5542 Sirmondus
821 5491 882 5542 ad
905 5486 1196 5555 capitulara
1216 5491 1416 5540 tertium
1487 5487 1645 5541 Caroli
1688 5486 1825 5540 Calvi
1871 5487 1923 5538 in
1967 5487 2128 5540 Verno

515 5557 698 5624 palatio
721 5557 940 5610 habitum
963 5557 1252 5623 praesidente
1291 5555 1524 5610 Ebroino.

2293 5424 2318 5461 b
2344 5421 2406 5471 Et
2429 5419 2472 5470 is
2495 5421 2652 5472 Caroli
2702 5421 2836 5472 Calvi
2881 5419 3203 5471 cancellarius
3249 5416 3340 5466 fuit
3379 5416 3488 5478 post
3529 5413 3834 5464 Ludovicum

2226 5487 2614 5606 ῗωιξᾶξιῖὡᾱὲίη
2637 5494 2829 5539 mortuo
2848 5486 3025 5540 Carolo
3050 5485 3304 5550 episcopus
3329 5479 3634 5542 Parisiensis,
3658 5479 3722 5530 de
3737 5489 3842 5543 quo

2261 5566 2292 5605 ιι
2503 5565 2528 5604 r
2565 5587 2578 5606 .
