4060 6184
297 221 441 276 1029

1263 172 1384 276 ΒΕ.
1409 219 1875 277 MIRACULIS-S.
1909 221 2254 280 GERMANI.
2288 254 2358 266 —
2385 225 2516 287 LIB.
2549 227 2592 284 Ι.

3471 241 3610 297 1030

302 342 428 410 bus,
463 358 590 414 quae
615 343 686 398 ob
705 343 953 400 inertiam
973 343 1186 399 silentio
1215 351 1340 399 sunt
1367 359 1582 415 pressa,
1621 353 1780 416 atque
1799 361 1902 416 per
1929 347 1985 408 A
2006 346 2133 403 licet
2159 346 2436 420 incompte
2464 359 2627 422 atque
2655 351 2946 422 inerudito,
2969 357 3154 414 veraci
3169 365 3350 416 tamen
3369 376 3434 419 ac
3461 361 3604 420 ﬁde-

300 429 575 486 incuriam
607 432 936 502 scriptorum
965 432 1187 488 omissa.
1220 433 1368 488 Tunc
1398 448 1530 488 vero
1559 449 1626 488 ea
1655 450 1777 504 quae
1803 449 1909 488 no-

303 517 448 572 viter
490 527 810 575 cunctarum
873 536 1050 576 rerum
1109 521 1388 576 Conditori
1431 521 1612 592 gratia
1668 521 1910 589 ejusdem

303 606 644 661 sanctissimi
694 609 794 663 viri
831 608 1034 678 placuit
1061 609 1296 680 operari,
1355 608 1642 664 auxiliante
1676 609 1910 665 Domino

305 701 360 749 et
389 694 566 764 ipsius
597 696 770 751 sancti
801 696 1116 764 juvantibus
1158 697 1388 766 meritis,
1441 697 1668 765 jubente
1710 697 1912 753 domno

306 797 446 854 rege
491 783 737 840 Ebroino
779 785 1004 840 antistiti
1048 785 1271 858 ejusque
1312 785 1629 843 monasterii
1687 785 1908 855 rectori,

2009 434 2048 488 li
2076 451 2330 492 sermone
2359 437 2468 492 laeti
2511 455 2773 496 conamur
2814 445 3203 518 perstringere,
3237 457 3290 502 et
3318 457 3385 503 ut
3396 452 3609 508 veraci-

2011 530 2092 578 ter
2121 531 2247 579 sunt
2277 534 2451 596 gesta,
2475 536 2636 600 atque
2663 530 2827 586 etiam
2847 531 2901 585 in
2921 534 3124 604 populo
3144 535 3606 594 Nortmannorum

2002 611 2114 699 jam
2145 611 2365 684 vulgata
2413 623 2522 670 tam
2577 619 2936 688 praesentibus
2966 637 3127 693 quam
3154 622 3350 680 futuris
3377 625 3615 699 legenda

2012 698 2344 772 relinquere.

1390 1083 1736 1159 INCIPIT
1830 1083 2108 1158 LIBER
2195 1087 2574 1163 PRIMUS.

841 1299 1066 1357 CAPUT
1095 1301 1385 1358 PRIMUM.

375 1441 539 1494 Anno
577 1438 971 1496 incarnationis
1029 1442 1244 1497 Domini
1297 1445 1427 1499 Jesu
1479 1444 1677 1500 Christi
1732 1445 1910 1500 octin-

306 1527 620 1599 gentesimo
647 1529 1068 1602 quadragesimo
1087 1539 1258 1597 sexto,
1293 1533 1443 1604 regis
1463 1541 1645 1588 autem
1681 1533 1913 1604 prmcel-

303 1613 599 1670 lentissimi
643 1616 825 1671 Caroli
870 1625 1042 1685 sexto,
1107 1635 1232 1674 cum
1279 1636 1511 1693 regnum
1584 1623 1914 1678 Francorum

305 1711 436 1773 post
465 1703 674 1758 obitum
721 1705 904 1760 domui
961 1707 1219 1763 Ludovici
1247 1704 1594 1780 imperatoris
1620 1711 1803 1766 varias
1832 1711 1915 1765 di-

2010 1256 2257 1316 fensione
2275 1271 2474 1319 saneta
2493 1264 2593 1319 Dei
2608 1267 2866 1324 Ecclesia:
2881 1269 3228 1330 laudabiliter
3260 1275 3418 1332 mori.
3445 1276 3610 1349 Cujus

2010 1346 2309 1404 adversarii
2337 1361 2733 1424 cognoscentes
2781 1357 3088 1426 adventum,
3147 1361 3498 1420 deverterunt
3523 1346 3612 1422 rad

2011 1434 2234 1490 alteram
2250 1439 2494 1508 praedicti
2525 1441 2762 1498 ﬂuminis
2792 1444 2984 1516 ripam,
3021 1447 3112 1502 ubi
3157 1452 3403 1521 quaedam
3441 1469 3611 1525 parva

2013 1530 2222 1578 tantum
2251 1540 2382 1595 pars
2412 1529 2597 1598 populi
2627 1539 2746 1586 erat
2777 1549 2790 1586 :
2823 1533 3018 1604 quibus
3035 1536 3320 1592 confestim
3340 1540 3395 1594 in
3424 1540 3610 1613 fugam

2016 1611 2214 1678 versis,
2248 1612 2302 1666 in
2333 1613 2514 1670 insula
2541 1619 2774 1687 quadam
2816 1621 3062 1689 ejusdem
3117 1624 3262 1680 ﬂuvii
3307 1627 3378 1682 ad
3407 1611 3612 1700 oppro-

2018 1697 2198 1753 brium
2229 1700 2656 1759 Christianorum
2689 1707 2813 1777 plus
2858 1709 3038 1765 minus
3089 1711 3326 1770 indecim
3367 1697 3613 1788 captivos

304 1771 491 1846 visum
519 1800 665 1847 esset
693 1792 750 1846 in
777 1801 982 1864 partes,
1015 1803 1069 1850 et
1094 1771 1536 1868 peccatapopuli
1581 1808 1908 1870 crescerent,
1940 1771 1995 1831 B
2016 1787 2282 1843 SUbdibUS
2321 1792 2738 1862 suspenderunt:
2767 1796 3072 1869 multosque
3110 1801 3249 1856 alios
3279 1819 3380 1873 Per
3421 1805 3615 1862 domos

308 1878 650 1950 sanguisque
689 1882 1013 1954 sanguinem
1068 1891 1345 1957 tangeret;
1388 1886 1504 1941 Deo
1548 1887 1910 1957 permittente,

272 1965 534 2038 ~ﬂagitiis
583 1967 804 2038 quidem
860 1969 1203 2042 exigentibus
1245 1980 1426 2028 actum
1467 1981 1549 2028 est
1607 1975 1826 2042 nostris,
1857 1983 1916 2030 ut

308 2060 518 2109 exterae
563 2055 813 2112 nationes
850 2073 882 2112 e
936 2059 1170 2130 prOpriis
1227 2061 1622 2134 egrederentur
1669 2063 1908 2130 sedibus,

306 2141 565 2198 videlicet
587 2159 726 2215 gens
755 2145 1050 2215 Danorum,
1085 2147 1173 2219 qui
1205 2149 1370 2220 vulgo
1389 2150 1730 2221 Nortmanni,
1761 2151 1816 2206 id
1832 2159 1915 2207 est

307 2229 780 2301 Septentrionales
817 2233 1065 2290 homines
1119 2237 1516 2306 appellantur:
1567 2247 1619 2294 et
1677 2239 1914 2310 superbo

305 2318 653 2390 tumentique
709 2321 877 2377 corde
934 2337 1058 2378 cum
1118 2325 1302 2380 valido
1364 2327 1584 2402 navium
1649 2336 1915 2399 apparatu

307 2405 746 2462 Christianorum
779 2408 916 2465 ﬁnes
961 2411 1249 2479 intrarunt,
1283 2414 1376 2485 qui
1404 2416 1510 2471 huc
1543 2415 1779 2488 illucque
1825 2416 1914 2472 fu-

307 2501 518 2560 rentes,
548 2503 712 2567 atque
743 2512 865 2552 cum
887 2515 1086 2572 magna
1117 2502 1374 2572 superbia
1397 2511 1594 2560 cuncta
1634 2513 1912 2577 gyrantes,

306 2591 598 2654 ceperunt
625 2587 889 2642 vastando
910 2603 1009 2658 per
1055 2589 1305 2645 diversas
1339 2591 1545 2647 insulas
1573 2593 1759 2660 maris,
1809 2594 1914 2649 do-

305 2686 417 2727 nec
465 2671 688 2728 nemine
746 2673 850 2728 sibi
881 2675 1169 2732 resistente
1225 2678 1449 2734 ﬂuvium
1503 2682 1770 2753 Sequanae
1825 2683 1913 2736 in-

305 2760 513 2832 gressi,
530 2761 824 2818 Rotomaco
837 2762 1068 2837 [Ronan]
1080 2773 1224 2822 sorte
1237 2767 1542 2824 incredibili
1555 2770 1911 2841 applicarent.

308 2847 556 2920 Cumque
585 2849 642 2904 in
696 2851 888 2907 eadem
929 2852 1146 2908 civitate
1190 2855 1580 2928 aliquantisper
1622 2859 1913 2914 demoran-

305 2943 414 3006 tes,
438 2937 682 3010 regionis
709 2939 987 3012 principes
1017 2943 1187 3014 (quod
1231 2945 1439 3017 absque
1465 2946 1672 3018 ingenti
1706 2948 1912 3004 contri-

305 3024 456 3080 tione
485 3026 668 3081 cordis
698 3026 850 3083 eﬂ‘ari
880 3030 1246 3104 nequivimus)
1282 3033 1350 3088 ad
1379 3033 1691 3090 bellandum
1726 3037 1915 3110 pigros

2013 1881 2066 1929 et
2080 1875 2308 1932 arbores
2323 1878 2463 1934 conﬂ
2470 1889 2682 1947 xerunt,
2703 1891 2865 1954 atque
2877 1887 3167 1942 nonnullos
3176 1905 3279 1960 per
3294 1891 3453 1947 villas
3464 1909 3616 1951 cam-

2010 1977 2221 2035 posque
2258 1965 2559 2022 miserabili
2605 1968 2940 2028 insecutione
2988 1975 3317 2033 trucidantes
3357 1995 3613 2049 pereme-

2012 2059 2170 2106 runt:
2193 2051 2425 2126 ipsoque
2469 2057 2837 2116 sacratissimo
2869 2061 3114 2118 Paschali
3142 2063 3447 2122 festivitatis
3476 2069 3611 2124 sab-

2013 2137 2141 2194 bato
2171 2141 2394 2197 Parisiis
2419 2146 2819 2215 pervenientes,
2881 2165 3113 2206 vacuam
3165 2154 3383 2224 penitus
3435 2155 3612 2227 ipsam

2013 2227 2210 2283 urbem
2241 2231 2518 2308 quondam
2561 2235 2904 2306 p0pulosam,
2951 2247 3006 2294 et
3053 2241 3237 2296 omnia
3287 2242 3344 2297 in
3383 2243 3611 2302 circuitu

2011 2313 2158 2371 illius
2185 2321 2515 2377 monasteria
2554 2338 2585 2377 a
2613 2323 2727 2378 suis
2753 2325 3148 2384 habitatoribus
3194 2330 3418 2388 deserta
3447 2349 3611 2406 repe-

2014 2413 2218 2460 rerunt.
2251 2407 2436 2463 Timor
2470 2410 2742 2481 siquidem
2771 2421 2823 2468 et
2853 2423 3030 2470 metus
3069 2416 3353 2474 universos
3393 2420 3610 2478 invase-

2014 2499 2116 2558 rat,
2149 2501 2208 2548 ut
2236 2503 2364 2564 puta
2394 2497 2586 2554 merito
2614 2499 2914 2572 iniquitatis
2943 2502 3126 2560 divino
3155 2507 3421 2563 enudatos
3451 2509 3611 2564 auxi-

2013 2579 2088 2634 lio
2118 2589 2280 2652 atque
2295 2583 2428 2640 ideo
2437 2587 2730 2644 mundanae
2748 2589 3081 2646 defensionis
3096 2593 3381 2651 destitutos
3392 2597 3608 2655 solatio.

2015 2665 2168 2737 Quis,
2203 2686 2358 2744 rogo,
2390 2689 2499 2728 non
2529 2675 2754 2744 doleret,
2780 2686 3073 2750 antequam
3103 2681 3300 2736 bellam
3319 2685 3616 2742 committe-

2013 2763 2183 2822 retur,
2255 2758 2500 2830 fugatum
2580 2765 2920 2832 exercitum;
2979 2776 3265 2841 antequam
3335 2772 3614 2840 jaceretur

2013 2843 2232 2916 sagitta,
2265 2847 2616 2917 confossum;
2649 2861 2774 2908 ante
2818 2854 2956 2910 scuti
2991 2857 3348 2926 collisionem,
3379 2860 3615 2934 ignomi-

2013 2931 2166 2988 niose
2196 2934 2482 2992 subactum
2510 2938 2538 2992 ε)
2567 2939 2954 2998 Universorum
2971 2961 3208 3017 namque
3236 2948 3369 3004 ordo
3395 2931 3613 3020 penitus

2013 3019 2070 3073 in
2098 3022 2345 3078 Ecclesia
2375 3025 2636 3082 confusus
2664 3036 2823 3102 atque
2845 3047 2876 3085 a
2907 3033 3164 3089 bonitatis
3185 3037 3364 3093 studio
3392 3019 3614 3110 permu-

306 3112 640 3185 timidosque
668 3117 1050 3184 adverterent;
1082 3129 1362 3189 exeuntes,
1395 3138 1430 3178 a
1457 3125 1708 3191 navibus,
1751 3126 1912 3199 longe

2019 3115 2179 3175 tatus,
2239 3111 2342 3168 hoc
2371 3113 2492 3183 ipsa
2530 3115 2835 3186 privatione
2894 3121 3036 3176 bono
3083 3140 3255 3195 usque
3311 3126 3383 3180 ad
3439 3127 3615 3184 existii

305 3201 530 3274 lateque
550 3202 749 3271 diffusi,
783 3215 1067 3278 ceperunt
1101 3209 1377 3282 utriusque
1412 3227 1581 3268 sexus
1609 3213 1912 3270 multitudi-

306 3305 435 3346 nem
467 3291 760 3365 trucidare,
789 3295 1082 3366 captivare,
1121 3297 1298 3368 villas,
1335 3302 1686 3368 monasteria,
1729 3303 1907 3358 eccle-

307 3377 532 3450 siasque
563 3380 948 3452 depOpulando
977 3399 1248 3452 cremare,
1281 3393 1558 3459 totamque
1588 3406 1701 3445 suae
1728 3390 1910 3446 libidi-

305 3465 396 3522 nis
421 3467 844 3526 immensitatem
879 3488 1001 3527 cum
1031 3474 1180 3529 omni
1199 3475 1517 3532 crudelitate
1555 3477 1612 3532 in
1651 3479 1912 3550 populum

305 3555 782 3615 Deidebachando
813 3575 1072 3617 exercere
1105 3579 1118 3615 :
1155 3579 1440 3636 quousque
1477 3565 1549 3620 ad
1583 3566 1787 3634 locum,
1821 3567 1912 3640 qui

303 3652 534 3700 vocatur
560 3645 736 3703 Caroli
762 3664 939 3704 venna
963 3658 1008 3716 ⁸,
1041 3651 1218 3706 ventis
1236 3651 1481 3724 velisque
1509 3671 1623 3710 suae
1651 3655 1911 3728 maligni-

305 3733 410 3788 tati
460 3734 610 3803 justo
666 3735 768 3791 Dei
798 3737 1004 3806 judicio
1052 3740 1496 3808 secundantibus,
1566 3743 1702 3797 ultra
1759 3761 1914 3815 spem

301 3821 489 3878 securi
517 3823 828 3895 navigando
859 3826 1130 3883 venirent.
1165 3830 1315 3884 Tunc
1355 3830 1626 3902 gloriosus
1657 3831 1913 3904 princeps

302 3925 408 3965 rex
427 3911 675 3982 Carolus,
711 3913 836 3985 quia
865 3923 1090 3987 propter
1115 3917 1459 3973 subitaneum
1487 3935 1676 3974 eorum
1719 3936 1914 3978 ascen-

305 4023 433 4062 sum
449 4023 517 4064 ex
544 4016 656 4065 toto
685 4025 794 4066 non
831 4021 1062 4084 poterat,
1093 4022 1391 4070 convocata
1422 4015 1603 4088 aliqua
1643 4018 1726 4073 sui
1747 4035 1911 4075 exer-

302 4106 453 4162 citus
505 4115 676 4180 parte,
724 4109 872 4165 venit
917 4109 1155 4182 primum
1181 4133 1208 4170 b
1237 4113 1305 4166 ad
1354 4115 1743 4172 monasterium
1800 4119 1914 4174 Ma-

301 4201 480 4258 charii
531 4203 798 4278 Dionysii,
831 4215 890 4262 ut
921 4209 1037 4278 ejus
1095 4209 1430 4266 orationibus
1459 4209 1642 4280 fultus,
1667 4214 1913 4270 securius

301 4309 500 4358 contra
542 4303 644 4359 Dei
687 4320 926 4378 suosque
970 4317 1229 4379 pergeret
1283 4309 1553 4366 inimicos.
1613 4311 1822 4368 Deinde
1855 4319 1913 4366 ut

303 4407 448 4464 erat,
480 4401 559 4455 uti
603 4401 949 4472 adolescens,
980 4405 1164 4462 animo
1220 4407 1492 4480 armisque
1541 4416 1810 4478 strenuus,
1841 4409 1913 4464 ad

302 4512 482 4568 supra
513 4497 718 4554 dictum
755 4501 938 4557 locum
985 4510 1324 4576 pugnaturus
1371 4505 1646 4574 accessit;
1690 4514 1912 4578 paratus

305 4609 424 4650 non
453 4594 630 4652 solum
649 4596 932 4666 dimicare,
977 4600 1077 4656 sed
1106 4601 1266 4656 etiam
1287 4618 1390 4674 pro
1418 4602 1546 4672 ﬁde,
1579 4619 1789 4676 proque
1827 4604 1918 4660 de-

379 4719 777 4788 :Caroli-venna,
827 4723 877 4774 id
916 4727 992 4775 est
1033 4726 1192 4776 Caroli
1247 4725 1517 4788 piscatura.
1566 4729 1769 4778 Carolus
1811 4729 1920 4780 Cal-

304 4798 402 4858 vus
426 4787 478 4858 in
501 4787 764 4858 diplomate
789 4802 887 4858 pro
903 4794 1202 4843 monasterio
1221 4787 1274 4843 S7.
1309 4794 1522 4856 Dionysii
1545 4795 1674 4858 apud
1698 4795 1918 4847 Sirmou-

303 4852 429 4903 dum
455 4853 664 4926 inNotis
687 4857 750 4906 ad
766 4857 996 4926 Capitula
1029 4859 1350 4926 :Etsolitum
1391 4852 1594 4910 σὲηευηὶ
1630 4859 1696 4912 de
1736 4875 1914 4926 venna,

301 4931 422 4982 qua:
445 4925 522 4988 est
554 4934 705 4982 super
743 4924 954 4984 ﬂuvium
993 4927 1118 4974 Lach
1144 4925 1195 4975 in
1212 4939 1338 4988 pago
1367 4927 1561 4988 Tellau,
1591 4931 1687 4978 etc.
1734 4924 1918 4980 Caroli-

302 4997 474 5058 venna
497 4986 634 5058 locus
661 4994 769 5039 erat
793 5001 942 5053 prope
971 4986 1226 5054 Rioilum,’
1245 4986 1292 5042 a'
1320 4993 1494 5044 Carolo
1543 4986 1766 5046 Martello
1817 4997 1920 5058 pis-

305 5055 482 5102 catura
505 5055 790 5128 instructus,
805 5061 872 5128 _ut
894 5063 1087 5128 constat
1112 5071 1172 5108 ex
1192 5058 1383 5128 litteris
1417 5061 1648 5112 Ludovici
1691 5055 1912 5128 Augusti,

304 5129 434 5193 qnas
463 5123 624 5193 postea
649 5122 778 5193 b_uic_
805 5122 912 5172 loco
952 5124 1238 5193 illustrando
1274 5126 1584 5188 referemus;
1636 5141 1729 5178 nec
1771 5122 1913 5193 longe

302 5183 484 5256 aberat
504 5186 639 5256 Cella
660 5189 716 5256 β.
741 5189 996 5256 Germani,
1021 5204 1081 5241 ex
1106 5193 1327 5254 sequenti
1349 5193 1507 5256 capite
1531 5183 1582 5243 ϐξ
1608 5195 1733 5244 Hinc
1777 5183 1916 5246 colli-

303 5251 472 5320 gimus
497 5252 644 5320 fuisse
659 5253 820 5306 locum
863 5251 1019 5320 illum,
1045 5259 1127 5320 qui
1152 5251 1391 5310 hactenus
1411 5251 1612 5310 'nomeu
1637 5261 1782 5312 haesit
1805 5275 1916 5313 ver-

305 5318 486 5392 nacule
514 5318 842 5392 Chqtevqnne
854 5318 1246 5392 ad__Sequanam,
1265 5327 1458 5392 paulum,
1493 5339 1635 5388 supra
1685 5329 1912 5392 oppidum

306 5384 366 5456 ξ.
383 5384 616 5456 Germani
633 5387 682 5437 in
700 5388 828 5456 silva
852 5390 1001 5441 Ledia
1017 5384 1085 5441 :‘a
1101 5403 1195 5454 quo
1219 5384 1326 5442 loco
1337 5405 1431 5443 non
1451 5384 1913 5456 longedista't'vicus

303 5449 587 5522 geminius,
597 5464 685 5504 seu
699 5454 902 5522 Rioilus,
918 5457 1061 5520 vulgo
1083 5449 1255 5518 Raeti;
1271 5462 1320 5508 et
1338 5459 1468 5510 Cella
1482 5449 1638 5509 sancti
1657 5461 1910 5522 Germani,

305 5515 364 5566 Ia
387 5515 541 5582 ςειιε.
569 5519 623 5568 1n
646 5521 851 5582 quodam
867 5515 1166 5574 cbarfulario
1208 5515 1376 5576 nostro
1403 5526 1727 5576 Germanensi
1752 5515 1914 5578 exstat

305 5581 587 5636 Arbitrium
609 5581 808 5641 Marti
829 5587 1038 5642 Abbati:
1057 5589 1112 5642 s.
1164 5588 1371 5644 Victoria
1392 5591 1560 5644 unum
1603 5603 1732 5644 anno
1784 5591 1910 5646 1253

2016 3195 2261 3252 fomitem
2299 3201 2465 3273 digna
2515 3203 2647 3258 satis
2697 3205 2900 3262 ultione
2923 3219 3324 3278 promeruerat.
3385 3215 3453 3268 At
3490 3216 3616 3286 pius

2014 3284 2174 3340 Pater
2213 3287 2413 3359 justus,
2459 3290 2849 3362 deliquentium
2893 3311 3112 3366 semper
3163 3307 3458 3372 corrector,
3491 3284 3616 3358 cor-

2014 3381 2398 3447 rectorumque
2432 3377 2674 3434 clemens
2705 3390 3004 3452 susceptor,
3037 3400 3147 3439 non
3193 3386 3296 3442 hoc
3351 3387 3528 3445 intulit
3556 3400 3614 3447 ut

2013 3476 2114 3516 nos
2143 3462 2213 3516 ob
2243 3463 2526 3522 innumera
2557 3467 2877 3524 delictorum
2899 3480 3208 3528 nostrorum
3226 3477 3474 3546 pondera
3494 3494 3614 3535 cru-

2014 3549 2150 3604 delis
2179 3551 2484 3622 damnaret,
2519 3555 2617 3610 sed
2643 3563 2701 3610 ut
2725 3573 2828 3628 per
2848 3558 3168 3616 immensam
3205 3579 3318 3619 sua:
3346 3565 3614 3638 largitatis
3674 3555 3681 3568 ’

2014 3637 2399 3710 benignitatem
2428 3641 2656 3698 afﬂictos
2698 3647 3030 3703 emendaret.
3050 3649 3218 3716 Tunc,
3249 3653 3390 3722 proh
3414 3653 3606 3712 dolor!

2015 3727 2428 3784 sacritissimum
2459 3731 2601 3786 beati
2625 3733 2885 3789 Germani
2915 3751 3113 3807 corpus
3143 3739 3211 3794 de
3229 3757 3328 3795 suo
3349 3740 3608 3799 effossum

2015 3815 2284 3886 sepulcro,
2318 3817 2374 3871 in
2401 3820 2808 3889 possessionem
2839 3825 3115 3895 quandam
3145 3827 3384 3896 ejusdem
3415 3831 3612 3888 Eccle-

2015 3902 2129 3970 sim,
2169 3921 2291 3976 quae
2330 3907 2551 3962 Cumbis
2581 3917 2604 3943 °
2634 3910 2850 3979 dicitur,
2904 3913 3146 3970 delatum
3203 3924 3304 3972 est.
3354 3917 3464 3974 Sed
3493 3937 3618 3992 quae

2013 3991 2266 4047 facundia
2299 3994 2458 4066 quive
2489 4013 2668 4054 sermo
2697 4015 2973 4071 exponere
3011 4011 3211 4074 potest,
3262 4007 3438 4078 qualis
3484 3991 3614 4064 dum

2013 4081 2132 4137 haec
2159 4092 2471 4156 agerentur,
2505 4095 2847 4162 quantusque
2865 4090 2919 4146 in
2942 4092 3134 4148 eadem
3151 4095 3398 4151 Ecclesia
3413 4097 3614 4154 exstitit

2013 4168 2192 4225 luctus
2213 4170 2242 4225 Τ
2273 4173 2444 4228 Senes
2472 4174 2658 4248 itaque
2686 4194 2747 4233 ac
2769 4179 3020 4248 juvenes,
3046 4183 3203 4252 pueri
3231 4183 3432 4240 ﬂebant
3461 4194 3512 4242 et
3532 4187 3617 4242 in-

2014 4256 2208 4328 fantes,
2231 4268 2418 4330 utpote
2433 4279 2596 4318 nemo
2613 4282 2735 4321 sese
2747 4283 2776 4319 a
2799 4267 3050 4338 lacrymis
3071 4278 3375 4342 temperare
3397 4275 3606 4332 valens.

2013 4343 2268 4402 Similiter
2315 4356 2368 4403 et
2424 4351 2654 4406 aliorum
2685 4368 2917 4424 corpora
2963 4366 3279 4414 sanctorum
3328 4361 3382 4415 in
3416 4363 3612 4420 eodem

1939 4473 1993 4534 D
2016 4449 2156 4506 pago
2194 4435 2510 4509 degentium
2531 4441 2888 4510 extumulata,
2917 4451 3078 4516 atque
3108 4462 3210 4516 per
3237 4447 3454 4505 diversa
3484 4461 3612 4510 sunt

2018 4523 2136 4578 loca
2155 4523 2451 4595 deportata,
2486 4529 2725 4599 exceptis
2753 4529 3014 4588 duntaxat
3041 4536 3302 4592 membris
3349 4540 3609 4598 Macharii
3707 4585 3715 4594 .

2015 4611 2262 4684 Dionysii
2292 4618 2669 4688 sociorumque
2725 4618 2838 4689 eius
2879 4629 3182 4694 martyrum
3214 4643 3227 4679 :
3259 4643 3380 4698 qua;
3406 4627 3534 4684 licet
3580 4645 3615 4686 a

2017 4722 2066 4793 i_n
2092 4722 2298 4793 gratiam
2318 4723 2724 4777 Germanensium
2744 4732 2912 4780 contra
2931 4731 3330 4793 Dionysianosale
3345 4735 3618 4790 molendino

2015 4787 2371 4868 Caroli-tirenum
2397 4794 2510 4868 ante
2534 4804 2694 4868 annos
2712 4795 2832 4868 duos
2856 4797 3038 4868 ab_ill_i_s
3055 4787 3238 4868 erecto,
3264 4804 3313 4851 et
3348 4801 3397 4852 in
3438 4787 3613 4868 Dion};

2015 4854 2152 4928 siano
2176 4855 2289 4905 item
2311 4857 2619 4928 .chartulario
2647 4859 2861 4922 diploma
2905 4865 3116 4928 Philippi
3150 4854 3280 4917 tertii
3301 4854 3606 4923 Francorum

2013 4917 2162 4982 regis,
2188 4933 2284 4992 quo
2303 4921 2544 4992 justitiam
2568 4917 2718 4992 altani
2742 4933 2794 4976 et
2811 4927 3001 4979 bassam
3036 4917 3172 4992 apud
3205 4917 3612 4989 animiam.

2016 4989 2285 5038 monachiis
2309 4991 2619 5052 Dionysianis
2643 4991 2790 5042 cedit.

2082 5087 2108 5124 b
2132 5071 2293 5146 Vides
2316 5073 2419 5134 jam
2457 5077 2560 5146 tum
2585 5075 2633 5126 in
2681 5089 2816 5128 more
2841 5080 3051 5140 positum
3078 5082 3244 5146 fuisse,
3269 5089 3324 5136 ut
3345 5099 3434 5137 rex
3458 5085 3613 5139 Fran-

2016 5149 2178 5188 corum
2201 5139 2376 5189 bellum
2411 5141 2691 5214 prze‘liumve
2718 5139 3034 5214 suscepturus
3075 5151 3128 5200 S.
3168 5139 3397 5214 Dionysio
3442 5167 3608 5206 coram

2013 5215 2065 5281 se
2087 5216 2324 5281 suumque
2335 5207 2605 5281 citercitum
2631 5207 3159 5281 commendaret,qu0d
3188 5207 3364 5280 posteri
3391 5219 3615 5281 religiose

2013 5269 2351 5352 observarunt.
2370 5273 2505 5352 ideae
2529 5278 2681 5352 caput
2705 5276 2770 5326 20
2793 5277 2906 5329 libri
2921 5293 2954 5329 il
2975 5269 3325 5336 de'mira'culis
3351 5287 3404 5337 S.
3431 5269 3615 5352 Dioni;

2012 5334 2072 5386 sii
2096 5335 2224 5387 intra
2249 5337 2312 5389 ad
2335 5351 2517 5390 annum
2543 5334 2660 5392 784.

2009 5488 2119 5568 εἷοι
2128 5489 2284 5568 sexto
2309 5488 2504 5568 milliari
2529 5492 2777 5568 aputecja
2815 5488 3134 5568 Parisiorum,
3153 5497 3270 5568 olim
3293 5488 3356 5556 de
3375 5488 3488 5568 iure
3511 5488 3617 5558 mo-

2010 5552 2213 5604 nasterii
2235 5555 2290 5606 S.
2315 5555 2550 5608 Germani
2577 5555 2629 5611 in
2653 5559 2824 5614 codice
2848 5562 3108 5618 lrminonis
3118 5552 3342 5622 abbatis.

2077 5420 2316 5500 fCum‘baa
2361 5423 2500 5500 villa,
2573 5425 2772 5500 Combe:
2795 5428 2845 5500 lg
2877 5429 3012 5500 υξιξε,
3037 5431 3270 5500 νὶοιιεηὶη
3313 5448 3438 5500 pago
3478 5437 3614 5489 Brie-
3696 5455 3704 5464 “
