4060 6184
527 226 622 280 031

1445 214 1788 274 ΑΙΜΟΙΝΠΒ
1841 209 2226 271 MONACHUS
2284 211 2736 271 SANGERMAN.

3651 221 3675 271 1
3687 219 3792 274 032

487 349 601 404 suis
631 347 832 404 fuerint
859 347 1129 402 abstracta
1145 342 1431 415 sepulcris,
1455 350 1680 413 propter
1724 349 1906 396 tamen
1935 339 2085 410 regis
2113 333 2170 394 A
2192 345 2291 406 est,
2317 338 2539 395 minime
2569 347 2786 410 oportet
2824 340 2988 396 silere
3014 355 3026 394 :
3059 340 3213 408 cujus
3241 339 3490 412 exempla
3523 349 3792 413 actusque

485 438 843 513 praesentiam,
905 451 1013 490 non
1073 441 1196 488 sunt
1253 441 1380 488 tunc
1409 433 1478 486 ad
1523 431 1626 486 alia
1659 431 1824 486 loca:
1851 430 2084 486 transire

488 529 786 600 compulsa.
813 527 1080 582 Statuerat
1117 523 1316 594 quippe
1345 537 1442 576 rex
1461 521 1662 592 populo
1691 519 1944 575 videlicet
1972 534 2004 573 a
2027 535 2086 573 se

489 619 729 684 labente,
777 625 834 671 ut
876 615 961 670 vel
995 614 1107 681 jam
1139 611 1270 666 dicti
1326 610 1492 666 sancti
1523 609 1780 680 martyris
1813 615 2086 662 monaste-

488 710 628 764 rium
667 705 1001 768 defenderet,
1049 718 1114 756 eo
1169 699 1314 772 quod
1376 699 1514 754 divae
1543 698 1823 754 memoriae
1871 697 2086 768 genitor

489 797 631 852 illius
661 811 803 863 eum,
836 809 958 849 cum
1007 797 1150 846 esset
1180 788 1461 860 parvulus,
1495 787 1670 842 eidem
1723 793 1914 842 sancto
1955 801 2084 856 spe-

489 885 612 942 ciali
633 883 923 939 traditione
953 878 1406 936 commendasset.

1131 1002 1356 1058 CAPUT
1386 1001 1452 1055 II.

563 1097 678 1152 Hoc
707 1094 914 1149 interea
957 1093 1110 1161 juxta
1139 1090 1467 1145 narrationis
1510 1089 1756 1143 ordinem
1793 1087 2084 1166 inseratur,

489 1189 634 1262 quod
681 1187 806 1241 dum
853 1191 1096 1239 sanctum
1129 1181 1246 1249 ejus
1273 1185 1586 1234 moveretur
1629 1193 1848 1247 corpus,
1882 1175 2088 1230 cuncti-

489 1287 682 1350 potens
713 1274 974 1330 Dominus
1003 1271 1260 1341 dignatus
1306 1276 1384 1322 est
1433 1266 1739 1322 ostendere.
1773 1266 1914 1350 Nam
1959 1265 2086 1318 dum

486 1349 542 1420 in
574 1361 864 1419 effossione
895 1357 1083 1428 ipsius,
1116 1363 1168 1408 et
1217 1352 1488 1424 quomodo
1541 1349 1742 1420 portari
1797 1349 2088 1404 deberetur

487 1453 770 1508 unanimes
825 1445 1019 1501 intenti
1073 1457 1338 1506 essemus,
1404 1439 1578 1495 cereis
1633 1453 1732 1508 pro
1781 1437 2088 1492 reverentia

487 1539 756 1603 accensis,
788 1551 920 1590 casu
950 1531 1146 1587 accidit
1195 1537 1250 1584 ut
1277 1545 1436 1594 unus,
1468 1543 1626 1598 quem
1691 1541 1830 1596 puer
1871 1525 2086 1579 incaute

487 1625 724 1686 tenebat,
757 1619 1054 1676 emanibus
1091 1615 1262 1686 ipsius
1281 1613 1468 1667 labens
1495 1619 1691 1678 rueret,
1725 1618 1946 1680 totoque
1967 1608 2084 1678 pri-

486 1719 645 1766 vatus
667 1685 1330 1775 exstinguereturilumine
1365 1713 1376 1751 :
1413 1712 1572 1768 quem
1601 1711 1726 1751 cum
1756 1709 1788 1748 a
1809 1693 1926 1748 solo
1939 1693 2082 1746 idem
2101 1685 2156 1744 B

486 1815 628 1871 puer
655 1811 776 1853 cum
807 1791 953 1848 omni
974 1788 1258 1846 velocitate
1305 1787 1560 1852 levasset,
1593 1784 1776 1838 lumen
1825 1781 2086 1836 amissum

487 1869 556 1943 ab
613 1886 782 1942 altero
839 1889 1080 1936 mutuare
1135 1877 1381 1946 cupiens,
1443 1871 1648 1928 meritis
1703 1872 1835 1926 tanti
1873 1869 2086 1942 patroni

489 1983 666 2032 actum
703 1979 802 2040 est,
835 1978 895 2025 ut
923 1967 1104 2024 statim
1134 1965 1190 2020 in
1219 1963 1470 2018 manibus
1499 1963 1615 2030 ejus
1645 1977 1840 2016 cereus
1887 1959 2084 2012 illumi-

487 2071 709 2121 naretur
740 2060 1055 2116 exstinctus.
1091 2054 1250 2122 Quod
1281 2051 1497 2124 quidem
1537 2050 1756 2116 mirum,
1789 2063 1890 2102 nec
1923 2048 1992 2101 ab
2025 2063 2084 2100 re

487 2163 668 2210 tamen
696 2149 964 2212 ducimus,
997 2145 1042 2199 si
1077 2143 1278 2198 ibidem
1313 2141 1455 2212 ignis
1483 2138 1698 2194 divinus
1727 2135 2081 2207 resplenduit,

485 2242 596 2310 ubi,
630 2237 878 2312 quamvis
907 2233 1162 2306 lugubre,
1197 2229 1338 2283 filius
1359 2227 1727 2284 venerabatur
1745 2225 1900 2280 lucis.
1929 2223 2084 2279 Unde

487 2330 577 2402 qui
607 2329 832 2384 aderant
862 2321 1102 2378 universi
1131 2319 1341 2392 gratias
1387 2318 1502 2371 Deo
1559 2314 1864 2369 referentes
1919 2319 2082 2382 atque
2119 2373 2126 2380 η

485 2417 748 2491 praeclara
790 2410 1060 2484 pontificis
1129 2407 1320 2462 merita
1379 2404 1767 2468 collaudantes,
1803 2407 2085 2472 cmperunt

483 2505 663 2578 magis
695 2501 978 2572 magisque
1007 2498 1064 2552 in
1093 2495 1409 2568 psalmodiis
1439 2493 1648 2563 Deique
1678 2491 1929 2545 laudibus
1959 2505 2082 2544 esse

485 2593 684 2662 devoti,
719 2604 998 2664 quousque
1028 2603 1184 2657 opus,
1217 2585 1344 2640 licet
1389 2582 1558 2648 triste,
1611 2585 2083 2636 consummaretur

483 2685 734 2740 honeste.

1103 2779 1327 2836 CAPUT
1357 2779 1448 2832 III.

549 2897 694 2952 Num
719 2892 855 2949 visio
883 2891 974 2945 illa
1004 2905 1123 2960 quae
1144 2885 1416 2956 aliquibus
1447 2883 1616 2952 ipsius
1632 2878 1945 2936 monasterii
1966 2877 2080 2932 fra-

486 2985 662 3040 tribus
692 2981 886 3037 eadem
914 2985 1091 3040 nocte,
1135 2990 1242 3044 qua
1294 2971 1668 3026 beatissimum
1721 2969 1837 3042 ejus
1878 2983 2080 3036 corpus

487 3071 748 3130 effossum
787 3075 887 3132 est,
934 3073 1226 3134 antequam
1271 3075 1467 3115 aurora
1495 3055 1875 3127 subsequentis
1903 3070 2076 3125 appa-
2101 3036 2150 3100 C

483 3169 632 3218 reret
658 3159 786 3224 diei,
819 3164 1040 3212 ostensa
1087 3159 1187 3218 est,
1219 3158 1276 3204 ut
1329 3165 1438 3204 non
1495 3147 1708 3202 dicatur
1761 3143 1934 3199 omitti
1977 3143 2078 3197 de-

485 3250 616 3307 bet?
647 3249 782 3304 Cum
815 3260 948 3316 ergo
979 3243 1048 3297 ad
1077 3239 1303 3294 ﬂuvium
1335 3237 1600 3308 Sequana;
1629 3251 1724 3288 sua
1753 3248 1978 3304 quaeque
2009 3230 2080 3286 ad

483 3355 648 3396 naves
679 3336 934 3400 ferentes,
977 3330 1150 3402 prima
1205 3327 1376 3397 ipsius
1423 3324 1598 3379 noctis
1645 3321 1828 3392 vigilia
1859 3320 2078 3392 quidam

481 3425 852 3500 perrexissent
881 3421 1075 3475 fratres
1095 3461 1108 3484 ,
1169 3416 1402 3486 indeque
1441 3412 1509 3466 ad
1553 3409 1942 3464 monasterium
1966 3409 2079 3500 jam

480 3495 805 3578 remearent,
837 3507 1082 3581 apparuit
1126 3505 1204 3560 eis
1234 3517 1529 3572 secumque
1559 3499 1720 3554 etiam
1778 3495 2081 3552 comitanti-

481 3605 584 3660 bus
603 3601 818 3657 famulis
861 3607 968 3652 tam
995 3597 1296 3650 immensus
1323 3589 1581 3646 claritatis
1629 3586 1889 3657 splendor
1918 3599 2080 3654 super

481 3709 600 3750 eam
644 3688 892 3746 ecclesiae
939 3692 1169 3756 partem,
1205 3697 1310 3752 qua
1351 3678 1598 3748 ejusdem
1621 3672 1946 3730 sanctissimi
1977 3671 2079 3726 viri

483 3795 682 3851 corpus
737 3776 976 3850 positum
1020 3779 1154 3836 erat,
1205 3778 1262 3823 ut
1309 3766 1542 3824 claritati
1597 3771 1902 3851 aequaretur
1949 3760 2076 3824 diei,

481 3849 782 3938 eademque
811 3862 1046 3920 ecclesia
1099 3857 1263 3914 veluti
1293 3857 1418 3927 igne
1477 3852 1757 3924 supposito
1804 3849 2081 3904 videretur

483 3955 735 4012 cremari.
795 3952 1056 4020 Quicum
1105 3947 1242 4000 intra
1285 3961 1343 3998 se
1373 3942 1598 3996 nimium
1645 3939 1994 4004 mirarentur,
2029 3943 2082 3990 et

481 4057 670 4099 eorum
700 4040 864 4096 corda
891 4033 1264 4105 hujuscemodi
1293 4029 1754 4086 considerationes
1777 4024 2082 4095 stupefacta

483 4132 770 4194 haererent,
802 4125 940 4182 visio
987 4121 1244 4195 paulatim
1301 4117 1560 4174 deficiens
1621 4113 1908 4186 disparuit.
1949 4113 2080 4166 Per-

485 4218 875 4286 venientesque
923 4213 992 4268 ad
1023 4208 1414 4267 monasterium
1447 4205 1702 4262 sciscitati
1733 4209 1877 4268 sunt,
1911 4201 1956 4256 si
1985 4199 2082 4255 ali-

483 4306 604 4380 quis
635 4305 880 4360 Fratrum
899 4317 965 4358 ea
993 4303 1122 4355 hora
1167 4313 1290 4354 cum
1319 4295 1522 4350 lumine
1555 4309 1719 4364 super
1749 4291 1923 4362 ipsam
1959 4287 2084 4343 fuis-

481 4405 564 4452 set
595 4392 905 4450 ecclesiam.
939 4388 1168 4445 Nemine
1199 4395 1382 4442 tamen
1413 4383 1504 4455 qui
1531 4382 1690 4437 fuerit
1723 4387 1956 4450 reperto,
1987 4392 2080 4433 co-
2105 4389 2160 4450 D

478 4489 786 4556 gnoverunt
808 4481 1072 4536 visionem
1095 4475 1397 4548 angelicam
1425 4471 1608 4526 divina
1639 4469 1832 4524 virtute
1863 4457 2071 4522 meritis

481 4555 652 4628 sancti
689 4577 977 4642 patratam,
1023 4565 1114 4638 qui
1159 4580 1255 4618 sua
1310 4561 1609 4631 migratura
1665 4573 1790 4613 ossa
1845 4555 2074 4626 piosque

478 4661 693 4719 cineres
738 4657 865 4713 talis
903 4656 1008 4711 sibi
1038 4651 1294 4710 claritatis
1323 4663 1585 4706 concessa
1615 4646 1794 4719 gratia
1841 4645 2075 4700 invisere

478 4748 800 4806 curavisset.

1111 4857 1338 4912 CAPUT
1365 4855 1456 4910 IV.

556 4971 692 5025 Illud
715 4983 926 5041 quoque
957 4965 1172 5039 insigne
1201 4961 1541 5028 miraculum,
1591 4957 1739 5028 quod
1768 4963 1890 5010 ante
1927 4955 2078 5009 bien-

483 5060 634 5116 nium
665 5073 772 5129 quo
801 5057 920 5112 haec
939 5056 1272 5118 acciderunt,
1330 5051 1543 5107 cuidam
1599 5047 1866 5102 monacho
1909 5041 2079 5114 ipsius

487 5144 804 5204 monasterii
847 5152 1004 5199 aetate
1055 5141 1406 5212 moribusque
1465 5137 1760 5212 grandaeva
1798 5141 2080 5189 ostensum

547 5275 720 5334 .Lege
764 5273 930 5321 tamen
971 5267 1355 5334 translationem?
1386 5265 1718 5334 Reliquiarum
1763 5259 2080 5334 S._Dionysii

483 5339 534 5389 in
563 5328 692 5388 libro
729 5349 784 5388 ιιι
823 5337 884 5388 de
930 5335 1176 5388 Miraculis
1220 5335 1273 5384 S.
1341 5331 1555 5393 Dionysii
1615 5329 1742 5379 infra
1789 5328 1852 5378 ad
1897 5337 2080 5377 annum

493 5405 758 5546 78:.Cella
803 5487 1040 5550 Equilina
1082 5483 1260 5537 dicitur
1301 5483 1354 5533 in
1399 5481 1564 5534 codice
1607 5478 1907 5542 lminionis,
1953 5477 2082 5541 quod

2185 426 2366 481 eximii
2413 427 2456 482 si
2509 437 2826 500 sequantur,
2881 429 3172 499 plurimum
3201 430 3470 499 prodesse
3529 437 3790 500 poterunt

2185 515 2254 570 ad
2299 516 2547 572 salutem.
2601 517 2744 572 Vidit
2799 517 2972 572 isdem
3031 518 3271 589 quadam
3301 525 3462 574 nocte
3495 520 3706 588 positus
3732 519 3790 573 in

2184 620 2399 674 sopore,
2431 605 2648 660 beatum
2705 605 3037 661 Germanum
3085 607 3241 678 quasi
3281 623 3381 662 suo
3409 606 3789 680 egredientem

2185 693 2253 747 de
2305 693 2574 763 sepulcro,
2621 695 2930 766 expeditum
3003 703 3166 766 atque
3231 695 3300 748 ad
3351 695 3452 750 iter
3507 695 3788 766 agendum

2183 791 2564 852 praeparatum.
2598 782 2702 851 Qui
2747 783 2911 840 veluti
2941 783 3118 838 sciens
3148 784 3400 839 eumdem
3431 799 3555 839 esse
3587 784 3790 838 beatis-

2186 870 2380 924 simum
2409 871 2510 925 Dei
2553 870 2834 938 famulum,
2881 871 3234 944 interrogavit
3263 872 3456 926 humili
3483 887 3640 941 voce,
3677 887 3788 943 quo

2187 958 2278 1012 tali
2319 973 2584 1028 processu
2631 959 2780 1014 abire
2813 960 3163 1030 disposuerit.
3197 963 3266 1014 At
3301 959 3392 1015 ille
3423 960 3790 1032 migraturum

2187 1063 2246 1101 se
2299 1062 2364 1100 ex
2419 1047 2610 1102 eodem
2643 1048 2764 1102 loco
2793 1049 3090 1118 respondit.
3137 1047 3312 1116 Quem
3365 1065 3554 1102 rursus
3597 1049 3786 1103 animo

2187 1135 2406 1206 quidem
2435 1135 2642 1190 timenti
2671 1135 3014 1208 interrogans
3041 1136 3114 1189 ait
3149 1153 3162 1188 :
3207 1136 3462 1202 Domine,
3495 1143 3550 1190 et
3579 1136 3626 1189 si
3657 1143 3790 1190 tunc

2187 1221 2407 1288 abieris,
2441 1238 2542 1278 nos
2598 1223 2786 1276 tantilli
2833 1223 2909 1278 tui
2965 1223 3165 1278 servuli
3219 1223 3346 1294 quid
3375 1231 3568 1293 postea
3609 1221 3788 1278 facie-

2185 1327 2307 1365 mus
2327 1311 2354 1363 ?
2381 1311 2480 1364 Cui
2511 1312 2666 1381 quasi
2697 1311 2836 1366 tristi
2865 1311 3012 1366 vultu
3057 1319 3110 1366 et
3139 1327 3264 1366 cum
3299 1327 3500 1382 magno
3521 1327 3784 1377 mmrore,

2185 1405 2242 1452 ut
2272 1398 2448 1453 eidem
2477 1397 2626 1452 fratri
2655 1399 2958 1464 videbatur,
3010 1400 3081 1454 ait
3113 1417 3126 1452 :
3157 1401 3223 1454 Et
3253 1415 3350 1455 vos
3409 1416 3474 1455 ex
3531 1399 3635 1454 isto
3683 1399 3788 1452 mi-

2186 1486 2415 1558 grabitis
2447 1487 2589 1553 loco,
2623 1495 2858 1542 attamen
2907 1503 3038 1542 vere
3067 1487 3414 1560 cognoscetis
3445 1487 3704 1558 quoniam
3733 1495 3792 1542 et

2187 1590 2291 1646 ego
2321 1583 2578 1640 revertar,
2605 1591 2812 1646 vosque
2851 1575 3200 1630 miseratione
3231 1576 3414 1630 divina
3455 1575 3618 1630 simul
3659 1590 3790 1630 cum

2185 1669 2427 1734 tempore
2457 1664 2720 1734 disposito
2751 1664 3080 1718 remeabitis.
3115 1663 3288 1732 Quam
3317 1664 3588 1720 visionem
3605 1664 3786 1720 veris-

2186 1751 2378 1806 simam
2409 1751 2594 1820 fuisse,
2629 1769 2690 1806 ea
2730 1769 2850 1824 quae
2897 1751 3254 1824 consequenti
3281 1750 3388 1808 line
3437 1759 3568 1806 sunt
3625 1767 3784 1808 com—

2185 1839 2333 1910 pleta
2362 1839 2727 1895 declararunt.

2815 1929 3038 1984 CAPUT
3081 1929 3144 1982 V.

2255 2029 2368 2084 Nec
2389 2028 2520 2083 illud
2539 2029 2685 2100 quod
2702 2029 2914 2084 cuidam
2943 2029 2998 2084 in
3027 2029 3220 2084 eadem
3249 2028 3482 2085 ecclesia
3501 2029 3782 2086 revelante

2184 2116 2395 2172 Christo
2425 2117 2752 2187 patefactum
2785 2125 2904 2184 est,
2947 2125 2998 2172 et
3041 2117 3258 2172 silentio
3289 2119 3580 2188 praeterire
3611 2119 3782 2174 debe-

2183 2221 2349 2258 mus:
2389 2206 2644 2276 quoniam
2703 2206 2832 2260 dum
2879 2205 3238 2275 prmdicamus
3283 2206 3434 2272 talia,
3481 2205 3788 2261 excitantur

2183 2293 2514 2347 audientium
2535 2294 2704 2349 corda
2732 2293 2800 2347 ad
2815 2293 3072 2348 mellitlua
3093 2301 3402 2348 sanctorum
3431 2294 3784 2364 depascenda

2186 2380 2467 2454 suffragia.
2493 2381 2726 2450 Quidam
2746 2397 2876 2436 vero
2899 2381 3184 2452 religiosus
3197 2382 3440 2450 ejusdem
3457 2383 3782 2437 monasterii

2183 2468 2365 2536 frater,
2397 2487 2519 2524 cum
2549 2471 2640 2525 alii
2681 2469 3035 2540 completorio
3085 2477 3303 2540 peracto
3359 2470 3686 2526 festinarent
3711 2470 3784 2524 ad

2183 2558 2443 2628 requiem,
2475 2573 2582 2630 quo
2611 2557 2755 2613 fessa
2783 2567 2904 2628 post
2925 2558 3032 2615 diei
3059 2557 3300 2614 laborem
3329 2574 3566 2630 corpora
3603 2559 3782 2614 lectu-

2181 2645 2248 2700 lis
2271 2647 2614 2710 reclinarent,
2647 2663 2798 2701 sesse
2825 2646 2916 2700 ille
2945 2655 3068 2702 ante
3097 2647 3404 2717 sepulcrum
3461 2647 3608 2702 beati
3637 2647 3778 2702 Ger-

2181 2734 2330 2788 mani
2359 2735 2652 2805 peculiaris
2673 2735 2932 2790 orationis
2951 2750 3114 2790 causa
3145 2735 3389 2805 projecit.
3423 2734 3676 2806 Cumque
3689 2735 3780 2790 diu

2183 2823 2440 2878 caelorum
2470 2839 2533 2879 ac
2561 2823 2726 2878 totius
2741 2823 2930 2878 mundi
2959 2823 3250 2878 Dominum
3279 2839 3379 2893 pro
3409 2823 3526 2876 suis
3543 2839 3778 2878 exorans

2183 2910 2412 2976 delictis,
2449 2927 2611 2981 opem
2633 2912 2775 2966 beati
2805 2911 3062 2966 Germani
3085 2919 3522 2982 coeterorumque
3555 2919 3778 2966 sancto-

2183 3015 2304 3052 rum
2333 2999 2538 3054 intento
2577 3001 2744 3055 corde
2769 2999 3018 3054 fidelibus
3057 2999 3264 3054 cunctis
3290 2999 3619 3070 deposceret
3643 3000 3778 3069 (jam

2181 3088 2326 3142 enim
2355 3088 2613 3159 frequens
2641 3104 2977 3160 paganorum
3007 3104 3194 3143 rumor
3219 3087 3287 3142 ad
3321 3096 3544 3143 nostras
3575 3088 3776 3144 certis-

2181 3176 2314 3230 sime
2371 3177 2760 3246 percrebuerat
2790 3178 2993 3242 aures),
3027 3184 3152 3231 ante
3185 3176 3496 3247 quindecim
3525 3175 3641 3232 fere
3657 3177 3778 3232 dies

2179 3265 2441 3319 adventus
2472 3265 2688 3318 illorum
2719 3265 2836 3320 haec
2855 3264 3117 3318 mirabilis
3137 3265 3240 3318 sibi
3261 3273 3480 3318 ostensa
3501 3273 3586 3320 est
3613 3265 3774 3320 visio.

2177 3353 2320 3406 Nam
2349 3353 2418 3406 ab
2456 3352 2700 3407 oratione
2732 3353 2824 3424 qui
2845 3353 3090 3421 jacuerat
3121 3369 3374 3424 surgens,
3409 3353 3614 3423 apertis
3644 3353 3778 3410 vidit

2179 3440 2367 3508 oculis,
2407 3449 2462 3494 ut
2491 3440 2620 3496 olim
2643 3449 2810 3496 totum
2841 3441 3104 3496 mundum
3121 3442 3282 3496 Pater
3301 3441 3648 3510 Benedictus,
3683 3458 3778 3496 se-

2177 3529 2428 3598 pulcrum
2485 3529 2782 3583 beatissimi
2811 3529 3068 3584 Germani
3119 3529 3282 3585 vcluti
3311 3529 3658 3600 patefactum,
3687 3530 3775 3602 ip—

2181 3633 2408 3688 sumque
2455 3617 2854 3672 sanctissimum
2903 3633 3104 3688 corpus
3149 3617 3469 3688 indisruptis
3527 3619 3770 3674 vestibus

2179 3705 2446 3772 indutum,
2502 3713 2665 3777 atque
2703 3706 3001 3762 ministerio
3035 3715 3091 3760 ut
3141 3705 3316 3760 fuerat
3363 3706 3548 3762 divino
3567 3707 3622 3761 in
3651 3709 3774 3778 ipso

2181 3795 2520 3867 sarcophago
2568 3795 2814 3850 ordinate
2871 3795 3252 3865 compositum,
3311 3796 3774 3866 quemadmodum

2179 3882 2298 3952 ipse
2325 3891 2448 3954 post
2477 3883 2754 3953 paululum
2797 3899 3096 3954 omnesque
3139 3883 3232 3954 qui
3277 3883 3438 3938 simul
3479 3884 3768 3950 adfuimus,

2179 3971 2474 4026 dolendum
2503 3971 2858 4042 inspeximus.
2879 3973 2966 4028 Sic
2989 3973 3270 4036 Dominus,
3295 3989 3396 4028 suo
3427 3973 3626 4028 dilecto
3647 3990 3774 4029 san—

2181 4067 2407 4132 ctusque
2450 4060 2759 4115 Germanus
2799 4061 3088 4116 ostendere
3119 4061 3304 4129 voluit,
3357 4062 3504 4132 quod
3539 4062 3594 4116 in
3623 4062 3772 4118 brevi

2179 4149 2420 4219 peccatis
2462 4147 2786 4204 facientibus
2860 4149 3059 4204 nostris
3107 4158 3222 4204 erat
3265 4149 3624 4220 implendum.
3657 4151 3772 4206 Nec

2179 4237 2318 4292 visio
2345 4237 2500 4309 prius
2528 4255 2688 4310 quam
2725 4237 2948 4294 visionis
2997 4237 3276 4310 sequentia
3323 4239 3580 4294 omnibus
3631 4255 3771 4311 pan—

2183 4327 2348 4381 ditur.

2799 4415 3026 4471 CAPUT
3063 4415 3152 4470 VI.

2241 4521 2302 4574 In
2325 4529 2624 4576 memorato
2642 4520 2878 4593 denique
2898 4521 3305 4578 Caroli-vennaa
3319 4522 3443 4578 loco
3469 4521 3576 4594 ipsi
3605 4522 3766 4580 Nort-

2171 4625 2496 4664 mannorum
2521 4609 2707 4680 pOpuli
2737 4627 2796 4665 se
2825 4611 3060 4666 victores
3093 4627 3260 4682 seque
3292 4611 3612 4681 superiores
3647 4627 3770 4667 esse

2173 4699 2590 4769 conspicientes,
2637 4699 2767 4753 dum
2809 4699 2988 4755 adhuc
3030 4707 3397 4766 morarentur,
3439 4709 3700 4756 exeuntes
3737 4715 3772 4755 a

2175 4787 2405 4842 navibus
2443 4787 2648 4842 Cellam
2678 4795 2939 4852 nostram,
2965 4795 3285 4859 quaecontra
3313 4788 3398 4842 vel
3431 4805 3592 4844 secus
3621 4803 3770 4844 eum-

2179 4877 2304 4932 dem
2361 4877 2542 4932 locum
2605 4877 2782 4946 posita
2809 4885 2909 4940 est,
2972 4892 3134 4932 cursu
3189 4893 3424 4947 propero
3455 4875 3770 4932 festinantes

2177 4965 2534 5020 intraverunt.
2573 4965 2728 5020 Unde
2757 4963 3078 5020 miraculum
3107 4966 3250 5036 quod
3275 4965 3386 5021 illic
3415 4973 3546 5021 tunc
3575 4965 3770 5020 factum

2179 5053 2559 5123 comperimus,
2591 5053 2850 5123 optimum
2869 5053 2914 5106 si
2945 5063 3196 5108 narretur
3214 5061 3490 5124 putamus.
3521 5055 3770 5125 Namque

2179 5141 2235 5197 in
2292 5141 2486 5197 eadem
2531 5141 2683 5197 Cella
2711 5152 2738 5189 ι»
2769 5141 3017 5198 ecclesiis
3063 5143 3292 5214 apostoli
3347 5142 3492 5197 Petri
3537 5141 3768 5213 almique

2179 5281 2274 5319 non
2299 5271 2440 5334 longe
2465 5270 2575 5320 sita
2598 5270 2719 5320 silva
2743 5269 2988 5332 Equilina.
3017 5270 3132 5319 Hac
3157 5272 3234 5319 est
3265 5268 3420 5332 Cella,
3449 5280 3591 5331 quam
3615 5265 3770 5318 Wan-

2177 5338 2435 5388 dremarus
2501 5336 2663 5387 Abbas
2725 5339 2779 5388 S.
2842 5337 3091 5387 Germano
3169 5334 3361 5386 dedisse
3445 5337 3768 5397 memoratur,

2179 5403 2418 5456 hactenus
2441 5405 2502 5456 de
2527 5415 2610 5455 ure
2634 5403 2850 5456 Camobii
2875 5403 3027 5454 nostri
3050 5402 3192 5465 vulgo
3215 5403 3262 5452 la
3290 5401 3442 5452 σειιε.
