4060 6184
257 227 398 280 1033

1229 227 1325 285 DE
1360 224 1734 282 MIRACULIS
1787 224 1842 279 S.
1897 223 2239 279 GERMANI.
2290 254 2360 264 —
2387 224 2513 279 LIB.
2549 225 2590 279 Ι.

3413 234 3552 291 1038

259 347 528 407 Germani
552 351 737 423 ignem
752 359 940 424 terque
960 358 1257 423 quaterque
1277 366 1588 422 supponere
1607 350 1841 405 nitentes
1873 349 1927 407 Α
1955 346 2238 401 orantibus
2266 346 2337 402 ad
2364 347 2644 402 dexteram
2675 348 2776 403 sita
2809 358 2946 417 erat,
2986 352 3254 409 tredecies
3282 356 3555 430 totiusque

258 453 387 495 cum
436 439 789 506 defecissent,
834 456 930 495 eas
974 440 1270 496 incendere
1312 440 1600 494 amborum
1645 437 1855 493 meritis

256 544 372 584 non
400 529 664 596 valentes,
698 529 939 584 claustra
968 528 1211 598 ejusdem
1240 527 1407 583 Cella;
1426 526 1645 583 tandem
1667 543 1856 599 egres-

261 617 309 672 si
332 661 347 681 ,
381 618 644 673 horreum
673 618 817 689 quod
848 617 923 672 ibi
949 626 1068 673 erat
1091 617 1245 686 juxta
1288 616 1524 688 positum
1568 631 1855 671 cremave-

260 715 424 761 runt:
457 722 524 761 ex
563 721 672 778 quo
715 713 894 760 tantus
942 706 1278 760 flammarum
1324 704 1524 776 globus
1569 704 1709 759 aeris
1748 704 1858 759 alta

259 802 456 866 petens
485 794 770 859 ascendit,
803 794 896 865 qui
926 794 1195 865 quasdam
1243 794 1469 849 arbores
1510 793 1653 848 ultra
1697 792 1857 848 etiam

252 883 366 951 jam
396 882 596 939 dictam
635 883 839 938 Cellam
882 882 1124 938 virentes
1164 883 1499 944 incenderet,
1549 881 1700 952 ipsas
1728 897 1859 938 vero

261 971 527 1027 ecclesias
554 972 789 1027 intactas
817 971 1061 1043 integras
1090 978 1149 1026 ut
1168 979 1325 1025 erant
1344 970 1700 1043 relinqueret.
1724 970 1859 1025 Cum

261 1060 492 1132 insuper
511 1068 707 1115 ventus
734 1060 987 1114 australis
1014 1060 1349 1115 validissime
1369 1060 1522 1114 ﬂaret
1546 1102 1560 1124 ,
1584 1067 1860 1130 totumque

262 1147 380 1204 fere
408 1148 721 1205 incendium
764 1148 1017 1204 eamdem
1051 1148 1107 1203 in
1136 1155 1341 1219 partem
1371 1147 1657 1219 projiceret
1679 1191 1691 1213 ,
1715 1146 1861 1202 illico

263 1237 710 1308 septentrionalis
737 1253 769 1293 e
797 1237 1024 1309 regione
1054 1236 1271 1307 spirans
1302 1236 1585 1291 intumuit:
1616 1243 1776 1307 atque
1805 1235 1859 1290 in

262 1324 485 1382 alterius
511 1325 683 1398 partis
709 1324 851 1381 latus
888 1324 1184 1380 australem
1211 1325 1345 1379 mira
1385 1324 1740 1381 conversione
1770 1339 1861 1380 re-

261 1413 490 1469 ﬂectens
515 1458 529 1480 ,
560 1430 780 1470 omnem
808 1413 918 1469 vim
948 1414 1154 1485 pariter
1196 1412 1434 1469 retorsit.
1468 1414 1549 1467 Ita
1594 1411 1863 1466 mirabilis

262 1503 413 1557 Deus
439 1546 453 1569 ,
484 1502 577 1575 qui
606 1501 839 1559 famulos
879 1518 1009 1558 suos
1055 1516 1244 1558 secum
1292 1500 1565 1574 fulgentes
1606 1500 1659 1554 in
1708 1499 1864 1555 caelis

261 1606 487 1717 :eemper
530 1591 667 1645 mira
695 1589 967 1647 communi
1013 1590 1229 1662 pietatis
1278 1589 1451 1663 gratia
1499 1596 1762 1661 operatur
1806 1588 1864 1643 in

318 1678 448 1716 ms.

318 1678 448 1716 ms.

895 1793 1119 1849 CAPUT
1158 1794 1271 1848 VII.

336 1914 476 1970 Cum
502 1913 673 1987 igitur
686 1913 912 1968 sabbato
934 1912 1180 1984 paschali
1199 1911 1400 1967 diffusa
1425 1912 1647 1967 navium
1667 1912 1862 1969 classis

264 2002 544 2065 Parisius.
606 2011 664 2057 ut
706 2016 876 2073 supra
936 2000 1166 2056 relatum
1215 2009 1332 2066 est,
1385 2001 1761 2071 pervenisset,
1806 2001 1864 2055 in

266 2091 567 2148 crastinum
596 2106 721 2146 cum
763 2105 895 2145 suos
918 2090 1036 2158 jam
1066 2088 1150 2144 sol
1193 2088 1446 2145 lucitluos
1473 2088 1745 2144 emitteret
1767 2104 1862 2143 ra-

263 2178 390 2234 dios
419 2178 643 2251 prOpria
671 2186 843 2233 totum
872 2177 1151 2232 illustrans
1191 2177 1446 2248 lampade
1497 2178 1761 2232 mundum
1782 2221 1797 2244 ,
1831 2194 1863 2234 e

265 2268 499 2323 navibus
547 2274 968 2338 prorumpentes
988 2307 1003 2334 ,
1063 2266 1241 2336 ipsam
1267 2266 1563 2331 civitatem,
1612 2274 1670 2320 ut
1726 2282 1863 2336 pra:-

265 2356 517 2411 misimus
542 2398 557 2422 ,
598 2355 885 2427 vicinaque
923 2354 1232 2409 suburbana
1279 2355 1490 2425 absque
1536 2355 1862 2409 habitatori-

268 2445 376 2499 bus
426 2453 778 2515 repererunt:
829 2442 1177 2516 ingressique
1222 2443 1611 2498 mouasterium
1667 2443 1866 2498 beatis-

265 2529 394 2583 simi
424 2529 683 2585 Germani
707 2572 721 2594 ,
768 2528 867 2584 Dei
915 2527 1100 2584 fanum
1146 2529 1531 2600 residuumque
1572 2526 1824 2584 ecclesia
1847 2570 1860 2593 ,

266 2614 419 2686 quod
479 2612 787 2670 securitatis
861 2612 1061 2669 damno
1123 2622 1460 2669 remanserat
1519 2621 1862 2683 apparatum,

265 2699 645 2755 contaminare
664 2739 680 2768 ,
741 2697 1067 2770 pollutisque
1128 2698 1381 2752 manibus
1432 2706 1713 2768 coeperunt
1760 2697 1863 2752 de-

266 2791 503 2838 struere.
535 2782 646 2838 Sed
675 2782 800 2853 quia
828 2782 1060 2860 Domino
1089 2782 1383 2837 miserante
1426 2797 1529 2836 nec
1572 2782 1647 2835 ibi
1692 2781 1864 2836 virtus

264 2866 440 2923 defuit
482 2866 723 2936 ejusdem
771 2866 1103 2923 sanctissimi
1138 2866 1311 2921 Patris
1334 2907 1349 2933 ,
1396 2864 1618 2920 minime
1664 2864 1865 2920 debent

264 2955 483 3012 reticeri
507 2997 522 3025 ,
573 2949 703 3026 qua
743 2962 869 3011 tunc
918 2955 1029 3010 illic
1077 2956 1241 3010 totius
1289 2954 1479 3008 mundi
1527 2954 1752 3009 Creator
1793 2953 1864 3007 ad

1891 1703 1946 1763 B

1954 435 2204 507 corporis
2233 436 2426 491 adnisu
2474 437 2635 492 veluti
2681 439 2940 508 capulans
2988 442 3202 497 hostem
3229 454 3552 514 percuteret.

1957 523 2054 578 Cui
2109 524 2365 580 continuo
2410 525 2484 579 ita
2540 542 2733 581 manus
2776 527 3036 595 dexterae,
3088 547 3197 602 qua
3250 532 3557 589 columnam

1957 613 2130 683 ipsam
2161 614 2442 680 inciderat,
2475 614 2705 670 virilitas
2736 618 2971 681 evanuit,
2994 627 3051 673 ut
3082 630 3207 690 post
3234 621 3384 676 illum
3413 623 3559 678 diem

1958 701 2442 772 (quemadmodum
2473 703 2617 758 idem
2650 704 2840 760 Kobbo
2882 707 3032 770 vidit,
3081 709 3172 779 qui
3211 718 3264 764 et
3293 726 3389 766 eas
3418 711 3561 767 inci-

1959 790 2141 844 siones
2182 791 2339 845 nobis
2382 792 2760 863 ignorantibus
2804 810 3048 864 praesens
3093 799 3349 869 ostendit)
3389 815 3562 871 usque

1960 878 2031 932 ad
2062 877 2329 933 infelicem
2360 881 2478 948 ejus
2508 897 2573 935 ex
2604 882 2708 936 hac
2736 882 2844 936 vita
2876 883 3181 940 discessum
3210 903 3429 957 semper
3456 888 3565 942 im-

1959 966 2178 1021 mobilis
2223 967 2487 1038 aridaque
2539 977 2589 1024 et
2628 977 2686 1023 ut
2718 969 2892 1025 fuerat
2922 980 3146 1028 extensa
3174 983 3516 1045 permaneret
3548 990 3562 1029 :

1961 1054 2306 1108 manubrium
2353 1072 2484 1111 vero
2527 1057 2659 1111 ferri
2697 1057 2770 1112 ita
2814 1074 2979 1114 manu
3008 1064 3447 1135 compaginatum
3474 1063 3565 1117 in-

1961 1143 2215 1207 haeserat,
2246 1151 2305 1197 ut
2352 1161 2628 1216 nunquam
2671 1146 2741 1213 ab
2771 1163 2834 1202 ea
2863 1149 3047 1220 aliquo
3077 1150 3297 1223 ingenio
3326 1151 3413 1207 vel
3443 1160 3561 1208 arte

1960 1231 2067 1285 nisi
2095 1248 2214 1286 cum
2261 1233 2402 1287 cutis
2444 1241 2601 1303 parte
2631 1234 2791 1290 avelli
2820 1238 3074 1306 potuerit.
3107 1237 3212 1308 Qui
3239 1240 3447 1294 tamdiu
3475 1240 3564 1295 ni-

1960 1319 2073 1373 mia
2119 1319 2402 1375 vexatione
2443 1322 2823 1392 compatientis
2872 1327 3118 1396 corporis
3164 1328 3432 1383 cruciatus
3461 1336 3563 1395 est,

1962 1408 2138 1463 donec
2165 1408 2530 1464 miserrimam
2559 1408 2735 1465 ﬁniret
2783 1412 2966 1478 vitam,
3008 1414 3203 1485 plenus
3233 1416 3566 1488 indignatio-

1962 1496 2049 1550 nis
2079 1504 2132 1550 et
2152 1496 2273 1565 iraa,
2304 1497 2559 1552 manibus
2609 1499 3002 1556 daemoniorum
3045 1501 3303 1559 devectus
3344 1505 3415 1560 ad
3452 1514 3567 1561 tar-

1965 1592 2146 1640 tareas
2175 1585 2339 1640 sedes
2366 1586 2542 1657 cocyti
2573 1585 2931 1661 fmtidumque
2959 1589 3140 1647 lacum
3173 1592 3386 1647 averni.

2592 1711 2821 1767 CAPUT
2850 1712 2949 1768 IX.

2034 1795 2237 1867 Opera:
2266 1797 2512 1867 praetium
2545 1797 2663 1854 fore
2690 1800 2983 1868 credimus,
3004 1802 3051 1857 si
3069 1811 3123 1859 et
3151 1803 3284 1860 illud
3315 1822 3575 1879 magnum

1963 1894 2217 1941 narretur
2265 1886 2610 1942 miraculum.
2657 1889 2828 1959 Igitur
2874 1890 3002 1944 dum
3059 1891 3240 1962 ipsum
3288 1897 3573 1951 sanctissi-

1964 1990 2113 2028 mum
2184 1975 2481 2030 oratorium
2544 1992 2578 2030 a
2640 1977 3001 2033 crudelissimi
3057 1980 3222 2051 impie
3280 1983 3577 2039 violaretur

1969 2062 2149 2128 turba,
2182 2070 2330 2117 tanta
2370 2063 2549 2119 subito
2596 2064 2809 2121 nebula:
2855 2073 2938 2121 est
2978 2068 3242 2124 densitate
3283 2071 3570 2140 repletum,

1965 2150 2322 2222 ejusdemque
2352 2152 2578 2208 obsceni
2607 2152 2901 2209 violatores
2948 2155 3023 2210 ita
3052 2156 3222 2211 divini
3244 2158 3433 2226 judicii
3461 2174 3575 2215 cae-

1965 2239 2129 2294 citate
2175 2240 2433 2309 perculsi,
2481 2249 2749 2311 quatenus
2792 2242 2923 2297 illud
2952 2253 3098 2299 metu
3126 2261 3192 2301 ac
3221 2254 3455 2302 tremore
3483 2247 3573 2301 ni-

1964 2327 2075 2382 mio
2094 2328 2368 2397 pavefacti
2396 2329 2646 2399 linquere
2676 2331 2979 2400 cupientes,
3011 2332 3099 2388 vix
3137 2334 3274 2388 ostia
3303 2336 3392 2390 vel
3426 2334 3574 2392 fores

1963 2432 2065 2486 per
2105 2432 2243 2486 quas
2289 2416 2628 2472 intraverant
2675 2418 2919 2475 invenire
2962 2420 3223 2478 valerent.
3283 2423 3483 2495 Sicque
3519 2424 3577 2479 in

1964 2504 2270 2559 oberrando
2298 2505 2499 2560 diutius
2528 2506 2753 2578 fatigati,
2786 2509 3005 2563 tandem
3027 2519 3373 2581 erumpentes
3404 2530 3575 2583 quan-

1964 2591 2137 2647 tocius
2179 2592 2507 2666 eﬁugerunt,
2559 2596 2649 2649 tali
2693 2597 2763 2650 ab
2804 2596 2898 2651 illo
2940 2597 3028 2652 die
3061 2606 3316 2671 tantoque
3372 2616 3571 2671 parvas

1966 2687 2194 2750 terrore,
2254 2698 2362 2753 quo
2410 2699 2517 2737 non
2562 2684 2679 2737 ausi
2727 2684 2953 2739 ulterius
3009 2694 3193 2741 essent
3247 2704 3571 2762 quacunque

1964 2768 2209 2824 foeditate
2267 2771 2439 2841 ipsam
2484 2773 2855 2828 contaminare
2898 2774 3209 2830 ecclesiam.
3259 2776 3489 2848 Insuper
3517 2786 3571 2833 et

1968 2857 2045 2912 ita
2073 2857 2385 2929 dysentiriae
2431 2860 2621 2915 morbo
2650 2861 2845 2916 exinde
2876 2862 2957 2933 (ut
3003 2871 3086 2917 est
3116 2863 3417 2937 vulgatum)
3448 2874 3573 2921 sunt

1964 2945 2165 3014 afﬂicti,
2198 2955 2255 3001 ut
2276 2948 2406 3001 dum
2439 2948 2680 3019 quotidie
2711 2958 3071 3019 morerentur,
3105 2952 3287 3007 nullus
3331 2969 3397 3009 ex
3424 2962 3566 3009 tanta

265 3044 483 3100 laudem
523 3044 606 3098 sui
647 3043 881 3099 nominis
930 3044 1112 3115 gratia
1151 3043 1325 3114 ipsius
1355 3040 1629 3114 pontificis
1674 3050 1865 3098 osten-
1900 3057 1949 3119 ο
1971 3034 2313 3091 multitudine
2345 3052 2405 3091 se
2432 3044 2648 3107 putaret
2677 3038 2934 3094 evadere.

265 3134 401 3189 dere
430 3133 686 3205 dignatus
714 3140 798 3187 est
826 3132 1117 3188 miracula.
1185 3131 1322 3201 Quae
1380 3131 1510 3203 quia
1565 3147 1728 3187 nemo
1758 3147 1863 3187 no-

261 3230 440 3277 stran
459 3220 717 3285 interfuit,
749 3220 965 3291 penitus
995 3221 1423 3293 ignorabamus:
1448 3228 1643 3290 postea
1676 3228 1860 3276 tamen

265 3325 300 3365 a
346 3310 597 3365 ﬁdelibus
649 3309 833 3364 missis
889 3309 1147 3365 Ludovici
1206 3308 1612 3378 Bejuvariorum
1671 3308 1821 3380 regis
1845 3349 1859 3377 ,

268 3398 535 3455 Kobbone
565 3398 813 3454 videlicet
840 3396 1069 3470 aliisque
1099 3414 1238 3469 quos
1267 3398 1339 3452 ad
1353 3398 1658 3468 principem
1690 3397 1861 3451 Nort-

265 3502 595 3543 mannorum
625 3486 828 3542 Horich
857 3486 1078 3541 nomine
1110 3486 1400 3557 legationis
1443 3502 1607 3542 causa
1648 3485 1862 3542 direxe-

267 3579 383 3638 rat,
414 3586 482 3627 ea
509 3570 897 3644 cognovimus:
930 3569 1023 3642 qui
1066 3570 1225 3625 nobis
1250 3570 1341 3624 illa
1391 3568 1624 3624 fideliter
1673 3584 1862 3623 narra-

265 3668 502 3727 verunt,
534 3658 991 3731 quemadmodum
1020 3658 1124 3729 ipsi
1156 3659 1237 3727 (ut
1265 3658 1446 3713 testati
1493 3659 1641 3727 sunt)
1678 3672 1863 3713 coram

267 3748 471 3804 Horich
499 3756 796 3819 praesentes
825 3763 891 3802 ex
920 3755 1072 3817 parte
1097 3747 1388 3811 viderunt,
1421 3755 1584 3817 atque
1605 3763 1672 3801 ex
1703 3754 1860 3817 parte

270 3838 341 3893 ab
368 3836 506 3907 ipsis
531 3836 623 3907 qui
651 3845 782 3892 tunc
810 3835 866 3890 in
882 3836 1003 3907 ipsa
1031 3835 1267 3891 ecclesia
1289 3878 1303 3901 ,
1329 3835 1549 3906 quando
1571 3836 1687 3890 haec
1706 3841 1860 3904 gesta

265 3933 431 3991 sunt,
464 3924 625 3980 simul
652 3924 875 3979 aderant
902 3924 1221 3979 Christianis
1242 3924 1546 3979 audierunt.
1579 3924 1718 3977 Nam
1737 3938 1861 3978 cum

265 4015 456 4070 trabes
476 4013 723 4070 ecclesia
749 4013 1093 4068 miserrimus
1121 4013 1213 4068 ille
1240 4013 1495 4083 populus,
1535 4012 1665 4083 quia
1707 4020 1861 4067 erant

263 4104 552 4175 abiegnae,
585 4111 637 4157 et
665 4101 869 4159 idcirco
925 4102 1133 4157 habiles
1188 4102 1407 4174 navigio
1428 4144 1441 4167 ,
1473 4102 1718 4157 incidere
1746 4110 1862 4155 ten-

262 4188 564 4253 tavissent;
593 4196 706 4242 tres
735 4204 802 4241 ex
830 4187 1071 4259 maligno
1118 4201 1309 4241 eorum
1356 4202 1582 4241 numero
1624 4194 1748 4241 ante
1776 4186 1861 4239 al-

260 4277 400 4332 taris
459 4276 796 4346 crepidinem
848 4275 994 4331 beati
1067 4273 1356 4345 Stephani,
1419 4274 1642 4328 invalidi
1697 4274 1860 4328 totius

201 4349 209 4356 ’
262 4364 483 4421 virtutis
524 4364 723 4420 robore
766 4371 986 4419 ruentes
1025 4363 1371 4427 ceciderunt,
1403 4371 1567 4433 atque
1596 4360 1857 4416 confracti

260 4452 579 4510 incredulas
610 4454 832 4525 Deoque
854 4452 1086 4507 odibiles
1105 4451 1315 4506 animas
1343 4449 1465 4504 aliis
1519 4450 1712 4505 timore
1733 4467 1857 4520 per-

261 4541 439 4598 culsis
484 4542 800 4596 exhalantes
820 4585 834 4607 ,
866 4548 1158 4611 perpetuas
1200 4539 1606 4595 descenderunt
1631 4540 1701 4593 ad
1730 4555 1858 4595 um-

262 4631 400 4686 bras
421 4674 436 4696 ,
468 4629 561 4684 ubi
588 4630 729 4685 edax
755 4629 960 4685 vermis
989 4644 1180 4685 eorum
1209 4644 1321 4683 non
1367 4627 1629 4683 morietur
1647 4670 1662 4695 ,
1696 4634 1750 4683 et
1777 4627 1862 4683 ni-

259 4719 412 4775 mius
440 4734 628 4774 eorum
656 4718 802 4790 ignis
828 4733 937 4775 non
955 4717 1355 4791 exstinguetur.

861 4901 1085 4957 CAPUT
1123 4900 1265 4955 VIII.

338 5023 586 5097 Cumque
615 5023 749 5080 illud
778 5024 882 5081 Dei
937 5024 1195 5097 templum
1224 5023 1518 5079 atrabibus
1568 5023 1643 5078 ita
1688 5037 1863 5079 cessa.

260 5123 385 5171 tum
407 5123 685 5187 totumque
725 5114 884 5169 simul
942 5114 1406 5186 depopularentur
1451 5114 1858 5180 monasterium,

262 5203 469 5262 accidit
497 5212 553 5258 ut
581 5221 723 5259 unus
752 5219 944 5260 eorum
976 5204 1137 5259 etiam
1185 5202 1327 5274 apud
1383 5219 1480 5258 eos
1536 5200 1861 5257 nefandissi-

261 5308 391 5349 mus
422 5293 493 5347 ad
523 5292 923 5349 confessionem
944 5292 1130 5349 domui
1165 5291 1427 5349 Germani
1449 5291 1730 5348 strinctum
1750 5290 1864 5363 gla-

261 5382 419 5437 dium
448 5382 657 5452 polluta
686 5390 911 5456 gestans
938 5399 1104 5439 manu
1144 5383 1305 5451 (mira
1339 5380 1560 5454 quidem
1591 5380 1861 5453 dicentur)

259 5471 583 5537 deveniret,
618 5472 1037 5546 columnamque
1073 5486 1466 5539 marmoream,
1513 5487 1634 5542 qua:
1660 5470 1862 5526 ibidem
1914 5542 1919 5547 η

587 5590 830 5649 Paxaea.
868 5592 1113 5651 CXXVI.

2576 3157 2801 3212 CAPUT
2820 3157 2893 3211 X.

2036 3244 2247 3297 Interea
2297 3243 2546 3297 simulato
2597 3243 2879 3313 languore,
2926 3245 3216 3316 legationis
3244 3263 3407 3303 causa
3438 3249 3577 3304 diri-

1965 3338 2102 3402 gunt
2149 3330 2215 3384 ad
2251 3330 2815 3400 praecellentissimum
2859 3348 3051 3403 regem
3091 3333 3362 3400 Carolum,
3395 3344 3455 3390 ut
3482 3353 3580 3392 eos

1965 3433 2088 3473 cum
2118 3434 2253 3488 pace
2282 3417 2471 3473 fideles
2500 3418 2824 3488 suscipiens,
2858 3420 2928 3474 ad
2956 3420 3230 3491 propriam
3261 3422 3388 3477 dato
3417 3424 3576 3495 regni

1963 3506 2168 3561 tributo
2206 3506 2389 3561 redire
2422 3506 2756 3576 permitteret
2785 3507 3041 3577 patriam.
3080 3509 3175 3563 His
3204 3509 3279 3564 ita
3334 3512 3569 3581 placitis,

1964 3610 2099 3666 rege
2130 3594 2350 3665 quidem
2397 3593 2636 3659 nolente,
2673 3594 3216 3665 priucipibus~tamen
3245 3598 3573 3669 quibusdam

1964 3683 2047 3753 (ut
2107 3681 2405 3745 fatebatur)
2460 3683 2780 3736 muneribus
2840 3683 3004 3749 laesis,
3068 3684 3411 3757 Ragenarius
3466 3689 3576 3744 dux

1964 3787 2176 3837 eorum,
2223 3770 2513 3842 cunctique
2561 3771 2842 3841 principes
2884 3772 2955 3825 ad
2997 3789 3209 3845 regem,
3244 3775 3334 3845 qui
3363 3783 3489 3831 tunc
3517 3777 3573 3831 in

1965 3859 2295 3914 monasterio
2339 3859 2599 3914 Macharii
2644 3859 2890 3931 Dionysii
2938 3860 3229 3929 residebat,
3282 3863 3570 3919 adducun-

1961 3959 2053 4006 tur
2084 3965 2098 4002 :
2132 3964 2229 4018 per
2254 3947 2408 4015 deos,
2443 3964 2651 4019 perque
2683 3963 2749 4003 ea
2787 3948 2984 4019 quibus
3003 3949 3241 4005 maxime
3268 3968 3328 4006 se
3353 3954 3572 4026 protegi

1959 4052 2023 4092 ac
2051 4036 2250 4091 salvari
2282 4036 2548 4107 putabant
2575 4044 2840 4092 testantes
2871 4038 3113 4093 numima
3141 4039 3229 4095 vel
3248 4056 3421 4106 arma,
3440 4057 3567 4113 qua-

1963 4133 2125 4180 tenus
2170 4141 2516 4197 nequaquam
2559 4126 2787 4181 ulterius
2834 4126 2921 4181 vel
2965 4125 3104 4183 ﬁnes
3154 4128 3237 4182 sui
3279 4129 3434 4200 regni
3462 4130 3569 4185 nisi

1962 4213 2191 4268 fortasse
2219 4214 2567 4269 auxiliatores
2614 4214 2878 4269 intrarent
2904 4223 2998 4269 aut
3026 4217 3426 4289 contingerent.
3458 4217 3564 4286 Qui

1960 4301 2038 4355 ita
2082 4301 2292 4356 dimissi
2334 4310 2498 4373 atque
2554 4317 2656 4372 pro
2698 4302 2780 4356 sui
2827 4303 3086 4357 evasione
3138 4318 3300 4374 quam
3342 4304 3562 4361 minime

1886 4405 1940 4465 Ι)
1966 4396 2323 4460 speraverant
2368 4388 2565 4461 gavisi,
2621 4389 2827 4460 pariter
2878 4405 2985 4460 quo
3030 4399 3295 4446 venerant
3335 4400 3563 4464 accepta

1956 4478 2073 4533 auri
2126 4478 2447 4550 argentique
2509 4477 2759 4548 imposita
2807 4493 3022 4533 summa
3079 4478 3188 4534 laeti
3234 4479 3557 4537 redierunt:

1960 4567 2060 4622 sed
2114 4574 2469 4633 revertentes,
2517 4566 2712 4621 morbo
2754 4582 2863 4637 quo
2917 4566 2974 4621 in
3026 4567 3283 4638 pra-dicta
3323 4568 3559 4625 ecclesia

1958 4654 2200 4727 perculsi
2245 4653 2461 4710 fuerant
2521 4655 2761 4726 quotidie
2800 4652 3117 4711 deﬁcientes
3156 4657 3558 4726 cruciabantur,

1959 4744 2292 4815 cruciatique
2330 4743 2693 4816 nequissimas
2730 4743 3110 4800 miserabiliter
3135 4745 3341 4801 animas
3372 4748 3559 4819 exspi-

1961 4833 2177 4898 rabant,
2209 4832 2424 4888 nemine
2455 4848 2594 4903 quos
2624 4847 2807 4888 secum
2828 4832 3099 4887 habebant
3128 4833 3557 4891 Christianorum

1960 4920 2272 4991 hujusmodi
2292 4920 2509 4993 plagam
2538 4920 2821 4975 sentiente.
2855 4921 2917 4974 In
2946 4920 3144 4992 quibus
3171 4923 3426 4979 omnibus
3460 4923 3563 4981 Dei

1962 5018 2047 5065 est
2093 5009 2491 5066 consideranda
2539 5008 2799 5079 potentia,
2856 5009 3084 5081 ejusque
3130 5011 3307 5082 pietas
3348 5013 3558 5085 ample-

1962 5099 2178 5163 ctenda,
2209 5097 2300 5169 qui
2327 5105 2435 5151 tam
2462 5096 2884 5152 misericorditer
2911 5097 3082 5153 salvat
3109 5099 3393 5171 innocuos,
3427 5109 3565 5157 tam-

1962 5201 2067 5255 que
2097 5185 2389 5241 terribliter
2417 5192 2637 5241 sanctos
2676 5201 2805 5243 suos
2845 5184 3184 5247 mirificando
3233 5190 3385 5263 punit
3427 5206 3559 5264 pro-

1963 5272 2137 5330 fauos.

2575 5383 2800 5440 CAPUT
2826 5385 2924 5439 XI.

2035 5466 2180 5541 Quid
2225 5471 2282 5526 in
2323 5471 2517 5527 eadem
2563 5471 2813 5542 ecclesia,
2880 5480 3172 5545 postquam
3212 5476 3388 5547 major
3432 5494 3562 5550 pars

3100 5602 3167 5655 33
