4112 6192
532 287 670 339 1035
1453 282 1798 340 AIMOINUS
1855 281 2135 338 MONACH

2234 283 2238 330 ἱ
2289 282 2744 340 SANGERMAN.

523 407 748 464 fratrum
777 408 846 462 ab
878 407 1122 498 exsulatu
1153 407 1532 498 reversaifuit,
1555 417 1769 481 gestum
1801 416 1882 464 est
1907 407 2120 498 silentio
2151 407 2204 466 A
2227 435 2418 498 gustus
2447 427 2500 480 ίη
2525 427 2641 494 ejus
2673 441 2903 496 corpore
2933 424 3170 480 discerni
3199 424 3456 494 ροιυρι-ίι,
3491 423 3690 493 Sicque
3717 421 3828 476 dif.

523 513 769 567 premere
799 513 908 550 non
938 497 1220 550 debemus.
1255 497 1502 552 Necdum
1549 498 1692 552 enim
1752 497 2116 553 sacratissima
2217 497 2354 570 fusis
2383 516 2450 570 ad
2480 524 2816 585 postremum
2859 515 3158 570 Visceribus
3205 513 3416 567 medius
3457 512 3698 582 crepuit,
3745 510 3826 564 vi-

525 586 666 640 beati
695 585 796 640 Viri
817 601 944 640 Ossa
973 585 1042 638 ad
1073 586 1347 656 Proprium
1365 585 1576 640 fueram-
1607 593 1886 656 Γοροΐῖθίθι
1927 585 2115 655 εθΡυῙ·
2217 617 2436 675 tamque
2464 605 2804 658 miserrimus
2836 619 2994 658 mane
3033 603 3222 656 finivit.
3271 602 3456 656 Statua
3503 616 3636 654 vero
3667 599 3832 654 sacris

527 689 725 766 cmm-_
759 675 878 766 U13“
933 688 1169 766 namque
1201 675 1457 740 ηοοίίυηιν
1506 675 1820 730 θυείοάίδυε
1869 675 2116 766 ολυδδῗω
2219 693 2584 749 oblationibus
2628 693 2872 766 indigna,
2907 709 2939 746 a
2983 691 3182 762 quibus
3219 690 3472 762 delegata
3521 689 3694 742 fuerat
3741 704 3830 741 re-

530 762 777 817 ecclesia‘.
805 761 1219 832 dormientibus,
1254 772 1540 834 antequam
1588 763 1782 818 fratres
1840 764 1910 818 ad
1969 762 2115 817 refe-
2218 791 2384 846 tanta,
2431 782 2592 836 γριυιί
2635 761 3063 836 ίωηῖυηᾱξεείώθ
3109 795 3138 832 a
3185 761 3543 833 mundissimo
3589 776 3830 832 cordium

530 850 727 904 rendas
755 851 870 904 Deo
900 850 1086 904 laudes
1115 867 1267 906 more
1307 852 1466 906 solito
1496 853 1850 916 exitarentur,
1899 851 2118 905 auditur
2217 873 2523 942 inspectore
2551 869 2784 926 rerum“,
2812 869 3088 925 remansit.

529 939 598 993 ab
629 938 834 992 eisdem
867 955 1056 994 coram
1099 940 1250 994 altari
1310 941 1482 995 sancti
1541 941 1800 1010 Stephani
1859 939 2118 1010 strepitus

2791 1013 3016 1068 CAPUT
3045 1011 3193 1065 XIII.

528 1026 923 1082 daemoniorum
955 1027 1170 1100 ingens,
1205 1029 1368 1082 veluti
1399 1029 1678 1082 hominum
1709 1027 1992 1082 multitudo
2049 1027 2118 1081 ad

527 1114 730 1186 aliquid
769 1096 1050 1186 putaretur
1101 1117 1436 1172 discurrens.
1462 1117 1565 1184 Qui
1587 1116 1870 1172 confestim
1887 1132 2120 1186 surgen—
2295 1103 2402 1156 sed
2432 1101 2606 1157 adhuc
2639 1100 2865 1172 qualiter
2897 1101 2989 1171 qui
3021 1099 3223 1154 Γθείάιιί
3259 1098 3470 1152 fueram
3501 1114 3564 1186 (ἔκ
3595 1097 3698 1152 hac
3727 1096 3824 1150 de‘

2223 1189 2448 1244 fecerint
2496 1189 2625 1256 vita,
2675 1189 3056 1260 prosequendo
3104 1203 3408 1242 narremus.
3455 1185 3538 1239 Ad
3585 1201 3653 1239 eo
3703 1200 3832 1238 sane

531 1211 634 1270 tes,
669 1213 720 1258 et
752 1220 874 1258 cum
895 1205 1096 1260 lumine
1156 1213 1326 1259 totam
1385 1205 1670 1260 ecclesiam
1719 1205 2119 1260 circumeuntes

531 1307 654 1348 cum
701 1293 972 1348 neminem
1029 1294 1382 1362 reperissent,
1442 1292 1822 1346 intellexerunt
1877 1293 2118 1346 fraudem
2223 1278 2328 1342 die,
2369 1295 2474 1349 quo
2505 1278 2892 1332 Ῑηοηδείθνίυῐη
2924 1276 3318 1362 διηῖίρνεθδυξίε
3340 1273 3829 1345 θειίηθιηίίηξτθε·

2223 1367 2268 1420 si
2301 1375 2459 1434 sunt,
2510 1367 2684 1422 donec
2727 1367 3014 1438 ptenaliter
3063 1359 3584 1426 cuncti'interirent,
3633 1363 3736 1428 ita,
3779 1369 3834 1416 ut

529 1379 908 1452 fallaciamque
947 1382 1256 1436 daemonum
1287 1381 1487 1446 fuisse;
1525 1381 1614 1450 qui
1663 1381 1916 1434 nimirum
1965 1381 2120 1435 dole-
2223 1385 2268 1420 Si
2301 1379 2459 1434 sum,
2510 1379 2684 1422 donec
2727 1379 3014 1438 Ρωηθίιῑθτ
3063 1379 3242 1459 ςυηοῑι
3289 1379 3584 1459 ιηιθΐιΐεξως
3633 1379 3766 1459 ηε..

529 1469 660 1523 bant
690 1486 748 1522 se
769 1469 963 1538 expelli
995 1484 1025 1522 a
1056 1469 1260 1522 sanctis
1307 1469 1528 1523 sedibus
1589 1469 1794 1540 templi,
1843 1469 1896 1522 in
1955 1469 2117 1540 quod,

2234 1455 2475 1522 liximus,
2504 1455 2742 1526 turgenti
2771 1463 2894 1509 sunt
2923 1454 3210 1526 (Kobbone
3239 1455 3406 1520 teste)
3448 1452 3722 1506 viscerum
3751 1452 3838 1504 in-

533 1557 662 1611 dum
691 1573 720 1610 a
751 1555 975 1627 perfidis
1003 1559 1330 1627 permissum
1363 1557 1533 1612 fuerat
1571 1557 1758 1627 pollui,
1813 1557 1958 1612 haud
2015 1559 2120 1611 du-
2223 1544 2442 1599 Ῐῖδιίοηθ
2473 1545 2746 1614 Pel‘CUlSi;
2781 1551 3047 1614 (Ιυθίθηυδ
3077 1543 3254 1597 omnis
3274 1558 3462 1596 eorum
3479 1547 3654 1595 “mus
3676 1539 3834 1593 etiam

533 1645 681 1698 bium
713 1645 842 1714 quin
872 1645 1266 1716 aliquantulum
1291 1647 1442 1714 juxta
1473 1647 1642 1700 illud:
1675 1649 1744 1700 Et
1763 1648 2122 1718 pilosisalta-
2223 1633 2278 1686 in
2310 1633 2486 1704 patria
2515 1633 2756 1704 quotidie
2787 1631 3028 1687 moriens
3059 1632 3278 1701 periret.
3325 1639 3520 1700 praeter
3552 1645 3694 1699 quos
3720 1627 3833 1718 Ηο-

531 1733 672 1788 bunt
701 1733 776 1787 ibi
807 1733 950 1803 (Isa.
983 1751 1106 1800 xm,
1141 1735 1252 1804 at),
1287 1735 1520 1789 intrandi
1563 1717 1771 1789 licitum
1799 1735 2112 1788 habuerint.
2153 1723 2338 1816 Brich
2371 1721 2742 1816 posteajussit
2770 1721 2984 1816 occidit-
3019 1720 3240 1816 Tirrwns
3290 1717 3834 1816 etenimip§8_ejus-

534 1822 820 1891 Postquam
861 1833 1040 1878 autem
1072 1825 1214 1879 sacri
1244 1825 1358 1892 ejus
1389 1824 1598 1878 cineres
1628 1822 1784 1877 relati
1811 1832 1970 1894 atque
2028 1838 2124 1878 suo

2234 1827 2332 1881 que
2354 1811 2638 1880 Optimates
2668 1819 2718 1864 et
2739 1809 2969 1880 populus
3013 1807 3217 1878 pariter
3246 1807 3530 1862 universus
3575 1805 3834 1874 hujusce-

533 1909 654 1965 loco
712 1910 927 1966 Christo
985 1913 1198 1967 favente
1257 1921 1378 1966 sunt
1409 1911 1658 1976 restituti,
1719 1911 1850 1964 nihil
1909 1912 2012 1966 tale
2068 1909 2123 1964 in

2234 1899 2374 1953 modi
2405 1907 2580 1952 morte
2609 1897 2846 1968 pessima
2889 1897 3158 1962 damnari,
3213 1895 3468 1966 praecepit
3515 1909 3708 1948 omnes
3737 1895 3830 1963 qui

534 2003 728 2058 eadem
749 1999 988 2058 basilica
1013 2001 1184 2072 ipsius
1225 2001 1512 2056 sanctitate
1559 2007 1908 2070 promerente
1966 2001 2124 2056 audi-
2227 1987 2430 2042 Γοείάυί
2461 1995 2634 2052 erant,
2670 1987 2910 2056 exceptis
2939 1986 3125 2056 Ρθυῧίε
3157 1984 3284 2057 fuga
3333 1983 3518 2054 λθβείεν
3567 1997 3704 2053 quos
3731 1996 3832 2035 nec

530 2099 640 2149 tum
670 2103 771 2151 est.
2225 2076 2414 2132 mortis
2443 2076 2718 2132 credimus
2741 2075 2984 2130 evasisse
3007 2073 3250 2138 exitium,
3284 2072 3581 2128 decollari:
3605 2085 3829 2126 eorum-

2227 2181 2330 2236 que
2369 2165 2546 2234 capita
2575 2165 2736 2219 veluti
2766 2163 3109 2219 satisfaciens
3139 2161 3350 2230 morbo,
3399 2160 3710 2216 Christiano
3741 2159 3832 2230 qui

2227 2249 2470 2323 captivus
2501 2253 2612 2308 illic
2641 2261 2754 2308 erat
2801 2252 3001 2322 populo
3047 2251 3206 2305 tradi.
3255 2251 3390 2304 Nam
3429 2249 3504 2304 ita
3533 2249 3718 2303 clades
3747 2247 3834 2300 in-

2224 2349 2470 2412 grassata
2531 2343 2646 2396 Deo
2691 2340 3037 2412 permittente
3107 2339 3366 2394 saeviebat
3407 2338 3466 2392 in
3525 2337 3732 2408 plures,
3781 2342 3838 2388 ut

2222 2447 2364 2500 pene
2438 2430 2745 2500 quicunque
2821 2429 3134 2484 morbidum
3199 2434 3485 2500 tangeret,
3575 2423 3828 2494 exemplo

2225 2519 2419 2574 eodem
2474 2519 2717 2573 adtactus
2775 2519 2965 2573 morbo
2997 2525 3050 2572 et
3103 2517 3224 2586 ipse
3277 2514 3554 2570 deficeret.
3607 2515 3838 2584 Insuper

2216 2601 2377 2670 jussit
2406 2611 2632 2659 cunctos
2680 2603 2922 2673 captivos
2961 2601 3052 2672 qui
3109 2599 3526 2656 Christianitatis
3572 2597 3835 2652 vocabulo

2223 2701 2605 2758 censerentur,
2637 2692 2693 2746 in
2739 2707 2912 2762 regno
2941 2707 3039 2746 suo
3071 2689 3332 2760 perquiri,
3381 2703 3586 2759 eosque
3613 2702 3740 2742 cum
3769 2685 3836 2740 li-

2223 2781 2428 2836 bertate
2461 2789 2514 2836 et
2544 2783 2750 2836 honore
2796 2781 3004 2852 absque
3033 2779 3261 2848 alicujus
3319 2777 3754 2834 contradictione
3781 2775 3834 2830 in

2223 2885 2378 2924 suam
2409 2869 2642 2941 patriam
2673 2869 2897 2924 reverti.
2943 2867 3048 2936 Qui
3091 2868 3248 2923 etiam
3293 2867 3410 2922 haec
3437 2875 3490 2920 et
3533 2865 3642 2920 alia
3695 2863 3836 2920 ultra

533 2986 634 3040 sibi
665 2957 871 3040 ratione
901 2957 1084 3038 tributi
1114 2957 1460 3054 subiugatum
1485 2985 1727 3038 haberet.
1763 2957 1985 3039 IIorichv
2022 3001 2121 3038 au-
2222 2975 2388 3058 qua?
2415 2959 2520 3012 Sim
2548 2958 2754 3058 inse"?
2783 2957 3058 3058 diceba‘m'
3090 2957 3212 3058 Nos:
3233 2964 3412 3010 tamen
3445 2971 3508 3010 ea
3537 2970 3662 3058 (ἷξε
3691 2969 3722 3008 ³
3749 2957 3836 3052 νῆ’

531 3080 638 3130 tem
670 3073 796 3128 dum
827 3071 954 3128 talia
975 3087 1084 3127 non
1107 3043 1374 3137 crederet,
1403 3071 1564 3140 jussit
1589 3072 1698 3140 jam
1728 3071 1904 3127 dictus
1935 3073 2120 3144 Bage—

2234 3045 2476 3102 ientibus
2503 3047 2871 3117 percepimus,
2907 3045 3252 3100 solummodo
3297 3059 3506 3115 ponere
3555 3043 3836 3114 disposui-

2234 3151 2344 3174 mnc
2369 3154 2380 3165 -
2414 3151 2670 3174 mnannm
2705 3135 2834 3174 cati:
2865 3135 3126 3174 hnhnnlnc
3178 3134 3320 3174 rnth
3355 3130 3642 3174 vintnriam
3677 3147 3836 3174 mnam

533 3157 720 3213 narius
749 3165 958 3228 partem
991 3155 1174 3210 incisae
1206 3134 1373 3209 trabis
1400 3134 1716 3210 monasterii
1763 3155 1948 3210 domni
1980 3134 2122 3211 GEr-
2153 3134 2200 3174 υ
2225 3151 2344 3190 mus
2369 3135 2834 3230 ;__mat‘a’_n}1m_53ti5
2865 3135 3150 3230 haben}35_t
3178 3134 3324 3204 (μιοά
3355 3134 3644 3230 κ’ίῆίοξίεηι
3677 3147 3840 3230 (Illa?

531 3241 696 3309 mani,
731 3221 1022 3310 seramque
1043 3245 1216 3308 portae
1251 3239 1538 3294 Parisiacae
1573 3238 1724 3292 urbis
1755 3247 1880 3294 ante
1913 3255 2038 3294 eum
2073 3239 2129 3292 in

2234 3224 2410 3294 populi
2441 3224 2746 3290 multitudo,
2782 3223 3058 3279 communi
3089 3223 3342 3277 obstante
3368 3221 3618 3290 crimine,
3640 3236 3708 3276 ex
3735 3221 3838 3274 ini-

529 3329 898 3386 testimonium
920 3327 1141 3383 adduci.
1173 3327 1446 3382 Praeterea
1463 3327 1644 3382 retulit
1675 3327 1724 3383 ei
1742 3343 1904 3399 quam
1927 3329 2126 3384 bonam
2225 3313 2382 3368 micis
2411 3313 2614 3368 habere
2635 3329 2745 3368 non
2773 3313 2966 3384 Ροίυίῖτ
3017 3313 3210 3367 bemus
3253 3311 3562 3367 Germanus
3601 3311 3840 3399 iPCIY‘uS

535 3434 806 3491 quamque
839 3415 1074 3472 fertilem
1101 3415 1180 3470 uti
1211 3416 1462 3470 omnibus
1495 3397 1775 3486 repletam
1787 3417 1958 3487 cepiis
1985 3417 2129 3472 inve-

2234 3402 2455 3468 meritis,
2489 3401 2761 3472 gloriosus
2791 3401 3093 3468 miraculis,
3127 3401 3272 3472 apud
3292 3401 3466 3456 Deum
3493 3399 3588 3454 tali
3603 3397 3838 3454 donatus

533 3489 682 3562 uisse
723 3489 965 3560 terram:
997 3504 1260 3575 pOpulum
1307 3519 1440 3560 vero
1488 3520 1610 3559 eam
1666 3504 2010 3570 incolentem,
2061 3505 2130 3558 ad

2234 3491 2502 3562 triumpho
2533 3491 2778 3546 obtinere
2807 3489 3130 3562 promeruit.

534 3593 902 3651 dimicandum
935 3593 1195 3664 pavidum
1243 3608 1306 3648 ac
1353 3601 1716 3648 trementem:
1748 3593 2130 3665 referebatque

538 3683 727 3740 dicens
757 3682 900 3754 quod
929 3681 1192 3750 majorem
1215 3679 1289 3735 ibi
1312 3681 1514 3736 mortui
1537 3697 1699 3752 quam
1753 3682 1995 3737 viventes
2025 3683 2130 3736 ha-

539 3772 732 3827 berent
761 3771 1038 3838 virtutem,
1071 3769 1388 3840 nullumque
1417 3769 1683 3825 invenerit
1730 3769 1834 3824 sibi
1869 3770 2131 3825 resisten-

3697 282 3834 335 1036

1154 2187 1381 2244 CAPUT
1411 2187 1533 2242 XII.
1629 2207 1632 2210 '

605 2279 886 2352 Siquidem
943 2277 1288 2349 Ragenarius
1347 2277 1452 2332 dux
1483 2287 1778 2348 auctorque
1807 2276 1969 2332 totius
2001 2291 2120 2330 me-

531 2369 723 2424 morati
753 2368 900 2436 mali,
936 2376 1061 2422 ante
1091 2366 1378 2437 profanum
1411 2367 1609 2421 Horich
1664 2368 2122 2420 Nortmannorum

528 2457 828 2530 principem
860 2472 984 2512 cum
1013 2455 1220 2528 ingenti
1277 2455 1532 2524 superbia
1585 2454 1827 2520 veniens,
1889 2453 2124 2508 ostendit

532 2547 580 2602 ei
613 2545 759 2618 quod
791 2561 976 2601 secum
1007 2545 1132 2600 hinc
1162 2551 1528 2614 asportaverat
1561 2559 1752 2598 aurum
1812 2551 2124 2614 argentum-

529 2651 634 2706 que
671 2634 900 2688 multum
935 2650 946 2688 :
983 2632 1224 2703 dixitque
1255 2632 1400 2703 quod
1456 2631 1832 2702 opinatissima
1881 2630 2122 2685 Parisius

531 2723 804 2779 civitatem
833 2729 1043 2793 captam
1060 2721 1285 2775 haberet
1315 2739 1328 2784 ;
1361 2721 1611 2792 quodque
1629 2720 1964 2775 mansionem
1997 2719 2125 2774 Ger-

530 2811 678 2867 mani
709 2811 875 2876 senis,
918 2827 1038 2882 quae
1067 2810 1122 2863 in
1153 2809 1342 2864 eadem
1369 2817 1514 2863 terra
1543 2809 1926 2864 decentissima
1957 2808 2124 2862 habe-

529 2907 700 2963 retur,
724 2899 980 2952 intrasset
1003 2915 1018 2964 ;
1042 2897 1262 2967 insuper
1283 2905 1334 2952 et
1352 2897 1498 2968 quod
1514 2913 1674 2951 omne
1693 2896 1869 2951 Caroli
1889 2913 2122 2969 regnum

2833 3641 3058 3698 CAPUT
3087 3641 3212 3696 XIV
3233 3682 3245 3696 .

2302 3737 2440 3806 Quia
2469 3753 2602 3794 vero
2623 3737 2760 3794 duce
2791 3739 3002 3794 Christo
3033 3739 3310 3810 hucusque
3347 3737 3628 3811 signorum
3657 3737 3834 3794 dulce-

541 3868 667 3927 tem,
698 3867 896 3930 praeter
927 3857 1264 3913 Germanum
1296 3874 1484 3913 senem
1525 3866 1820 3914 mortuum.
1853 3859 1980 3914 Htec
2009 3873 2134 3914 cum

543 3949 770 4012 diceret,
803 3955 1041 4001 tremens
1071 3945 1216 4000 illico
1241 3961 1304 4000 ac
1335 3963 1542 4016 pavens
1571 3947 1775 4002 corruit
1805 3947 1858 4000 in
1907 3955 2130 4014 terram,

545 4043 708 4105 atque
737 4033 966 4088 terrifica
995 4033 1160 4103 cmpit
1187 4049 1320 4088 voce
1349 4035 1605 4101 clamare,
1656 4034 1982 4090 Germanum
2037 4051 2136 4092 co-

549 4135 672 4174 ram
701 4119 976 4182 assistere,
1009 4133 1240 4188 eumque
1270 4133 1328 4172 se
1357 4118 1552 4172 baculo
1608 4135 1770 4189 quem
1825 4135 1988 4174 manu
2033 4137 2138 4194 ge-

548 4207 728 4262 stabat
759 4205 999 4279 graviter
1029 4205 1325 4278 tlagellare.
1360 4205 1516 4274 Quod
1539 4206 1784 4262 videntes
1803 4209 2006 4264 Horich
2035 4209 2142 4265 sci-

549 4297 678 4352 licet
705 4295 1050 4366 universique
1109 4294 1214 4348 sibi
1272 4295 1611 4360 assistentes,
1671 4296 1897 4368 ipseque
1948 4297 2140 4353 Kobbo

552 4383 831 4440 Luduwici
861 4383 1008 4456 regis
1039 4383 1168 4439 illuc
1196 4383 1434 4439 directus
1477 4385 1711 4455 legatus,
1743 4403 1808 4440 ex
1839 4387 1944 4443 hoc
1998 4388 2142 4459 quod

2233 3827 2417 3882 dinem
2445 3835 2738 3898 sequentes
2785 3827 3190 3898 processimus,
3237 3842 3382 3882 nunc
3427 3827 3684 3883 ordinem
3729 3843 3840 3899 quo

2233 3916 2402 3986 ipsius
2431 3915 2731 3971 beatissimi
2759 3932 2952 3988 corpus
2982 3917 3211 3972 relatum
3241 3917 3310 3971 sit
3329 3916 3512 3972 dicere
3539 3915 3842 3990 aggredia-

2235 4021 2358 4059 mur
2380 4047 2394 4074 ,
2425 4005 2509 4059 his
2537 4005 2836 4075 praemissis
2865 4023 2984 4077 quas
3013 4006 3070 4060 in
3089 4005 3219 4061 villa
3265 4005 3488 4060 Cumbis
3529 4004 3844 4062 accedenti-

2237 4093 2338 4148 bus
2359 4092 2608 4160 inﬁrmis,
2661 4095 2778 4164 ejus
2823 4094 3135 4166 patrociniis
3191 4093 3392 4150 donata
3441 4095 3840 4168 cognovimus:

2240 4197 2358 4253 quae
2388 4198 2494 4253 quo
2521 4183 2698 4255 magis
2725 4191 3032 4248 narrantur,
3083 4199 3150 4238 eo
3207 4183 3439 4254 amplius
3483 4185 3634 4252 juvat
3662 4199 3694 4237 a
3735 4182 3844 4254 pia

2239 4270 2562 4325 narrationis
2590 4270 2803 4327 tramite
2829 4287 2936 4326 non
2953 4271 3252 4328 discedere.
3275 4271 3447 4343 Igitur
3473 4288 3598 4327 cum
3619 4271 3844 4344 quidam

2239 4371 2378 4426 puer
2405 4357 2666 4428 Dagenus
2696 4355 2932 4426 nomine,
2967 4373 3032 4411 ex
3053 4355 3257 4411 familia
3283 4357 3528 4426 ejusdem
3559 4363 3844 4412 monaste-

554 4473 822 4530 acciderat
877 4444 1098 4542 stupore
1155 4472 1322 4526 nimio
1381 4474 1612 4543 permoti
1669 4473 1916 4528 admirati
1993 4444 2134 4530 sunt.
2167 4459 2329 4543 D111"
2353 4445 2556 4543 Aémidus
2585 4453 2645 4543 et.
2666 4453 2865 4543 munis?
2895 4461 3242 4543 omni?qu
3275 4446 3646 4543 ιξξξεωδτοτυω
3665 4444 3848 4543 om?”

557 4563 738 4616 Isdem
767 4575 899 4614 vero
929 4561 1272 4631 Ragenarius
1303 4560 1382 4616 sic
1439 4561 1750 4616 humiliatus
1805 4578 1868 4618 ac
1923 4573 2148 4634 repente

557 4649 840 4714 contritus,
873 4649 1100 4702 aliorum
1137 4649 1388 4703 manibus
1435 4649 1542 4704 cito
1600 4649 1840 4705 sublatus
1897 4653 2144 4708 recessit.

560 4738 666 4808 Qui
693 4737 946 4792 maximis
1001 4753 1100 4807 per
1151 4737 1392 4792 triduum
1447 4739 1731 4793 tormentis
1787 4739 2148 4812 ignominiose

561 4825 810 4893 afflictus,
839 4825 1099 4896 praecepit
1125 4826 1347 4880 tandem
1377 4842 1538 4880 unam
1571 4841 1794 4882 auream
1819 4845 1932 4884 sure
1955 4829 2148 4883 simili-

563 4915 764 4969 tudinis
794 4921 1026 4968 statuam
1055 4913 1193 4980 fieri,
1227 4923 1390 4986 atque
1419 4931 1518 4984 per
1547 4915 1797 4970 eumdem
1827 4917 2148 4973 Kobbonem

561 5005 834 5060 Germano
865 5003 982 5057 seni
1069 5002 1288 5070 deferri,
1347 5004 1584 5073 spondes
1641 5019 1720 5072 se,
1771 5004 1816 5058 si
1869 5007 2143 5076 evaderet,

559 5091 922 5149 Christianum
949 5090 1210 5161 deinceps
1259 5092 1513 5158 futurum,
1549 5093 1832 5164 Deumque
1888 5093 2149 5150 Christia-

557 5197 754 5237 norum
783 5179 1146 5236 indubitanter
1175 5179 1506 5234 crediturum
1532 5199 1546 5246 ;
1580 5181 1678 5235 sed
1734 5182 1860 5253 quia
1889 5199 1997 5238 non
2029 5192 2146 5239 erat

557 5286 622 5324 ex
647 5269 842 5325 ovibus
873 5268 1090 5334 Christi,
1121 5267 1328 5323 idcirco
1359 5269 1504 5339 quod
1525 5269 1740 5338 petebat
1760 5271 2006 5327 obtinere
2037 5287 2144 5327 non

555 5359 771 5412 meruit.
808 5359 884 5412 lla
911 5372 1136 5428 prorsus
1194 5356 1425 5422 inflatus,
1472 5357 1930 5428 quemadmodum
1985 5360 2144 5416 nobis

551 5443 696 5499 idem
743 5445 934 5500 Kobbo
965 5443 1308 5500 manifestum
1361 5445 1509 5512 fecit,
1571 5461 1634 5502 ac
1689 5454 1832 5501 totus
1893 5447 2143 5518 turgidus

549 5541 770 5609 exstitit,
805 5549 864 5595 ut
891 5558 991 5596 nec
1021 5542 1270 5610 audibus,
1297 5557 1397 5598 nec
1417 5541 1586 5610 visus,
1619 5559 1720 5600 nec
1749 5543 2022 5612 odoratus,
2055 5545 2144 5602 vel

2245 4531 2549 4598 destitutus,
2581 4533 2649 4586 ad
2676 4533 2952 4604 pmfatam
2981 4533 3164 4589 villam
3191 4535 3386 4590 auxilio
3427 4541 3718 4605 parentum
3745 4533 3852 4588 de-

2247 4629 2489 4691 portatus
2519 4620 2726 4688 fuisset,
2761 4623 2834 4678 ita
2863 4631 2946 4678 est
2975 4623 3154 4678 subito
3177 4623 3382 4678 meritis
3409 4623 3582 4694 ipsius
3611 4622 3848 4696 gloriosi

2245 4708 2515 4779 pontificis
2534 4710 2774 4780 pristinae
2797 4711 3042 4766 redditus
3071 4713 3307 4778 sanitati,
3329 4719 3386 4766 ut
3431 4719 3486 4766 et
3525 4711 3852 4782 loqueretur

2246 4797 2446 4867 pariter
2473 4806 2525 4852 et
2555 4799 2798 4854 audiret:
2847 4808 2899 4854 et
2929 4801 3020 4871 qui
3063 4799 3392 4870 paralyticus
3437 4801 3692 4854 manibus
3739 4799 3848 4854 de—

2248 4895 2438 4941 vectus
2469 4895 2690 4942 venerat
2721 4888 2928 4954 alienis,
2977 4904 3148 4944 ovans
3177 4905 3241 4944 ac
3278 4888 3624 4944 laetabundus
3671 4887 3846 4942 tribus

2247 4973 2300 5026 in
2328 4991 2386 5029 se
2419 4975 2568 5030 miris
2597 4976 2851 5042 ostensis,
2885 4977 3118 5047 propriis
3141 4978 3253 5046 jam
3275 4977 3438 5048 coepit
3455 4977 3536 5032 ire
3567 4975 3840 5049 vestigiis.

2245 5063 2492 5135 Namque
2521 5079 2553 5120 a
2581 5072 2720 5120 terra
2767 5073 2888 5136 post
2927 5065 3204 5135 paululum
3249 5065 3535 5121 incolumis
3582 5079 3842 5136 surgens,

2245 5167 2369 5205 eum
2397 5167 2600 5225 magna
2627 5153 2809 5209 cordis
2830 5153 3107 5209 alacritate
3135 5153 3242 5208 illis
3273 5153 3365 5226 qui
3379 5153 3608 5209 aderant
3629 5151 3804 5208 aiebat
3831 5171 3846 5207 :

2246 5239 2410 5308 Ecce,
2443 5257 2571 5296 ecce
2601 5241 2754 5296 adest
2783 5241 2970 5296 beatus
2990 5242 3319 5308 Germanus,
3343 5259 3442 5314 per
3470 5257 3636 5314 quem
3650 5257 3739 5296 me
3769 5249 3850 5295 to-

2244 5333 2355 5381 tum
2389 5329 2504 5384 Deo
2531 5329 2734 5402 gratias
2765 5345 3005 5402 agnosco
3035 5339 3302 5386 curatum.

2882 5465 3108 5522 CAPUT
3135 5465 3256 5520 XV.

2312 5551 2428 5608 Nec
2457 5551 2588 5607 illud
2615 5551 2788 5610 omitti
2809 5553 2987 5622 debet,
3011 5555 3157 5626 quod
3185 5553 3428 5612 Christus
3457 5551 3526 5608 ad
3546 5551 3766 5609 laudem
3793 5561 3849 5610 et
