4060 6184
296 268 443 323 103³7

1394 276 1490 332 DE
1518 277 1893 335 MIRACULIS
1936 278 1998 335 S.
2057 280 2397 342 GERMANI.
2429 318 2498 328 —
2527 288 2655 344 LIB.
2690 291 2733 346 Ι.

3458 306 3597 361 1038

296 391 532 461 gloriam
562 391 748 448 famuli
778 394 863 449 sui
892 394 1080 468 largiri
1128 397 1383 470 dignatus
1413 408 1514 466 est,
1547 404 1694 473 quod
1739 403 1899 458 etiam
1928 405 1985 463 A
1999 407 2173 474 jubilo
2221 410 2572 478 exsultantes,
2624 413 2940 471 innumeras
2978 418 3094 474 Deo
3135 424 3339 492 gratias
3388 427 3597 486 refere-

299 481 648 563 audientibus
689 481 954 552 proﬁcere
1000 486 1296 543 credimus.
1350 490 1585 544 Fuerunt
1633 491 1809 563 itaque
1854 492 1909 546 in

299 569 496 623 eadem
527 570 652 624 villa
680 571 804 626 duae
830 572 1045 642 puellm,
1079 574 1245 646 longo
1276 585 1520 648 tempore
1554 579 1631 634 sic
1662 578 1907 634 febribus

298 656 463 712 valde
494 667 722 725 vexatae,
758 669 815 715 ut
842 661 930 715 vix
953 661 1067 729 jam
1096 665 1327 733 pedibus
1358 665 1614 722 incedere
1644 668 1907 738 valerent,

302 745 504 816 quibus
533 763 637 803 nec
666 747 776 803 ulla
806 750 1089 806 medicina:
1118 768 1208 806 ars
1237 762 1462 809 eatenus
1510 757 1748 826 potuerit
1778 758 1910 811 sub-

299 834 513 888 venire.
548 834 682 904 Quae
711 852 836 892 cum
878 836 1076 894 ﬁducia
1103 846 1301 913 magna
1330 844 1398 897 ad
1429 844 1679 899 eamdem
1730 846 1912 901 eccle-

301 921 443 976 siam
472 923 529 976 in
568 941 676 995 qua
706 926 1052 982 sanctissima
1101 931 1218 997 ejus
1249 932 1491 985 membra
1538 933 1712 1002 posita
1758 942 1913 988 erant

298 1019 622 1081 pergentes,
679 1014 949 1082 petierunt
992 1031 1025 1070 a
1071 1019 1388 1073 custodibus
1446 1027 1503 1074 ut
1560 1022 1753 1076 saltem
1813 1023 1912 1076 sub

298 1099 434 1153 tanti
462 1098 737 1170 pontiﬁcis
766 1104 1077 1159 venerabile
1126 1121 1327 1177 corpus
1359 1107 1441 1162 eis
1472 1110 1734 1164 transitus
1764 1128 1912 1181 prce-

298 1186 547 1243 beretur.
583 1192 651 1243 At
680 1189 757 1243 illi
786 1188 951 1246 ﬁdem
976 1192 1193 1247 illarum
1224 1194 1441 1265 plenam
1472 1198 1911 1266 considerantes,

296 1276 667 1345 promiserunt
696 1294 791 1333 eas
819 1279 959 1335 sicut
977 1281 1167 1336 humili
1196 1284 1453 1353 petebant
1472 1302 1636 1355 prece
1660 1286 1910 1351 transire,

296 1362 417 1419 Nec
466 1362 603 1419 ﬁdes
648 1367 931 1436 praemium
981 1369 1206 1426 distulit.
1242 1372 1319 1426 Ita
1350 1388 1482 1427 sane
1522 1374 1693 1444 ipsius
1741 1375 1915 1431 sancti

296 1453 553 1523 corporis
576 1455 803 1511 transito
834 1455 1034 1512 feretro
1056 1458 1126 1513 ab
1157 1461 1406 1515 eamdem
1446 1460 1757 1518 inﬁrmitate
1788 1481 1914 1519 mox

295 1550 505 1596 curatae
537 1552 681 1608 sunt,
718 1551 773 1597 ut
804 1545 1004 1599 nullam
1047 1547 1243 1603 exinde
1292 1549 1598 1604 molestiam
1628 1568 1729 1621 per
1774 1551 1917 1606 idem

295 1636 515 1700 tempus
547 1631 775 1686 ulterius
823 1642 1154 1702 paterentur.
1187 1638 1339 1709 Ergo
1388 1638 1652 1693 mirabilis
1682 1640 1831 1694 Deus
1861 1640 1917 1695 in

2008 494 2157 550 bant.
2180 498 2295 554 Nec
2326 498 2545 555 uberior
2563 502 2832 559 maestitiae
2853 504 3013 561 fletus
3032 507 3088 561 in
3104 512 3594 588 transmigratione,

2008 600 2169 653 quam
2214 586 2393 642 laetitae
2423 590 2625 643 exstitit
2652 591 2706 644 in
2751 594 3083 650 reversione.
3131 598 3393 655 Praefatus
3422 586 3601 676 itaque

2008 672 2250 741 antistes,
2272 675 2471 747 aliique
2500 678 2567 732 ad
2586 679 2688 734 hoc
2717 680 2911 737 delecti
2935 687 3253 742 sacerdotes
3284 672 3605 764 nobilesque

2010 760 2132 826 viri,
2184 765 2613 821 sacratissimum
2658 769 2773 837 ejus
2820 786 3022 841 corpus
3070 777 3305 845 propriis
3361 760 3605 836 humeris

2012 849 2250 904 vicissim
2281 860 2579 922 gestantes,
2615 856 2839 927 reliquis
2859 860 3112 915 omnibus
3141 866 3266 919 ante
3284 874 3337 920 et
3366 877 3490 937 post
3518 868 3599 925 fe-

2013 945 2216 992 retrum
2246 956 2368 995 cum
2390 940 2635 997 laudibus
2665 953 2718 998 et
2744 946 2960 1015 hymnis
2996 950 3411 1020 tripudiantibus
3454 956 3608 1026 baju-

2011 1025 2343 1098 lantiumque
2394 1038 2576 1086 vestes
2624 1033 2892 1105 attingere
2940 1035 3336 1107 festinantibus,
3370 1044 3442 1098 ad
3471 1025 3606 1115 pro-

2011 1109 2191 1179 priam
2222 1111 2639 1182 deportaverunt
2668 1118 2979 1174 ecclesiam.
3005 1122 3248 1194 Cumque
3277 1127 3347 1180 ad
3376 1109 3606 1197 primam

2014 1199 2334 1253 monasterii
2362 1209 2574 1270 portam
2622 1206 2979 1277 pervenisset,
3033 1221 3317 1282 coeperunt
3344 1216 3606 1287 hymnum

2025 1287 2089 1341 Te
2112 1288 2287 1342 Deum
2319 1289 2637 1360 laudamus,
2673 1297 2725 1348 te
2746 1296 3047 1353 Dominum
3075 1302 3433 1374 conﬁtemur,
3466 1307 3607 1362 caelo

2015 1384 2305 1430 resonante
2321 1385 2447 1432 ante
2467 1378 2644 1449 ipsum
2673 1380 2986 1451 decantare,
3009 1399 3273 1457 ponentes
3294 1408 3417 1447 eum
3437 1411 3606 1466 super

2015 1461 2183 1517 altare
2212 1466 2387 1519 sancti
2437 1466 2694 1537 Stephani
2725 1471 2778 1524 in
2803 1472 2992 1527 eadem
3023 1477 3252 1532 ecclesia
3298 1461 3604 1553 principali.

2016 1551 2120 1605 Ubi
2163 1553 2347 1607 tandiu
2404 1557 2618 1622 mansit,
2681 1559 2856 1615 donec
2902 1563 3264 1621 translationis
3292 1570 3408 1637 ejus
3438 1551 3609 1627 festus

2017 1639 2153 1706 dies,
2215 1657 2336 1711 quae.
2392 1651 2582 1699 octavo
2640 1646 2916 1702 Kalendas
2989 1654 3234 1725 Augusta
3287 1656 3607 1729 celebratur,

295 1717 507 1773 sanctis
540 1719 672 1785 suis,
705 1721 795 1790 qui
824 1738 933 1777 non
981 1723 1157 1777 solum
1187 1740 1281 1779 eos
1310 1726 1366 1779 in
1395 1728 1653 1796 praesenti
1700 1729 1904 1799 gratia-
1940 1757 1993 1816 B
2018 1727 2320 1784 adveniret.
2353 1731 2505 1787 Tunc
2534 1734 2798 1790 accedens
2819 1748 3153 1796 memoratus
3185 1744 3357 1799 abbas
3379 1747 3612 1803 domnus

292 1821 419 1860 rum
471 1805 631 1861 donis
677 1808 948 1878 miriﬁcat,
998 1828 1186 1866 verum
1217 1821 1268 1868 et
1296 1822 1420 1884 post
1465 1824 1700 1871 mortem
1749 1817 1911 1872 tantis

297 1893 698 1951 beneﬁciorum
728 1898 1046 1954 muneribus
1075 1917 1264 1955 eorum
1317 1903 1525 1958 meritis
1553 1904 1912 1977 largientibus

300 1983 567 2054 praestitis
595 1985 984 2042 miraculorum
1014 1988 1285 2061 gloriﬁcat
1316 1991 1508 2064 signis.

901 2103 1126 2159 CAPUT
1154 2105 1301 2160 XVI.

372 2186 504 2241 Post
570 2187 685 2243 haec
742 2204 867 2244 cum
937 2191 1052 2260 ejus
1128 2194 1560 2249 sacratissimum
1634 2212 1836 2267 corpus
1883 2214 1915 2252 a

297 2274 620 2345 supradicta
650 2277 777 2332 villa
820 2278 1044 2334 Cumbis
1074 2281 1144 2335 ad
1174 2284 1568 2339 monasterium
1600 2294 1913 2356 reportare-

294 2372 429 2430 tur;
463 2365 610 2435 quod
641 2373 767 2421 tunc
797 2366 851 2420 in
882 2368 971 2423 via
1017 2377 1196 2424 actum
1228 2380 1310 2425 est
1336 2371 1686 2428 manifestare
1735 2374 1916 2445 placet

293 2451 352 2505 in
383 2452 622 2524 populis.
654 2454 810 2508 Tanti
850 2456 1086 2528 denique
1115 2459 1367 2528 praesulis
1398 2461 1713 2516 beatissima
1742 2479 1915 2518 mem-

295 2540 396 2594 bra
447 2542 727 2597 monachis
770 2559 895 2598 cum
924 2544 1170 2599 laudibus
1199 2555 1253 2601 et
1282 2548 1499 2617 hymnis
1528 2550 1597 2605 ad
1628 2552 1913 2622 proprium

296 2628 662 2685 referentibus
709 2630 910 2697 locum,
961 2634 1189 2705 contigit
1217 2644 1275 2690 ut
1304 2651 1498 2692 cereus
1528 2638 1621 2709 qui
1648 2639 1912 2709 praefere-

293 2717 463 2772 batur
491 2718 711 2786 ardens,
754 2720 1091 2777 validissimo
1122 2724 1284 2779 flante
1335 2732 1512 2790 vento,
1549 2727 1711 2781 etiam
1741 2728 1797 2781 in
1826 2728 1912 2783 la-

296 2814 455 2861 terna
482 2806 539 2860 in
565 2822 673 2878 qua
704 2808 914 2878 positus
965 2818 1101 2876 erat,
1150 2812 1610 2885 exstingueretur.
1664 2817 1910 2888 Dumque

292 2909 426 2950 cum
456 2911 597 2966 equo
632 2896 705 2951 ad
731 2896 914 2951 villam
945 2899 1068 2969 quis
1114 2909 1339 2970 propter
1385 2902 1569 2974 ignem
1600 2904 1691 2975 qui
1722 2922 1912 2960 rursus

290 2982 579 3038 debuisset
623 2985 851 3041 accendi
879 2986 961 3041 ire
1005 2987 1287 3055 voluisset,
1339 2990 1553 3045 coalitus
1601 2991 1821 3063 effulsit,
1853 3002 1913 3049 ut

290 3066 554 3123 omnibus
584 3068 677 3140 qui
703 3069 946 3137 aderant,
997 3078 1259 3142 tanquam
1306 3074 1607 3131 exstinctus
1635 3092 1744 3131 non
1774 3077 1912 3132 fuis-

292 3163 398 3221 set,
432 3155 489 3210 in
516 3156 707 3217 eadem
753 3157 963 3213 laterna
1009 3160 1240 3215 rutilans
1287 3171 1595 3233 appareret.
1650 3166 1807 3220 Unde
1837 3166 1909 3221 ad

291 3244 455 3313 hujus
502 3244 585 3300 rei
633 3245 1003 3302 testimonium
1058 3248 1114 3302 in
1169 3250 1363 3305 eodem
1411 3252 1533 3307 loco
1577 3268 1610 3307 a
1656 3252 1908 3309 ﬁdelibus

290 3348 428 3389 crux
454 3332 637 3404 lignea
656 3342 681 3368 ³
725 3335 945 3406 ponitur
981 3354 994 3390 :
1028 3344 1085 3391 ut
1115 3338 1261 3409 quod
1300 3338 1375 3393 ibi
1404 3346 1528 3396 tunc
1556 3349 1771 3413 gestum
1801 3350 1902 3413 est,

290 3421 553 3493 quodque
602 3422 922 3495 priusquam
969 3425 1040 3479 ad
1086 3427 1480 3483 monasterium
1526 3431 1908 3500 perveniretur

289 3509 627 3581 geminatum
676 3512 1017 3580 miraculum,
1073 3530 1107 3569 a
1154 3517 1556 3572 transeuntibus
1602 3518 1904 3592 futurisque

289 3613 404 3653 non
430 3597 717 3671 ignoretur
746 3602 1209 3672 generationibus.

918 3707 1048 3763 CAP
1056 3710 1144 3765 UT
1170 3710 1340 3765 XVII.

365 3810 600 3867 Ventum
656 3820 739 3867 est
792 3822 969 3870 autem
1029 3829 1139 3870 non
1187 3816 1377 3887 paucis
1428 3816 1631 3872 sanatis
1671 3816 1901 3872 inﬁrmis

285 3916 418 3958 eum
463 3899 870 3974 magniﬁcentia
899 3910 953 3958 et
977 3904 1204 3959 honoris
1236 3905 1501 3976 obsequio
1528 3906 1594 3960 ad
1644 3907 1899 3961 Theode-

288 3991 436 4045 sium
467 3995 493 4033 ι)
535 3990 781 4059 ejusdem
837 3992 1008 4048 sancti
1057 3992 1242 4049 villam
1277 4010 1290 4046 :
1322 3994 1466 4049 unde
1514 3994 1761 4066 sequenti
1809 3996 1898 4052 die

284 4078 672 4135 comitantibus
720 4096 939 4135 rursum
995 4080 1250 4136 virtutum
1302 4082 1568 4155 prodigiis
1622 4092 1899 4156 gratanter

286 4167 523 4239 egressi,
574 4177 840 4224 venerunt
886 4168 1183 4239 psallentes
1226 4178 1481 4242 rectoque
1523 4171 1713 4228 itinere
1760 4189 1895 4244 gra-

285 4256 507 4312 dientes
535 4272 709 4327 usque
740 4257 811 4312 ad
832 4256 1054 4313 ﬂuvium
1094 4259 1187 4329 qui
1228 4259 1393 4331 vulgo
1432 4260 1628 4316 dicitur
1664 4261 1829 4316 Biber
1849 4270 1889 4316 ο.

288 4342 417 4411 Quo
447 4344 774 4399 transmisso
823 4346 1150 4401 venerabilis
1197 4347 1398 4417 praesul
1426 4356 1478 4403 et
1508 4348 1678 4402 abbas
1723 4349 1892 4419 ipsius

283 4432 607 4487 monasterii
634 4433 870 4488 domnus
898 4435 1170 4490 Ebroinus
1191 4435 1408 4491 obviam
1438 4437 1605 4503 venit,
1630 4437 1891 4508 multique
1918 4462 1970 4522 D

284 4520 574 4592 utriusque
603 4538 785 4590 sexus,
818 4523 1024 4579 diversi
1052 4524 1256 4596 gradus
1287 4533 1339 4579 et
1366 4525 1575 4580 ordinis
1605 4542 1727 4581 cum
1757 4541 1885 4582 cru-

285 4608 447 4664 cibus
496 4617 551 4664 et
605 4610 801 4677 cereis,
862 4611 1184 4683 reliquoque
1233 4614 1575 4670 sanctissimo
1620 4622 1887 4685 apparatu

285 4713 417 4753 cum
447 4713 514 4753 eo
539 4716 552 4752 :
582 4698 739 4769 plebs
769 4715 986 4771 quoque
1016 4700 1247 4757 civitatis
1276 4702 1631 4774 villarumque
1654 4703 1889 4759 circum-

287 4801 507 4858 quaque
535 4803 645 4842 non
689 4788 924 4855 modica,
957 4805 1082 4845 cum
1125 4789 1273 4844 omni
1320 4790 1591 4847 alacritate
1619 4806 1685 4847 ac
1714 4791 1888 4846 devo-

282 4874 439 4930 tione
469 4874 650 4931 cordis
678 4876 921 4932 universi
949 4886 1252 4933 currentes.
1307 4879 1447 4934 Nam
1477 4879 1664 4936 clerici
1690 4895 1891 4951 magna

285 4978 417 5020 cum
447 4978 583 5020 voce
612 4966 789 5020 Deum
834 4965 1134 5033 laudantes,
1169 4966 1406 5038 singultu
1433 4967 1705 5023 interdum
1750 4984 1891 5040 qua-

288 5053 463 5108 tiente
491 5053 797 5124 psallebant
828 5072 841 5108 :
873 5055 1062 5127 populi
1091 5063 1270 5111 autem
1312 5073 1455 5113 nunc
1485 5074 1597 5128 pra:
1623 5057 1892 5114 immenso

285 5141 495 5213 gaudio
539 5141 811 5213 lacrymas
858 5142 1172 5213 fundentes,
1213 5160 1357 5202 nunc
1385 5161 1518 5202 vero
1546 5163 1664 5218 pra:
1710 5147 1893 5203 cordis

359 5330 385 5359 ι
419 5305 549 5355 Crux
617 5306 711 5356 ista
777 5306 907 5358 inter
986 5306 1303 5369 Quinciacum
1373 5313 1425 5359 et
1502 5306 1895 5361 Villam-Novam

288 5366 346 5422 S.
375 5371 597 5435 Gregorii
624 5372 857 5424 collocata
881 5366 1079 5424 dicitur.

359 5487 386 5522 δ
429 5473 753 5536 Theodasius,
808 5475 996 5535 Thiais,
1047 5476 1182 5526 vicus
1228 5477 1466 5526 hactenus
1513 5475 1733 5526 cmnobio
1776 5477 1898 5527 Pra-

290 5539 425 5591 tensi
505 5539 773 5606 subjectus,
842 5538 997 5593 altero
1061 5542 1256 5594 multari
1315 5555 1463 5607 supra
1510 5542 1700 5607 urbem,
1766 5544 1897 5596 haud

2013 1815 2284 1871 Ebroinus
2314 1818 2620 1891 episcopus,
2654 1823 2774 1877 tulit
2824 1825 2994 1891 illum,
3031 1836 3084 1882 et
3115 1831 3399 1888 collocavit
3427 1835 3484 1888 in
3513 1852 3613 1892 suo

2015 1906 2357 1978 sarcophago
2404 1924 2528 1964 cum
2572 1919 2719 1966 metu
2751 1921 2803 1967 et
2846 1914 3011 1969 nimia
3056 1918 3340 1991 diligentia
3385 1923 3612 1979 benedi-

2015 1994 2262 2048 centibus
2346 1997 2611 2054 universis
2680 2001 2771 2072 qui
2839 2004 3061 2060 aderant
3131 2022 3194 2063 ac
3263 2009 3607 2067 laudantibus

2014 2081 2208 2137 Deum.

2574 2193 2799 2252 CAPUT
2826 2198 3025 2255 XVIII.

2084 2276 2333 2348 Denique
2382 2288 2663 2352 postquam
2696 2285 2812 2353 ejus
2857 2288 3279 2346 sacratissimum
3327 2308 3525 2367 corpus
3555 2295 3609 2353 in

2016 2378 2114 2417 suo
2144 2373 2227 2419 est
2257 2366 2579 2423 collocatum
2611 2372 2884 2442 sepulcro,
2927 2375 3071 2430 illam
3103 2378 3367 2436 visionem
3397 2366 3609 2442 silendo

2013 2452 2298 2520 praeterire
2329 2470 2438 2509 non
2466 2457 2752 2527 debemus,
2776 2478 2896 2532 quae
2925 2464 3140 2521 cuidam
3170 2468 3322 2524 fratri
3351 2481 3535 2529 nostro
3554 2474 3611 2530 in

2015 2540 2209 2594 eodem
2258 2544 2508 2601 ccenobio
2557 2548 2791 2619 quadam
2837 2560 2995 2607 nocte
3026 2556 3263 2611 revelata
3294 2568 3393 2614 est.
3448 2562 3611 2620 Vide-

2014 2628 2214 2683 bantur
2271 2631 2415 2710 enim
2472 2634 2548 2688 illi
2585 2636 2639 2689 in
2687 2653 2882 2708 sopere
2940 2643 3118 2710 posito
3173 2662 3365 2703 omnes
3416 2649 3610 2708 fratres

2012 2715 2184 2786 ipsius
2230 2707 2544 2796 monasterii
2589 2731 2795 2780 stantes
2837 2727 2894 2781 in
2935 2731 3105 2786 choro
3153 2736 3393 2792 vestibus
3440 2738 3611 2796 induti

2014 2785 2369 2874 solemnibus,
2404 2808 2692 2880 loquentes
2740 2814 2809 2868 ad
2838 2815 3073 2874 invicem
3097 2823 3251 2892 quasi
3281 2825 3350 2880 de
3374 2826 3460 2881 his
3491 2845 3612 2900 qua

2013 2893 2328 2950 acciderant
2356 2898 2512 2953 malis
2546 2917 2559 2952 :
2594 2902 3042 2977 respicentesque
3072 2918 3263 2966 contra
3291 2893 3611 2972 orientalem

2015 2980 2260 3049 ejusdem
2318 2986 2565 3043 ecclesiae
2624 2998 2861 3062 partem,
2925 2995 3179 3052 viderunt
3239 3000 3614 3060 beatissimum

2017 3069 2350 3127 Germanum
2380 3075 2543 3130 veluti
2570 3076 2624 3131 in
2655 3079 2839 3135 habitu
2883 3083 3103 3139 militari
3130 3095 3252 3143 ante
3290 3090 3460 3147 altare
3485 3108 3612 3149 san—

2010 3157 2082 3212 cti
2112 3158 2369 3230 Stephani
2391 3164 2670 3235 galeatum
2700 3175 2861 3238 atque
2881 3170 3109 3228 miriﬁce
3136 3174 3425 3233 loricatam
3456 3188 3610 3237 stan-

2008 3253 2136 3313 tem,
2169 3256 2222 3302 et
2252 3249 2329 3303 uti
2358 3266 2425 3304 ex
2456 3266 2652 3322 campo
2694 3258 3007 3313 certaminis
3053 3262 3441 3332 armigeratum
3487 3267 3606 3324 fes-

2007 3349 2239 3406 sumque
2250 3337 2583 3394 venientem:
2603 3342 2983 3416 aspiciensque
2993 3357 3235 3415 cunctos,
3252 3351 3607 3427 interrogavit

2004 3423 2201 3478 usitato
2247 3426 2427 3495 gentis
2456 3429 2695 3495 nomine,
2746 3432 2836 3485 ubi
2867 3443 3051 3489 essent
3081 3437 3165 3492 vel
3196 3455 3304 3509 quo
3340 3423 3601 3499 abiissent

2002 3510 2327 3567 Nortmanni
2371 3513 2544 3585 ipsius
2583 3519 2771 3588 templi
2792 3520 3103 3590 violatores,
3149 3527 3340 3596 patriae
3369 3529 3603 3603 dissipa-

2003 3605 2170 3667 tores,
2204 3601 2293 3671 qui
2323 3618 2423 3656 sua
2452 3604 2791 3678 aliorumque
2820 3617 3131 3666 sanctorum
3159 3617 3409 3672 membra
3436 3601 3601 3677 effodi

2004 3689 2412 3759 compulissent.
2449 3692 2548 3747 Cui
2578 3695 2766 3749 humili
2794 3698 2923 3751 satis
2953 3698 3032 3770 (ut
3051 3700 3299 3776 decebat)
3329 3720 3597 3778 responso

2001 3774 2268 3843 dixerunt,
2306 3778 2434 3849 quia
2464 3782 2838 3838 recessissent.
2888 3786 3036 3843 Tunc
3066 3774 3389 3848 venerabilis
3416 3774 3591 3868 Pater,

2000 3863 2163 3929 Bene,
2213 3865 2406 3937 inquit,
2442 3877 2495 3922 et
2522 3871 2638 3925 Deo
2681 3873 2892 3943 gratias
2935 3878 3233 3947 respondit.
3286 3882 3494 3940 Deinde
3536 3863 3594 3941 in

2000 3952 2158 4006 sedili
2187 3955 2331 4025 quod
2360 3964 2483 4012 ante
2512 3968 2863 4016 memoratum
2892 3962 3063 4020 altare
3090 3976 3336 4037 paratum
3367 3981 3500 4043 erat,
3533 3982 3591 4029 ut

1998 4040 2176 4096 eidem
2206 4043 2415 4099 videtur
2443 4045 2614 4113 fratri,
2664 4049 2930 4119 residens,
2963 4056 3176 4111 vocavit
3205 4073 3300 4113 eos
3321 4040 3590 4136 jussitque

1996 4136 2055 4183 ut
2085 4146 2207 4186 sese
2237 4132 2307 4186 ad
2335 4132 2715 4205 deponendum
2746 4154 2812 4193 ea
2843 4157 2964 4211 qua:
3001 4145 3246 4213 portabat
3275 4163 3422 4203 arma
3450 4132 3592 4206 mili-

1996 4218 2132 4272 taria
2169 4220 2439 4287 juvarent.
2508 4225 2717 4279 Interea
2762 4229 2905 4297 quod
2948 4232 3313 4299 aspiciebatur
3365 4236 3582 4295 defecit.

1992 4306 2107 4359 Nos
2127 4321 2255 4361 vero
2276 4307 2362 4360 tali
2383 4309 2567 4363 habitu
2585 4311 2784 4382 talique
2807 4314 3014 4369 visione
3035 4318 3441 4389 praeﬁguratum
3462 4326 3583 4380 ani-

1992 4393 2398 4461 madvertimus,
2439 4397 2585 4467 quod
2609 4398 2724 4464 jam
2771 4401 3036 4457 veraciter
3077 4404 3275 4462 factum
3321 4425 3445 4466 esse
3492 4428 3583 4468 co-

1994 4481 2328 4552 gnoscimus,
2362 4482 2623 4539 ultionem
2655 4487 2928 4542 dumtaxat
2959 4506 2991 4544 a
3020 4502 3209 4548 sancto
3240 4496 3355 4552 viro
3385 4514 3451 4553 ex
3480 4499 3583 4555 ini-

1984 4567 2142 4623 micis
2172 4569 2384 4624 coalitus
2415 4581 2741 4642 reportatam
2773 4593 2786 4629 :
2821 4577 2976 4645 cujus
3005 4578 3361 4655 interrogatio
3390 4602 3579 4642 eorum

1983 4656 2306 4726 perditionis
2351 4659 2663 4723 declaratio,
2678 4661 2796 4717 fuit.
2828 4665 2887 4718 In
2917 4680 3194 4723 armorum
3239 4688 3451 4745 quoque
3480 4676 3581 4730 de-

1986 4746 2359 4814 ponendorum
2417 4748 2761 4818 adjuvatione
2836 4754 3162 4827 colligimus,
3228 4762 3375 4831 quod
3430 4778 3574 4835 eum,

1986 4831 2154 4888 immo
2170 4836 2532 4906 nosmetipsos
2562 4839 2698 4895 bene
2713 4840 2950 4908 juvando
2973 4844 3231 4913 adjuvare
3253 4831 3573 4920 debeamus,

1989 4937 2056 4977 ne
2086 4922 2212 4977 talia
2241 4924 2398 4979 nobis
2428 4934 2520 4979 aut
2549 4926 2626 4980 illi
2652 4944 2751 4997 pro
2782 4927 2938 4984 nobis
2968 4932 3107 4987 ultra
3133 4938 3467 5006 proveniant.

2578 5049 2802 5107 CAPUT
2832 5054 2985 5110 XlX.

2062 5143 2219 5198 Nunc
2247 5143 2413 5217 igitur
2440 5145 2714 5219 paulisper
2742 5149 3088 5209 considerare
3103 5153 3253 5224 libet,
3278 5175 3442 5229 quam
3462 5177 3583 5219 me-

1992 5304 2160 5366 procul
2208 5319 2234 5354 a
2284 5307 2529 5368 Sequana.

1995 5388 2272 5439 lrminonis.

2065 5483 2087 5511 c
2118 5472 2269 5558 Biber
2306 5473 2680 5558 amnis,Lv'ulgo
2723 5479 2771 5527 la
2816 5478 3003 5531 riviére
3047 5483 3110 5533 de
3166 5485 3363 5541 Biet'rc.
3412 5493 3601 5558 Sequa-

1996 5549 2073 5589 na:
2099 5539 2332 5591 miscetur
2352 5540 2413 5592 ad
2431 5541 2622 5592 urbem.

2621 5309 2953 5361 Theodaa'ium
3033 5322 3237 5368 vocatur
3299 5320 3349 5370 in
3426 5325 3591 5377 codice
