4112 6192
524 261 660 314 1039

1524 256 1864 314 AIMOINUS
1907 255 2289 312 MONACIIUS
2347 255 2803 312 SANGERMAN.

3695 259 3822 312 {0&0

467 375 470 378 Α
525 383 726 440 tuenda
777 381 882 436 sint
929 381 1313 452 omnipotentis
1369 383 1466 437 Dei
1515 382 1722 452 judicia
1754 401 1768 448 ;
1803 391 2006 453 quanta
2053 382 2122 436 sit
2155 386 2210 446 Α
2299 381 2396 436 Hic
2427 389 2508 436 est
2539 381 2863 448 Germanus,
2897 379 3065 434 voluit
3097 396 3258 450 quem
3289 387 3462 434 mater
3489 379 3546 433 in
3575 379 3698 435 alvo

520 471 909 543 longanimitas
947 479 1109 542 atque
1132 471 1340 540 justitia
1372 471 1600 541 piissimi
1630 472 1906 527 Creatoris
1935 470 2126 539 nostri,

521 577 650 616 vere
679 559 936 614 terribilis
961 559 1017 613 in
1039 559 1282 615 consiliis
1315 561 1448 626 suis,
1471 561 1684 630 patiens
1702 569 1756 614 et
1783 559 2129 630 aequissimus

521 649 580 704 in
606 648 872 703 universis
903 648 1162 718 operibus
1208 649 1320 702 suis
1357 666 1369 701 :
1402 649 1493 720 qui
1535 653 1580 703 si
1611 649 1782 702 iratus
1812 650 1986 703 servis
2016 648 2128 702 suis

522 735 926 808 negligentibus
957 735 1138 800 fuerit,
1173 737 1278 792 cito
1325 737 1431 790 illis
1462 736 1849 806 poenitentibus
1881 737 2127 806 placatus

525 824 988 888 reconciliabitur,
1039 833 1202 896 atque
1248 825 1554 879 visibilibus
1603 826 1716 880 sive
1763 825 2124 879 invisibilibus

520 914 806 983 prostratis
837 913 1102 979 hostibus,
1123 929 1312 982 pacem
1344 913 1590 968 contritis
1612 914 1778 968 corde
1807 929 1930 968 cum
1959 913 2125 967 victo-

519 1001 603 1055 ria
633 1001 806 1056 dabit.
831 1001 920 1056 Sic
941 1001 1008 1055 de
1028 1001 1228 1071 populo
1251 1001 1546 1056 Israelitico
1580 1018 1724 1072 sepe
1741 1001 1973 1070 legimus
1998 1015 2010 1068 ;
2043 1001 2122 1056 sic

521 1089 724 1144 nostris
755 1089 1090 1159 temporibus
1121 1089 1437 1160 frequenter
1466 1089 1810 1153 audivimus;
1845 1089 2032 1159 sicque
2065 1089 2120 1142 in

519 1177 680 1232 nobis
705 1177 840 1247 ipsis
887 1178 1002 1246 ejus
1031 1177 1248 1248 pietatis
1295 1179 1474 1249 gratia
1503 1177 1709 1246 experti
1739 1193 1944 1230 sumus.
1997 1178 2119 1246 Ipse

521 1273 604 1321 est
653 1265 798 1321 enim
848 1267 996 1320 Deus
1047 1266 1320 1336 repellens
1352 1274 1404 1319 et
1431 1266 1738 1334 destruens,
1790 1265 2034 1321 irascens
2065 1273 2118 1318 et

517 1353 807 1420 miserans,
843 1363 1350 1424 commotorumque
1380 1353 1733 1408 contritiones
1769 1369 1991 1408 sanans.
2025 1357 2116 1407 At-

520 1442 856 1497 tendendum
900 1443 1063 1497 etiam
1107 1441 1455 1495 beatissimus
1503 1442 1810 1496 Germanus
1859 1449 2115 1512 quantum

518 1530 588 1584 sit
636 1529 1044 1599 glorificandus,
1098 1538 1464 1600 quantumque
1511 1531 1871 1594 venerandus,
1916 1531 2006 1601 qui
2037 1529 2116 1586 sic

516 1616 941 1672 misericorditer
963 1619 1114 1685 juvat
1143 1619 1212 1672 ad
1244 1635 1302 1673 se
1335 1634 1460 1674 cuin
1487 1617 1680 1673 fiducia
1711 1619 2108 1687 confugientes,

519 1701 708 1771 sicque
738 1701 1042 1755 terribiliter
1062 1703 1242 1770 justis,
1292 1703 1438 1772 quod
1467 1710 1549 1756 est
1579 1703 1876 1768 fatendum,
1909 1703 2112 1756 meritis

519 1789 752 1860 percutit
781 1790 1155 1846 adversantes.
1188 1791 1254 1844 Et
1283 1791 1406 1861 quia
1441 1791 1665 1862 longum
1693 1808 1754 1846 ac
1785 1789 2000 1846 difficile
2031 1800 2112 1845 est

517 1891 620 1948 per
663 1877 874 1950 singula
905 1879 1019 1946 ejus
1067 1879 1286 1933 virtutes
1318 1886 1582 1944 retexere,
1635 1880 1868 1933 maxime
1909 1895 2030 1934 cum
2065 1887 2117 1934 et

521 1972 814 2036 antequam
860 1975 1177 2021 nasceretur
1205 1967 1280 2021 ita
1310 1966 1540 2022 dilectus
1594 1977 1890 2038 gratusque
1917 1968 2032 2022 Deo
2062 1976 2118 2022 ut

519 2052 759 2108 Joannes
785 2053 840 2106 in
869 2063 1017 2109 utero
1065 2054 1248 2108 matris
1292 2055 1570 2109 exsultans
1613 2056 1862 2110 inventus
1912 2056 1998 2124 sit,
2031 2056 2118 2110 cui

518 2141 692 2196 virtus
739 2142 982 2198 miraculi
1029 2143 1330 2197 famulatrix
1379 2144 1662 2210 exstiterit,
1708 2144 1886 2213 placet
1915 2144 1969 2198 in
2001 2145 2118 2212 ejus

511 2227 678 2284 laude
735 2232 838 2286 hoc
883 2232 936 2284 in
985 2232 1105 2287 loco
1159 2232 1348 2303 paucis
1389 2231 1579 2288 ludere
1622 2233 1888 2298 versibus,
1941 2233 2117 2304 sitque

519 2317 721 2388 prioris
751 2318 919 2374 libelli
948 2318 1090 2373 ﬁnis.

2133 1751 2185 1810 Β

2377 470 2630 534 Perdere,
2661 467 3008 539 praesumptis
3035 468 3317 522 haustibus
3347 467 3604 523 atriferis.

2304 557 2410 613 Sed
2443 558 2568 629 quia
2599 557 2746 612 vitali
2775 557 2952 612 fuerat
2981 573 3269 627 respersus
3297 557 3460 624 olivo,

2371 647 2492 701 Non
2524 647 2694 716 potuit
2726 653 2972 701 sanctum
3004 646 3402 701 commaculare
3433 645 3658 700 malum.

2298 735 2440 789 Nam
2468 734 2566 788 fuit
2596 735 2815 807 egregia
2847 735 3062 804 genitus
3093 734 3161 788 de
3192 735 3360 804 stirpe
3389 743 3692 804 parentum,

2369 822 2474 890 Qui
2505 824 2776 894 quondam
2809 823 2989 888 terris,
3025 838 3168 878 nunc
3199 839 3364 893 super
3391 831 3536 877 astra
3564 823 3716 878 nitet.

2297 911 2461 982 Optat
2489 911 2630 965 enim
2663 911 2842 982 fragili
2873 911 2918 964 si
2949 912 3070 982 quis
3097 911 3226 966 dum
3257 927 3424 966 carne
3450 912 3708 966 manebat

2363 1001 2540 1054 Nosse
2573 999 2668 1053 fuit
2696 1000 2890 1071 qualis,
2923 1001 3012 1055 hic
3041 1016 3140 1054 sua
3169 1009 3324 1072 gesta
3351 1000 3519 1074 legat.

2296 1089 2362 1144 Et
2393 1088 2564 1144 caelos
2595 1097 2885 1159 postquam
2918 1089 3252 1154 conscendit,
3289 1098 3488 1160 quanta
3517 1107 3620 1160 per
3649 1089 3820 1162 ipsum

2362 1177 2604 1231 Gesserit
2633 1176 3010 1247 Omnipotens,
3043 1193 3298 1247 promere
3327 1177 3514 1250 lingua
3541 1180 3750 1250 nequit.

2288 1264 2570 1336 Linquitur
2597 1267 2702 1320 hoc
2730 1265 2807 1318 illi
2835 1265 3048 1318 bibulas
3079 1265 3170 1336 qui
3203 1265 3351 1319 solus
3380 1281 3595 1333 arenas,

2360 1357 2439 1409 Ac
2467 1353 2652 1424 pelagi
2681 1361 2862 1426 guttas
2892 1353 3241 1408 dinumerare
3271 1354 3436 1409 valet.

2285 1443 2486 1497 Hortor
2513 1443 2659 1497 enim
2689 1451 2934 1508 cunctos,
2969 1443 3206 1498 maculat
3233 1459 3370 1513 quos
3397 1443 3538 1500 actio
3569 1443 3712 1512 vitae,

2361 1531 2529 1598 Hujus
2559 1547 2720 1601 opem
2749 1531 2998 1601 precibus
3028 1547 3260 1601 poscere
3291 1548 3436 1601 saepe
3465 1532 3590 1602 piis.

2287 1619 2491 1672 Debilis
2521 1619 2590 1673 ad
2619 1620 2774 1687 cujus
2803 1619 2951 1675 venit
2981 1619 3027 1673 si
3061 1620 3220 1673 turba
3253 1621 3586 1690 sepulcrum,

2357 1708 2489 1762 Inde
2517 1723 2707 1762 means
2739 1708 2896 1762 rediit
2929 1724 3060 1762 sana
3087 1707 3302 1762 favente
3333 1709 3470 1763 Deo.

2217 1807 2314 1862 Cui
2340 1825 2484 1864 nunc
2513 1817 2563 1863 et
2593 1825 2811 1878 semper
2839 1809 3042 1880 gratias
3071 1825 3317 1879 agamus,
3353 1811 3440 1880 qui
3473 1825 3574 1864 nos
3605 1813 3808 1868 meritis

2216 1897 2374 1966 hujus
2415 1895 2716 1952 fidelissimi
2745 1898 2824 1951 sui
2855 1897 3104 1967 praesulis
3133 1897 3202 1952 de
3233 1905 3308 1952 tot
3343 1899 3614 1969 tantisque
3662 1902 3817 1957 malis

2218 1986 2429 2055 eripuit,
2461 1987 2660 2057 quique
2693 1986 2851 2040 nobis
2873 1987 3113 2057 quotidie
3145 1987 3623 2042 innumerabilium
3643 1990 3819 2046 dono-

2219 2090 2336 2128 rum
2369 2073 2626 2129 beneficia
2655 2076 2770 2143 ejus
2797 2073 3076 2147 suffragiis
3106 2083 3346 2145 prastat,
3379 2074 3587 2130 faciens
3617 2094 3817 2150 magna

2219 2171 2271 2216 et
2299 2163 2566 2218 mirabilia
2594 2163 2710 2217 sine
2741 2179 2968 2218 numero
3002 2182 3014 2217 :
3047 2163 3134 2218 cui
3163 2164 3230 2217 sit
3267 2165 3442 2219 honor
3471 2173 3522 2219 et
3553 2175 3834 2239 potestas,

2215 2251 2384 2306 decus
2415 2259 2468 2306 et
2508 2252 2798 2322 imperium
2845 2268 2944 2323 per
2981 2251 3188 2306 infinita
3227 2252 3428 2308 saecula
3472 2256 3814 2328 saeculorum,

2216 2342 2409 2394 Amen.

1393 2575 1708 2636 INCIPIT
1769 2573 2215 2633 PREFATIO
2273 2575 2501 2634 LIBRI
2560 2577 2938 2639 SECUNDI.

587 2787 726 2857 Quia
753 2789 950 2860 prioris
977 2788 1147 2844 libelli
1185 2797 1377 2854 metas,
1411 2795 1653 2859 Optatum
1685 2788 2115 2860 propinquantes
2147 2796 2196 2858 α
2217 2787 2452 2842 dationis
2508 2803 2722 2842 necnon
2753 2794 2805 2841 et
2847 2786 3077 2842 fructum
3123 2785 3478 2842 correctionis
3525 2785 3816 2856 parvipen-

513 2885 747 2947 portum,
781 2877 996 2931 Christo
1045 2879 1312 2932 sermonis
1343 2877 1465 2932 vela
1493 2885 1740 2947 regente,
1789 2877 2063 2948 attigimus
2095 2894 2108 2942 ;

497 2971 798 3034 acceptum
827 2964 1076 3019 ducimus
1105 2981 1166 3018 ea
1187 2965 1350 3019 modo
1379 2965 1767 3020 miraculorum
1789 2965 2111 3019 subnectere

512 3052 687 3124 signa,
738 3069 860 3123 qua:
886 3060 1076 3122 postea
1125 3053 1387 3106 Dominus
1433 3069 1527 3122 per
1557 3053 1799 3120 ejusdem
1843 3052 2110 3122 pontificis

511 3140 704 3196 merita
753 3140 993 3212 gloriosa
1041 3141 1296 3213 dignatus
1326 3149 1408 3195 est
1436 3142 1698 3212 pandere.
1751 3141 1847 3195 Illa
1893 3157 2108 3212 quoque

511 3245 630 3300 quae
661 3245 850 3283 rursus
881 3229 938 3283 in
956 3229 1126 3299 ipsius
1148 3230 1319 3284 sancti
1349 3237 1642 3300 nostraque
1669 3230 2107 3302 peregrinatione

511 3325 638 3372 sunt
667 3317 824 3388 facta,
859 3333 967 3372 non
987 3317 1284 3390 incongrue
1315 3318 1564 3372 addenda
1594 3325 1972 3382 censerentur,
2003 3318 2108 3372 nisi

497 3405 642 3461 forte
669 3405 894 3476 pudoris
935 3423 1058 3461 esse
1086 3407 1412 3460 viderentur.
1472 3407 1687 3462 Scilicet
1723 3406 1816 3477 qui
1863 3405 2106 3478 castiga-

502 3492 668 3549 tionis
689 3494 886 3550 divinae
903 3494 1226 3566 posthabitis
1247 3495 1662 3562 eruditionibus,
1699 3503 1908 3566 tempus
1931 3511 2110 3550 emen-

2215 2877 2425 2942 dentes,
2457 2876 2523 2929 ad
2553 2877 2658 2930 hoc
2688 2876 2884 2929 iterum
2913 2875 3154 2945 prolapsi
3184 2889 3392 2939 sumus,
3427 2881 3483 2928 ut
3509 2873 3812 2945 longiorem

2213 2965 2432 3018 demum
2463 2965 2854 3018 exsulationem
2886 2963 3208 3034 dignissima
3237 2962 3560 3032 expulsione
3589 2971 3810 3032 patere—

2211 3069 2348 3106 mur.
2383 3053 2490 3107 Sed
2521 3053 2660 3106 absit
2683 3061 2738 3106 ut
2771 3052 2854 3108 vel
2879 3061 3066 3106 nostra
3099 3051 3326 3107 tacendo
3355 3051 3668 3106 inaccusata
3693 3051 3814 3121 pal-

2209 3141 2370 3196 lietur
2397 3141 2692 3212 iniquitas;
2727 3149 2819 3195 aut
2862 3140 3101 3196 caelestis
3134 3155 3242 3211 qua
3290 3155 3630 3205 sanarentur,
3659 3139 3814 3194 nobis

2207 3229 2501 3284 clementer
2543 3229 2782 3283 adhibita
2813 3245 2921 3300 quo
2951 3243 3058 3282 non
3107 3235 3466 3298 praaconetur,
3517 3227 3812 3282 reticeatur

2206 3317 2554 3390 benignitas;
2589 3318 2675 3372 vel
2707 3317 2868 3372 etiam
2909 3317 3038 3370 tanti
3065 3315 3335 3386 pontificis
3376 3317 3628 3370 humanm
3659 3316 3812 3370 saluti

2207 3405 2404 3476 largita
2433 3407 2689 3462 virtutum
2719 3405 2894 3477 gratia
2921 3406 3294 3460 immemorata
3324 3403 3676 3458 transiliatur.

1487 3707 1824 3780 INCIPIT
1884 3711 2150 3778 LIBER
2204 3711 2716 3782 SECUNDUS.

1023 3972 1245 4030 CAPUT
1279 3973 1567 4029 PRIMUM.

573 4077 756 4134 Sancti
787 4095 920 4133 vero
967 4095 1167 4150 corpus
1197 4081 1327 4134 dum
1376 4089 1675 4144 revectum,
1721 4087 1884 4150 atque
1912 4080 2100 4135 ordine

501 4181 664 4237 supra
712 4167 928 4240 digesto
983 4183 1080 4222 suo
1124 4177 1206 4222 est
1233 4168 1288 4222 in
1332 4168 1452 4222 loco
1499 4167 1822 4236 restitutum,
1873 4168 2102 4223 accessit

497 4270 561 4309 ex
593 4270 739 4328 pago
770 4255 1050 4312 Oximensi
1096 4255 1422 4328 [d’llyesmc]
1471 4257 1718 4328 quaedam
1765 4257 2099 4328 paupercula

495 4344 710 4410 mulier,
743 4344 962 4399 nomine
993 4345 1396 4400 Hirmintrudis.
1433 4346 1560 4400 Haec
1582 4363 1680 4415 per
1708 4362 1900 4401 novem
1932 4361 2100 4400 anno-

439 4487 444 4492 .
494 4448 615 4486 rum
647 4433 913 4488 curricula
943 4433 1332 4488 contractionis
1376 4434 1683 4488 calamitate
1712 4449 1996 4504 Oppressa,
2030 4434 2097 4488 de

494 4518 618 4576 loco
649 4521 718 4575 ad
749 4521 947 4589 locum,
982 4521 1086 4574 nisi
1124 4522 1350 4576 aliorum
1381 4522 1628 4575 manibus
1655 4522 1851 4586 delata,
1887 4537 2095 4593 nequa-

492 4623 658 4679 quam
685 4609 938 4664 incedere
971 4609 1203 4664 valebat.
1249 4610 1494 4680 Cumque
1531 4626 1650 4665 eam
1692 4610 1954 4664 Dominus
1997 4626 2097 4680 per

493 4695 793 4769 gloriosum
849 4698 1139 4752 antistitem
1197 4697 1524 4752 Germanum
1574 4715 1764 4753 curare
1812 4698 2091 4766 voluisset,

493 4793 654 4840 nocte
685 4785 921 4856 quadam
969 4785 1407 4856 superveniente,
1451 4786 1583 4840 vidit
1613 4787 1749 4864 duas
1793 4786 2093 4842 sanctimo-

489 4871 664 4927 niales
692 4873 931 4946 virgines
958 4874 1230 4944 praeclaris
1261 4873 1498 4928 vultibus
1520 4889 1708 4928 coram
1737 4891 1794 4928 se
1811 4874 2089 4942 assistere,

488 4960 798 5016 deferentes
829 4961 934 5014 sibi
965 4978 1160 5031 panem
1190 4970 1242 5016 et
1270 4961 1377 5026 lac,
1415 4962 1632 5035 signum
1663 4962 1856 5017 futurae
1889 4963 2092 5017 sanita-

483 5049 572 5115 tis,
625 5050 1008 5122 hortantesque
1058 5059 1114 5104 ut
1167 5051 1518 5106 comederet:
1563 5051 1815 5106 molestia
1859 5067 2092 5122 namque

482 5137 811 5194 inﬁrmitatis
837 5138 1064 5210 fatigata
1086 5138 1471 5193 obdormierat.
1496 5139 1738 5210 Cumque
1761 5139 2090 5195 comedisset

485 5242 551 5281 ex
579 5227 664 5280 his
694 5243 815 5298 qua:
861 5227 1164 5292 attulerant,
1211 5226 1458 5281 dixerunt
1502 5215 1578 5280 illi
1614 5246 1626 5282 :
1661 5228 1834 5300 Surge
1865 5236 1917 5282 et
1947 5244 2088 5299 quo-

481 5314 860 5385 modocunque
907 5324 1083 5386 potes,
1145 5315 1386 5369 Parisius
1440 5315 1508 5369 ad
1565 5315 1876 5386 sepulcrum
1937 5316 2080 5371 beati

479 5400 742 5456 Germani
783 5403 860 5457 ire
908 5403 1101 5458 festina
1139 5422 1150 5458 :
1197 5405 1349 5474 cujus
1392 5419 1618 5459 munere
1666 5420 1864 5459 noscas
1914 5411 1964 5458 te
2012 5421 2078 5459 ex

473 5489 698 5564 prapria
754 5493 997 5561 corporis
1043 5485 1322 5548 debilitate
1370 5492 1673 5548 curandum
1733 5491 1866 5560 Qua:
1913 5493 2079 5564 longo

2122 3980 2175 4039 D
2197 3974 2534 4046 aegritudinis
2553 3974 2770 4031 vinculo
2791 3975 2860 4030 de
2883 3991 2976 4030 sua
2997 3975 3290 4045 desperata
3311 3973 3504 4044 salute,
3529 3971 3738 4044 putavit
3749 3987 3804 4026 se

2203 4079 2345 4118 vano
2377 4064 2551 4118 somni
2573 4066 2947 4135 phantasmate
2969 4063 3173 4120 deludi.
3199 4063 3440 4134 Idipsurn
3461 4069 3514 4118 et
3529 4070 3804 4133 parentes,

2202 4152 2397 4224 quibus
2452 4153 2570 4208 haac
2627 4153 2905 4218 retulerat,
2967 4153 3237 4208 dicebant.
3297 4151 3406 4207 Sed
3462 4151 3570 4206 alia
3613 4151 3804 4205 iterum

2201 4249 2360 4296 nocte
2381 4241 2654 4312 praedictae
2683 4241 2927 4313 virgines
2945 4241 3122 4296 eidem
3152 4247 3502 4312 apparentes,
3523 4255 3648 4294 cum
3679 4255 3804 4310 qua-

2200 4329 2326 4384 dam
2382 4329 2777 4402 indignatione,
2839 4330 3042 4384 blando
3099 4329 3318 4400 quidem
3375 4344 3630 4384 sermone
3689 4343 3804 4382 eam

2199 4419 2445 4474 allocuta:
2493 4419 2742 4474 dixerunt
2777 4437 2789 4473 :
2825 4419 3030 4487 Gaude,
3067 4419 3122 4472 in
3151 4418 3396 4489 proximo
3426 4427 3509 4472 est
3557 4417 3705 4471 enim
3747 4421 3804 4468 ut

2199 4508 2428 4562 cureris.
2453 4509 2520 4562 Et
2543 4523 2714 4579 quare
2735 4523 2841 4578 quo
2879 4507 2972 4561 tibi
2993 4507 3355 4578 praecepimus
3375 4522 3486 4562 non
3506 4505 3632 4560 isti?
3649 4503 3802 4558 valde

2196 4594 2363 4667 igitur
2392 4596 2580 4650 saltem
2607 4611 2768 4664 nunc,
2803 4603 2903 4650 nec
2924 4611 3136 4650 moram
3167 4594 3386 4650 feceris.
3421 4596 3588 4650 Porro
3617 4607 3802 4663 exper-

2196 4683 2411 4756 gefacta
2441 4683 2654 4748 mulier,
2693 4684 2890 4739 auxilio
2919 4685 3136 4739 tandem
3161 4683 3340 4738 fratris
3369 4681 3539 4736 asello
3569 4681 3802 4744 levatur,

2195 4771 2381 4843 sicque
2411 4779 2532 4828 ante
2563 4773 2823 4826 tumulum
2869 4773 3002 4827 tanti
3049 4771 3261 4843 patroni
3289 4770 3470 4826 delata
3495 4769 3802 4842 exponitur.

2194 4861 2470 4916 Permissa
2517 4861 2694 4932 itaque
2725 4870 2807 4916 est
2844 4862 2898 4914 in
2929 4860 3070 4916 atrio
3117 4861 3360 4930 ejusdem
3410 4859 3664 4915 ecclesiae
3687 4859 3800 4929 ipsa

2192 4957 2349 5004 nocte
2381 4950 2747 5020 requiescere.
2773 4949 2880 5004 Sed
2907 4949 3224 5020 priusquam
3251 4947 3444 5003 mediae
3465 4947 3644 5003 noctis
3675 4961 3798 5017 spa-

2189 5037 2324 5092 tium
2355 5038 2821 5103 transmitteretur,
2877 5037 3162 5110 evigilans,
3195 5035 3348 5108 quasi
3391 5036 3636 5108 quodam
3681 5051 3800 5090 me-

2190 5125 2460 5182 dicamine
2483 5126 2742 5192 delibuta,
2767 5142 2864 5196 per
2883 5125 3122 5196 seipsarr.
3142 5124 3462 5198 aggreditur
3481 5123 3792 5192 ecclesiam,

2189 5213 2442 5269 fratribus
2466 5215 2578 5283 jam
2611 5231 2676 5270 ex
2707 5231 2861 5270 more
2883 5214 3188 5285 vigiliarum
3221 5213 3488 5269 solemnia
3519 5212 3796 5268 celebrano

2189 5303 2350 5357 tibus.
2385 5305 2597 5358 Interea
2641 5303 2889 5357 membra
2921 5302 3026 5356 sibi
3071 5303 3211 5356 male
3241 5301 3574 5357 cohaerentia
3613 5316 3798 5372 coepe-

2181 5408 2306 5455 runt
2335 5401 2556 5466 resolvi,
2582 5407 2746 5472 atque
2767 5399 2823 5454 in
2845 5399 3126 5471 antiquum
3147 5415 3272 5454 mox
3293 5397 3532 5454 ofﬁcium
3555 5399 3758 5454 reverti
3781 5415 3794 5450 :

2182 5513 2302 5568 quae
2356 5512 2454 5568 pro
2509 5496 2776 5554 anxietate
2829 5496 3010 5552 cordis
3059 5493 3407 5567 corporisque
3461 5493 3793 5550 relaxatione
