4112 6192
321 258 456 314 ίοιί

1329 257 1425 316 DE
1485 258 1811 316 MIRACLIS
1844 257 1901 314 S.
1952 254 2295 320 GERMANI.
2326 294 2396 308 —
2439 266 2566 323 LIB.
2599 268 2665 323 Il.

3494 275 3516 328 1
3528 272 3632 328 0H

323 398 556 455 magnas
582 381 772 439 institit
801 399 965 441 voces
996 382 1262 451 emittere,
1295 392 1357 441 ut
1384 401 1577 441 omnes
1610 386 1701 458 qui
1731 385 1921 441 adera-

2033 402 2291 475 lentibus,
2316 418 2599 480 coeperunt
2618 426 2742 466 mox
2764 411 2919 468 nervi
2941 419 3103 484 atque
3125 413 3255 469 nodi
3283 429 3314 468 a
3350 412 3631 471 nativitate

322 488 445 526 mus
475 471 785 528 audivimus
817 490 831 527 :
865 472 1119 546 factoque
1148 489 1329 544 mane,
1382 473 1460 528 illi
1509 473 1741 529 Domino
1790 474 1937 532 beati

325 560 590 616 Germani
618 561 875 632 precibus
904 562 1199 618 miserante
1226 563 1466 634 pr0priis
1499 578 1824 619 concessum
1855 570 1937 617 est

324 649 610 705 ambulare
639 650 887 724 vestigiis
921 670 935 705 :
970 652 1159 724 sicque
1187 668 1286 723 per
1313 652 1417 707 iter
1446 668 1555 724 quo
1585 659 1813 707 venerat
1841 667 1935 708 re-

322 736 501 808 diens,
536 739 793 796 omnibus
825 740 1027 795 bonum
1059 740 1166 798 sibi
1197 741 1454 816 largitum
1487 739 1763 798 narrabat.

965 885 1190 941 CAPUT
1228 886 1296 940 ΙΙ.

392 981 509 1036 Nec
536 979 671 1034 illud
708 979 989 1051 praeterire
1042 979 1307 1035 debemus
1356 980 1504 1051 quod
1555 980 1718 1034 simili
1768 981 1934 1036 modo

318 1068 525 1126 factum
553 1067 780 1141 contigit
818 1068 1160 1124 miraculum.
1209 1070 1349 1123 Nam
1397 1069 1539 1124 inter
1584 1077 1816 1125 caeteros
1866 1085 1934 1124 ex

320 1158 537 1214 diverso
564 1166 947 1228 properantes,
990 1156 1137 1213 venit
1168 1157 1389 1229 quidam
1433 1158 1654 1226 juvenis
1690 1174 1757 1212 ex
1785 1173 1933 1230 pago

320 1246 642 1315 Bajocasino
671 1245 761 1317 [de
793 1244 1041 1317 Bayeux]
1073 1245 1344 1301 vocabulo
1389 1245 1746 1301 Hildemodus
1770 1290 1786 1312 ,
1838 1246 1933 1316 qui

318 1332 393 1388 ita
450 1333 677 1388 renibus
729 1342 1037 1389 contractus
1091 1334 1267 1388 tribus
1326 1334 1583 1390 continuo
1650 1334 1933 1390 exstiterat

319 1421 500 1490 annis,
534 1428 591 1475 ut
618 1437 684 1477 eo
731 1421 852 1491 ipso
895 1422 1086 1478 dolore
1130 1438 1370 1493 genuum
1416 1438 1482 1478 ac
1527 1422 1782 1477 tibiarum
1833 1439 1931 1477 seu

317 1510 519 1582 pedum
548 1510 856 1580 privaretur
883 1509 1059 1566 officio
1091 1528 1105 1565 :
1142 1511 1297 1582 isque
1322 1511 1486 1565 multa
1530 1510 1929 1567 venerabilium

317 1605 635 1655 sanctorum
683 1598 1012 1655 circumiens
1055 1598 1179 1655 loca
1202 1641 1216 1668 ,
1251 1615 1359 1670 quo
1386 1599 1672 1670 pristinam
1704 1599 1925 1654 illorum

318 1685 594 1759 suffragiis
622 1696 973 1758 recuperaret
1019 1687 1336 1759 sospitatem
1360 1730 1375 1754 ,
1425 1704 1454 1742 a
1504 1687 1653 1743 nullo
1698 1703 1922 1758 prorsus

2036 497 2298 551 contracti
2328 499 2575 569 corporis
2606 500 2828 568 resolvi,
2861 517 3075 558 necnon
3096 510 3148 557 et
3175 502 3244 556 ad
3273 518 3431 557 usum
3451 502 3636 559 ambu-

2035 581 2183 638 landi
2211 584 2394 640 divina
2424 587 2774 644 miseratione
2820 606 2923 661 per
2970 589 3114 645 beati
3162 589 3261 645 viri
3308 588 3632 663 suffragium

2035 672 2208 742 aptari
2243 690 2255 726 :
2289 674 2380 746 qui
2408 690 2531 730 cum
2563 674 2669 731 fide
2700 677 2937 735 venienti
2964 678 3258 753 impetrare
3286 678 3458 754 potuit
3486 678 3632 755 quod

2035 767 2229 816 natura
2260 761 2442 819 vitiata
2472 774 2793 837 negaverat.

2104 958 2227 1013 Non
2255 960 2400 1015 enim
2430 961 2630 1017 debent
2659 979 2780 1018 esse
2805 964 2972 1035 (quod
3002 964 3166 1037 longe
3196 979 3229 1019 a
3258 963 3510 1020 fidelibus
3540 966 3636 1037 sit)

2033 1047 2207 1113 oneri,
2240 1064 2361 1118 quae
2390 1049 2632 1104 Christus
2664 1052 2775 1105 suis
2804 1052 3006 1107 sanctis
3027 1053 3217 1109 amicis
3247 1053 3504 1125 dignatur
3522 1053 3631 1108 lar-

2032 1134 2158 1206 giri.
2190 1136 2329 1189 Nam
2360 1137 2450 1207 qui
2480 1147 2638 1210 gesta
2666 1139 2998 1211 virtutesque
3030 1157 3218 1196 eorum
3249 1141 3341 1213 qui
3363 1142 3475 1210 jam
3504 1156 3630 1197 cum

2032 1223 2265 1279 Domino
2294 1223 2349 1277 in
2376 1225 2586 1280 cmlesti
2631 1236 2865 1299 regnant
2911 1229 3252 1284 Hierusalem
3297 1229 3488 1284 audire
3535 1245 3628 1285 re-

2031 1310 2162 1377 nuit,
2196 1312 2314 1383 ipse
2343 1313 2533 1385 procul
2564 1314 2729 1369 dubio
2758 1316 2863 1370 sibi
2889 1317 3042 1372 testis
3074 1318 3300 1382 exsistit,
3335 1318 3463 1389 quia
3492 1334 3629 1373 non-

2031 1399 2161 1453 dum
2190 1401 2261 1454 ad
2292 1401 2505 1456 illorum
2536 1402 2778 1472 perfecte
2801 1405 3033 1474 suspirat
3055 1407 3406 1461 consortium.
3427 1406 3630 1462 Contra

2031 1480 2163 1542 verti
2193 1489 2285 1560 qui
2317 1490 2521 1557 recolit,
2555 1490 2689 1562 legit
2721 1492 2807 1546 vel
2839 1493 3021 1557 audit;
3057 1493 3145 1547 ille
3178 1494 3383 1565 utique,
3418 1494 3542 1550 licet
3570 1494 3625 1550 in

2029 1576 2192 1630 terris
2221 1577 2396 1633 adhuc
2422 1578 2632 1648 positus
2653 1621 2666 1647 ,
2701 1580 2984 1636 concivem
3016 1581 3230 1637 illorum
3263 1598 3321 1636 se
3350 1582 3630 1638 evidenter

2029 1681 2153 1720 esse
2183 1665 2516 1721 demonstrat
2552 1667 2608 1721 in
2637 1668 2891 1723 excelsis.
2934 1669 3108 1741 Igitur
3136 1686 3199 1723 ex
3229 1669 3462 1741 quadam
3493 1685 3628 1740 pos-

315 1775 621 1831 destinatus
652 1783 734 1830 est
762 1775 968 1830 sanari.
999 1776 1178 1847 Supra
1206 1777 1347 1832 dicta
1374 1785 1555 1830 autem
1587 1776 1919 1831 sanctissimi

2025 1753 2270 1808 sessione
2299 1754 2469 1824 ipsius
2500 1755 2644 1809 beati
2675 1755 2794 1822 viri,
2829 1773 2951 1828 qua:
2970 1740 3036 1810 in
3064 1773 3205 1827 pago
3234 1757 3574 1813 Pinciacensi
3602 1766 3628 1793 ⁸

315 1863 590 1934 pontificis
618 1864 933 1919 imminente
963 1863 1300 1928 celebritate,
1335 1880 1369 1919 a
1397 1865 1634 1936 quodam
1683 1880 1924 1920 venere-

316 1952 413 2007 bili
441 1952 564 2007 viro
593 1968 695 2022 per
722 1968 977 2023 scporem
1025 1960 1108 2007 est
1146 1952 1489 2021 admonitus,
1543 1962 1599 2007 ut
1646 1961 1922 2008 monaste-

314 2040 460 2095 rium
491 2040 735 2109 ejusdem
766 2032 1043 2095 sanandus
1073 2040 1269 2096 adiret.
1313 2040 1417 2109 Qui
1448 2042 1582 2095 nihil
1614 2042 1682 2096 de
1713 2042 1925 2097 visione

315 2128 589 2194 dubitans,
614 2144 681 2184 eo
711 2128 801 2184 die
832 2130 925 2199 qui
955 2130 1202 2184 eamdem
1223 2130 1485 2199 przecedit
1506 2130 1923 2199 solemnitatem,

316 2232 463 2273 nono
510 2217 638 2271 Kal.
696 2219 1006 2289 Augustas,
1062 2233 1185 2273 cum
1232 2217 1589 2272 ascellaribus
1628 2218 1773 2273 venit
1802 2227 1925 2274 ante

315 2305 493 2361 sancti
532 2305 707 2359 Patris
728 2305 1060 2375 sepulcrum,
1080 2305 1288 2374 jaciens
1313 2321 1374 2359 se
1398 2322 1604 2375 pronus
1626 2305 1679 2360 in
1700 2314 1921 2362 terram.

315 2393 562 2464 Cumque
592 2393 792 2448 diutius
819 2409 921 2463 pro
953 2393 1035 2447 sui
1066 2393 1483 2463 recuperatione
1516 2395 1691 2448 Deum
1724 2394 1926 2448 beatis-

315 2482 623 2553 simumque
661 2480 950 2552 praesulem
998 2480 1359 2536 intentissime
1405 2490 1655 2536 exoraret
1686 2525 1698 2547 ,
1746 2482 1924 2537 subito

316 2570 482 2639 ccepit
511 2585 698 2625 coram
726 2569 900 2624 oculis
931 2569 1172 2624 omnium
1203 2570 1313 2625 illic
1328 2570 1661 2624 adstantium
1682 2571 1923 2624 membra

313 2658 528 2729 prolixa
557 2658 877 2731 aegritudine
907 2658 1180 2728 torpentia
1203 2674 1432 2730 gemens
1461 2659 1774 2714 extendere.
1810 2660 1925 2714 Nec

315 2760 489 2800 mora.
550 2745 742 2800 Statim
792 2760 1029 2816 namque
1073 2746 1305 2800 surrexit
1350 2746 1680 2801 benedicens
1728 2747 1919 2812 Deum,

315 2841 675 2904 sanctumque
706 2833 1025 2905 glorificans
1055 2833 1383 2888 Germanum
1433 2851 1445 2887 :
1498 2841 1553 2889 et
1594 2850 1702 2889 non
1747 2835 1922 2889 solum

313 2921 466 2992 ipse,
519 2937 710 2977 verum
758 2930 811 2978 et
858 2922 948 2993 qui
977 2930 1277 2992 praesentes
1329 2938 1582 2991 eramus,
1636 2923 1923 2993 omnisque

312 3008 621 3081 frequentia
651 3010 839 3080 populi
869 3010 959 3082 qui
988 3018 1321 3066 convenerat
1346 3052 1358 3079 ,
1392 3011 1599 3081 pariter
1637 3011 1922 3067 benedixi-

2024 1841 2125 1895 sita
2169 1842 2435 1897 Prunidus
2479 1843 2696 1910 dicitur,
2758 1843 2852 1898 fuit
2909 1845 3129 1916 quidam
3188 1845 3350 1900 homo
3407 1846 3627 1901 nomine

2024 1930 2328 2000 Adoardus,
2363 1931 2434 1986 ita
2463 1932 2741 1987 oculorum
2771 1933 3013 2003 privatus
3043 1933 3264 2000 lumine,
3300 1942 3356 1987 ut
3387 1933 3463 1987 illi
3493 1950 3625 1989 con-

2024 2018 2175 2072 tinua
2204 2035 2310 2074 nox
2340 2028 2504 2089 esset,
2537 2036 2639 2076 nec
2669 2021 2966 2092 quidquam
2998 2021 3132 2076 lucis
3163 2021 3377 2076 haurire
3414 2030 3622 2093 posset.

2024 2105 2123 2161 Hic
2153 2108 2219 2161 ad
2251 2108 2421 2163 sancti
2451 2107 2723 2179 pontificis
2758 2108 3103 2164 festivitatem
3133 2110 3405 2179 manibus,
3438 2117 3623 2180 utpote

2024 2211 2220 2260 caecus,
2252 2195 2483 2250 aliorum
2514 2198 2797 2263 deductus,
2831 2198 2899 2252 ad
2927 2213 3082 2252 sacra
3111 2197 3401 2253 missarum
3432 2197 3626 2253 solem-

2023 2284 2113 2337 nia
2140 2284 2282 2340 inter
2301 2286 2544 2357 reliquos
2571 2286 2664 2357 qui
2689 2295 3057 2342 convenerant
3086 2287 3314 2342 devotus
3332 2287 3582 2342 adstabat
3606 2304 3619 2342 :

2024 2381 2076 2426 et
2106 2389 2233 2428 ecce
2263 2374 2442 2428 subito
2472 2383 2763 2445 antequam
2793 2374 3151 2445 Evangelium
3180 2376 3291 2448 legi
3332 2375 3624 2431 inchoare-

2022 2468 2131 2526 tur,
2167 2462 2334 2531 coepit
2365 2462 2433 2516 ab
2463 2464 2580 2531 ejus
2606 2463 2781 2518 oculis
2812 2479 3047 2534 magnus
3079 2464 3230 2535 quasi
3259 2464 3622 2535 lacrymarum

2025 2548 2197 2607 ﬂuxus
2226 2550 2424 2604 mirum
2455 2552 2509 2604 in
2539 2552 2761 2605 modum
2788 2567 3033 2607 manare.
3077 2553 3319 2623 Cumque
3366 2552 3457 2606 diu
3517 2553 3622 2608 hoc

2023 2646 2299 2710 ageretur,
2333 2647 2385 2692 et
2415 2639 2532 2709 ipse
2562 2639 2864 2695 rivulorum
2897 2639 3097 2695 fontem
3128 2641 3197 2695 de
3228 2640 3338 2694 suis
3384 2640 3618 2695 maxillis

2024 2727 2217 2781 crebra
2247 2742 2442 2781 manus
2471 2727 2801 2783 adhibitione
2833 2736 3173 2801 extergeret,
3208 2744 3444 2798 superno
3493 2744 3620 2784 mox

2023 2823 2305 2884 respectus
2334 2815 2524 2869 intuitu
2542 2857 2555 2883 ,
2590 2816 2775 2885 incipit
2804 2817 3083 2886 paululum
3116 2816 3423 2887 splendoris
3453 2816 3624 2887 inspi-

2023 2920 2167 2958 cere.
2204 2904 2410 2958 Deinde
2441 2905 2649 2976 gratias
2682 2920 2854 2975 agens
2902 2913 3016 2960 toto
3060 2905 3364 2960 devotionis
3399 2904 3615 2972 affectu,

2025 2992 2141 3048 solo
2169 3000 2478 3062 prostratus
2504 2993 2702 3048 obnixe
2731 2993 3073 3064 precabatur,
3105 3002 3163 3047 ut
3192 2993 3295 3047 sibi
3336 2994 3450 3062 jam
3494 3009 3619 3064 par-

313 3116 436 3154 mus
464 3099 718 3167 Domino,
744 3098 837 3169 qui
859 3098 989 3155 talia
1020 3099 1224 3155 meritis
1255 3100 1339 3155 sui
1369 3099 1702 3156 confessoris
1731 3100 1918 3173 digna-
1947 3091 1995 3154 C
2024 3081 2117 3134 tim
2147 3088 2450 3136 ι’θεθτδῑυηῖ
2498 3082 2687 3173 hinc?
2722 3082 2941 3173 Pknius
2987 3083 3325 3173 Γθάάςὲῖθίιὲτο
3358 3083 3475 3138 Nec
3504 3082 3620 3151 eius

314 3187 474 3243 batur
504 3187 831 3244 concedere.

936 3302 1164 3357 CAPUT
1202 3302 1295 3356 IIl.

382 3409 521 3465 Illud
549 3423 768 3481 quoque
798 3407 941 3480 quod
971 3408 1155 3464 divina
1185 3407 1403 3463 bonitas
1444 3407 1638 3463 eodem
1688 3423 1916 3479 vespere

309 3498 380 3553 ad
406 3497 606 3553 famam
637 3497 872 3553 nominis
902 3497 1037 3551 tanti
1068 3496 1171 3551 viri
1201 3496 1492 3552 ostendere
1522 3495 1728 3564 voluit,
1781 3497 1915 3552 reti-

309 3586 421 3642 ceri
449 3602 558 3641 non
588 3586 750 3641 debet
779 3586 905 3658 quin
936 3585 1078 3641 inter
1108 3593 1303 3640 caetera
1333 3592 1588 3640 narretur
1617 3584 1915 3641 miraculo-

309 3691 434 3731 rum
458 3674 715 3746 insignia.
749 3674 872 3730 Fuit
902 3674 1126 3746 quidam
1158 3690 1295 3745 puer
1325 3674 1402 3744 (ut
1430 3674 1743 3744 putabatur)
1780 3674 1916 3730 duo-

309 3763 528 3831 dennis,
562 3764 631 3818 de
657 3778 799 3836 pago
828 3762 1211 3819 Aurelianensi
1241 3770 1293 3817 et
1324 3761 1527 3817 familia
1568 3762 1714 3818 beati
1744 3762 1917 3817 Patris

308 3851 626 3919 Benedicti,
658 3851 751 3922 qui
796 3851 864 3907 de
915 3851 1107 3907 matris
1156 3850 1314 3907 vulva
1362 3851 1419 3905 in
1467 3851 1642 3907 lucem
1694 3851 1916 3906 renibus

308 3947 621 3996 contractus
649 3955 713 3996 ac
741 3939 975 4011 genibus
1002 3946 1370 4010 proruperat;
1402 3954 1505 3995 nec
1534 3939 1693 3994 aliter
1715 3955 1774 3995 se
1805 3938 1917 3995 ullo

308 4029 475 4084 modo
504 4044 725 4085 movere
752 4034 988 4099 poterat,
1023 4028 1128 4082 nisi
1154 4028 1407 4083 manibus
1440 4027 1618 4083 nitens
1648 4028 1920 4083 semivali-

307 4117 440 4173 dum
494 4125 837 4188 promoveret
892 4117 1278 4187 corpusculum
1305 4159 1317 4183 ,
1376 4116 1603 4187 insuper
1656 4124 1708 4171 et
1745 4117 1822 4171 ita
1849 4117 1917 4171 ab

308 4206 528 4261 ineunte
555 4213 714 4261 aetate
736 4246 749 4271 ,
784 4204 957 4261 officio
987 4205 1246 4276 loquendi
1297 4204 1534 4275 privatus
1582 4204 1912 4271 adoleverat,

308 4302 368 4349 ut
397 4310 551 4349 more
581 4293 752 4365 ipsius
782 4293 968 4367 lingua
996 4293 1178 4364 potius
1208 4293 1524 4363 strepitum,
1577 4310 1735 4364 quam
1787 4310 1917 4348 ver-

310 4383 510 4438 borum
530 4382 860 4452 exprimeret
890 4398 1130 4437 sensum.
1157 4379 1404 4449 Quicum
1434 4382 1502 4436 ad
1519 4381 1665 4436 beati
1688 4381 1916 4437 Carenis

310 4470 389 4544 [S.
427 4469 661 4542 Chéron]
710 4470 965 4541 Martyris
995 4469 1329 4540 sepulcrum,
1364 4469 1456 4540 qui
1476 4470 1626 4537 juxta
1657 4470 1916 4541 oppidum

308 4558 471 4614 situm
504 4565 586 4614 est
615 4558 975 4614 Karnotinum
1024 4556 1335 4630 [Chartres]
1356 4600 1368 4623 ,
1401 4573 1434 4613 a
1464 4557 1705 4629 quolibet
1738 4558 1917 4629 gratia

306 4646 525 4718 pietatis
551 4647 870 4718 deportatus
902 4647 1129 4712 fuisset,
1163 4646 1473 4701 interventu
1523 4645 1694 4715 ipsius
1742 4646 1917 4701 sancti

307 4734 540 4791 Carenis
570 4736 740 4806 pedes
769 4736 916 4804 ejus,
951 4734 1321 4791 contractione
1369 4750 1606 4807 genuum
1650 4750 1914 4804 perseve-

307 4830 488 4890 rante,
542 4838 574 4878 a
622 4823 1019 4895 posterioribus
1077 4822 1419 4879 solummodo
1467 4829 1590 4877 sunt
1637 4822 1911 4891 disjuncti.

307 4912 443 4967 Inde
474 4928 604 4968 vero
633 4912 702 4966 ad
732 4911 1032 4982 patrocinia
1083 4911 1211 4967 almi
1255 4911 1467 4982 patroni
1517 4910 1687 4965 nostri
1735 4926 1913 4982 quan-

304 5000 490 5072 doque
521 5001 834 5072 perductus,
890 5000 1114 5055 obtentu
1166 4998 1560 5055 misericordiae
1608 4999 1914 5069 permissus

306 5096 395 5144 est
422 5088 495 5143 ad
526 5088 698 5144 sancti
727 5086 998 5158 pontificis
1032 5086 1433 5143 confessionem
1464 5102 1709 5141 manere.
1745 5088 1912 5141 Cum-

309 5192 419 5249 que
440 5177 651 5246 jaceret
680 5175 937 5232 fratribus
960 5177 1074 5245 jam
1117 5176 1174 5230 in
1221 5174 1454 5231 ecclesia
1485 5190 1713 5247 vespere
1759 5174 1913 5247 psal-

851 5327 1021 5390 Patssy
1049 5367 1062 5389 ,
1136 5328 1271 5378 locus
1335 5326 1499 5378 sexto
1534 5326 1728 5378 milliari
1784 5326 1912 5377 intra

310 5394 563 5446 civitatem
633 5394 931 5446 Parisiorum
958 5432 973 5454 ,
1035 5395 1094 5444 S.
1172 5394 1402 5445 Ludovici
1471 5393 1599 5456 regis
1666 5393 1913 5444 natalibus

308 5460 515 5512 illustris
542 5500 556 5522 ,
606 5474 636 5511 a
671 5472 768 5523 quo
815 5473 912 5512 non
957 5462 1100 5525 longe
1155 5460 1305 5513 distat
1354 5460 1596 5511 Prunidus
1625 5500 1637 5524 ,
1689 5461 1909 5522 Prunay.

309 5526 645 5582 Pinciacensis
718 5539 872 5591 pagus
949 5528 1092 5592 longe
1168 5527 1545 5580 extendebatur.
1602 5526 1911 5594 Complecte-

1481 3256 1514 3274 ο

376 5340 403 5369 ι
457 5327 740 5379 Pinciacum
766 5367 779 5389 ,

2021 3178 2146 3224 sunt
2176 3186 2369 3241 preces
2427 3171 2571 3240 apud
2626 3170 2963 3225 Altissimum
3020 3171 3200 3226 cordis
3252 3171 3619 3241 inspectorem

2017 3266 2372 3329 sanctumque
2396 3258 2666 3313 frustratae
2697 3259 2892 3313 visum.
2926 3259 3112 3313 Statim
3159 3274 3396 3330 namque
3444 3275 3617 3314 exau-

2017 3347 2181 3411 ditus,
2215 3346 2497 3416 pristinum
2528 3346 2736 3416 recepit
2766 3346 2941 3400 visum
2991 3364 3003 3399 :
3053 3345 3455 3417 missarumque
3484 3362 3617 3417 per-

2017 3442 2140 3491 acta
2161 3434 2522 3500 solemnitate,
2544 3434 2690 3489 venit
2714 3435 2828 3503 jam
2856 3434 3004 3489 clare
3029 3434 3219 3488 videns
3249 3442 3376 3488 ante
3405 3434 3617 3504 polian-

2017 3524 2173 3577 drum
2197 3522 2275 3595 [id
2294 3527 2379 3578 est
2400 3521 2736 3595 sepulcrum]
2756 3522 3058 3577 beatissimi
3073 3521 3405 3596 confessoris
3439 3522 3613 3594 glori-

2017 3610 2186 3668 ficans
2215 3612 2407 3677 Deum,
2432 3611 2524 3683 qui
2554 3611 2658 3665 sibi
2689 3612 2803 3679 ejus
2830 3611 3101 3682 precibus,
3121 3628 3219 3682 per
3248 3619 3323 3666 tot
3351 3625 3615 3666 annorum

2018 3700 2288 3756 curricula
2315 3700 2534 3754 luminis
2572 3700 2885 3770 ademptam
2932 3699 3226 3755 reddiderit
3272 3699 3612 3772 dignitatem.

2647 3828 2870 3884 CAPUT
2917 3828 2982 3883 V.

2088 3937 2157 3992 Ut
2187 3935 2354 4008 igitur
2384 3933 2705 4007 castigantis
2734 3950 2834 3990 nos
2864 3918 3253 3990 inaestimabilis
3289 3934 3487 3991 divinae
3513 3935 3620 3992 bo-

2018 4024 2200 4080 nitatis
2229 4023 2510 4079 miseratio
2543 4023 2845 4079 evidentius
2866 4023 3213 4095 prmdieetur,
3238 4023 3327 4078 illa
3356 4040 3478 4096 quae
3499 4040 3621 4079 rur-

2020 4130 2113 4167 sus
2145 4112 2201 4166 in
2231 4113 2475 4182 ejusdem
2526 4112 2700 4169 sancti
2737 4128 2802 4169 ac
2830 4120 3019 4168 nostra
3057 4112 3530 4184 peregrinatione,
3565 4121 3626 4169 ut

2019 4202 2395 4267 meminimus,
2432 4200 2567 4256 facta
2599 4208 2721 4255 sunt
2766 4201 3026 4257 miracula
3074 4217 3483 4273 persequamur,
3518 4202 3621 4258 etsi

2019 4307 2127 4346 non
2175 4305 2425 4344 sermone
2467 4289 2759 4343 verborum
2806 4289 2961 4358 cepia
3004 4288 3316 4358 phalerato,
3359 4289 3616 4345 virtutum

2020 4387 2205 4434 tamen
2239 4377 2584 4448 speciositate
2601 4376 2852 4431 colendo.
2877 4377 2996 4430 Non
3028 4384 3151 4446 post
3170 4376 3369 4431 multos
3386 4376 3622 4447 denique

1942 4444 1996 4505 D
2021 4483 2192 4522 annos
2219 4510 2231 4532 ,
2264 4466 2466 4521 iteratis
2489 4464 2688 4535 saepius
2719 4464 2875 4518 malis
2900 4507 2912 4529 ,
2947 4464 3224 4519 suscitavit
3261 4464 3420 4519 nobis
3467 4465 3615 4520 Deus

2016 4556 2370 4612 saevissimam
2401 4553 2718 4608 earumdem
2747 4552 2987 4629 gentium
3018 4553 3455 4624 persecutionem
3506 4568 3611 4625 qua

2016 4663 2115 4702 nos
2142 4645 2337 4700 merito
2377 4641 2672 4716 afﬂigeret,
2722 4641 3059 4713 aﬁlictosque
3108 4649 3165 4696 ut
3212 4641 3428 4712 pietatis
3456 4648 3612 4712 pater

2015 4734 2450 4790 emendationem
2508 4731 2878 4801 compelleret.
2955 4731 3091 4784 Nam
3159 4730 3615 4801 quemadmodum

2014 4837 2278 4894 prospera
2309 4837 2342 4876 a
2369 4828 2518 4877 recto
2565 4818 2778 4874 tramite
2809 4835 2906 4889 per
2934 4819 3130 4874 mentis
3178 4818 3463 4875 elationem
3510 4818 3614 4873 ali-

2015 4911 2235 4982 quando
2278 4911 2517 4975 deviant,
2552 4909 2627 4962 ita
2657 4916 2709 4964 et
2742 4908 2975 4962 adversa
3023 4924 3122 4978 per
3169 4907 3382 4963 contriti
3432 4907 3617 4963 cordis

2013 5000 2368 5054 humilitatem
2402 4999 2472 5053 ad
2504 4997 2677 5053 nostri
2706 5013 2806 5052 nos
2834 4996 3133 5051 custodiam
3166 5003 3446 5051 revocant.
3487 4995 3614 5051 Sola

2014 5087 2158 5141 enim
2192 5087 2402 5141 vexatio
2434 5086 2769 5142 intellectum
2799 5084 2949 5139 dabit
2975 5084 3197 5139 auditui.
3230 5084 3400 5152 Hujus
3430 5083 3611 5154 itaque

2011 5174 2409 5246 persecutionis
2435 5182 2555 5229 orto
2578 5174 2818 5247 ﬂagello,
2845 5180 3154 5229 sanctorum
3183 5172 3606 5244 circumquaque

2009 5330 2157 5380 batur
2176 5328 2415 5389 siquidem
2458 5328 2622 5378 villam
2666 5329 2936 5389 Magcdon,
2977 5327 3327 5378 recentioribus
3369 5327 3606 5391 Menidan,

2019 5395 2164 5461 paulo
2202 5394 2332 5445 infra
2381 5395 2603 5446 eamdem
2647 5396 2896 5447 civitatem
2922 5434 2936 5458 ,
2981 5407 3039 5445 ex
3085 5394 3248 5445 codice
3311 5393 3614 5456 lrminonis;

2020 5462 2292 5521 Surisnas,
2334 5461 2477 5523 vulgo
2519 5461 2797 5523 Suresnes,
2848 5475 2906 5513 ex
2948 5461 3212 5525 diplomate
3253 5461 3415 5512 Caroli
3456 5473 3612 5527 cogno

2014 5532 2181 5582 mento
2205 5526 2469 5591 Simplicis,
2497 5530 2593 5579 etc.
2901 5531 2910 5539 '
