4060 6184
447 219 586 276 1043

1429 220 1772 280 AIMOINUS
1824 219 2210 280 MONACHUS
2263 221 2722 284 SANGERMAN.

3630 240 3654 292 1
3665 239 3771 294 0H

432 344 742 416 jacentium
773 362 1006 420 corpora
1033 364 1142 405 non
1173 347 1347 404 solum
1376 363 1408 402 a
1437 347 1704 420 sepulcris
1749 349 2052 404 instaurato
2078 347 2136 410 Α
2155 347 2344 404 intima
2369 367 2582 422 ungues
2623 351 2872 424 producti
2915 361 3210 425 penetrare
3258 355 3598 416 viderentur.
3630 359 3766 430 Quae

453 435 645 492 dolore
676 436 878 493 eﬁ‘ossa
901 479 916 504 ,
948 453 1139 494 verum
1169 435 1332 492 etiam
1363 444 1416 492 et
1445 437 1515 492 ad
1543 437 1797 508 proprias
1825 451 2054 508 posses-

453 523 639 581 siones
668 533 790 580 sunt
821 526 1181 598 hacjllacque
1223 525 1469 580 devecta.
1513 525 1758 598 Cumque
1805 533 2056 597 paratum

455 610 648 669 fuisset
678 631 785 687 quo
814 613 1140 670 sanctissimi
1184 629 1383 684 corpus
1414 613 1674 670 Germani
1708 615 1780 670 ad
1808 613 2055 685 superius

457 701 656 758 dictam
684 702 868 758 villam
899 702 1120 758 Cumbis
1149 702 1340 758 iterum
1373 701 1500 759 ferri
1527 703 1770 769 deberet,
1802 701 1934 756 illud
1955 717 2056 758 nos

462 791 611 861 quod
652 798 781 847 tunc
809 791 1014 847 ibidem
1044 799 1260 865 gestum
1291 799 1373 846 est
1403 791 1722 847 miraculum
1753 791 1937 847 dicere
1960 791 2054 860 ju-

457 885 568 934 vat.
622 876 853 947 Quidam
908 888 1090 935 autem
1145 888 1390 936 nostrum
1415 921 1428 946 ,
1474 879 1694 936 nomine
1740 879 2053 948 Adalarius,

456 966 754 1023 monachus
785 975 838 1024 et
864 969 1146 1037 sacerdos,
1181 967 1260 1024 sic
1288 985 1388 1039 per
1419 976 1632 1040 tempus
1663 968 1916 1024 continua
1965 983 2056 1022 re-

459 1069 590 1110 num
619 1054 930 1130 fatigatione
958 1056 1153 1112 debilis
1181 1056 1355 1114 factus
1386 1057 1699 1126 exstiterat,
1753 1071 1862 1128 quo
1905 1055 2056 1111 nullo

459 1150 626 1205 modo
653 1167 755 1222 per
784 1167 843 1206 se
873 1151 959 1208 vel
991 1152 1060 1207 ad
1081 1152 1374 1221 modicum,
1399 1151 1503 1206 nisi
1534 1167 1642 1207 uno
1672 1159 1724 1207 et
1754 1151 2056 1222 praesertim

455 1237 673 1294 duobus
702 1247 1037 1295 sustentatus
1057 1240 1284 1306 baculis,
1315 1239 1572 1296 incedere
1603 1239 1826 1296 valeret.
1847 1237 2058 1308 Quibus

455 1326 721 1383 adductus
744 1327 888 1384 venit
909 1329 977 1383 ad
1007 1327 1298 1385 ecclesiam
1329 1329 1467 1383 inter
1500 1327 1742 1400 reliquos
1777 1344 2006 1400 gemens
2040 1345 2053 1381 :

456 1415 836 1488 accedensque
855 1417 925 1471 ad
936 1416 1107 1472 sancti
1127 1415 1374 1488 praesulis
1397 1432 1595 1488 corpus
1610 1417 1724 1485 jam
1746 1416 1814 1470 ad
1832 1414 2058 1472 efferen-

457 1503 588 1559 dum
617 1503 822 1560 feretro
851 1513 1092 1576 aptatum
1113 1549 1126 1570 ,
1162 1505 1362 1560 studuit
1392 1521 1532 1560 unus
1559 1520 1662 1561 nec
1688 1505 1890 1560 tardior
1931 1504 2057 1578 qui-

455 1592 582 1648 dem
599 1608 722 1647 esse
740 1593 1089 1663 portantium.
1119 1595 1178 1648 Et
1206 1595 1310 1648 hoc
1329 1593 1513 1649 divino
1535 1592 1865 1666 suffragante
1906 1593 2059 1648 auxi-

2157 452 2318 492 mane
2345 437 2489 496 facto
2511 439 2758 508 veniens,
2781 441 2911 496 dum
2941 449 3068 498 ante
3097 444 3272 501 altare
3299 445 3358 500 in
3385 463 3498 520 quo
3517 456 3764 505 sanctum

2155 525 2470 597 quiescebat
2490 543 2692 600 corpus
2722 537 2917 586 statuta
2948 530 3169 599 fuisset,
3203 533 3283 591 sic
3311 544 3438 606 post
3483 537 3764 594 modicum

2155 615 2441 672 emendato
2496 616 2730 686 delicto,
2775 627 2834 674 ut
2878 619 3060 676 fuerat
3097 622 3250 692 prius
3275 666 3288 691 ,
3321 639 3459 680 sana
3503 627 3762 698 regredi-

2155 709 2244 757 tur
2275 721 2288 757 :
2319 719 2422 760 nec
2448 705 2692 776 gloriosa
2721 707 2941 762 domina
2987 709 3289 782 gloriosum
3337 713 3628 785 dedignata
3677 723 3766 771 est

2157 787 2484 844 Germanum
2521 799 2835 848 consortem
2869 809 2966 848 seu
2999 803 3367 866 reparatorem
3417 798 3508 852 sui
3552 798 3759 858 habere

2157 875 2422 934 miraculi.

2753 969 2982 1026 CAPUT
3019 972 3162 1027 VIII.

2228 1055 2295 1110 Ut
2323 1060 2501 1110 autem
2532 1063 2810 1112 taceamus
2839 1058 2908 1114 de
2936 1059 3159 1132 reliquis
3187 1075 3256 1116 ea
3287 1069 3612 1134 tempestate
3658 1082 3762 1138 per

2156 1143 2406 1198 eumdem
2438 1152 2678 1200 sanctum
2709 1145 2764 1200 in
2793 1147 2988 1202 eodem
3017 1149 3138 1204 loco
3183 1151 3414 1221 patratis
3458 1153 3756 1226 miraculis,

2155 1230 2368 1286 dicatur
2394 1247 2537 1288 nunc
2565 1233 2697 1289 illud
2725 1234 2795 1290 de
2821 1235 3059 1308 quodam
3107 1253 3256 1294 ceco
3303 1239 3624 1298 mirabiliter
3662 1258 3761 1298 cu-

2157 1327 2294 1386 rato,
2329 1321 2419 1392 qui
2449 1320 2578 1376 dum
2608 1321 2771 1377 alieni
2816 1339 3042 1395 gressus
3092 1326 3286 1383 solatio
3337 1326 3532 1384 fuisset
3579 1337 3759 1386 attra-

2157 1415 2296 1474 ctus,
2357 1424 2510 1464 suam
2557 1409 2666 1467 illic
2711 1427 2812 1482 per
2855 1412 2974 1468 dies
3013 1415 3289 1471 exorando
3335 1417 3762 1488 praestolabatur

2158 1497 2404 1552 salutem.
2453 1496 2598 1554 Nam
2636 1507 2690 1556 et
2735 1500 2924 1556 solitus
2965 1511 3081 1558 erat
3128 1503 3236 1559 alia
3282 1505 3473 1562 nescio
3521 1507 3760 1579 quadam

2157 1584 2553 1642 intercurrente
2595 1586 2922 1657 inﬁrmitate,
2960 1590 3162 1646 multas
3191 1592 3443 1648 crebrius
3471 1610 3635 1667 quam
3665 1612 3761 1650 au-

454 1679 528 1736 lio
558 1681 812 1752 precibus
843 1681 1018 1738 sancti
1046 1681 1378 1750 sublevatus,
1413 1681 1601 1738 relicto
1626 1723 1639 1751 ,
1673 1681 1782 1737 imo
1805 1724 1818 1751 ,
1855 1689 1910 1736 ut
1939 1682 2055 1754 ipse
2083 1708 2136 1769 B
2161 1673 2300 1728 bitas
2325 1689 2452 1769 pum
2485 1676 2688 1769 gemitu
2718 1677 2924 1733 doloris
2953 1678 3233 1737 effundere
3262 1697 3448 1738 voces.
3483 1683 3639 1740 Unde
3667 1685 3764 1740 ali-

456 1775 583 1840 post
611 1767 822 1838 aiebat,
855 1769 1021 1826 oblito
1049 1770 1366 1826 baculorum
1396 1769 1570 1826 oﬂicio
1593 1813 1606 1836 ,
1639 1769 1878 1826 vicissim
1921 1787 2054 1842 per-

461 1855 590 1928 egit,
620 1858 922 1928 usquedum
955 1859 1026 1913 ad
1056 1857 1338 1930 prmfalam
1367 1858 1589 1913 Cumbis
1619 1858 1805 1915 villam
1837 1858 2054 1914 vinculo

461 1943 786 2000 infirmitatis
815 1946 1024 2002 solutus
1065 1947 1419 2020 pertingeret.
1471 1946 1592 2015 Quo
1641 1946 1694 2000 in
1741 1946 1865 2003 loco
1913 1946 2055 2002 beati

459 2032 706 2104 corporis
735 2034 899 2106 gleba
939 2051 1106 2106 super
1151 2035 1324 2091 altare
1371 2035 1746 2092 venerandum
1789 2036 2051 2107 exposita,

453 2120 574 2193 ipse
604 2121 808 2194 gratias
836 2139 1007 2200 agens
1045 2124 1122 2181 ad
1164 2140 1324 2181 omne
1372 2123 1634 2200 quidquid
1679 2124 1845 2181 voluit
1891 2141 2054 2183 sanus

459 2211 650 2269 evasit.

1082 2311 1306 2368 CAPUT
1345 2313 1434 2366 VI.

528 2405 740 2464 Deinde
786 2407 1013 2481 contigit
1052 2416 1177 2480 post
1216 2409 1432 2481 aliquod
1477 2408 1751 2465 evolutum
1800 2409 2055 2480 temporis

457 2497 709 2568 spatium,
744 2503 802 2551 ut
825 2497 956 2552 illuc
985 2497 1250 2570 quispiam
1280 2498 1549 2554 daemonio
1578 2499 1774 2569 plenus
1811 2498 2054 2554 adduce-

457 2593 626 2654 retur,
661 2602 824 2659 quem
854 2593 1086 2657 quatuor
1113 2585 1286 2642 ferme
1314 2587 1415 2642 viri
1447 2595 1630 2642 tenere
1675 2587 1763 2643 vix
1809 2595 2051 2657 possent.

456 2673 695 2745 Maligna
739 2675 938 2747 quippe
986 2675 1208 2746 vigebat
1255 2675 1484 2742 virtute,
1534 2684 1760 2748 eratque
1790 2692 1854 2730 ex
1885 2675 2056 2746 ipsius

457 2763 631 2818 sancti
661 2763 882 2819 familiae
908 2763 1192 2819 colonibus
1211 2807 1224 2830 ,
1256 2771 1417 2836 atque
1456 2764 1525 2819 de
1571 2763 1700 2818 villa
1747 2779 1912 2834 supra
1939 2779 2054 2819 me-

454 2858 668 2906 morata
699 2851 956 2906 Prunido.
989 2851 1222 2906 Advenit
1251 2868 1387 2924 ergo
1417 2851 1670 2920 manibus
1697 2851 2054 2908 violentorum

456 2937 760 3008 impulsus,
817 2939 1270 3011 tergiversatione
1327 2940 1625 2994 reluctante
1683 2940 1851 2994 hostis
1875 2983 1888 3005 ,
1919 2939 2056 2994 Justi

452 3025 801 3099 praesentiam
831 3026 1053 3081 nimium
1095 3026 1454 3082 formidantis.
1502 3029 1689 3100 Itaque
1733 3028 1928 3084 multas
1975 3028 2052 3082 illi

451 3115 826 3185 adjurationes
849 3117 997 3184 juxta
1028 3115 1481 3171 consuetudinem
1510 3115 1799 3172 exorcismi
1829 3117 2052 3188 quidam

447 3205 624 3260 nostri
651 3203 918 3272 fecerunt,
941 3205 1132 3260 dantes
1161 3204 1381 3275 insuper
1407 3213 1460 3260 et
1490 3205 1740 3260 haustum
1773 3221 1927 3277 aqua:
1957 3205 2050 3260 be-

451 3293 702 3350 nedictae.
737 3293 846 3348 Sed
876 3301 933 3348 ut
963 3293 1014 3348 in
1049 3309 1115 3349 eo
1144 3293 1322 3364 potius
1347 3293 1634 3364 apostolici
1664 3293 1764 3348 viri
1797 3293 2046 3348 meritum

440 3381 775 3455 praefulgens
802 3383 1158 3452 panderetur,
1182 3382 1453 3438 universis
1483 3382 1550 3435 ab
1571 3396 1636 3437 eo
1657 3382 1875 3437 tandem
1897 3382 2050 3454 quie-

442 3470 722 3526 scentibus
752 3471 984 3526 accessit
1013 3470 1199 3525 ultima
1249 3470 1494 3538 ejusdem
1532 3471 1822 3525 exorabilis
1870 3470 2048 3525 medi-

441 3558 586 3616 cina.
607 3559 723 3628 Qua
739 3559 967 3630 depulsa
983 3559 1164 3616 callidi
1187 3560 1496 3630 pervasoris
1518 3559 1762 3614 morbida
1782 3559 2044 3626 foeditate,

447 3647 626 3702 omnis
659 3648 717 3702 in
745 3664 812 3703 eo
833 3647 1172 3703 incolumitas
1194 3664 1388 3702 sensus
1411 3647 1599 3720 vigore
1622 3648 1862 3703 restituto
1885 3647 2049 3703 infor-

446 3744 644 3793 matur.
702 3737 1053 3808 Iniquissimo
1112 3736 1381 3808 siquidem
1435 3736 1734 3790 habitatore
1783 3737 2042 3806 projecto,

445 3824 586 3880 liber
615 3824 776 3882 exivit
823 3826 1067 3896 captivus
1111 3825 1177 3879 ab
1223 3841 1402 3896 angue
1449 3842 1460 3878 :
1516 3825 1882 3896 remansitque
1937 3840 2048 3880 non

448 3914 628 3970 solum
657 3921 905 3987 quatuor,
940 3914 1037 3970 sed
1064 3929 1172 3969 uno
1201 3915 1382 3968 minus
1413 3913 1632 3968 homine
1662 3913 1872 3968 valens.

1055 4029 1278 4084 CAPUT
1317 4029 1431 4084 VII.

512 4127 816 4183 Adducitur
846 4136 898 4182 et
964 4128 1212 4200 quaedam
1263 4127 1467 4184 femina
1515 4135 1798 4199 utramque
1829 4144 2046 4182 manum

446 4225 669 4290 gestans
698 4215 928 4272 aridam.
963 4217 1090 4272 Haec
1121 4216 1250 4272 olim
1279 4233 1376 4288 pro
1410 4217 1648 4289 qualibet
1679 4217 1780 4271 sibi
1809 4217 2045 4272 adhaesi-

447 4305 542 4362 bili
585 4305 897 4362 infirmitate
928 4307 995 4362 ad
1027 4314 1226 4361 sanctae
1281 4306 1463 4361 Mariae
1517 4305 1706 4378 [Notre
1757 4309 1924 4361 Dame
1981 4306 2046 4362 de

445 4395 680 4469 Moussy]
713 4395 1026 4460 basilicam,
1063 4411 1184 4466 quae
1214 4395 1287 4448 ibi
1317 4411 1492 4466 prope
1520 4395 1622 4448 sita
1665 4403 1785 4460 est,
1818 4395 2046 4449 annuale

447 4492 634 4541 votum
659 4485 812 4554 juxta
857 4501 970 4538 suae
1015 4483 1350 4554 paupertatis
1399 4482 1680 4538 modulum
1730 4499 1795 4537 ex
1840 4482 2048 4537 dimidii

449 4573 662 4630 denarii
694 4561 986 4645 quantitate
1017 4571 1390 4627 constitUerat.
1444 4571 1550 4626 Sed
1581 4571 1899 4626 adveniente
1932 4573 2046 4626 Do—

451 4661 665 4718 minicze
702 4660 1142 4716 Resurrectionis
1171 4659 1291 4727 die,
1325 4659 1453 4713 emit
1497 4659 1656 4729 inde,
1702 4659 1895 4714 blanda
1940 4659 2047 4714 diei

454 4750 790 4820 subripiente
819 4749 1112 4805 occasione
1133 4791 1146 4814 ,
1180 4747 1416 4802 edulium
1449 4748 1665 4816 carnis,
1700 4757 1861 4819 atque
1892 4763 2046 4803 com-

453 4839 582 4906 edit,
615 4837 1014 4910 parvipendens
1042 4837 1237 4892 melius
1257 4852 1364 4892 non
1383 4852 1602 4904 vovere,
1632 4853 1794 4909 quam
1817 4845 1938 4907 post
1962 4853 2053 4893 vo-

447 4935 563 4984 tum
591 4935 717 4983 vota
763 4943 873 4982 non
919 4926 1150 4982 reddere
1195 4943 1210 4979 :
1269 4925 1556 4998 statimque
1605 4934 1663 4980 ut
1703 4926 1816 4982 sole
1863 4927 2048 4982 clauso

453 5017 628 5091 gratia
657 5015 870 5087 soporis
901 5015 1094 5072 cubilis
1123 5015 1206 5070 sui
1238 5022 1448 5070 secreta
1477 5015 1684 5085 petivit,
1709 5015 1777 5068 ita
1801 5015 2048 5069 manibus

457 5106 570 5163 voti
617 5104 986 5161 violatricibus
1031 5119 1094 5158 ea
1141 5103 1195 5158 in
1244 5112 1402 5158 nocte
1446 5103 1800 5169 contrahitur,
1851 5119 2048 5174 quem-

455 5194 746 5250 admodum
770 5201 1016 5249 emortuo
1047 5191 1100 5246 in
1132 5191 1211 5246 eis
1239 5191 1501 5262 operandi
1533 5190 1732 5256 officio,
1751 5191 2048 5262 palmarum

523 5335 548 5362 ι
594 5322 842 5384 Interpres
902 5319 1115 5370 Gallicus
1168 5319 1298 5370 hunc
1343 5318 1506 5370 locum
1574 5319 1928 5381 interpretatur
1989 5319 2048 5370 de

455 5387 562 5438 vico
619 5387 792 5450 Βαναία
854 5386 1082 5438 dioecesis
1152 5385 1402 5438 Senonicae
1431 5426 1444 5446 ,
1517 5384 1653 5446 cujus
1723 5389 1886 5436 tamen
1957 5386 2051 5436 vici

461 5453 666 5504 ecclesia
714 5455 767 5504 S.
817 5454 1007 5504 Juliano
1053 5457 1162 5503 vota
1209 5457 1306 5504 est.
1382 5453 1546 5514 Neque
1605 5452 1918 5515 explicandus
1977 5453 2051 5503 vi-

460 5519 604 5570 detur
651 5519 731 5569 hic
773 5519 908 5570 locus
953 5519 1016 5570 de
1051 5519 1205 5571 Rioilo
1267 5519 1372 5570 vico
1439 5519 1551 5584 pagi
1597 5519 1927 5571 Pinciacensis
1990 5521 2053 5570 ad

2160 1763 2380 1834 quando
2427 1764 2583 1836 quasi
2630 1765 3006 1837 importunus,
3037 1776 3088 1823 et
3118 1769 3206 1840 qui
3247 1769 3499 1834 ecclesia:
3527 1771 3762 1828 silentiis

2155 1859 2299 1906 esset
2329 1851 2621 1924 inquietus,
2656 1869 2688 1908 a
2715 1855 3036 1927 quibusdam
3067 1867 3365 1930 correptus,
3417 1859 3581 1915 nimis
3609 1876 3758 1916 mae-

2155 1955 2283 1996 rens
2313 1940 2574 1996 aliorsum
2604 1942 2683 1998 ire
2713 1944 3010 2014 disponens
3053 1947 3316 2015 recessit;
3356 1948 3761 2023 destinavitque

2153 2029 2354 2097 animo,
2388 2037 2444 2084 ut
2472 2031 2540 2084 ad
2573 2032 2860 2102 quamdam
2905 2033 3194 2090 ecclesiam
3240 2037 3294 2090 in
3337 2037 3468 2092 villa
3507 2038 3701 2094 Ruoilo
3729 2045 3760 2073 ⁸

2152 2117 2208 2173 in
2244 2118 2415 2190 ipsius
2461 2120 2633 2176 sancti
2675 2121 2880 2178 honore
2923 2123 3156 2180 dicatam
3178 2167 3192 2191 ,
3235 2125 3364 2198 quia
3409 2143 3583 2198 prope
3612 2136 3753 2195 erat,

2154 2207 2473 2274 diverteret;
2507 2209 2689 2282 ibique
2719 2211 2844 2266 dum
2869 2218 3084 2284 tempus
3113 2213 3195 2268 sui
3224 2213 3437 2270 veniret
3455 2215 3760 2272 miserendi

2153 2301 2418 2348 maneret.
2452 2292 2606 2362 Quod
2639 2309 2758 2350 cum
2790 2297 2996 2366 praevio
3025 2313 3085 2352 se
3115 2297 3347 2354 ducente
3375 2298 3616 2364 fecisset,
3650 2315 3759 2354 an-

2155 2387 2374 2453 tequam
2405 2381 2648 2450 ejusdem
2699 2383 2941 2440 basilicae
2983 2385 3207 2454 januam
3253 2386 3518 2454 intraret,
3563 2388 3758 2444 lumen

2153 2470 2438 2526 oculorum
2467 2471 2670 2542 recepit
2703 2487 2716 2524 :
2748 2487 2982 2544 moxque
3027 2480 3178 2529 tanta
3225 2475 3437 2531 coalitus
3475 2475 3579 2530 sibi
3627 2477 3760 2532 data

2152 2558 2458 2614 visitatione
2481 2559 2752 2628 jocundus
2780 2603 2794 2626 ,
2844 2561 2914 2616 ad
2964 2563 3216 2617 eumdem
3267 2572 3510 2619 sanctum
3557 2565 3759 2620 videns

2153 2645 2447 2718 laudesque
2477 2648 2788 2703 vociferans
2820 2650 3040 2704 Cumbis
3070 2652 3374 2708 revertitur.
3419 2653 3540 2707 Fuit
3567 2653 3757 2726 itaque

2153 2736 2411 2807 gaudium
2443 2735 2698 2792 fratribus
2727 2738 3102 2810 universisque
3131 2740 3262 2794 inibi
3281 2743 3752 2808 conversantibus,

2154 2833 2316 2897 atque
2347 2841 2446 2896 per
2475 2841 2666 2880 omnes
2689 2826 3112 2900 circumquaque
3140 2845 3246 2884 non
3279 2830 3496 2886 modica
3514 2831 3757 2886 admira-

2152 2913 2314 2967 tionis
2341 2913 2544 2968 laetitia.
2578 2915 2642 2968 Hi
2668 2931 2800 2988 ergo
2827 2931 2860 2970 a
2888 2916 3084 2988 quibus
3112 2925 3464 2989 exasperatus
3510 2935 3760 2976 recesse.

2153 3010 2266 3068 rat,
2296 3003 2622 3073 poenitentes
2653 3003 2904 3074 aiebant,
2939 3021 2997 3059 se
3026 3014 3079 3060 et
3107 3005 3243 3062 alios
3271 3006 3363 3061 tali
3413 3006 3554 3063 facto
3601 3023 3759 3063 com-

2081 3067 2130 3130 C
2153 3067 2420 3162 monitos,
2453 3091 2526 3151 ad
2550 3107 2844 3162 pauperum
2891 3067 3268 3169 'debiliumque
3314 3095 3756 3169 importunitates

2149 3185 2420 3253 patientes
2449 3196 2571 3238 esse
2601 3181 2820 3238 debere.

2751 3298 2978 3355 CAPUT
3014 3299 3116 3354 IX.

2219 3382 2355 3437 Hinc
2383 3383 2682 3456 Helagiam,
2706 3387 2960 3458 generosi
2989 3388 3273 3460 sanguinis
3303 3388 3578 3456 feminam,
3607 3389 3756 3445 inter

2145 3470 2382 3543 reliquos
2410 3472 2536 3528 illuc
2569 3475 2784 3530 venisse
2805 3476 3100 3530 sanandam
3127 3519 3140 3543 ,
3173 3477 3444 3550 simulque
3495 3487 3749 3534 sanatam

2147 3559 2373 3615 rediisse
2401 3561 2702 3618 videamus.
2725 3565 2851 3619 Haec
2879 3565 2954 3618 ita
2975 3563 3346 3622 suffocationis
3375 3567 3630 3623 molestia
3651 3583 3754 3639 per

2145 3649 2340 3719 prolixi
2383 3651 2640 3721 temporis
2684 3669 2904 3710 cursum
2949 3653 3299 3728 elanguerat,
3334 3664 3392 3710 ut
3421 3672 3524 3712 nec
3553 3656 3751 3712 saltem

2147 3737 2344 3792 divinis
2371 3739 2660 3811 aliquando
2689 3740 2956 3797 interesse
2985 3743 3207 3812 cupiens
3237 3742 3459 3810 ofﬁciis,
3493 3746 3620 3799 dum
3653 3761 3750 3800 so-

2145 3826 2251 3880 lius
2269 3835 2472 3882 tantum
2491 3828 2762 3901 legeretur
2777 3831 3062 3902 Evangelii
3082 3832 3263 3898 lectio,
3286 3832 3492 3888 durare
3515 3834 3751 3904 pedibus

2147 3916 2337 3970 stando
2367 3916 2592 3972 valeret.
2625 3919 2813 3989 Neque
2844 3920 2982 3976 hanc
3011 3921 3276 3989 Dominus
3303 3921 3410 3992 piis
3440 3931 3616 3977 sancti
3658 3938 3748 3978 ca-

2146 4019 2264 4058 rere
2301 4004 2470 4061 voluit
2513 4005 2812 4062 beneficiis.
2865 4007 2996 4076 Qua
3039 4009 3230 4064 diebus
3273 4010 3526 4080 plurimis
3567 4011 3746 4066 alieno

2145 4101 2358 4163 portatu
2389 4095 2665 4163 subvecta,
2701 4111 2819 4151 eam
2851 4097 2905 4151 in
2937 4113 3042 4168 qua
3069 4098 3240 4170 ipsius
3269 4108 3390 4153 erat
3420 4115 3624 4170 corpus
3647 4099 3748 4154 fre-

2147 4190 2414 4252 quentans
2458 4183 2746 4239 ecclesiam
2771 4229 2784 4251 ,
2844 4201 2969 4242 cum
3027 4187 3203 4242 cereis
3248 4203 3463 4244 necnon
3521 4196 3574 4242 et
3630 4187 3745 4242 aliis

2145 4271 2508 4326 oblationibus
2524 4273 2824 4342 piissimum
2860 4290 2926 4329 ex
2955 4275 3135 4330 animo
3165 4276 3538 4331 venerabatur
3563 4284 3742 4347 patro-

2145 4376 2292 4414 num.
2354 4361 2596 4432 Cumque
2642 4363 2904 4418 terminus
2935 4379 3044 4435 quo
3075 4365 3191 4434 ejus
3235 4365 3544 4420 devotionis
3593 4365 3744 4420 labor

2076 4425 2128 4486 D
2148 4449 2478 4503 remunerari
2526 4450 2784 4517 deberet,
2835 4452 3092 4508 divinitus
3115 4453 3230 4521 jam
3261 4451 3516 4524 praefixas
3545 4454 3744 4508 incum-

2146 4537 2334 4600 beret,
2368 4537 2546 4592 statim
2603 4539 2811 4594 caelesti
2867 4541 3085 4610 perfusa
3141 4541 3537 4606 medicamine,
3595 4550 3738 4596 tanta

2147 4626 2393 4696 corporis
2441 4626 2672 4682 valentia
2731 4637 2854 4684 ante
2884 4629 3126 4698 ejusdem
3176 4631 3345 4686 sancti
3403 4631 3741 4700 praesentiam

2147 4716 2395 4783 donatur,
2429 4723 2692 4787 quatenus
2748 4719 2865 4773 Deo
2919 4717 3132 4790 ipsique
3187 4719 3503 4774 beatissimo
3537 4719 3741 4793 gratias

2147 4819 2320 4878 agens
2351 4813 2604 4875 reparata
2633 4805 2786 4861 saluti
2815 4804 3094 4862 exsultans
3119 4807 3342 4863 rediret.

2778 4921 3005 4978 CAPUT
3043 4922 3116 4976 X.

2219 5008 2457 5080 Dignum
2476 5008 2722 5064 ducimus
2753 5010 2898 5081 quod
2927 5009 2982 5064 in
3013 5010 3365 5082 sequentibus
3385 5012 3596 5084 rythmo
3611 5028 3743 5068 cou-

2146 5096 2344 5152 tinetur
2363 5097 2711 5153 recolendum
2729 5098 3050 5154 interserere
3061 5098 3406 5155 miraculum.
3425 5101 3748 5156 Nortmauni

2148 5203 2280 5241 vero
2310 5187 2453 5258 apud
2475 5187 2728 5242 eumdem
2755 5187 2934 5243 locum
2964 5188 3053 5260 qui
3083 5187 3282 5243 dicitur
3325 5187 3565 5244 Oscellus
3603 5189 3646 5256 δ,
3675 5189 3750 5244 in

2149 5315 2442 5376 Sequanam,
2467 5315 2605 5377 cujus
2643 5313 2736 5363 vici
2783 5313 2841 5365 ﬂt
2885 5314 3070 5365 mentio
3105 5315 3154 5364 in
3201 5315 3462 5377 diplomate
3508 5313 3749 5367 Ludovici

2149 5381 2372 5458 augusti,
2397 5381 2527 5432 intra
2554 5399 2566 5430 :
2610 5391 2722 5431 nam
2749 5381 2890 5432 istius
2928 5381 3021 5432 loci
3057 5381 3265 5432 ecclesia
3297 5383 3350 5433 S.
3378 5384 3516 5433 Petro
3537 5383 3750 5435 sacrata

2149 5447 2413 5567 dlclitl[ivit-ius
2452 5515 2544 5566 loci
2591 5515 2816 5568 meminit
2856 5515 3055 5567 Carolus
3108 5515 3292 5568 Calvus
3329 5517 3380 5567 in
3417 5514 3571 5567 libello
3619 5525 3754 5578 pro-
