4060 6184
269 232 293 285 1
304 231 415 286 0ιὸ

1272 225 1367 284 DE
1395 226 1770 285 MIRACULIS
1808 227 1865 283 S.
1896 226 2238 285 GERMANI.
2272 260 2341 271 —
2368 230 2495 285 LIB.
2525 231 2594 286 II.

3439 230 3580 287 1046

272 353 515 428 quadam
543 352 811 425 Sequanae
835 351 1011 408 insula
1039 349 1362 417 residentes,
1403 350 1646 406 Parisius
1696 368 1875 423 saepe-
1897 357 1953 420 Α
1980 359 2184 408 teretur
2210 352 2355 408 facta
2380 353 2704 419 dedicimus,
2740 352 2837 407 sed
2865 367 2976 407 non
3006 352 3074 407 ad
3090 359 3286 409 cuncta
3300 358 3580 408 vertamus

271 444 409 499 dum
425 457 654 513 prorsus
674 441 942 513 placebat,
968 440 1147 496 navali
1167 456 1400 496 excursu
1421 440 1732 495 veniebant.
1773 441 1884 497 Re-

276 530 631 588 dimebantur
660 545 796 603 ergo
816 528 998 585 omnia
1015 528 1071 583 in
1085 528 1311 585 circuitu
1332 528 1508 584 vicina
1535 529 1881 599 monasteria,

277 636 347 676 ne
363 619 590 675 illorum
606 618 811 674 saevitia
822 617 1090 688 impositis
1104 617 1323 689 ignibus
1342 624 1719 673 cremarentur
1742 636 1756 683 ;
1781 625 1886 672 stu-

277 709 594 781 debantque
625 714 890 779 praeterea
917 706 1160 762 vicissim
1190 706 1364 779 equis,
1390 714 1658 778 quatenus
1674 693 1886 778 aliquos

278 796 547 853 nobilium
565 795 740 867 gratia
755 794 1002 866 pecuniae
1012 810 1207 866 capere
1218 803 1460 866 possent.
1477 795 1630 851 Unde
1642 794 1807 851 veluti
1822 810 1887 852 ex

279 885 557 940 mitissimi
573 884 675 939 viri
691 883 875 939 domni
892 883 1169 939 Luduwici
1189 892 1214 919 ⁸
1248 883 1455 938 abbatis
1489 883 1883 954 redemptione,

278 990 395 1031 non
446 973 725 1030 modicum
772 980 826 1028 et
876 972 1305 1044 incomparabile
1353 972 1709 1045 acquirebant
1748 971 1886 1028 lucri

270 1062 585 1134 negotium.
619 1063 685 1117 Et
715 1062 1142 1134 quotiescunque
1198 1061 1303 1116 tale
1361 1061 1492 1134 quid
1545 1077 1710 1135 agere
1768 1061 1886 1116 dis-

278 1151 614 1224 posuissent,
663 1150 1082 1209 dissimulabant
1137 1166 1195 1206 se
1256 1149 1441 1205 multis
1495 1149 1689 1205 diebus
1736 1157 1879 1219 ante,

280 1240 594 1296 nullatenus
658 1255 934 1312 quoquam
978 1239 1079 1307 ire,
1126 1255 1194 1294 ne
1242 1239 1327 1294 cui
1374 1239 1589 1294 illorum
1659 1238 1885 1294 furtivus

281 1329 655 1387 innotesceret
683 1329 970 1385 adventus.
1021 1328 1257 1383 Proinde
1295 1328 1652 1384 decreverant
1700 1336 1886 1382 mutua

282 1418 578 1490 silentique
616 1417 1049 1473 consideratione
1078 1416 1314 1475 Parisius
1364 1416 1479 1471 sive
1525 1416 1592 1471 ad
1638 1425 1884 1471 nostrum

279 1506 579 1577 aliquando
614 1522 880 1577 percurre
914 1505 1133 1571 locum;
1183 1521 1483 1578 omnesque
1531 1504 1733 1560 ibidem
1784 1504 1885 1560 sub

282 1593 537 1652 maleﬁda
567 1594 855 1651 securitate
884 1601 1287 1649 commorantes
1316 1593 1591 1664 insperate
1611 1592 1882 1664 decipere.

1985 456 2315 497 sermonem.
2344 442 2487 496 Nam
2532 442 2578 496 si
2626 457 2811 498 camus
2858 457 2960 513 per
3004 441 3239 512 singula,
3280 440 3580 496 exuberans

1985 529 2083 585 erit
2109 530 2304 585 modus
2330 531 2383 587 in
2413 531 2631 604 pagina.
2666 530 2985 602 Contigerat
3014 545 3147 601 ergo
3177 537 3384 585 terrore
3411 544 3580 602 paga-

1985 635 2178 673 norum
2209 618 2345 673 ultra
2374 620 2611 676 Parisius
2634 620 2745 689 jam
2766 626 2818 674 et
2839 618 3045 675 castelli
3067 616 3595 690 MilidonisIMeltm].

1986 708 2249 763 terminos
2295 708 2721 774 excurrentium,
2767 706 3190 771 sanctissimum,
3243 721 3442 777 corpus
3509 706 3581 761 ab

1987 798 2251 851 Acmanto
2280 796 2558 870 [Esmant]
2586 812 2694 869 quo
2723 812 2897 867 nuper
2924 795 3166 849 delatum
3194 794 3422 860 ablerat,
3455 792 3586 850 illuc

1988 885 2289 941 transferri.
2323 887 2497 942 Homo
2527 885 2692 958 igitur
2722 902 2789 941 ex
2818 884 3012 941 eadem
3042 883 3169 940 villa
3199 883 3289 938 illa
3335 880 3589 939 inﬁrmus

1986 989 2087 1045 per
2115 989 2287 1029 annos
2315 981 2373 1029 ut
2399 975 2487 1030 vix
2535 975 2792 1031 incedere
2827 981 3033 1045 posset,
3086 980 3307 1043 totoque
3351 986 3586 1042 corpore

1988 1062 2137 1117 nulla
2164 1063 2267 1117 sibi
2296 1064 2648 1119 subveniente
2690 1061 2961 1119 medicina
3004 1060 3370 1117 debilitatibus
3419 1060 3581 1116 adve-

1987 1151 2167 1207 niens~
2195 1152 2480 1208 candelam
2510 1168 2694 1208 secum
2728 1151 2937 1218 detulit,
2972 1166 3170 1205 munus
3190 1148 3338 1216 fidei,
3356 1147 3589 1220 pretium

1988 1240 2252 1296 sanitatis.
2306 1241 2416 1296 Sed
2461 1248 2748 1313 antequam
2795 1240 2942 1294 illam
2992 1238 3297 1295 accendere
3361 1243 3588 1293 conatus

1988 1329 2136 1402 quod
2165 1336 2407 1400 coeperat
2434 1329 2761 1401 peregisset,
2794 1327 3099 1400 quaesitum,
3132 1325 3442 1382 videntibus
3496 1324 3588 1397 qui

1987 1419 2214 1473 aderant
2244 1417 2535 1481 universis,
2570 1432 2600 1472 e
2631 1417 2769 1472 cmlo
2798 1424 3076 1486 respectus
3092 1416 3293 1470 donum
3314 1414 3581 1487 percepit.

1986 1506 2137 1579 Ergo
2166 1506 2213 1561 si
2243 1506 2399 1577 regni
2428 1506 2696 1562 caelorum
2724 1503 3119 1561 inaestimabilis
3148 1503 3462 1577 magnitudo
3489 1519 3588 1560 cu—

1981 1595 2202 1664 juslibet
2240 1594 2533 1667 quantitate
2576 1594 2738 1665 pretii
2781 1593 2890 1649 emi
2927 1600 3129 1664 potest,
3188 1592 3356 1646 multo
3416 1591 3591 1665 magis

279 1682 610 1742 Restiterant
629 1682 896 1754 siquidem
924 1682 979 1737 in
1000 1683 1192 1738 eodem
1214 1681 1544 1738 monasterio
1582 1682 1673 1755 qui
1705 1681 1884 1752 ipsum
1916 1719 1968 1779 Β
1989 1700 2117 1740 vera
2147 1683 2253 1739 fide
2284 1684 2483 1739 sanitas
2512 1683 2780 1754 corporis.
2814 1683 3042 1737 Tantum
3072 1680 3217 1736 enim
3256 1680 3594 1736 Christianus

283 1772 625 1830 custodirent
653 1774 852 1828 fratres
891 1772 1006 1828 fere
1048 1772 1259 1845 viginti.
1312 1769 1520 1840 Quibus
1564 1770 1883 1827 matutinale

283 1871 407 1919 orto
430 1863 547 1932 jam
571 1861 891 1932 crepusculo
925 1860 1201 1916 Paschalis
1232 1868 1600 1915 sacrosanctae
1629 1858 1889 1915 festivita~

284 1952 358 2007 tis
404 1949 644 2007 ofﬁcium
688 1950 1104 2015 celebrantibus,
1155 1949 1354 2003 adsunt
1404 1948 1744 2017 Nortmanni,
1799 1948 1891 2020 qui

284 2041 595 2096 Parasceve
634 2038 720 2093 die
761 2038 916 2110 equis
962 2037 1207 2093 ascensis
1254 2037 1356 2093 iter
1401 2037 1741 2108 arripuerant
1790 2052 1890 2092 ve-

284 2127 494 2184 niendi.
547 2126 696 2199 Quos
734 2126 956 2198 quidam
1004 2134 1316 2182 nostrorum
1369 2125 1578 2199 equites
1618 2126 1894 2197 paulisper

286 2216 696 2290 pervenientes,
751 2232 939 2271 eorum
989 2215 1068 2270 eis
1115 2215 1360 2289 quamvis
1414 2230 1538 2270 sero
1593 2215 1892 2286 malignum

285 2306 673 2362 nuntiaverunt
702 2305 1015 2360 adventum.
1049 2305 1161 2359 Illis
1187 2311 1367 2359 autem
1395 2320 1503 2359 non
1520 2304 1889 2371 credentibus,

287 2396 390 2453 sed
419 2395 596 2467 magis
625 2394 875 2449 laudibus
904 2393 1099 2448 divinis
1129 2392 1517 2461 insistentibus,
1551 2392 1748 2466 pagani
1777 2392 1894 2448 sine

286 2499 447 2541 mora
477 2484 826 2554 insequentes
856 2490 1136 2552 venerunt,
1169 2489 1503 2553 cunctosque
1530 2488 1585 2536 ut
1630 2489 1782 2536 erant
1839 2481 1893 2535 in

289 2572 530 2631 ecclesia
560 2570 988 2627 circumcinxere
1018 2569 1334 2641 psallentes.
1366 2571 1535 2636 Tunc,
1589 2570 1735 2641 quod
1780 2586 1895 2623 ma-

288 2678 463 2734 gnum
502 2659 601 2714 fuit
649 2659 957 2715 declinandi
994 2658 1314 2726 subsidium,
1357 2658 1559 2713 clausis
1606 2658 1659 2712 in
1704 2673 1896 2712 eorum

287 2750 466 2806 oculis
496 2748 741 2805 ecclesiae
771 2748 964 2818 portis,
998 2763 1190 2803 omnes
1222 2763 1343 2802 sese
1392 2748 1447 2801 in
1495 2762 1724 2819 quaeque
1773 2746 1895 2800 lati-

286 2839 417 2894 bula
446 2838 533 2893 vel
550 2845 744 2908 puteos
764 2837 1155 2909 immergentes
1177 2835 1583 2891 absconderunt
1608 2854 1621 2900 ;
1647 2851 1754 2907 quo
1786 2851 1896 2889 non

288 2943 356 2983 ex
388 2926 643 2983 omnibus
667 2924 771 2979 nisi
799 2942 967 2979 unum
997 2940 1139 2997 equo
1168 2922 1445 2992 fidentem,
1482 2924 1615 2978 tanti
1644 2922 1896 2993 praesulis

292 3014 722 3088 suffragantibus
742 3014 947 3069 meritis
962 3011 1351 3069 interficerent.
1384 3015 1568 3085 Itaque
1604 3012 1894 3085 fugientes,

1990 1773 2204 1845 accipit,
2230 1780 2486 1845 quantum
2535 1772 2728 1828 credit.
2782 1769 3082 1826 Confestim
3112 1769 3384 1842 siquidem
3412 1768 3593 1824 oblato

1989 1878 2215 1918 munere
2246 1869 2484 1930 sanatur,
2525 1868 2690 1933 atque
2719 1860 2914 1916 domus
2959 1875 3072 1916 sum
3114 1857 3304 1913 limina
3344 1857 3593 1930 gaudens

1989 1951 2199 2009 revisit.

2595 2074 2822 2129 CAPUT
2859 2073 2983 2128 XII.

2064 2202 2194 2255 Erat
2224 2198 2424 2254 ibidem
2458 2214 2585 2254 sane
2616 2214 2911 2254 concursus
2940 2195 3283 2252 infirmorum
3309 2194 3438 2251 hinc
3467 2194 3594 2250 inde

1993 2288 2380 2346 confluentium
2411 2288 2680 2359 plurimus
2712 2305 2726 2342 :
2760 2302 2990 2359 quorum
3022 2300 3218 2341 causas
3246 2291 3304 2339 ut
3351 2284 3429 2340 sic
3476 2283 3594 2340 bre-

1992 2377 2128 2433 viter
2156 2377 2429 2449 colligam,
2462 2376 2592 2432 caeci
2620 2376 2925 2448 gaudebant
2957 2375 3221 2440 videntes,
3253 2373 3434 2429 claudi
3470 2387 3594 2427 am-

1993 2466 2264 2532 bulantes,
2298 2466 2473 2522 curati
2506 2465 2706 2520 diversi
2736 2463 3125 2529 febricitantes,
3169 2470 3332 2536 atque
3379 2459 3596 2532 plurimi

1994 2554 2162 2611 variis
2189 2570 2482 2625 corporum
2525 2554 2791 2626 contagiis
2838 2552 3049 2607 liberati
3096 2551 3302 2624 gratias
3354 2550 3591 2623 agebant

1993 2644 2237 2699 laetantes
2271 2661 2284 2697 :
2340 2643 2677 2715 singulisque
2736 2641 3073 2711 largiebatur
3121 2639 3345 2695 remedii
3375 2638 3551 2710 gratia
3578 2681 3593 2703 ,

1994 2740 2157 2804 prout
2188 2731 2339 2802 digni
2369 2731 2781 2786 inveniebantur
2808 2729 3126 2784 medicantis
3156 2727 3462 2784 clementia.
3515 2727 3597 2782 Ita

1997 2837 2212 2892 quoque
2242 2821 2515 2874 dumtaxat
2545 2826 2601 2873 ut
2631 2819 2721 2890 qui
2768 2834 3001 2888 vespere
3046 2816 3241 2872 debilis
3288 2815 3592 2886 adveniret,

1995 2924 2156 2963 mane
2188 2908 2331 2964 facto
2361 2907 2660 2979 sepissime
2692 2906 2980 2962 incolumis
3011 2906 3201 2961 exiret.
3263 2906 3412 2960 Inter
3459 2919 3596 2975 quos

1997 2998 2259 3070 puerulus
2304 2998 2372 3052 de
2420 3012 2563 3069 pago
2612 2994 2920 3067 Stampensi
2964 2993 3327 3067 [d’Etampes]
3370 2993 3597 3049 insanus

286 3114 414 3161 ante
443 3076 791 3175 conspectum
818 3103 1061 3173 ipsorum
1093 3101 1259 3156 ibant.
1304 3102 1421 3157 Nec
1468 3076 1624 3156 aliter
1662 3076 1893 3172 inquam
1923 3076 2279 3142 δάείέιίιιτε
2353 3086 2601 3175 Παδθδῑὶῑ-
2656 3084 2802 3175 βοίῐη
2857 3083 3229 3175 οοηιηξοῑίοῐιθ
3309 3086 3599 3175 ηθνγονιιω

292 3194 602 3261 verissime,
632 3192 737 3246 nisi
786 3199 843 3246 ut
901 3191 1124 3263 quidam
1181 3191 1393 3245 illorum
1453 3198 1580 3245 ante
1627 3190 1891 3244 enudatos

288 3284 460 3339 etiam
507 3281 738 3354 gladios,
786 3297 907 3336 cum
952 3288 1097 3335 esset
1142 3280 1281 3345 dies,
1333 3279 1491 3334 illaest
1541 3279 1888 3333 transierunt.

290 3371 508 3440 Quibus
537 3369 610 3424 ita
638 3369 888 3442 angelica
929 3367 1394 3423 administratione
1438 3366 1676 3434 salvatis,
1723 3367 1891 3421 inter-

289 3460 452 3518 fectis
483 3458 803 3530 praenuntiis
832 3465 993 3529 atque
1023 3457 1143 3512 aliis
1174 3457 1229 3511 in
1260 3456 1487 3513 circuitu
1524 3464 1575 3511 et
1617 3457 1672 3511 in
1715 3454 1895 3511 medio

290 3547 616 3604 monasterii
645 3563 709 3602 ex
739 3546 966 3601 famillia
995 3546 1260 3617 plurimis,
1294 3546 1476 3601 omnia
1524 3545 1687 3601 veluti
1732 3560 1893 3615 spur-

288 3637 505 3695 cissimi
533 3637 813 3692 invasores
843 3651 1072 3708 qumque
1102 3635 1157 3689 in
1186 3635 1419 3690 ecclesia
1443 3634 1529 3691 vel
1560 3642 1715 3689 extra
1744 3634 1895 3689 iuve-

289 3733 489 3783 nerant
544 3725 896 3797 diripientes;
956 3740 1081 3779 cum
1134 3730 1433 3795 proventus
1517 3722 1890 3777 exsultatione.

285 3814 514 3874 cellario
544 3813 768 3868 fratrum
796 3813 925 3883 igne
958 3812 1258 3883 supposito,
1292 3811 1499 3868 reversi
1550 3819 1692 3865 sunt.
1744 3812 1896 3867 Tunc

285 3902 534 3959 universi
575 3902 644 3957 de
693 3901 1155 3973 qualibuscunque
1221 3900 1415 3972 quibus
1463 3917 1521 3955 se
1581 3900 1897 3955 abdiderant

289 3991 510 4064 egressi
537 3990 784 4057 latebris,
817 3998 1174 4046 concurrente
1204 3989 1366 4046 etiam
1395 3989 1519 4044 hinc
1546 3990 1673 4044 inde
1694 3989 1896 4060 papulo

292 4079 552 4144 civitatis,
586 4080 968 4135 subverterunt
994 4086 1199 4133 tantum
1237 4078 1463 4150 Spiritus
1510 4078 1683 4134 sancti
1725 4078 1899 4151 gratia

292 4168 444 4241 ignis
474 4168 744 4233 ardorem,
770 4169 882 4237 jam
933 4169 1003 4223 ad
1048 4176 1241 4223 cuncta
1283 4167 1672 4233 consumenda,
1725 4167 1899 4239 spatia

293 4257 494 4313 altiora
522 4265 816 4328 petentem.
857 4258 1066 4328 Neque,
1115 4256 1261 4328 quod
1303 4264 1495 4327 postea
1543 4256 1742 4311 nostris
1792 4256 1898 4310 ite-

294 4354 417 4402 rato
445 4346 676 4418 contigit
705 4345 935 4410 delictis,
986 4345 1139 4401 locus
1187 4353 1313 4402 tunc
1360 4345 1574 4417 penitus
1620 4352 1898 4401 crematus

295 4430 568 4504 disperiit.

920 4599 1145 4655 CAPUT
1178 4598 1274 4654 XI.

370 4761 641 4817 Caeterum
671 4766 726 4813 ut
756 4758 823 4813 sit
854 4758 1119 4814 memoria
1156 4757 1294 4812 Justi
1340 4772 1461 4813 cum
1508 4756 1778 4822 laudibus,
1829 4755 1898 4811 ad

290 4866 359 4906 ea
389 4865 511 4922 quae
539 4848 592 4902 in
622 4847 930 4918 Novigento
958 4840 984 4878 δ
1010 4846 1138 4902 villa
1171 4854 1354 4900 nostra
1384 4861 1550 4916 super
1601 4847 1900 4900 Maternum

293 4938 521 4995 ﬂuvium
553 4936 653 4991 sita
681 4936 813 4991 dum
842 4935 917 4989 ibi
946 4943 1277 5001 moraretur,
1312 4935 1547 5006 dumque
1577 4934 1704 4989 inde
1722 4950 1901 4989 rever-

295 5100 609 5155 clamationis
653 5100 884 5151 adversus
932 5100 1241 5151 Wenilonem
1300 5100 1564 5150 Semonum
1631 5098 1901 5161 archiepis-

294 5182 495 5232 copum.
524 5167 713 5218 Deinde
735 5173 906 5219 contra
944 5180 1186 5232 paganos,
1231 5167 1410 5230 inquit,
1450 5165 1516 5217 ad
1548 5166 1765 5217 insulam
1805 5165 1899 5215 loci

294 5238 386 5301 qui
417 5236 642 5287 Oceanus
668 5237 851 5287 dicitur
881 5236 1107 5298 perrexi.

364 5338 391 5366 ι
415 5321 623 5383 Quidam
647 5321 904 5384 imperitus
929 5320 976 5370 in
1002 5318 1245 5369 codicibus
1275 5330 1401 5369 mss.
1434 5318 1529 5367 hoc
1551 5317 1659 5367 loco
1684 5317 1903 5384 reposuit

292 5389 556 5450 Hildau‘ni,
577 5383 840 5439 advertens
863 5387 1047 5438 nullum
1063 5385 1111 5437 id
1132 5386 1339 5437 nominis
1358 5385 1652 5435 Ludovicum
1674 5383 1903 5435 abbatem

294 5469 356 5507 eo
380 5459 604 5519 tempore
622 5455 852 5505 Caenobio
874 5455 928 5504 S.
949 5454 1179 5504 Germani
1204 5452 1472 5514 praefuisse.
1512 5453 1574 5501 At
1597 5450 1901 5519 retinendum

292 5517 763 5577 nomen'Luduwici
786 5533 872 5573 seu
894 5520 1124 5582 Ludovici
1169 5520 1360 5572 abbatis
1399 5517 1683 5570 monasterii
1719 5518 1902 5583 Diony-

1994 3175 2237 3230 membra
2266 3175 2536 3228 damnata.
2568 3172 2673 3241 Qui
2718 3188 2752 3227 a
2799 3180 2968 3226 matre
3016 3171 3345 3241 deportatus,
3399 3171 3600 3239 depre-

1994 3271 2147 3319 catur
2176 3263 2292 3333 ipsa
2321 3262 2539 3327 obnixe,
2565 3269 2621 3314 ut
2642 3277 2700 3315 se
2722 3276 2846 3315 cum
2862 3274 3035 3330 puero
3056 3274 3123 3313 ea
3143 3265 3301 3313 nocte
3316 3258 3372 3310 in
3404 3257 3600 3312 eadem

1993 3350 2235 3417 basilica,
2272 3351 2327 3404 in
2358 3365 2463 3421 qua
2492 3349 2664 3404 sancti
2693 3347 2944 3419 praesulis
2973 3362 3169 3417 corpus
3210 3345 3594 3412 venerabatur,

1995 3455 2248 3494 emanere
2277 3439 2484 3493 liceret.
2522 3437 2731 3493 Deinde
2764 3438 2895 3491 hora
2941 3435 3189 3505 ejusdem
3216 3434 3394 3490 noctis
3424 3433 3591 3489 adve-

1994 3528 2196 3597 niente,
2256 3535 2311 3582 ut
2368 3527 2677 3598 putabatur,
2732 3526 2846 3595 jam
2924 3523 3121 3589 media,
3190 3539 3343 3594 puer,
3423 3528 3598 3577 matre

1994 3617 2294 3686 nesciente,
2328 3617 2476 3671 solus
2505 3616 2836 3688 adsurgens,
2868 3630 2970 3685 per
3015 3612 3263 3668 eamdem
3307 3610 3597 3667 ecclesiam

1995 3706 2197 3776 pedum
2223 3705 2529 3761 cohaesione
2557 3711 2827 3775 utcunque
2867 3702 3043 3757 soluta
3084 3700 3367 3756 ambulare
3415 3707 3596 3755 tenta-

1994 3795 2104 3849 bat.
2139 3794 2377 3867 Evigilat
2405 3793 2619 3863 mulier,
2652 3792 2964 3866 gaudetque
2990 3791 3059 3846 de
3089 3790 3198 3845 nati
3224 3789 3340 3845 visa
3368 3788 3546 3844 salute
3578 3806 3593 3843 :

1997 3884 2183 3954 sicque
2240 3883 2358 3953 ipsa
2414 3891 2575 3954 atque
2630 3881 2879 3953 sequenti
2926 3887 3086 3936 nocte
3130 3879 3324 3935 eodem
3372 3878 3427 3931 in
3474 3877 3594 3933 loco

1995 3979 2286 4038 transacta,
2320 3979 2463 4027 totus
2494 3980 2616 4043 post
2647 3971 2871 4026 biduum
2903 3986 3097 4043 sospes
3125 3968 3373 4037 aﬂ‘ectus,
3421 3965 3586 4040 geni-

1995 4062 2132 4119 trice
2165 4061 2406 4132 jocunda
2455 4061 2703 4117 recessit.

2595 4222 2818 4277 CAPUT
2847 4221 2996 4275 XIII.

2068 4346 2130 4399 In
2159 4345 2353 4401 eadem
2381 4345 2617 4415 denique
2644 4342 2954 4414 Novigento
2985 4340 3115 4395 villa
3149 4355 3269 4410 qua:
3300 4346 3350 4394 et
3391 4344 3594 4409 quanta

1925 4434 2198 4502 Dfuerint
2229 4434 2308 4505 (ut
2350 4432 2512 4503 paulo
2552 4447 2720 4503 supra
2768 4430 3073 4498 retulimus)
3119 4428 3409 4482 sanitatum
3456 4427 3594 4482 cha-

1998 4524 2219 4578 rismata
2266 4523 2383 4591 ejus
2430 4521 2686 4575 bonitatis
2729 4535 2954 4574 munere
2975 4517 3390 4572 advenientibus
3438 4513 3596 4570 exhi-

2000 4606 2128 4672 bita,
2193 4606 2311 4660 sine
2369 4604 2592 4661 crimine
2642 4604 2870 4658 fatemur
2925 4618 3026 4658 nos
3083 4602 3356 4674 ignorare.
3417 4597 3595 4667 Quam

2000 4710 2131 4751 vero
2176 4693 2371 4749 fuerint
2427 4694 2727 4760 innumera,
2784 4691 2875 4747 ille
2928 4690 3019 4761 qui
3076 4689 3223 4743 dedit
3277 4694 3597 4757 cooperator

1999 4784 2295 4856 piissimus,
2331 4783 2480 4838 solus
2508 4783 2656 4837 novit
2683 4783 2862 4837 Jesus.
2896 4780 3024 4834 Ideo
3054 4779 3125 4833 ad
3156 4778 3209 4833 id
3242 4777 3388 4849 quod
3435 4775 3592 4829 ardet

2001 4874 2213 4930 animus
2242 4880 2608 4937 transeuntes,
2645 4872 2762 4940 ejus
2791 4869 3163 4925 reversionem
3210 4873 3389 4921 mente
3436 4863 3596 4919 hilari

2001 4978 2275 5034 exponere
2303 4962 2640 5017 festinemus.
2676 4962 2895 5016 Fratres
2923 4958 3088 5030 igitur
3109 4956 3202 5028 qui
3222 4955 3333 5011 illic
3366 4954 3597 5008 aderant

1998 5107 2144 5171 siani,
2170 5107 2249 5168 qui
2275 5106 2335 5157 ab
2354 5105 2663 5157 Nortmannis
2710 5109 2880 5169 captus
2921 5117 2977 5153 ac
3017 5102 3174 5167 pretio
3211 5101 3324 5152 dato
3361 5097 3598 5148 liberatus

2001 5177 2099 5224 est.
2132 5175 2262 5235 Lege
2288 5174 2449 5224 Vitam
2474 5174 2526 5224 S.
2554 5173 2756 5224 Faronis
2796 5172 2845 5222 in
2870 5171 3045 5221 saeculo
3069 5184 3122 5219 ιι.

2067 5250 2093 5287 δ
2119 5259 2436 5321 Novigentum
2459 5258 2643 5309 Artaldi
2668 5257 2937 5319 appellant,
2962 5254 3222 5305 vernacula
3247 5252 3434 5313 Negant
3467 5248 3600 5300 I’Ar-

2000 5345 2148 5407 laud,
2172 5344 2222 5394 in
2247 5355 2370 5407 pago
2394 5343 2583 5404 Briegio
2605 5342 2666 5392 ad
2692 5343 2955 5392 Maternam
2981 5352 3062 5389 seu
3082 5341 3349 5390 Matronam
3367 5337 3563 5388 fluvium
3590 5346 3607 5397 ;

2002 5432 2210 5484 habetur
2250 5429 2300 5478 in
2342 5428 2508 5478 codice
2550 5425 2830 5487 lrminonis,
2882 5437 3036 5488 nuper
3083 5423 3247 5489 prada
3285 5424 3428 5487 vulgo
3467 5424 3599 5476 dicto

2001 5512 2414 5571 Amblainviuers
2432 5515 2798 5565 commutatum.
