4112 6192
533 267 671 324 1047

1553 261 1894 320 AIMOINUS
1928 261 2313 321 MONACHUS
2353 261 2809 321 SANGERMAN.

3695 269 3719 320 1
3729 267 3827 321 οιε

531 407 876 467 sanctissima
907 409 1022 477 ejus
1049 407 1295 480 corporis
1323 407 1567 464 membra
1597 407 1985 474 custodientes,
2020 423 2130 463 una
2157 391 2213 454 Α
2234 391 2646 446 Circumdames
2678 407 2738 446 se
2767 405 3014 480 P383005
3043 390 3182 447 πηίΥο
3209 391 3401 446 ludum
3429 391 3646 448 ordine-

534 515 660 556 eum
688 501 810 569 ipso
864 497 970 552 loci
1026 496 1212 552 ruinas
1267 496 1462 552 saltem
1517 497 1753 552 invisere
1811 495 2129 552 festinantes

531 585 776 659 egressi;
799 585 1150 641 Nortmannis
1163 585 1276 654 jam
1305 584 1481 640 amico
1511 585 1660 655 pacis
1703 583 1912 639 foedere
1959 600 2129 656 regno

530 673 762 741 eductis,
787 674 892 730 iter
912 673 1246 729 reversionis
1272 673 1381 730 laeti
1410 673 1713 744 suscipiunt
1749 691 1762 728 :
1795 672 2002 744 fuitque
2050 673 2129 729 eis

534 761 593 818 in
620 763 944 818 revertendo
993 761 1202 818 navalis
1259 777 1535 834 congruus
1592 771 1908 833 apparatus.
1974 761 2128 818 Unde

531 852 791 907 Maternae
822 849 1046 906 ﬂuvium
1075 851 1386 922 pariterque
1419 851 1722 922 Sequanam
1753 850 2125 921 enavigantes,

529 947 797 996 venerunt
827 939 961 995 citra
990 939 1202 994 Biberis
1231 954 1296 996 ac
1327 939 1594 1010 Sequanae
1623 938 1953 995 continentia
1992 955 2126 1009 por-

529 1036 640 1083 tum
693 1027 996 1084 facientes:
1045 1027 1409 1100 eductumque
1455 1027 1878 1083 sacratissimum
1926 1037 2152 1099 corpus‘

528 1115 676 1182 navi,
709 1115 1025 1186 excepimus
1055 1115 1189 1171 illud
1217 1116 1370 1170 multi
1398 1116 1679 1187 utriusque
1708 1131 1870 1170 sexus
1901 1123 1954 1170 et
1982 1115 2129 1171 ordi-

531 1205 617 1259 nis
646 1204 848 1259 ibidem
879 1204 1224 1277 congregati,
1256 1211 1314 1258 ut
1342 1203 1634 1258 miraretur
1661 1203 1748 1258 vix
1793 1203 2025 1259 clericos
2057 1205 2124 1259 ad

529 1309 655 1350 eum
683 1293 979 1349 tollendum
1011 1293 1278 1348 accedere
1297 1307 1480 1362 posse.
1504 1293 1640 1346 Nam
1658 1307 1724 1347 ex
1745 1293 1829 1347 sui
1851 1293 2126 1365 quondam

529 1381 794 1454 episcopii
834 1381 1016 1445 domo,
1069 1379 1318 1436 canonici
1363 1379 1523 1450 primi
1569 1380 1646 1434 uti
1687 1379 1926 1450 pontifici
1973 1381 2124 1436 adsi-

530 1477 736 1526 stentes
765 1468 1100 1539 exceptionis
1127 1483 1396 1540 peregere
1425 1468 1805 1535 ministerium,
1839 1470 1998 1538 hujus
2035 1485 2122 1524 an-

527 1558 767 1629 tiphonaa
803 1571 1101 1628 congruam
1137 1555 1431 1624 jubilantes
1476 1557 1767 1612 melodiam
1804 1575 1816 1612 :
1873 1559 1912 1614 0
1957 1575 2124 1631 quam

529 1645 884 1701 venerandus
921 1659 998 1709 es,
1065 1645 1277 1716 egregie
1341 1646 1616 1701 Germane
1675 1649 1978 1717 confessor,
2027 1649 2126 1718 qui

2230 481 2370 534 Nam
2399 487 2456 534 ut
2484 487 2710 536 cunctos
2739 479 3042 551 gloriantur
3070 496 3130 535 se
3159 481 3372 552 cepisse
3403 480 3610 546 miseri,

2229 569 2406 640 thue
2436 584 2577 640 gyro
2609 584 2735 624 mox
2763 567 3034 623 vallarunt
3063 584 3255 624 omnes
3283 567 3399 624 fere
3431 569 3701 640 proximo,

2229 657 2303 711 Te
2331 664 2585 728 precante
2617 657 2917 712 liberantur
2944 671 3116 728 prope
3145 657 3290 728 capti
3321 659 3544 714 servuli.

2229 746 2478 816 Dumque
2509 745 2690 799 nullus
2720 761 2842 800 sese
2871 752 3025 814 putat
3051 745 3251 800 habere
3288 747 3660 818 superstitem,

2229 833 2536 888 Gladiatam
2565 833 2827 889 evasisset
2857 833 2951 904 qui
2978 837 3250 888 Danorum
3291 835 3502 901 aciem;

2228 919 2434 976 Omnes
2461 939 2522 977 se
2550 923 2619 977 de
2645 922 2781 978 locis
2809 929 3062 992 mergunt
3090 922 3290 977 additis
3316 923 3637 981 incolumes.

2227 1011 2496 1066 Cerneres
2523 1018 2652 1066 tunc
2679 1010 3044 1082 lacrymantes
3086 1027 3195 1065 non
3237 1011 3523 1084 loquentes
3567 1013 3814 1082 invicem,

2227 1101 2367 1154 Dum
2395 1100 2464 1154 de
2494 1099 2644 1156 necis
2673 1099 2828 1172 quasi
2855 1099 3010 1154 fauce
3037 1115 3099 1154 se
3120 1099 3367 1154 viderent
3395 1117 3649 1174 surgere.

2224 1189 2360 1244 Vota
2390 1188 2565 1244 solum
2597 1188 2780 1243 cordis
2809 1188 3007 1242 dabant
3036 1187 3199 1244 tacita
3229 1188 3569 1260 dignissime,

2225 1279 2376 1334 Unus
2405 1285 2611 1332 tantum
2639 1276 2972 1347 praepeditur
2999 1292 3160 1332 caecm
3187 1277 3379 1332 mortis
3409 1277 3586 1346 obice,

2225 1368 2400 1439 Atque
2429 1366 2537 1421 telo
2567 1364 2877 1436 perforatur
2903 1365 3075 1419 hostis
3097 1365 3426 1433 -velossime,

2222 1455 2305 1509 Ne
2334 1461 2484 1509 tanto
2515 1469 2758 1508 summus
2787 1461 2998 1508 careret
3026 1452 3266 1524 pontifex
3294 1455 3572 1511 libamine.

2224 1541 2382 1598 Salve
2410 1542 2672 1609 clemens,
2703 1541 2828 1596 hinc
2856 1556 3162 1612 precamur,
3196 1541 3343 1598 salve
3368 1544 3571 1614 presul
3602 1545 3746 1618 agie,

2223 1629 2456 1686 Omnem
2483 1631 2691 1686 clerum
2722 1637 2774 1684 te
2799 1629 3066 1684 colentem
3096 1645 3222 1685 cum
3249 1631 3445 1686 devoto
3474 1632 3677 1704 populo

531 1737 760 1788 terrena
810 1733 1219 1804 contempsisti,
1261 1736 1318 1787 et
1349 1735 1478 1788 creti
1517 1735 1762 1805 januam
1815 1737 2119 1792 exsultans

2198 1765 2201 1798 ι
2224 1720 2282 1774 In
2315 1719 2569 1790 praesenti
2596 1726 2654 1773 ut
2684 1735 2992 1774 mereamur
3022 1719 3098 1773 uti
3127 1735 3287 1790 prece
3328 1721 3638 1788 commoda,

530 1822 758 1894 petisti!
778 1820 924 1876 Modo
941 1823 1119 1877 victor
1131 1822 1314 1892 fulges
1335 1823 1397 1877 in
1418 1823 1628 1878 virtute
1645 1823 1875 1888 caelesti,
1895 1823 2119 1895 ideoque

2223 1808 2468 1880 Hincque
2497 1807 2628 1864 celsi
2657 1807 2892 1878 paradisi
2923 1823 3150 1880 regnum
3179 1808 3337 1862 nobis
3373 1809 3577 1872 obtine,

529 1910 810 1982 supplices
832 1912 885 1964 te
915 1925 1237 1974 exoramus,
1277 1913 1341 1964 ut
1371 1911 1692 1966 intercedas
1721 1928 1824 1983 pro
1860 1912 2016 1967 nobis
2050 1912 2122 1967 ad

528 2000 833 2054 Dominum
853 1999 1031 2053 Deum
1069 2002 1350 2056 nostrum.
1393 1999 1666 2070 Factaque
1696 1999 2116 2071 geniculatione,

527 2102 593 2143 ac
611 2087 822 2142 ratione
843 2087 1122 2142 Dominica
1139 2095 1191 2141 et
1211 2087 1375 2141 missa
1396 2103 1498 2158 pro
1512 2088 1781 2143 universis
1806 2088 2121 2143 solemniter

527 2175 691 2242 dicta,
715 2191 781 2230 ex
803 2175 1130 2231 monasterio
1146 2175 1318 2230 sancti
1340 2176 1483 2230 Petri
1498 2192 1710 2231 necnon
1731 2183 1784 2231 et
1801 2177 1973 2232 beatas
2003 2177 2117 2232 Ge-

523 2261 734 2319 novefaz
755 2263 986 2336 virginis
1003 2263 1262 2336 religiose
1279 2265 1603 2320 accedentes
1623 2264 1826 2335 clerici,
1865 2266 2118 2321 eumdem

523 2359 816 2423 sequentes
835 2352 1086 2407 ordinem
1105 2361 1388 2423 cmperunt
1405 2361 1590 2408 sancto
1611 2353 1851 2408 humeris
1864 2361 2116 2424 suscepto

521 2454 752 2510 corpore
773 2441 910 2496 hanc
930 2441 1164 2512 psallere
1182 2441 1530 2513 antiphonam
1560 2441 1802 2497 dicentes
1834 2459 1847 2496 :
1883 2443 1994 2498 Iste
2031 2447 2117 2498 est

527 2531 840 2586 Germanus
868 2532 1138 2602 pontifex
1171 2531 1482 2596 maximus,
1521 2531 1615 2603 qui
1657 2547 1760 2603 per
1810 2547 2116 2602 supernam

521 2619 770 2689 gratiam
805 2619 999 2674 divina
1033 2618 1176 2673 dans
1209 2619 1512 2684 miracula,
1561 2621 1839 2690 promissa
1885 2635 2114 2675 sumens

517 2722 778 2774 munera,
805 2707 940 2762 vivit
953 2709 1198 2779 perenni
1215 2709 1415 2779 gloria.
1438 2707 1646 2762 Deinde
1666 2723 1766 2762 nos
1788 2707 1864 2762 uti
1885 2708 2115 2762 decebat

519 2793 764 2849 servulos
809 2803 1148 2860 corruentes,
1200 2795 1536 2852 salutationis
1581 2811 1780 2851 novum
1854 2797 2114 2851 habentes

517 2882 801 2952 hymnum,
843 2891 1098 2938 verenter
1129 2883 1438 2938 adfuimus:
1495 2892 1894 2956 surgentesque
1933 2900 1962 2938 a
1995 2884 2113 2939 solo

516 2969 837 3041 dignissima
853 2969 968 3038 ejus
988 2971 1286 3025 reverentia
1306 2972 1557 3040 prostrati
1589 2973 1960 3038 jacueramus,
1991 2981 2114 3042 post

516 3056 822 3112 orationem
879 3065 932 3112 et
990 3057 1294 3126 collectam,
1343 3059 1456 3126 jam
1523 3059 1760 3125 cuidam,
1820 3067 2112 3116 contractae

511 3143 729 3200 feminae
747 3160 812 3201 ac
831 3146 993 3202 caecis
1011 3145 1222 3200 duobus
1242 3145 1440 3202 collato
1457 3147 1697 3202 sanitatis
1717 3147 1988 3214 beniﬁcio,
2003 3164 2111 3220 quo

513 3250 854 3306 unaquaeque
925 3233 1178 3290 videlicet
1224 3235 1470 3306 exceptio
1510 3252 1715 3307 propro
1760 3236 2110 3293 decoraretur

513 3323 796 3390 miraculo,
828 3323 902 3378 ita
930 3332 1324 3394 concrepantes
1354 3324 1632 3379 intulimus
1664 3343 1676 3379 :

508 3432 624 3485 Ave
657 3471 672 3499 ,
704 3430 906 3500 praesul
931 3430 1237 3497 benedicta,
1270 3445 1370 3486 ave
1402 3447 1546 3487 nunc
1592 3431 1855 3502 piissime,

509 3517 556 3574 O
588 3518 878 3584 Germane,
912 3519 1224 3574 venerande
1253 3519 1410 3574 Pater
1439 3528 1492 3574 et
1537 3519 1754 3586 eximie,

505 3606 690 3662 Plebis
717 3615 885 3663 temet
913 3623 1035 3663 cum
1065 3606 1214 3663 ﬁdeli
1241 3608 1550 3664 comitantis
1581 3609 1817 3680 agmine,

504 3695 643 3752 Veni
665 3697 800 3764 jam,
834 3697 958 3752 veni
987 3697 1246 3770 benigne,
1278 3697 1397 3752 redi
1425 3705 1607 3768 pastor
1635 3698 1860 3768 Optime,

503 3783 652 3840 Oves
681 3785 934 3856 proprias
963 3786 1198 3858 require,
1230 3801 1294 3840 ac
1323 3786 1443 3856 paci
1500 3786 1743 3854 restitue,

500 3871 620 3929 Nec
647 3873 843 3928 tristari
870 3874 1014 3929 ultra
1043 3875 1160 3928 si'ne
1188 3874 1257 3928 de
1281 3874 1488 3930 sublato
1517 3874 1768 3946 pignore.

501 3960 834 4032 Deplorabat
863 3969 916 4016 te
948 3963 1184 4018 cessisse
1215 3961 1495 4016 dominum
1538 3961 1774 4032 Lutecia,

505 4047 576 4103 Se
605 4047 904 4120 plangebat
933 4057 987 4103 et
1012 4049 1238 4120 lugebat
1263 4049 1502 4104 caruisse
1533 4049 1725 4122 gloria,

500 4133 680 4205 Quam
709 4135 1004 4206 adplaudet
1033 4135 1312 4207 recepisse
1335 4137 1448 4206 jam
1479 4145 1572 4192 tua
1613 4138 1923 4209 praesentia.

498 4224 616 4280 Heu
645 4239 808 4296 quam
838 4223 1052 4280 ﬂebant
1069 4233 1122 4280 et
1167 4225 1460 4298 gemebant
1503 4226 1645 4282 servi
1691 4227 1769 4281 tui
1817 4229 2090 4296 monachi,

492 4313 562 4368 Et
593 4295 812 4370 caterva
839 4313 1160 4385 p0pulorum
1173 4295 1388 4370 icuncta
1417 4295 1577 4370 nimis
1607 4315 1848 4386 propria,

491 4400 627 4456 Cum
656 4401 856 4458 fuisses
887 4403 1041 4458 exsul
1071 4403 1192 4458 loco
1279 4419 1310 4458 a
1338 4409 1448 4469 tuo,
1484 4404 1825 4460 sanctissime
1859 4404 1872 4460 l

488 4489 625 4558 Quis
652 4489 869 4545 illorum
899 4505 1079 4545 sermo
1109 4491 1253 4546 valet
1280 4492 1526 4560 planctus
1555 4491 1661 4547 fari
1709 4495 1977 4562 cordium,

487 4579 666 4650 Atque
693 4577 857 4646 simul
883 4578 1143 4649 expedire
1174 4569 1333 4634 fletus
1363 4580 1732 4635 amarissimos

487 4663 648 4734 Quod
678 4666 936 4722 sacerdos
967 4667 1185 4737 pietatis
1215 4667 1403 4738 pulsus
1433 4677 1579 4723 esset
1617 4669 1800 4738 impie.

483 4753 592 4824 Qui
622 4753 669 4808 si
698 4754 864 4809 cessit
891 4746 1088 4810 feritati
1131 4769 1470 4828 paganorum
1512 4755 1724 4827 rigidae,

483 4841 714 4898 Necnon
743 4841 866 4897 loco
899 4842 985 4896 vel
1017 4843 1199 4898 ultrici
1230 4843 1498 4908 ﬂammae;
1532 4851 1711 4899 tamen
1749 4844 1920 4900 adfuit

484 4928 637 4986 Votis
667 4929 850 5002 dignis
883 4929 1209 4985 famulorum
1239 4947 1484 5002 praesens
1513 4931 1569 4986 in
1587 4933 1866 5002 periculis.

480 5017 638 5076 Unde
663 5018 816 5087 juvat
844 5033 946 5073 nos
975 5019 1125 5072 adire
1156 5019 1290 5074 illud
1319 5019 1465 5074 dictu
1495 5020 1696 5075 nobile.

482 5103 644 5174 Quod
675 5106 1001 5178 stupendum
1045 5114 1098 5161 et
1144 5106 1454 5162 mirandum
1503 5107 1696 5164 inferat
1738 5110 2080 5182 miraculum,

476 5195 582 5251 Pro
611 5211 720 5266 quo
749 5195 931 5266 dignae
961 5193 1264 5250 confessori
1295 5195 1601 5252 referantur
1655 5199 1864 5270 gratim.

476 5282 665 5354 Itaque
693 5283 822 5339 dum
851 5283 1116 5339 illuccssit
1144 5284 1369 5340 Paschte
1395 5284 1515 5340 dies
1555 5287 1860 5363 splendida,

472 5369 722 5441 Dumque
750 5371 942 5428 laudes
972 5372 1313 5430 celebrarent
1339 5374 1628 5430 matutinas
1657 5377 1926 5447 Monachi,

2221 1895 2341 1965 Quo
2373 1896 2534 1951 simul
2563 1905 2741 1952 tecum
2771 1896 3064 1966 psallamus
3092 1895 3230 1950 Patri
3259 1897 3450 1952 laudes
3486 1898 3740 1964 Domino,

2219 1988 2396 2057 Atque
2427 1985 2552 2039 stoti
2579 1984 2825 2039 Trinitati
2855 1992 3216 2039 consonantes
3263 1987 3493 2056 angelis,

2219 2073 2467 2140 Sanctus,
2529 2073 2777 2140 Sanctus,
2829 2072 3079 2154 Sanctus,
3132 2073 3397 2129 Dominus
3445 2075 3595 2221 Dea?
3628 2091 3810 2157 .exer-

3592 2155 3806 2202 cituum.

3592 2155 3806 2202 eituum.

2216 2233 2350 2288 Caeli
2380 2242 2486 2290 tua:
2513 2233 2658 2304 pleni
2689 2241 2910 2288 manent
2937 2240 3098 2306 atque
3129 2241 3266 2289 terra
3321 2234 3512 2308 gloria.

2217 2319 2438 2376 Osanna
2467 2323 2558 2393 qui
2588 2322 2904 2376 benedictus
2929 2321 2985 2376 in
3013 2322 3244 2378 excelsis
3280 2333 3526 2380 venerat.

2216 2409 2400 2464 Gloria
2430 2409 2498 2464 sit
2527 2411 2640 2464 Deo
2671 2411 2814 2465 Patri
2843 2418 3005 2481 atque
3034 2410 3151 2465 laus
3195 2411 3491 2481 Altissimo,

2215 2498 2420 2564 Honor,
2454 2498 2625 2552 virtus
2655 2507 2706 2554 et
2735 2506 2979 2569 potestas
3010 2500 3138 2553 Jesu
3173 2499 3386 2554 Christo
3425 2501 3680 2569 Domino,

2215 2585 2466 2657 Dignitas
2513 2595 2566 2641 et
2589 2603 2726 2641 unus
2755 2603 2892 2658 apex
2922 2587 2990 2642 sit
3019 2603 3236 2658 quoque
3275 2589 3566 2655 Paraclito,
3618 2593 3810 2646 Amen.

2214 2691 2334 2760 Quo
2365 2693 2435 2748 ad
2468 2691 2632 2748 finem
2661 2709 2834 2765 usque
2863 2693 2935 2746 ita
2964 2694 3254 2764 completo,
3287 2693 3502 2750 fuimus.
3531 2697 3644 2765 jam
3692 2697 3809 2753 licet

2213 2796 2279 2834 ex
2308 2781 2537 2836 adverso
2567 2782 2794 2851 proximi
2825 2781 3021 2852 partim
3049 2783 3274 2850 adustae,
3304 2799 3407 2838 nec
3435 2799 3546 2839 non
3575 2792 3629 2840 et
3684 2801 3807 2856 per-

2212 2869 2439 2924 multum
2469 2869 2744 2940 dissipatze
2772 2869 2991 2936 civitati,
3025 2870 3178 2939 cujus
3207 2871 3465 2926 demolita
3495 2871 3666 2929 facies
3709 2889 3806 2928 nos

2211 2973 2402 3012 omnes
2431 2958 2485 3012 in
2541 2959 2784 3013 dolorerr
2844 2959 3144 3024 adducens,
3205 2968 3575 3030 competenter
3629 2964 3804 3034 exegit

2211 3045 2447 3116 psallare
2481 3064 2494 3101 :
2530 3048 2746 3119 Aspice,
2797 3049 3052 3116 Domine,
3098 3049 3230 3120 quia
3271 3050 3429 3119 facta
3457 3049 3805 3106 estdesolata

2211 3135 2414 3190 civitas
2431 3136 2602 3206 plena
2617 3136 2848 3200 divitiis,
2873 3137 3025 3192 sedet
3046 3138 3108 3192 in
3141 3137 3383 3194 tristitia
3412 3138 3644 3195 domina
3667 3155 3804 3211 gen-

2212 3225 2376 3288 tium,
2417 3239 2532 3279 non
2563 3228 2648 3279 est
2680 3225 2775 3296 qui
2812 3227 3134 3309 consoletur
3171 3241 3316 3292 eam,
3374 3228 3490 3282 nisi
3547 3231 3612 3282 tu
3659 3229 3802 3284 Deus

2208 3315 2420 3366 noster.
2446 3311 2595 3366 Multi
2619 3327 2854 3384 namque
2895 3321 3172 3380 canentes,
3215 3313 3404 3384 plures
3437 3330 3570 3370 vero
3606 3331 3801 3371 cerne-

2207 3399 2409 3454 bantur
2440 3401 2758 3471 plorantes:
2798 3401 2986 3472 sicque
3025 3402 3394 3472 processimus
3427 3403 3483 3456 in
3529 3411 3746 3474 pratum
3779 3411 3804 3438 ⁸

2206 3503 2400 3560 usque,
2426 3489 2572 3560 quod
2593 3491 2694 3544 sub
2728 3498 2812 3544 est
2848 3491 3197 3546 monasterio.
3235 3492 3465 3546 Eramus
3507 3508 3638 3548 vero
3671 3509 3804 3548 mu:-

2206 3584 2408 3642 rentes,
2453 3578 2602 3648 quod
2641 3587 2832 3648 postea
2863 3594 3024 3650 quam
3075 3579 3351 3650 propriam
3409 3581 3802 3639 intraveramus

2203 3664 2472 3732 tellurem,
2489 3666 2661 3720 nullas
2681 3674 2738 3721 ut
2759 3675 2920 3722 antea
2940 3676 3188 3723 ostensas
3207 3683 3532 3724 noveramus
3552 3671 3798 3740 virtutes,

2203 3753 2301 3808 sed
2335 3769 2465 3810 ecce
2485 3755 2666 3810 subito
2713 3771 2780 3810 ex
2824 3763 2971 3811 tanta
3005 3756 3192 3826 populi
3254 3757 3598 3814 multitudine
3663 3777 3799 3816 unus

2201 3857 2532 3912 procurrens
2551 3843 2798 3900 accessit.
2819 3845 3062 3900 Habebat
3095 3845 3238 3900 enim
3272 3861 3438 3901 causa
3469 3848 3798 3917 poenitentiae

2197 3929 2326 3985 ferri
2351 3931 2614 3987 circulum
2638 3932 2692 3986 in
2726 3933 2964 4003 brachio,
3005 3942 3062 3988 ut
3092 3933 3252 4005 Lsolet
3297 3932 3437 4001 ﬁeri,
3491 3937 3795 3994 aretissime

2199 4018 2538 4074 obvolutum.
2592 4021 2820 4092 Jamque
2873 4029 3088 4092 tempus
3122 4021 3430 4079 increverat
3461 4039 3527 4078 ex
3575 4041 3682 4097 quo
3724 4025 3796 4080 illi

2197 4121 2324 4161 casu
2355 4108 2628 4178 propriam
2674 4109 2943 4166 occidenti
2985 4117 3233 4177 matrem,
3283 4111 3598 4180 hujusmodi
3638 4129 3795 4184 poena

2193 4205 2518 4252 accesserat.
2553 4195 2657 4266 Qui
2687 4196 2996 4254 vociferans
3027 4206 3080 4253 et
3109 4199 3240 4254 tanti
3271 4199 3372 4254 viri
3400 4200 3660 4271 pietatem
3693 4202 3792 4257 sibi

2163 4282 2166 4287 ’
2192 4283 2511 4352 adjutricem
2541 4287 2910 4356 expostulans,
2944 4295 3002 4342 ut
3030 4303 3250 4342 manum
3281 4289 3352 4343 ad
3384 4287 3639 4357 feretum,
3687 4306 3791 4363 quo

2193 4374 2362 4428 sancti
2410 4389 2624 4430 sacrum
2671 4375 3008 4444 bajulabatur
3053 4390 3267 4447 corpus,
3320 4377 3546 4448 pallium
3606 4380 3790 4434 saltem

2118 4461 2170 4520 D
2193 4461 2429 4531 desuper
2459 4463 2776 4534 contingere
2807 4463 3033 4534 cupiens
3060 4465 3352 4534 protendit,
3388 4465 3532 4522 illico
3583 4466 3789 4522 ferrum

2187 4547 2257 4602 de
2301 4548 2526 4604 brachio
2575 4551 2832 4606 exsiliens
2877 4551 3184 4607 mirandum
3233 4553 3462 4624 crepuit,
3515 4555 3586 4608 ita
3633 4563 3691 4610 ut
3737 4556 3792 4610 in

2187 4649 2313 4690 aera
2343 4652 2556 4691 sursum
2587 4639 2810 4694 evolans
2857 4639 3132 4695 videretur
3161 4655 3194 4696 a
3248 4640 3452 4696 multis.
3511 4640 3647 4711 Quae
3701 4660 3791 4698 res

2188 4739 2290 4779 nos
2319 4725 2601 4780 universos
2650 4727 2934 4784 hilariores
2979 4727 3234 4793 efficiens,
3287 4729 3576 4786 nonnullos
3623 4731 3787 4787 etiam

2187 4811 2246 4866 in
2275 4813 2544 4886 lacrymas
2573 4831 2688 4884 prae
2715 4816 2914 4886 gaudio
2944 4817 3130 4872 movit.
3171 4817 3279 4873 Sed
3309 4827 3361 4873 et
3389 4833 3520 4874 caro
3561 4820 3786 4876 armillae

2186 4900 2498 4969 hujusmodi
2553 4903 2845 4974 asperitate
2899 4904 2957 4958 in
3010 4904 3337 4976 profundum
3392 4923 3578 4976 exesa,
3641 4909 3786 4982 quod

2181 4996 2399 5061 gestum
2429 5000 2547 5047 erat
2575 4991 2877 5063 pretiosum
2905 4994 3179 5064 pandebat
3208 4995 3555 5052 miraculum.

2774 5169 3000 5226 CAPUT
3035 5171 3180 5226 XIV.

2249 5293 2558 5348 Advenerat
2587 5300 2640 5348 et
2671 5293 2923 5364 quadam
2949 5295 3144 5350 mulier
3170 5295 3495 5364 adjumentis
3524 5294 3652 5352 ﬁdei
3682 5313 3779 5353 co-

2172 5379 2374 5446 mitata,
2423 5397 2545 5452 qum
2595 5397 2630 5436 a
2671 5382 2953 5438 cunabulis
3001 5384 3072 5438 ita
3121 5392 3452 5456 nuncupata,
3501 5385 3781 5441 dicebatur

537 5525 562 5554 ⁸
584 5522 708 5574 Hinc
734 5527 1078 5578 monasterium
1103 5528 1286 5580 dictum
1313 5525 1366 5580 S.
1398 5529 1627 5583 Germani
1651 5531 1711 5581 de
1756 5529 1934 5596 Prata,
1979 5544 2074 5584 non
2099 5535 2264 5584 tamen
2290 5540 2405 5588 ante
2430 5533 2660 5586 saeculum
2683 5547 2754 5598 xr,
2782 5536 2824 5586 si
2851 5536 2975 5588 bene
2996 5537 3206 5601 adverti,
3233 5539 3480 5591 recentius
3497 5539 3559 5589 de
3584 5540 3764 5591 Prom.
