4112 6192
345 273 371 324 1
385 269 490 325 049

1376 258 1470 320 DE
1515 261 1903 322 TRANSLAT.
1968 261 2026 318 S.
2087 261 2324 321 SAVINI
2379 261 2591 322 MART.

3505 269 3642 325 1050

351 393 567 450 Electa.
606 392 737 448 Haec
763 405 1014 462 prorsus,
1049 397 1106 444 ut
1125 389 1285 446 nobis
1315 387 1468 461 quasi
1527 387 1720 444 eadem
1775 387 1958 442 adhuc
1989 387 2046 448 Α
2065 401 2228 458 super
2249 389 2426 460 ipsum
2446 390 2502 444 in
2523 405 2632 461 quo
2653 405 2807 461 prius
2821 389 3641 462 jacueratsepulcrum.Deinde

353 469 668 536 intirmitate
697 479 889 535 dolens
916 479 1115 546 aiebat,
1151 479 1225 534 ita
1279 494 1380 548 per
1429 477 1619 538 decem
1679 491 1943 530 annorum

347 569 623 626 curricula
650 585 839 622 manus
881 568 1119 622 dexterae
1147 567 1394 622 ariditate
1423 565 1800 630 contabuerat,
1835 579 1944 636 quo

347 657 500 713 nullo
527 657 692 713 modo
733 657 821 712 vel
847 656 916 711 ad
943 672 1007 712 os
1035 672 1157 710 eam
1185 653 1500 727 porrigendi
1529 661 1716 725 posset
1733 653 1942 707 habue-

347 745 441 800 rit.
464 745 744 802 Accedens
775 744 954 816 itaque
985 743 1152 815 coepit
1179 759 1407 816 magnae
1435 741 1755 796 humilitatis
1775 739 1946 812 preci-

345 835 452 890 bus
484 833 814 904 supplicare,
846 833 1303 905 quemadmodum
1333 831 1548 886 sibimet
1578 837 1784 885 tantum
1841 828 1942 882 sub

343 922 595 992 ejusdem
625 921 798 976 sancti
829 921 1078 991 corporis
1107 920 1330 985 feretro,
1385 927 1444 974 ut
1472 935 1690 974 eramus
1719 919 1773 972 in
1819 933 1940 972 am-

346 1009 610 1075 bulando,
643 1009 900 1064 transitus
930 1009 1338 1064 concederetur.
1380 1011 1441 1062 At
1467 1007 1560 1062 ubi
1615 1007 1702 1062 vix
1767 1005 1942 1061 intro-

344 1101 514 1153 missa
539 1098 683 1169 (erat
711 1097 856 1152 enim
883 1097 1221 1168 compressio
1252 1095 1439 1167 populi
1469 1095 1660 1164 multa)
1705 1093 1940 1150 transis-

345 1194 449 1254 set,
481 1185 560 1241 sic
588 1185 733 1240 illius
762 1186 932 1241 arida:
959 1201 1156 1240 manus
1185 1185 1436 1240 debilitas
1467 1183 1739 1254 extemplo
1775 1197 1940 1238 cura-

345 1282 452 1340 tur,
488 1281 756 1345 quatenus
784 1273 934 1330 omni
963 1281 1186 1344 recepto
1214 1273 1425 1346 vigore,
1460 1273 1674 1328 solitum
1707 1271 1942 1342 propriae

343 1361 575 1419 actionis
605 1369 889 1418 exerceret
917 1361 1176 1417 ofﬁcium.
1211 1363 1364 1417 Hanc
1408 1376 1645 1432 namque
1699 1359 1936 1416 vidimus

343 1450 694 1516 incolumem,
729 1458 781 1506 et
800 1450 1102 1504 Meroldum
1133 1450 1224 1522 qui
1245 1457 1469 1506 venerat
1499 1464 1696 1517 caecus,
1721 1463 1938 1504 necnon

345 1546 399 1592 et
423 1538 805 1613 Aldegundem
833 1539 1100 1594 videntes.

958 1689 1182 1746 CAPUT
1210 1689 1330 1745 XV.

417 1813 773 1870 Pervenimus
803 1829 940 1884 ergo
994 1813 1290 1883 psallentes
1317 1812 1484 1867 nimia
1513 1812 1834 1867 lassitudine
1869 1827 1936 1868 ac

341 1902 476 1957 solis
503 1901 702 1956 ardore
731 1900 940 1974 fatigati
970 1901 1103 1956 hora
1133 1901 1286 1973 quasi
1316 1907 1467 1956 sexta
1497 1901 1567 1954 ad
1624 1901 1937 1955 monasterii

330 1989 581 2059 januam.
638 1991 825 2044 Annus
881 1996 1060 2044 autem
1115 1989 1304 2044 circuli
1360 1989 1699 2061 resurgentis
1741 1989 1937 2044 Christi

339 2077 828 2148 octingentesimus
858 2077 1236 2150 sexagesimus
1255 2077 1461 2143 tertius;
1487 2077 1606 2132 dies
1637 2093 1770 2132 vero
1791 2093 1937 2132 men-

340 2167 420 2221 sis
450 2173 642 2237 quarto
673 2165 888 2222 decimo
938 2165 1210 2221 Kalendas
1241 2165 1602 2236 computabur
1635 2167 1931 2238 Augustas.

341 2255 496 2311 Tunc
509 2255 710 2326 hymno
736 2257 802 2310 Te
820 2255 998 2310 Deum
1022 2255 1319 2310 laudamus
1341 2254 1598 2324 incoepto,
1613 2253 1936 2308 intravimus

341 2342 650 2410 ecclesiam,
682 2343 1020 2413 deponentes
1049 2342 1193 2396 idem
1230 2350 1674 2398 sacro-sanctum
1729 2357 1931 2413 corpus

409 2534 436 2562 ι
451 2506 581 2567 Ergo
601 2504 650 2556 id
669 2505 796 2566 quod
820 2503 992 2554 scribit
1015 2506 1188 2556 auctor
1208 2517 1478 2567 anonymus
1502 2505 1552 2554 in
1573 2505 1694 2555 libro
1709 2505 1940 2556 Transla-

339 2572 490 2624 tionis
507 2573 728 2635 superius
753 2572 904 2633 edito,
946 2573 999 2621 8.
1045 2572 1274 2621 Germani
1299 2584 1472 2634 corpus
1497 2573 1762 2622 humanum
1789 2573 1936 2624 fuisse

338 2638 574 2702 primitus
592 2639 644 2689 in
664 2640 865 2700 porticu
891 2639 1110 2689 ecclesia:
1133 2637 1186 2687 S.
1224 2637 1479 2694 Vincentii,
1503 2638 1840 2700 explicandum
1865 2642 1939 2688 est

338 2706 404 2754 de
425 2705 607 2755 sacello
650 2706 704 2756 S.
743 2704 1110 2767 Symphoriani,
1135 2704 1262 2765 quod
1292 2706 1532 2758 hactenus
1555 2708 1712 2754 exstat
1739 2705 1789 2755 in
1813 2706 1938 2755 atrio

339 2772 671 2888 cccltetsilttlice
697 2837 958 2888 lrminonis
989 2837 1181 2886 abbatis
1206 2838 1401 2887 exstant
1449 2837 1626 2887 littera:
1661 2837 1937 2888 donationis

335 2904 483 2968 paulo
503 2904 768 2954 recentiori
795 2916 940 2954 manu
977 2904 1192 2968 scriptae,
1233 2904 1405 2964 quibus
1441 2905 1717 2954 Brunardus
1740 2904 1936 2966 quidam

334 2972 576 3035 ingenuus
599 2971 748 3021 tradit
769 2972 894 3020 duos
915 2983 1108 3020 mansos
1136 2969 1357 3032 propria:
1377 2971 1674 3020 hereditatis
1696 2983 1802 3020 sua:
1820 2971 1932 3020 bea-

555 3020 770 3090 Pmsuli
797 3036 1053 3099 Germano,
1077 3020 1199 3088 sitos
1223 3020 1275 3087 in
1298 3037 1418 3088 villa
1441 3036 1598 3099 ipsius
1619 3038 1778 3088 sancti
1800 3037 1932 3088 Pon—
1958 3020 2007 3084 C

550 3320 866 3436 ACTA
970 3321 1923 3437 TRANSLATIONIS

2047 479 2399 538 concinentes
2428 479 2818 548 antiphonam:
2851 478 3100 534 Laudem
3128 479 3300 534 dicite
3325 482 3435 536 Deo
3447 485 3641 538 nostra

2044 585 2237 628 omnes
2249 569 2770 639 sanctiejus,etqui
2801 567 3016 622 timetis
3042 583 3172 622 eum
3203 569 3406 640 pusilli
3431 573 3487 624 et
3511 587 3640 626 ma-

2041 659 2162 730 gni,
2187 657 2454 730 quoniam
2476 657 2734 726 regnabit
2754 657 3028 710 Dominus
3050 657 3197 711 Deus
3217 660 3414 712 noster
3451 659 3641 713 omni-

2038 750 2260 818 potens,
2291 743 2638 816 gaudeamus
2658 746 2714 799 et
2731 744 3088 798 exsultemus
3117 748 3176 798 et
3191 744 3386 800 demus
3402 745 3643 817 gloriam

2042 835 2114 902 ei,
2148 831 2286 888 facta
2306 831 2552 888 oratione
2573 831 2642 885 ad
2691 845 2789 901 pro
2843 831 2989 886 omni
3012 831 3105 904 qui
3150 841 3481 888 convenerat
3502 840 3644 890 coetu

2042 928 2266 992 peracta
2282 921 2568 974 missarum
2601 918 2933 985 celebritate,
2953 919 3233 974 intulimus
3253 919 3384 974 illud
3403 920 3460 976 in
3490 936 3643 978 sanc-

2042 1010 2081 1062 ti
2101 1008 2481 1080 Sympboriani
2511 1016 2777 1079 cryptam,
2802 1007 2895 1062 ubi
2913 1007 3152 1078 primum
3169 1007 3414 1080 migrans
3441 1018 3466 1044 ⁸
3489 1009 3644 1081 quie-

2042 1105 2213 1164 verat,
2247 1105 2410 1168 atque
2445 1105 2566 1167 post
2595 1097 2836 1166 ejusdem
2866 1096 3038 1152 sancti
3079 1096 3340 1168 martyris
3389 1097 3560 1153 altare
3587 1097 3646 1152 in

2043 1193 2347 1258 praeparato
2378 1184 2482 1238 sibi
2511 1185 2716 1239 tumulo
2744 1184 3118 1240 venerandum
3146 1184 3450 1256 posuimus.
3485 1185 3640 1242 Unde

2039 1274 2270 1330 evolutis
2302 1282 2612 1344 temporum
2643 1273 2850 1343 spatiis,
2883 1281 3042 1344 atque
3070 1273 3403 1329 monasterio
3426 1274 3540 1343 jam
3569 1290 3636 1330 ex

2037 1371 2194 1434 parte
2224 1361 2566 1427 reaedificato,
2625 1361 2924 1416 adveniens
2980 1362 3254 1433 gloriosus
3314 1378 3642 1435 semperque

2037 1451 2162 1523 pius
2191 1468 2285 1506 rex
2315 1451 2540 1506 Carolus
2584 1451 2812 1522 ejusque
2873 1449 3027 1522 regni
3084 1465 3312 1506 consors
3370 1450 3638 1508 Richildis

2040 1540 2252 1611 regina,
2285 1539 2552 1610 simulque
2607 1546 2764 1610 pater
2819 1545 2870 1593 et
2929 1545 3117 1610 pastor
3172 1546 3359 1594 noster
3411 1540 3643 1595 domnus

2041 1627 2338 1684 Gauzlinus
2368 1624 2394 1662 δ
2424 1627 2593 1681 abbas
2621 1635 2672 1680 et
2697 1626 3018 1700 Jngelvinus
3073 1627 3385 1706 episcopus,
3443 1627 3645 1699 aliique

1967 1748 2018 1810 B
2041 1717 2306 1787 prasules
2338 1716 2454 1771 sive
2499 1715 2660 1788 regni
2691 1715 2774 1769 sui
2804 1715 3101 1786 principes,
3137 1717 3436 1772 retulerunt
3455 1717 3648 1772 eadem

2038 1805 2382 1861 sanctissima
2396 1805 2644 1859 membra
2657 1819 2782 1860 cum
2804 1803 3059 1858 laudibus
3079 1812 3129 1858 et
3150 1805 3388 1876 hymnis
3405 1805 3474 1860 ad
3521 1820 3648 1876 pro-

2039 1893 2142 1964 piis
2174 1893 2358 1948 locum
2391 1893 2650 1962 supulcri.
2684 1892 2790 1947 Ubi
2819 1891 3110 1946 auxiliante
3155 1893 3270 1947 Deo
3301 1900 3354 1947 et
3409 1893 3644 1949 Domino

2038 1989 2227 2036 nostro
2253 1982 2382 2036 Jesu
2444 1981 2679 2046 Christo,
2715 1979 2868 2035 socia
2917 1979 3152 2050 Spiritus
3209 1980 3383 2035 sancti
3437 1981 3631 2052 gratia,

2036 2069 2192 2124 multi
2223 2087 2395 2141 usque
2429 2069 2590 2124 hodie
2621 2069 2903 2124 venientes
2957 2067 3204 2137 ejusdem
3261 2067 3435 2124 sancti
3495 2069 3642 2122 Pon-

2035 2157 2195 2214 tificis
2225 2157 2432 2214 meritis
2465 2165 2722 2211 sanantur
2745 2155 2944 2210 infirmi
2973 2156 3044 2210 ad
3066 2157 3302 2229 gloriam
3331 2164 3384 2211 et
3415 2156 3636 2211 laudem

2035 2254 2237 2302 sanctae
2267 2254 2320 2302 et
2348 2246 2640 2302 individuae
2659 2244 2937 2300 .Trinitatis
2967 2244 3021 2298 in
3051 2245 3252 2300 smcula
3283 2244 3631 2311 saeculorum,

2035 2336 2232 2390 Amen.

2035 2505 2190 2568 tineis
2212 2506 2404 2556 nomine
2425 2505 2644 2556 Celeiaco
2663 2506 2716 2555 in
2737 2517 2863 2567 pago
2887 2504 3178 2567 Stampinse,
3205 2516 3261 2554 eo
3287 2508 3472 2566 tenore,
3500 2509 3556 2555 ut
3579 2505 3642 2556 de

2035 2572 2201 2624 reditu
2226 2578 2278 2624 et
2301 2585 2448 2623 censu
2489 2574 2620 2636 quod
2660 2574 2844 2622 exinde
2879 2573 3080 2632 exierit,
3125 2577 3272 2633 queat
3294 2572 3455 2622 lumen
3476 2571 3646 2624 haberi

2036 2643 2152 2689 ante
2173 2646 2398 2689 sanctum
2420 2639 2530 2700 ejus
2553 2640 2850 2706 sepulcrum.
2877 2642 3056 2706 Actum
3097 2638 3478 2706 Parisiusganno
3501 2639 3645 2699 regni

2034 2719 2069 2756 ι
2097 2706 2278 2767 Karoli,
2309 2706 2414 2755 Kal.
2445 2704 2646 2768 Aprilis,
2674 2705 2862 2756 Abbate
2901 2704 3123 2755 Gozlino.
3149 2705 3220 2755 Ex
3247 2704 3420 2765 quibus
3440 2709 3646 2767 apparet
3669 2752 3685 2766 ,

2036 2771 2286 2822 Gozlinum
2327 2771 2431 2831 jam
2476 2771 2727 2834 praefuisse
2769 2771 3065 2822 monasterio
3089 2783 3218 2820 anno
3241 2771 3360 2832 850,
3387 2771 3474 2820 Hic
3496 2771 3646 2829 subji-

2037 2839 2270 2890 ciendum
2324 2841 2401 2889 est
2447 2838 2661 2900 diploma
2704 2838 2934 2888 Ludovici
2979 2836 3181 2900 Augusti
3205 2839 3528 2899 cognomento
3546 2837 3638 2898 Pii,

2038 2917 2134 2968 quo
2157 2905 2389 2955 discimus
2411 2903 2558 2954 situm
2581 2904 2964 2961 Karoli-vennaa,
2990 2903 3126 2965 cujus
3152 2903 3376 2954 meminit
3391 2903 3642 2955 Aimoinus

2037 2971 2261 3035 superius
2285 2972 2422 3021 initio
2447 2971 2557 3020 libri
2585 2985 2599 3019 I
2623 2971 2682 3021 de
2711 2970 2958 3020 miraculis
2981 2971 3034 3019 S.
3059 2970 3309 3034 Germani,
3329 2983 3389 3020 ex
3415 2969 3518 3033 ipsa
3542 2969 3644 3020 ori-

2039 3037 2188 3102 ginali
2211 3037 2498 3088 membrana
2520 3037 2818 3099 descriptum
2838 3037 2889 3088 in
2911 3037 3016 3097 haec
3043 3035 3216 3086 verba.

2033 3323 2130 3436 S.
2245 3317 2665 3436 SAVINI
2727 3310 3394 3451 EMARTYRIS

1573 3505 2000 3566 AUCTORE
2055 3506 2464 3566 ΑΙΜΟῙΝΟ

333 3633 519 3706 (Apud
548 3634 799 3704 Martem,
831 3644 940 3692 vet.
973 3635 1170 3708 Script.
1204 3644 1254 3693 et
1273 3637 1418 3696 Mon.
1449 3637 1874 3713 ampl.‘Collect_.
1911 3645 2050 3713 tom.
2089 3639 2180 3704 Vl,
2212 3655 2267 3708 p.
2291 3642 2428 3713 896,7
2449 3655 2516 3694 ex
2547 3655 2652 3695 ms.
2685 3637 3039 3696 illustrissimi
3067 3635 3272 3693 domini
3305 3637 3635 3713 Chauyelin,

1516 3708 1796 3782 regiorum
1819 3708 2126 3780 sigillorum
2155 3709 2442 3782 custodis.)

1429 3973 2010 4064 oasanvmo
2068 3976 2449 4050 PRZEVIA.

407 4239 542 4312 ttcta
567 4239 936 4312 translationis
967 4239 1023 4312 8.
1059 4239 1244 4312 Savini
1274 4239 1533 4312 martyris
1562 4239 1943 4312 suppeditavit
1972 4240 2230 4312 DMariae
2261 4241 2502 4306 basilica,
2551 4243 2848 4298 canonicos
2890 4241 3070 4312 posuit
3113 4248 3166 4296 et
3203 4241 3427 4312 dotavit,
3473 4239 3638 4312 variis

335 4308 494 4382 nobis
510 4311 688 4366 codex
711 4310 946 4382 antiquis
967 4310 1350 4382 illustrissimis
1369 4308 1574 4382 domini
1607 4308 1937 4382 Chauvelin,

334 4379 615 4451 regiorum
645 4379 1244 4454 sigillorumcustodis,
1287 4381 1358 4434 ab
1401 4381 1558 4454 annis
1586 4380 1806 4454 circiter
1835 4383 1939 4435 800

333 4459 604 4506 exemtus.
630 4451 932 4520 Aimoinus,
963 4451 1178 4507 illorum
1207 4459 1413 4519 auctor,
1454 4452 1590 4506 alter
1624 4453 1782 4506 nobis
1820 4465 1940 4508 non

332 4520 546 4574 videtur
589 4537 620 4576 a
663 4523 1025 4578 celeberrimo
1066 4523 1158 4577 illo
1209 4521 1460 4577 Aimonio
1505 4522 1831 4579 Parisiensis
1879 4524 1934 4580 S.

333 4590 599 4678 germani
636 4593 887 4678 ePratis
920 4593 1236 4678 monasterii
1277 4600 1483 4674 asceta,
1522 4593 1648 4678 ‘q‘ui
1694 4601 1937 4678 tempore

332 4661 515 4716 Caroli
561 4663 710 4718 Calvi
757 4664 957 4718 librum
1002 4664 1072 4718 de
1119 4663 1429 4718 inventione
1470 4661 1540 4718 et
1574 4661 1937 4723 translatione

334 4733 508 4806 sancti
543 4733 814 4806 Vincentii
859 4733 1082 4806 aliaque
1101 4734 1442 4806 conscripsit.
1466 4735 1535 4789 Et
1551 4744 1712 4806 certe
1743 4737 1797 4790 id
1828 4753 1938 4793 non

333 4802 574 4858 obscure
624 4805 682 4858 in
731 4803 842 4859 ﬁne
877 4802 1233 4874 praifationis,
1282 4802 1375 4859 ubi
1421 4805 1478 4859 S.
1541 4805 1725 4861 Savini
1775 4808 1936 4864 dom-

329 4875 633 4997 niqtieln‘tei
663 4875 948 4958 Germani,
982 4875 1176 4946 inquit,
1235 4875 1539 4940 sanctitate,
1600 4879 1846 4947 adjuvari
1876 4895 1937 4934 se

329 4959 431 4997 nos
458 4961 491 4997 u
513 4960 544 4997 a
572 4987 585 4997 .

405 4947 585 4999 stulat.
731 4947 742 4958 ’

405 4959 585 4999 stulat.

329 4959 466 5087 p_oln
496 5017 600 5072 hoc
633 5024 833 5087 autem
862 5015 1126 5087 opusculo
1171 5016 1279 5071 duo
1308 5017 1616 5087 praesertim
1645 5026 1936 5075 occurrunt

329 5085 700 5142 observanda.
735 5085 992 5152 Primum,
1017 5087 1285 5142 illustrem
1305 5085 1479 5142 virum
1519 5088 1794 5144 Baidulum
1824 5091 1936 5146 cle-

330 5156 504 5228 ricum
531 5157 826 5228 palatinum
857 5157 1078 5225 Majoris
1107 5157 1422 5213 monasterii
1471 5159 1805 5215 Turonensis
1846 5161 1938 5215 ab-

331 5226 547 5292 batem,‘
567 5228 714 5298 apud
745 5229 987 5283 eruditos
1031 5229 1298 5284 hactenus
1341 5229 1610 5298 ignotum,
1659 5231 1714 5286 S.
1749 5231 1936 5286 Savini

329 5312 548 5372 corpus
564 5315 629 5353 ex
661 5298 957 5372 ecclesiae
1000 5299 1292 5372 Wandalis
1341 5298 1469 5354 olim
1514 5300 1708 5364 diruta,
1730 5319 1936 5372 quam-

328 5367 582 5441 plurimis
611 5377 754 5441 retro
782 5369 940 5441 annis
971 5369 1192 5424 omnino
1225 5370 1462 5434 deserta,
1495 5385 1561 5426 ac
1591 5367 1850 5441 vepribus
1880 5381 1934 5428 et

330 5438 506 5522 spinis
533 5439 715 5522 obsita
741 5439 1027 5522 proprium
1060 5441 1402 5522 Ceresiacum
1447 5438 1718 5522 praedium
1739 5450 1931 5522 trans:

327 5508 543 5576 tulisse,
597 5510 710 5576 ubi,
741 5508 1028 5569 aedificata
1071 5511 1128 5567 in
1175 5508 1464 5570 honorem'
1486 5513 1783 5585 genetricis
1829 5514 1932 5570 Dei

2040 4310 2320 4366 beneficiis
2363 4313 2675 4367 cumulavit.
2719 4310 2991 4374 Secundo,
3023 4312 3203 4366 locum
3249 4311 3418 4377 illum,
3451 4311 3636 4381 posita

2039 4382 2129 4452 ibi
2145 4383 2551 4436 monachorum
2580 4399 2800 4447 norma,
2825 4382 2989 4452 longe
3011 4381 3300 4437 cultionem
3322 4395 3388 4436 ac
3405 4395 3632 4452 venera-

2040 4451 2290 4524 biliorem
2319 4452 2580 4519 evasisse,
2608 4453 2808 4524 quippe
2829 4451 3024 4508 domus
3040 4453 3226 4506 omnis
3245 4467 3378 4508 cum
3391 4451 3634 4524 ecclesia

2038 4523 2304 4596 nobiliori
2321 4527 2488 4596 atque
2500 4541 2592 4578 am
2596 4521 2772 4596 p'liofi
2788 4525 3072 4596 schemate
3087 4522 3444 4596 consurrexit.
3469 4521 3530 4576 Id
3548 4537 3638 4575 au-

2039 4593 2284 4648 ctoritate
2323 4591 2482 4648 simul
2516 4610 2580 4650 ac
2596 4591 2805 4664 'pietate
2847 4594 3026 4649 Caroli
3055 4593 3239 4664 Magni
3279 4591 3483 4664 factum
3520 4600 3632 4646 tra-

2037 4665 2188 4730 dunt,
2222 4664 2313 4735 qui
2351 4663 2741 4736 monasterium
2769 4665 2923 4736 regia
2951 4663 3362 4736 magnificentia
3391 4671 3634 4736 constru.

2037 4743 2182 4789 ctum
2207 4733 2562 4790 restauratori
2585 4735 2792 4790 ordinis
2820 4733 3108 4790 monasti‘ci
3134 4735 3191 4790 in
3227 4733 3402 4790 Gallia
3447 4735 3628 4788 Bene-

2037 4805 2186 4860 dicto
2229 4805 2526 4861 Anianensi
2557 4807 2744 4861 abbati
2793 4807 3098 4875 regendum
3144 4803 3462 4868 commissit,
3511 4803 3626 4875 ubi,

2035 4885 2368 4948 congregata
2400 4877 2635 4948 maxima
2670 4874 3062 4948 monachorum
3121 4883 3356 4948 caterva,
3394 4874 3629 4930 Benedi;

2035 4947 2174 5001 ctina
2205 4947 2402 5016 religio
2430 4947 2500 5000 ita
2524 4947 2722 5016 ﬂoruit,
2756 4955 2815 5001 ut
2847 4947 2918 5002 ad
2946 4947 3122 5002 varias
3153 4947 3278 5002 inde
3323 4959 3629 5016 congrega-

2036 4965 2174 5001 cuna
2205 4965 2304 5002 reu
2349 4965 2402 5002 io
2430 4965 2500 5000 lla
2524 4965 2722 5016 norunt,
2756 4965 2815 5001 ut
2847 4965 2918 5002 an
2946 4965 3122 5002 varias
3153 4965 3278 5002 inae
3323 4965 3424 5002 con
3469 4965 3625 5016 rega-

2036 5017 2216 5089 tionis
2246 4965 2552 5073 suEsecutis
2600 5019 2936 5089 temporibus
2985 5016 3184 5072 diffusa
3229 5015 3409 5089 fuerit.
3427 4965 3528 5089 gEx
3567 5015 3625 5072 S.

2037 5088 2226 5161 Savini
2252 5090 2450 5161 quippe
2499 5087 2831 5161 monasterio
2871 5089 2941 5142 ad
2977 5087 3390 5161 restaurandam
3424 5087 3481 5140 in
3524 5090 3629 5142 Au-

2034 5158 2430 5231 gustodunenSi
2483 5161 2540 5216 S.
2574 5160 2786 5231 Martini
2823 5159 3070 5214 coenobio
3111 5158 3454 5231 disciplinam
3500 5173 3626 5214 cum

2035 5229 2224 5286 sancto
2255 5233 2567 5304 Hugoneet
2585 5230 2825 5287 sedecim
2854 5231 2975 5304 aliis
3004 5229 3287 5304 monachis
3313 5236 3628 5304 assumptus

2034 5309 2117 5355 est
2145 5299 2416 5374 maximus
2446 5303 2538 5358 ille
2558 5303 2755 5369 Berno,
2782 5301 2874 5374 qui
2904 5309 3092 5374 postea
3121 5299 3624 5374 Gignacensi,_Bal-

2032 5373 2208 5444 mensi
2251 5389 2316 5429 ac
2363 5375 2579 5430 demum
2619 5371 2958 5429 Cluniacensi
2997 5371 3410 5444 congregationi
3453 5371 3624 5426 abbas

2031 5441 2306 5517 praefuit};
2327 5445 2489 5517 idque
2513 5453 2730 5516 petente
2751 5459 2841 5517 __ac
2888 5441 3233 5517 procurante
3244 5442 3624 5517 Badiloneco-

2030 5514 2182 5581 mite,
2215 5513 2784 5576 zEduerisis'asceterii
2827 5513 3242 5583 restauratione,
3289 5513 3443 5586 cujus
3469 5513 3621 5584 olim,
