4112 6192
486 183 616 242 1051

488 375 649 434 licam
681 385 1056 433 construxerat
1082 391 1146 430 ac
1176 375 1477 429 dotaverat.

559 449 733 504 Porro
762 449 880 503 haec
907 450 1040 503 Acta
1062 443 1385 512 conscripsit
1426 441 1709 498 Aimoinus
1753 441 1824 496 ad
1851 439 2076 512 petitio-

490 534 617 574 nem
647 518 903 574 Hucberti
933 516 1147 572 abbatis
1177 516 1232 571 S.
1267 511 1471 580 Savini,
1505 513 1598 586 qui
1651 529 1683 568 a
1723 511 1958 584 vulgatis
1986 512 2088 564 ha-

497 663 3248 689 Μ

1474 224 1476 227 .
1575 171 1914 232 AIMOINUS
1959 168 2345 228 MONACHUS
2401 170 2859 230 SANGERMAN.

483 313 541 362 ut
571 304 908 375 conjicimus,
941 303 1202 360 Baidulus
1231 299 1591 374 propinquus,
1633 300 1690 355 S.
1740 298 1924 354 Savini
1954 297 2085 352 bisi-
2107 295 2165 356 A
2193 304 2382 375 ctenus
2413 297 2572 375 hujus
2625 296 2868 375 cognobii
2918 295 3188 375 indicibus
3234 295 3533 375 ensulavit,

3669 176 3804 232 1052

3639 296 3800 370 uique

2193 376 2314 439 post
2345 368 2631 424 Dodonem
2671 367 2946 424 Benedicti
3001 367 3328 439 Anianensis
3376 367 3729 439 discipulum
3745 377 3796 426 et

2190 438 2570 496 successorem
2595 439 2951 497 collocandus
2980 438 3213 499 videtur.

3255 661 3753 682 _-—-

1621 807 1971 878 AIMOINI
2055 804 2558 876 PREFATIO.

565 1057 614 1108 1.
630 1051 772 1108 Vere
791 1065 885 1107 cre
897 1048 1128 1106 diderim
1149 1049 1256 1104 hoc
1275 1056 1387 1104 tam
1412 1063 1638 1118 parvum
1656 1061 1819 1118 quam
1837 1061 1926 1101 ma
1932 1063 2101 1119 gnum

487 1141 648 1211 hujus
698 1139 975 1212 sequentis
1034 1138 1216 1208 operis
1274 1143 1673 1192 sacramentum
1735 1133 1867 1189 mihi
1915 1134 2100 1189 divina

490 1228 774 1302 sanctique
803 1227 989 1284 Savini
1027 1225 1286 1298 praecipui
1329 1225 1485 1280 testis
1515 1223 1713 1280 Christi
1739 1222 2098 1279 miseratione

490 1318 750 1374 donatum
783 1334 796 1371 :
825 1331 1056 1388 parvum
1102 1314 1226 1370 dico
1269 1313 1567 1385 quantitate
1615 1311 1930 1381 voluminis,
1976 1328 2092 1366 ma-

489 1422 660 1479 gnum
688 1420 816 1462 vero
861 1403 1168 1460 reverentia
1195 1401 1470 1474 martyris.
1503 1402 1642 1456 Nam
1671 1409 1724 1456 et
1754 1401 1884 1456 talia
1913 1416 1982 1456 ne
2011 1401 2096 1456 le-

493 1495 736 1568 gentium
798 1493 1214 1563 auditorumque
1293 1491 1544 1546 sensibus
1588 1489 1912 1544 fastidienda
1970 1488 2094 1555 sint,

491 1582 684 1654 paucis
725 1589 941 1652 oportet
982 1579 1271 1636 innotesci.
1312 1580 1380 1633 Et
1427 1578 1650 1644 utinam,
1703 1577 1828 1633 licet
1856 1577 2098 1632 immeri-

491 1678 578 1729 tus
606 1657 913 1744 presbyter,
946 1670 993 1724 is
1031 1669 1154 1724 talis
1195 1668 1462 1734 inveniar,
1496 1667 1588 1744 qui
1635 1675 1687 1725 et
1717 1675 1908 1724 sancto
1937 1665 2096 1723 defe-

2199 1064 2335 1118 ram,
2369 1047 2650 1120 ipsiusque
2691 1048 3066 1120 amplexanda
3107 1050 3546 1125 congregationi,
3591 1065 3802 1106 mamo-

2199 1137 2371 1194 rando
2399 1137 2651 1194 videlicet
2679 1137 2794 1206 ejus
2822 1138 3060 1195 coanobii
3087 1139 3365 1195 Hucberto
3392 1139 3600 1205 abbati,
3633 1148 3688 1196 et
3709 1139 3804 1195 sub

2199 1241 2266 1282 eo
2295 1225 2383 1296 pie
2413 1225 2660 1282 colendis
2701 1226 2967 1294 Patribus,
3012 1227 3216 1298 aliquid
3261 1243 3386 1283 eum
3415 1229 3624 1284 honore
3661 1227 3804 1283 futu-

2198 1331 2318 1368 rum
2373 1314 2694 1386 relinquam,
2750 1323 2918 1386 utque
2965 1315 3033 1370 ad
3081 1315 3257 1371 sancti
3294 1317 3551 1387 martyris
3594 1315 3808 1371 laudem

2201 1410 2547 1466 vestramque
2583 1403 2975 1472 jucunditatem
3019 1401 3137 1458 ﬁeri
3167 1404 3359 1474 possit,
3390 1403 3555 1472 illius,
3587 1403 3806 1459 domui-

2200 1507 2306 1562 que
2335 1491 2444 1545 mei
2472 1492 2731 1546 Germani
2782 1492 3085 1556 sanctitate,
3139 1500 3548 1563 vestrarumque
3595 1493 3806 1548 oratio-

2198 1594 2327 1633 num
2359 1579 2643 1645 solamine,
2679 1579 2776 1634 Dei
2817 1580 3095 1651 sanctique
3140 1579 3325 1636 Savini
3355 1581 3516 1636 amici
3547 1597 3636 1636 me
3667 1597 3798 1659 sup-

2195 1667 2319 1738 plex
2347 1667 2582 1739 imploro
2595 1667 2792 1737 juvari.

1631 1936 1970 2008 INCIPIT
2050 1935 2652 2012 TRANSLATIO.

559 2135 614 2189 2.
637 2131 720 2186 Ea
750 2143 880 2186 sane
909 2135 1232 2200 tempestate
1249 2141 1356 2200 qua
1373 2125 1771 2182 Wandalorum
1791 2124 2092 2196 populatio,
2117 2128 2172 2188 B
2203 2127 2295 2200 qui
2324 2137 2608 2195 noverant,
2661 2129 3030 2201 ignorabatur.
3061 2131 3185 2186 Non
3215 2138 3394 2185 tamen
3440 2129 3690 2195 deerant,
3721 2127 3808 2197 qui

490 2227 550 2277 ut
577 2236 752 2292 usque
781 2234 924 2274 nunc
953 2234 1020 2273 ex
1049 2217 1365 2288 antiquitate
1395 2213 1643 2283 refertur,
1677 2215 1730 2268 in
1761 2214 1970 2270 vicinas
1999 2231 2100 2269 ex-

491 2316 748 2380 terasque
792 2307 956 2380 longe
1011 2307 1226 2377 lateque
1257 2305 1514 2360 saeviebat
1563 2303 1830 2368 nationes,
1865 2303 2104 2358 ecclesia

493 2413 616 2470 quas
643 2397 882 2467 desuper
915 2411 1114 2466 corpus
1135 2401 1250 2450 erat
1298 2392 1595 2447 beatissimi
1625 2392 1879 2463 martyris
1909 2391 2106 2446 Christi

495 2484 701 2552 Savini,
734 2483 926 2549 diruta,
960 2483 1184 2555 ipseque
1214 2482 1367 2538 locus
1412 2481 1487 2536 ita
1533 2479 1860 2535 desolationi
1893 2479 2105 2534 habita-

494 2581 673 2630 torum
705 2572 950 2629 absentia
983 2571 1206 2626 traditus
1254 2579 1356 2637 est,
1399 2577 1454 2624 ut
1494 2568 1662 2625 eremi
1710 2569 1958 2623 vastitate
2005 2569 2108 2622 ob-

494 2663 650 2732 situs,
681 2679 780 2734 per
805 2662 1034 2716 multum
1065 2659 1429 2714 inhabitabilis
1455 2659 1803 2713 desereretur
1837 2672 2104 2712 annorum

495 2767 735 2808 cursum.
781 2749 940 2820 Quod
980 2749 1098 2804 etsi
1132 2747 1492 2820 aliqui,pauci
1513 2747 1788 2816 duntaxat,
1806 2745 2110 2802 restiterant

495 2841 659 2896 vicini
682 2840 894 2905 incolae,
930 2847 982 2892 et
1034 2854 1261 2910 quorum
1295 2853 1485 2891 manus
1505 2836 1572 2889 ad
1605 2836 1708 2890 hoc
1738 2834 2103 2906 reparandum

498 2927 723 2983 minime
753 2925 1079 2982 sufﬁcerent.
1103 2927 1338 2994 Tempus
1359 2940 1596 2994 namque
1626 2922 1909 2993 profusum
1939 2931 2112 2976 trans-

493 3014 578 3077 iit,
625 3015 724 3069 sed
766 3030 875 3068 non
920 3013 1184 3067 memoria
1229 3012 1398 3066 oblita
1442 3020 1523 3066 est
1554 3011 1658 3066 loci
1691 3029 1704 3064 :
1739 3011 1828 3080 qui
1857 3010 1982 3065 licet
2011 3010 2100 3063 in-

495 3103 694 3170 cultus,
729 3102 1029 3174 priscorum
1050 3109 1232 3156 tamen
1261 3100 1578 3154 volvebatur
1597 3115 1695 3169 per
1709 3114 1772 3154 or
1789 3115 1819 3151 a
1841 3105 2108 3168 sacratus,

499 3191 750 3264 beatique
780 3191 966 3246 Savini
995 3189 1213 3260 corpori
1231 3188 1592 3244 scientissime
1611 3187 1908 3242 dedicatus.
1945 3186 2107 3240 Cum-

496 3297 602 3354 que
622 3280 892 3352 longioris
919 3278 1021 3334 θενί
1052 3278 1271 3332 detluxo
1294 3278 1409 3346 jam
1440 3277 1635 3347 spatio,
1671 3275 2030 3346 Omnipotens
2057 3285 2111 3332 et

497 3370 676 3426 locum
717 3367 1030 3432 restaurari,
1063 3375 1114 3420 et
1147 3373 1390 3420 sanctum
1420 3363 1760 3419 manifestius
1791 3364 1961 3419 recoli
1991 3363 2111 3418 dis-

493 3457 786 3530 posuisset,
818 3455 1094 3529 quomodo
1124 3453 1383 3510 acciderit
1414 3460 1628 3524 gratum
1661 3452 1714 3506 in
1735 3452 1885 3508 brevi
1925 3451 2111 3508 dicere

496 3545 614 3602 fuit.

567 3639 618 3691 3.
651 3635 783 3691 Cum
810 3634 976 3706 igitur
1005 3633 1280 3706 quoddam
1312 3646 1480 3702 pecus
1501 3629 1786 3699 cujusdam
1805 3628 1987 3684 coloni
2007 3629 2103 3684 ho-

495 3724 658 3779 minis
705 3723 996 3795 aliquando
1050 3723 1328 3776 aberasset
1358 3735 1390 3774 a
1421 3735 1612 3792 grege,
1643 3718 1753 3784 ille,
1805 3716 2024 3772 animali
2053 3717 2107 3770 in

495 3812 846 3884 pascualibus
876 3827 985 3866 non
1013 3810 1252 3876 invento,
1299 3808 1587 3863 remotiora
1620 3807 1894 3871 silvarum,
1929 3805 1997 3860 de
2020 3822 2110 3876 pe-

498 3917 628 3958 core
665 3901 1008 3970 desperatus,
1041 3914 1306 3970 agressus
1334 3905 1416 3952 cst
1447 3897 1587 3964 loca,
1641 3903 1967 3966 repertoque
2006 3909 2107 3948 ex-

493 3997 574 4044 tra
620 3988 838 4059 pecoris
884 3987 1136 4058 vestigio,
1190 3985 1353 4055 coepit
1406 3984 1564 4054 sequi
1609 3984 1785 4038 donec
1827 3982 2107 4052 spinarum

499 4076 869 4146 ruborumque
925 4073 1215 4144 asperitate
1280 4071 1495 4144 longius
1556 4079 1840 4125 arceretur
1901 4070 1971 4124 ab
2019 4070 2098 4123 in-

497 4172 694 4235 caapto.
728 4163 835 4218 Sed
866 4162 1011 4234 quod
1044 4170 1125 4217 est
1153 4177 1255 4232 pro
1280 4159 1508 4233 perditis
1540 4158 1868 4214 rusticorum
1897 4173 2108 4230 paupe-

497 4270 636 4319 rum,
687 4252 926 4308 laborem
968 4250 1216 4324 quamvis
1247 4265 1472 4322 gravem
1503 4247 1752 4304 evincere
1785 4247 2105 4318 persistens,

496 4342 642 4400 ferro
699 4341 946 4413 veprium
989 4341 1340 4412 omniumque
1373 4338 1624 4409 stirpium
1653 4337 1756 4391 sibi
1787 4335 2100 4392 nocentium

495 4419 718 4488 dextera
761 4431 1004 4502 laevaque
1045 4429 1427 4500 impedimenta
1483 4427 1791 4493 succidens,
1827 4425 1896 4480 ad
1927 4425 2108 4479 locum

493 4522 713 4577 tandem
757 4519 836 4576 sic
877 4519 1152 4574 desudans
1186 4517 1448 4589 prorupit,
1498 4516 1554 4570 in
1601 4530 1709 4586 quo
1757 4513 2109 4585 quadrupede

495 4610 642 4683 quod
673 4609 944 4682 qurerebat
963 4606 1167 4677 jacenti
1199 4612 1516 4676 conspecto,
1541 4603 1794 4668 accessit,
1821 4618 1942 4656 eum
1967 4617 2114 4656 com-

497 4715 746 4762 movens,
779 4697 876 4752 sed
903 4713 1074 4769 pecus
1104 4695 1214 4750 ullo
1256 4693 1420 4749 modo
1469 4709 1528 4747 se
1565 4692 1748 4747 levare
1778 4707 1888 4746 non
1915 4689 2106 4761 potuit.

495 4783 764 4839 Obruerat
793 4782 936 4837 enim
985 4781 1196 4836 intrans
1224 4779 1470 4848 ejusdem
1496 4777 1626 4832 olim
1661 4775 1900 4830 basilicae
1931 4783 2104 4844 septa,

2219 2233 2252 2273 a
2281 2217 2589 2272 videntibus
2635 2218 2876 2290 priorem
2922 2220 3168 2290 ejusdem
3210 2218 3452 2274 basilicae
3497 2225 3718 2278 statum,
3751 2229 3812 2270 es

2218 2322 2338 2378 qua:
2369 2315 2496 2363 tunc
2543 2307 2697 2379 quasi
2740 2324 2880 2364 nova
2919 2309 3262 2378 dicebantur,
3295 2323 3356 2363 se
3381 2314 3544 2363 antea
3570 2303 3810 2364 crebrius

2216 2395 2430 2450 audisse
2452 2395 2754 2451 certissime
2787 2396 3101 2452 faterentur.

2289 2487 2340 2538 5.
2390 2485 2604 2539 Interea
2651 2485 2871 2556 quidam
2916 2485 3221 2556 presbyter,
3267 2483 3487 2540 nomine
3515 2498 3582 2538 ac
3623 2481 3812 2537 merito

2216 2571 2456 2638 Bonitus,
2491 2573 2575 2626 his
2606 2573 2887 2646 diligentia
2917 2573 3153 2643 attentis,
3186 2573 3376 2628 institit
3403 2572 3589 2628 divino
3623 2570 3814 2626 sancti-

2217 2675 2323 2731 que
2351 2661 2603 2732 martyris
2649 2677 2837 2734 ajnore
2881 2665 3196 2727 conductus,
3248 2661 3540 2717 ecclesiam
3581 2658 3816 2730 martyrii

2216 2757 2618 2815 reconstruere,
2679 2750 2970 2822 locumque
3002 2759 3058 2805 ut
3087 2758 3170 2806 est
3197 2750 3358 2805 hodie
3385 2747 3704 2804 habitationi
3729 2762 3812 2802 re-

2217 2845 2444 2892 struere.
2479 2837 2638 2907 Quod
2667 2847 2844 2893 autem
2877 2839 3015 2894 inter
3043 2847 3244 2894 caetera
3269 2854 3436 2893 unum
3479 2837 3684 2892 ibidem
3711 2835 3814 2889 mi—

2215 2925 2456 2980 raculum
2485 2941 2518 2980 a
2567 2927 2812 2982 Bonimio
2855 2928 3139 2983 sacerdote
3183 2926 3352 2997 ipsius
3394 2925 3571 2980 Boniti
3617 2931 3812 2994 nepote

2219 3015 2596 3084 comperimus,
2630 3014 2904 3070 sufficiens
2935 3016 3004 3070 ad
3025 3016 3079 3070 id
3093 3016 3240 3088 quod
3267 3015 3446 3088 agitur
3465 3014 3812 3084 interponere

2209 3101 2594 3171 judicavimus.
2628 3104 2817 3158 Aiebat
2863 3105 3009 3158 enim
3051 3104 3190 3158 inter
3227 3105 3344 3158 haec
3373 3119 3494 3175 qum
3521 3103 3594 3157 ab
3622 3101 3810 3156 eodem

2215 3206 2315 3244 suo
2363 3192 2630 3247 avunculo
2669 3192 2861 3246 referri
2909 3193 2977 3247 de
3025 3200 3214 3248 sancto
3262 3192 3462 3262 saepius
3509 3190 3806 3250 asserebat,

2215 3279 2367 3351 quasi
2395 3280 2561 3335 modo
2586 3280 2731 3334 idem
2775 3280 2996 3336 Bonitus
3027 3296 3226 3352 equum
3257 3279 3360 3334 sibi
3393 3279 3672 3351 quondam
3701 3276 3815 3332 {ur-

2215 3367 2308 3421 tim
2352 3369 2684 3424 subtractum
2729 3369 3160 3439 interpellatione
3210 3367 3396 3424 domni
3446 3366 3630 3422 Savini
3660 3381 3816 3422 recu-

2131 3485 2180 3548 Ο
2211 3472 2407 3526 perare
2437 3457 2717 3512 meruerit.
2748 3458 2906 3528 Equo
2937 3457 3208 3529 siquidem
3238 3456 3469 3527 perdito,
3503 3455 3635 3527 quid
3665 3454 3816 3509 face-

2208 3554 2306 3610 ret,
2341 3545 2556 3601 frenum
2594 3561 2811 3602 necnon
2859 3553 2912 3600 et
2958 3545 3152 3601 sellam
3204 3544 3434 3615 accepit,
3487 3551 3652 3615 atque
3699 3549 3818 3598 ante

2205 3635 2378 3690 sancti
2408 3634 2674 3688 tumulum
2698 3634 2777 3690 sic
2797 3633 3152 3704 increpitans,
3174 3648 3520 3704 maerensque
3537 3631 3764 3702 projecit
3795 3647 3809 3683 :

2205 3717 2299 3786 Te,
2350 3722 2540 3794 inquit,
2585 3730 2770 3777 sancte
2814 3731 3041 3793 martyr,
3107 3721 3276 3777 cultui
3329 3737 3426 3775 seu
3473 3719 3816 3785 venerationi

2207 3811 2441 3868 ecclesia
2471 3811 2566 3864 tibi
2596 3810 2818 3874 refecta,
2850 3826 2952 3881 pro
3000 3825 3168 3880 parvo
3197 3809 3406 3880 possim
3435 3816 3487 3863 et
3521 3807 3817 3862 laborando

2207 3900 2511 3966 restituere,
2563 3907 2636 3966 tu,
2681 3899 2818 3970 proh
2849 3899 3020 3964 nefas,
3051 3914 3254 3970 equum
3284 3896 3416 3952 mihi
3446 3896 3555 3950 tuis
3585 3895 3810 3962 meritis,

2207 3997 2265 4042 ut
2295 3996 2538 4058 poteras,
2568 4003 2678 4042 non
2727 3987 3034 4042 custodisti.
3083 3986 3352 4058 Equidem
3411 3984 3598 4040 servio
3643 3983 3816 4039 eccle-

2210 4076 2368 4141 siam,
2417 4092 2547 4130 num
2594 4076 2809 4146 patior?
2857 4074 3015 4144 Quod
3056 4075 3102 4129 si
3141 4083 3344 4129 rectum
3394 4072 3632 4139 videtur,
3677 4072 3818 4127 Deus

2207 4165 2506 4230 discernat,
2540 4173 2705 4236 tuque
2733 4165 3031 4236 perpende,
3064 4163 3304 4234 mihique
3335 4177 3533 4233 equum
3563 4160 3810 4216 restitue.

2209 4253 2335 4308 Haec
2381 4261 2434 4308 et
2482 4252 2642 4324 plura
2693 4259 2984 4324 postquam
3026 4251 3106 4306 sic
3151 4250 3315 4306 veluti
3353 4251 3498 4320 juste
3530 4248 3819 4320 querelans

2207 4342 2404 4409 intulit,
2446 4357 2700 4396 reversus
2728 4342 2796 4396 ad
2825 4341 3068 4406 domum,
3099 4348 3260 4397 nocte
3281 4338 3816 4409 superincumbente,

2209 4430 2421 4501 placido
2470 4446 2529 4484 se
2578 4429 2762 4500 sopori
2807 4429 3049 4495 donavit,
3081 4427 3281 4483 deinde
3321 4426 3452 4498 galli
3477 4441 3615 4481 voce
3645 4423 3817 4480 somni

2210 4529 2490 4590 torporem
2536 4517 2784 4590 linquere
2826 4516 3097 4572 monentis
3127 4515 3414 4588 evigilans,
3447 4513 3687 4569 oﬂicium
3717 4527 3818 4567 no-

2210 4607 2450 4664 cturnale
2497 4613 2659 4678 atque
2707 4604 3020 4660 matutinale
3087 4613 3212 4659 ante
3275 4603 3448 4659 sancti
3509 4601 3819 4672 sepulcrum

2211 4703 2524 4752 reverenter
2571 4694 2730 4749 solito
2777 4693 3094 4764 complevit.
3150 4692 3271 4762 Quo
3318 4699 3558 4763 peracto,
3603 4690 3734 4746 dum
3762 4705 3820 4746 se

2209 4785 2277 4839 ab
2307 4783 2539 4840 ecclesia
2585 4782 2769 4838 domui
2819 4783 3095 4846 redderet,
3149 4797 3321 4852 equus
3365 4796 3543 4851 nuper
3588 4778 3818 4843 furatus,

496 4872 675 4927 taliter
713 4870 893 4926 debile
935 4870 1146 4938 jaccns,
1203 4875 1471 4941 quatenus
1499 4865 1751 4921 omnibus
1775 4871 2107 4920 contractum
2136 4845 2188 4905 D
2209 4874 2360 4929 nullo
2389 4889 2448 4928 se
2479 4879 2724 4944 regente,
2759 4887 2883 4926 mox
2916 4871 2971 4924 in
3001 4845 3140 4926 facie
3169 4845 3372 4940 p-ragsjo
3410 4845 3528 4934 ῖῇίι,
3582 4866 3823 4923 domini-

387 4966 408 4975 ’
495 4958 776 5026 membris,
812 4975 914 5015 nec
943 4973 1256 5031 assurgere,
1291 4972 1391 5011 nec
1423 4955 1682 5011 incedere
1710 4953 1929 5024 penitus
1960 4951 2110 5006 vale-
2207 4979 2315 5034 que
2362 4961 2711 5033 presepjum,
2756 4969 2940 5031 utpote
2989 4967 3176 5014 notum
3223 4966 3496 5029 repetens,
3550 4956 3823 5011 stabulum

495 5059 596 5106 ret.
629 5048 871 5106 Brachiis
900 5055 1081 5102 tamen
1111 5046 1243 5101 illud
1274 5045 1584 5116 impositum
1615 5042 1850 5114 portavit
1897 5041 1967 5096 ad
2002 5040 2106 5096 do-
2206 5065 2370 5106 cursu
2399 5049 2707 5124 ingreditur
2739 5067 2753 5103 ς
2787 5047 2931 5119 quod
2963 5048 3255 5120 presbyter
3283 5062 3540 5112 cernens,
3591 5045 3822 5101 Domino

497 5155 666 5208 mum,
700 5137 892 5194 vicinis
923 5145 1074 5210 gesta
1105 5135 1374 5206 replicans
1406 5133 1676 5188 universa.

568 5231 620 5284 4.
667 5226 959 5283 Crescebat
1005 5224 1184 5296 itaque
1229 5221 1539 5292 hujusmodi
1583 5219 1823 5275 narratio
1868 5234 1966 5290 per
1985 5217 2105 5272 dies

2208 5147 2506 5210 sanctoque
2553 5139 2670 5207 ejus
2719 5136 2940 5208 martyri
2994 5136 3194 5191 Savino
3247 5143 3430 5209 grates
3478 5133 3818 5204 rependens,

2217 5229 2600 5283 studiosiorem
2631 5243 2690 5282 se
2719 5225 2979 5298 deinceps
3008 5225 3157 5282 circa
3180 5224 3281 5280 Del
3322 5223 3573 5295 martyris
3622 5221 3820 5278 cultum

497 5323 661 5388 atque
709 5315 1032 5371 dilatabatur
1064 5313 1292 5384 prolixe.
1345 5311 1592 5366 Manebat
1637 5309 1858 5381 quidem
1889 5307 1957 5363 de
1990 5323 2120 5362 san-
2219 5311 2480 5368 exhibuit.

500 5410 611 5470 cto,
661 5410 715 5458 et
756 5405 871 5474 ejus
918 5402 1152 5459 ecclesia
1181 5401 1368 5458 vivens
1398 5400 1596 5465 adhuc,
1631 5406 1690 5454 ut
1720 5396 2115 5468 praemisimus:

2292 5405 2343 5456 6.
2375 5401 2507 5456 Erat
2536 5399 2772 5472 denique
2819 5397 2903 5454 vir
2931 5396 3188 5468 prosapia
3218 5395 3419 5461 clarus,
3453 5393 3621 5450 rebus
3649 5391 3818 5464 incly-

503 5491 655 5554 fama
688 5509 701 5552 :
733 5492 832 5552 sed
859 5501 1088 5550 catenas
1137 5506 1245 5568 quo
1288 5489 1452 5546 fuerit
1497 5488 1551 5543 in
1583 5487 1724 5561 loco,
1757 5485 1986 5543 mortuis
2008 5485 2120 5557 jam
2220 5499 2328 5546 tus.
2361 5488 2601 5546 Bsidilus
2651 5487 2884 5545 clericus
2923 5486 3189 5562 palatinus
3218 5484 3365 5541 abba
3388 5483 3607 5553 Majoris
3635 5496 3825 5539 mona-
