4112 6192
315 210 321 214 ’
343 235 490 316 {oss

1401 231 1498 289 DE
1535 228 1920 290 TRANSLAT.
1963 231 2022 289 Β.
2080 231 2316 289 SAVINI
2370 233 2582 292 MART.

3520 241 3648 296 ιυδι

338 357 495 414 stet-ii
517 359 873 426 Turonensis,
905 358 1251 416 hereditaria
1295 357 1500 415 ibidem
1548 359 1701 429 juxta
1730 357 1786 412 in
1815 357 1946 414 villa
1977 357 2028 420 Α
2046 366 2336 432 antequam
2365 359 2589 415 domum
2615 361 2977 432 pervenisset,
3025 361 3218 419 ducitis
3253 377 3288 420 a
3313 362 3482 422 fundo
3510 364 3642 420 kar~

338 456 694 520 nuncupante
737 448 970 515 Cerisio,
1022 448 1144 517 jure
1198 448 1613 520 propinquitatis
1653 446 1945 518 possidens

337 537 547 609 pradia
579 553 593 592 :
629 538 722 610 qui
752 537 1061 606 hujusmodi
1083 537 1213 592 dum
1243 537 1574 602 advenisset,
1607 537 1807 610 agnitis
1851 552 1947 592 ne-

343 625 532 698 gotiis,
552 625 740 698 incipit
771 626 1026 697 prudenti
1055 626 1238 682 animo
1267 626 1451 680 audita
1479 616 1746 694 meditari,
1781 633 1946 697 atque

341 713 388 768 si
429 714 608 770 taliter
644 730 766 770 esse
795 715 1016 786 vulgata
1063 723 1286 786 possent
1312 715 1525 786 sagaci
1555 713 1946 785 perquisitione

338 801 620 868 scrutari;
663 819 896 875 cumque
950 819 1015 858 ex
1102 802 1452 874 praesentium
1509 810 1562 857 et
1600 802 1946 874 antiquorum

344 889 631 958 relatione,
664 891 970 963 insuperet
998 891 1388 949 miraculorum
1443 891 1810 956 attestatione,
1857 891 1947 946 id-

343 995 451 1050 que
479 979 641 1034 etiam
667 979 790 1036 loco
819 981 1110 1051 pandente,
1147 996 1261 1035 rem
1308 980 1648 1036 verissimam
1680 995 1804 1035 esse
1837 979 1950 1034 col-

339 1066 584 1140 legisset,
619 1068 904 1124 conatibus
919 1069 1023 1140 piis
1052 1068 1366 1141 sedulisque
1425 1067 1709 1134 anhelare,
1757 1083 1866 1140 quo
1896 1075 1950 1123 et

338 1155 446 1210 sibi
475 1172 542 1211 ex
572 1157 747 1212 sancti
775 1157 1023 1228 martyris
1052 1165 1202 1230 parte
1231 1158 1450 1213 cederet
1507 1157 1702 1228 gratia.
1737 1164 1790 1212 et
1811 1172 1935 1211 san-

339 1251 430 1300 cto
458 1245 685 1316 martyri
717 1261 784 1300 ex
817 1261 1037 1300 suarum
1068 1246 1319 1316 portione
1367 1261 1551 1301 rerum
1571 1245 1946 1316 amplificare-

343 1340 433 1386 tur
462 1332 722 1406 dignitas.
757 1333 903 1402 Quid
922 1334 1187 1405 inquam?
1218 1335 1277 1388 In
1309 1334 1502 1389 eodem
1540 1333 1766 1404 praedio,
1803 1336 1948 1405 quod

346 1435 460 1476 non
497 1428 656 1476 antea
683 1421 903 1476 molitus
933 1420 1128 1489 fuerat,
1165 1422 1222 1476 in
1247 1423 1458 1478 honore
1489 1422 1729 1494 Virginis
1757 1423 1949 1478 matris

348 1509 574 1576 Christi,
607 1509 865 1565 divinitus
909 1511 1108 1566 ardens
1157 1511 1366 1579 condis,
1427 1518 1714 1582 sacratque
1757 1510 1948 1564 basili-

349 1612 494 1665 cam,
527 1597 891 1654 habitationes
923 1597 1068 1665 facit,
1101 1599 1332 1656 clericos
1361 1599 1610 1670 imponit,
1643 1599 1948 1654 necessaria

346 1695 540 1743 cuncta
599 1695 842 1756 exornat,
903 1687 1123 1742 demum
1161 1703 1294 1744 vero
1350 1687 1417 1742 ad
1457 1686 1628 1742 sancti
1687 1687 1948 1742 tumulum

349 1791 478 1833 cum
504 1773 722 1842 fiducia,
761 1775 1047 1848 omnisque
1094 1775 1346 1848 obsequii
1387 1775 1672 1848 diligentia
1719 1776 1949 1847 supplex

349 1864 640 1930 accedens,
668 1863 956 1919 celebratis
987 1863 1178 1920 officiis
1207 1865 1612 1936 missarumque
1645 1864 1944 1930 solemniis,

347 1953 524 2008 Deum
553 1960 913 2025 sanctumque
941 1953 1224 2023 postulans
1255 1961 1567 2024 martyrem,
1603 1961 1660 2007 ut
1689 1953 1768 2007 illi
1799 1953 1947 2026 quod

347 2040 502 2097 nisus
559 2039 734 2096 fuerat
765 2041 1066 2097 concedere
1134 2040 1416 2113 perficere,
1469 2051 1677 2097 tantum
1732 2050 1948 2113 tamque

349 2129 634 2200 copiosum
663 2129 861 2202 pignus
881 2146 910 2184 a
932 2130 1052 2186 loco
1081 2129 1138 2184 in
1164 2147 1273 2202 quo
1314 2131 1532 2200 jacebat
1561 2147 1685 2186 cum
1715 2139 1947 2186 tremore

351 2218 596 2289 psallens
626 2218 940 2288 assumpsit.
973 2218 1090 2273 Ibat
1123 2235 1260 2290 ergo
1285 2218 1488 2274 feretro
1547 2218 1796 2290 corporis
1827 2235 1948 2290 sup-

346 2305 550 2378 posito,
590 2306 892 2378 gaudenter
940 2306 1238 2374 exsultans,
1292 2307 1438 2362 nulla
1490 2307 1592 2361 sibi
1657 2307 1710 2361 in
1759 2315 1948 2362 sancto

347 2410 519 2466 opere
548 2393 875 2466 impediente
904 2395 1236 2460 difﬁcultate,
1271 2411 1555 2467 quousque
1585 2395 1656 2450 ad
1686 2411 1948 2451 reveren-

346 2483 478 2539 dam
506 2483 735 2556 egregio
790 2484 1012 2556 martyri
1069 2499 1232 2555 quam
1299 2492 1583 2554 paraverat
1637 2485 1948 2555 perveniret

346 2587 542 2628 urnam
574 2590 588 2638 ;
619 2571 674 2626 in
705 2588 815 2644 quo
871 2573 1189 2643 pretiosum,
1251 2573 1455 2646 gratias
1493 2589 1664 2644 agens
1709 2573 1944 2640 divinas,

347 2675 553 2732 corpus
597 2661 828 2716 honeste
862 2661 1191 2728 recondens,
1244 2661 1426 2716 dotem
1455 2661 1704 2718 ecclesia:
1734 2662 1948 2734 ipsique

347 2749 592 2820 martyri,
625 2757 904 2821 totumque
959 2751 1226 2820 praedium
1282 2749 1650 2822 familiamque
1701 2751 1943 2806 donavit.

347 2839 532 2909 Itaque
564 2839 756 2904 Deum,
788 2838 932 2909 quod
963 2838 1076 2892 suis
1106 2839 1356 2894 annuerit
1384 2839 1544 2908 votis,
1597 2848 1948 2911 sanctumque

348 2926 612 2983 Savinum
665 2925 956 2998 magniﬁce
1017 2926 1266 2993 laudans,
1347 2927 1628 3002 gratulans
1686 2927 1848 2982 exivit
1895 2935 1949 2983 et

347 3031 540 3072 ovans.

2043 447 2174 503 ralis
2204 465 2462 520 egressus
2491 449 2548 503 in
2575 457 2797 518 terram,
2831 449 3048 506 nemine
3081 451 3483 522 considerante,
3505 469 3641 525 pro-

2046 535 2174 590 siliit
2208 553 2222 590 :
2252 545 2490 592 attamen
2521 546 2730 593 mustus
2755 539 2901 594 haud
2931 539 3111 595 minus
3147 555 3312 612 quam
3341 541 3390 595 si
3414 541 3640 596 obtura-

2045 632 2157 679 tum
2187 633 2334 680 esset
2389 625 2650 693 foramen,
2697 643 2802 682 nec
2849 643 2955 682 una
2998 627 3193 683 ﬂueret
3238 637 3412 702 gutta,
3473 629 3638 700 stetit,

2045 721 2476 786 perventumque
2505 715 2572 768 ad
2601 715 3005 786 receptaculum
3022 716 3322 786 plaustrum
3352 733 3475 772 cum
3502 715 3642 772 fuis-

2047 808 2146 868 set,
2180 803 2470 874 presbyter
2516 803 2805 869 accedens,
2866 811 2920 858 et
2973 811 3194 860 tonnam
3243 805 3385 861 hanc
3415 805 3542 861 inde
3599 805 3645 861 si

2048 889 2307 960 quiddam
2391 891 2611 947 fecisset
2685 892 3131 964 circumspiciens
3162 934 3176 962 ,
3265 893 3646 950 animadvertit

2047 985 2235 1049 aperto
2266 978 2533 1035 foramine
2564 979 2801 1037 ducilem
2829 981 3047 1048 abesse,
3079 981 3358 1037 aestimans
3412 997 3645 1053 pavens-

2049 1081 2155 1138 que
2177 1067 2310 1121 nihil
2340 1067 2396 1122 in
2423 1084 2491 1122 ea
2544 1070 2709 1124 musti
2765 1069 3115 1136 remansisse,
3176 1069 3410 1125 famulos
3469 1071 3643 1126 vehe-

2047 1155 2214 1210 menti
2235 1155 2419 1210 furore
2449 1166 2752 1213 commotus
2784 1174 3022 1230 arguere
3051 1157 3235 1230 cmpit,
3268 1167 3320 1215 et
3349 1175 3514 1230 quare
3536 1159 3643 1214 hoc

2047 1243 2270 1299 minime
2286 1245 2626 1314 providerint
2647 1246 2849 1302 acriter
2875 1255 2932 1302 ut
2960 1247 3130 1302 tristis
3155 1249 3416 1304 invehere
3448 1248 3644 1304 :dum-

2050 1348 2157 1403 quo
2185 1349 2370 1388 amaro
2415 1334 2579 1388 nimis
2629 1335 2810 1390 animo
2871 1335 2950 1391 sic
2996 1336 3250 1407 loquitur,
3300 1353 3440 1392 unus
3496 1343 3644 1392 retro

2050 1435 2338 1476 recurrens
2367 1421 2603 1478 ducilem
2633 1437 2665 1478 a
2694 1429 2844 1478 terra
2863 1414 2971 1478 non
3000 1424 3163 1494 longe
3185 1425 3461 1494 jacentem
3487 1441 3645 1482 rece-

2050 1509 2144 1579 pit,
2177 1516 2338 1580 atque
2369 1510 2437 1564 ad
2479 1517 2757 1580 patentem
2797 1511 2888 1584 qui
2947 1519 3062 1565 erat
3088 1511 3145 1565 in
3173 1520 3336 1568 tonna
3365 1521 3645 1584 pertusum

2051 1596 2328 1668 applicuit.
2364 1595 2486 1666 Quo
2507 1599 2772 1669 apposito,
2805 1600 3124 1674 priusquam
3155 1601 3297 1657 intro
3323 1609 3636 1672 poneretur,

1975 1715 2028 1776 B
2051 1685 2284 1756 impetus
2331 1687 2495 1741 musti
2524 1703 2554 1742 e
2596 1687 2820 1760 regione
2869 1689 3182 1760 prosiliens,
3215 1689 3284 1744 ad
3333 1689 3562 1744 barbam
3593 1697 3648 1746 et

2049 1774 2238 1851 pecius
2275 1775 2607 1848 porrigentis
2636 1775 2870 1832 ducilem
2899 1794 3074 1848 usque
3103 1778 3322 1834 volavit.
3349 1779 3646 1850 Presbyter

2047 1871 2227 1918 autem
2257 1871 2308 1918 et
2340 1863 2432 1934 qui
2477 1863 2746 1932 astabant,
2807 1881 2908 1936 pro
2937 1867 3043 1922 hoc
3073 1867 3219 1938 quod
3241 1866 3360 1922 visu
3397 1867 3646 1922 mirabile

2047 1959 2328 2008 ostensum
2399 1953 2594 2022 fuerat,
2670 1954 2878 2009 attoniti
2955 1963 3294 2027 stupuerunt,
3370 1970 3646 2028 vocesque

2045 2041 2384 2112 hymnidicas
2414 2041 2653 2096 omnium
2691 2043 2903 2100 Factori
2948 2045 3174 2117 ejusque
3204 2051 3394 2100 sancto
3422 2044 3647 2116 martyri

2046 2129 2244 2185 Savino
2273 2130 2331 2185 in
2358 2130 2556 2186 coelum
2613 2131 2806 2187 levatis
2843 2133 3091 2188 manibus
3144 2149 3270 2189 cum
3327 2133 3646 2202 jubilatione

2046 2217 2330 2274 dederunt.
2380 2219 2653 2275 Sacerdos
2691 2236 2820 2276 vero
2868 2223 2970 2276 sub
3017 2223 3206 2278 eadem
3259 2237 3474 2276 summa
3537 2236 3645 2294 qua

2045 2306 2180 2362 illud
2227 2307 2283 2362 in
2322 2315 2541 2363 tonnam
2593 2318 2870 2380 posuerat,
2930 2311 3059 2366 vino
3115 2318 3357 2382 recepto,
3391 2309 3644 2382 ampliori

2046 2403 2172 2453 voto
2203 2403 2256 2451 et
2283 2412 2381 2452 ore
2409 2406 2596 2469 grates
2625 2399 2782 2454 laetus
2830 2399 3080 2456 exsolvit.
3139 2401 3254 2456 Hoc
3289 2406 3343 2454 et
3365 2399 3472 2455 alia
3498 2398 3644 2456 idem

2047 2485 2325 2540 Bonimius
2353 2502 2384 2540 a
2411 2486 2639 2557 praefato
2685 2488 2879 2543 Bonito
2936 2487 3206 2544 avunculo
3222 2503 3324 2543 suo
3372 2487 3644 2561 frequenti

2048 2569 2219 2625 relatu
2251 2586 2310 2625 se
2339 2571 2619 2641 accepisse
2651 2571 2948 2628 fatebatur.

2121 2661 2207 2713 lo.
2243 2659 2352 2714 Sed
2369 2659 2498 2731 quid
2524 2660 2756 2730 plurima
2785 2661 2854 2716 de
2887 2669 3073 2716 sancto
3103 2661 3410 2717 scribentes
3449 2661 3642 2718 confe-

2047 2763 2229 2801 remus
2247 2747 2275 2801 ?
2302 2749 2562 2819 Nunquid
2589 2749 2740 2804 illum
2768 2749 2988 2818 majoris
3017 2749 3194 2805 meriti
3223 2766 3289 2806 ex
3323 2751 3425 2806 hoc
3471 2749 3645 2806 facie-

2047 2851 2170 2889 mus
2199 2835 2226 2889 ?
2252 2836 2320 2892 Ut
2359 2836 2424 2902 si,
2454 2837 2609 2892 verbi
2654 2839 2850 2910 gratia,
2877 2839 2945 2892 de
2977 2837 3196 2893 Giboldi
3223 2839 3397 2894 cursis
3432 2838 3644 2894 insera-

2047 2939 2170 2978 mus
2185 2923 2444 2994 perdibus
2467 2941 2589 2980 sese
2619 2926 2913 2981 introrsum
2935 2927 3006 2981 ad
3034 2926 3268 2982 invicem
3299 2926 3644 2998 respicienti-

2048 3012 2167 3077 bus,
2226 3029 2464 3085 moxque
2511 3015 2682 3069 sancti
2737 3023 2964 3086 precatu
3008 3031 3248 3086 superna
3301 3015 3647 3070 miseratione

419 3105 472 3160 7.
499 3105 761 3160 Caterum
793 3105 924 3160 dum
953 3104 1083 3160 vixit
1111 3120 1221 3160 non
1250 3105 1483 3161 cessavit
1542 3105 1795 3162 conferre
1826 3121 1944 3160 mu-
1977 3075 2026 3137 Ο
2047 3101 2263 3157 directis
2296 3120 2310 3168 ;
2349 3117 2412 3164 ac
2443 3103 2512 3158 de
2571 3103 2728 3159 vinea
2758 3104 2850 3158 illa
2888 3104 3040 3173 juxta
3096 3121 3258 3175 quam
3298 3104 3415 3174 ejus
3444 3119 3646 3175 corpus

345 3209 498 3261 nera,
531 3209 734 3266 augere
793 3193 1077 3260 beneﬁcia,
1139 3193 1333 3266 quibus
1387 3194 1540 3250 locus
1595 3195 1857 3250 ditaretur
1893 3202 1946 3250 et

347 3290 643 3338 cresceret.
675 3283 866 3338 Plures
921 3299 1137 3355 quoque
1195 3282 1455 3336 nobilium
1496 3283 1614 3351 ejus
1639 3290 1793 3338 actus
1824 3283 1944 3338 exi-

346 3370 492 3426 mios
522 3371 731 3440 imitati,
763 3371 1090 3426 addiderunt
1119 3372 1425 3437 thesauros,
1477 3371 1815 3427 contulerunt
1841 3371 1947 3427 alo-

347 3460 470 3527 dos,
503 3459 795 3532 multisque
851 3461 1010 3516 dODIS
1066 3460 1220 3516 locus
1281 3459 1501 3528 effulsit,
1558 3459 1841 3532 positaque
1873 3459 1948 3514 ibi

346 3550 743 3605 monachorum
775 3565 983 3614 norma,
1043 3549 1290 3604 redditur
1311 3557 1512 3620 quanto
1555 3548 1766 3616 cultior,
1799 3557 1948 3604 tanto

347 3653 576 3710 prorsus
603 3638 983 3694 venerabilior.
1027 3639 1157 3692 Erat
1184 3646 1364 3692 autem
1396 3646 1448 3692 et
1478 3645 1560 3692 est
1591 3637 1694 3691 situ
1725 3637 1945 3704 habilis,

349 3725 609 3780 silvarum
660 3725 1027 3797 arborumque
1057 3725 1452 3782 fructuosarum
1509 3725 1822 3781 amcenitate
1854 3725 1948 3794 ju-

347 3815 580 3884 cundus,
614 3830 737 3870 cum
768 3815 938 3885 pratis
959 3815 1218 3881 etvineis,
1253 3829 1393 3884 aqua
1422 3821 1474 3869 et
1506 3813 1852 3868 molendinis.

421 3907 474 3959 8.
501 3904 649 3976 Ergo
668 3903 947 3958 monachis
983 3911 1108 3974 post
1163 3902 1408 3958 divinum
1445 3902 1778 3972 persolutum
1835 3899 1950 3956 otii-

348 3991 514 4058 cium,
546 3991 806 4063 operibus
858 4007 1137 4060 manuum,
1199 3991 1345 4064 quod
1395 4007 1553 4046 suum
1611 4006 1803 4045 eorum
1845 3997 1947 4056 est,

349 4079 580 4136 sollicite
636 4079 996 4140 studentibus.
1050 4080 1246 4134 domus
1300 4080 1480 4136 omnis
1537 4096 1662 4136 cum
1717 4078 1953 4135 ecclesia

348 4169 606 4224 nobiliori
635 4168 995 4240 ampliorique
1029 4171 1306 4225 schemate
1355 4169 1656 4240 consurgit.
1709 4167 1953 4238 Quorum

343 4256 602 4312 bonitatis
634 4256 950 4328 ordinisque
1005 4257 1222 4328 religio,
1281 4257 1398 4310 Deo
1459 4265 1771 4326 sanctoque
1802 4272 1953 4310 mar-

343 4353 462 4417 tyre
491 4343 848 4418 suffragante,
893 4345 1004 4401 illic
1034 4345 1160 4400 talis
1188 4344 1409 4411 exstitit,
1444 4359 1575 4414 qua
1589 4344 1882 4398 multorum
1904 4342 1958 4398 el

2046 3199 2335 3261 pausatum
2365 3191 2483 3259 fuit,
2527 3207 2629 3247 nec
2659 3209 2809 3262 prius
2839 3193 2965 3247 inde
2999 3202 3290 3256 remotum,
3339 3192 3516 3247 donec
3545 3207 3644 3247 ea-

2048 3279 2174 3332 dem
2205 3279 2308 3350 ipsi
2339 3280 2561 3334 daretur
2590 3281 2746 3335 vinea
2775 3299 2790 3344 ;
2826 3281 2912 3334 vel
2933 3281 3001 3335 de
3029 3281 3136 3336 alio
3164 3281 3219 3334 in
3249 3295 3459 3335 somnis
3491 3294 3644 3336 com-

2047 3376 2196 3422 moto
2241 3384 2272 3422 a
2330 3368 2572 3422 Franciae
2616 3369 2856 3440 partibus
2903 3369 3244 3438 adveniente,
3312 3384 3642 3440 manumque

2048 3457 2256 3511 aridam
2287 3456 2378 3511 diu
2407 3457 2660 3524 habente,
2701 3465 2863 3530 atque
2892 3459 3197 3514 interventu
3253 3457 3507 3528 martyris
3536 3457 3646 3513 illic

2051 3546 2323 3616 extemplo
2353 3554 2541 3601 curato
2575 3565 2588 3611 ;
2631 3555 2720 3601 aut
2751 3547 2914 3602 etiam
2945 3548 3014 3602 de
3067 3563 3214 3603 caeco
3253 3547 3323 3601 ab
3353 3546 3512 3602 annis
3543 3545 3644 3600 tri-

2049 3634 2202 3706 ginta
2247 3634 2449 3689 lumine
2494 3635 2775 3690 oculorum
2804 3635 3038 3706 privato.
3099 3635 3189 3707 qui
3223 3643 3346 3706 post
3375 3642 3645 3690 trecento-

2049 3740 2165 3777 rum
2197 3723 2480 3794 sexaginta
2510 3724 2778 3780 mensium
2809 3725 3076 3780 curricula
3117 3724 3322 3780 ibidem
3365 3723 3644 3802 illumina-

2049 3819 2136 3866 tus
2167 3812 2360 3867 videns
2390 3812 2686 3885 hilarisque
2716 3814 2962 3870 recessit.
3007 3815 3134 3870 Haec
3163 3821 3217 3869 et
3258 3811 3455 3867 similia
3481 3811 3609 3868 beni
3627 3841 3644 3854 ο

2051 3901 2253 3974 gnitate
2283 3902 2535 3972 martyris
2565 3903 2634 3957 ad
2663 3903 2780 3972 ejus
2823 3903 3010 3958 limina
3039 3903 3314 3958 debilibus
3355 3916 3640 3968 concessa,

2053 3997 2099 4050 si
2128 3995 2312 4058 modo,
2333 3999 2388 4046 ut
2417 3993 2667 4059 dixerim,
2693 3993 2968 4064 superﬂuo
2989 3991 3213 4064 exsequi
3241 3990 3516 4062 incipiant,
3551 4006 3644 4044 sa-

2052 4097 2410 4160 natorumque
2457 4084 2698 4152 nomina,
2746 4082 2950 4154 patrias
3010 4082 3278 4154 villasque
3337 4081 3391 4135 in
3449 4078 3643 4151 quibus

2054 4185 2180 4234 sunt
2207 4175 2319 4230 nati
2347 4176 2436 4230 vel
2474 4192 2542 4230 ex
2597 4173 2792 4243 quibus
2823 4173 3178 4235 advenerunt,
3230 4170 3277 4225 si
3323 4169 3642 4240 disposuero

2053 4261 2303 4324 recitare,
2338 4275 2424 4312 me
2457 4257 2654 4312 sobriis
2685 4256 2980 4312 lectoribus
2997 4255 3280 4325 avidisque
3308 4251 3646 4307 auditoribus

2057 4347 2274 4404 taedium
2297 4345 2495 4400 inferre
2515 4361 2623 4398 non
2642 4343 2878 4415 abnego.
2910 4344 3008 4396 Est
3038 4351 3220 4396 autem
3249 4355 3503 4395 mensura
3523 4338 3642 4392 dis-

338 4433 578 4490 maxime
598 4441 981 4505 magnatorum
1030 4442 1238 4488 mentes
1285 4433 1354 4488 ad
1406 4431 1767 4488 recoleudum
1797 4433 1940 4486 dun-
1969 4430 2021 4490 D
2045 4437 2300 4494 cretionis
2329 4434 2382 4488 in
2414 4433 2613 4488 divinis
2654 4440 2706 4487 et
2752 4431 3146 4504 hagiographis
3187 4428 3460 4486 servanda
3503 4425 3640 4482 scri-

345 4530 492 4578 taxat
521 4523 993 4594 muneradumque
1051 4523 1232 4578 locum
1274 4521 1504 4578 dulciter
1534 4521 1805 4576 invitaret.
1839 4521 1940 4575 Ta-

339 4611 409 4666 lis
441 4611 641 4680 ﬂoruit,
692 4610 812 4664 talis
871 4627 993 4666 cum
1053 4611 1320 4666 bonarum
1375 4610 1646 4665 actionum
1677 4607 1942 4664 fructibus

346 4700 606 4754 hactenus
628 4706 839 4766 vernat,
873 4699 996 4754 talis
1023 4716 1207 4772 quaeso
1238 4708 1292 4756 et
1322 4708 1447 4771 opto
1477 4699 1534 4754 in
1568 4700 1700 4754 Jesu
1728 4697 1942 4753 Christo

347 4796 654 4860 permanet.

420 4889 474 4940 9.
505 4886 621 4941 Nec
651 4885 801 4941 illam
821 4885 944 4941 aliis
972 4885 1189 4940 omissis
1211 4885 1480 4940 silendam
1511 4902 1639 4942 reor
1667 4901 1789 4958 qua
1817 4892 1943 4956 post

342 4974 718 5031 venerabilem
747 4975 865 5044 ejus
895 4974 1144 5044 corporis
1202 4974 1614 5029 translationem
1669 4975 1940 5046 praecipua

341 5063 488 5119 facta
517 5061 686 5118 fuisse
742 5063 1081 5136 dignoscitur
1135 5061 1323 5129 virtus,
1383 5062 1453 5116 ad
1501 5062 1669 5132 ipsius
1699 5071 1942 5118 sanctam

342 5151 750 5208 evidentissime
781 5151 1158 5206 declarandam
1219 5150 1581 5215 sanctitatem,
1615 5158 1667 5206 et
1697 5151 1825 5222 quia
1854 5152 1940 5207 lo-

341 5257 466 5297 cum
508 5241 652 5295 unde
707 5240 1072 5312 transpositus
1118 5238 1312 5304 fuerat,
1365 5239 1464 5294 etsi
1531 5253 1780 5309 corpore,
1832 5256 1940 5294 non

343 5337 524 5384 tamen
555 5329 779 5384 tuitione
807 5328 1125 5400 reliquerat.
1171 5327 1462 5398 Presbyter
1493 5343 1626 5382 vero
1656 5326 1784 5381 inde
1816 5343 1941 5382 cum

340 5435 438 5488 per
465 5417 716 5473 eamdem
747 5417 889 5473 viam
921 5433 1024 5489 qua
1053 5417 1224 5472 sancti
1253 5418 1509 5487 martyris
1537 5431 1737 5486 corpus
1757 5423 1940 5471 trans-

342 5506 510 5563 latum
541 5514 786 5576 venerat,
817 5507 1124 5580 plaustrum
1178 5514 1356 5562 musto
1401 5513 1654 5563 onustum
1683 5504 1936 5573 minaret,

2043 4525 2234 4598 pturis,
2268 4531 2320 4580 et
2351 4523 2394 4576 si
2423 4538 2598 4594 pauca
2633 4522 2700 4576 de
2729 4521 2848 4591 ipso
2888 4519 3212 4586 referamus,
3247 4517 3491 4589 nunquid
3521 4515 3640 4584 ejus

2043 4614 2222 4670 meriti
2265 4612 2589 4684 virtutisque
2645 4609 2878 4682 gratiam
2923 4624 2988 4664 ex
3031 4609 3218 4680 paucis
3271 4605 3640 4662 mutilabimus

2045 4702 2245 4758 dictis?
2299 4703 2413 4756 Hoc
2470 4709 2649 4756 autem
2680 4714 2965 4770 precamur
2993 4696 3224 4753 sufﬁciat
3245 4696 3468 4760 dictum,
3501 4710 3638 4765 pau-

2043 4791 2231 4864 cisque
2260 4791 2595 4856 roboratam,
2630 4789 2776 4860 quod
2806 4789 2998 4844 beatus
3031 4787 3280 4844 Savimus
3320 4785 3397 4840 ita
3436 4784 3636 4840 decen-

2043 4889 2126 4936 ter
2156 4879 2466 4946 translatus,
2500 4877 2768 4948 pretiosus
2805 4893 2868 4933 ac
2896 4876 3170 4949 gloriosus
3191 4875 3443 4930 habetur
3484 4889 3629 4928 mar-

2043 4977 2128 5041 tyr
2169 4968 2384 5023 Christi.
2433 4967 2592 5036 Quod
2638 4975 2746 5020 tam
2800 4966 2917 5036 ipse
2943 4981 3216 5038 quamque
3255 4980 3445 5020 omnes
3475 4962 3638 5019 Chri-

2043 5067 2186 5113 stum
2255 5055 2595 5121 confitentes,
2665 5055 2773 5108 rire
2847 5053 3189 5110 confessores
3272 5053 3634 5124 appellantur,

2043 5147 2259 5204 cuidam
2307 5162 2374 5202 ex
2408 5145 2602 5200 eodem
2641 5143 2974 5198 monasterio
3015 5144 3130 5198 Deo
3165 5141 3395 5212 subique
3441 5141 3639 5195 devoto

2040 5253 2140 5308 per
2165 5235 2552 5292 revelationem
2570 5232 2791 5304 spiritus
2811 5232 3097 5287 ostendere
3120 5229 3308 5294 voluit,
3343 5246 3403 5284 se
3435 5236 3639 5300 marty-

2041 5342 2158 5380 rem
2197 5325 2266 5380 ob
2343 5323 2621 5398 sanguinis
2695 5337 2791 5394 pro
2850 5320 3060 5376 Christo
3114 5318 3436 5374 effusionem
3474 5317 3636 5373 malle

2041 5414 2244 5472 vocari.

2113 5506 2198 5556 lt.
2245 5503 2344 5560 Est
2393 5503 2537 5560 enim
2594 5502 2801 5560 meritis
2849 5501 3033 5568 dives,
3081 5497 3344 5574 precibus
3387 5505 3586 5575 potens
3615 5537 3632 5564 ,
