4112 6192
460 199 600 256 1055

1483 185 1893 245 narramus
1941 166 2465 240 SANGALLENSIS
2512 180 2748 238 ABBAS.

3625 181 3652 232 1
3661 180 3763 234 056

457 339 637 396 ipsum
691 336 972 395 rogemus,
1028 318 1315 390 ipsumque
1373 313 1608 370 humiles
1669 312 2050 384 imploremus,
2085 311 2142 372 Α
2163 309 2280 378 ejus
2301 315 2724 378 sanctorumque
2754 304 2996 360 omnium
3038 301 3373 360 orationibus
3403 301 3634 358 crimina
3661 319 3756 360 no-

461 421 730 484 quatenus
759 411 830 466 ad
871 425 994 464 eum
1026 408 1117 480 qui
1163 423 1222 462 se
1263 413 1565 476 martyrem
1615 402 1758 465 fecit,
1811 400 2059 472 atquein

459 500 774 558 coelestibus
826 495 1065 568 martyrii
1117 494 1344 566 praemio
1395 492 1698 556 coronavit,
1733 505 1837 560 pro
1869 497 2060 544 nostra

461 589 658 644 animm
694 585 1047 657 corporisque
1105 583 1275 638 salute
1307 581 1650 636 intercedere
1685 579 1957 649 dignetur,
2004 584 2062 630 ut

2160 405 2267 451 stra
2286 396 2429 451 idem
2463 395 2730 450 Dominus
2759 393 2932 449 solvat
2962 400 3184 464 peccata
3214 407 3309 447 seu
3336 391 3638 447 commissa
3668 408 3755 448 re-

2159 485 2304 540 laxet
2332 484 2604 551 universa,
2638 482 2866 555 gloriam
2913 481 3190 552 vitamque
3236 478 3512 538 conferret
3559 479 3753 551 sempi-

2162 583 2375 630 ternam
2397 573 2454 626 in
2483 571 2684 628 sazcu'la
2713 570 3060 626 seculorum.
3091 571 3286 624 Amen.
3371 627 3378 631 ,

465 744 3760 795 β*ΰῴ
2496 771 2503 778 ,

1392 773 2944 1082 meam

1691 1151 2218 1210 SANGALLENSIS
2265 1149 2668 1210 MONACHUS.

1158 1365 1554 1450 NOTITIA
1625 1361 2174 1448 HISTORICA
2261 1364 2359 1448 IN
2434 1365 3078 1452 RATPERTUH.

1367 1531 1548 1604 (Apud
1577 1529 1863 1598 Pertzium,
1899 1530 2243 1586 Monumenta
2274 1529 2459 1586 Germ.
2502 1531 2662 1597 Hist.,
2689 1537 2820 1587 tom.
2847 1532 2938 1604 ΙΙ.)

546 1739 603 1794 8.
636 1737 778 1794 Galli
803 1737 1172 1793 celeberrima
1201 1737 1430 1792 abbatis:
1483 1737 1538 1790 in
1573 1735 1817 1809 Helvetia
1853 1735 2073 1790 incuna-
2100 1739 2152 1798 B
2175 1737 2528 1793 teutonismos
2551 1745 2603 1792 et
2632 1737 2826 1793 modos
2856 1737 3112 1809 loquendi
3143 1752 3224 1809 ex
3248 1737 3449 1799 bibliis,
3472 1735 3694 1809 liturgia
3721 1743 3770 1791 et

475 1809 606 1864 bula
633 1817 688 1864 et
716 1825 876 1864 casus
920 1809 1251 1878 describere,
1303 1809 1588 1863 desinente
1646 1807 1847 1862 saeculo
1901 1822 2068 1872 nono,

478 1881 768 1952 Ratpertus
795 1895 1092 1952 aggressus
1119 1887 1227 1952 est
1283 1879 1586 1952 (7a),7quod
1619 1878 1914 1952 inemptum
1947 1877 2072 1952 (lien

478 1948 680 2006 sec—nlo
710 1948 1000 2006 undecimo
1031 1951 1384 2004 Ekkehardus
1402 1948 1491 2013 Ν,
1518 1949 1720 2003 suaculo
1743 1948 2070 2002 duodecimo

476 2021 842 2089 Burcbardus,
877 2021 1076 2076 saeculo
1107 2021 1320 2076 decimo
1370 2021 1525 2075 tertio
1571 2019 1852 2074 Conradus
1883 2019 1951 2071 de
1982 2019 2078 2072 Fa-

476 2091 649 2161 baria,
706 2091 906 2147 saeculo
961 2091 1175 2146 decimo
1225 2099 1412 2162 quarto
1477 2090 1844 2162 Christianus
1875 2089 2073 2162 Kuchi_-_

477 2159 703 2218 meister
730 2162 1006 2232 prosecuti
1035 2169 1180 2227 sunt,
1215 2159 1382 2232 opere
1420 2178 1519 2231 pro
1550 2160 1880 2215 addiscenda
1909 2159 2076 2214 medii

479 2234 582 2290 aevi
611 2233 792 2289 indole
821 2233 1062 2302 apprime
1078 2233 1448 2288 accommodo.

551 2299 1069 2374 Ratpertus'Tiguro
1099 2312 1266 2364 ortus,
1301 2311 1422 2373 post
1451 2302 1693 2374 medium
1724 2299 1910 2355 saeculi
1947 2299 2077 2374 noni

481 2374 538 2428 in
565 2375 622 2429 S.
657 2371 812 2430 Gallo
843 2371 1199 2430 monasticam
1231 2371 1394 2429 vitam
1425 2373 1704 2442 amplexus
1737 2381 1838 2437 est,
1891 2371 2072 2442 magi-

484 2452 625 2500 stros
664 2444 885 2500 sortitus
915 2445 1228 2500 Marcellum
1253 2441 1558 2508 etlsonem,
1579 2459 1643 2498 ac
1673 2441 2078 2510 condiscipulos

484 2516 540 2572 8.
573 2516 872 2571 Notkerum
930 2515 1226 2582 balbulum,
1279 2515 1602 2580 Tutilonem,
1662 2514 2076 2578 Hartmannum,

483 2587 851 2642 Waltramum
881 2594 934 2640 et
965 2587 1309 2642 Salomonem
1366 2593 1556 2656 postea
1601 2583 1930 2656 Constantia;
1959 2582 2080 2652 epi-

481 2673 729 2728 scopum,
765 2657 910 2728 viros
942 2655 1085 2710 illius
1119 2657 1217 2711 aevi
1248 2652 1726 2728 nom'inatissirnus.
1746 2652 2080 2728 __Pra:_f_ectus

483 2723 721 2809 posthac
766 2727 884 2809 ipse
931 2728 1150 2796 scholis,
1185 2736 1291 2782 tam
1325 2727 1598 2807 indefesso
1637 2723 2082 2803 studiosOIitteris

485 2794 748 2860 incubuit,
781 2794 959 2852 utnec
987 2794 1429 2868 curacorporis,
1473 2813 1574 2852 nec
1605 2794 1878 2851 communi
1922 2809 2083 2868 prece

485 2869 552 2923 ab
574 2870 653 2924 eis
701 2867 962 2939 avertise
991 2866 1280 2938 pateretur,
1333 2870 1532 2939 quippe
1583 2876 1690 2920 tam
1746 2881 1873 2920 raro
1920 2866 2083 2919 domo

488 2955 768 3018 egressus,
800 2937 1092 3018 ut‘integro
1113 2955 1254 2992 anno
1273 2937 1408 2992 duos
1431 2937 1646 3018 calceos
1661 2952 1770 2990 non
1800 2942 2081 2998 attereret,

487 3006 737 3078 diurnas
764 3006 1097 3076 psalmorum
1154 3025 1348 3078 preces
1393 3023 1503 3062 non
1559 3007 1912 3078 frequentans
1959 3021 2080 3059 cum

489 3078 634 3154 dicto
668 3095 681 3132 :
715 3075 886 3154 bonAas
934 3075 1172 3154 missas—
1193 3081 1459 3154 facimus,
1495 3078 1543 3131 .ςὶ
1590 3075 1732 3154 alios
1773 3078 1960 3154 facere
1991 3091 2084 3130 eas
2109 3090 2158 3154 ε]

489 3150 767 3206 docemus.
793 3147 927 3202 Cum
957 3148 1007 3203 ei
1036 3145 1376 3204 incumberet
1409 3149 1604 3203 fratres
1623 3147 1693 3201 ob
1725 3145 2020 3201 ccinmissa
2050 3162 2080 3199 a

489 3220 772 3292 superiore
817 3234 882 3272 ex
930 3219 1134 3292 regulae
1193 3221 1249 3276 S.
1311 3218 1594 3292 Benedicti
1640 3216 1965 3292 praescripto
1986 3216 2080 3292 _ad

488 3286 896 3364 fustigationem
941 3286 1350 3364 condemnatos.
1390 3286 1659 3364 columnas
1680 3288 1950 3364 _alligatos
1980 3286 2079 3340 ila-

487 3358 649 3445 gellis
697 3360 928 3445 caedere,
961 3361 1011 3414 id
1071 3377 1268 3445 munus
1309 3359 1718 3445 innhnjusmodi
1776 3358 1988 3445 otiosos
2031 3364 2083 3411 et

485 3429 704 3488 inutiles
735 3430 936 3487 acriter
987 3433 1294 3488 exercebat.
1354 3431 1611 3485 Extremo
1663 3429 2084 3483 decumbentem

527 3504 859 3574 uadraginta
884 3503 1148 3574 canonici,
1210 3503 1326 3570 ejus
1345 3502 1628 3574 quondam
1682 3499 1956 3574 discipuli,
1992 3497 2084 3574 qui

527 3521 856 3574 uaoragmta
884 3521 1148 3572 canonici,
1210 3521 1326 3570 (ηαδ
1355 3521 1628 3572 quondam
1685 3521 1956 3568 ursctpuu,
1992 3521 2084 3569 qui

487 3521 558 3630 3e
587 3573 768 3628 multis
799 3571 1130 3630 Alamannis:
1158 3573 1408 3629 ecclesiis
1438 3572 1634 3626 festum
1675 3571 1732 3624 S.
1765 3569 1902 3624 Galli
1934 3570 2084 3624 cele-

413 3677 416 3681 -
488 3644 694 3700 braturi
725 3646 1256 3713 hucgconvenerant,
1308 3643 1561 3709 invisere,
1599 3657 1830 3713 quorum
1854 3640 2087 3713 quilibet

489 3731 550 3771 se
569 3732 671 3787 pro
703 3731 770 3772 eo
825 3711 1080 3787 defuncto
1138 3715 1374 3787 triginta
1409 3711 1752 3787 missas'Deo
1781 3711 2086 3787 oblaturum

493 3781 820 3858 spondebat.
848 3781 972 3858 Obii
1003 3785 1091 3840 die
1119 3789 1188 3840 25
1214 3781 1497 3849 Octobris,
1533 3784 1684 3839 circa
1737 3785 2084 3858 annumﬁoo.

490 3853 574 3929 Ex
603 3858 669 3913 iis
701 3872 822 3929 qua:
852 3855 1168 3929 scripserat.
1223 3863 1517 3929 supersunt
1545 3862 1746 3929 praeter
1772 3854 1874 3929 hos
1919 3853 2089 3929 Qasus

497 3927 693 4000 aliqua:
717 3922 924 4000 chartas
954 3922 1788 4000 Qaditionuni,__plures__hymni
1819 3922 1960 3978 sacri
1991 3923 2089 4000 abs

489 3993 696 4053 Jodbco
725 3997 924 4066 Mezlej
951 3997 1171 4066 Canisio
1227 3993 1406 4050 traditi
1455 3995 1790 4066 publicandi,
1825 3993 2090 4066 et__versio

492 4067 658 4121 latina
693 4067 832 4122 Vita
875 4063 932 4136 8.
968 4065 1105 4120 Galli
1131 4135 1137 4136 ί
1163 4067 1232 4120 ab
1262 4067 1397 4136 ipso
1421 4063 1490 4136 ad
1529 4079 1688 4136 usum
1735 4063 1922 4136 pOpuli
1955 4065 2090 4136 rhy-

489 4137 641 4193 thmo
656 4135 956 4192 Teutonico
986 4133 1346 4193 concinnatae.
1379 4135 1566 4206 Stylus
1588 4133 1749 4206 pejus,
1771 4133 1872 4206 etsi
1902 4134 2094 4206 tersior

493 4207 562 4262 sit
595 4223 662 4264 ac
699 4215 832 4264 aetas
867 4208 984 4277 ejus
1020 4208 1079 4262 in
1134 4207 1411 4279 plerisque
1447 4204 1694 4275 ferebat,
1743 4204 2092 4260 nihilominus

561 4331 636 4400 (α)
661 4333 867 4386 Notitias
890 4347 1001 4385 suas
1024 4333 1190 4384 hausit
1237 4345 1299 4384 ex
1323 4331 1448 4383 Vitis
1488 4333 1582 4400 SS.
1615 4331 1919 4400 Columbam,
1945 4330 2090 4400 Galli,

491 4405 542 4456 et
561 4398 768 4466 Otmari,
794 4414 856 4452 cx
881 4403 1195 4464 antiquorum
1218 4402 1418 4451 Patrum
1467 4399 1829 4461 traditionibus,
1862 4398 2092 4458 librisque

2173 1809 2364 1880 regula
2393 1809 2448 1864 S.
2504 1809 2780 1864 Benedicti
2822 1807 3091 1864 mutuatos
3139 1807 3325 1880 refert,
3382 1823 3447 1862 ac
3508 1807 3774 1880 quasdam

2172 1877 2388 1934 rusticas
2420 1881 2712 1934 Latinitatis
2761 1896 2927 1934 voces
2956 1896 2985 1933 a
3007 1879 3358 1949 scriptoribus
3403 1877 3594 1932 saeculi
3638 1885 3772 1949 Viget

2174 1965 2250 2004 vn
2283 1951 2433 2004 libris
2462 1950 2700 2005 invectas
2730 1951 2909 2006 habet.
2947 1952 3054 2005 Pro
3086 1945 3242 2004 more
3283 1957 3562 2004 auctorum
3610 1945 3774 2002 medii

2173 2021 2275 2076 aevi
2306 2037 2435 2075 vera
2466 2037 2693 2074 narrans
2725 2020 2926 2075 fallitur
2959 2020 3010 2074 in
3043 2020 3354 2074 dominibus
3382 2018 3776 2090 propriistaut

2173 2092 2446 2162 aliquibus
2475 2091 2914 2156 circumstantiis,
2959 2107 3094 2162 quos
3147 2089 3326 2144 inﬁdae
3355 2089 3636 2162 memoriae
3666 2089 3775 2162 lap-

2176 2160 2281 2216 sns—
2301 2163 2473 2216 relata
2522 2162 2905 2228 referentibus,
2966 2160 3019 2215 et
3049 2162 3312 2216 librorum
3371 2176 3476 2230 ope
3506 2160 3776 2214 destitutis

2175 2233 2442 2288 accidisse
2472 2249 2630 2288 nemo
2661 2233 2966 2287 mirabitur.
2997 2233 3291 2287 Primasvns
3313 2231 3554 2286 Casuum
3582 2232 3778 2284 horum

2177 2312 2354 2359 textus
2399 2304 2575 2358 autori
2621 2319 2838 2358 coaevus
2881 2312 2963 2356 est
3016 2322 3029 2367 ;
3081 2303 3128 2357 is
3159 2302 3430 2372 reperitur
3473 2301 3528 2354 in
3573 2300 3776 2372 codice

2177 2391 2232 2428 n.
2267 2375 2388 2427 614.
2441 2374 2740 2430 canonibus
2789 2374 3034 2429 Remedii
3081 2371 3347 2443 episcopi,
3395 2379 3447 2426 et
3483 2371 3774 2427 ordinibus

2179 2445 2440 2517 Romanis
2469 2445 2754 2517 colligatus
2787 2463 2802 2509 ;
2837 2453 2923 2498 est
2950 2443 3184 2514 scriptus
3231 2451 3426 2517 ornate
3448 2450 3500 2496 et
3515 2450 3774 2517 _correcte

2177 2515 2391 2570 mendis
2422 2513 2704 2638 scriptoris
2733 2531 2898 2569 manu
2928 2513 3113 2570 coaeva
3155 2513 3481 2568 emendatis.
3513 2513 3652 2569 Huic
3682 2529 3779 2568 co-

2179 2587 2286 2638 dici
2329 2595 2474 2638 tanta
2543 2587 2779 2638 idelitate
2841 2585 3022 2638 studui
3071 2585 3361 2638 inhaerere.
3418 2591 3474 2636 ut
3519 2600 3696 2638 neque
3727 2583 3779 2636 in

2179 2587 2286 2640 dici
2329 2595 2474 2640 tanta
2524 2583 2779 2641 fidelitate
2841 2585 3022 2640 studui
3071 2585 3361 2650 inhaerere,
3418 2591 3474 2636 ut
3519 2583 3782 2655 nequemin

2180 2673 2332 2721 voce,
2363 2673 2463 2712 nec
2497 2657 2727 2727 syllaba.
2761 2671 2866 2711 nec
2898 2657 3075 2709 littera
3104 2656 3170 2708 ab
3197 2671 3281 2727 eo
3311 2653 3653 2727 secederern,
3697 2653 3784 2707 lit-

2182 2727 2314 2781 teris
2345 2725 2680 2796 majusculis,
2701 2736 2752 2780 et
2782 2726 3310 2796 interpunctionibus
3341 2725 3606 2794 exceptis,
3634 2741 3773 2796 quae,

2181 2805 2366 2868 utpote
2395 2793 2674 2860 obsoletas,
2718 2813 2824 2852 non
2855 2793 3112 2851 videntur
3157 2813 3279 2850 esse
3318 2796 3373 2850 in
3404 2793 3616 2868 recusis
3646 2793 3778 2848 reti-

2182 2865 2402 2939 nenda},
2448 2869 2548 2922 etsi
2604 2869 2709 2922 illis
2765 2868 2958 2939 quibus
3028 2868 3296 2939 Romanos
3364 2865 3599 2939 subinde
3654 2881 3781 2920 usos

2183 2938 2352 2993 fuisse
2382 2937 2686 3010 fragmenta
2745 2937 2933 2993 uestra
2982 2937 3238 3010 _codicum
3269 2937 3486 3010 saeculo
3521 2952 3608 3010 vn
3638 2945 3781 3010 vetu-

2184 3011 2406 3063 stiorum
2434 3007 2648 3076 docent,
2699 3009 2829 3062 satis
2867 3007 3177 3063 conformes
3236 3009 3360 3061 sint.
3413 3009 3470 3060 In
3520 3007 3608 3062 his
3642 3007 3782 3062 enim

2185 3079 2577 3152 antiquissimis
2607 3080 2824 3152 paginis
2853 3095 2950 3149 pro
2981 3087 3249 3152 commate
3288 3085 3552 3152 punctum
3583 3079 3640 3132 in
3656 3094 3781 3152 Arne-

2187 3151 2276 3205 dio
2305 3149 2482 3215 linem,
2509 3149 2838 3220 profpuncto
2869 3149 3108 3220 speciem
3165 3150 3435 3220 quandam
3481 3149 3672 3220 puncti
3711 3149 3789 3203 in-

2187 3219 2573 3293 terrogationis
2629 3219 2991 3293 positam,:et
3041 3219 3300 3293 numeros
3355 3219 3688 3293 antecedens
3735 3227 3788 3272 et

2188 3290 2528 3363 subsequens
2583 3290 2861 3363 punctum
2907 3290 3109 3363 habere
3175 3290 3444 3363 videmus.
3509 3291 3790 3363 Habentur

2187 3360 2424 3434 Ratperti
2455 3360 2628 3416 Casus
2655 3362 2818 3417 etiam
2848 3361 2904 3415 in
2933 3361 3057 3416 cod.
3102 3377 3158 3434 _n.
3185 3365 3308 3426 615,
3352 3361 3450 3416 sed
3479 3376 3606 3434 cum
3630 3361 3677 3415 is
3717 3360 3788 3415 de

2186 3431 2310 3489 cod'.
2344 3450 2398 3488 n.
2433 3437 2534 3488 614
2575 3433 2883 3502 descriptus
2934 3431 3258 3502 reperiatur.
3293 3440 3346 3486 et
3377 3432 3634 3488 saaculnm
3677 3446 3780 3486 vm

2188 3520 2297 3558 non
2353 3511 2593 3574 superet,
2651 3503 3027 3574 seponendum
3056 3519 3207 3574 meum
3260 3519 3398 3574 esse
3449 3503 3785 3574 judicabam.

2187 3572 2437 3645 Ratperti
2485 3576 2658 3645 Casus
2685 3644 2688 3645 ν
2715 3572 2890 3644 primo
2944 3573 3117 3645 edidit
3170 3572 3434 3629 Melchior
3477 3573 3788 3645 ‘Goldastus

2191 3642 2328 3700 1606
2361 3642 2732 3707 ΡΥδηοοίυτῐίξ
2779 3651 2994 3700 secutus
3052 3642 3214 3699 ﬁdem
3256 3659 3349 3699 sex
3391 3643 3660 3710 codicum,
3694 3643 3793 3699 sed

2189 3717 2582 3772 recentiorum.
2623 3715 2758 3783 Quae
2793 3730 2963 3770 causa
3005 3722 3110 3782 est,
3155 3716 3301 3786 quod
3340 3715 3396 3769 in
3426 3715 3542 3782 ejus
3591 3715 3793 3770 editio-

2190 3803 2314 3842 nem
2364 3787 2566 3842 menda
2595 3786 2938 3856 irrepserint,
2998 3801 3144 3856 quae,
3199 3801 3322 3840 cum
3351 3801 3526 3856 neque
3550 3786 3791 3841 editores

2191 3859 2588 3927 subsequentes
2617 3857 2687 3913 ad
2713 3855 2957 3912 Codicem
3003 3855 3388 3927 primigenium
3419 3855 3782 3920 recurrerent,

2191 3927 2488 3984 identidem
2519 3943 2710 3984 recusa
2741 3927 3011 3982 videmus.

2341 4027 2402 4081 In
2433 4025 2490 4082 S.
2524 4025 2706 4092 Gallo,
2729 4027 2888 4083 1824.

2878 4097 3266 4153 ILDEPRONSUS
3287 4111 3395 4151 von
3425 4099 3573 4166 Asx,

3007 4184 3478 4240 Bibliothecarius.

2194 4333 2244 4380 et
2265 4328 2454 4380 chartis
2477 4329 2776 4380 authenticis
2799 4329 2925 4392 apud
2966 4331 3018 4380 S.
3061 4328 3200 4380 Gallu
3221 4342 3250 4377 η
3273 4330 3543 4381 adservatis
3573 4349 3588 4390 ;
3612 4330 3688 4381 sui
3711 4330 3798 4381 de-

2193 4395 2338 4458 nique
2363 4397 2596 4458 temporis
2613 4396 2827 4448 historia:
2846 4409 2958 4460 pars
2977 4397 3082 4460 ipse
3095 4407 3194 4447 non
3221 4407 3380 4459 parva
3405 4397 3585 4448 fuerat.
3606 4399 3794 4448 Pnu.
