4112 6192
309 278 457 332 105⁵7

1237 270 1333 325 DE
1367 269 1654 326 CASIBUS
1705 265 2140 324 MONASTERII
2201 265 2258 322 S.
2311 264 2536 322 GALLI.

3481 276 3506 328 1
3517 273 3620 328 058

1601 503 2458 640 RATPERTI

784 732 950 906 DE
1058 726 1640 906 BASIBUS
1751 721 2572 898 MDNASTEHII
2655 725 2776 899 S.
2869 724 3252 900 GALLI

1843 965 2166 1052 LIBER.

473 1136 728 1192 INCIPIT
775 1137 1053 1194 TEXTUS
1093 1137 1187 1193 DE
1238 1135 1536 1194 ORIGINE
1571 1134 1664 1188 ET
1717 1131 2043 1187 DIVERSIS
2110 1127 2404 1272 (Σ.Αὲῌόἕὸ
2452 1129 2883 1188 MONASTERII
2947 1133 3198 1189 SANCTI
3253 1134 3460 1191 GALLI

1541 1221 1796 1272 EDITUS
1853 1223 1898 1272 A
1958 1219 2188 1272 RATPE
2393 1258 2406 1271 .

1541 1221 1796 1278 EDITUS
1853 1223 1898 1274 A
1958 1219 2188 1274 RATPE
2207 1219 2347 1272 ΙίΤο
2393 1258 2406 1271 .

393 1494 415 1545 1
440 1534 452 1546 .
486 1491 776 1564 Postquam
792 1491 1091 1548 beatissimi
1129 1492 1250 1559 viri,
1273 1499 1492 1547 sanctus
1513 1489 1766 1546 videlicet
1787 1489 1924 1544 abba
1948 1487 2005 1548 A
2035 1503 2150 1553 sus,
2187 1503 2296 1541 non
2329 1486 2446 1541 sine
2477 1487 2646 1544 multo
2677 1496 2732 1544 et
2761 1488 3126 1560 ignominioso
3147 1491 3343 1547 damno
3362 1491 3446 1546 sui
3465 1507 3632 1564 gene-

319 1578 688 1636 Columbanus
713 1597 836 1636 cum
867 1581 1026 1636 beato
1075 1581 1235 1636 Gallo
1279 1579 1609 1651 reliquisque
1649 1577 1930 1649 discipulis

319 1667 450 1733 suis,
484 1668 683 1724 divinae
701 1669 977 1725 charitatis
997 1669 1213 1724 fervore
1232 1669 1504 1734 succensi,
1529 1668 1714 1723 relicta
1737 1667 1930 1723 Hiber-

320 1755 445 1826 nia,
503 1757 822 1828 parentibus
879 1758 1077 1828 spretis
1122 1757 1438 1830 prediisque
1479 1757 1719 1828 paternis
1743 1798 1757 1826 ,
1833 1773 1933 1827 per

317 1845 497 1900 maria
525 1845 748 1902 diversa
779 1846 1096 1902 Hiberniam
1152 1854 1579 1912 transmearunt,
1631 1855 1683 1901 et
1722 1844 1931 1900 Gallias

320 1933 680 2001 advenerunt,
715 1935 1046 2008 Sigibertum
1077 1934 1222 1990 illius
1245 1935 1538 2006 provincias
1565 1950 1756 2006 regem
1783 1934 1932 1990 adie-

320 2029 465 2076 runt.
487 2021 612 2090 Qui,
634 2025 856 2094 cognito
873 2040 1066 2079 eorum
1079 2023 1374 2089 desiderio,
1390 2023 1741 2079 devotissima
1753 2031 1932 2079 mente

319 2108 544 2166 famulis
573 2111 771 2166 Christi
803 2113 1096 2180 concessit,
1132 2120 1190 2167 ut
1218 2112 1526 2184 ubicunque
1580 2113 1800 2182 vellent,
1833 2112 1934 2167 Dei

322 2198 546 2255 servitio
573 2215 876 2272 congruum
933 2200 1035 2256 sibi
1087 2201 1270 2258 locum
1317 2201 1600 2272 eligerent,
1635 2209 1706 2269 et,
1741 2209 1800 2256 ut
1828 2200 1935 2256 illis

317 2286 589 2358 placeret,
619 2288 952 2354 incolerent;
981 2306 1041 2345 se
1060 2306 1190 2346 vero
1209 2289 1263 2344 in
1287 2290 1498 2346 cunctis
1517 2289 1935 2346 necessitatibus

319 2374 590 2432 fautorem
620 2376 729 2432 illis
759 2393 883 2432 esse
940 2379 1210 2449 promisit.
1274 2377 1433 2446 Quod
1463 2386 1516 2433 et
1573 2377 1936 2448 copiosissimi

320 2463 584 2535 implevit.
619 2465 861 2536 Ingressi
894 2465 1067 2537 igitur
1097 2467 1380 2522 heremum
1412 2483 1534 2537 quae
1563 2467 1813 2539 Vosegus
1843 2483 1940 2522 no-

321 2552 576 2618 minatur,
607 2553 789 2610 locum
829 2555 1152 2610 invenerunt
1210 2555 1505 2626 antiquitus
1562 2555 1785 2624 cultum,
1837 2555 1936 2611 sed

321 2648 453 2696 tunc
504 2649 774 2697 vetustate
832 2643 1150 2714 conlapsum
1205 2643 1530 2714 penitusque
1576 2643 1934 2713 destructum,

323 2728 483 2800 aquis
510 2737 696 2786 tamen
724 2730 916 2786 calidis
947 2730 1279 2802 speciosum,
1315 2731 1536 2786 nomine
1567 2732 1864 2788 Luxovium
1885 2747 1932 2791 b.

2032 1576 2218 1647 risque
2251 1575 2434 1645 futuri,
2471 1577 2701 1632 Sanctos
2729 1578 2924 1633 exinde
2964 1579 3339 1650 perpulerunt.
3371 1581 3504 1636 Inde
3529 1581 3634 1636 iter

2032 1672 2280 1736 agentes,
2313 1673 2680 1735 pervenerunt
2695 1665 2766 1719 ad
2787 1675 3028 1721 castrum
3047 1667 3192 1738 quod
3213 1668 3436 1723 Arbona
3462 1669 3483 1703 ί
3502 1685 3633 1723 nun-

2031 1761 2276 1824 cupatur,
2307 1753 2458 1821 juxta
2479 1753 2660 1809 lacum
2681 1755 3036 1820 Potamicum,
3066 1755 3248 1826 ibique
3276 1773 3307 1811 a
3327 1755 3638 1812 Willimaro

2037 1841 2345 1912 presbitero
2382 1840 2679 1896 honoriﬁce
2709 1842 2966 1912 suscepti,
2983 1851 3192 1913 septem
3212 1842 3332 1898 dies
3351 1843 3640 1900 continuos

2032 1945 2154 1984 cum
2187 1929 2392 2002 gaudio
2421 1940 2859 1999 permanserunt.
2889 1930 2993 2000 Qui
3023 1947 3056 1986 a
3097 1930 3310 1987 Sanctis
3341 1932 3640 2004 interroga.

2033 2025 2140 2084 tus,
2175 2018 2222 2072 si
2251 2017 2415 2074 sciret
2463 2018 2642 2074 locum
2671 2019 2725 2073 in
2757 2019 3050 2075 solitudine
3099 2021 3317 2076 illorum
3347 2020 3630 2092 proposito

2034 2123 2370 2178 congruum,
2403 2107 2640 2162 ostendit
2697 2108 2776 2162 eis
2833 2109 3012 2164 locum
3056 2109 3511 2178 iucundissimum
3566 2109 3636 2163 ad

2033 2195 2468 2262 inhabitandum,
2501 2197 2721 2252 nomine
2750 2197 3082 2267 Brigantium
3119 2207 3169 2254 ε.

2111 2284 2300 2356 Ibique
2329 2285 2667 2356 reperientes
2707 2286 2967 2356 templum
2995 2286 3126 2341 olim
3154 2285 3476 2342 Christiana
3504 2287 3640 2342 reli-

2035 2373 2187 2444 gioni
2226 2373 2562 2442 dedicatum,
2596 2389 2740 2428 nunc
2757 2382 2938 2428 autem
2959 2375 3268 2430 daemonum
3315 2375 3642 2446 imaginibus

2034 2461 2304 2531 pollutum
2330 2503 2344 2527 ,
2390 2462 2666 2516 mundado
2715 2470 2766 2516 et
2821 2463 3200 2518 consecrando
3247 2463 3304 2517 in
3346 2463 3641 2535 pristinum

2037 2551 2390 2604 restituerunt
2419 2558 2649 2617 statum,
2671 2559 2836 2622 atque
2853 2567 2949 2622 pro
2971 2551 3164 2606 statuis
3185 2567 3322 2623 quas
3338 2552 3636 2621 ejecerunt,

2037 2645 2242 2692 sanctae
2271 2637 2509 2693 Aurelia}
2531 2638 2790 2710 reliquias
2810 2638 2838 2674 ιι
2856 2639 3058 2694 ibidem
3079 2639 3498 2696 collocaverunt.
3524 2639 3643 2696 Cel-

2035 2725 2170 2780 lulas
2231 2743 2361 2782 vero
2442 2726 2644 2782 ibidem
2702 2736 3080 2784 construentes
3103 2769 3119 2794 ,
3151 2728 3334 2799 ibique
3385 2728 3641 2802 degenda

321 2817 586 2902 Protinus
606 2834 738 2873 vero
779 2817 853 2872 ibi
897 2819 1122 2874 cellulas
1171 2827 1568 2886 construentes,
1625 2819 1771 2876 felici
1825 2819 2007 2902 vitaB
2038 2815 2256 2870 Christo
2297 2815 2505 2870 servire
2545 2815 2812 2883 volentes,
2864 2815 3124 2887 prohibiti
3172 2825 3298 2870 sunt
3345 2833 3377 2872 a
3414 2816 3638 2888 populo.

322 2891 646 2974 Christoque
675 2902 894 2957 amabili
925 2903 1337 2959 conversatione
1363 2920 1535 2976 usque
1592 2905 1664 2960 ad
1691 2891 2005 2976 tempora”
2039 2903 2196 2972 cujus
2224 2919 2354 2974 pars
2384 2904 2554 2972 major
2584 2904 2763 2960 adhuc
2807 2904 3089 2959 erroribus
3129 2903 3413 2961 diabolicis
3439 2904 3640 2960 illude-

326 2989 590 3062 Sigiberti
611 2991 846 3060 junioris
889 2991 1028 3046 iilii°
1075 2991 1364 3057 Hiltiberti,
1416 2993 1630 3064 nepotis
1684 2993 1936 3049 videlicet
2041 2990 2215 3046 batur.
2269 2991 2510 3063 Indeque
2583 2993 2838 3063 expulsus
2895 3001 3118 3049 auctore
3155 2993 3407 3049 Cunzone
3481 2992 3638 3058 duce,

333 3077 618 3150 Sigiberti,
649 3079 1100 3150 perduraveruut.

403 3165 509 3235 Qui
523 3167 688 3223 etiam
709 3167 1159 3241 benignissimam
1179 3184 1307 3239 erga
1328 3168 1556 3224 Sanctos
1576 3169 1764 3224 habuit
1784 3187 1938 3226 men-

329 3270 466 3310 tem.
503 3254 612 3311 Sed
642 3257 1022 3312 Brunnehildis
1059 3257 1182 3314 avia
1237 3255 1409 3328 ipsius
1466 3257 1744 3330 Sigiberti,
1802 3275 1939 3313 uxor

330 3351 513 3399 autem
540 3345 742 3416 prioris
771 3345 1050 3417 Sigiberti,
1085 3345 1249 3416 plena
1271 3345 1554 3411 daemonis,
1588 3347 1937 3402 tenebrarum

329 3433 498 3501 socia,
531 3433 666 3488 lucis
695 3433 930 3499 inimica,
990 3435 1242 3489 omnibus
1289 3435 1448 3490 bonis
1505 3435 1794 3502 contraria,
1827 3451 1939 3490 non

325 3536 494 3593 passa
521 3529 607 3577 est
635 3522 866 3578 Sanctos
895 3523 950 3576 in
979 3522 1072 3578 illo
1119 3523 1419 3578 consistere
1469 3539 1659 3594 regno,
1709 3539 1812 3580 nec
1843 3540 1938 3579 re-

331 3609 559 3681 quievit,
595 3610 773 3667 donec
793 3626 890 3666 eos
905 3611 1032 3666 inde
1057 3613 1420 3682 perturbaret.
1455 3611 1562 3680 Qui
1581 3611 1774 3668 relicta
1796 3620 1940 3668 terra

325 3696 424 3753 illa
455 3705 744 3771 spretaque
773 3698 980 3754 diaboli
1010 3697 1137 3768 filia,
1171 3701 1238 3754 ad
1268 3700 1584 3756 Lotharium
1613 3717 1804 3774 regem
1821 3719 1942 3772 per-

329 3794 618 3842 venerunt.
652 3789 699 3842 A
731 3803 838 3859 quo
855 3787 1250 3860 benignissime
1279 3789 1540 3860 suscepti,
1564 3804 1688 3845 cum
1707 3790 1938 3856 honore,

330 3882 392 3930 ut
419 3874 731 3946 cupiebant,
764 3876 834 3930 ad
882 3876 1322 3932 Theodebertum
1376 3893 1566 3950 regem
1623 3879 1942 3934 Austrasio-

328 3979 455 4018 rum
483 3971 608 4018 sunt
652 3964 922 4035 perducti.
955 3967 1002 4019 Α
1059 3981 1166 4036 quo
1222 3973 1442 4036 accepta
1496 3973 1782 4037 potestate,
1842 3983 1944 4039 per

329 4051 710 4108 Alemanniam
739 4053 918 4109 locum
949 4053 1186 4125 eligendi
1213 4063 1396 4126 aptum
1428 4055 1625 4110 divinae
1674 4056 1940 4125 servituti,

329 4141 631 4197 Tuconiam
649 4139 676 4176 ἀ
707 4141 1065 4207 advenerunt,
1103 4159 1224 4214 quae
1252 4151 1335 4198 est
1363 4143 1433 4198 ad
1465 4152 1626 4214 caput
1665 4144 1766 4201 laci
1794 4145 1946 4200 Turi-

329 4228 470 4296 cini;
518 4229 612 4284 ubi
651 4245 776 4285 cum
807 4229 1108 4286 consistere
1165 4231 1386 4301 vellent,
1446 4233 1816 4304 populumque
1875 4233 1942 4286 ab

331 4332 518 4374 errore
547 4317 858 4374 daemonum
888 4335 1154 4375 revocare
1180 4349 1248 4359 -—
1278 4335 1403 4374 nam
1433 4321 1612 4376 adhuc
1643 4321 1804 4376 idolis
1833 4320 1939 4375 im-

327 4406 694 4462 molabant—
725 4407 882 4464 Gallo
935 4407 1079 4463 idola
1107 4423 1248 4463 vana
1302 4408 1720 4480 confringente°
1775 4417 1828 4465 et
1886 4409 1939 4464 in

330 4492 512 4551 lacum
545 4495 784 4552 vicinum
813 4494 1185 4569 demergente,
1209 4497 1444 4568 populus
1465 4496 1521 4551 in
1539 4497 1674 4552 iram
1703 4513 1939 4554 conver-

405 4653 431 4681 ι
452 4637 714 4702 Ratpertus
739 4638 1060 4705 (Rathgeber)
1089 4642 1372 4692 constanter
1388 4643 1590 4692 vocatur
1608 4644 1658 4692 et
1679 4654 1777 4692 non
1801 4641 1940 4692 Ruh-

333 4711 506 4770 pertus
549 4705 932 4772 (Ruhebrlnger)
987 4708 1064 4758 vel
1110 4709 1384 4770 Rudpertus
1431 4707 1844 4772 (Larmmacher).
1894 4709 1940 4760 ls

334 4775 597 4840 Tigurose
621 4777 788 4824 natum
826 4775 986 4837 prodit
1027 4773 1162 4825 hisce
1199 4774 1349 4826 codici
1397 4776 1568 4840 Tiguri
1605 4780 1856 4827 asservato
1877 4777 1939 4828 de

333 4839 424 4892 SS.
449 4839 612 4892 Felice
637 4845 686 4890 et
708 4841 889 4904 Regula
911 4841 1160 4904 inscriptis
1185 4842 1403 4892 versibus
1426 4861 1438 4891 :

465 4949 702 5008 Obsecro,
727 4949 790 5000 da
814 4949 1010 5000 veniam
1035 4950 1247 5014 patriam
1273 4952 1510 5013 repedare
1537 4953 1800 5016 gradatim,

466 5015 621 5076 Quam
647 5017 846 5078 cupiens
865 5017 1076 5067 Felicem
1103 5018 1263 5068 visere
1287 5031 1428 5068 curro
1453 5015 1799 5082 propinquam,

466 5083 858 5144 Germanamque
881 5081 1006 5147 ejus,
1027 5096 1134 5145 qua:
1159 5085 1342 5147 Regula
1363 5085 1474 5148 jure
1496 5081 1716 5136 vocatur.

401 5237 427 5274 ι,
453 5218 671 5269 ιυίεαυίι
693 5217 746 5268 in
765 5219 998 5269 comitatu
1023 5220 1332 5284 Burgundiaz.

401 5328 424 5357 ο
447 5321 902 5385 Sigibertusjunior
943 5322 1069 5374 illius
1109 5323 1402 5374 Theodorici
1445 5325 1506 5386 ll,
1551 5323 1852 5376 Childeberti
1895 5327 1936 5376 ll

333 5399 504 5452 nepos,
529 5388 758 5452 Sigiberti
780 5388 799 5438 l
825 5399 1066 5452 pronepos
1090 5391 1198 5442 fuit.

399 5508 425 5548 τι
449 5499 602 5552 Hodie
625 5500 820 5562 Tuggen
845 5498 910 5550 ad
933 5500 1058 5551 ostia
1083 5501 1378 5564 Lintomagi.

395 5629 419 5658 ο
436 5601 581 5655 Ionas
603 5601 656 5655 in
677 5602 791 5656 Vita
813 5603 870 5655 S.
896 5603 1188 5657 Golumbani
1209 5603 1422 5656 Wodani
1445 5603 1574 5657 idola
1597 5604 1772 5658 luisset
1803 5605 1929 5660 scri-

2041 3088 2260 3134 sanctus
2289 3081 2660 3136 Columbanus
2698 3099 2822 3136 cum
2870 3083 2984 3136 suis
3013 3082 3080 3136 ad
3128 3080 3423 3154 Agilolfum
3451 3096 3643 3154 regem

2039 3169 2534 3241 Longobardorum
2555 3170 2816 3241 perrexit,
2841 3177 3030 3226 sancto
3049 3170 3302 3225 videlicet
3323 3169 3481 3225 Gallo
3495 3167 3646 3224 inﬁr-

2039 3257 2226 3310 mitate
2256 3257 2477 3312 detento
2507 3258 2563 3310 in
2595 3257 2702 3312 illis
2723 3258 2970 3328 partibus
2987 3257 3264 3312 derelicto.
3286 3256 3460 3325 Quem
3480 3256 3644 3312 etiam

2040 3345 2112 3400 ob
2162 3345 2406 3400 laborem
2464 3346 2674 3400 itineris
2731 3355 2930 3418 putans
2991 3353 3216 3402 sanctus
3271 3345 3645 3401 Columbanus

2041 3433 2425 3504 aegritudinem
2458 3435 2734 3502 simulare,
2769 3434 3006 3491 oﬂicium
3036 3435 3112 3488 illi
3141 3434 3329 3489 altaris
3344 3434 3641 3500 interdixit,

2041 3522 2170 3576 dum
2201 3522 2318 3593 ipse
2353 3523 2720 3578 Columbanus
2763 3523 2819 3578 in
2847 3525 2952 3580 hac
2995 3523 3101 3578 vita
3129 3523 3438 3579 mansisset.
3469 3522 3486 3558 ί
3514 3525 3645 3580 Haec

2041 3617 2223 3666 autem
2251 3611 2440 3666 omnia
2461 3611 2708 3684 quisquis
2723 3612 2938 3682 plenius
2957 3611 3096 3668 scire
3125 3611 3291 3682 cupit,
3317 3620 3370 3668 et
3391 3611 3645 3684 quadam

2043 3698 2101 3752 in
2129 3699 2236 3756 hoc
2269 3699 2536 3770 opusculo
2581 3701 2885 3772 sequentia,
2919 3717 2946 3754 a
2979 3701 3138 3756 nobis
3168 3715 3302 3756 vero
3359 3717 3427 3756 ex
3462 3700 3646 3773 aliqua

2041 3795 2196 3856 parte
2226 3796 2496 3854 contacta,
2531 3787 2586 3841 in
2615 3787 2770 3842 libris
2816 3797 3035 3845 actuum
3074 3790 3393 3846 earumdem
3423 3798 3644 3846 sancto-

2043 3892 2164 3930 rum
2212 3875 2579 3947 jplenissime
2635 3876 2853 3950 digesta
2896 3878 3150 3949 reperiet.
3225 3879 3340 3934 Nos
3377 3895 3526 3948 vero,
3586 3865 3644 3934 ut

2045 3965 2332 4035 cepimus,
2367 3981 2433 4020 ex
2488 3965 2632 4021 notis
2689 3982 2811 4038 quae
2843 3973 2969 4020 sunt
3025 3966 3336 4022 necessaria
3375 3983 3545 4038 pauca
3575 3983 3644 4024 ex

2043 4061 2200 4130 parte
2231 4061 2542 4126 tangamus,
2576 4063 2628 4110 et
2672 4056 2741 4110 ad
2777 4055 2980 4112 intacta
3025 4055 3205 4121 citius,
3239 4056 3354 4110 Deo
3381 4056 3641 4125 donante,

2043 4158 2422 4213 properemus.
2449 4143 2617 4214 Igitur
2644 4145 2836 4199 beatus
2865 4143 3056 4200 Gallus
3085 4152 3209 4215 post
3239 4143 3411 4200 felicis
3430 4144 3646 4202 disces-

2047 4231 2472 4304 sumimagistri
2528 4232 2771 4286 studiose
2829 4233 2992 4302 coepit
3046 4232 3317 4304 inquirere
3371 4233 3555 4288 locum
3591 4233 3648 4287 in

2040 4303 2266 4372 heremo
2279 4335 2344 4372 ex
2365 4318 2469 4372 alia
2489 4327 2645 4389 parte
2665 4319 2849 4374 castrii
2866 4319 2892 4352 ¹ί
2909 4319 3114 4390 praefati
3135 4319 3364 4390 Alpibus
3383 4320 3642 4393 contigua

2040 4405 2240 4461 divinis
2273 4405 2624 4462 famulatibus
2655 4415 2862 4478 aptum,
2899 4423 3062 4478 quem
3091 4415 3143 4462 et
3185 4407 3461 4462 inventum
3489 4406 3648 4479 aquis

2039 4493 2373 4566 planitieque
2395 4494 2697 4564 jucundum
2716 4539 2728 4560 ,
2761 4495 2900 4550 duce
2929 4495 3166 4568 quodam
3196 4495 3488 4551 Willimari
3517 4512 3644 4567 pre-

2038 4629 2111 4680 bit
2134 4631 2404 4693 Ratpertus
2429 4630 2480 4679 in
2505 4631 2560 4682 S.
2586 4630 2713 4682 Galli
2751 4630 3001 4682 cantilena
3046 4630 3191 4696 lovis,
3236 4629 3560 4682 Ekkehardus
3586 4630 3649 4682 ιν

2039 4696 2167 4746 lovis
2192 4699 2240 4746 et
2265 4697 2495 4760 Neptuni.

2105 4775 2123 4811 τ
2136 4780 2295 4846 Hodie
2331 4782 2515 4841 Arbon,
2542 4783 2774 4832 Romanis
2819 4784 2979 4836 Arbor
3013 4783 3147 4846 felix,
3174 4794 3201 4832 a
3225 4783 3278 4834 S.
3315 4783 3454 4834 Gallo
3491 4783 3648 4833 tribus

2039 4845 2174 4896 horis
2197 4846 2383 4896 distans
2416 4849 2668 4911 oppidum.

2106 4935 2133 4974 ε
2156 4929 2306 4980 Hodie
2331 4931 2556 4996 Bregcnz
2579 4933 2630 4982 in
2653 4946 2878 4996 supremo
2904 4935 3038 4984 lacus
3061 4935 3296 4985 Potamici
3324 4947 3456 4986 smu.

2103 5013 2290 5082 hDivae
2334 5013 2502 5082 hujus,
2553 5029 2660 5078 qua:
2708 5022 2757 5068 ct
2799 5020 3108 5080 Argentorati
3159 5019 3409 5070 colebatur
3456 5018 3650 5082 (Gallia

2039 5080 2373 5147 Christiana),
2403 5082 2522 5132 nulli
2549 5084 2816 5146 scriptores
2864 5085 2992 5135 sacri
3018 5086 3289 5137 meminere
3313 5101 3326 5147 ;
3351 5080 3547 5136 videtur
3571 5085 3652 5134 his

2037 5146 2088 5197 in
2113 5151 2262 5198 terris
2285 5149 2504 5200 Romano
2515 5161 2622 5199 rum
2649 5156 2870 5214 tempore
2903 5153 3192 5215 martyrium
3218 5146 3382 5216 pasSa.

2105 5229 2118 5265 ί
2155 5233 2268 5282 Haac
2292 5235 2399 5296 post
2425 5245 2592 5283 vocem
2632 5234 2978 5295 mgriludiuem
3021 5250 3049 5286 a
3085 5242 3327 5300 scriptore
3351 5235 3531 5286 omissa
3553 5235 3651 5286 alia

2037 5310 2210 5348 manus
2234 5312 2398 5350 cetera
2423 5300 2668 5362 adposuit,
2695 5306 2958 5364 secutaque
2995 5303 3207 5355 indolem
3251 5303 3533 5354 Teutonicas
3558 5303 3653 5354 lin-

2036 5377 2142 5428 gua:
2163 5378 2250 5428 pro
2273 5373 2494 5418 maneret
2515 5367 2716 5430 scripsit
2739 5369 3022 5422 mansisset.

2035 5538 2068 5576 η
2099 5459 2240 5576 ἑὸξέθ
2277 5459 2404 5510 liber
2439 5460 2719 5512 :dhucdum
2765 5461 2906 5514 adest
2948 5463 2998 5515 in
3045 5463 3344 5516 bibliotheca
3389 5463 3444 5515 S.
3493 5463 3646 5526 Galli,

2101 5600 2129 5640 ιι
2151 5610 2335 5675 Nempe
2357 5611 2562 5666 Arboris
2584 5613 2767 5666 felicis.
