4112 6192
527 241 665 295 1059

1648 235 2058 292 RATPERTUS
2115 233 2643 294 SANGALLENSIS
2679 239 2918 296 ABBAS.

3706 245 3844 299 1060

479 387 485 394 '
526 377 749 450 sybiteri
778 378 1029 443 diacono,
1061 393 1184 433 cum
1215 376 1580 450 gratulatione
1611 378 1852 448 suscepit
1882 393 1992 432 non
2021 359 2205 431 πῆς-Α
2233 371 2644 429 concesserunt,
2707 364 2893 418 SUblel'
2947 370 3138 419 Ποῖθιΐθ
3193 364 3547 433 curamus?
3611 381 3840 438 quorum

529 467 694 534 nima,
718 466 1007 538 ipsumque
1035 465 1214 522 locum
1239 466 1460 536 jejuniis
1490 474 1541 520 et
1572 466 1906 521 orationibus
1937 481 2131 521 conse-

527 555 752 622 crando,
785 555 1041 610 cellulam
1071 554 1296 619 ibidem,
1328 553 1383 608 in
1416 571 1520 624 qua
1549 555 1668 624 ipse
1696 562 1749 608 et
1787 570 1911 610 cum
1937 570 2003 609 eo
2022 555 2130 608 Do-

529 643 676 698 mino
707 642 954 698 servituri
980 651 1406 706 commauerent,
1441 642 1690 697 celeriter
1730 641 2021 698 aediﬁcavit
2042 644 2130 696 In-

529 740 674 788 terea
695 731 935 802 prredicti
955 730 1109 786 ducis
1126 730 1396 786 Cunzouis
1413 729 1596 796 ﬁliam,
1620 747 1878 802 sponsam
1899 740 1923 766 ³
1947 730 2132 786 videli-

529 829 613 877 cet
640 819 788 890 regis
822 819 1102 892 Sigiberti,
1155 819 1376 890 spiritus
1417 820 1686 892 malignus
1714 819 1929 884 invasit,
1965 835 2126 890 quem

527 924 648 964 cum
687 907 932 978 episcopi
954 923 1132 980 arege
1166 907 1378 972 directi,
1416 924 1642 979 quorum
1679 908 1840 962 etiam
1874 907 2128 963 credebat

525 996 816 1062 sanctitati,
839 996 905 1051 ab
927 1011 996 1052 ea
1027 995 1302 1067 expellere
1339 1012 1446 1050 non
1483 996 1804 1066 potuissent,
1832 995 1930 1050 sed
1962 996 2124 1051 etiam

523 1101 646 1142 cum
668 1084 968 1156 ignominia
985 1085 1056 1138 ab
1091 1100 1156 1140 eo
1177 1084 1387 1154 expulsi
1423 1083 1683 1150 fuissent,
1705 1084 1893 1139 beatus
1934 1083 2125 1139 Gallus

522 1191 633 1230 non
649 1175 840 1246 prima,
866 1173 1084 1242 sedjam
1097 1173 1337 1229 secunda
1349 1173 1624 1244 legatione
1646 1181 1806 1244 atque
1819 1173 2121 1228 humillima

526 1263 922 1335 supplicatione
953 1263 1022 1317 ab
1065 1262 1260 1317 eodem
1291 1263 1430 1316 duce
1453 1270 1726 1332 suscepta,
1750 1261 1929 1318 locum
1948 1261 2003 1316 in
2016 1277 2122 1333 quo

523 1352 732 1424 puella.
763 1351 1082 1416 vexabatur,
1141 1351 1468 1420 presbytero
1521 1349 1843 1416 comitante,
1875 1350 2117 1417 devenit,

522 1442 846 1512 hostemque
876 1439 1176 1510 malignum
1220 1438 1464 1494 oratione
1515 1439 1799 1510 praemissa
1829 1455 1862 1494 a
1889 1455 2123 1510 pervasa

523 1529 689 1586 domo
719 1528 1012 1599 imperiosa
1037 1542 1171 1582 voce
1201 1535 1453 1597 potenter
1475 1527 1650 1595 ejecit,
1684 1527 1928 1599 patrique
1958 1528 2120 1598 puel-

522 1618 633 1674 lam
662 1615 900 1672 reddidit
929 1630 1138 1681 sanam,
1171 1616 1460 1686 statimque
1489 1616 1555 1670 ad
1577 1617 1795 1672 dilectm
1813 1616 2120 1670 solitudinis

2233 450 2455 504 nomina
2483 452 2601 508 haec
2632 459 2788 506 sunt:
2822 453 3164 507 Willibertus
3220 453 3472 510 videlicet
3525 455 3832 526 presbyter,

2231 546 2285 592 et
2317 538 2464 594 l‘alto
2497 539 2579 594 vir
2608 539 2856 606 illustris,
2889 541 3180 613 Tagoberti
3235 541 3441 598 scilicet
3479 543 3631 616 regis
3662 559 3834 598 cama-

2230 627 2400 680 rarius
2429 635 2482 682 et
2513 637 2705 698 postea
2733 645 2919 684 comes
2945 630 3188 698 ejusdem
3219 629 3348 702 pagi
3377 647 3407 684 a
3437 631 3641 702 quibus
3699 631 3836 686 idem

2231 724 2473 781 sanctus,
2507 731 2628 772 cum
2661 717 2714 771 in
2747 733 2980 788 corpore
2997 718 3223 785 viveret,
3249 735 3370 774 eum
3394 719 3838 790 augmentatione

2227 804 2390 872 hujus
2419 804 2526 860 loci
2553 821 2663 860 non
2694 821 2880 877 parva,
2924 805 3163 862 maxima
3211 807 3563 864 veneratione
3624 807 3836 862 habitus

2229 901 2330 947 est.

2298 995 2350 1048 2.
2386 993 2452 1045 At
2475 999 2762 1063 postquam
2795 993 2862 1048 de
2894 1008 3120 1064 corpore
3150 993 3400 1065 spiritum
3447 994 3754 1050 transmisit
3771 993 3834 1049 ad

2227 1088 2426 1148 astras,
2459 1097 2490 1134 a
2509 1082 2922 1136 successoribus
2950 1082 3173 1137 istorum
3198 1083 3352 1139 locus
3372 1083 3472 1138 iste
3501 1083 3573 1138 ob
3594 1098 3834 1138 amorem

2228 1169 2409 1224 Sancti
2441 1169 2688 1224 similiter
2717 1177 3099 1242 augmentatus
3154 1179 3238 1226 est
3267 1187 3438 1242 usque
3467 1172 3536 1226 ad
3587 1180 3835 1242 tempora

2227 1257 2406 1312 Caroli
2427 1257 2472 1311 ἀ.
2507 1257 2748 1312 Taltonis
2777 1274 2910 1314 vero
2939 1257 3080 1312 ﬁlius
3109 1258 3206 1313 fuit
3224 1259 3480 1326 Thi‘otolt,
3503 1260 3659 1328 cujus
3697 1258 3834 1314 ﬁlius

2225 1345 2394 1408 Pollo,
2429 1345 2667 1400 Pollonis
2699 1355 2880 1401 autem
2911 1345 3055 1401 ﬁlius
3085 1347 3474 1418 Waldpertus;
3507 1349 3602 1419 qui
3648 1346 3835 1420 genuit

2223 1433 2657 1489 Waldrammum
2671 1475 2684 1488 .
2715 1435 2838 1506 Ipse
2867 1434 3413 1491 veroWaldrammus
3427 1444 3450 1470 °
3467 1437 3653 1492 locum
3673 1436 3833 1490 istum

2221 1523 2278 1578 in
2299 1523 2554 1578 omnibus
2575 1523 2644 1578 ob
2665 1539 2908 1579 amorem
2931 1525 3104 1580 sancti
3127 1525 3266 1580 Galli
3287 1541 3492 1597 augere
3511 1525 3832 1580 desiderans

2223 1611 2638 1684 regularemque
2666 1612 2798 1666 inibi
2827 1613 2994 1666 vitam
3023 1613 3306 1668 instituere
3337 1613 3586 1684 cupiens,
3641 1613 3833 1668 Otma-

525 1705 833 1762 chariorem
862 1704 1020 1760 rediit
1048 1704 1244 1759 aulam.
1286 1704 1544 1760 Praefatus
1573 1704 1739 1778 igitur
1767 1722 1862 1760 rex
1893 1705 2120 1760 audiens
2149 1713 2202 1772 Β
2221 1717 2341 1755 rum
2389 1707 2639 1756 sanctum
2694 1701 2870 1757 virum
2899 1717 2934 1756 a
2991 1701 3224 1764 Victore,
3293 1702 3497 1757 Rlietite
3555 1701 3834 1757 Curiensis

523 1795 762 1867 puellam
792 1810 821 1848 a
850 1793 1103 1864 passione
1132 1801 1276 1848 tanta
1306 1801 1565 1858 sanatam,
1589 1794 1703 1848 suis
1724 1810 1846 1849 eam
1876 1810 2119 1864 praesen-

527 1883 632 1940 tari
651 1883 880 1952 jubebat
907 1882 1237 1954 aspectibus.
1273 1881 1408 1950 Quae
1455 1883 1840 1955 iuterrogataa
1871 1883 2117 1954 principe

429 2020 438 2026 .
522 1980 828 2028 memorata
856 1971 925 2027 de
953 1987 1118 2027 causa
1143 1970 1460 2026 salvationis
1489 1988 1620 2039 suae,
1669 1980 1911 2027 sanctum
1941 1971 2118 2026 virum

522 2079 650 2120 cum
702 2061 911 2118 actibus
958 2059 1104 2130 suis,
1138 2067 1194 2116 et
1239 2059 1518 2116 beneficiis
1566 2059 1710 2116 circa
1749 2077 1808 2115 se
1837 2077 1938 2130 per
1965 2060 2118 2114 illum

523 2150 776 2209 exhibitis
804 2149 997 2206 ordine
1037 2149 1246 2220 pandit,
1280 2149 1544 2218 adjiciens
1573 2157 1625 2205 et
1657 2165 1880 2222 rogans,
1915 2158 1972 2204 ut
2001 2149 2118 2220 ipse

521 2257 647 2298 cum
675 2256 788 2296 suae
817 2238 987 2312 gratia
1015 2238 1232 2310 pietatis
1256 2238 1573 2311 dignaretur
1597 2236 1806 2293 fovere.
1840 2237 2001 2306 Quod
2021 2253 2119 2292 rex

522 2329 763 2400 benigne
806 2327 1128 2398 suscipiens,
1185 2327 1338 2396 cujus
1368 2327 1576 2383 heremi
1603 2329 1808 2398 hospes
1837 2326 2114 2392 exstiterit,

521 2417 820 2490 inquisivit,
870 2415 1320 2488 comperiensque
1369 2424 1625 2472 narrante
1678 2415 1858 2487 puella
1888 2415 2118 2487 aliisque

520 2505 776 2563 ﬁdelibus
795 2505 946 2574 viris,
963 2521 1028 2560 ex
1047 2512 1201 2576 parte
1216 2505 1286 2560 ad
1309 2503 1516 2576 regiam
1535 2512 1879 2575 potestatem,
1901 2503 2118 2558 aliunde

519 2611 649 2654 vero
675 2595 746 2651 ad
773 2593 1179 2666 possessionem
1209 2593 1473 2649 nobilium
1505 2593 1752 2649 viliorum
1785 2613 1811 2649 b
1842 2593 2118 2664 pertinere

519 2687 788 2742 herenum
832 2700 888 2738 in
931 2699 1037 2756 qua
1095 2683 1324 2739 Sanctus
1382 2682 1760 2738 commanebat
1814 2698 1941 2738 cum
1981 2681 2114 2748 suis,

519 2774 786 2847 protimus
815 2779 1023 2844 partem
1051 2771 1222 2845 regiae
1251 2771 1509 2842 potestati
1549 2771 1835 2828 cedentem
1889 2770 2118 2842 praefato

521 2863 721 2919 Sancto
749 2877 848 2916 sua
877 2860 1191 2916 auctoritate
1221 2859 1546 2916 contradidit
1575 2867 1617 2926 ο,
1651 2868 1706 2915 et
1735 2859 2028 2926 constituit,
2062 2865 2138 2914 ut~

519 2957 634 3006 tam
692 2949 810 3020 ipse
866 2964 1032 3019 quam
1083 2949 1290 3018 posteri
1349 2949 1470 3016 ejus
1497 2949 1720 3013 ibidem,
1765 2948 1968 3004 scilicet
2003 2949 2119 3016 ejus

521 3036 772 3108 exemplo
820 3035 1054 3092 Domino
1110 3035 1364 3090 servituri
1419 3035 1600 3092 locum
1652 3035 1939 3106 praefatum
1995 3051 2118 3091 cum
2137 3069 2186 3132 Ο

518 3124 1031 3195 circumjacentibus
1053 3123 1312 3180 silvarum
1333 3123 1636 3180 commodis
1665 3141 1764 3195 per
1790 3124 2000 3196 regium
2029 3140 2120 3179 au-

517 3215 820 3272 ctoritatem
879 3213 1140 3284 deinceps
1196 3211 1508 3268 ﬁrmissime
1550 3213 1869 3269 retinerent.
1904 3215 2118 3268 Etuta

514 3305 666 3360 nullo
697 3305 800 3360 hoc
832 3303 1190 3374 imposterum
1219 3302 1424 3358 destrui
1455 3302 1680 3369 valeret,
1705 3301 1945 3374 propriae
1975 3318 2112 3359 auc—

516 3392 750 3450 toritatis
789 3390 1101 3447 ﬁrmissima
1146 3391 1552 3462 conscriptione
1593 3391 1804 3446 munire
1851 3391 2112 3461 decrevit,

517 3481 684 3556 quod,
715 3488 776 3536 ut
802 3480 942 3536 bene
989 3479 1280 3553 cogitavit,
1314 3478 1514 3550 optime
1571 3479 1818 3550 perfecit.
1877 3479 2116 3535 Cunzoni

513 3585 730 3644 quoque
749 3569 874 3625 duci
893 3568 1236 3640 praecepit,ut
1257 3584 1382 3624 cum
1400 3568 1646 3624 omnibus
1665 3568 1846 3623 eidem
1865 3569 2116 3623 heremo-

514 3658 710 3716 vicinis
729 3657 1143 3714 necessitatibus
1159 3656 1335 3713 sancti
1355 3656 1738 3728 Gallijsedulus
1758 3672 1824 3713 ac
1841 3657 2115 3712 studiosus

515 3747 694 3803 fautor
712 3747 992 3812 existeret,
1020 3752 1074 3800 et
1100 3744 1157 3799 in
1185 3744 1447 3812 aediﬁciis,
1483 3753 1536 3800 et
1557 3745 1611 3800 in
1632 3745 2114 3818 qualibuscumque

514 3837 680 3893 rebus
709 3835 854 3891 illius
882 3833 1150 3906 indigeret
1171 3833 1380 3900 solatio,
1405 3835 1550 3905 quod
1571 3841 1626 3890 et
1659 3834 1854 3890 devote
1881 3834 2117 3905 comple-

511 3926 608 3983 vit.
641 3923 760 3992 Qua
817 3923 1138 3979 auctoritate
1178 3923 1380 3994 talique
1407 3921 1679 3978 ﬁrmitatis
1708 3923 2114 3994 conscriptione

512 4014 669 4069 locus
721 4012 822 4066 iste
857 4018 1004 4064 tutus
1061 4011 1130 4064 ab
1187 4011 1518 4066 adversariis
1569 4027 1742 4082 usque
1771 4013 1840 4066 ad
1867 4020 2115 4082 tempora

513 4097 689 4171 Pipini
736 4106 791 4154 et
844 4097 1026 4153 Caroli
1056 4098 1373 4168 permansit.
1409 4099 1717 4170 Religiosos
1745 4099 1912 4154 etiam
1941 4099 2110 4167 viros,

513 4189 608 4262 qui
636 4187 888 4244 eumdem
919 4194 1168 4243 sanctum
1196 4187 1253 4240 in
1289 4203 1390 4242 sua
1421 4196 1800 4258 susceperunt,
1836 4189 2112 4258 ejusdem-

513 4293 620 4350 que
666 4275 874 4332 heremi
905 4276 996 4346 jus
1041 4276 1428 4332 hereditarium
1471 4277 1549 4332 illi
1603 4277 1923 4349 potestativa
1951 4294 2114 4333 manu

2219 1789 2434 1854 comite,
2510 1788 2840 1860 impetravit,
2893 1789 3052 1860 eique
3122 1789 3318 1845 cellam
3368 1789 3654 1860 praefatam
3710 1805 3832 1846 cum

2218 1878 2470 1933 omnibus
2495 1877 2566 1932 ad
2594 1893 2718 1933 eam
2746 1877 3142 1948 pertinentibus
3170 1879 3592 1946 commendavit,
3663 1877 3832 1934 abba-

2218 1974 2438 2038 temque
2469 1965 2761 2032 constituit,
2793 1973 2850 2020 ut
2879 1965 2937 2020 in
2965 1967 3083 2020 Vita
3111 1967 3282 2037 ipsius
3309 1967 3634 2038 plenissime
3661 1967 3832 2023 conti-

2218 2064 2394 2110 netur.
2428 2056 2621 2110 Postea
2650 2070 2782 2110 vero
2813 2063 3056 2126 tempore
3103 2055 3434 2126 procedente
3492 2065 3661 2127 atque
3687 2064 3826 2111 statu

2218 2143 2530 2200 monasterii
2557 2142 2612 2197 in
2641 2143 2836 2198 melius
2863 2143 3198 2214 proﬁciente,
3230 2143 3487 2215 praefatus
3517 2145 3828 2200 Waldram-

2219 2250 2341 2288 mus
2353 2233 2602 2288 eumdem
2620 2233 2874 2288 abbatem
2897 2232 3418 2304 OtmarumPippino
3434 2233 3552 2304 regi
3593 2250 3834 2305 praesen-

2220 2321 2370 2388 tavit,
2402 2320 2616 2392 ipsique
2647 2321 2765 2394 regi
2793 2321 3204 2391 monasterium,
3237 2322 3382 2394 quod
3413 2323 3594 2378 adhuc
3645 2323 3825 2378 hare-

2219 2411 2414 2466 ditario
2467 2411 2591 2479 jure
2643 2410 2699 2464 in
2754 2425 2852 2465 sua
2905 2411 3125 2466 tenebat
3179 2418 3464 2482 potestate,
3524 2427 3652 2468 cum
3707 2410 3826 2482 ipso

2217 2499 2423 2571 pariter
2463 2498 2659 2554 abbate
2712 2499 3057 2554 contradidit.
3118 2499 3201 2554 Ea
3252 2499 3502 2556 videlicet
3555 2515 3742 2565 causa,
3771 2507 3828 2554 ut

2218 2587 2336 2659 ipse
2367 2587 2539 2642 abbas
2569 2587 2794 2658 ejusque
2853 2603 3197 2643 successores
3236 2587 3379 2642 idem
3433 2588 3824 2644 monasterium

2219 2675 2376 2748 regia
2403 2675 2720 2731 auctoritate
2749 2675 3065 2742 retinentes,
3103 2675 3306 2731 nullius
3361 2675 3558 2732 deinde
3614 2676 3824 2733 violen-

2219 2765 2292 2819 tia
2319 2773 2718 2836 premerentur,
2753 2764 2850 2820 sed
2879 2765 3253 2820 tantummodo
3267 2781 3456 2838 regum
3478 2765 3820 2834 jussionibus

2221 2854 2519 2910 obedirent.
2553 2852 2711 2922 Quod
2741 2852 3026 2908 benivolus
3055 2853 3310 2924 princeps
3362 2853 3602 2924 benigne
3644 2854 3821 2910 susci-

2221 2943 2396 3014 piens,
2428 2943 2606 2997 statim
2636 2942 2794 3012 hujus
2823 2957 3003 2998 causa;
3029 2941 3484 3013 conscriptionem
3513 2941 3638 2998 ﬁeri
3681 2958 3823 3013 pre-

2220 3032 2396 3102 cepit;
2429 3031 2636 3087 scilicet
2679 3039 2736 3085 ut
2789 3031 3045 3086 monachi
3101 3031 3344 3100 ejusdem
3398 3030 3506 3087 loci
3562 3030 3825 3103 deinceps

2215 3127 2538 3191 potestatem
2569 3119 2830 3174 haberent
2865 3119 3115 3174 abbatem
3145 3119 3350 3191 eligere
3379 3118 3502 3184 sibi,
3536 3128 3700 3192 atque
3727 3135 3824 3175 so—

2214 3207 2280 3263 lis
2310 3207 2684 3264 tantummodo
2714 3208 2938 3282 regibus
2967 3207 3326 3277 subjacerent.
3364 3206 3546 3276 Quam
3572 3207 3822 3264 conscri-

2213 3297 2456 3368 ptionem
2487 3313 2599 3352 suae
2628 3296 2958 3353 auctoritatis
2988 3296 3274 3369 signaculo
3303 3295 3644 3352 conﬁrmavit
3670 3295 3712 3362 τ,
3744 3304 3826 3352 at-

2215 3402 2322 3458 que
2351 3385 2606 3442 abbatem
2635 3385 2813 3457 ipsum
2842 3385 2899 3440 in
2931 3401 3030 3440 sua
3058 3385 3301 3452 remisit;
3333 3385 3425 3458 qui
3445 3385 3594 3441 idem
3621 3400 3821 3440 mona—

2215 3469 2440 3526 sterium
2467 3486 2568 3541 per
2595 3485 2768 3525 annos
2817 3470 2882 3524 40
2941 3468 3170 3526 feliciter
3225 3469 3381 3536 rexit,
3442 3469 3822 3525 Waldrammo

2213 3559 2474 3631 prmdicto
2501 3562 2569 3616 20
2601 3559 2760 3614 annis
2806 3557 3055 3614 solatium
3119 3557 3200 3613 illi
3253 3566 3566 3630 praestante.
3627 3557 3821 3614 Postea

2213 3663 2363 3718 vero,
2395 3648 2468 3703 ob
2497 3663 2659 3720 quam
2688 3663 2928 3714 causam,
2963 3655 3016 3702 et
3043 3647 3279 3719 quando,
3312 3655 3364 3702 et
3410 3647 3646 3720 qualiter
3677 3646 3821 3702 idem

2213 3737 2388 3792 abbas
2416 3753 2450 3791 a
2479 3735 2710 3792 Warino
2741 3743 2794 3792 et
2807 3735 3132 3792 Ruadhardo
3159 3743 3189 3780 ε
3209 3734 3400 3792 exsilio
3411 3735 3724 3802 damnatus,
3747 3734 3818 3790 ad

2212 3833 2530 3897 perpetuam
2561 3825 2630 3880 sit
2683 3840 2944 3881 coronam
2999 3825 3316 3896 perductus,
3363 3824 3418 3878 in
3474 3823 3631 3880 libris
3687 3824 3822 3882 Vite

2209 3907 2404 3981 ipsius,
2439 3909 2532 3982 qui
2562 3909 2702 3964 scire
2724 3909 3016 3975 desiderat,
3047 3908 3283 3980 pleniter
3307 3907 3536 3982 degesta
3555 3908 3814 3980 reperiet.

2215 3999 2342 4053 Post
2370 3998 2488 4055 haec
2517 4015 2646 4054 vero
2677 3997 2950 4070 Sydonius
2979 3997 3410 4054 Constantiensis
3467 3997 3692 4068 praesul,
3727 3995 3816 4068 qui

2211 4095 2263 4142 et
2291 4087 2705 4156 monasterium,
2739 4087 2884 4160 quod
2913 4089 3069 4142 Auva
3095 4085 3121 4121 ¹²
3146 4093 3474 4154 nominatur,
3501 4085 3563 4140 in
3600 4101 3700 4140 sua
3723 4101 3821 4155 po-

2213 4182 2404 4232 testate
2443 4175 2694 4243 habebat,
2754 4175 3138 4249 instigantibus
3193 4174 3432 4246 praefatis
3487 4173 3812 4238 comitibus.

2211 4264 2375 4336 cmpit
2399 4264 2675 4336 inquirere
2704 4264 3094 4321 monasterium
3123 4272 3397 4331 nostrum,
3423 4272 3478 4319 et
3495 4263 3553 4318 in
3569 4270 3816 4336 potesta-

579 4452 605 4480 ι
627 4431 828 4484 Multum
848 4430 1029 4494 negotii
1049 4431 1156 4481 haac
1180 4443 1378 4494 sponsa,
1405 4443 1552 4493 quam
1577 4434 1746 4482 auctor
1764 4431 1887 4482 Vitae
1910 4432 1964 4482 S.
1987 4431 2112 4482 Galli
2128 4429 2181 4490 D
2279 4452 2302 4480 ο
2325 4432 2700 4494 Waltrammus,
2736 4434 2791 4483 ut
2827 4432 2998 4484 charta
3043 4433 3157 4483 anni
3195 4432 3294 4484 779
3337 4433 3568 4495 testatur,
3592 4431 3817 4482 tribunus

510 4501 856 4561 Frideburgam
881 4497 1118 4558 nominat,
1158 4497 1360 4548 eruditis
1395 4499 1686 4560 Sigibertum
1724 4511 1956 4562 sponsum
1979 4498 2116 4548 adin-

511 4568 680 4620 venire
704 4577 801 4617 non
825 4563 1094 4615 scientibus
1117 4564 1406 4616 facessebat.

576 4649 604 4687 δ
629 4652 736 4712 His,
761 4661 939 4712 nempe
966 4648 1251 4699 Taltonibus
1291 4649 1374 4699 illa
1413 4649 1548 4698 silva:
1589 4661 1726 4711 pars,
1753 4661 1859 4711 quae
1881 4647 2117 4699 humilior

510 4723 562 4772 et
583 4717 880 4780 Thurgoviae
921 4715 1042 4766 locis
1079 4716 1228 4766 cultis
1267 4715 1532 4778 proximior
1573 4719 1698 4777 erat,
1745 4715 2108 4780 adpertinebat,

509 4797 618 4849 quae
641 4797 752 4836 cum
775 4783 1034 4833 rotundum
1071 4795 1258 4846 quoque
1299 4785 1512 4832 montem
1555 4783 1988 4845 complectebatur,
2016 4781 2114 4832 cel-

510 4852 608 4904 lam
635 4853 688 4902 S.
713 4849 844 4900 Galli
868 4849 1164 4912 attingebat,
1192 4861 1298 4912 qua:
1321 4850 1456 4914 hinc,
1482 4849 1689 4900 incertis
1713 4861 1902 4912 quoque
1945 4853 1997 4899 et
2031 4849 2114 4898 in-

507 4917 725 4970 deﬁnitis
749 4915 944 4979 ﬁnibus,
985 4915 1091 4978 jam
1139 4916 1190 4966 in
1229 4916 1439 4978 illorum,
1485 4915 1590 4978 jam
1615 4916 1665 4967 in
1689 4916 1818 4979 regis
1846 4916 1992 4968 fundo
2017 4915 2113 4966 sita

511 4998 620 5038 esse
641 4983 840 5036 dicitur.

575 5093 599 5122 ε
622 5089 740 5140 Post
757 5084 982 5138 devictos
1007 5097 1136 5136 anno
1161 5084 1258 5136 497
1284 5084 1581 5136 Alamannos
1621 5085 1853 5135 mahnam
1877 5084 2112 5136 Helvetiae

509 5160 700 5219 partem
725 5153 842 5204 fisco
866 5153 1002 5214 regio
1020 5151 1248 5213 cessisse,
1275 5151 1429 5216 liquet
1449 5165 1509 5202 ex
1533 5153 1647 5213 hac,
1677 5155 1727 5202 et
1745 5151 1852 5219 aliis
1886 5151 2114 5203 donatio-

457 5247 466 5256 -
505 5218 670 5284 nibus,
713 5233 836 5284 quas
879 5233 1025 5284 reges
1070 5219 1367 5270 Francorum
1423 5219 1714 5282 parthenoni
1750 5218 2036 5283 Sekingensi
2060 5220 2112 5270 in

506 5288 738 5350 Glarona,
756 5287 989 5348 Tigurino
1007 5287 1057 5336 in
1083 5286 1186 5344 Uri,
1211 5286 1509 5336 monasterio
1527 5285 1832 5337 Murbacensi
1852 5287 2108 5344 Lucernae,

510 5355 755 5405 nobilibus
778 5355 966 5406 Alsatis
988 5354 1122 5406 circa
1157 5353 1542 5418 Windonissam,
1566 5353 1862 5417 Lucernam,
1889 5357 1940 5404 et
1961 5351 2113 5403 Werd

507 5419 863 5474 contradidere.

573 5513 602 5554 ὁ
624 5513 808 5578 Nempe
828 5513 1060 5566 Martelli.

2211 4502 2318 4550 erat
2337 4499 2572 4550 territorii
2599 4499 2774 4561 vicini;
2803 4501 2846 4550 is
2869 4511 2929 4550 ex
2948 4511 3098 4551 uxore
3117 4499 3370 4550 Waltrada
3388 4498 3552 4562 genuit
3575 4497 3820 4548 Waltber-

2213 4569 2339 4629 tum,
2365 4567 2444 4628 qui
2469 4567 2776 4630 praecipitato
2811 4579 2940 4617 anno
2965 4579 3074 4617 cum
3099 4567 3272 4617 matris
3296 4578 3354 4616 ac
3378 4566 3588 4616 fratrum
3613 4576 3815 4615 assensu

2211 4634 2266 4684 S.
2295 4633 2436 4684 Gallo
2461 4634 2648 4695 vineas,
2674 4645 2816 4696 agros
2841 4637 2892 4684 et
2917 4633 3173 4684 ecclesiam
3199 4632 3247 4682 in
3271 4631 3634 4684 Rumanisborn
3662 4630 3817 4694 (nunc

2216 4699 2530 4762 Romishom)
2581 4700 2804 4764 contulit,
2849 4703 2899 4750 et
2935 4699 3016 4762 jus
3053 4699 3104 4750 in
3143 4700 3279 4762 sylva
3323 4699 3624 4748 monasterio
3654 4697 3821 4764 vicina

2211 4765 2378 4830 lingua
2423 4767 2661 4830 caedendi,
2711 4763 2892 4832 porcos
2935 4765 3187 4831 pascendi,
3231 4769 3283 4816 et
3327 4764 3579 4816 runcando
3625 4763 3822 4816 novalia

2212 4832 2463 4884 moliendi.

2277 4935 2296 4974 τ
2314 4945 2476 5008 Neque
2502 4945 2617 5007 hoc,
2643 4955 2804 5006 neque
2846 4955 2994 5007 supra
3042 4945 3367 4994 memoratum
3411 4939 3693 5007 donationis
3736 4939 3818 4992 di-

2209 5011 2373 5075 ploma
2391 5013 2670 5076 supersunt.

2278 5120 2304 5159 s
2321 5112 2554 5164 Warinus
2579 5111 2725 5163 trium
2744 5123 2979 5175 pagorum
2992 5110 3153 5161 lacum
3169 5108 3468 5162 Potamicum
3490 5108 3814 5160 ambientinln

2209 5191 2373 5230 comes
2397 5183 2524 5241 erat,
2568 5178 2883 5242 Thurgoviaa,
2922 5177 3212 5240 Linzgoviaa,
3258 5181 3310 5227 et
3353 5175 3608 5238 Hegovia.
3645 5175 3813 5227 Cedet

2217 5246 2371 5296 Trad.
2398 5245 2448 5295 S.
2481 5245 2632 5297 Galla.
2661 5246 2723 5296 Et
2745 5245 3000 5296 Ruadhart
3022 5256 3149 5294 anno
3193 5243 3290 5294 769
3329 5242 3510 5305 legitur
3551 5254 3722 5293 comes
3762 5243 3811 5292 in

2209 5312 2354 5362 Baar.
2383 5313 2474 5362 Ioc.
2509 5312 2594 5362 cit.
2622 5312 2738 5374 Quis
2763 5316 2987 5363 utrorum
3023 5311 3292 5362 Well’orum
3315 5309 3458 5373 stirpi
3483 5309 3814 5360 adnumeran-

2208 5377 2298 5429 dus
2333 5379 2418 5442 sit,
2453 5378 2718 5429 incertum.

2277 5494 2305 5532 ιι
2329 5481 2484 5545 Augia
2507 5479 2646 5532 dives
2669 5479 2724 5532 in
2747 5479 2904 5532 insula
2927 5491 3080 5545 prope
3098 5477 3436 5531 Constantiam
3458 5476 3574 5528 sita.
