4060 6184
260 287 400 340 {OG-ri

1264 280 1358 336 DE
1397 277 1684 336 CASIBUS
1739 273 2170 332 MONASTERII
2227 279 2288 334 S.
2348 277 2576 334 GALLI.

3453 280 3591 337 I062

263 414 381 463 tem
439 405 790 478 episcopatus
837 404 1108 479 redigere.
1159 404 1398 475 Quibus,
1450 414 1504 459 ut
1557 404 1632 458 illi
1691 401 1885 457 solatio
1913 400 2106 460 Asua.
2145 404 2446 475 Episcopus
2476 412 2656 459 autem
2685 411 2871 460 cartas
2915 411 3299 475 utrorumque,
3333 421 3469 476 quas
3496 421 3594 461 rex

265 503 480 562 essent,
516 494 782 550 beneficia
814 495 1094 566 promisit,
1129 501 1292 565 atque
1337 493 1560 548 donavit
1590 501 1634 558 ³,
1663 491 1895 545 Warino

271 583 535 640 videlicet
557 584 717 648 Vina,
753 592 806 638 et
840 583 1097 656 Turinga,
1131 590 1184 636 et
1213 583 1374 653 Engi,
1407 580 1736 637 Ruadliardo
1766 595 1894 632 vero

269 672 609 745 Antolvinga
632 681 685 727 et
707 672 1005 740 Uzinhaha,
1027 669 1211 725 Miloni
1233 679 1413 724 autem
1435 671 1704 724 advocato
1726 667 1897 737 ipsius

270 759 630 829 monasterii,
664 769 722 814 ut
761 760 837 814 illi
890 759 1141 814 solatium
1192 759 1553 813 subtraxisset
1596 751 1641 824 δ,
1691 764 1897 810 sextam

271 849 502 914 villam,
564 865 685 920 qua:
741 849 1045 904 Heimbach
1103 855 1475 917 nuncupatur,
1549 843 1894 901 contradidit.

277 935 462 1006 Quam
489 937 561 992 ob
592 953 704 992 rem
735 936 989 1008 praefatus
1021 935 1311 1007 Sydonius,
1338 935 1482 1007 quod
1514 933 1764 1005 nequiter
1794 947 1900 988 om-

273 1026 375 1097 pit,
407 1025 795 1080 auxiliantibus
826 1024 1026 1097 iniquis
1056 1025 1396 1096 principibus
1418 1023 1655 1094 pessime
1688 1021 1758 1077 ad
1791 1020 1893 1086 sui,

278 1122 338 1169 ut
368 1125 565 1186 postea
595 1130 684 1168 res
715 1114 928 1178 docuit,
963 1113 1369 1168 damnationem
1415 1111 1671 1184 perfecit,
1703 1127 1898 1165 mona-

282 1202 624 1274 steriumque
655 1201 834 1274 ipsum
866 1201 918 1256 in
941 1203 1031 1272 jus
1062 1202 1412 1272 episcopatus
1446 1200 1676 1272 redegit.
1729 1198 1900 1271 Igitur

281 1291 584 1363 praedictus
651 1291 941 1362 episcopus
989 1289 1188 1345 fratres
1236 1290 1291 1344 in
1340 1289 1670 1344 monasterio
1727 1287 1899 1342 sancti

284 1379 430 1436 Galli
459 1379 644 1434 multis
691 1379 902 1448 injuriis
953 1395 1170 1449 semper
1217 1377 1494 1444 afﬁciens,
1531 1377 1769 1448 quodam
1811 1375 1898 1430 die

283 1468 453 1524 etiam
485 1466 782 1536 majOribus
814 1467 924 1533 ibi,
959 1467 1004 1520 si
1033 1467 1200 1538 aliqui
1230 1475 1410 1521 essent
1455 1466 1556 1520 sibi
1602 1463 1892 1531 contrarii,

279 1555 584 1612 aﬁlicturus
605 1555 912 1620 calumniis,
937 1555 1330 1610 monasterium
1354 1554 1692 1608 turbulentus
1715 1552 1900 1625 ingre-

282 1645 452 1711 ditur,
485 1652 538 1699 et
568 1660 691 1700 cum
723 1652 847 1698 ante
877 1643 1281 1699 confessionem
1310 1652 1331 1676 °
1363 1643 1537 1699 sancti
1567 1642 1708 1697 Galli
1741 1639 1898 1712 quasi

283 1741 546 1788 oraturus
595 1732 946 1801 constitisset,
979 1732 1109 1803 quid
1138 1732 1194 1786 in
1222 1740 1404 1786 mente
1438 1730 1706 1796 habuerit,
1739 1745 1899 1799 pcena

285 1821 538 1892 corporis
569 1829 622 1876 et
649 1820 862 1876 illuvies
911 1819 1146 1888 ventris,
1180 1829 1236 1874 ut
1281 1819 1336 1873 in
1365 1820 1484 1872 Vita
1533 1818 1706 1873 sancti
1755 1817 1896 1872 Galli

286 1910 552 1980 scriptum
573 1917 674 1974 est,
699 1908 1088 1967 manifestavit:
1121 1925 1230 1980 quo
1258 1907 1598 1962 redundante
1631 1906 1897 1976 supplicio

284 1997 355 2053 ad
386 2001 597 2052 Auvam
627 1997 891 2068 perlatus,
926 1997 994 2052 de
1027 1996 1213 2052 cloaca
1243 1995 1492 2067 corporis
1520 1995 1687 2051 vitam
1717 1993 1899 2050 exala-

286 2085 362 2142 vit
392 2085 614 2157 plenam
643 2085 894 2140 miseriis.

364 2230 418 2282 3.
449 2229 579 2282 Post
605 2227 760 2296 cujus
790 2226 998 2282 obitum
1026 2226 1324 2292 Johannes,
1347 2225 1650 2281 monachus
1680 2226 1899 2296 Augen-

287 2316 369 2371 sis
388 2359 402 2385 ,
437 2315 764 2371 Constantia:
795 2315 1084 2387 episcopus
1111 2315 1417 2379 ordinatus,
1447 2315 1734 2369 amborum
1761 2311 1902 2383 regi-

287 2421 418 2460 men
463 2404 704 2475 suscepit
750 2404 1144 2460 ccenobiorum.
1192 2403 1299 2472 Qui
1345 2411 1458 2458 tres‘
1497 2411 1725 2473 nepotes
1770 2417 1900 2456 suos

289 2492 565 2552 educavit.
598 2492 796 2565 quibus
837 2475 1102 2548 honorem
1151 2508 1306 2546 suum
1363 2491 1418 2546 in
1455 2491 1625 2546 tribus
1654 2489 1760 2546 illis
1791 2489 1898 2546 loci

291 2582 460 2637 situm
502 2589 627 2652 post
673 2597 828 2636 suum
885 2581 1190 2637 discessum
1237 2580 1570 2635 distribuere
1616 2578 1900 2652 cogitavit.

292 2669 416 2740 Quo
445 2669 652 2743 agnito.
684 2668 879 2724 fratres
908 2669 1192 2740 utriusque
1213 2668 1447 2724 caanobii
1469 2668 1784 2739 episcOpum
1810 2681 1903 2738 pa-

289 2759 428 2814 riter
471 2757 742 2823 adierunt,
775 2765 1035 2829 rogantes
1065 2765 1122 2812 ut
1151 2757 1435 2829 privilegia
1466 2756 1546 2812 eis
1572 2757 1714 2828 apud
1743 2755 1900 2826 prin-

288 2846 471 2918 cipem
512 2847 818 2918 acquireret
842 2890 854 2913 ,
888 2862 953 2903 ac
984 2854 1311 2918 potestatem
1358 2845 1597 2917 eligendi
1638 2845 1863 2900 abbates
1884 2887 1896 2910 ,

292 2951 353 2991 se
396 2951 558 3005 vero,
591 2934 636 2989 si
667 2936 769 2990 hoc
818 2932 1007 3004 ﬁeret,
1057 2935 1281 2990 eosdem
1327 2934 1470 2989 illius
1517 2941 1746 3005 nepotes
1797 2932 1901 2988 sibi

290 3023 520 3079 abbates
548 3023 821 3079 electuros
850 3022 1072 3094 polliciti
1103 3031 1246 3077 sunt.
1270 3022 1429 3092 Quod
1467 3022 1557 3078 ille
1596 3021 1893 3091 consensit,

290 3127 356 3168 ac
404 3128 466 3168 se
510 3111 774 3168 facturum
823 3112 1093 3183 promisit.
1125 3112 1394 3182 Tempore
1426 3127 1555 3167 vero
1601 3118 1896 3177 transacto,
1928 3111 1979 3176 α

288 3199 522 3256 Carolus
541 3216 634 3256 rex
657 3216 782 3257 cum
803 3200 1119 3274 Hildigarda
1147 3200 1382 3274 conjuge
1404 3215 1504 3254 sua
1525 3201 1755 3256 Romam
1776 3214 1902 3270 pro-

291 3288 560 3359 fecturus,
593 3289 967 3345 Constantiam
1008 3289 1248 3345 advenit.
1281 3291 1517 3360 Tempus
1547 3303 1680 3344 vero
1727 3302 1899 3358 opor-

293 3385 490 3434 tunum
519 3393 579 3434 se
607 3378 882 3434 invenisse
925 3377 1326 3446 existimantes,
1373 3376 1656 3449 utriusque
1701 3391 1900 3431 mona-

287 3466 446 3522 sterii
496 3465 694 3522 fratres
740 3482 842 3538 pro
895 3467 1156 3538 praedicta
1215 3466 1544 3523 necessitate
1600 3464 1901 3536 principem

289 3555 517 3622 adeunt,
559 3555 787 3627 ejusque
837 3555 1182 3610 clementiam
1228 3554 1595 3626 interpellant.
1629 3554 1745 3609 Rex
1773 3568 1903 3609 vero

289 3643 634 3716 episcopum,
684 3643 816 3715 quid
847 3643 916 3698 de
945 3644 1050 3700 hoc
1091 3643 1170 3697 illi
1215 3643 1478 3714 placeret,
1523 3641 1900 3715 interrogavit.

287 3731 603 3804 Episcopus
656 3739 835 3786 autem
879 3740 1099 3788 mternae
1145 3731 1491 3787 beatitudinis
1520 3731 1725 3804 gaudia
1752 3729 1904 3784 illum

287 3820 490 3876 exinde
537 3828 927 3891 percepturum
969 3821 1280 3892 respondit,
1316 3819 1363 3875 si
1389 3819 1553 3875 talem
1602 3827 1656 3874 et
1700 3826 1904 3874 tantam

288 3907 647 3966 securitatem
678 3907 897 3964 famulis
918 3909 1117 3964 Christi
1136 3908 1342 3980 absque
1362 3909 1474 3963 ulla
1493 3906 1906 3978 perturbatione

288 3997 531 4054 Domino
560 3997 836 4054 serviendi
867 3997 1215 4054 concederet.
1247 3996 1408 4066 Quod
1437 3995 1668 4052 audiens
1687 4013 1783 4052 rex
1814 4011 1907 4070 ga-

289 4087 452 4143 visus
498 4093 615 4155 est,
651 4093 703 4142 et
729 4085 977 4158 protinus
1023 4085 1311 4158 utriusque
1352 4085 1589 4143 coenobii
1631 4084 1904 4152 fratribus,

287 4174 474 4231 sancti
503 4173 645 4230 Galli
674 4174 882 4232 scilicet
911 4182 966 4230 et
991 4175 1265 4248 Augensis
1282 4218 1298 4240 ,
1334 4173 1645 4230 firmissima
1673 4173 1909 4230 auctori-

287 4271 405 4320 tate
431 4263 782 4336 privilegium
802 4271 1048 4334 optatum
1075 4264 1420 4330 contradidit,
1443 4280 1508 4319 ac
1525 4263 1728 4333 scripta
1757 4278 1909 4317 emu-

290 4351 480 4408 nitatis
506 4352 580 4407 ad
609 4352 728 4408 hec
757 4353 950 4408 eadem
979 4351 1263 4408 retinenda
1292 4350 1410 4406 ﬁeri
1458 4350 1746 4422 praecepit.
1785 4365 1906 4421 qum

289 4441 578 4516 signaculo
634 4457 748 4497 suae
805 4441 1140 4498 auctoritatis
1195 4440 1429 4496 firmavit
1470 4441 1516 4506 ά,
1569 4438 1973 4528 constituensD

286 4537 456 4602 atque
485 4529 832 4602 praecipiens,
862 4538 919 4585 ut
943 4538 1068 4601 post
1095 4541 1328 4586 mortem
1357 4527 1600 4602 episcopi
1644 4527 1898 4583 monachi

287 4618 682 4692 predictorum
741 4619 1198 4675 monasteriorum
1254 4627 1582 4692 potestatem
1635 4617 1899 4672 haberent

290 4707 400 4764 sibi
427 4707 669 4780 eligendi
697 4707 942 4775 abbates,
967 4717 1020 4764 et
1041 4717 1097 4763 ut
1117 4708 1250 4764 nulli
1269 4709 1476 4780 absque
1497 4705 1719 4781 regibus
1747 4705 1901 4760 dein-

289 4811 427 4868 ceps
455 4803 642 4851 essent
671 4797 921 4866 subjecti.
955 4796 1171 4852 Fratres
1213 4797 1376 4868 igitur
1407 4797 1514 4852 laeti
1544 4795 1818 4851 redierunt
1847 4793 1902 4848 in

356 4951 382 4977 ³
407 4944 735 4992 Asservantur
757 4940 916 4992 adhuc
943 4941 1147 5004 charta),
1175 4941 1349 5003 quibus
1372 4941 1426 4992 S.
1463 4941 1590 4992 Galli
1630 4938 1903 4990 coenobium

285 5026 434 5076 villas
471 5027 562 5076 has
603 5025 881 5088 acquisivit.
906 5025 1063 5076 Vinia:
1101 5026 1162 5077 de
1207 5039 1338 5076 anno
1361 5027 1480 5088 754,
1506 5025 1732 5089 Duringae
1754 5035 1904 5088 prope

286 5110 555 5161 Buchhorn
577 5109 639 5161 de
666 5109 783 5173 752,
810 5109 1039 5160 Uzinaha:
1063 5110 1126 5161 ad
1151 5109 1310 5162 lacum
1335 5110 1624 5174 Tigurinum
1650 5110 1714 5162 de
1739 5109 1860 5160 745.

357 5229 385 5266 ι,
411 5211 760 5262 Tcutonismus
782 5223 872 5274 pro
897 5211 1232 5263 subtraheret.

362 5327 387 5355 ο
411 5294 567 5346 Hodie
590 5295 967 5358 presbyterium.

361 5396 389 5436 α
429 5381 506 5430 Ex
549 5379 644 5429 hoc
687 5379 953 5442 diplomate
995 5377 1265 5430 Vuramsiaa
1312 5378 1534 5440 civitate,
1579 5377 1612 5427 8
1652 5376 1716 5427 Id
1762 5377 1906 5432 Mart.

287 5475 420 5515 anno
462 5462 525 5512 12
561 5462 698 5526 regni
742 5462 860 5513 dato
899 5465 1083 5514 erroris
1130 5463 1434 5513 convincitur
1473 5463 1759 5526 Batpertus.
1804 5461 1909 5512 Non

290 5547 433 5600 enim
457 5558 570 5598 cum
593 5547 812 5614 Joanne,
837 5547 923 5600 sed
947 5547 1035 5600 abs
1058 5548 1242 5600 Joanne
1265 5546 1535 5612 proabbate
1559 5557 1672 5598 cum
1711 5544 1908 5597 Sidonio

1995 492 2112 548 fieri
2137 494 2416 564 praecepit,
2450 509 2636 550 secum
2668 493 2907 547 retinuit.
2933 493 3067 548 Cum
3094 493 3260 566 igitur
3288 493 3432 548 idem
3462 511 3597 564 pra:-

1995 583 2078 636 sul
2103 581 2264 637 ﬁnem
2296 582 2398 636 sibi
2431 583 2714 653 praesentis
2749 583 2871 637 vita:
2903 589 3262 654 cognosceret
3290 582 3595 650 imminere,

1995 679 2272 740 assumpta
2303 670 2641 742 Augensium
2673 669 2900 724 fratrum
2929 678 3080 726 carta
3110 670 3178 724 ad
3212 669 3391 740 ipsum
3421 686 3601 726 mona-

1997 759 2217 812 sterium
2248 759 2485 822 devenit,
2519 767 2727 814 cartam
2758 767 2936 813 autem
2972 757 3197 813 fratrum
3227 759 3296 813 de
3326 766 3604 814 monaste-

1997 846 2078 900 rio
2127 847 2297 901 sancti
2343 847 2483 902 Galli
2513 847 2565 901 in
2599 847 2813 903 scriniis
2863 846 3294 902 Constantiensis
3338 847 3604 903 Ecclesiae

1997 933 2316 1006 dereliquit,
2357 951 2422 990 eo
2464 936 2609 1008 quod
2654 935 2954 990 noluissent
3001 943 3255 1006 nepotem
3303 935 3450 990 illius
3498 935 3604 990 sibi

1998 1023 2274 1089 abbatem,
2306 1023 2442 1078 sicut
2470 1025 2680 1094 pridem
2710 1023 3103 1094 promiserant,
3137 1024 3360 1097 eligere.
3393 1024 3599 1080 Sense-

1999 1120 2115 1166 rant
2145 1112 2287 1166 enim
2318 1121 2522 1166 cartam
2550 1128 2583 1167 a
2610 1129 2740 1184 rege
2771 1113 2951 1167 datam
2983 1113 3208 1166 multum
3239 1129 3363 1168 esse
3393 1113 3598 1184 depra-

1998 1209 2196 1262 vatam.
2233 1208 2286 1253 et
2312 1199 2479 1254 multo
2509 1201 2684 1264 aliter,
2719 1217 2878 1272 quam
2922 1218 3016 1256 rex
3055 1201 3274 1270 juberet
3302 1209 3354 1256 et
3383 1217 3470 1256 res
3498 1217 3598 1258 eo-

1998 1305 2118 1342 rum
2160 1287 2459 1360 indigeret,
2494 1305 2616 1343 esse
2660 1291 3038 1360 conscriptam.
3087 1290 3300 1346 Idcirco
3347 1299 3600 1361 nepotem

1996 1377 2138 1431 illius
2196 1376 2300 1430 sibi
2355 1378 2600 1432 abbatem
2659 1378 2864 1450 eligere
2919 1378 3284 1449 neglexerant.
3343 1379 3603 1434 Similiter

1997 1474 2177 1520 autem
2209 1474 2261 1519 et
2291 1464 2491 1520 fratres
2521 1466 2744 1520 alterius
2785 1465 3098 1520 monasterii
3145 1465 3406 1522 fecerunt.
3442 1469 3601 1524 Post-

1997 1569 2158 1625 quam
2189 1553 2353 1625 igitur
2378 1553 2634 1623 przrfatus
2680 1555 2972 1624 episcopus
3019 1553 3128 1608 vita
3171 1557 3434 1622 excessit,
3483 1559 3601 1612 Au-

1997 1659 2197 1712 genses
2230 1643 2524 1714 quemdam
2555 1659 2744 1696 senem
2765 1643 3147 1714 presbyterum
3177 1652 3229 1698 et
3256 1645 3603 1716 monachum,

1928 1731 2216 1815 Bnomine
2246 1731 2485 1796 Petrum,
2514 1731 2616 1784 sibi
2639 1731 2920 1802 elegerunt
2942 1732 3193 1786 abbatem
3222 1748 3348 1788 cum
3379 1733 3606 1790 consilio

1999 1819 2332 1892 Hildigardae
2363 1820 2588 1892 reginae,
2623 1821 2778 1888 cujus
2800 1820 2962 1874 etiam
2985 1820 3316 1876 adminiculo
3345 1838 3436 1878 res
3465 1823 3609 1895 apud

1998 1908 2120 1963 illos
2186 1908 2260 1962 ita
2320 1908 2585 1979 perstitit,
2639 1907 2764 1980 quia
2822 1925 2853 1962 a
2908 1908 3148 1964 Geroldo
3195 1910 3418 1978 comite,
3472 1929 3607 1984 ger-

1997 2013 2163 2052 mano
2210 1997 2486 2068 prmdictae
2527 1997 2754 2068 reginae,
2787 1997 2940 2054 locus
2969 1997 3086 2068 ipse
3117 1999 3348 2055 maxime
3395 2001 3607 2056 consti-

2000 2087 2063 2141 tit
2105 2095 2159 2142 et
2210 2086 2534 2159 augebatur.
2585 2086 2768 2141 Nostri
2813 2102 2945 2142 vero
2974 2095 2996 2121 °
3023 2087 3340 2143 Waltonem
3387 2104 3606 2146 concoc-

1999 2175 2276 2239 nobitam,
2337 2175 2512 2231 virum
2569 2175 2904 2246 sapientem,
2977 2175 3080 2230 sibi
3133 2176 3411 2245 abbatem,
3470 2195 3602 2252 rege

1999 2263 2373 2334 permittente,
2430 2264 2840 2319 constituerunt.
2893 2263 3001 2319 Sed
3048 2280 3158 2320 non
3205 2265 3260 2320 in
3305 2264 3468 2322 ﬁnem
3511 2283 3604 2323 res

1997 2353 2071 2408 ita
2099 2352 2418 2424 permansit,
2453 2361 2510 2407 ut
2538 2352 2593 2406 in
2627 2353 2981 2425 sequentibus
3025 2353 3310 2410 manifeste
3356 2355 3606 2413 declara-

2001 2441 2200 2497 bimus.

2075 2531 2124 2586 4.
2158 2531 2285 2586 Post
2315 2529 2523 2585 obitum
2553 2547 2686 2587 vero
2715 2530 2978 2586 Johannis
3004 2531 3245 2603 episcopi
3275 2531 3452 2605 Egino
3481 2533 3603 2607 epi-

2002 2619 2174 2690 sc0pii
2214 2619 2644 2675 Constantiensis
2685 2619 2812 2688 jura
2859 2620 3112 2691 suscepit,
3145 2621 3238 2693 qui
3266 2638 3392 2678 mox
3420 2623 3607 2680 omnia

2000 2707 2319 2762 insidiarum
2350 2724 2556 2780 genera
2587 2708 2730 2764 circa
2759 2709 3145 2764 monasterium
3175 2718 3423 2766 nostrum
3454 2729 3604 2770 exer-

2000 2813 2128 2852 cere
2157 2813 2266 2852 non
2297 2806 2567 2864 metuens,
2603 2797 2759 2853 sicuti
2808 2797 3080 2869 Sydonius
3109 2807 3357 2856 sanctum
3407 2797 3603 2858 Otma-

2000 2902 2141 2956 rum,
2175 2885 2244 2940 ita
2269 2894 2320 2940 et
2350 2885 2452 2940 iste
2483 2886 2799 2942 Waltonem
2837 2887 3094 2958 persequi
3123 2887 3284 2958 caspit
3314 2889 3570 2946 abbatem
3589 2933 3603 2958 ,

2002 2982 2269 3045 quatenus
2312 2974 2508 3029 iterum
2535 2990 2798 3045 perverso
2842 2990 2992 3030 more
3041 2983 3452 3033 antecessorum
3481 2994 3608 3036 suo-

2002 3080 2124 3118 rum
2153 3063 2494 3134 episcopatui
2537 3063 2827 3132 subjiceret
2858 3063 3270 3121 monasterium.
3304 3066 3474 3137 Hujus
3499 3067 3610 3140 igi-

2002 3160 2090 3206 tur
2119 3151 2200 3206 rei
2229 3151 2400 3223 gratia
2439 3151 2788 3222 optimatibus
2836 3153 2985 3225 regis
3030 3153 3236 3223 praedia
3265 3162 3318 3210 et
3344 3155 3608 3227 pecunias

1999 3239 2223 3295 contulit
2253 3238 2521 3306 inﬁnitas,
2555 3239 2785 3311 illosque
2815 3240 2885 3294 ad
2915 3255 3239 3296 consensum
3284 3259 3442 3297 suum
3470 3261 3602 3316 pro-

1999 3343 2231 3394 vocans,
2283 3327 2740 3398 muneribusque,
2773 3336 2828 3382 ut
2858 3327 3116 3399 scriptum
3145 3337 3254 3398 est,
3299 3330 3466 3386 etiam
3513 3349 3606 3388 sa-

1999 3417 2243 3488 pientum
2298 3417 2516 3472 obtutus
2572 3432 2889 3484 excaecans,
2941 3417 3088 3488 quod
3129 3417 3378 3490 nequiter
3405 3421 3602 3492 cmpit,

2000 3505 2218 3560 illorum
2267 3505 2597 3561 adminiculo
2651 3505 2888 3576 pessime
2936 3507 3252 3578 complevit;
3303 3506 3607 3583 iterumque

2003 3593 2393 3650 monasterium
2414 3611 2526 3650 non
2543 3594 2686 3665 aequi
2707 3594 3085 3652 observatione
3109 3597 3387 3670 episcopio
3411 3599 3606 3670 subjici

2003 3682 2146 3740 fecit.
2188 3683 2414 3739 Carolus
2449 3699 2579 3739 vero
2609 3699 2838 3738 serenus
2865 3693 3160 3757 augustas,
3191 3703 3318 3742 cum
3345 3687 3608 3746 voluisset

2003 3772 2320 3844 praedictum
2349 3773 2598 3828 abbatem
2626 3789 2750 3829 cum
2780 3773 3038 3845 episcopo
3078 3773 3389 3846 pacificare,
3425 3793 3492 3834 eo
3519 3778 3606 3834 vi-

2007 3861 2202 3917 delicet
2220 3869 2397 3932 pacto,
2430 3869 2486 3916 ut
2511 3861 2754 3932 episcopi
2783 3871 3059 3933 praecepto
3089 3863 3370 3934 obediens,
3393 3866 3607 3922 abbatis

2005 3950 2184 4006 locum
2215 3951 2270 4004 in
2298 3951 2629 4006 monasterio
2675 3959 2896 4024 ageret;
2942 3950 3196 4023 praefatus
3225 3953 3447 4022 Waldo,
3493 3971 3603 4012 non

2007 4039 2194 4096 valens
2223 4038 2424 4094 diutius
2462 4055 2706 4110 praesens
2751 4039 2951 4096 intueri
2997 4048 3204 4096 tantam
3251 4042 3606 4113 dejectionem

2011 4144 2255 4195 suorum,
2287 4129 2395 4184 tale
2438 4127 2612 4184 fertur
2639 4129 2761 4200 regi
2801 4129 3020 4186 dedisse
3068 4146 3392 4201 responsum
3422 4148 3436 4188 :
3469 4133 3609 4190 Cum

2009 4219 2182 4282 enim,
2217 4215 2408 4288 inquit,
2441 4219 2615 4272 semel
2643 4234 2852 4272 manus
2881 4221 3080 4273 vestrae
3099 4218 3504 4277 dominationis
3522 4223 3609 4278 in-

2007 4320 2252 4375 gressus,
2287 4307 2466 4358 tanta:
2502 4304 2863 4359 celsitudinis
2905 4306 3091 4360 merui
3136 4305 3382 4361 dominio
3423 4309 3602 4364 subli-

2009 4393 2176 4457 mari,
2212 4407 2562 4463 nequaquam
2589 4392 2836 4464 posthtec
2865 4392 3000 4448 dum
3032 4393 3232 4448 horum
3260 4394 3436 4448 trium
3461 4393 3605 4467 digi-

2006 4483 2194 4537 torum
2216 4481 2458 4551 vigorem
2480 4480 2770 4551 integrum
2799 4484 2981 4547 teneo,
3003 4511 3072 4520 —
3092 4497 3216 4535 nam
3241 4480 3468 4552 scriptor
3486 4491 3604 4540 erat

1997 4569 2247 4634 eximius,
2270 4598 2339 4608 —
2361 4569 2575 4624 vilioris
2604 4585 2856 4641 personae
2885 4571 3145 4625 manibus
3162 4585 3248 4625 me
3269 4570 3496 4627 subdere
3516 4572 3604 4629 de.

1999 4660 2167 4714 crevi.
2202 4658 2384 4729 Itaque
2414 4672 2539 4712 cum
2569 4673 2841 4713 consensu
2871 4657 3042 4728 ipsius
3069 4657 3410 4730 imperatoris
3434 4659 3497 4714 ad
3526 4661 3602 4717 vi-

2001 4747 2182 4803 cinum
2213 4746 2623 4812 monasterium,
2657 4747 2802 4817 quod
2835 4750 2985 4802 Auva
3029 4747 3356 4813 nominatur,
3400 4746 3597 4807 ibidem

2001 4838 2226 4902 episcopo
2249 4841 2444 4900 pactum
2471 4837 2565 4887 hoc
2589 4837 2763 4888 initum
2790 4837 2897 4888 fuit.

2069 4984 2088 5009 ε
2112 4975 2275 5026 Hicin
2299 4975 2483 5028 codicis
2524 4976 2676 5026 nostri
2715 4975 2934 5038 margine
2978 4988 3122 5026 manu
3157 4975 3322 5026 saeculi
3366 4989 3453 5026 xm
3496 4977 3594 5030 haec

2003 5059 2248 5111 adduntur
2274 5074 2287 5110 :
2319 5062 2589 5122 Ruperlum
2613 5060 2714 5110 sibi
2739 5061 3097 5110 constituerunt
3116 5059 3354 5121 abbatem,
3383 5074 3476 5122 quo
3496 5066 3598 5122 post

2004 5157 2154 5195 unum
2183 5159 2361 5196 annum
2403 5146 2630 5207 defuncto
2658 5144 2944 5205 Waltonem,
2973 5147 3068 5194 etc.
3106 5145 3374 5208 Rupertum
3412 5156 3594 5210 quoque

2005 5230 2312 5280 Hermannus
2335 5230 2649 5291 Contractus,
2688 5232 2738 5279 et
2779 5231 2880 5280 tres
2924 5229 3153 5279 abbatum
3179 5229 3386 5292 catalogi
3411 5231 3593 5284 saeuis

2004 5326 2189 5376 xi,xii,
2214 5327 2303 5363 xm
2343 5314 2606 5378 conscripti
2647 5313 2902 5364 abbatibus
2943 5315 2995 5363 S.
3037 5313 3164 5364 Galli
3202 5318 3593 5378 annumerant,a

2006 5397 2178 5460 quibus
2202 5410 2230 5448 e
2253 5402 2421 5448 contra
2445 5399 2844 5449 Constantienses
2867 5397 3120 5462 episcopos
3137 5397 3394 5463 Joannem,
3421 5398 3594 5462 Egim-

2006 5493 2142 5546 nem,
2171 5486 2220 5534 et
2243 5482 2562 5534 Wolileozum
2585 5481 2865 5534 excludunt.
