4060 6184
481 227 506 278 1
517 225 618 279 063

1479 222 1888 280 RATPERTUS
1946 222 2472 279 SANGALLENSIS
2516 225 2761 280 ABBAS.

3660 224 3792 281 106‘

480 356 929 415 commoraturus,
974 348 1209 407 devenit.
1258 347 1362 404 Ubi
1413 356 1602 420 postea
1660 348 1830 403 abbas
1880 348 2157 410 electusA
2188 349 2425 404 nasterio
2453 358 2615 420 atque
2644 363 2832 404 secum
2859 355 3070 403 cartam
3107 355 3378 418 portante,
3413 348 3674 420 episcopo
3704 366 3792 405 res

481 447 643 512 atque
700 439 1017 504 ordinatus,
1069 438 1137 492 ad
1184 437 1430 491 ultimum
1477 437 1868 492 monasterium
1917 437 2092 493 sancti

477 528 724 599 Dionysii
754 536 778 562 ³
807 527 1044 597 suscepit
1076 526 1403 598 regendum.

552 621 603 672 5.
636 619 786 672 Tunc
817 616 1107 686 praedictus
1150 614 1441 686 episcopus
1491 630 1781 669 assumens
1816 615 2090 685 quendam

478 706 858 778 presbyterum
881 703 1153 759 forensem
1173 725 1222 768 b,
1252 704 1472 759 nomine
1505 704 1863 768 W'erdonem,
1899 702 2093 757 obtulit

482 811 605 850 eum
647 794 715 847 ad
751 801 995 847 nostrum
1053 793 1465 855 monasterium,
1520 800 1576 845 ut
1627 792 1879 846 abbatem
1938 791 2091 844 illum

481 881 884 947 constituisset;
936 897 1024 943 ne,
1068 881 1115 935 si
1152 881 1221 935 de
1268 880 1551 935 monachis
1597 880 1803 935 eisdem
1854 879 2093 949 aliquem

482 970 809 1035 ordinasset,
842 984 928 1024 res
957 969 1026 1024 ab
1056 984 1121 1024 eo
1153 969 1500 1040 aliquatenus
1549 969 1746 1023 cedere
1791 967 2088 1022 videretur.

483 1058 657 1129 Quem
701 1048 881 1113 tamen
924 1057 1173 1112 monachi
1204 1057 1260 1111 in
1290 1057 1383 1112 tali
1426 1057 1611 1111 habitu
1651 1062 2092 1111 commanentem

480 1147 705 1203 minime
746 1153 1098 1217 susceperunt
1147 1146 1418 1200 abbatem.
1463 1144 1623 1212 Quod
1661 1160 1781 1199 cum
1831 1144 2094 1199 sensisset

481 1235 629 1291 idem
657 1235 889 1304 Werdo,
921 1251 1043 1290 cum
1087 1233 1510 1289 conversatione
1556 1232 1797 1286 habitum
1846 1231 2089 1298 mutavit,

482 1333 537 1380 et
567 1331 690 1379 tunc
718 1324 934 1379 demum
980 1322 1317 1378 monachicis
1350 1321 1569 1375 indutus
1599 1320 1934 1375 vestimentis
1975 1336 2095 1374 sus-

482 1420 695 1484 ceptus,
727 1419 910 1484 atque,
957 1419 1013 1464 ut
1060 1410 1373 1465 decreverat
1427 1409 1741 1479 episcOpus,
1793 1408 1964 1463 abbas
2011 1415 2095 1463 est

482 1501 783 1557 ordinatus.
815 1500 967 1553 Tunc
996 1514 1148 1562 vero,
1183 1497 1417 1569 quodam
1446 1513 1722 1568 perversae
1766 1496 1893 1551 fidei
1937 1505 2092 1567 pacto

480 1590 625 1644 inter
657 1588 972 1658 episcopum
1003 1594 1055 1640 et
1083 1586 1333 1640 abbatem
1365 1593 1556 1640 contra
1586 1586 1975 1640 monachorum
2004 1600 2096 1639 ne-

485 1675 769 1732 cessitates
788 1674 1000 1740 effecto,
1024 1690 1114 1728 res
1137 1682 1336 1729 nostra:
1362 1673 1537 1744 magis
1557 1689 1622 1728 ac
1644 1673 1823 1745 magis
1853 1674 1907 1727 in
1937 1673 2091 1727 deso-
2109 1704 2162 1763 B

485 1763 744 1819 lationem
773 1779 1004 1835 vergere
1033 1770 1333 1833 coeperunt,
1368 1778 1489 1817 cum
1521 1762 1575 1815 hi
1606 1762 1699 1833 qui
1731 1770 1934 1817 tutores
1965 1777 2087 1817 esse

485 1852 802 1920 debuerant,
840 1850 1174 1915 aﬂlixissent,
1198 1860 1251 1905 et
1270 1850 1452 1905 nullus
1488 1858 1635 1904 esset
1658 1866 1723 1904 ex
1746 1850 1967 1916 nostris,
1998 1848 2092 1921 qui

487 1956 584 1997 eos
631 1939 922 2011 prohibere
969 1939 1255 2010 potuisset.
1305 1938 1626 1993 Habuerunt
1680 1946 1862 1994 autem
1911 1939 2091 1995 adhuc

480 2029 674 2084 fratres
736 2027 1049 2083 monasterii
1106 2027 1279 2082 nostri
1346 2026 1717 2082 ﬁrmissimum
1784 2027 2090 2082 emunitatis

479 2124 836 2189 praeceptum,
870 2117 1011 2188 quod
1044 2117 1217 2173 beata:
1246 2116 1520 2171 memoriae
1569 2117 1801 2170 domnus
1832 2116 2090 2186 Pippinus

483 2222 581 2262 rex
610 2205 717 2260 illis
748 2205 915 2261 scribi
953 2206 1210 2274 jusserat,
1244 2205 1571 2276 propriaque
1614 2221 1776 2259 manu
1820 2203 2091 2259 ﬁrmatum

482 2294 911 2359 contradiderat,
942 2292 997 2347 in
1036 2309 1144 2365 quo
1194 2293 1357 2348 etiam
1406 2293 1633 2347 multum
1676 2292 1869 2348 conﬁsi
1914 2301 2039 2347 sunt
2073 2311 2086 2346 :

483 2383 632 2455 quod
661 2383 821 2437 etiam
865 2381 1008 2437 idem
1052 2382 1343 2452 episcopus
1386 2382 1624 2436 maximo
1667 2382 1847 2436 studio
1892 2382 2091 2452 saepius

482 2469 870 2541 investigahat,
897 2470 994 2525 sed
1018 2469 1265 2525 invenire
1286 2485 1392 2525 non
1412 2478 1637 2540 poterat.
1662 2471 1843 2539 Ipsum
1872 2486 2091 2540 quoque

482 2567 833 2631 praeceptum,
866 2559 1013 2630 quod
1059 2558 1312 2628 superius
1339 2575 1371 2612 a
1400 2559 1599 2613 Carolo
1630 2558 1964 2628 imperatore
1989 2558 2090 2612 sub

482 2648 730 2703 Johanne
770 2646 1030 2718 episcOpo
1076 2646 1279 2701 factum
1325 2646 1778 2713 monstravimus,
1828 2647 2007 2701 adhuc
2035 2645 2089 2700 in

484 2735 812 2792 Constantia:
841 2735 1056 2791 scriniis
1103 2735 1403 2801 detentum,
1436 2752 1467 2789 a
1494 2736 1778 2791 monachis
1809 2751 1917 2789 non
1946 2734 2089 2790 reci-

481 2825 752 2896 piebatur,
788 2840 853 2880 eo
886 2824 1052 2895 quod,
1084 2831 1142 2878 ut
1171 2824 1426 2894 superius
1455 2824 1709 2889 diximus,
1742 2824 2089 2893 depravatum

485 2921 648 2984 atque
679 2921 867 2968 contra
896 2913 1239 2983 imperatoris
1267 2921 1596 2982 praeceptum
1637 2912 1965 2983 illorumque
1995 2928 2090 2966 ne-

485 3000 801 3057 cessitatem
830 3000 1021 3055 fuisset
1050 3000 1440 3070 conscriptum.
1475 3000 1712 3072 Contigit
1739 3008 1918 3054 autem
1946 3008 2087 3054 tem-

484 3104 619 3160 pore
682 3088 921 3160 quodam
950 3056 1323 3142 Wolfhariuin
1380 3056 1688 3144 Reminsein
1730 3088 2048 3159 episcOpum
2072 3131 2084 3155 ,
2120 3056 2168 3118 Ο

486 3177 761 3249 legatione
791 3193 823 3232 a
851 3177 1053 3231 domno
1098 3176 1292 3231 Carolo
1340 3177 1444 3231 sibi
1487 3177 1745 3245 injuncta,
1771 3176 2004 3245 justitias
2034 3176 2089 3231 in

484 3266 680 3322 Bhetia
700 3265 962 3321 Curiense
983 3264 1263 3321 faciendas
1280 3273 1321 3333 ε,
1344 3266 1411 3320 ad
1433 3265 1609 3337 ipsum
1630 3281 1833 3336 pagum
1852 3267 2085 3334 venisse,

485 3355 722 3427 indeque
769 3370 1054 3410 reversum
1097 3354 1165 3408 ad
1198 3363 1441 3409 nostrum
1490 3354 1881 3408 monasterium
1926 3354 2091 3410 deve-

486 3444 655 3511 nisse,
687 3442 893 3515 ibique,
925 3452 1085 3513 prout
1121 3444 1230 3498 illis
1274 3442 1503 3498 facultas
1533 3451 1670 3510 erat,
1704 3443 1939 3515 benigne
1970 3459 2091 3497 sus-

487 3540 697 3603 ceptus,
727 3531 923 3588 devoto
950 3531 1173 3587 servitio
1203 3539 1534 3586 sustentatus
1566 3539 1668 3586 est.

558 3620 734 3690 Quem
793 3636 917 3676 cum
974 3636 1085 3675 non
1133 3620 1327 3675 lateret
1383 3620 1655 3675 calumnia
1713 3628 1765 3674 et
1807 3619 2086 3690 injustitia,

488 3725 623 3783 quas
653 3708 799 3780 passi
829 3717 949 3763 sunt
979 3708 1173 3764 incola)
1202 3708 1520 3763 monasterii
1551 3708 1741 3767 nostri.
1774 3709 2091 3778 praedictum

490 3797 795 3854 emunitatis
824 3805 1155 3868 prazceptum
1204 3797 1307 3851 sibi
1352 3798 1645 3853 ostendere
1677 3797 1909 3868 rogavit,
1944 3797 2091 3868 quod

489 3902 614 3943 cum
643 3885 867 3941 vidisset
896 3901 961 3941 ac
988 3885 1332 3958 perlegisset,
1364 3886 1604 3940 hortatus
1647 3894 1729 3940 est
1758 3901 1873 3951 eos,
1907 3893 1963 3939 ut
1992 3901 2092 3955 per

489 3975 723 4047 aliquem
778 3972 944 4028 fidum
999 3973 1273 4029 hominem
1323 3973 1591 4029 firmitatis
1637 3983 1843 4029 cartam
1888 3975 2090 4029 domno

490 4062 803 4132 imperatori
848 4061 1166 4132 dirigerent,
1201 4078 1260 4115 se
1289 4077 1420 4117 vero
1451 4079 1539 4116 res
1568 4079 1750 4117 eorum
1781 4070 1938 4118 notas
1984 4063 2090 4116 im-

491 4148 731 4220 peratori
762 4147 1053 4219 facturum,
1087 4157 1248 4221 atque
1287 4150 1542 4204 auxilium
1588 4150 1693 4205 illis
1739 4151 2091 4221 praebiturum

491 4236 755 4310 promisit.
790 4238 954 4307 Cujus
996 4238 1227 4311 consilio
1276 4238 1698 4305 consentientes,
1731 4240 1945 4295 cuidam
1988 4256 2088 4295 va-

492 4326 628 4382 sallo
654 4325 1023 4398 imperatoris,
1056 4327 1275 4383 nomine
1304 4327 1699 4399 Engilrammo,
1724 4329 1778 4383 in
1808 4329 1962 4398 cujus
1982 4327 2089 4385 fide

2190 437 2453 503 innotuit,
2505 437 2596 509 qui
2643 436 2888 507 protinus
2934 435 3153 492 directis
3199 436 3277 491 illi
3324 436 3643 492 muneribus
3686 454 3790 493 non

2189 527 2391 597 parvis,
2432 524 2720 596 praefatum
2758 533 2982 590 cartam,
3016 524 3156 580 sicut
3197 524 3291 579 diu
3319 525 3544 596 cupivit,
3592 526 3791 597 accepit

2191 623 2353 686 atque
2383 614 2439 668 in
2472 630 2624 669 suam
2672 621 2995 684 potestatem
3038 613 3271 686 redegit.
3322 613 3516 670 Statim
3546 630 3675 669 vero
3702 630 3790 670 cu-

2190 703 2347 773 piens
2378 703 2595 773 penitus
2627 719 2846 758 omnem
2873 718 3027 773 spem
3057 702 3360 757 securitatis
3387 702 3594 757 nostris
3620 702 3793 757 aufer-

2191 807 2272 857 re,
2307 792 2376 845 ad
2406 791 2582 861 ipsum
2628 791 3018 846 monasterium
3066 790 3231 854 venit,
3272 799 3435 862 atque
3483 790 3790 846 cautissima

2191 878 2608 949 investigatione
2637 878 2953 950 perquisivit
2974 878 3021 933 si
3048 878 3246 933 alicubi
3276 877 3499 950 aliquod
3529 879 3791 950 exemplar

2191 967 2361 1037 ipsius
2393 975 2559 1023 certa:
2587 967 2817 1022 inveniri
2848 966 3175 1037 potuisset‘.
3209 966 3368 1035 Quod
3415 984 3544 1022 cum
3586 983 3790 1039 nequa-

2193 1071 2354 1127 quam
2385 1055 2702 1121 invenisset,
2736 1055 2865 1126 quia
2894 1055 3116 1110 omnino
3146 1071 3257 1110 non
3282 1063 3420 1125 erat,
3451 1056 3692 1110 delatum
3719 1064 3794 1111 est

2193 1143 2263 1208 ei,
2312 1144 2459 1215 quod
2508 1143 2857 1216 Amalgarius
2886 1152 2915 1186 ε
2944 1143 3247 1200 monachus
3277 1150 3331 1198 et
3366 1143 3637 1199 diaconus
3679 1159 3792 1199 eam

2193 1231 2489 1303 exemplari
2519 1232 2735 1286 tradere
2763 1231 3042 1287 voluisset.
3075 1232 3240 1300 Cujus
3280 1230 3409 1287 facti
3437 1231 3569 1287 licet
3597 1231 3688 1286 ille
3718 1247 3796 1287 se-

2193 1336 2358 1375 curus
2389 1327 2553 1387 esset,
2601 1327 2780 1374 tamen
2828 1335 3169 1391 nequaquam
3199 1319 3269 1374 de
3297 1320 3404 1374 hoc
3451 1319 3618 1375 aliter
3661 1320 3794 1390 apud

2193 1408 2509 1478 episcopum
2540 1424 2600 1463 se
2628 1408 2802 1478 potuit
2847 1423 3132 1478 excusare,
3166 1408 3271 1463 nisi
3300 1407 3359 1461 in
3386 1408 3583 1463 altario
3631 1407 3797 1463 sancti

2193 1495 2333 1551 Galli
2361 1512 2483 1551 cum
2508 1497 2813 1565 juramento
2843 1495 3102 1561 ﬁrmaret,
3126 1512 3230 1552 nec
3259 1512 3319 1552 se
3349 1512 3468 1551 eam
3496 1496 3613 1551 ullo
3643 1495 3798 1551 modo

2191 1585 2394 1639 habere
2424 1585 2703 1655 scriptam,
2737 1601 2839 1640 nec
2869 1584 2923 1638 in
2953 1584 3135 1656 aliquo
3163 1584 3285 1640 loco
3316 1585 3461 1641 scire
3506 1600 3638 1640 esse
3679 1601 3803 1641 con-

2192 1673 2469 1744 scriptam.
2528 1674 2678 1729 Tunc
2728 1673 2948 1728 demum
3005 1673 3328 1744 episcopus,
3397 1689 3636 1730 securus
3698 1688 3801 1729 sua

2190 1760 2484 1817 voluntatis
2534 1760 2779 1831 effectus,
2822 1761 2983 1817 rediit
3029 1761 3084 1815 in
3128 1778 3253 1827 sua,
3303 1769 3470 1833 atque
3517 1761 3800 1817 monachis

2190 1850 2409 1917 nostris,
2441 1848 2533 1921 qui
2563 1866 2749 1905 secum
2780 1850 2924 1904 soliti
2963 1857 3117 1904 erant
3163 1850 3509 1916 commorari,
3545 1850 3707 1921 quasi
3737 1849 3799 1905 ob

2190 1939 2349 1993 aliam
2379 1954 2604 1994 causam
2635 1954 2667 1993 a
2698 1955 2757 1993 se
2786 1938 2934 1994 foras
2964 1938 3322 2006 transmissis,
3356 1955 3491 2010 sepe
3532 1954 3800 1994 memora-

2191 2035 2303 2082 tam
2335 2036 2537 2082 cartam
2568 2027 2788 2100 ignibus
2825 2027 3043 2082 tradidit
3081 2036 3240 2099 atque
3270 2027 3326 2082 in
3356 2027 3612 2084 favillam
3658 2028 3802 2084 rede-

2191 2115 2289 2188 git,
2323 2124 2379 2170 ut
2405 2123 2595 2187 postea
2625 2131 2715 2171 res
2744 2116 2903 2170 nobis
2933 2115 3183 2171 innotuit.

2261 2204 2620 2275 Temporibus
2671 2219 2796 2259 vero
2842 2204 3149 2270 transactis,
3182 2204 3360 2277 Egino
3404 2205 3709 2277 episcopus
3735 2204 3797 2260 ﬁ-

2190 2308 2314 2347 nem
2346 2293 2468 2347 vitae
2497 2294 2766 2363 presentis
2795 2293 3007 2363 accepit
3031 2308 3175 2348 anno
3195 2293 3266 2348 ab
3288 2294 3668 2350 incarnatione
3697 2295 3797 2350 Do-

2191 2380 2324 2436 mini
2372 2385 2495 2450 8t3,
2525 2398 2667 2436 anno
2708 2390 2888 2437 autem
2935 2382 3151 2452 imparii
3178 2382 3204 2416 h
3235 2381 3414 2437 Caroli
3461 2382 3797 2438 serenissimi

2190 2468 2406 2539 augusti
2438 2470 2521 2523 46.
2556 2470 2685 2524 Post
2711 2470 2863 2538 cujus
2891 2470 3098 2525 obitum
3128 2470 3503 2540 episcopatum
3537 2471 3798 2527 Constan-

2192 2558 2381 2613 tiensis
2424 2558 2688 2613 Ecclesiae
2731 2558 2960 2629 adeptus
3007 2567 3091 2614 est
3138 2559 3428 2628 Wolﬂeoz,
3479 2559 3797 2616 monasterii

2192 2646 2366 2702 sancti
2398 2646 2541 2700 Galli
2568 2646 2919 2702 cmnobiotav

2265 2737 2316 2787 6.
2354 2734 2635 2789 Werdone
2683 2751 2816 2789 vero
2863 2734 3055 2790 abbate
3102 2743 3289 2806 postea
3335 2736 3505 2791 vitam
3557 2735 3791 2803 finiente,

2193 2822 2507 2888 Cozbertus,
2541 2823 2786 2891 ejusdem
2818 2824 3262 2896 congregationis
3291 2826 3621 2893 monachus,
3648 2824 3801 2880 afra-

2191 2910 2367 2965 tribus
2417 2919 2499 2965 est
2542 2911 2682 2965 abba
2728 2911 2964 2981 electus,
3013 2920 3065 2967 et
3110 2912 3417 2977 ordinatus,
3468 2914 3555 2969 vir
3604 2921 3798 2968 statura

2191 3014 2481 3069 procerus,
2544 2999 2809 3070 sapientia
2875 3016 3092 3072 quoque
3146 3017 3470 3085 morumque
3536 3001 3796 3073 dignitate

2190 3087 2520 3157 przecipuus,
2553 3103 2697 3142 anno
2726 3088 2793 3142 ab
2822 3088 3198 3144 incarnatione
3248 3089 3465 3145 Domini
3494 3094 3625 3157 816,
3655 3106 3795 3145 anno

2191 3183 2373 3230 autem
2414 3174 2630 3245 imperii
2678 3176 2979 3232 Hludowici
3026 3177 3396 3248 imperatoris,
3448 3177 3547 3233 lilii
3590 3177 3800 3249 praefati

2192 3263 2374 3318 Caroli
2419 3264 2655 3336 augusti,
2689 3265 2845 3319 tertio
2873 3263 2905 3318 ί.
2940 3265 3074 3320 Cum
3107 3266 3269 3336 igitur
3295 3266 3549 3321 Woﬂeoz
3580 3267 3800 3338 episco—

2190 3368 2294 3422 pus
2323 3367 2478 3407 more
2507 3361 2912 3407 antecessorum
2945 3370 3163 3409 suorum
3195 3354 3353 3409 etiam
3384 3370 3584 3409 causas
3611 3371 3797 3410 mona-

2192 3440 2341 3495 sterii
2401 3457 2513 3496 sum
2569 3441 2857 3511 subjiceret
2913 3442 3135 3507 ditioni,
3195 3443 3386 3499 incolae
3441 3444 3793 3510 monasterii,

2192 3529 2349 3600 quasi
2378 3529 2434 3583 in
2461 3530 2685 3600 pr0prio
2731 3529 2902 3586 fratre
2940 3539 2993 3586 et
3022 3547 3309 3600 converso,
3364 3532 3796 3588 consolationem

2190 3618 2247 3672 in
2278 3634 2344 3673 eo
2375 3635 2433 3673 se
2464 3618 2669 3674 habere
2696 3634 2860 3689 posse
2889 3618 3082 3675 conﬁsi
3110 3629 3263 3687 sunt;
3295 3620 3387 3676 ille
3414 3638 3546 3676 vero
3574 3638 3683 3676 non
3714 3638 3799 3676 so-

2190 3706 2303 3762 lum
2330 3706 2509 3761 mitior
2538 3707 2749 3763 caeteris
2778 3723 2886 3763 non
2924 3708 3181 3775 existens,
3213 3709 3389 3781 aliqua
3421 3709 3478 3763 in
3505 3718 3663 3780 parte
3690 3710 3798 3766 illis

2192 3796 2261 3851 de
2283 3795 2479 3867 quibus
2508 3796 2655 3851 venit
2681 3796 2944 3867 pepercit,
2981 3798 3076 3852 sed
3110 3797 3292 3863 etiam,
3323 3798 3381 3852 in
3408 3807 3675 3870 quantum
3697 3814 3796 3870 po-

2192 3884 2309 3949 tuit,
2342 3901 2496 3939 more
2525 3884 2853 3940 Hieroboam
2883 3886 3110 3959 digitum
3142 3903 3296 3941 suum
3325 3886 3493 3942 dorso
3538 3896 3794 3943 anteces-

2193 3988 2377 4028 sorum
2405 3989 2629 4028 suorum
2660 3990 2795 4046 erga
2825 3974 2929 4028 sibi
2957 3974 3228 4043 subjectos
3268 3976 3610 4047 grossiorem
3638 3976 3795 4031 exhi-

2191 4061 2321 4117 bere
2351 4062 2604 4128 tentavit,
2655 4049 3063 4135 monachosque
3093 4064 3162 4119 de
3193 4064 3390 4136 quibus
3436 4064 3623 4130 exivit,
3665 4080 3792 4120 ces-

2190 4158 2342 4206 sante
2372 4150 2610 4221 priorum
2649 4151 2916 4222 exemplo,
2951 4150 3193 4225 afﬂigere
3240 4169 3349 4208 non
3397 4153 3624 4209 destitit.
3660 4152 3796 4222 Qua

2190 4240 2393 4306 omnia,
2427 4248 2623 4311 quanta
2653 4247 2705 4295 et
2738 4240 2919 4312 qualia
2947 4240 3160 4307 fuerint,
3194 4257 3305 4296 non
3330 4241 3489 4298 decet
3519 4242 3795 4298 memoria:

2191 4329 2438 4394 tradere;
2469 4336 2653 4383 tamen
2690 4328 3002 4384 necessaria
3030 4329 3156 4386 huic
3184 4330 3352 4386 textui
3397 4331 3790 4395 subnectimus,

493 4414 717 4470 multum
765 4415 1194 4486 praesumebant,
1247 4416 1419 4486 ipsam
1465 4426 1671 4473 cartam
1716 4417 1882 4472 immo
1930 4417 2159 4477 totiusD
2190 4417 2288 4472 sed
2333 4425 2385 4473 et
2427 4417 2775 4488 paucissima.
2827 4418 2977 4473 Idem
3024 4434 3261 4490 namque
3308 4418 3622 4491 episcopus,
3668 4435 3794 4475 cum

496 4502 797 4560 securitatis
826 4503 853 4538 ἀ
892 4521 1047 4575 spem
1088 4505 1628 4560 commendaverunt.
1678 4505 1780 4575 Qui
1828 4507 1992 4562 etiam
2035 4507 2089 4561 in

495 4592 678 4648 altario
736 4593 908 4648 sancti
964 4593 1108 4648 Galli
1158 4594 1361 4662 juravit
1410 4612 1468 4649 se
1510 4595 1683 4666 ipsam
1730 4604 1927 4652 cartam
1970 4597 2091 4666 regi

492 4679 850 4753 perlaturum,
897 4688 1057 4753 atque
1096 4681 1228 4752 ipsis
1271 4684 1549 4739 monachis
1606 4684 1914 4740 cautissime
1967 4699 2089 4738 esse

497 4769 865 4836 redditurum;
907 4770 1081 4841 quod,
1128 4770 1391 4825 suadente
1433 4771 1683 4840 diabolo,
1730 4773 1883 4828 aliter
1929 4788 2088 4845 quam

496 4857 831 4930 promisisset
858 4867 881 4893 θ
907 4856 1101 4915 eﬂ'ecit.
1135 4859 1383 4930 Denique
1431 4861 1746 4917 discedente
1773 4878 1839 4918 eo
1868 4861 1936 4916 de
1965 4876 2088 4917 mo-

562 5026 587 5053 ι
607 5011 809 5063 Parisiis
828 5024 957 5063 anno
982 5011 1100 5062 796.
1125 5012 1381 5064 Mabillon.
1408 5012 1587 5065 Annal.

508 5105 511 5107 '
555 5104 583 5141 ιι
607 5095 662 5146 ld
687 5100 762 5146 est
782 5097 1092 5147 sacerdotem
1115 5097 1415 5148 saecularem.

555 5188 577 5217 ε
601 5180 740 5231 Hunc
762 5181 1088 5232 Wolfharium
1126 5182 1215 5231 sub
1256 5182 1427 5232 Carolo
1464 5184 1533 5232 M.
1561 5182 1761 5234 missum
1795 5182 2089 5234 dominicum

501 5246 647 5309 cgisse
672 5250 880 5299 testatur
902 5248 1075 5299 Marlot
1097 5248 1146 5297 in
1171 5248 1298 5298 Hist.
1325 5249 1605 5300 Rhemensi.

558 5338 584 5376 ἀ
607 5338 660 5388 Id
686 5342 782 5404 est,
804 5338 884 5401 jus
906 5340 1076 5390 liberae
1101 5339 1349 5390 electionis
1373 5340 1620 5392 abbatum.

492 5422 1088 5552 μῖτξὲὧξτωίοηίδωυω
1112 5424 1308 5490 ponitur
1330 5425 1862 5491 Plusqualnpertectutn
1884 5440 1971 5492 pro
1990 5427 2091 5479 Im-

2193 4521 2384 4561 omues
2442 4506 2756 4561 monasterii
2803 4522 2997 4562 causas
3045 4506 3177 4575 sibi,
3236 4508 3550 4579 ubicunque
3599 4507 3792 4569 vellet.

2191 4593 2389 4649 adferri
2416 4594 2687 4663 jussisset,
2721 4593 3072 4650 nihilominus
3099 4596 3166 4650 ad
3196 4596 3381 4650 libitus
3418 4612 3549 4651 suos
3598 4595 3798 4666 sepius

2191 4682 2335 4738 idem
2366 4682 2754 4738 monasterium
2782 4682 3045 4751 invisens,
3076 4700 3267 4740 omnes
3294 4684 3496 4740 ibidem
3546 4685 3796 4741 ministe-

2189 4770 2391 4826 riorum
2433 4771 2853 4829 consuetudines
2878 4772 2947 4826 ad
2977 4789 3104 4827 suas
3132 4773 3435 4829 detorserat
3467 4773 3796 4844 voluptates.

2190 4859 2436 4932 Denique
2498 4859 2721 4915 cellario
2777 4860 3096 4934 cunctisque
3152 4861 3417 4917 similibus
3471 4860 3794 4917 monasterii

2257 5025 2271 5059 ¹
2295 5026 2426 5077 Idem
2450 5026 2811 5078 Teutonismus.

2259 5119 2282 5153 σ
2302 5110 2614 5173 Amalgerum
2633 5111 2785 5162 oﬂlcia
2809 5111 3030 5175 portarit,
3054 5111 3315 5173 cellerarii,
3337 5112 3585 5176 pmpositi
3609 5111 3792 5163 abiisse

2189 5178 2372 5228 charta:
2414 5177 2726 5228 traditionum
2766 5182 3026 5230 testantur.
3069 5180 3194 5229 Eum
3234 5184 3351 5229 ante
3387 5179 3542 5231 altare
3583 5192 3791 5230 aureum

2188 5244 2367 5361 ἷωὲὲέ
2410 5256 2554 5295 orare
2609 5247 2936 5309 consuevisse,
2991 5245 3162 5297 scribit
3205 5246 3522 5298 Ermenricus
3567 5245 3617 5296 in
3664 5246 3785 5297 Cod.

2257 5394 2281 5428 ιι
2306 5394 2474 5446 Melius
2506 5396 2646 5460 regni
2670 5396 2912 5448 Francici.

2262 5475 2274 5511 ¹
2299 5480 2396 5530 Seu
2419 5483 2610 5560 quarto.
