4060 6184
184 258 328 312 1066

1268 250 1364 309 DE
1392 252 1678 311 CASIBUS
1706 249 2139 310 MONASTERII
2171 256 2228 311 S.
2261 254 2488 312 GALLI.

3352 258 3490 314 1066

185 379 431 436 oﬁicinis
459 378 686 436 laicales
712 377 958 449 praefecit
1009 392 1290 449 personas,
1344 377 1446 433 sibi
1495 376 1798 433 forinsecus
1823 374 1883 436 A
1901 376 2051 432 noris
2080 394 2249 435 causa
2276 378 2703 435 deosculandum
2732 379 3081 437 contradidit.
3105 380 3313 438 Deinde
3340 391 3497 440 carta

187 468 517 523 ministrare
546 467 773 533 solitas;
804 466 1092 537 nullusque
1120 482 1308 521 eorum
1337 465 1430 537 qui
1459 465 1529 520 ad
1558 466 1676 520 haec
1702 481 1800 521 ea-

190 558 322 613 dem
354 555 659 611 ministeria
688 554 964 611 constituti
1006 554 1216 609 fuerant
1261 554 1671 622 monachorum,
1717 552 1803 608 vel

190 645 402 701 intrare
432 652 525 699 aut
554 644 624 699 de
650 642 736 697 his
765 642 1104 714 aliquatenus
1131 642 1320 698 habuit
1347 650 1667 713 potestatem
1694 649 1804 696 tra-

194 743 355 792 ctare
379 734 473 790 vel
502 733 704 788 habere
725 741 770 787 ι.
828 730 1007 801 Quare
1056 732 1303 805 contigit,
1354 747 1465 788 non
1494 732 1671 788 solum
1698 730 1805 785 alia

195 822 546 890 necessaria,
579 821 689 889 sed,
717 819 881 876 etiam
926 820 1151 886 victum,
1201 836 1512 891 supremum
1554 819 1806 876 videlicet

197 910 458 982 corporis
484 907 930 974 sustentaculum,
964 908 1184 964 omnino
1215 908 1468 964 fratribus
1512 907 1801 963 defecisse.

194 1000 390 1055 Tanta:
421 998 588 1071 igitur
616 1012 779 1053 causa
806 996 1150 1052 necessitatis
1199 996 1575 1053 Hludowicum
1617 995 1804 1068 piissi-

196 1103 356 1142 mum
415 1087 805 1157 imperatorem
857 1084 1056 1139 fratres
1109 1085 1179 1147 de
1233 1085 1565 1141 monasterio
1635 1084 1807 1140 sancti

198 1174 349 1232 Galli
406 1174 681 1241 adierunt,
737 1173 964 1245 ejusque
1019 1171 1361 1229 clementiam
1409 1188 1522 1228 suae
1569 1172 1806 1228 miserita

197 1263 457 1320 solamen
484 1278 608 1319 esse
637 1261 952 1332 poscebant.
999 1260 1303 1332 EpiscOpus
1346 1276 1564 1332 quoque
1612 1260 1808 1316 eodem

197 1360 459 1423 tempore
503 1366 751 1422 praesens
807 1349 1014 1416 aderat,
1061 1348 1512 1420 coepiscoporum
1568 1347 1808 1405 conﬁsus

200 1440 432 1507 solatio,
460 1439 799 1511 aliorumque
827 1436 1174 1493 familiarium
1220 1439 1387 1510 regis,
1437 1452 1577 1509 quos
1616 1453 1808 1493 omnes

197 1545 315 1585 sum
342 1527 522 1600 partis
564 1526 772 1583 sciebat
821 1542 946 1581 esse
988 1525 1466 1581 adminiculatores
1513 1526 1809 1582 monacho-

198 1632 442 1689 rumque
470 1614 836 1672 adversarios.
869 1613 1156 1669 Maximam
1184 1621 1364 1669 tamen
1404 1630 1518 1669 sua:
1564 1614 1808 1685 pertina-

195 1706 289 1762 tia
319 1704 582 1761 ﬁduciam
608 1703 794 1757 habuit
820 1702 878 1757 in
908 1702 1144 1773 quadam
1174 1710 1338 1768 carta,
1373 1719 1495 1773 quae
1523 1702 1808 1758 diabolicis

198 1792 704 1850 machinationibus
732 1807 767 1845 a
796 1790 1032 1862 quodam
1061 1790 1268 1846 diaboli
1301 1790 1546 1845 ministro
1576 1790 1810 1847 conscri-

203 1889 320 1953 pta,
352 1896 466 1936 non
495 1880 674 1935 solum
701 1878 848 1934 idem
875 1879 1282 1946 monasterium,
1334 1879 1432 1934 sed
1479 1886 1533 1933 et
1559 1879 1661 1933 alia
1689 1879 1813 1935 loca

203 1985 321 2025 non
350 1983 529 2040 pauca
568 1966 861 2023 falsissime
897 1964 1177 2023 canebatb
1207 1968 1277 2022 ad
1320 1967 1581 2038 episcopii
1627 1975 1813 2039 partes

208 2057 370 2129 quasi
432 2054 761 2112 hereditario
820 2055 943 2125 jure
1014 2055 1307 2126 pertinere.
1374 2054 1627 2112 Monachi
1683 2071 1814 2113 vero

208 2153 442 2202 econtra
472 2144 677 2200 nullam
705 2160 773 2200 eo
808 2152 1054 2215 tempore
1101 2160 1213 2199 suae
1256 2143 1564 2199 securitatis
1607 2151 1814 2199 cartam

206 2235 543 2299 habuerunt,
602 2248 729 2299 una,
778 2240 838 2288 ut
889 2232 1256 2303 praediximus,
1298 2241 1661 2302 concremata,
1710 2231 1815 2289 alia

209 2339 367 2392 vero,
401 2322 545 2378 sicut
572 2322 731 2378 etiam
762 2320 976 2392 praefati
1004 2336 1212 2388 sumus,
1244 2337 1409 2392 quam
1438 2321 1717 2392 suscipere
1745 2322 1814 2376 ob

208 2412 453 2484 aliquam
510 2425 735 2467 causam
780 2409 1031 2466 monachi
1076 2409 1384 2478 noluerunt,
1436 2410 1506 2464 ab
1558 2410 1815 2481 episcopo

211 2501 459 2557 detenta.
509 2499 645 2554 Cum
700 2514 830 2555 vero
876 2497 1158 2554 altercatio
1202 2498 1343 2553 inter
1398 2498 1718 2571 episcopum
1762 2505 1818 2554 et

210 2589 523 2645 monachos
549 2586 789 2642 oriretur
808 2601 993 2644 coram
1012 2586 1279 2657 principe,
1303 2585 1618 2659 episcopum
1633 2587 1814 2658 petiit:

211 2685 271 2733 ut
300 2691 404 2733 sua
431 2683 580 2733 carta
607 2690 794 2732 coram
821 2674 1152 2745 imperatore
1181 2675 1471 2746 legeretur,
1518 2684 1571 2731 et
1615 2691 1817 2733 secun-

214 2766 347 2822 dum
372 2782 497 2822 eam
533 2781 627 2821 res
672 2764 1118 2834 dijudicarentur.
1171 2765 1355 2835 Ipsam
1400 2773 1599 2831 autem,
1652 2780 1819 2837 quam

215 2870 385 2926 supra
415 2851 981 2922 commemoravimus,
1014 2851 1228 2907 mendis
1251 2852 1626 2923 plenissimam
1671 2869 1818 2925 prae-

216 2942 359 3001 ferre
381 2949 405 2978 °
436 2938 714 3015 cogitavit.
749 2939 857 2996 Sed
884 2940 1070 2996 divina
1098 2940 1272 3012 pietas
1300 2940 1433 3008 suis,
1484 2941 1685 3014 quibus
1709 2943 1817 2997 hu—

214 3047 381 3088 mana
409 3030 637 3087 deerant
662 3028 871 3095 solatia,
906 3044 1143 3100 superna
1173 3030 1396 3103 dignata
1423 3037 1523 3099 est,
1576 3030 1818 3088 interce-

214 3120 381 3176 dente
413 3126 604 3176 sancto
634 3117 811 3183 Gallo,
844 3116 1089 3174 conferre
1122 3117 1380 3175 subsidia.
1424 3118 1672 3192 Denique
1702 3120 1818 3192 epi-

216 3224 444 3280 scopus,
477 3222 604 3263 cum
632 3205 982 3289 deJnanibus
1010 3207 1215 3277 proprii
1243 3207 1473 3263 ministri
1494 3223 1609 3265 sua
1632 3208 1823 3265 volun-

214 3297 342 3354 tatis
372 3312 434 3352 se
463 3302 678 3367 putaret
706 3294 954 3365 accipere
982 3303 1208 3365 cartam,
1239 3295 1406 3351 immo
1457 3296 1632 3352 sancti
1680 3296 1820 3353 Galli

217 3384 455 3442 famulos
485 3383 846 3440 destruendos
872 3383 1199 3440 invidiosam
1217 3384 1547 3456 decipulam,
1565 3401 1675 3441 non
1697 3401 1820 3442 eam

219 3489 389 3547 quam
417 3471 608 3540 voluit,
641 3470 739 3528 sed
766 3470 1012 3543 proficuo
1038 3472 1198 3528 nobis
1217 3489 1410 3529 errore
1427 3474 1592 3529 aliam
1610 3482 1821 3531 cartam

217 3560 542 3634 imperatori
598 3559 916 3632 cunctisque
971 3559 1330 3633 principibus,
1375 3578 1556 3620 causa
1604 3563 1820 3635 penitus

220 3650 469 3724 ignarus,
499 3664 685 3705 coram
713 3648 1041 3722 designavit,
1075 3665 1238 3721 quam
1267 3650 1340 3706 ab
1367 3650 1699 3723 imperatore
1720 3654 1825 3709 Και

222 3739 346 3795 rolo
375 3738 482 3793 sub
508 3737 759 3793 Iohanne
786 3737 1051 3809 episcopo
1079 3738 1241 3794 nobis
1268 3738 1484 3809 factam,
1533 3741 1632 3796 sed
1661 3756 1695 3796 a
1722 3756 1822 3796 no-

222 3827 352 3883 stris
382 3824 827 3882 antecessoribus
857 3826 928 3883 ob
973 3825 1201 3896 alicujus
1246 3826 1485 3885 infande
1529 3829 1823 3886 additionis

222 3915 501 3973 maculam
529 3929 642 3972 non
669 3922 946 3985 receptam
977 3930 1139 3988 supra
1166 3916 1610 3974 memoravimus.
1649 3916 1824 3987 Quam

220 4020 344 4062 cum
369 4002 652 4075 piissimus
705 4002 1005 4075 imperator
1059 4004 1426 4076 suscepisset,
1476 4005 1822 4079 sigillumque

223 4093 309 4148 sui
337 4091 515 4163 patris
542 4091 991 4164 recognoscendo
1018 4091 1243 4150 intuitus
1289 4101 1456 4163 esset,
1507 4092 1823 4152 venerando

221 4179 577 4239 deosculatus
603 4187 706 4251 est,
738 4179 1054 4254 circumque
1082 4181 1425 4241 adstantibus
1444 4181 1697 4242 similiter
1723 4185 1825 4243 ho-

284 4374 314 4406 ι
337 4354 475 4417 Lege
500 4371 514 4403 :
541 4349 781 4404 tractandi
822 4348 899 4406 vel
922 4352 1152 4406 habendi.

292 4443 323 4487 ιι
345 4439 482 4501 Lege
507 4450 523 4487 :
545 4436 763 4488 cavebat.

290 4531 315 4559 ο
342 4522 478 4586 Lege
501 4534 517 4571 :
543 4520 789 4583 proferre.

223 4684 256 4723 ν
285 4610 322 4723 1c:
346 4604 549 4723 iistidem
574 4617 771 4669 census,
810 4616 954 4668 quem
994 4606 1288 4661 monasteria
1323 4606 1480 4661 libera
1506 4609 1609 4674 regi
1633 4608 1824 4674 persol-

257 4686 285 4723 e
322 4686 351 4723 a
416 4709 429 4723 .

257 4686 429 4726 CDaDl.

225 4822 257 4877 ἆ
292 4775 318 4807 e
337 4756 500 4874 Encas
522 4755 812 4807 Adulteram
834 4770 866 4810 a
888 4756 1074 4811 Joanne
1094 4758 1353 4825 adscripsit
1376 4763 1545 4825 postea
1569 4760 1822 4815 Ekkehar-

259 4837 318 4876 us
408 4860 422 4874 .

259 4837 422 4876 (181V.

294 4908 316 4955 ί*
337 4908 575 4976 superest
598 4908 692 4961 hoc
713 4909 927 4974 diploma
949 4909 1242 4975 Aquisgrani
1266 4910 1299 4962 6
1320 4910 1430 4963 Kal.
1454 4912 1628 4976 Febr.,
1648 4920 1775 4964 anno
1792 4912 1824 4963 2

228 4975 449 5039 imperii,
474 4975 644 5028 indict.
671 4978 704 5027 9
726 4978 913 5029 datum.

300 5090 330 5131 ε
352 5077 475 5145 Ejus
497 5077 846 5143 ichnographia
882 5076 1014 5129 haud
1050 5072 1195 5131 dubie
1221 5093 1249 5131 a
1272 5080 1403 5145 regis
1437 5081 1705 5133 architecto
1728 5083 1823 5133 Ge-

228 5156 393 5213 rungo
410 5144 679 5213 delineata,
706 5149 757 5197 et
777 5145 1031 5213 Gozberto
1048 5146 1254 5197 diacono
1274 5144 1444 5210 miSsa,
1473 5151 1523 5199 et
1546 5149 1694 5212 pedes
1715 5150 1747 5200 3
1769 5146 1829 5213 ιχ,

231 5212 404 5274 longa,
434 5214 485 5261 et
506 5210 539 5261 2
558 5208 622 5273 ιχ.
644 5213 791 5275 pedes
835 5212 936 5262 lata
976 5212 1135 5263 adhuc
1176 5208 1749 5275 superestQWin'iharius
1781 5208 1832 5266 et

232 5277 488 5328 lsenricus
506 5278 734 5328 monachi
761 5278 896 5342 operi
920 5281 1183 5342 praeerant,
1223 5280 1459 5329 columna:
1500 5280 1704 5344 lapidea:
1727 5294 1833 5332 om—

234 5356 328 5394 nes
352 5343 609 5394 immensis
635 5344 838 5395 molibus
858 5345 1071 5395 advecta:
1101 5345 1253 5396 fuere.
1282 5347 1504 5408 Epistola
1530 5343 1830 5398 Ermenrici.

306 5453 332 5494 h
359 5446 456 5496 Pro
480 5444 737 5497 Erlebaldo
762 5458 889 5496 anno
909 5446 1008 5497 838
1048 5446 1279 5497 defuncto
1322 5450 1493 5511 putant
1540 5448 1686 5513 aliqui
1727 5448 1836 5512 ejus

236 5523 574 5564 successorem
598 5524 628 5562 a
650 5513 883 5576 Ratperto
902 5513 1048 5564 fuisse
1072 5513 1435 5566 nominandum.

454 5612 695 5667 ΡΑτιιοι.
737 5610 983 5668 CXXVI.

1904 465 2136 521 traditur
2163 468 2395 539 legenda
2408 509 2421 524 .

1982 572 2115 629 Cum
2146 589 2281 630 vero
2308 574 2552 630 audisset
2580 575 2870 648 episcopus
2898 584 3089 633 contra
3118 592 3278 632 suum
3304 577 3493 634 decre-

1903 674 2017 720 tum
2073 672 2237 720 certae
2287 664 2588 735 procedere
2642 673 2868 733 textum,
2926 666 3177 736 protinus
3224 666 3500 722 recusavit

1904 752 2082 822 istam,
2113 768 2367 808 asserens
2405 768 2738 824 perversam,
2790 754 3063 825 aliamque
3116 755 3342 825 cupiens
3385 771 3498 811 sua:

1903 841 2279 912 perversitatis
2334 841 2392 896 in
2445 842 2792 911 praesentiam
2864 842 3079 898 adferre
3144 844 3494 915 scripturam.

1905 928 2064 997 Quod
2091 929 2374 985 benivolus
2402 930 2699 1001 imperator
2728 947 2839 987 non
2867 933 3161 998 consensit,
3208 932 3304 987 sed
3335 939 3500 987 tanta:

1906 1018 2242 1073 auctoritatis
2271 1017 2576 1073 firmitatem
2605 1020 2887 1075 monachis
2911 1021 3246 1077 restituendo
3284 1028 3499 1077 contra-

1906 1106 2060 1174 didit,
2094 1113 2152 1160 ut
2172 1105 2331 1162 liberi
2351 1106 2417 1161 ad
2440 1122 2537 1162 sua
2560 1108 2872 1175 redeuntes,
2895 1117 3217 1180 potestatem
3239 1109 3499 1181 deinceps

1906 1192 2146 1267 eligendi
2204 1194 2432 1249 abbates
2487 1196 2755 1251 baberent
2787 1240 2799 1263 ,
2867 1197 3181 1270 nullamque
3250 1205 3500 1268 potesta-

1906 1290 2013 1337 tem
2045 1281 2289 1352 episcOpi
2319 1282 2527 1353 absque
2548 1283 2848 1354 magisterii
2869 1301 3036 1341 causa
3053 1285 3308 1357 spiritalis
3334 1299 3503 1357 super

1907 1385 2003 1426 eos
2057 1370 2321 1441 deinceps
2380 1370 2685 1439 haberent;
2730 1382 2956 1444 excepto
3012 1373 3251 1445 quodam
3306 1390 3476 1430 censu

1908 1473 2072 1531 quem
2102 1458 2171 1513 de
2198 1459 2530 1515 monasterio
2560 1460 2631 1515 ad
2647 1460 3019 1532 episcOpatum
3038 1462 3279 1534 persolvi
3296 1462 3500 1517 debere

1909 1546 2140 1617 singulis
2169 1547 2348 1613 annis,
2381 1548 2486 1603 hoc
2513 1556 2595 1603 est
2615 1566 2783 1604 unum
2804 1566 3007 1622 equum
3028 1558 3082 1605 et
3103 1567 3266 1605 unam
3285 1550 3501 1606 unciam

1908 1635 2023 1689 auri
2044 1634 2089 1702 ά,
2141 1650 2310 1706 supra
2352 1644 2658 1692 memorata
2699 1646 2855 1693 carta
2879 1647 2901 1674 °
2931 1640 3227 1695 asserebat.
3279 1640 3505 1710 Insuper

1836 1727 1891 1788 B
1912 1723 2075 1779 etiam
2102 1723 2357 1794 praefatus
2386 1725 2642 1797 princeps
2683 1726 2753 1781 ad
2802 1737 3157 1800 augmentum
3202 1728 3506 1785 securitatis

1913 1827 2103 1867 eorum
2130 1819 2332 1867 cartam
2362 1813 2670 1868 emunitatis
2713 1830 2814 1870 sua
2851 1817 3170 1871 auctoritate
3215 1818 3323 1873 illis
3369 1834 3507 1875 con-

1914 1900 2187 1956 tradidit‘.
2239 1900 2449 1970 Quibus
2493 1902 2750 1973 peractis,
2798 1905 3050 1961 monachi
3094 1921 3217 1961 cum
3262 1922 3362 1961 suo
3409 1909 3508 1962 ab-

1913 1988 2037 2044 bate
2064 1988 2338 2060 Gozperto
2366 1990 2435 2045 ad
2463 1991 2858 2047 monasterium
2890 1993 3102 2049 rediere
3121 1994 3367 2063 letantes,
3393 1995 3509 2067 epi-

1916 2093 2083 2148 scopo
2129 2078 2480 2135 nihilominus
2528 2078 2598 2134 ad
2645 2095 2743 2136 sua
2785 2097 2909 2138 cum
2954 2082 3176 2138 tristitia
3222 2084 3505 2141 redeunte.

1916 2164 2222 2236 Gozpertus
2249 2182 2383 2223 vero
2411 2167 2580 2224 abbas
2607 2186 2715 2224 una
2743 2186 2869 2226 cum
2896 2171 3007 2226 suis
3028 2172 3094 2227 ad
3115 2173 3509 2229 monasterium

1915 2253 2156 2322 rediens,
2213 2255 2363 2311 omni
2417 2257 2597 2313 studio
2653 2260 2934 2332 satagebat
2975 2260 3120 2317 circa
3166 2277 3506 2318 communem

1915 2343 2141 2399 fratrum
2170 2344 2456 2400 utilitatem
2484 2361 2703 2403 omnem
2734 2348 2817 2402 sui
2845 2348 3046 2404 laboris
3075 2349 3371 2422 inpendere
3403 2351 3512 2408 sol-

1915 2430 2148 2499 lertiam,
2208 2441 2409 2491 nostra:
2463 2434 2520 2489 in
2558 2436 2811 2491 omnibus
2855 2438 3016 2493 rebus
3065 2440 3511 2513 congregationis

1915 2520 2228 2594 ubicunque
2255 2523 2431 2593 potuit
2451 2524 2741 2580 commoda
2760 2526 3091 2583 cumulando
3115 2546 3129 2594 ;
3164 2528 3234 2583 ad
3256 2545 3516 2602 augmen-

1918 2616 2033 2664 tum
2062 2625 2277 2682 quoque
2307 2612 2483 2667 nostri
2511 2614 2849 2681 monasterii,
2882 2615 3052 2671 veteri
3086 2616 3378 2685 destructa,
3408 2634 3514 2674 no-

1917 2712 2040 2753 vam
2069 2706 2256 2755 sancto
2305 2699 2468 2755 Gallo
2509 2702 2673 2773 coepit
2718 2702 2994 2759 aediﬁcare
3036 2704 3339 2776 basilicam,
3396 2722 3517 2779 quas

1917 2785 2081 2841 hodie
2128 2787 2433 2843 rationabili
2477 2805 2831 2863 procerasque
2880 2793 3268 2866 magnitudinis
3312 2802 3519 2851 statura

1919 2874 2271 2931 cernentibus
2300 2885 2522 2948 apparet
2554 2886 2862 2936 constructa
2882 2889 2931 2947 κ,
2977 2873 3121 2937 αωῖο
3147 2882 3401 2939 videlicet
3428 2884 3518 2939 in-

1919 2964 2248 3019 carnationis
2277 2964 2497 3020 Domini
2526 2971 2649 3037 830,
2684 2967 2971 3026 Hludovici
2998 2987 3133 3027 vero
3178 2971 3522 3043 imperatoris

1849 3054 2008 3145 C17.
2043 3051 2221 3145 Quam
2250 3053 2438 3126 utique
2477 3056 2661 3145 spacio
2710 3064 2921 3128 septem
2967 3073 3236 3115 annorum
3280 3061 3350 3116 ad
3397 3061 3522 3132 ple-

1918 3156 2051 3195 num
2080 3140 2402 3198 aedificando
2432 3144 2706 3214 perduxit,
2738 3162 2987 3218 annoque
3022 3164 3169 3202 nono
3218 3146 3522 3206 dedicatio-

1918 3244 2045 3283 nem
2074 3228 2247 3300 ipsius
2280 3231 2521 3287 basilicze
2557 3233 2903 3303 perpetravit,
2953 3235 3403 3292 convenientibus
3449 3238 3520 3292 ad

1918 3315 2065 3371 idem
2113 3318 2507 3374 monasterium
2555 3320 2887 3389 Wolﬂeozo,
2942 3322 3009 3376 ad
3058 3323 3214 3392 cujus
3258 3324 3521 3380 diocesim

1918 3405 2243 3476 pertinebat,
2277 3407 2679 3463 Constantiensi
2707 3410 2985 3482 episcopo,
3021 3428 3235 3484 unaque
3270 3412 3522 3469 Oadalri-

1920 3493 2024 3549 cho
2054 3494 2341 3550 Basiliensi
2370 3494 2649 3569 episcopo,
2681 3497 2974 3555 Erlebaldo
2996 3496 3023 3535 ⁸³
3053 3516 3267 3574 quoque
3300 3502 3523 3576 Augen-

1921 3580 1996 3636 sis
2025 3584 2341 3639 monasterii
2370 3585 2602 3640 abbatei
2638 3601 2760 3642 cum
2792 3586 3083 3659 aliquantis
3128 3606 3239 3646 suae
3284 3606 3523 3665 congre-

1920 3669 2154 3741 gationis
2186 3670 2436 3727 fratribus
2467 3682 2736 3744 praesente
2765 3679 3060 3733 manentei
3110 3678 3341 3751 aliisque
3389 3681 3522 3736 Ala-

1920 3773 2244 3814 mannorum
2272 3760 2609 3832 principibus
2640 3779 2748 3818 non
2776 3765 2985 3835 paucis.
3019 3767 3378 3825 Dedicatione
3408 3770 3521 3843 igi-

1920 3852 2007 3901 tur
2032 3846 2206 3918 ipsius
2237 3848 2479 3905 basilicae
2506 3850 2744 3923 gloriose
2775 3862 2950 3924 empta
2972 3861 3026 3910 et
3045 3871 3156 3910 non
3184 3856 3302 3912 sine
3331 3857 3521 3930 signo-

1920 3951 2037 3989 rum
2086 3936 2328 3993 claritate
2375 3936 2682 3997 honorifice
2728 3950 2969 4012 peracta,
3022 3952 3212 4015 postea
3260 3945 3522 4017 praefatus

1920 4023 2063 4080 abba
2096 4024 2400 4097 Gozpertus
2429 4027 2486 4082 in
2515 4028 2768 4085 omnibus
2797 4032 3111 4088 monasterii
3130 4034 3301 4090 nostri
3330 4034 3520 4091 utilita-

1920 4112 2067 4170 tibus
2099 4114 2216 4171 s'me
2244 4117 2551 4174 cessatione
2581 4134 2641 4175 se
2676 4120 2879 4179 studuit
2913 4136 3192 4180 exercere.
3242 4124 3521 4181 Librorum

1921 4202 2065 4257 enim
2088 4244 2104 4270 ,
2153 4220 2385 4275 quorum
2429 4206 2668 4262 maxima
2704 4208 2931 4279 penuria
2958 4209 2987 4245 κ
3041 4211 3098 4265 in
3150 4220 3340 4269 nostro
3395 4214 3520 4271 loco

1987 4362 2142 4424 iQua:
2164 4366 2431 4425 sequuntur
2451 4377 2604 4429 usque
2652 4366 2714 4419 ad
2760 4378 2929 4419 vocem
2978 4368 3282 4423 dedicatione
3321 4373 3516 4427 diversa

1848 4436 1902 4498 D
1925 4456 2089 4509 manu,
2120 4460 2282 4499 coaeva
2306 4451 2491 4513 tamen,
2515 4450 2701 4516 scripta
2721 4455 2855 4504 sunt.
3090 4460 3099 4467 '

1982 4559 2000 4608 ί
2025 4548 2177 4612 Hujus
2200 4550 2534 4603 translationis
2557 4556 2667 4604 acta
2706 4567 2737 4605 a
2777 4556 2831 4605 S.
2876 4555 3002 4607 Galli
3026 4559 3268 4611 monacho
3291 4573 3319 4611 e
3344 4562 3510 4616 Scotia

1922 4633 2125 4685 oriundo
2147 4636 2442 4701 conscripta,
2471 4638 2705 4702 Ratperto
2730 4638 2781 4690 in
2805 4637 3100 4693 bibliotheca
3135 4644 3368 4698 evolvere
3398 4659 3514 4711 pro~

1922 4717 2046 4770 clive
2071 4722 2195 4770 erat.
2230 4720 2350 4772 Vide
2370 4723 2640 4785 catalogum
2662 4722 2903 4776 librorum
2924 4738 3039 4777 scrc.
3065 4738 3135 4779 rx.

1989 4815 2017 4854 Β
2044 4823 2273 4900 Attamen
2289 4823 2506 4900 aderant
2528 4825 2747 4900 Romano
2773 4828 3061 4900 charactere
3100 4831 3290 4885 saeculis
3336 4848 3387 4898 v,
3439 4849 3509 4900 vr,

1922 4889 2224 4968 inirexarati,
2252 4891 2306 4968 ut
2330 4894 2431 4968 tum
2456 4904 2515 4941 ex
2541 4893 2745 4944 residuis
2770 4894 3078 4968 fragmentis,
3104 4911 3153 4949 v.
3180 4911 3269 4968 3.,
3299 4889 3511 4968 Virgilii,

1922 4953 2200 5029 Evangelii,
2222 4959 2346 5029 etc.,
2373 4960 2474 5007 tum
2493 4970 2553 5029 εξ
2576 4971 2750 5029 novem
2774 4953 3020 5012 codicibus
3053 4953 3318 5029 rescripiis,
3341 4953 3442 5020 tuin
3465 4953 3514 5021 ei

1926 5032 1988 5071 ex
2011 5025 2125 5099 nota
2147 5022 2422 5099 antiquam,
2447 5022 3384 5099 antiquissimam,patriapatria-valde,
3414 5038 3512 5099 legi

1924 5099 2023 5136 non
2037 5091 2201 5155 potest
2223 5089 2388 5139 multis
2411 5091 2655 5142 codicibus
2680 5093 2728 5143 in
2753 5089 2975 5155 catalogo
2998 5089 3307 5149 bibliotheca:
3346 5089 3512 5153 sieotill

1927 5165 1978 5202 ιχ
1995 5151 2194 5224 adjecta
2218 5155 2627 5224 manifestumgiit.
2652 5160 2838 5210 Saeculo
2860 5151 3047 5224 quoque
3073 5177 3157 5212 vm
3199 5167 3252 5215 S.
3288 5167 3412 5218 Galli
3428 5151 3517 5219 is;

1927 5223 2062 5289 cetas
2086 5219 2223 5270 libris
2245 5221 2511 5289 scribendis
2529 5222 2631 5284 jam
2677 5219 2946 5289 in‘sudasée,
2971 5219 3234 5281 'testantur
3277 5234 3412 5284 multi
3455 5247 3515 5284 ex

1929 5285 2147 5359 hoc_a3vo
2166 5288 2452 5359 superstites
2491 5290 2703 5353 codices,
2744 5285 2985 5357 praecipue
3026 5296 3244 5359 epistolae
3277 5299 3331 5348 S.
3380 5301 3517 5351 Pauli

1930 5363 1981 5429 η.
2010 5351 2076 5429 ῖρ
2095 5357 2145 5401 et
2166 5352 2298 5429 liber
2307 5356 2661 5429 prophetarum
2683 5351 2926 5421 usis-a1:
2950 5372 3007 5411 ea
3032 5351 3139 5426 qua
3173 5365 3434 5429 Ratpertus
3457 5368 3519 5419 de

1930 5416 2168 5481 scriptore
2191 5416 2419 5472 Waltone
2446 5421 2610 5474 habet.

3108 5632 3177 5685 34
