4060 6184
589 258 730 312 1067

1619 251 2029 312 RATPERTUS
2059 253 2533 312 SANGALLESIS
2583 255 2826 312 ABBAS.

3731 259 3864 313 1068

587 395 762 451 usque
797 379 866 434 ad
913 377 1059 434 illius
1107 387 1320 450 tempus
1367 375 1664 446 exstiterat,
1715 387 1916 434 tantam
1966 379 2177 450 c0piam
2207 378 2263 439 A
2283 377 2426 434 abba
2457 380 2526 435 ad
2555 379 2944 436 monasterium
2964 379 3293 436 sanctiGalli
3313 379 3560 444 veniens,
3583 380 3860 437 honorifice

585 467 676 523 ille
709 467 954 539 patravit,
989 477 1047 522 ut
1075 468 1227 523 locus
1259 467 1360 522 iste
1390 483 1454 522 ex
1493 483 1683 523 eorum
1731 469 2182 540 multiplicatione

585 572 695 612 non
727 571 922 627 parum
953 563 1317 612 excresceret.
1352 555 1476 626 Qui,
1502 557 1707 627 quales,
1735 565 1786 612 et
1808 565 1937 628 quot
1961 557 2176 625 fuerint,

589 643 680 716 qui
711 643 1028 715 diligentius
1058 644 1355 716 quaesierit,
1389 645 1632 700 invenire
1661 645 1876 715 poterit.

659 735 711 788 7.
745 733 1014 802 Tempore
1044 747 1176 787 vero
1205 733 1537 803 procedente
1559 733 1700 787 idem
1722 733 1914 802 abbas,
1937 751 2056 788 cum
2068 733 2180 801 jam

587 820 758 877 aetatis
787 821 1106 891 gravitatem
1137 821 1490 892 corporisque
1519 820 1880 876 infirmitatem
1923 837 2030 876 non
2063 819 2182 876 suf-

585 909 752 966 ﬁcere
783 909 1032 964 crederet
1062 909 1130 964 ad
1157 909 1467 962 instantium
1499 910 1878 964 necessitatem
1929 910 2182 982 negotio—

584 998 796 1064 tiorum,
832 1013 864 1052 a
885 997 1202 1053 Hludowico
1225 997 1650 1054 clementissimo
1671 1007 1903 1072 augusto
1925 999 2184 1070 impetra-

583 1087 659 1140 vit
689 1095 744 1140 ut
795 1086 1106 1142 Bernwicus
1149 1087 1454 1142 monachus
1501 1095 1701 1152 noster,
1763 1103 2052 1143 successor
2105 1085 2184 1140 illi

583 1175 878 1240 existeret;
912 1174 1056 1245 quod
1087 1175 1284 1242 statim,
1331 1183 1388 1228 ut
1427 1175 1516 1229 ille
1565 1174 1878 1244 postulavit,
1931 1171 2184 1230 effectum

585 1271 687 1318 est.
736 1263 1034 1317 Ordinatus
1081 1269 1162 1318 est
1209 1278 1340 1318 vero
1389 1262 1704 1317 Bernwicus
1750 1263 1920 1316 abbas
1969 1261 2184 1316 vivente

585 1352 879 1422 Gozperto,
915 1367 1058 1406 anno
1083 1351 1464 1406 incarnationis
1487 1351 1702 1405 Domini
1732 1355 1852 1416 837,
1879 1349 2184 1406 Illudowici

585 1449 766 1496 autem
797 1439 1144 1510 imperatoris
1163 1442 1251 1494 24.
1281 1439 1404 1493 Post
1423 1441 1536 1494 haec
1567 1455 1694 1494 vero
1711 1437 2063 1494 Hludowicus
2083 1439 2186 1492 im-

587 1537 804 1600 perator
835 1532 919 1584 l2.
955 1527 1074 1582 Kal.
1110 1527 1216 1580 Jul.
1249 1527 1318 1581 de
1347 1527 1447 1582 hac
1477 1525 1597 1582 luce
1627 1527 1880 1598 migravit
1909 1543 2051 1582 anno
2094 1527 2184 1580 in-

588 1616 916 1674 carnationis
947 1615 1162 1670 Domini
1205 1618 1326 1670 840.
1381 1615 1588 1670 Eodem
1637 1615 1800 1670 etiam
1851 1629 1994 1670 anno
2043 1615 2186 1671 facta

2281 475 2442 540 atque
2475 469 2622 524 omni
2654 469 2967 540 obsequelaa
2999 469 3262 524 suavitate
3291 485 3324 524 a
3355 468 3610 522 fratribus
3629 468 3856 538 ejusdem

2281 557 2595 612 monasterii
2628 566 2910 628 susceptus
2942 565 3043 624 est,
3078 566 3239 629 atque
3271 558 3472 612 devota
3515 557 3716 611 illorum
3745 574 3856 613 ser-

2281 646 2448 700 vitute
2481 653 2828 700 sustentatus.
2863 647 3038 702 Causa
3068 653 3244 700 autem
3277 645 3469 708 extitit,
3495 661 3648 716 quam
3667 647 3858 701 nemini

2281 735 2478 789 miram
2511 743 2640 806 puto
2671 735 2863 803 videri,
2899 735 3092 789 fratres
3109 743 3322 790 nostros
3343 734 3560 788 tristitia
3579 750 3676 788 non
3693 749 3860 805 parva

2282 823 2497 896 agitari,
2531 839 2596 878 eo
2627 823 2768 894 quod
2799 823 3066 878 securitas
3089 822 3370 878 electionis
3389 837 3595 886 eorum,
3623 840 3732 894 quae
3747 831 3856 876 tam

2285 911 2552 981 multis,ut
2573 919 2698 966 ante
2717 911 3366 982 prmdiximusJaboribus
3397 926 3528 981 sepe
3561 911 3858 966 ditiicillime

2283 999 2476 1066 fuerat,
2509 999 2792 1071 adquisita,
2827 1007 2939 1054 tam
2968 999 3125 1056 facile
3153 999 3220 1054 de
3251 1015 3437 1054 eorum
3471 1007 3716 1069 potestate
3729 997 3864 1053 deii-

2283 1087 2456 1142 ciebat
2486 1103 2736 1144 excussa.
2771 1087 2879 1142 Sed
2909 1087 3066 1156 hujus
3097 1087 3340 1154 tristitiae,
3377 1087 3603 1142 Domino
3623 1087 3856 1155 juvante,

2277 1177 2511 1245 jocunda
2539 1185 2760 1232 venerat
2791 1175 3079 1231 medicina.
3131 1177 3270 1230 Nam
3315 1175 3610 1246 praedictus
3637 1174 3864 1229 Grimal-

2284 1265 2386 1320 dus
2417 1265 2728 1335 prioribus°
2759 1281 2976 1336 semper
3007 1265 3152 1320 idem
3183 1264 3570 1319 monasterium
3589 1271 3865 1334 protegere

2284 1361 2444 1424 atque
2474 1369 2606 1426 erga
2637 1353 2767 1407 illud
2799 1353 3096 1408 clementer
3115 1368 3284 1425 agere
3305 1359 3667 1407 consueverat.
3689 1350 3864 1419 Quam

2283 1457 2504 1497 causam
2533 1441 2652 1497 loco
2685 1449 2737 1496 et
2765 1449 3030 1511 potestate
3056 1449 3286 1512 accepta
3314 1457 3423 1495 non
3456 1440 3731 1504 minuerat,
3768 1439 3865 1494 sed

2284 1530 2521 1602 augebat
2549 1529 2724 1602 magis
2755 1530 3056 1596 caritatem,
3081 1545 3240 1601 quam
3265 1545 3379 1583 sum
3397 1528 3670 1600 potestatis
3687 1527 3868 1582 decla-

2285 1633 2415 1672 rans
2444 1618 2891 1690 magnitudinem.
2944 1617 3064 1685 Qua
3107 1616 3432 1673 confidentia
3473 1617 3702 1671 monachi
3741 1631 3864 1670 eum

589 1713 674 1760 est
703 1704 832 1758 solis
863 1703 1096 1774 eclypsis
1125 1707 1176 1756 3.
1209 1703 1349 1756 Non.
1385 1703 1510 1758 Maii
1539 1703 1594 1756 in
1623 1703 1810 1774 vigilia
1845 1703 2185 1760 ascensionis
2213 1733 2266 1793 B
2284 1707 2532 1779 ﬂagitare
2561 1714 2864 1777 ctnperunt,
2897 1714 2954 1760 ut
2982 1707 3120 1761 sicut
3157 1706 3210 1759 in
3257 1706 3351 1760 illo
3379 1705 3711 1759 immanitatis
3745 1703 3864 1774 pri-

587 1792 801 1848 Domini
828 1801 870 1844 τι.
906 1792 1030 1846 Post
1061 1790 1264 1844 obitum
1307 1807 1438 1845 vero
1485 1791 1786 1846 Hludowici
1835 1791 2178 1862 imperatoris

587 1881 816 1936 maxima
849 1878 1125 1934 discordia
1155 1887 1276 1934 orta
1305 1887 1387 1934 est
1413 1879 1554 1933 inter
1585 1877 1724 1934 filios
1767 1879 1901 1948 ejus,
1949 1880 2178 1934 Hlotha-

585 1969 746 2034 rium,
781 1967 872 2039 qui
901 1967 1111 2038 primus
1139 1967 1236 2022 fuit
1259 1975 1437 2036 aetate,
1464 1975 1514 2022 et
1535 1967 1913 2024 Hludowicum
1933 1975 1985 2022 et
2015 1969 2180 2024 Caro-

583 2058 714 2116 lum.
778 2057 962 2128 Itaque
1018 2056 1332 2112 Hlotharius
1389 2071 1512 2111 cum
1567 2065 1713 2111 esset
1741 2063 1898 2111 aetate
1945 2057 2176 2128 primus,

582 2145 827 2218 potentia
855 2145 1042 2216 utique
1090 2153 1142 2200 et
1186 2144 1527 2200 multitudine
1571 2145 1899 2216 papulorum
1949 2153 2070 2216 post
2119 2161 2178 2200 se

584 2233 973 2290 declinantium
1023 2241 1247 2288 caeteros
1296 2232 1666 2303 praecellebat.
1719 2233 1852 2288 Cum
1897 2233 2079 2303 igitur,
2124 2241 2180 2287 ut

585 2321 839 2390 diximus,
873 2321 1106 2376 maxima
1153 2336 1284 2391 pars
1331 2320 1656 2391 populorum
1703 2319 2044 2374 Hlotharium
2093 2337 2173 2375 se-

583 2417 857 2482 queretur,
893 2409 1118 2482 contigit
1147 2417 1198 2464 et
1245 2408 1588 2464 Bernwicum
1635 2417 1880 2464 nostrum
1925 2409 2178 2464 abbatem

585 2499 728 2554 illius
755 2498 928 2570 partis
959 2497 1126 2552 fuisse
1155 2497 1679 2553 adminiculatorem.
1728 2499 1842 2552 Nec
1879 2497 2058 2552 minus
2089 2497 2176 2552 in-

583 2596 731 2644 terea
775 2585 1126 2664 Hludowicus
1170 2585 1546 2640 Alamanniam
1597 2593 1910 2656 penetrans,
1961 2585 2178 2655 singula

579 2676 696 2732 loca
728 2691 839 2730 suae
869 2689 1199 2746 suorumque
1229 2673 1432 2730 dicioni
1463 2673 1725 2743 subjecit;
1759 2673 1992 2746 indeque
2013 2674 2177 2728 abba-

580 2773 688 2820 tem
719 2764 772 2818 in
821 2771 1008 2818 nostro
1057 2763 1388 2818 monasterio
1435 2763 1710 2818 constituit
1757 2763 2172 2834 Engelbertum,

579 2853 902 2908 monachum
933 2859 1204 2906 nostrum.
1239 2851 1354 2919 Qua
1393 2867 1449 2906 re
1497 2851 1744 2924 contigit,
1797 2859 1854 2905 ut
1903 2851 2042 2907 sicut
2089 2867 2176 2906 re-

582 2957 710 3013 gna,
743 2940 818 2994 ita
847 2947 898 2994 et
927 2939 1258 2994 monasteria
1287 2939 1520 2994 diversis
1549 2939 1822 2994 erroribus
1843 2947 1998 3010 atque
2021 2938 2176 2994 labo-

583 3029 730 3083 ribus
787 3035 1151 3098 quaterentur.
1215 3028 1276 3080 Iu
1333 3034 1540 3082 tantum
1597 3035 1774 3082 autem
1831 3027 2006 3096 major
2047 3043 2174 3098 pars

581 3115 905 3188 populorum
935 3114 1268 3170 Hlotharium
1299 3115 1641 3186 sequebatur,
1687 3122 1744 3168 ut
1771 3115 1992 3186 quidam
2022 3115 2174 3186 prin-

581 3205 733 3276 cipes
761 3203 1186 3260 Alamannorum
1217 3219 1342 3259 cum
1372 3201 1612 3259 exercitu
1633 3217 1835 3275 magno
1857 3203 2175 3260 Hludowico

579 3293 792 3350 obviam
823 3299 1135 3364 pergerent,
1170 3308 1420 3364 eumque,
1453 3307 1522 3346 ne
1552 3290 1689 3348 fines
1735 3291 1954 3348 illorum
1999 3292 2174 3346 intra-

581 3385 680 3448 re‘t,
713 3381 1006 3452 prohibere
1035 3379 1253 3436 vellent.
1279 3381 1413 3434 Cum
1446 3379 1639 3450 quibus
1659 3381 1903 3450 protinus
1933 3397 2174 3452 pugnam

576 3469 814 3525 validam
844 3468 1133 3534 commisit,
1166 3477 1220 3522 et
1249 3467 1542 3523 maximam
1569 3483 1752 3524 eorum
1795 3477 2008 3540 partem
2039 3485 2172 3540 pro-

576 3557 784 3623 stravit,
817 3557 1057 3628 reliquos
1089 3573 1222 3612 vero
1251 3573 1442 3611 omnes
1473 3555 1526 3610 in
1557 3555 1736 3627 fugam
1769 3558 2076 3622 convertit;
2121 3565 2174 3612 et

574 3645 654 3702 sic
696 3645 764 3700 ad
813 3644 1034 3700 fratrem
1083 3661 1240 3700 suum
1289 3643 1540 3700 Carolum
1581 3645 1844 3714 pervenit.
1885 3647 1944 3699 In
1977 3645 2174 3716 quibus

575 3733 817 3788 terminis
873 3733 1182 3788 Hlotharius
1235 3749 1358 3788 cum
1417 3732 1654 3788 maximo
1701 3732 1945 3788 exercitu
1987 3733 2174 3788 aderat

569 3830 759 3880 contra
789 3820 983 3876 fratres
1037 3837 1185 3886 suos,
1249 3819 1626 3877 Hludowicum
1676 3829 1728 3876 et
1784 3821 2056 3890 Carolum,
2119 3829 2173 3876 et

567 3909 674 3982 ipsi
703 3917 893 3965 contra
921 3909 1092 3963 illum.
1137 3908 1238 3964 Die
1269 3917 1448 3964 autem
1478 3909 1786 3976 constituta,
1821 3909 2173 3966 commissum

570 4005 654 4052 est
683 3997 930 4066 praelium
959 3995 1376 4062 validissimum,
1411 4005 1576 4067 atque
1605 3997 1828 4052 miseria
1851 3997 2092 4068 plenum,
2119 4003 2175 4052 et

569 4083 805 4138 Domino
872 4083 1196 4152 disponente
1257 4084 1500 4151 juniores
1565 4085 1883 4139 exstiterant
1927 4085 2172 4142 victores

571 4185 716 4226 anno
749 4169 1139 4226 incarnationis
1169 4171 1386 4226 Domini
1417 4171 1538 4226 841.

639 4261 789 4330 Ergo
821 4259 919 4314 hac
947 4259 1245 4314 miserabili
1277 4259 1742 4316 consummatione
1772 4261 1900 4317 belli
1929 4269 2167 4332 peracta,

564 4349 808 4420 protinus
847 4347 1195 4402 Illudowicus
1215 4347 1479 4402 abbatiam
1504 4350 1674 4404 sancti
1693 4349 1832 4404 Galli
1856 4351 2134 4405 Grimaldo
2147 4379 2171 4414 ι,

2283 1795 2540 1867 vilegium
2571 1794 2888 1860 amiserunt,
2921 1795 2990 1848 ita
3023 1811 3143 1850 cum
3177 1793 3268 1848 illo
3295 1793 3538 1864 pristinas
3567 1792 3860 1848 securitatis

2281 1891 2670 1954 recuperarent
2699 1890 3072 1954 augmentum.
3105 1881 3278 1950 Quam
3307 1881 3620 1952 petitionem
3635 1881 3722 1936 ille
3741 1895 3862 1952 gra-

2281 1972 2488 2026 tissime
2537 1971 2859 2042 suscipiens,
2913 1971 3262 2042 studioseque
3309 1970 3610 2041 complens,
3659 1984 3690 2024 a
3733 1985 3862 2039 rege

2281 2060 2600 2116 Hludowico
2625 2059 2983 2130 permissione
3013 2058 3120 2113 illis
3151 2059 3422 2130 adquisita
3473 2058 3756 2123 concessit,
3807 2065 3858 2110 ut

2281 2149 2458 2203 statim
2490 2149 2592 2202 sibi
2623 2149 2909 2221 eligerent,
2936 2147 3026 2219 qui
3056 2155 3180 2218 post
3209 2147 3386 2218 ipsum
3405 2147 3530 2202 illos
3551 2146 3862 2218 illorumque

2280 2238 2462 2292 omnia
2491 2245 2829 2308 procuraret,
2865 2244 2918 2290 et
2945 2243 3132 2306 postea
3169 2235 3370 2290 nullam
3415 2252 3528 2290 suae
3579 2233 3862 2290 securitatis

2280 2333 2332 2380 et
2361 2325 2594 2396 propriae
2615 2325 2896 2380 electionis
2917 2324 3307 2379 dubitationem
3329 2323 3611 2379 haberent.
3635 2323 3730 2392 Qui
3749 2337 3864 2393 pro-

2279 2411 2422 2463 tinus
2469 2417 2748 2482 gratanter
2795 2410 2936 2464 hanc
2985 2408 3466 2464 benedictionem'1
3495 2408 3858 2478 suscipientes,

2279 2497 2616 2552 Ilartmotum
2645 2497 2951 2568 elegerunt,
2977 2497 3202 2553 scientia
3223 2505 3276 2551 et
3303 2496 3550 2552 moribus
3579 2495 3860 2551 nobilitate-

2279 2602 2383 2658 que
2409 2586 2749 2656 praeclarum,
2785 2601 3018 2657 eumque
3050 2585 3360 2640 Grimaldus
3382 2601 3568 2640 secum
3591 2585 3659 2640 ad
3677 2599 3852 2656 regem

2275 2675 2552 2746 perduxit.
2593 2675 2696 2744 Qui
2725 2691 2848 2730 cum
2877 2675 3129 2728 manibus
3159 2673 3302 2744 regis
3331 2689 3362 2727 a
3392 2673 3669 2728 Grimaldo
3685 2671 3856 2726 fuisset

2277 2764 2634 2830 contraditus,
2667 2763 3014 2834 benigneque
3044 2763 3111 2816 ab
3161 2777 3226 2817 eo
3276 2769 3582 2833 susceptus,
3629 2762 3854 2832 protinus

2277 2867 2310 2907 a
2341 2852 2492 2925 regia
2521 2859 2784 2924 potestate
2815 2851 2990 2922 ipsum
3021 2850 3197 2907 sancti
3227 2850 3368 2905 Galli
3398 2851 3582 2906 locum
3611 2865 3726 2906 cum
3745 2863 3855 2905 om-

2277 2940 2434 2996 nibus
2462 2941 2529 2994 ad
2557 2941 2709 2994 illum
2739 2940 3134 3011 pertinentibus
3181 2939 3420 3010 suscepit
3465 2947 3592 3010 post
3641 2938 3858 2994 Grimal-

2279 3029 2406 3084 dum
2437 3029 2674 3085 secunda
2705 3029 2860 3084 vice°
2887 3028 3224 3102 regendum;
3259 3044 3325 3083 eo
3341 3027 3592 3084 videlicet
3617 3033 3854 3099 pacto,ut

2276 3126 2401 3190 post
2425 3118 2628 3173 obitum
2659 3117 2922 3172 Grimaldi
2949 3119 3067 3173 haec
3095 3118 3285 3172 eadem
3329 3116 3614 3172 electionis
3659 3115 3854 3170 stabili-

2273 3215 2356 3262 tas
2385 3223 2414 3260 a
2443 3223 2578 3279 rege
2625 3222 2886 3263 concessa
2935 3214 2988 3260 et
3033 3206 3090 3260 in
3135 3207 3414 3276 Hartmqo
3461 3213 3659 3276 empta,
3705 3203 3854 3260 dein-

2273 3311 2403 3366 ceps
2433 3295 2784 3350 stabilissime
2811 3295 3170 3366 praesentibus
3199 3293 3516 3366 caeterisque
3535 3295 3604 3348 ad
3633 3293 3854 3348 eundem

2272 3383 2451 3438 locum
2511 3383 2701 3438 futuris
2757 3383 3081 3455 signaretur,
3139 3390 3192 3437 et
3241 3383 3550 3438 ﬁrmaretur
3595 3397 3852 3436 mansura.

2275 3470 2397 3540 Quo
2427 3479 2665 3542 peracto,
2703 3471 3018 3526 Grimaldus
3047 3470 3184 3525 abba
3213 3485 3336 3526 cum
3367 3471 3646 3526 Hartmoto
3691 3471 3852 3534 laetus,

2273 3559 2581 3616 laetantibus
2638 3560 2846 3631 pariter
2901 3559 3173 3627 fratribus,
3235 3559 3306 3615 ad
3347 3559 3738 3615 monasterium
3781 3573 3856 3613 re-

2274 3649 2390 3704 diit.

2335 3737 2592 3794 Posthaec
2605 3737 2769 3812 igitur
2781 3737 3095 3793 Grimaldus
3107 3737 3410 3810 regularem
3425 3737 3478 3792 in
3489 3745 3678 3792 nostro
3689 3751 3856 3792 mona-

2274 3825 2436 3880 sterio
2451 3825 2614 3881 vitam
2628 3827 2773 3882 omni
2793 3827 3090 3900 sagacitate
3110 3827 3412 3898 mentisque
3429 3827 3711 3882 alacritate
3723 3823 3858 3879 insti-

2273 3921 2330 3968 tu
2339 3929 2427 3970 ere
2441 3915 2621 3985 coepit.
2643 3915 2808 3984 Cujus
2819 3916 2900 3970 rei
2913 3931 3100 3971 curam
3109 3959 3120 3982 ,
3129 3915 3256 3986 quia
3267 3915 3384 3986 ipse
3396 3915 3580 3986 sepius
3595 3913 3854 3987 regalibus

2271 4001 2450 4057 fuerat
2479 4011 2774 4074 occupatus
2801 4003 3010 4072 oﬁiciis,
3043 4005 3326 4059 Hartmoto
3357 4003 3602 4072 injunxit,
3651 4011 3710 4057 ut
3751 4000 3856 4072 spi-

2273 4091 2443 4145 ritalis
2475 4099 2762 4148 structura:
2787 4091 3009 4147 aedificia
3037 4092 3092 4146 in
3109 4091 3370 4146 fratribus
3389 4089 3662 4156 fundaret,
3687 4099 3736 4145 et
3753 4105 3852 4143 non

2271 4179 2450 4233 minus
2491 4179 2654 4234 etiam
2698 4181 2960 4236 exteriora
3011 4179 3350 4236 ofﬁcinarum
3395 4179 3706 4236 necessaria
3747 4187 3852 4233 stu-

2273 4267 2426 4323 diose
2457 4275 2813 4324 construeret.

2345 4357 2523 4424 Quam
2551 4357 2902 4413 indictionem
2925 4357 3238 4412 Hartmotus
3267 4355 3502 4430 benigna
3541 4363 3726 4412 mente
3753 4369 3854 4410 sus-

563 4436 854 4491 destinavit
909 4443 1070 4506 atque
1134 4436 1476 4492 contradidit.
1524 4435 1629 4505 Qui
1678 4437 1856 4492 statim
1913 4455 2051 4505 eam,
2113 4439 2244 4504 inD
2275 4444 2482 4516 cipiens
2513 4445 2861 4517 studioseque
2891 4444 3200 4517 pel-ﬁciens,
3244 4461 3367 4500 cum
3413 4444 3563 4516 prius
3607 4443 3854 4500 monachi

564 4532 824 4596 quantum
871 4523 1050 4591 valuit,
1101 4539 1262 4579 causa
1309 4524 1477 4595 regia:
1523 4526 1852 4582 auctoritatis
1903 4527 2155 4582 obtinuit.

655 4617 705 4667 8.
741 4613 1031 4682 Postquam
1078 4627 1210 4667 vero
1259 4611 1454 4667 divisio
1497 4613 1650 4684 regni
1691 4621 1905 4684 patrata
1956 4623 2056 4683 est,
2109 4623 2162 4670 et

559 4716 668 4772 pax
705 4701 848 4754 inter
897 4714 1192 4770 germanos
1233 4715 1398 4772 reges
1445 4697 1648 4756 firmata
1697 4709 1797 4768 est,
1851 4702 2161 4758 Grimaldus

633 4841 658 4869 ι
679 4836 778 4885 Has
801 4835 1072 4896 temporum
1092 4833 1487 4896 consignationes
1511 4849 1676 4887 omnes
1701 4849 1841 4888 veras
1883 4851 1988 4889 esse
2021 4837 2162 4890 inda-

571 4919 704 4983 ganti
727 4918 929 4982 patebit.

639 4999 667 5072 δν
690 5003 966 5072 Grimaldus
991 5002 1038 5072 in
1058 5002 1201 5072 regia
1226 5002 1334 5072 aula
1359 5003 1592 5072 educatus
1618 5007 1668 5055 et
1687 5005 1809 5056 bene
1832 5003 2004 5056 doctus
2025 5003 2166 5072 (Epi-

573 5071 704 5122 stola
727 5067 1029 5132 Ermenric-i)
1057 5069 1226 5120 habuit
1250 5070 1427 5120 fratres
1453 5071 1722 5122 Wettinum
1751 5067 2042 5123 monachum
2069 5067 2165 5123 Au-

575 5138 816 5200 giensem,
871 5141 920 5185 et
966 5135 1322 5196 Thiettaudum
1368 5137 1783 5201 archiepiscopum
1820 5139 2164 5190 Trevirensem

572 5202 876 5266 (Habitum).
905 5201 1082 5251 Factus
1103 5201 1540 5268 archicapellanus,
1569 5207 1618 5254 et
1641 5204 1798 5254 tribus
1812 5205 2022 5256 abbatiis
2046 5219 2166 5268 prte-

573 5271 726 5386 latusa
746 5267 1118 5399 Saqgallensem
1148 5267 1373 5318 omnibus
1397 5270 1629 5332 praetulit.
1655 5271 1902 5335 (Epistola
1943 5267 2160 5322 Ernian-

573 5349 668 5388 νισι
733 5349 816 5397 ug.

571 5337 668 5388 Υἱοὶ
688 5339 816 5397 Aug.

638 5421 660 5448 ε
685 5415 738 5465 ld
761 5419 853 5476 est,
882 5417 1142 5477 antequam
1167 5412 1413 5466 abbatiam
1434 5415 1488 5465 S.
1513 5414 1640 5466 Galli
1665 5415 1958 5470 obtinuerat.

637 5511 660 5550 d
685 5505 739 5558 id
763 5509 838 5556 est
857 5505 1055 5556 donum.

2275 4533 2518 4588 colerent
2573 4533 2815 4590 officinas
2871 4551 2982 4589 suae
3037 4533 3246 4588 utilitati
3301 4533 3698 4598 incommodas,
3757 4547 3854 4586 non

2271 4621 2438 4676 multo
2491 4629 2738 4693 tempore
2797 4623 3141 4687 succedente,
3202 4621 3386 4676 omnia
3431 4621 3598 4677 nostri
3647 4619 3855 4676 claustri

2268 4709 2575 4766 habitacula
2601 4711 2640 4778 τ,
2677 4711 2926 4783 quamvis
2953 4709 3104 4783 prius
3134 4717 3334 4782 coepta,
3383 4709 3752 4780 pulcherrime
3795 4705 3854 4760 ad

2328 4864 2350 4892 °
2373 4861 2554 4926 Nempe
2571 4863 2783 4916 secundo
2805 4865 2914 4927 post
2934 4859 3165 4914 abbatem
3202 4861 3674 4914 commendatarium
3699 4863 3819 4914 loco.

2329 4985 2346 5020 ί
2365 4965 2714 5017 Monasterium
2737 4979 2832 5016 non
2857 4967 3016 5016 instar
3035 4964 3203 5028 palatii
3225 4963 3386 5027 longis
3435 4964 3678 5016 tractibus
3711 4963 3852 5016 aedili-

2263 5051 2469 5112 ciorum,
2498 5049 2584 5101 sed
2611 5055 2840 5113 tanquam
2866 5050 2998 5112 villa,
3024 5049 3266 5113 separatis
3307 5047 3548 5110 domibus,
3583 5047 3850 5100 construxit

2264 5137 2547 5188 Hartmotus
2571 5149 2585 5198 ;
2607 5135 2782 5198 majori
2807 5149 2867 5186 ex
2889 5137 3030 5198 parte
3055 5133 3460 5196 ichnographiam
3485 5145 3630 5197 supra
3657 5135 3846 5185 citata

2261 5223 2477 5272 secutus.
2505 5219 2646 5270 Edita
2671 5219 2878 5270 habetur
2903 5219 3006 5268 haec
3031 5216 3310 5268 monasterii
3351 5217 3405 5268 S.
3433 5217 3556 5268 Galli
3589 5217 3848 5268 delineatio

2260 5299 2313 5355 in
2337 5303 2598 5354 Mabillonii
2623 5304 2798 5354 Annal.
2821 5301 3072 5354 Beuedict.
3094 5304 3215 5353 tom.
3257 5303 3318 5366 ll,
3355 5317 3470 5368 pag.
3514 5303 3632 5353 870.
3677 5303 3844 5352 Versus

2261 5393 2423 5442 autem
2449 5387 2650 5439 Leonini
2693 5389 2823 5440 illam
2868 5391 3164 5452 exponentes
3185 5385 3431 5442 habentur
3455 5391 3506 5441 in
3529 5388 3714 5440 Canisii
3739 5387 3842 5437 lect.

2263 5473 2416 5539 antiq.
