4112 6192
287 260 427 316 1069

1353 253 1448 310 DE
1478 253 1766 311 CASIBUS
1794 249 2228 312 MONASTERII
2275 256 2332 313 S.
2366 255 2592 312 GALLI.

3440 261 3579 318 1070

279 381 694 455 perfectionem,
729 387 787 437 ut
817 381 982 438 modo
1011 379 1306 447 cernimus,
1339 379 1602 452 perducta
1642 377 1881 434 venienti
1907 377 1965 439 Α
1986 395 2115 436 vero
2144 381 2304 452 hujus
2351 380 2565 439 consilii
2611 379 2896 452 prolixitas
2937 381 3122 453 sepius
3148 381 3418 456 utrimque
3447 399 3580 454 per—

284 471 567 530 Grimaldo
597 469 961 542 consignavit.
991 471 1109 526 Nec
1137 485 1247 524 non
1293 468 1459 524 etiam
1511 466 1787 538 singulare
1809 466 1886 522 ei-

285 561 416 617 dem
447 559 630 616 abbati
659 557 997 615 domicilium
1025 574 1150 614 cum
1177 557 1430 613 omnibus
1460 555 1787 614 necessariis
1819 554 1888 609 ad

282 648 418 704 illud
447 647 850 720 pertinentibus
876 645 1166 702 utilissime
1193 643 1676 717 pulcherrimeque
1703 651 1728 678 δ
1757 657 1888 700 con-

282 736 500 792 struxit.
548 735 730 804 Quare
794 734 1078 791 Grimaldo
1117 734 1262 805 apud
1305 741 1520 789 nostros
1563 731 1746 803 sepius
1797 729 1887 785 de-

279 832 553 896 morante,
585 823 814 895 contigit
843 823 1016 879 nostri
1044 830 1337 894 provectus
1381 837 1493 877 non
1550 835 1747 892 parum
1794 833 1915 874 ex»

284 929 542 972 crescere
569 912 913 968 suavitatem.
967 911 1076 968 Sed
1133 911 1270 968 sicut
1300 925 1408 966 nox
1439 917 1491 966 et
1520 909 1639 964 dies
1667 907 1772 962 sibi
1800 907 1884 962 al-

283 1002 546 1060 ternatim
563 1007 967 1067 successerunt,
999 999 1073 1054 ita
1101 1000 1334 1057 adversa
1363 1014 1487 1056 cum
1517 995 1797 1069 prosperis
1825 1011 1886 1050 se

285 1091 476 1163 sepius
505 1088 859 1156 miscuerunt,
892 1087 1139 1160 talesque
1168 1087 1318 1144 vices
1359 1085 1721 1142 variaverunt.
1772 1085 1884 1140 Ve-

283 1178 552 1236 nerabilis
573 1193 808 1250 namque
835 1175 1264 1232 Constantiensis
1294 1174 1542 1231 ecclesiae
1561 1172 1764 1245 praesul
1779 1188 1883 1229 no-

281 1267 434 1322 mine
465 1265 739 1334 Salomon,
792 1281 916 1322 cum
967 1281 1082 1320 suae
1109 1263 1256 1319 sedis
1306 1262 1622 1336 dignitatem
1663 1277 1774 1318 non
1805 1276 1886 1316 so-

1987 476 2332 536 tractaretur,
2368 470 2584 525 tandem
2613 468 2816 524 salubri
2844 469 3078 526 consilio
3127 478 3364 542 reperto,
3398 477 3580 527 recto-

1987 573 2076 612 res
2104 556 2317 629 praefati
2369 556 2835 614 consentientibus
2879 558 3046 629 partis
3091 558 3374 630 utriusque
3415 557 3580 613 fami-

1985 643 2072 700 liis
2099 645 2444 712 invenerunt,
2476 653 2532 702 et
2561 647 2942 712 decreverunt,
2972 653 3031 700 ut
3060 646 3312 718 quaedam
3353 661 3582 716 posses-

1986 731 2170 788 siones
2198 733 2268 790 de
2299 734 2630 792 monasterio
2671 735 2742 790 ad
2771 733 3142 805 episcOpatum
3189 734 3581 789 contraderen-

1985 827 2111 887 tur;
2142 838 2242 892 per
2271 837 2505 894 quarum
2545 822 2895 878 donationem
2942 822 3333 878 monasterium
3361 822 3429 876 ab
3459 821 3581 893 epi-

1985 917 2210 979 scopatu
2237 917 2640 983 segregaretur,
2662 911 2731 965 ab
2761 909 2910 966 omni
2929 926 3126 967 census
3152 909 3583 982 molestiajdein-

1984 1011 2116 1068 ceps
2135 997 2454 1054 redderetur
2465 1015 2736 1057 securum.
2752 998 2911 1068 Quod
2931 999 3208 1055 decretum
3231 998 3301 1054 ab
3323 998 3582 1070 episcopo

1985 1093 2039 1141 et
2063 1085 2262 1141 abbate
2290 1085 2586 1153 inventum,
2635 1087 2840 1158 placuit
2879 1087 3164 1153 ambobus,
3215 1086 3478 1158 episcopii
3506 1086 3587 1142 vi-

1985 1173 2183 1231 delicet
2227 1173 2353 1230 ﬁliis
2383 1183 2436 1231 et
2482 1175 2792 1231 monasterii
2839 1174 3050 1232 incolis.
3099 1176 3312 1230 Interea
3357 1174 3589 1248 contigit

1983 1261 2383 1328 Hludowicum,
2444 1263 2750 1334 piissimum
2806 1279 3016 1336 regem,
3061 1263 3276 1334 publice
3323 1263 3582 1334 placitum

1982 1366 2141 1404 suum
2180 1351 2387 1406 habere
2415 1350 2472 1405 in
2498 1351 2627 1406 villa
2657 1367 2777 1422 quae
2797 1350 2994 1406 dicitur
3018 1351 3189 1420 Ulma,
3220 1351 3584 1423 praesentibus

1985 1435 2110 1492 filiis
2161 1437 2274 1493 suis
2321 1438 2551 1510 aliisque
2597 1437 2757 1510 regni
2787 1437 2869 1492 sui
2917 1437 3276 1510 principibus.
3307 1440 3392 1494 Ad
3439 1439 3585 1512 quod

279 1355 396 1410 lum
427 1370 538 1409 non
563 1353 826 1420 minuere,
861 1353 960 1408 sed
1004 1353 1161 1408 etiam
1193 1352 1250 1406 in
1291 1351 1544 1407 omnibus
1592 1349 1755 1406 vellet
1797 1365 1886 1405 re-

282 1443 484 1516 ligiose
513 1441 875 1507 accumulare,
909 1441 978 1496 ad
1012 1449 1255 1498 nostrum
1300 1438 1690 1496 monasterium
1740 1454 1883 1493 nun-

287 1532 394 1589 tios
421 1530 636 1595 direxit,
677 1546 922 1596 censum,
965 1537 1022 1584 ut
1069 1529 1254 1600 sepius
1291 1527 1503 1600 praefati
1547 1543 1755 1594 sumus,
1787 1542 1885 1582 ne-
1983 1525 2244 1596 placitum
2293 1525 2448 1580 istius
2495 1526 2872 1582 conventionis
2916 1541 3081 1582 causa
3130 1527 3338 1598 perlata
3383 1535 3484 1582 est.
3520 1528 3590 1582 Et

287 1619 450 1676 fanda
481 1618 792 1676 conditione
823 1634 890 1674 ex
918 1617 1250 1674 monasterio
1271 1616 1342 1671 ad
1391 1614 1654 1686 episcOpii
1698 1622 1884 1686 partes
1981 1615 2146 1686 coepit
2187 1615 2384 1670 exinde
2413 1631 2510 1670 rex
2556 1614 2806 1670 sollerter
2835 1622 2888 1670 et
2913 1623 3070 1671 caute
3111 1629 3237 1671 cum
3285 1615 3398 1669 suis
3425 1615 3583 1686 cogi-

287 1708 597 1766 condictum
627 1707 731 1763 sibi
760 1705 968 1762 restitui
1011 1704 1314 1778 inquirens.
1377 1702 1532 1772 Quae
1575 1703 1882 1775 pertubatio
1913 1730 1967 1790 Β
1987 1710 2104 1758 tare
2133 1711 2297 1775 atque
2328 1711 2680 1774 pertractare.
2715 1703 2960 1775 Cumque
2988 1711 3287 1758 summates
3306 1711 3329 1737 θ
3359 1703 3452 1775 qui
3481 1703 3583 1757 ad-

288 1796 490 1852 fratres
519 1795 701 1868 aliqua
729 1811 795 1850 ex
815 1803 967 1865 parte
993 1793 1312 1865 inquietavit
1343 1791 1614 1859 ;maxime
1643 1807 1767 1848 cum
1796 1791 1885 1846 ille
1987 1799 2160 1860 erant,
2194 1791 2252 1846 in
2279 1792 2480 1847 bonam
2525 1799 2741 1863 partem
2768 1807 2990 1848 causam
3045 1792 3322 1848 declinare
3343 1790 3370 1826 (ι
3400 1791 3587 1846 stude-

283 1901 486 1942 census
513 1884 586 1939 ob
615 1885 720 1940 hoc
749 1899 780 1937 a
811 1881 1132 1937 llludowico
1163 1881 1498 1952 imperatore
1528 1873 1554 1911 δ
1585 1881 1656 1935 ita
1697 1879 1889 1935 fuisset
1986 1889 2126 1946 rent,
2179 1880 2401 1936 tandem
2455 1880 2734 1952 piissimus
2787 1880 3045 1952 princeps
3094 1881 3164 1936 ab
3215 1879 3474 1950 episcopo
3531 1887 3585 1935 et

288 1988 605 2041 concessus,
637 1978 694 2026 ut
724 1971 902 2042 ipsum
929 1969 1317 2025 monasterium
1347 1976 1401 2023 et
1430 1968 1497 2023 ab
1543 1967 1786 2039 episcopi
1834 1975 1887 2023 et

289 2061 357 2117 ab
385 2060 641 2116 omnibus
671 2058 1024 2115 saecularibus
1063 2056 1444 2128 potestatibus,
1496 2056 1706 2128 absque
1757 2055 1888 2110 solis

287 2149 532 2222 regibus,
561 2147 756 2203 fuisset
781 2145 1108 2202 absolutum.
1143 2145 1454 2203 Grimaldus
1496 2152 1680 2201 autem
1719 2145 1886 2199 abbas

291 2237 518 2308 cupiens
546 2236 730 2292 omnia
761 2233 1044 2307 utrobique
1073 2250 1196 2290 cum
1225 2250 1360 2306 pace
1391 2241 1442 2288 et
1471 2232 1690 2290 caritate
1718 2229 1883 2296 finiri,

289 2326 525 2382 claustra
553 2323 868 2396 ingrediens
894 2322 1232 2390 monasterii,
1264 2321 1540 2394 principes
1559 2320 1786 2376 fratrum
1817 2319 1886 2374 ad

287 2431 348 2472 se
377 2413 694 2472 convocavit
726 2431 741 2480 ;
776 2429 809 2468 a
829 2412 1025 2485 quibus
1050 2411 1328 2484 inquirere
1343 2410 1506 2482 coepit
1523 2426 1622 2467 cur
1637 2425 1881 2476 censum,

288 2503 431 2560 sicut
461 2503 728 2574 scriptura
757 2501 1002 2573 ipsorum
1032 2499 1360 2565 continebat,
1394 2499 1462 2554 ad
1519 2497 1887 2570 episcopatum

288 2609 399 2649 non
428 2591 808 2664 persolverent
837 2591 864 2646 ?
897 2590 1048 2645 Tunc
1077 2590 1392 2644 Hartmotus
1417 2603 1532 2659 prae
1560 2585 1775 2642 caeteris
1805 2601 1888 2640 re-

289 2681 598 2754 spondens:
622 2681 741 2738 Non
757 2680 982 2744 merito,
996 2677 1187 2750 inquit,
1207 2677 1464 2733 debemus
1481 2677 1631 2732 hunc
1653 2691 1886 2732 censum

283 2773 439 2827 sicut
458 2769 731 2826 hactenus
755 2768 996 2839 fecimus
1011 2767 1347 2840 persolvere.
1375 2764 1692 2820 Grimaldus
1707 2763 1843 2818 dixit
1869 2779 1882 2816 :

289 2859 442 2917 Unde
461 2857 618 2914 debet
645 2872 864 2913 cessare
885 2871 1087 2913 census
1111 2855 1278 2910 istius
1301 2853 1372 2910 ad
1392 2854 1776 2926 episcopatum
1792 2853 1886 2907 do-

288 2948 499 3004 natio?
527 2946 836 3001 Hartmotus
879 2941 1164 3015 respondit
1196 2959 1210 2996 :
1245 2942 1384 3010 Quia
1435 2942 1541 2997 illa
1582 2941 1880 3006 securitas,

289 3039 344 3091 et
383 3035 489 3090 illa
524 3034 883 3101 immunitas,
931 3048 1100 3104 quam
1142 3031 1298 3088 nobis
1337 3029 1444 3085 iste
1499 3045 1700 3085 census
1753 3027 1886 3082 libe-

1914 3079 1964 3143 C

1985 1969 2180 2024 abbate
2252 1968 2646 2040 monachisque
2700 1968 2793 2040 qui
2845 1970 3092 2036 aderant,
3169 1966 3493 2039 inquisivit:
3529 1967 3586 2022 Si

1987 2066 2216 2130 utraque
2243 2073 2388 2129 pars,
2439 2057 2831 2112 monachorum
2881 2057 3128 2114 videlicet
3157 2064 3208 2112 et
3238 2055 3579 2121 clericorum,

1985 2146 2040 2201 in
2068 2146 2168 2200 hac
2198 2162 2258 2201 re
2306 2145 2686 2202 consentiret?
2715 2147 3056 2218 Responsum
3087 2151 3169 2202 est
3197 2144 3265 2200 ab
3313 2143 3510 2199 abbate
3532 2152 3585 2198 et

1987 2233 2264 2290 monachis
2293 2233 2386 2306 qui
2409 2235 2654 2303 aderant,
2687 2234 2741 2289 in
2782 2235 2887 2290 hac
2915 2233 3189 2290 voluntate
3221 2249 3280 2288 se
3309 2239 3584 2289 cunctam-

1987 2339 2092 2394 que
2122 2322 2337 2378 illorum
2375 2322 2858 2397 congregationem
2899 2322 3213 2394 persistere.
3247 2320 3507 2379 Similiter
3533 2327 3586 2376 et

1985 2411 2277 2483 episcopus
2303 2411 2688 2484 interrogatus,
2720 2427 2823 2484 pro
2853 2428 2912 2468 se
2941 2411 3162 2484 suisque
3191 2409 3424 2466 similem
3456 2409 3583 2464 red-

1986 2500 2122 2556 didit
2145 2499 2302 2555 istius
2331 2516 2635 2557 consensus
2677 2499 3112 2572 responsionem.
3146 2500 3262 2556 Rex
3291 2514 3425 2555 vero
3455 2513 3578 2554 cum

1985 2589 2270 2645 ambarum
2310 2588 2550 2660 partium
2596 2589 2939 2660 conspiceret
2977 2588 3256 2654 unitatem,
3307 2603 3430 2646 sese
3457 2585 3580 2642 huic

1985 2685 2148 2749 pacto
2202 2677 2527 2749 interposuit
2581 2677 2839 2748 medium,
2888 2685 3050 2750 atque
3098 2677 3154 2732 in
3201 2684 3374 2732 semet
3417 2691 3580 2730 omne

1985 2765 2264 2837 negotium
2310 2781 2618 2836 assumens,
2652 2781 2777 2822 cum
2814 2782 2975 2820 manu
3020 2780 3121 2820 sua
3143 2763 3468 2836 potestative
3497 2779 3586 2819 res

1985 2854 2262 2926 predictas
2307 2854 2378 2909 ad
2417 2855 2790 2926 episcopatum
2845 2853 3192 2922 contradidit,
3251 2861 3410 2925 atque
3457 2867 3583 2909 cum

1985 2942 2108 3014 ipsa
2135 2959 2294 2998 manu
2342 2942 2594 2998 similiter
2620 2942 2942 3014 potestative
2969 2943 3040 2996 ab
3087 2941 3364 3014 episcopio
3393 2956 3584 2996 mona-

1987 3030 2210 3087 sterium
2238 3030 2459 3086 abstulit
2503 3031 2828 3104 penitusque
2873 3029 3108 3099 diremit,
3139 3030 3214 3086 ita
3241 3038 3300 3086 ut
3325 3029 3585 3102 deinceps

286 3140 432 3192 ram,
467 3139 659 3194 regum
679 3122 926 3178 donante
945 3121 1272 3184 clementia,
1296 3134 1468 3190 usque
1519 3117 1626 3173 huc
1669 3118 1827 3188 fecit,
1849 3133 1886 3172 (ι
1915 3117 1964 3143 υ
1983 3119 2189 3175 nullam
2217 3127 2540 3190 potestatem
2581 3120 2824 3192 episcOpi
2850 3119 2906 3174 in
2935 3120 3100 3176 rebus
3129 3119 3372 3189 ejusdem
3403 3133 3594 3174 mona-

289 3212 447 3268 nobis
476 3213 705 3284 penitus
725 3211 916 3266 ablata
935 3214 1039 3266 est.
1074 3206 1389 3265 Grimaldus
1419 3205 1552 3260 dixit
1585 3223 1598 3260 :
1628 3206 1698 3262 0b
1713 3222 1882 3278 quam

287 3317 542 3369 causam,
567 3303 623 3356 et
640 3315 742 3372 per
751 3315 915 3372 quem
929 3298 1126 3354 eadem
1149 3297 1375 3352 libertas
1392 3293 1538 3351 vobis
1555 3293 1745 3350 ablata
1762 3297 1844 3348 est
1863 3295 1884 3347 ?

288 3387 620 3444 Hartmodus
639 3386 950 3458 respondit:
979 3387 1172 3459 Utique
1187 3387 1416 3457 propter
1437 3399 1561 3450 vos;
1583 3382 1713 3455 quia
1729 3383 1883 3436 enim

290 3478 438 3535 vobis
455 3479 517 3534 in
539 3477 872 3546 beneficium
893 3475 1098 3531 traditi
1111 3471 1457 3542 sumus,ideo
1474 3488 1540 3544 ep
1551 3473 1737 3542 ἱερορο
1753 3485 1888 3525 cen-

289 3583 420 3623 sum
435 3566 748 3638 persolvere
764 3580 878 3620 non
899 3563 1178 3619 debemus.
1215 3562 1276 3616 In
1299 3564 1498 3616 vestra:
1527 3560 1681 3614 enim
1711 3558 1887 3614 domi-

288 3655 546 3711 nationis
575 3654 846 3710 servitute
886 3652 1042 3707 nobis
1071 3652 1318 3718 sufﬁcere
1347 3648 1650 3712 credimus,
1675 3650 1730 3702 et
1761 3647 1884 3702 ideo

285 3745 348 3801 in
378 3744 599 3801 diversa
622 3741 831 3816 partiri
863 3741 1180 3812 nequimus.
1214 3736 1309 3792 His
1331 3734 1547 3801 auditis,
1568 3734 1884 3791 Grimaldus

285 3850 352 3889 ex
367 3833 462 3888 illo
475 3840 718 3904 tempore
736 3828 897 3902 etrapit
917 3828 1161 3900 cogitare
1179 3824 1494 3896 rogantibus
1515 3823 1814 3879 Hartmodo
1831 3831 1885 3878 et

283 3920 507 3993 reliquis
522 3919 772 3976 fratribus
797 3925 960 3988 atque
979 3932 1100 3972 cum
1129 3913 1236 3969 illis
1267 3921 1620 3985 pertractare,
1655 3911 1885 3984 qualiter

285 4009 467 4082 ipsum
486 4005 871 4064 monasterium
892 4012 944 4061 et
963 4005 1034 4060 ab
1054 4002 1210 4058 istius
1239 4017 1455 4071 census,
1475 4009 1532 4056 et
1550 4001 1618 4056 ab
1635 3999 1782 4056 omni
1793 3999 1882 4054 in-

291 4096 625 4170 quietudinis
661 4095 984 4150 liberaretur
1008 4091 1275 4148 molestia.
1301 4090 1460 4160 Quod
1489 4089 1564 4145 ita
1582 4097 1879 4162 peractum,

284 4187 339 4242 in
373 4183 723 4257 sequentibus
743 4185 858 4239 Deo
893 4181 1188 4237 miserante
1205 4178 1650 4252 monstrabimus.
1672 4177 1883 4233 Exinde

283 4274 454 4348 igitur
481 4272 760 4343 utriusque
789 4270 896 4327 loci
926 4278 1190 4335 rectores,
1236 4266 1502 4338 episcopii
1550 4265 1802 4323 videlicet
1830 4273 1883 4321 et

285 4361 618 4426 monasterii,
651 4375 774 4416 cum
805 4358 1200 4427 sibisubjectos
1224 4354 1546 4427 perquirere
1576 4362 1876 4426 cmperunt,

1981 3209 2133 3263 sterii
2176 3208 2459 3274 haberent,
2511 3225 2693 3280 neque
2720 3208 2775 3263 in
2803 3223 2970 3264 censu
3013 3223 3190 3280 neque
3219 3207 3276 3262 in
3321 3207 3429 3261 ulla
3473 3206 3582 3262 alia

1983 3295 2146 3350 simili
2172 3311 2360 3366 causa,
2405 3303 2592 3368 preter
2620 3295 2920 3368 spiritalem
2963 3295 3338 3351 tantummodo
3371 3293 3583 3366 episco-

1981 3384 2119 3456 palis
2165 3383 2327 3440 otiicii
2371 3385 2729 3456 dignitatem;
2763 3385 2861 3440 sed
2907 3401 3043 3456 pura
3090 3391 3270 3439 mente
3299 3399 3366 3438 ex
3395 3383 3500 3439 hoc
3529 3391 3584 3438 et

1983 3473 2244 3546 deinceps
2299 3473 2574 3530 licentiam
2629 3473 2889 3530 haberent
2931 3472 3181 3528 monachi
3228 3471 3414 3528 idem°
3460 3472 3577 3526 Deo

1983 3563 2213 3629 servire,
2261 3562 2500 3635 nullique
2531 3562 2774 3619 saeculari
2817 3561 3089 3634 potestati,
3119 3559 3224 3616 nisi
3266 3560 3398 3616 solis
3425 3559 3578 3633 regi-

1983 3651 2086 3706 bus
2115 3651 2477 3721 subjacerent.
2508 3653 2638 3708 Haec
2677 3651 3015 3708 confirmatio
3044 3666 3166 3706 cum
3211 3649 3367 3722 regia
3395 3656 3581 3705 aucto-

1983 3739 2142 3795 ritate
2171 3739 2316 3796 circa
2343 3748 2627 3813 utramque
2675 3747 2882 3812 partem
2913 3739 3072 3795 fuerit
3091 3739 3110 3774 τ
3138 3738 3393 3805 stabilita,
3439 3736 3581 3794 orie-

1982 3828 2140 3884 batur
2168 3836 2222 3884 et
2259 3829 2482 3884 alterius
2531 3829 2725 3884 similis
2772 3845 2949 3886 causae
2990 3826 3291 3884 necessitas
3339 3827 3394 3882 in
3437 3842 3580 3897 prae-

1983 3917 2142 3984 senti,
2193 3934 2312 3990 quae
2353 3926 2405 3974 et
2451 3917 2698 3988 protinus
2743 3917 2799 3972 in
2847 3918 3041 3973 eodem
3087 3915 3316 3972 concilio
3362 3914 3578 3987 penitus

1982 4005 2283 4062 finiebatur.
2335 4006 2474 4061 Nam
2519 4005 2794 4078 eumipsa
2838 4006 2963 4062 loca
2999 4005 3070 4060 ita
3099 4005 3302 4060 unitate
3348 4003 3579 4059 fuissent

1981 4103 2140 4150 antea
2181 4095 2452 4166 copulata,
2484 4102 2540 4150 ut
2569 4095 2717 4152 velut
2746 4094 2838 4150 uni
2868 4109 3086 4166 semper
3131 4093 3445 4150 viderentur
3472 4107 3577 4147 cae-

1981 4183 2109 4238 dere
2164 4183 2436 4254 potestati,
2495 4185 2654 4252 hujus
2702 4199 2862 4239 causa
2907 4180 3301 4239 communionis
3362 4179 3582 4254 quidam

1980 4271 2334 4327 hereditatem
2393 4287 2546 4326 suam
2587 4271 2656 4326 ad
2713 4270 3083 4326 Constantiam
3143 4285 3340 4325 census
3399 4269 3581 4323 debito

1980 4360 2276 4416 caedentem
2333 4359 2667 4415 monasterio
2724 4358 3188 4426 contradiderunt,
3247 4364 3300 4411 et
3353 4363 3576 4412 econtra

284 4449 518 4524 qualiter
573 4447 864 4504 salubritas
891 4445 1044 4519 pacis
1095 4445 1236 4498 inter
1279 4450 1570 4514 utrumque
1598 4443 1777 4499 locum
1807 4442 1880 4497 ita

1982 4449 2245 4504 tributarii
2289 4447 2604 4504 monasterii
2651 4447 2879 4503 eandem
2924 4445 3262 4502 tributariam
3307 4443 3580 4499 heredita-

284 4545 603 4594 statueretur
623 4545 675 4592 et
702 4535 1028 4604 firmaretur,
1059 4540 1118 4588 ut
1149 4532 1357 4603 absque
1385 4530 1660 4586 discordia
1698 4547 1878 4602 quan-

281 4627 460 4699 doque
489 4626 674 4684 liceret
695 4625 976 4697 utriusque
997 4621 1194 4678 Christi
1212 4619 1722 4677 servitioinherere.
1743 4620 1876 4674 Cum

348 4796 374 4824 ⁸
398 4788 634 4864 tantum
681 4787 794 4864 ηοον
822 4855 834 4864 .
859 4787 1076 4864 Postlla?
1133 4781 1672 4864 Rte’s-.é!°‘?3'1’_.--z‘
1745 4792 1880 4864 ξιξε-

280 4855 462 4934 monis
509 4855 771 4934 essent:
789 4855 840 4904 οι
855 4849 1674 4934 miserunt}:359339"!
1739 4850 1874 4934 9:33;

279 4922 428 4986 regiis
494 4920 776 4974 architectis
845 4914 902 4971 et
947 4915 1216 4982 pictoribus
1293 4914 1620 4980 Augiensibus
1736 4925 1876 4976 Opem

279 4987 572 5109 {geptibug
637 4992 691 5039 ut
759 4985 911 5037 codex
975 4995 1166 5037 coaavus
1231 4993 1282 5032 n.
1366 4980 1464 5030 397
1527 4979 1663 5031 hisce
1732 4982 1878 5032 testa-

303 5068 404 5108 lll':

344 5177 617 5248 Splendida,
631 5181 913 5232 marmoreis
932 5184 1108 5232 ornata
1136 5183 1213 5248 est
1230 5181 1346 5232 aula
1372 5177 1625 5248 columnis,

349 5243 505 5312 Quam
530 5247 814 5301 Grimaldus
837 5262 988 5298 ovans
1001 5249 1144 5310 ﬁrmo
1163 5246 1452 5314 fundamine
1468 5243 1660 5314 struxit

351 5317 580 5376 Ornavit,
605 5317 776 5378 coluit,
801 5315 1072 5365 Hludowici
1087 5313 1340 5376 principis
1363 5313 1483 5364 almi

353 5384 689 5446 Temporibus,
725 5383 905 5432 multos
927 5383 1070 5432 littus
1093 5382 1304 5443 feliciter
1343 5392 1518 5431 annos.

349 5452 480 5502 Aula
502 5450 746 5513 palatinis
757 5449 976 5512 perfecta
995 5453 1072 5498 est
1093 5452 1186 5500 ista
1207 5448 1474 5510 magistris.

347 5518 518 5571 Insula
556 5519 769 5583 pictores
783 5517 1122 5569 transmiserat
1148 5514 1314 5578 Argia
1335 5516 1492 5566 clara.

1979 4547 2088 4594 tem
2133 4538 2204 4593 ad
2251 4537 2621 4610 episcopatum
2662 4535 3124 4592 contradiderunt.
3176 4535 3244 4590 Et
3281 4541 3337 4588 ut
3385 4531 3440 4586 in
3467 4531 3574 4586 hoc

1978 4627 2140 4684 etiam
2168 4627 2385 4700 penitus
2428 4625 2604 4682 omnis
2648 4624 2920 4682 dissensio
2969 4623 3268 4680 auferretur
3297 4621 3441 4676 idem
3471 4635 3567 4675 rex

2043 4785 2068 4822 δ
2092 4790 2242 4840 Istum
2312 4801 2509 4840 censum
2567 4790 2676 4850 post
2749 4787 2971 4838 Carolum
3019 4776 3100 4836 Ἠ.
3166 4787 3216 4836 et
3271 4782 3571 4850 Ludovicum

1974 4855 2108 4918 pium
2187 4854 2458 4906 Ludovicus
2538 4849 2645 4917 ejus
2740 4855 2865 4904 filius
2943 4851 3249 4918 ratihabuitr
3304 4849 3570 4918 diplomate

1974 4915 2323 4973 Franconofurt
2363 4935 2491 4972 anno
2519 4923 2541 4972 1
2566 4915 2752 4982 ’τθᾳηῂ
2794 4922 2856 4970 14
2897 4919 3009 4970 Kal.
3059 4919 3178 4969 Nov.
3240 4916 3416 4967 indict.
3480 4915 3562 4982 12.

1974 4986 2090 5037 dato
2152 4991 2200 5037 et
2259 4987 2420 5040 adhuc
2487 4981 2764 5054 superstite.
2837 4985 3068 5054 Ludovici
3133 4985 3200 5054 pii
3257 4981 3566 5054 confirmatio

1973 5055 2307 5120 conventionis
2383 5053 2526 5117 hujus
2551 5050 2564 5054 ⁷
2607 5053 2626 5120 <
2659 5056 2906 5118 superstes
2995 5051 3195 5120 a'lhuc)
3222 5119 3231 5120 ί
3255 5050 3395 5120 Ασαῐλ
3492 5050 3570 5099 est

1974 5119 2263 5182 Aquisgrani
2285 5122 2316 5171 3
2338 5122 2463 5172 Νοη.
2489 5117 2622 5172 Jun.‘
2639 5117 2765 5173 anno
2784 5121 2907 5186 Imp.
2929 5121 2982 5186 5,
3005 5119 3182 5171 indict.
3215 5117 3294 5169 lt.

2042 5231 2064 5258 ο
2087 5221 2139 5271 Id
2173 5224 2246 5273 est
2271 5222 2554 5284 optimates.

2041 5305 2063 5339 ἀ
2088 5307 2140 5358 ld
2164 5309 2240 5357 est
2265 5311 2475 5358 vertere.

2043 5419 2064 5442 ⁶
2088 5412 2269 5472 Nempe
2295 5407 2504 5460 Ibidem.

2045 5509 2064 5550 τ
2083 5515 2210 5580 Lege
2233 5511 2432 5577 fuisset.
