4112 6192
579 235 709 289 1071

1535 227 1942 284 RATPERTUS
1973 225 2500 284 SANGALLENSIS
2529 225 2766 284 ABBAS.

3717 233 3738 285 1
3749 233 3838 288 ῦτῖ

577 359 646 414 de
675 363 832 428 parte
861 349 1196 415 monasterii,
1243 347 1704 404 consentientibus
1751 350 1946 406 abbate
1974 357 2026 405 et
2053 349 2168 405 fra-
2197 347 2524 422 Aanalogio
2545 349 2572 385 ει
2591 357 2754 421 atque
2799 349 3142 406 confessione
3179 351 3256 406 ita
3297 351 3570 416 innovari,
3609 353 3838 408 maxima-

576 447 772 507 tribus,
807 441 1072 516 quasdam
1103 455 1188 493 res
1221 438 1288 492 ad
1319 437 1685 492 Constantiam
1711 439 2074 505 condonavit;
2108 455 2170 494 ea

577 533 831 587 videlicet
877 529 1106 592 ratione,
1141 533 1198 580 ut
1236 525 1420 580 omnia
1465 543 1586 598 quae
1633 533 1760 582 tunc
1805 527 1860 581 in
1905 535 2170 598 potestate

575 617 892 676 monasterii
925 623 1096 680 erant,
1129 615 1215 670 vel
1245 630 1277 667 a
1307 614 1548 684 praefatis
1581 614 1881 670 tributariis
1909 615 2037 670 illuc
2067 616 2168 670 de-

575 709 776 780 legata,
828 705 914 760 vel
975 702 1334 774 qualicunque
1379 703 1542 756 modo
1587 703 1790 774 ibidem
1831 701 2164 768 conﬁrmata,

571 805 762 867 postea
793 794 908 848 sine
941 791 1102 848 ullius
1140 790 1568 846 contradictione
1599 807 1844 862 personae
1877 789 2166 846 firmaren-

571 893 660 940 tur
689 883 886 938 ibidcm
915 881 969 934 in
999 887 1318 950 perpetuum
1345 894 1720 949 permansura.

641 971 738 1026 His
766 987 899 1026 vero
929 969 1002 1024 ita
1032 985 1064 1022 a
1095 967 1348 1023 clementi
1376 983 1509 1038 rege
1557 967 1704 1022 omni
1733 983 1852 1022 cum
1894 982 2165 1022 consensu

569 1059 905 1130 compositis,
931 1056 1092 1126 jussit
1121 1056 1264 1110 idem
1297 1071 1392 1109 rex
1424 1071 1536 1110 suae
1579 1054 1911 1110 auctoritatis
1949 1070 2162 1124 praece—

567 1157 719 1218 ptum
764 1147 978 1217 utrique
1025 1144 1163 1214 parti
1218 1143 1286 1198 ad
1332 1150 1650 1213 perpetuam
1699 1141 2164 1198 confirmationem

567 1236 718 1291 istius
749 1235 892 1306 pacti
924 1233 1101 1288 statim
1132 1232 1186 1286 in
1215 1230 1473 1302 praesenti
1516 1229 1806 1285 conscribi.
1839 1231 1908 1284 Et
1939 1238 1994 1284 ut
2025 1245 2162 1286 cau-

565 1325 672 1379 tius
702 1325 819 1379 luec
851 1323 1042 1377 eadem
1087 1318 1355 1374 ﬁrmitatis
1404 1318 1669 1388 scriptura
1718 1319 2156 1386 communiretur,

563 1413 820 1484 praecepit
849 1410 1100 1482 primitus
1129 1406 1501 1462 tantummodo
1533 1406 1786 1461 dictatam
1817 1416 1868 1461 et
1889 1407 1944 1460 in
1976 1407 2162 1477 aliqua

565 1502 744 1556 scaeda
802 1497 1165 1566 conscriptam
1213 1494 1316 1548 sibi
1371 1495 1706 1565 praesentari.
1765 1496 1834 1548 Et
1892 1511 2014 1550 cum
2068 1495 2158 1566 ille

561 1605 786 1646 causam
817 1585 1216 1655 comprobaret,
1251 1591 1376 1638 tunc
1417 1583 1633 1637 demum
1664 1583 1988 1638 cancellario
2019 1600 2160 1654 prae-

2273 454 2378 508 que
2409 453 2474 492 ex
2503 445 2658 508 parte
2679 446 2850 494 totum
2895 455 2958 494 ex
2989 439 3202 512 integro
3245 439 3372 495 fecit
3413 439 3688 507 aediﬁcari,
3719 443 3836 498 sicut

2269 526 2430 580 hodie
2451 525 2663 582 videtur
2689 535 2742 581 et
2771 527 3028 582 cernitur.
3079 528 3348 582 Praeterea
3379 528 3600 584 coronis
3626 539 3832 600 °argen~

2270 613 2390 680 teis,
2421 614 2651 686 aliisque
2683 614 2914 670 diversis
2945 614 3298 672 luminaribus
3321 617 3526 686 pariter
3553 633 3670 672 cum
3707 619 3830 672 mul-

2267 701 2486 756 timodis
2515 703 2786 758 variorum
2807 713 3254 760 ornamentorum
3286 705 3666 774 splendoribus
3683 705 3832 776 ipsam

2267 807 2602 861 magnopere
2645 791 2848 846 studuit
2889 791 3156 863 insignire
3201 792 3506 848 basilicam.
3555 793 3792 848 Absidam
3817 795 3834 830 ί

2267 894 2482 950 quoque
2527 887 2650 949 post
2697 879 2946 934 altarium
3007 879 3178 936 sancti
3235 880 3379 934 Galli
3437 881 3512 935 ita
3569 881 3832 938 honoriﬁce

2265 967 2474 1038 pictura
2529 967 2807 1034 deaurata,
2853 967 2993 1024 sicut
3037 968 3092 1022 in
3145 968 3400 1038 praesenti
3439 969 3702 1034 videmus,
3732 970 3834 1040 ipso

2265 1055 2569 1126 composuit
2601 1063 2866 1126 tempore.
2901 1056 3188 1110 Librorum
3247 1057 3412 1110 etiam
3469 1073 3578 1112 non
3635 1073 3833 1127 parvam

2267 1144 2476 1214 cOpiam
2523 1144 2624 1198 sub
2672 1145 2865 1200 eodem
2910 1144 3103 1199 abbate
3149 1145 3462 1200 Hartmotus
3511 1146 3832 1216 composuit;

2265 1247 2494 1303 quorum
2521 1233 2743 1287 nomina
2770 1234 2888 1288 haec
2915 1249 3040 1288 esse
3071 1233 3210 1289 scias
3237 1241 3266 1278 ε
3299 1251 3314 1287 :

2333 1321 2352 1340 "
2382 1319 2632 1392 Quinque
2687 1321 2858 1375 libros
2899 1321 3092 1392 Moysi,
3149 1322 3336 1388 Josue,
3409 1321 3836 1393 judicumquein

2263 1408 2536 1463 volumine
2565 1412 2614 1462 1.
2648 1409 2860 1481 Regum
2891 1408 3058 1463 libros
3087 1413 3118 1464 3
3147 1410 3203 1463 in
3223 1409 3498 1465 volumine
3527 1427 3654 1464 uno.
3677 1413 3692 1430 ‘
3719 1413 3835 1464 Tres

2261 1496 2431 1550 libros
2454 1496 2781 1565 Salomonis,
2817 1503 2866 1550 et
2897 1497 3096 1552 librum
3129 1497 3430 1568 sapientiae,
3463 1497 3552 1552 vel
3577 1499 3720 1562 Jesu,
3745 1499 3834 1552 Job

2262 1592 2314 1638 et
2343 1585 2566 1639 Tobiam
2601 1585 2658 1638 in
2687 1585 2959 1640 volumine
2989 1601 3116 1640 uno.
3153 1587 3172 1606 ⁶
3221 1586 3694 1656 Paralipomenon,
3745 1587 3832 1639 Ju-

561 1676 722 1746 cepit,
757 1675 810 1728 in
849 1673 1106 1746 legitimis
1151 1671 1308 1727 cartis
1355 1671 1706 1726 conscribere
1755 1672 1966 1742 praefati
2015 1673 2156 1743 pacti
2177 1699 2231 1758 Β
2263 1672 2396 1742 dith,
2431 1674 2626 1728 Hester
2657 1681 2710 1728 et
2737 1674 3027 1743 Hesdram,
3065 1675 3594 1745 Machabeornmqne
3623 1674 3780 1729 libros
3803 1679 3832 1728 2

560 1763 1022 1819 confirmationem
1038 1769 1082 1814 α.
1118 1762 1332 1816 Etcum
1363 1761 1678 1830 perscriptae
1723 1759 1969 1829 fuissent,
2020 1777 2154 1832 pro-

557 1852 691 1923 priae
719 1867 914 1906 manus
957 1848 1269 1905 auctoritate
1299 1865 1392 1904 eas
1422 1847 1769 1914 confirmans,
1816 1865 1980 1904 unam
2031 1851 2156 1920 epi-

557 1956 724 2012 scopo
754 1955 878 1995 cum
909 1939 1040 2006 suis,
1066 1937 1334 2008 aliamque
1366 1937 1548 1991 abbati
1579 1937 2000 2009 monaschisque
2030 1955 2153 1994 con-

555 2029 770 2084 tradidit
801 2037 1063 2098 perpetuo
1095 2025 1360 2079 ﬁrmitatis
1406 2025 1524 2080 sine
1555 2025 1735 2096 aliqua
1766 2026 2047 2082 eversione
2079 2028 2154 2082 ita

553 2117 868 2172 retinendas
899 2115 1119 2170 indicio.
1155 2113 1412 2185 Quisquis
1458 2121 1640 2168 autem
1669 2115 1782 2170 vult
1813 2115 1953 2170 scire
1984 2132 2153 2186 quan-

549 2215 620 2262 tm
651 2205 846 2260 fuerint
894 2221 1071 2260 causze
1101 2203 1172 2258 ob
1205 2203 1630 2273 redemptionem
1681 2203 1926 2274 pxmdicti
1955 2220 2152 2260 census

549 2304 602 2350 et
647 2293 958 2350 monasterii
1005 2291 1369 2356 securitatem,
1418 2299 1470 2346 et
1507 2299 1770 2361 praeterea
1816 2293 1886 2346 ob
1929 2293 2153 2348 tributa-

548 2383 752 2438 riorum
801 2381 1188 2454 prmdictorum
1235 2379 1732 2436 reconciliationem
1769 2381 1838 2435 ad
1869 2381 2154 2453 episcopa-

545 2481 658 2528 tum
689 2471 1024 2536 contraditm,
1057 2469 1205 2542 legat
1235 2468 1288 2522 in
1321 2469 1487 2524 cartis
1517 2485 1681 2539 supra
1731 2471 2064 2536 memoratis,
2101 2477 2154 2526 et

547 2560 798 2616 invenire
841 2561 1042 2631 poterit
1089 2557 1232 2630 quod
1263 2557 1470 2628 quaerit.
1521 2558 1781 2612 Praeterea
1827 2575 1924 2613 rex
1973 2559 2152 2629 piissi-

551 2667 670 2704 mus
701 2649 1053 2704 Hludowicus
1102 2646 1282 2701 statim
1303 2646 1462 2715 jussit
1493 2647 1774 2702 monachis
1823 2646 1942 2701 fieri
1989 2648 2151 2702 aliam

545 2747 746 2795 cartam
801 2737 1127 2791 firmissima:
1169 2734 1542 2803 immunitatis,
1575 2743 1630 2790 ut
1657 2743 1780 2806 post
1813 2735 2152 2792 Grimaldum

546 2827 808 2896 deinceps
835 2833 1160 2896 potestatem
1181 2823 1236 2877 in
1267 2831 1589 2894 perpetuum
1621 2824 1884 2880 haberent
1914 2825 2151 2895 eligendi

545 2915 650 2970 sibi
696 2915 943 2982 abbates,
997 2913 1235 2983 nullique
1277 2913 1556 2967 hominum
1605 2913 1710 2966 nisi
1759 2913 1890 2968 solis
1931 2914 2150 2986 regibus

547 3003 927 3070 subjacerent;
963 3009 1014 3054 et
1045 3001 1098 3052 in
1129 2999 1322 3054 eadem
1357 3007 1504 3054 carta
1551 2999 1823 3054 conscribi
1847 3002 2008 3068 jussit
2054 3019 2148 3057 re~

2259 1759 2313 1814 in
2349 1761 2626 1817 volumine
2672 1765 2724 1816 1.
2753 1763 2772 1782 ⁶
2805 1761 3010 1817 Omnes
3049 1763 3345 1833 prophetas
3387 1763 3446 1816 in
3485 1761 3746 1818 volumine
3789 1765 3831 1816 1.

2254 1849 2270 1868 *
2305 1849 2578 1919 Epistolas
2599 1849 2769 1916 Pauli,
2805 1853 2972 1906 Actus
2995 1851 3380 1922 apostolorum,
3413 1851 3730 1921 7Epistolas
3757 1866 3832 1906 ca-

2255 1937 2498 2004 nonicas,
2553 1945 2606 1992 et
2651 1938 3016 2009 Apocalypsin
3060 1939 3321 1992 Johannis
3369 1940 3424 1992 in
3471 1939 3734 1994 volumine
3785 1943 3830 1994 1.

2253 2027 2272 2046 '
2303 2026 2488 2080 Sancti
2533 2027 2820 2099 Augustini
2866 2043 3032 2097 super
3059 2027 3360 2082 Johannem
3405 2035 3620 2098 partem
3645 2031 3676 2082 2
3705 2033 3756 2081 et
3781 2030 3834 2080 3.

2253 2115 2272 2134 ‘
2301 2117 2368 2170 22
2399 2114 2570 2169 libros
2601 2116 2670 2169 de
2701 2114 2916 2170 civitate
2970 2115 3070 2170 Dei
3099 2115 3156 2170 in
3197 2115 3410 2170 duobus
3465 2115 3826 2170 voluminibus.

2255 2205 2271 2222 '
2303 2203 2594 2273 Augustini
2621 2204 2690 2257 de
2721 2203 2938 2259 civitate
2961 2203 3058 2259 Dei
3089 2203 3260 2258 libros
3293 2207 3359 2257 15
3379 2203 3434 2257 in
3489 2203 3756 2258 vblumine
3785 2208 3828 2256 t.

2251 2292 2270 2312 "
2301 2291 2501 2346 Contra
2547 2291 2808 2346 Faustum
2855 2291 3198 2348 manicheum
3245 2292 3416 2347 libros
3446 2293 3586 2348 duos
3625 2293 3678 2346 in
3697 2291 3828 2346 volu-

2253 2381 2398 2434 mine
2431 2383 2480 2434 1.
2514 2381 2530 2400 ⁸
2563 2384 2629 2438 82
2661 2379 3010 2451 quaestiones,
3045 2389 3098 2435 et
3145 2387 3335 2436 contra
3363 2381 3728 2436 adversarium
3759 2380 3824 2435 le—

2253 2469 2338 2540 gis
2395 2475 2444 2524 et
2500 2469 2886 2538 prophetarum
2943 2468 2998 2522 in
3063 2468 3336 2524 volumine
3403 2469 3483 2523 1¹³.
3515 2469 3825 2540 'Augustini

2253 2573 2418 2628 super
2445 2557 2686 2627 psalmos
2717 2559 2747 2610 6
2795 2557 3088 2612 volumina.
3121 2559 3138 2578 '
3171 2559 3304 2612 Item
3347 2557 3415 2612 de
3447 2557 3652 2612 eisdem
3695 2557 3828 2612 libris

2251 2647 2306 2700 in
2333 2645 2698 2700 voluminibus
2743 2645 2954 2700 duobus
2995 2653 3256 2716 excerpta
3297 2647 3456 2701 valde
3517 2646 3824 2702 necessaria.

2249 2737 2268 2754 ‘
2299 2735 2492 2789 Libros
2523 2737 2588 2791 12
2619 2733 3022 2790 confessionum
3053 2734 3226 2790 sancti
3247 2735 3556 2805 Augustini.
3589 2735 3828 2804 Ejusdem

2251 2823 2421 2878 libros
2449 2825 2482 2877 ’7
2514 2823 2582 2877 de
2629 2823 2916 2894 baptismo.
2951 2823 2966 2842 *
3004 2824 3064 2876 In
3095 2823 3352 2878 Genesim
3401 2823 3470 2876 ad
3515 2823 3744 2878 litteram
3773 2823 3828 2877 li-

2250 2913 2380 2967 bros
2415 2917 2496 2968 12.
2525 2911 2710 2967 Sancti
2731 2911 3004 2966 Ambrosii
3025 2919 3212 2966 contra
3245 2911 3507 2967 Arrianos
3539 2913 3680 2967 liber
3711 2915 3754 2978 1,
3783 2921 3828 2966 et

2250 3001 2481 3072 cpistola
2513 3001 2649 3069 ejus,
2672 3009 2724 3055 et
2755 3001 2926 3056 sancti
2955 3000 3242 3071 Augustini
3271 3009 3458 3056 contra
3505 3001 3724 3056 eosdem
3779 3001 3826 3053 in

545 3061 810 3163 gia-dona
841 3061 1163 3160 sibimetipsi
1190 3087 1489 3143 secundum
1536 3061 1984 3144 consuetudinem
2016 3091 2149 3146 alio-
2185 3061 2582 3145 Clvolumine-1
2619 3061 2834 3160 pusillo.
2871 3091 2888 3110 '
2919 3090 3000 3144 De
3029 3061 3276 3145 doctrina
3305 3089 3616 3144 Christiana
3659 3089 3772 3142 libri
3801 3091 3828 3144 1

551 3197 674 3236 rum
702 3179 1159 3235 monasteriorum
1181 3177 1468 3232 securitate
1520 3177 1877 3247 praeditorum
1929 3187 2148 3251 quotan-

541 3269 626 3326 nis
657 3276 905 3334 ventura,
940 3267 994 3322 id
1023 3275 1125 3334 est,
1169 3267 1305 3321 duos
1337 3266 1574 3321 caballos
1607 3273 1658 3320 ct
1689 3267 1797 3322 duo
1847 3275 1998 3323 scuta
2024 3283 2150 3324 cum

543 3358 770 3414 lanceis.
803 3359 872 3412 Et
901 3357 979 3412 sic
1009 3357 1168 3411 etiam
1197 3355 1360 3410 istam
1389 3363 1592 3410 cartam
1625 3371 1722 3410 sua
1755 3373 1915 3411 manu
1945 3357 2146 3412 conﬁr-

545 3457 744 3503 matam
773 3446 1100 3519 pr0prioque
1133 3446 1295 3500 anulo
1327 3433 1704 3516 consignatam‘
1725 3446 2009 3501 monachis
2039 3455 2148 3502 tra-

544 3539 680 3594 dens
700 3555 748 3606 υ,
779 3537 934 3592 laetos
963 3551 1058 3590 eos
1087 3535 1142 3589 in
1175 3551 1269 3588 sua
1301 3534 1478 3589 redire
1505 3533 1771 3605 permisit.

613 3633 664 3684 9.
717 3627 812 3682 His
859 3626 933 3680 ita
983 3625 1096 3679 Deo
1159 3623 1480 3695 disponente
1525 3623 1777 3695 peractis,
1834 3625 2147 3682 Grimaldus

542 3717 707 3772 abbas
735 3715 921 3772 omnia
950 3713 1262 3768 monasterii
1307 3713 1525 3784 negotia
1555 3713 1838 3768 Hartmoto
1869 3729 2146 3770 commen-

541 3808 699 3873 dans,
729 3806 846 3876 ipse
899 3819 1122 3859 securus
1167 3802 1338 3874 regali
1371 3819 1431 3858 se
1461 3801 1840 3874 frequentabat
1887 3804 2145 3859 exhibere

539 3895 863 3970 praesentiae.
897 3895 1212 3948 IIartmotus
1253 3891 1432 3962 itaque
1461 3907 1586 3946 eum
1634 3891 1893 3947 fratribus
1923 3893 2144 3948 tandem

541 3992 736 4054 Optata:
769 3981 1074 4037 securitatis
1105 3981 1286 4050 quiete
1325 3987 1601 4049 percepta,
1655 3980 1906 4049 operibus
1953 3997 2142 4036 neces-

541 4071 702 4125 sariis
733 4069 858 4123 totis
887 4068 1140 4122 studebat
1187 4065 1474 4130 insistere;
1505 4075 1665 4138 atque
1711 4067 1958 4137 inprimis
2007 4077 2142 4123 tem-

535 4157 685 4230 plum
716 4157 817 4212 Dei
844 4155 898 4210 in
931 4157 1136 4211 honore
1168 4154 1338 4210 sancti
1369 4154 1511 4210 Galli
1558 4163 1946 4222 constructum,
1983 4157 2142 4212 variis

534 4247 698 4318 cmpit
742 4245 1074 4301 ornamentis
1119 4245 1383 4300 decorare
1411 4253 1464 4300 et
1513 4245 1821 4300 sublimare.
1871 4245 2141 4317 Principio

536 4353 666 4394 vero
695 4336 939 4391 tumbam
970 4334 1144 4389 sancti
1176 4333 1318 4390 Galli
1337 4341 1358 4368 ο
1389 4351 1508 4389 rum
1540 4333 1766 4405 reliquis
1796 4334 2058 4390 altaribus
2090 4344 2140 4390 et

600 4466 822 4516 tDatum
880 4463 1104 4513 Hulmam
1149 4461 1327 4524 palatio
1384 4462 1516 4524 regio
1555 4463 1610 4512 11
1658 4461 1765 4512 Kal.
1811 4463 1960 4526 Aug,
1999 4475 2128 4513 anno

534 4550 618 4612 21,
649 4548 788 4612 regni
811 4549 861 4598 ia
887 4547 1108 4597 orientali
1133 4547 1354 4606 Francia,
1383 4547 1552 4596 indict.
1578 4545 1630 4596 2.

2159 4419 2212 4479 D

2248 3178 2304 3232 in
2343 3177 2615 3232 volumine
2665 3182 2714 3232 1.
2757 3177 3258 3248 Recapitulationes
3311 3178 3486 3233 sancti
3533 3176 3826 3249 Augustini.

2249 3265 2640 3322 Lectionarium
2693 3266 2762 3320 ad
2811 3265 3149 3322 basilicam‘.
3183 3268 3342 3320 'Duo
3385 3266 3660 3322 volumina
3721 3266 3830 3336 epi-

2249 3355 2508 3410 stolarum
2538 3355 2712 3410 sancti
2741 3353 3058 3410 Hieronimi.
3099 3357 3118 3376 ‘
3147 3354 3387 3410 Omelias
3422 3355 3684 3409 Johannis
3711 3355 3830 3426 Cry-

2247 3444 2492 3511 sostomi,
2528 3452 2581 3498 et
2609 3444 2678 3498 de
2711 3443 3128 3514 compunctione
3169 3443 3372 3510 cordis,
3403 3459 3470 3499 ac
3499 3443 3828 3514 reparatione

2245 3533 2388 3602 lapsi
2408 3532 2461 3586 in
2479 3532 2752 3588 volumine
2785 3536 2835 3587 1.
2871 3531 3053 3588 Sancti
3111 3532 3298 3586 Hilarii
3345 3548 3512 3603 super
3567 3533 3828 3588 Matheum

2247 3622 2502 3677 volumen
2533 3625 2584 3675 1.
2621 3622 2636 3640 '
2667 3620 3016 3677 Collectarios
3042 3631 3058 3678 i
3090 3621 3227 3676 duos
3255 3621 3312 3674 in
3343 3621 3574 3692 singulis
3605 3621 3829 3676 volumi-

2245 3711 2406 3765 nibus
2427 3711 2494 3764 de
2517 3709 2754 3766 adventu
2780 3709 2997 3764 Domini
3027 3725 3200 3780 usque
3243 3709 3296 3764 in
3353 3711 3572 3780 pascha.
3607 3711 3622 3730 ‘
3653 3709 3828 3765 Sancti

2245 3799 2520 3862 Ambrosii
2547 3797 2790 3869 episcOpi
2821 3798 2876 3851 in
2907 3798 3248 3869 evangelium
3287 3799 3588 3853 secundum
3637 3799 3826 3854 Lucam

2243 3887 2300 3941 in
2329 3887 2602 3943 volumine
2627 3891 2677 3941 1.
2711 3887 2730 3906 ‘
2759 3887 3020 3954 Ejusdem
3065 3887 3120 3940 in
3179 3887 3433 3956 epistolas
3475 3885 3630 3940 Pauli
3687 3887 3828 3942 volu-

2243 3975 2389 4030 mina
2417 3981 2468 4033 2.
2501 3976 2762 4044 Ejusdem
2791 3975 2860 4029 de
2901 3975 3044 4029 bono
3089 3975 3302 4040 mortis,
3355 3983 3408 4030 et
3453 3975 3750 4030 Hieronimi
3779 3976 3828 4029 in

2242 4064 2608 4136 Apocalypsin
2635 4063 2896 4118 Johannis
2951 4063 3004 4118 in
3035 4063 3310 4118 volumine
3341 4067 3389 4118 1.
3453 4063 3714 4119 Victorini
3765 4064 3828 4118 de

2243 4161 2430 4208 sancta
2459 4152 2736 4207 Trinitate.
2760 4151 2980 4206 Librum
3013 4153 3187 4207 sancti
3207 4151 3525 4207 Clementis.
3547 4151 3826 4208 Passiona-

2241 4241 2321 4296 les
2351 4241 2376 4276 ιε
2408 4241 2543 4296 duos
2573 4241 2628 4295 in
2685 4241 2896 4296 duobus
2927 4239 3310 4296 voluminibus.
3345 4241 3362 4262 *
3393 4241 3706 4296 Cassiodori
3747 4257 3826 4296 su-

2243 4347 2338 4402 per
2366 4345 2555 4386 omnes
2583 4329 2822 4401 psalmos
2853 4327 2910 4383 in
2941 4327 3110 4384 tribus
3137 4329 3522 4384 voluminibus.
3567 4329 3726 4384 Beda:
3755 4347 3830 4384 su-

2233 4489 2289 4525 n.
2343 4475 2442 4526 267
2483 4476 2728 4526 mutuatus
2781 4477 2874 4534 est,
2919 4473 3000 4524 ubi
3043 4474 3172 4524 hunc
3220 4474 3414 4525 titulum
3479 4474 3712 4536 praefert:
3739 4477 3831 4525 Hos

2231 4543 2387 4592 libros
2419 4543 2646 4604 patrari:
2688 4537 2972 4592 Grimaldus
3009 4539 3134 4589 abba
3179 4542 3230 4590 in
3278 4541 3572 4591 monasterio
3598 4540 3650 4590 S.
3705 4543 3830 4594 chi

599 4607 824 4684 i)Da-tum
875 4635 946 4682 est
1005 4633 1096 4682 hoc
1159 4631 1372 4692 diploma
1437 4631 1588 4681 Ulmze
1651 4632 1818 4681 eodem
1884 4645 2028 4690 anno,
2081 4637 2130 4682 et
2227 4611 2511 4692 ξ’ξμίίξέίῖίίδ
2540 4609 3024 4692 ἀνθιῖίᾷθᾳῖῗίίηῖδξὶί
3079 4607 3345 4692 (ΞῩΪΨΫἮ
3398 4609 3834 4692 ,ῗνΨμηξάῙἾῘῨζξθ

532 4701 650 4752 die‘
681 4714 736 4751 ac
797 4699 1100 4762 praecedens,
1145 4703 1220 4747 ast
1287 4697 1547 4748 manifesto
1612 4710 1777 4748 errore
1841 4699 1978 4761 pret!
2007 4701 2120 4749 Kal.

533 4769 584 4820 in
610 4781 666 4819 eo
692 4767 902 4832 positum
927 4765 1103 4828 legitur
1135 4765 1186 4814 11
1219 4765 1331 4814 Kal.

598 4853 748 4900 ενοι
816 4849 1004 4900 Tumba
1075 4848 1153 4898 hic
1217 4849 1426 4900 loculum
1498 4849 1780 4911 argenteum
1843 4848 1891 4896 in
1962 4849 2128 4899 sacelli

530 4920 737 4970 formam
795 4917 1086 4966 fabricatum
1150 4917 1368 4974 denotat,
1430 4915 1478 4965 in
1538 4928 1630 4977 quo
1689 4915 1738 4964 in
1804 4915 2128 4976 processioni-

529 4987 618 5038 bus
664 4987 721 5036 S.
795 4984 920 5034 Galli
987 4995 1098 5032 ossa
1159 4983 1644 5032 circumferebantur.
1709 4982 1937 5042 Hymnus
2001 4983 2126 5032 Rat-

523 5053 658 5116 perli
685 5054 746 5101 de
769 5052 821 5102 S.
853 5051 994 5101 Gallo
1016 5051 1070 5098 in
1097 5049 1284 5100 Canisii
1315 5049 1428 5099 lect.
1453 5051 1612 5111 antiq.

595 5137 758 5188 “Erat
811 5136 1068 5200 pulpitum,
1117 5137 1176 5186 de
1235 5147 1328 5196 quo
1388 5133 1646 5184 conciones
1707 5133 2030 5196 habebantur,
2081 5137 2130 5184 ct

531 5205 836 5268 evangelium
863 5203 1022 5253 missae
1045 5201 1312 5265 legebatur.

594 5297 614 5320 ο
643 5288 692 5338 ld
735 5291 808 5338 cst
867 5288 996 5338 orbis
1056 5291 1330 5350 argenteus,
1391 5287 1451 5336 de
1511 5299 1606 5348 quo
1663 5285 1827 5348 plures
1885 5286 2130 5350 depende-

523 5353 642 5405 bant
669 5355 935 5418 lampades,
964 5355 1090 5406 unde
1117 5367 1210 5405 vox
1235 5355 1604 5404 Kronleuchter.

589 5437 858 5489 ‘Fornices
927 5441 1052 5490 hanc
1101 5439 1238 5490 chori
1305 5437 1523 5488 absidain
1591 5437 1958 5500 constituentes,

523 5505 594 5556 ris
622 5505 865 5556 convoluti
891 5509 1050 5556 erant.
1077 5505 1436 5568 Ichnographia
1461 5519 1582 5555 saec.
1621 5519 1694 5554 ix.

599 5598 620 5636 υ
644 5589 858 5646 Iudicem
921 5591 1296 5655 subsequentem
1371 5591 1633 5656 Ratpertus
1690 5602 1750 5642 ex
1815 5590 1932 5642 cod.
2003 5593 2130 5642 msto

2026 5440 2131 5503 spi-

2227 4677 2474 4728 Hartmoti
2528 4679 2784 4742 μναῖ)σεὶιὶ
2833 4677 2912 4726 sui
2931 4689 3025 4742 per
3078 4687 3233 4742 annos
3281 4675 3345 4724 50
3393 4677 3443 4724 et
3479 4685 3649 4722 unum.
3691 4676 3834 4742 Codi-

2231 4742 2343 4792 ces'
2393 4740 2648 4804 prmﬂxum
2695 4744 2932 4794 habentes
2995 4741 3046 4791 in
3117 4740 3414 4793 bibliotheca
3493 4743 3660 4790 nostra
3754 4741 3834 4792 ad-

2231 4809 2325 4860 huc
2345 4815 2558 4864 exstant.

2297 4902 2324 4939 h
2352 4894 2516 4946 Codex

2229 4979 2440 5030 duobus.

2299 5066 2489 5120 ,Codex
2511 5065 2708 5128 Raperti
2735 5081 2784 5118 n.
2813 5069 2912 5119 6M
2937 5066 3074 5118 addit
3097 5067 3208 5117 sine
3231 5069 3519 5130 evangeliis.

2295 5149 2391 5200 ild
2452 5155 2526 5200 est
2577 5151 2888 5202 collectiones
2951 5163 3227 5202 sermonum
3297 5153 3387 5203 SS.
3479 5155 3680 5206 Patrum
3751 5161 3832 5214 per

2231 5217 2346 5266 anni
2389 5217 2623 5284 circulum
2671 5220 2720 5267 in
2769 5220 2938 5276 choro,
2985 5223 3034 5269 et
3074 5220 3280 5269 durante
3319 5219 3524 5282 prandio
3593 5217 3830 5284 legendo-

2227 5295 2338 5400 it-utm
2385 5283 2554 5334 diebus
2606 5285 2872 5336 Dominicis
2923 5289 2974 5337 ut
3035 5285 3084 5335 in
3127 5284 3242 5336 cod.
3321 5287 3436 5349 103,
3481 5301 3532 5351 p.
3583 5283 3684 5338 233
3751 5295 3830 5332 no-

2253 5363 2386 5400 aur.

2297 5429 2431 5485 kSic
2499 5437 2736 5490 vocabant
2824 5439 2971 5492 libros
3025 5440 3118 5490 SS.

2229 5507 2603 5565 prosequentes.

2577 4893 2804 4945 alteratus
2869 4904 2926 4944 n.
3004 4891 3103 4942 267
3171 4891 3318 4944 habet
3371 4895 3426 4944 in
3505 4892 3832 4946 vomminibus

3211 5441 3482 5504 martyrum
3589 5441 3828 5494 cruciatus
