4112 6192
321 273 347 328 1
357 272 460 327 073

1350 261 1446 322 DE
1476 260 1762 322 CASIBUS
1806 259 2240 323 MONASTERII
2265 260 2322 319 S.
2357 260 2586 321 GALLI.

3484 261 3625 320 1οη

318 427 419 484 per
440 408 654 467 Cantica
682 407 1040 465 canticorum.
1071 406 1429 463 Collationum
1457 412 1673 478 patrum
1700 404 1915 461 tertiam

2025 387 2174 461 igere
2206 428 2222 458 ,
2254 395 2306 443 et
2333 386 2390 442 in
2446 384 2645 442 Christi
2708 385 2913 442 ducere
2970 384 3248 441 servitute.
3307 387 3623 444 Hartmotus

318 508 373 556 et
423 505 669 573 quartam
714 505 945 570 partem.
980 497 1001 517 "
1030 496 1296 568 Regulam
1338 494 1511 551 sancti
1550 493 1827 550 Benedicti
1870 501 1925 549 et

319 587 661 659 reliquorum
700 587 921 641 Patrum
956 584 1014 639 in
1056 584 1332 640 volumine
1376 587 1425 638 1.
1475 581 1922 654 Explanationem

324 692 493 748 super
519 674 782 731 lectiones
810 672 865 728 in
894 672 1170 728 volumine
1216 676 1265 727 1.
1302 672 1491 727 Libros
1520 668 1923 741 aetbimologia-

322 780 443 819 rum
473 762 667 819 Isidori
696 761 753 817 in
781 761 983 817 volum.
1023 764 1072 817 1.
1105 759 1327 832 Iosephi
1371 760 1439 815 de
1482 757 1797 831 antiquitate
1824 757 1923 811 Ju-

323 853 477 909 daica
504 850 630 907 libri
660 854 726 907 12
754 849 811 903 in
840 850 1042 906 volum.
1069 852 1119 903 1.
1150 849 1170 869 ⁶
1201 850 1334 904 Item
1365 847 1537 903 libros
1568 850 1599 903 4
1630 847 1685 901 in
1716 845 1922 902 volum.

325 945 376 997 1.
410 942 579 997 'ltem
608 938 852 1009 ejusdem
880 938 948 993 de
977 937 1123 993 bello
1164 936 1392 993 Iudaico
1423 936 1548 991 libri
1575 938 1608 990 '7
1633 934 1689 989 in
1716 933 1919 990 volum.

328 1033 380 1085 1.
404 1031 677 1099 Excerpta
697 1028 766 1083 de
789 1025 1046 1097 Pompeio
1064 1025 1119 1080 in
1135 1026 1335 1082 volum.
1363 1028 1411 1079 1.
1444 1025 1611 1081 Gesta
1631 1021 1924 1079 Alexandri

324 1118 381 1174 in
419 1117 620 1173 volum.
674 1120 724 1173 1.
771 1115 995 1170 Librum
1033 1130 1327 1187 ymnorum
1372 1112 1654 1186 Optimum.
1678 1099 1924 1168 “Gram-

321 1206 571 1262 maticam
599 1204 866 1261 Prisciani
904 1204 960 1258 in
986 1203 1185 1259 volum.
1234 1207 1284 1258 1.
1332 1203 1352 1223 ⁶
1380 1201 1600 1257 Librum
1627 1216 1921 1257 canonum.

322 1293 697 1351 Passionalem
765 1291 1157 1364 apostolorum.
1233 1289 1550 1347 Passionem
1620 1296 1924 1345 sanctorum

318 1383 519 1455 Sergii,
550 1389 602 1437 et
630 1380 815 1438 Baebi.
845 1381 1169 1436 Cbronicam
1211 1378 1453 1449 Eusebii,
1488 1385 1541 1435 et
1587 1376 1928 1433 Hieronimill

320 1473 340 1494 ‘
370 1473 687 1527 Tractatum
734 1468 994 1539 Origenis
1038 1467 1093 1522 in
1125 1467 1408 1539 epistolam
1439 1466 1592 1521 Pauli
1622 1465 1693 1520 ad
1723 1465 1926 1521 Itoma-

322 1577 445 1617 nos.
480 1560 500 1581 "
530 1556 776 1616 Rhabani
805 1555 1049 1629 episcopi
1088 1556 1144 1610 in
1166 1554 1529 1627 posteriorem
1557 1561 1764 1625 partem
1793 1553 1926 1609 Hie-

322 1649 511 1706 remias
556 1647 838 1719 propheta:
881 1645 1135 1702 volumen
1168 1648 1223 1700 1.
1262 1645 1439 1700 ‘Item
1486 1642 1747 1715 epistolas
1774 1638 1932 1698 Pauli

2024 491 2179 544 vero,
2210 475 2564 548 precipiente
2594 473 2895 543 Grimaldo,
2928 489 3121 530 omnes
3148 474 3365 530 labores
3393 483 3448 531 et
3473 475 3626 532 itine-

2024 579 2107 631 ra,
2139 565 2255 620 sive
2283 564 2353 619 ad
2382 572 2614 631 curtem,
2647 563 2763 620 sive
2791 563 2848 617 in
2895 561 3299 634 expeditionem
3330 570 3383 618 et
3410 564 3478 618 ad
3508 579 3625 619 om-

2023 669 2125 709 nes
2153 653 2284 708 alias
2312 652 2686 721 necessitates,
2720 652 2838 708 vice
2882 651 3028 706 illius
3058 658 3281 707 strenue
3310 651 3622 723 complevit,

2025 742 2373 813 omniumque
2400 757 2585 796 curam
2615 740 2962 813 negotiorum
2991 739 3049 794 in
3087 748 3260 795 semet
3287 739 3515 811 accepit.

2094 829 2213 900 Ipse
2243 838 2424 885 autem
2442 829 2778 898 Grimaldus,
2796 843 2922 884 cum
2946 826 3055 883 alia
3071 828 3195 884 loca
3215 836 3269 882 et
3290 828 3625 883 monasteria

2026 932 2140 972 sua:
2185 917 2386 973 dicioni
2432 916 2718 973 habuisset
2748 916 3014 985 subjecta,
3047 915 3103 971 in
3159 916 3263 971 hoc
3291 917 3626 973 monasterio

2024 1005 2302 1077 praecipue
2331 1006 2558 1077 cupiens
2587 1005 2752 1061 ﬁnem
2781 1005 2992 1060 dierum
3027 1020 3252 1060 suorum
3281 1012 3622 1077 exspectare,

2026 1093 2191 1164 coepit
2245 1093 2642 1149 studiosissime
2698 1093 3035 1149 monachicis
3064 1109 3124 1149 se
3168 1108 3425 1149 exercere
3453 1092 3625 1148 disci-

2024 1182 2207 1253 plinis,
2232 1188 2285 1237 et
2311 1181 2436 1238 licet
2465 1182 2651 1238 habitu
2666 1198 2775 1238 non
2807 1181 3395 1249 esset,conversatione
3425 1188 3622 1247 tamen,

2025 1278 2080 1326 et
2124 1277 2253 1326 voto
2307 1271 2607 1326 monachus
2675 1270 2960 1326 existebat.
3031 1270 3386 1326 Orationibus
3440 1268 3625 1341 sepius

2026 1358 2332 1425 insistebat,
2353 1357 2771 1414 elemosinarum
2790 1358 3099 1429 largitatem
3120 1358 3270 1415 solus
3288 1374 3405 1429 pra;
3425 1356 3623 1414 ceteris

2026 1436 2364 1519 possidebat,
2397 1446 2452 1502 in
2484 1454 2710 1517 tantum,
2740 1453 2797 1502 ut
2824 1453 2976 1517 pater
3003 1461 3307 1518 pauperum
3336 1452 3623 1503 vocaretur

2026 1543 2080 1590 et
2108 1542 2274 1591 esset.

2098 1624 2196 1678 His
2246 1622 2432 1696 itaque
2461 1622 2691 1694 aliisque
2748 1621 3016 1678 similibus
3058 1622 3323 1678 bonarum
3368 1622 3623 1678 virtutum

318 1718 575 1809 apostoli,
616 1742 670 1790 et
707 1736 741 1789 ’7
779 1733 1036 1806 epistolas
1067 1732 1357 1789 canonicas
1386 1732 1443 1787 in
1470 1731 1746 1789 volumine
1775 1747 1882 1787 uno
1903 1742 1930 1781 ι»
1957 1721 2362 1809 Bprofectibus
2387 1719 2609 1775 cottidie
2629 1733 2907 1809 crescens,
2933 1734 3100 1809 senex
3117 1726 3170 1774 et
3187 1718 3384 1791 plenus
3402 1718 3625 1809 dierum

319 1829 492 1882 Actus
530 1822 919 1895 apostolorum,
954 1829 1007 1877 et
1024 1821 1361 1893 apokalipsin
1392 1821 1447 1875 in
1474 1820 1683 1877 volum.
1716 1824 1765 1875 1.
1800 1821 1817 1841 ⁶
1842 1820 1927 1875 Vi-

321 1922 436 1969 tam
466 1911 635 1969 sancti
666 1910 946 1967 Columba:
972 1910 1031 1964 in
1049 1909 1257 1966 volum.
1299 1913 1349 1965 1.
1386 1910 1520 1980 Item
1547 1909 1669 1975 Job,
1699 1907 1926 1964 Tobiam

315 2002 505 2058 Iudith
536 2008 589 2057 et
616 2000 812 2056 Hester
836 1998 894 2054 in
940 1997 1150 2057 volum.
1190 2002 1240 2054 1.
1273 1998 1293 2020 ⁶
1316 1996 1566 2054 Visiones
1616 1995 1846 2053 Wettini
1876 2003 1927 2053 et

318 2089 560 2149 Baronti.
920 2084 929 2089 ”

395 2181 672 2236 Praeterea
723 2177 884 2233 etiam
932 2176 1077 2233 idem
1141 2176 1451 2232 Hartmotus
1513 2176 1612 2231 sub
1662 2173 1927 2230 Grimaldi

320 2268 659 2342 temporibus
704 2267 821 2339 ipsa
876 2266 1102 2322 fratrum
1150 2265 1464 2322 necessaria
1483 2273 1525 2332 °,
1575 2264 1632 2319 in
1666 2271 1927 2336 quantum

318 2358 515 2431 potuit,
542 2356 832 2411 meliorare
864 2353 1067 2411 studuit
1096 2360 1149 2410 et
1177 2370 1403 2427 augere.
1438 2351 1597 2422 Quod
1629 2360 1758 2409 tunc
1789 2367 1925 2409 con-

325 2447 592 2515 stitutum,
642 2460 816 2516 usque
864 2442 1028 2498 hodie
1066 2442 1315 2497 similiter
1355 2448 1637 2513 permanet
1684 2439 1922 2496 ﬁrmum.

320 2534 682 2607 Temporibus
712 2533 876 2588 etiam
917 2532 1041 2600 illis,
1080 2531 1423 2605 exigentibus
1465 2531 1781 2587 meritorum
1809 2531 1926 2600 ejus

325 2623 597 2697 insigniis,
640 2637 839 2698 corpus
886 2620 1059 2676 sancti
1105 2619 1311 2675 Otmari
1357 2620 1425 2674 de
1474 2618 1710 2675 ecclesia
1755 2618 1926 2674 sancti

319 2712 467 2768 Petri
516 2710 708 2767 festive
760 2710 1056 2775 sublatum,
1098 2708 1153 2763 in
1209 2706 1492 2763 basilicam
1550 2707 1724 2763 sancti
1781 2706 1925 2763 Galli

321 2818 448 2858 cum
507 2800 694 2857 debita
754 2799 973 2854 laudum
1035 2795 1441 2853 honoriﬁcentia
1496 2804 1579 2852 est
1634 2796 1921 2868 perlatum,

322 2898 584 2962 presente
631 2888 930 2956 Grimaldo,
976 2886 1167 2941 abbate
1209 2893 1264 2941 et
1304 2884 1745 2957 archicapellano
1776 2885 1926 2957 regis

319 2977 648 3044 Hludowici,
718 2983 771 3032 et
841 2975 1133 3031 Salomone
1207 2973 1633 3029 Constantiensis
1681 2974 1926 3031 ecclesiae

321 3068 602 3139 episcopo,
650 3078 775 3121 cum
818 3071 1018 3120 caetero
1056 3063 1437 3118 innumerabili
1484 3063 1688 3135 populo
1728 3066 1759 3119 4
1789 3062 1926 3120 feria

316 3156 421 3211 sub
451 3162 647 3212 octavo
677 3153 1043 3210 Kalendarum
1072 3152 1459 3208 Novembrium
1481 3152 1569 3207 die
1607 3151 1634 3187 ά
1663 3167 1807 3208 anno
1837 3152 1926 3207 in-

318 3243 651 3302 carnationis
709 3241 1007 3298 Dominicae
1050 3243 1172 3296 864.
1232 3240 1571 3295 Collocatum
1618 3248 1701 3296 est
1744 3248 1925 3296 autem

318 3349 519 3405 corpus
548 3332 715 3388 sancti
744 3330 844 3387 viri
890 3330 947 3385 in
995 3328 1230 3387 ecclesia
1276 3328 1450 3385 sancti
1481 3328 1623 3384 Galli
1646 3329 1801 3398 juxta
1838 3329 1925 3383 al-

318 3422 518 3478 tarium
544 3420 721 3478 sancti
763 3419 1029 3475 Johannis
1073 3418 1347 3489 Baptistae,
1393 3418 1486 3473 ubi
1536 3433 1735 3491 magna
1764 3416 1929 3472 mira-

320 3512 569 3569 culorum
618 3508 952 3565 abundantia
998 3507 1319 3565 meritorum
1354 3508 1469 3576 ejus
1499 3507 1748 3563 claruere
1778 3523 1926 3579 prae-

321 3600 501 3667 conia,
547 3614 722 3671 usque
769 3598 902 3653 dum
948 3613 1091 3653 nova
1149 3596 1252 3651 sibi
1307 3594 1575 3652 aediﬁcata
1626 3595 1853 3652 basilica
1880 3604 1923 3663 ο,

330 3705 453 3760 quae
482 3687 664 3744 statim
691 3687 747 3742 in
776 3685 1204 3756 brevitempore
1235 3692 1318 3740 est
1341 3692 1583 3757 peracta,
1632 3685 1927 3756 tumbaque

318 3785 555 3851 argento
584 3784 637 3833 et
665 3791 798 3833 auro
829 3775 933 3832 sibi
962 3782 1169 3849 parata,
1202 3772 1503 3830 honoriﬁce
1531 3773 1587 3829 in
1612 3788 1735 3829 eam
1754 3769 1929 3828 sancti

322 3867 423 3924 viri
455 3866 664 3922 exuviae.
693 3872 819 3920 sunt
846 3864 1088 3936 perlatae.
1132 3862 1267 3932 Qum
1311 3862 1535 3918 basilica
1576 3861 1739 3918 etiam
1780 3871 1922 3933 post,

322 3965 572 4027 tempora
603 3953 871 4010 Grilmadi
896 3953 967 4009 ab
1005 3954 1286 4008 Hartmoto
1324 3952 1534 4017 abbate,
1567 3951 1641 4006 ita
1681 3958 1739 4005 ut
1764 3951 1926 4006 hodie

319 4044 555 4113 videtur,
587 4050 747 4099 aucta
776 4049 858 4098 est
887 4050 1050 4114 atque
1080 4048 1404 4107 constructa,
1446 4039 1626 4095 tumba
1675 4038 1927 4096 videlicet

322 4140 376 4189 et
405 4132 561 4187 altari
592 4131 807 4204 plenius
837 4129 1130 4187 decoratis.

385 4224 516 4277 Post
543 4222 661 4278 haec
689 4221 855 4295 igitur
903 4228 1209 4291 temporum
1259 4225 1573 4273 transeunte
1618 4216 1912 4281 curriculo,

321 4310 638 4366 Grimaldus
672 4310 843 4364 abbas
873 4326 996 4365 cum
1018 4309 1134 4378 jam
1164 4306 1337 4361 aetatis
1365 4306 1629 4378 plurimos
1681 4307 1799 4361 dies
1828 4308 1922 4361 ha-

317 4399 490 4466 beret,
522 4398 685 4470 ccepit
713 4398 904 4455 sedulo
936 4398 992 4451 in
1016 4403 1205 4451 nostro
1226 4394 1559 4450 monasterio
1580 4394 1921 4461 commorari,

2025 1809 2082 1865 in
2126 1808 2470 1865 confessione
2517 1823 2665 1863 verae
2695 1804 2823 1861 ﬁdei
2852 1806 2921 1863 de
2949 1808 3054 1863 hac
3083 1807 3222 1874 luce,
3256 1805 3491 1863 Domino
3520 1822 3625 1862 vo-

2026 1906 2207 1965 cante,
2241 1896 2583 1953 altitudinem
2638 1894 2985 1963 conscendit,
3017 1902 3075 1951 ut
3128 1895 3425 1961 credimus,
3487 1895 3627 1951 lucis

2025 1995 2324 2060 perpetuae,
2357 1993 2518 2058 atque
2550 1984 2607 2039 in
2638 1984 2834 2040 eodem
2862 1983 3192 2040 monasterio
3213 2000 3338 2040 cum
3359 1983 3506 2039 omni
3524 1984 3625 2041 ho-

2025 2091 2163 2130 nore
2221 2082 2274 2130 et
2328 2074 2514 2129 debita
2563 2073 2913 2129 veneratione
2954 2072 3218 2144 sepultus,
3250 2071 3544 2143 requiescit
3569 2072 3626 2126 in

2027 2163 2283 2219 Domino.
2319 2160 2558 2235 Contigit
2587 2169 2769 2217 autem
2813 2161 3067 2216 transitus
3106 2161 3221 2230 ejus
3250 2160 3432 2215 Idibus
3452 2158 3626 2213 Iuniis

2027 2256 2079 2321 6,
2112 2251 2250 2308 feria
2276 2250 2332 2305 in
2359 2250 2539 2322 primo
2570 2257 2694 2305 ortu
2727 2249 2858 2305 solis
2879 2264 3022 2305 anno
3039 2246 3427 2303 incarnationis
3440 2245 3626 2302 Domi-

2017 2332 2162 2397 ‘nicae
2186 2343 2308 2396 872.
2341 2338 2497 2396 Rexit
2527 2346 2708 2395 autem
2739 2336 3127 2394 monasterium
3168 2344 3417 2392 nostrum
3447 2333 3624 2392 felici-

2026 2437 2112 2485 ter
2136 2445 2236 2501 per
2263 2442 2437 2484 annos
2468 2430 2536 2483 30
2568 2434 2619 2483 et
2647 2443 2834 2481 unum.

2158 2554 2363 2605 Prmmia
2387 2556 2635 2604 tantorum
2659 2553 2736 2603 cui
2756 2553 2906 2614 dona,
2932 2551 3147 2615 Christe,
3173 2551 3393 2603 laborum

2157 2621 2376 2683 Huicque
2400 2620 2563 2682 polum
2591 2619 2797 2682 tribuas,
2819 2619 2899 2682 qui
2924 2619 3099 2681 sydera
3124 2619 3255 2669 celsa
3280 2630 3501 2681 crearas,

2157 2688 2424 2749 Mattheus,
2450 2688 2661 2747 Marcus,
2687 2688 2861 2748 Lucas,
2894 2686 3173 2748 pariterque
3196 2687 3443 2736 Iohannes

2158 2753 2267 2805 Sint
2286 2754 2355 2804 illi
2380 2754 2604 2816 comites,
2632 2765 2838 2815 quorum
2870 2751 3153 2804 celebrabat
3178 2754 3390 2804 honores
3410 2759 3444 2802 i.

2096 2864 2225 2918 Post
2240 2861 2447 2917 obitum
2469 2876 2603 2918 vero
2620 2860 2887 2917 Grimaldi
2904 2860 3111 2917 fratres
3126 2862 3281 2931 juxta
3299 2860 3627 2933 promissam

2026 2951 2130 3007 sibi
2167 2950 2445 3008 licentiam
2500 2949 2751 3021 protinus
2795 2966 2917 3007 cum
2972 2950 3210 3006 maximo
3254 2950 3627 3006 unanimitatis

2025 3065 2297 3107 consensu
2346 3049 2689 3104 Hartmotum
2742 3047 2844 3102 sibi
2876 3048 3163 3121 elegerunt
3192 3048 3469 3105 abbatem.
3495 3048 3627 3104 Cum

2029 3162 2137 3220 quo
2165 3147 2372 3219 pariter
2402 3145 2624 3218 quidam
2656 3145 2725 3200 de
2757 3144 3062 3200 senioribus
3093 3145 3325 3201 fratrum
3358 3145 3429 3201 ad
3453 3144 3629 3218 piissi-

2028 3259 2175 3298 mum
2221 3258 2409 3315 regem
2469 3240 2831 3298 Illudovicum
2901 3240 3304 3298 devenerunt.5
3338 3240 3442 3310 Qui
3500 3256 3625 3299 cum

2028 3355 2216 3396 eorum
2246 3354 2575 3394 consensum
2605 3345 2659 3393 et
2705 3336 3035 3392 desiderium
3065 3336 3444 3409 comperisset,
3488 3338 3627 3395 sicut

2026 3429 2176 3501 prius
2205 3427 2491 3501 disposuit,
2552 3427 2835 3483 Hartmoto
2872 3425 3260 3481 monasterium
3312 3442 3433 3483 cum
3478 3427 3626 3484 omni

2028 3495 2332 3574 securitatis
2359 3495 2606 3572 libertate
2636 3513 2982 3587 contradidit,
3016 3513 3166 3569 nulla
3213 3514 3398 3570 addita
3426 3515 3513 3571 vel
3543 3515 3626 3570 in-

2028 3605 2290 3677 terposita
2319 3620 2501 3672 causa,
2535 3620 2635 3676 per
2670 3619 2834 3675 quam
2863 3602 3210 3674 aliquomodo
3243 3602 3468 3659 ulterius
3500 3604 3623 3661 vio-

2027 3694 2128 3749 lari
2156 3693 2420 3766 potuisset
2448 3693 2609 3762 hujus
2640 3691 2941 3749 securitatis
2968 3690 3271 3764 integritas.
3306 3692 3624 3749 Hartmotus

2029 3798 2160 3839 vero
2210 3797 2333 3838 cum
2363 3780 2616 3837 fratribus
2644 3781 2712 3836 ad
2740 3779 3129 3836 monasterium
3160 3779 3399 3851 rediens,
3435 3780 3624 3853 optimi

2028 3888 2088 3927 se
2141 3870 2379 3944 pastoris
2406 3879 2459 3927 et
2485 3869 2653 3942 patris
2706 3868 3044 3942 perfectione
3103 3867 3305 3923 studuit
3346 3868 3546 3941 ubique
3572 3878 3625 3925 et

2027 3961 2267 4033 undique
2290 3976 2569 4016 exercere.
2601 3960 2742 4014 Nam
2780 3958 2905 4014 licet
2950 3957 3345 4029 praeteritorum
3382 3957 3621 4014 maxima

2028 4065 2158 4122 pars
2174 4049 2265 4105 ille
2278 4048 2469 4104 fuisset
2488 4048 2737 4103 laborum
2759 4055 2920 4120 atque
2943 4046 3232 4114 bonorum,
3252 4054 3434 4102 tamen
3480 4063 3626 4104 nunc

2026 4138 2181 4211 quasi
2238 4136 2524 4209 incipiens,
2555 4136 2832 4193 cumulum
2859 4143 2912 4191 et
2950 4143 3307 4209 augmentum
3340 4135 3625 4192 solitorum

2026 4226 2373 4283 desiderabat
2424 4241 2626 4295 augere
2682 4224 3017 4280 meritorum.
3042 4225 3185 4279 Nam
3213 4225 3449 4295 parietes
3481 4226 3625 4281 basi-

2025 4316 2162 4373 licis:
2219 4312 2393 4370 sancti
2424 4312 2601 4380 Galli,
2635 4320 2687 4368 et
2735 4312 2791 4366 in
2836 4312 3004 4367 choro
3043 4319 3095 4365 et
3129 4310 3264 4366 foris
3294 4312 3537 4381 chorum,
3572 4321 3626 4368 et

2028 4403 2324 4476 posteriora
2378 4400 2599 4473 templi,
2650 4399 2787 4457 sicut
2823 4399 2986 4454 modo
3057 4406 3357 4454 cernuntur
3406 4400 3622 4471 pictura

319 4488 546 4561 cupiens
566 4486 831 4559 reliquum
868 4486 991 4543 vitae
1035 4491 1381 4556 δαωῑθηψιιε
1402 4499 1523 4540 Cum
1545 4485 1724 4556 quiete
1746 4492 1923 4540 ιηηε-
1954 4456 2005 4519 D
2027 4456 2313 4559 deaurata,
2357 4456 2507 4547 idem
2558 4489 2753 4545 eodem
2795 4487 2854 4543 in
2894 4495 3137 4558 tempore
3182 4487 3313 4544 fecit
3343 4456 3525 4545 ornari
3564 4496 3619 4545 et

384 4616 481 4670 .In
514 4615 735 4677 Ratpcrtt
759 4613 923 4663 codice
945 4612 1045 4662 614
1070 4624 1239 4662 erasus
1277 4613 1353 4661 est
1399 4610 1565 4661 titulus
1604 4610 1735 4672 libri,
1776 4624 1922 4674 quem

319 4682 471 4733 codex
494 4681 591 4732 267
630 4680 708 4734 bis
730 4680 893 4732 verbis
916 4683 1138 4731 recenset
1165 4697 1176 4729 :
1215 4678 1345 4729 Vitas
1366 4683 1581 4743 patrum,
1605 4689 1730 4741 quas
1752 4678 1926 4731 dicunt

317 4751 547 4811 majores.

384 4844 413 4887 ι)
438 4834 535 4884 Iste
561 4833 685 4884 liber
707 4833 757 4883 in
778 4831 885 4882 cod.
909 4831 1007 4882 267
1032 4842 1127 4881 non
1153 4829 1352 4893 legitur.

384 4921 407 4951 ε
432 4919 618 4982 Nempe
652 4918 810 4968 victus
829 4919 880 4969 et
912 4916 1135 4967 vestitus.

385 5020 411 5059 (ι
430 5003 733 5054 Conveniunt
753 5002 932 5065 optime
951 5012 1123 5061 annus,
1151 4997 1294 5060 feria,
1324 5001 1375 5049 et
1398 4997 1503 5048 dies
1525 4995 1726 5048 mensis.

385 5100 408 5129 ο
431 5088 621 5141 Sacella
644 5086 858 5138 basilica:
882 5086 1087 5137 nomine
1100 5096 1229 5148 saepe
1253 5082 1468 5134 veniunt.

387 5174 478 5228 rid
498 5176 591 5238 est,
617 5172 719 5225 sive
745 5173 806 5225 ad
846 5171 975 5237 regis
1016 5170 1198 5234 aulam,
1244 5168 1348 5221 sive
1394 5168 1444 5219 in
1487 5166 1688 5218 bellicas
1713 5165 1919 5230 expedi~
1984 5232 2001 5247 ἢ

320 5239 497 5290 tiones.

383 5352 410 5389 ε
432 5323 603 5375 Eidem
622 5325 770 5375 etiam
795 5324 991 5387 reliquit
1013 5324 1163 5374 libros
1187 5334 1319 5384 suos,
1348 5333 1555 5389 quorum
1581 5321 1646 5371 33
1673 5320 1916 5389 volumina

315 5388 541 5441 recenset
582 5391 735 5441 codex
780 5391 878 5440 267
925 5391 1015 5441 sub
1058 5392 1151 5441 hoc
1198 5389 1377 5439 titulo:
1406 5388 1532 5439 Istos
1574 5397 1743 5438 autem
1766 5388 1919 5438 libros

313 5459 516 5508 domnus
541 5456 817 5508 Grimaldus
840 5459 1007 5507 desuo
1042 5457 1186 5508 dedit
1223 5456 1289 5505 ad
1309 5456 1363 5505 s.
1392 5455 1604 5506 Gallum.
1632 5457 1702 5505 De
1728 5454 1917 5506 illorum

315 5535 413 5574 uno
458 5525 563 5574 haec
606 5522 754 5573 habet
788 5523 882 5573 iste
929 5524 1075 5574 index
1108 5543 1120 5572 :
1148 5523 1449 5574 Psalterium
1472 5524 1760 5584 glossatum,
1790 5524 1920 5584 quod

314 5591 423 5653 ipse
452 5589 733 5641 Grimaldus
754 5589 961 5651 Notingo
987 5590 1246 5641 Brixiensi
1287 5591 1515 5652 episcOpo
1548 5590 1784 5652 primum,
1805 5594 1921 5651 post

316 5670 434 5711 vero
449 5656 750 5723 Engilberge
772 5657 939 5721 regine
959 5657 1113 5723 dedit,
1138 5661 1189 5709 et
1204 5669 1300 5721 per
1318 5656 1610 5710 Rihbertum
1633 5656 1919 5719 magistrum

2019 4622 2156 4673 aliud
2201 4619 2441 4671 restituit.
2491 4616 2788 4680 Engilberga
2834 4627 2957 4666 uxor
3002 4617 3110 4666 erat
3149 4615 3381 4667 Ludovici
3411 4617 3452 4666 ll
3493 4617 3623 4679 regis

2018 4689 2169 4739 Italia:
2188 4701 2215 4738 a
2241 4687 2412 4738 Carolo
2436 4686 2615 4736 Crasso
2655 4683 2705 4732 in
2755 4681 3095 4733 Alamanniam
3146 4680 3293 4746 (forte
3325 4684 3379 4733 S.
3405 4683 3619 4747 Gallum)

2019 4755 2068 4805 in
2094 4754 2319 4806 exsilium
2351 4752 2517 4803 missa.
2542 4751 2722 4801 Annal.
2750 4749 3036 4799 Bertiniani
3061 4750 3127 4799 ad
3144 4762 3327 4801 annum
3351 4748 3621 4801 882.Vide—

2019 4825 2100 4872 tur
2123 4821 2254 4872 idem
2278 4833 2383 4871 esse
2407 4817 2714 4882 psalterium,
2740 4817 2865 4880 quod
2883 4815 2932 4866 in
2949 4814 3087 4868 Italia
3110 4815 3201 4867 sub
3221 4815 3417 4869 nomine
3440 4816 3625 4882 Engel-r

2018 4885 2171 4950 berga
2200 4887 2492 4938 celebratur.

2087 4990 2116 5028 ιι
2135 4972 2346 5024 Sortitus
2373 4972 2466 5023 hoc
2493 4969 2795 5035 epitaphium
2824 4988 2837 5019 :

2185 5118 2278 5167 Hic
2301 5120 2464 5168 manet
2488 5116 2699 5167 interius
2724 5116 2892 5166 divine
2914 5114 3037 5177 legis
3059 5121 3271 5177 amator,

2190 5200 2470 5252 Grimaldus
2486 5201 2689 5252 humilis
2712 5201 2938 5263 templum
2960 5200 3049 5251 hoc
3068 5200 3151 5264 qui
3172 5200 3383 5252 condere
3399 5197 3557 5262 iussit

2021 5340 2221 5411 (nempe
2245 5342 2298 5392 S.
2326 5337 2559 5405 Otmari).
2588 5342 2705 5392 Cod.
2726 5354 2838 5393 sate.
2866 5353 2936 5392 ix.
2963 5355 3014 5391 n.
3041 5340 3161 5405 397,
3183 5355 3241 5404 p.
3266 5341 3351 5391 52.

2086 5446 2100 5485 ί
2121 5427 2300 5477 Versus
2321 5426 2411 5476 hos
2433 5424 2529 5475 alio
2552 5428 2745 5487 tenore,
2771 5429 2820 5476 et
2845 5425 2933 5476 abs
2955 5425 3249 5478 Ekkehardo
3273 5426 3335 5477 IV
3360 5430 3614 5480 correctos

2019 5494 2255 5547 exhibent
2279 5491 2436 5543 codex
2459 5503 2514 5541 ιι.
2538 5491 2658 5554 615,
2683 5504 2799 5542 saec.
2824 5506 2934 5556 xm,
2958 5496 3010 5544 et
3034 5493 3183 5545 editio
3206 5493 3444 5546 Goldasti.

2081 5581 2306 5647 jNempe
2333 5574 2634 5647 moris‘erat,
2677 5586 2785 5624 cum
2831 5576 3080 5647 neoelecto
3117 5581 3311 5647 partem
3333 5577 3616 5645 eligentium

2018 5641 2129 5701 cuin
2152 5641 2326 5699 baculo
2353 5641 2587 5697 abbatiali
2614 5652 2782 5707 regem
2807 5642 2959 5696 adire.
