4112 6192
506 211 531 265 1
541 210 644 265 075

1514 203 1922 262 RATPERTUS
1987 202 2514 262 SANGALLENSIS
2571 205 2807 262 ABBAS.

3661 211 3792 264 1076

504 331 648 390 comi
675 341 721 387 ⁸.
751 333 812 388 In
844 331 964 388 aliis
1015 338 1281 404 praterea
1333 328 1596 399 adiﬁciis,
1626 336 1684 384 ut
1712 329 1865 386 cerni
1885 329 2084 402 poterit
2110 329 2166 390 A
2189 329 2520 398 abstrahere,
2549 329 2805 404 illiusque
2845 330 3067 388 servitio
3109 349 3206 390 eos
3249 337 3466 395 auferre
3486 347 3529 394 ο.
3559 338 3789 396 Nomina

499 415 555 470 in
583 415 860 488 prasenti,
891 415 1184 487 plurimum
1224 421 1414 470 nostro
1471 413 1800 469 monasterio
1831 413 2088 469 decorem

500 504 616 561 suis
643 504 980 576 temporibus
1010 503 1126 574 ipse
1155 502 1420 574 patravit;
1455 510 1526 572 et,
1558 509 1616 557 ut
1642 501 1880 573 plurima
1910 500 2091 557 brevi-

503 609 606 668 per
634 592 1114 664 comprehendam,
1142 591 1474 662 ubicumque
1486 589 1604 658 fuit,
1639 590 1754 645 sive
1782 589 1944 656 intus,
1977 589 2093 644 sive

502 680 651 749 foris,
687 681 801 736 sive
820 680 966 752 apud
995 679 1209 746 divites,
1235 679 1348 735 sive
1361 679 1504 750 apud
1525 677 2090 745 mediocres,Domino

503 769 742 826 donante
799 768 1168 840 sapientiaque
1199 783 1232 823 a
1271 769 1388 824 Deo
1414 767 1516 822 sibi
1583 782 1848 824 concessa
1905 775 2091 822 nostra

500 857 685 914 omnia
711 857 1023 914 cautissime
1051 856 1390 928 providente,
1435 872 1537 911 nos
1567 872 1786 928 semper
1815 855 1994 911 securi
2025 870 2092 912 ex

499 947 798 1006 titeramus.
833 946 1116 1001 Librorum
1143 961 1360 1018 quoque
1381 961 1522 1016 quos
1541 944 1632 999 ille
1655 945 1722 999 ad
1745 959 2092 1000 communem

499 1033 814 1091 monasterii
841 1034 1122 1090 utilitatem
1151 1049 1250 1090 suo
1281 1042 1526 1104 tempore
1556 1032 1805 1105 patravit,
1830 1032 1944 1088 hac
1967 1039 2092 1086 sunt

499 1116 748 1182 nominab
773 1165 786 1178 .

571 1212 853 1268 Lectiones
882 1211 1170 1284 evangelii,
1205 1228 1369 1284 quem
1395 1211 1595 1265 librum
1624 1225 1758 1265 auro
1789 1218 1841 1265 et
1870 1217 2092 1282 argento

499 1316 564 1357 ac
591 1299 860 1372 lapidibus
888 1299 1143 1372 pretiosis
1159 1299 1391 1355 ornavit.
1413 1298 1810 1354 Lectionarium
1834 1298 2094 1369 elephan-

501 1398 555 1446 to
585 1397 690 1445 °.et
718 1405 852 1445 auro
905 1396 1173 1460 paratum.
1207 1389 1222 1408 ‘
1248 1391 1316 1442 35
1357 1387 1631 1443 volumina
1671 1387 1813 1442 beati
1842 1386 2094 1459 Gregorii

495 1476 552 1532 in
597 1477 700 1533 Job
743 1477 796 1532 in
825 1493 921 1532 sex
977 1492 1206 1547 corpora
1248 1475 1440 1531 divisa.
1504 1475 1823 1531 Collectaria
1880 1475 1991 1530 duo
2025 1475 2093 1529 de

497 1567 700 1637 pascha
727 1581 900 1637 usque
927 1565 996 1620 ad
1037 1565 1328 1620 adventum
1360 1563 1596 1619 Domini.
1629 1565 1646 1585 ‘
1669 1565 1702 1619 ’7
1733 1564 1898 1619 libros
1921 1561 2095 1619 sancti

2188 433 2316 474 vero
2363 420 2664 476 eorundem
2704 419 2970 476 librorum
3009 429 3133 477 sunt
3171 425 3308 482 hac.
3340 427 3359 447 '
3391 425 3644 500 Quinque
3674 427 3789 492 libri

2187 507 2378 578 Moysi,
2408 509 2968 580 Josue,judicumqne
2995 509 3054 567 in
3080 511 3280 568 volum.
3317 518 3373 569 1.
3411 516 3430 536 ‘
3469 515 3685 587 Regum
3721 515 3785 570 li-

2191 595 2273 650 bri
2305 599 2336 652 4
2359 597 2416 650 in
2446 597 2650 653 volum.
2687 600 2737 652 1.
2769 598 2788 617 ⁶
2826 597 3154 654 Psalterium
3172 601 3240 657 de
3263 603 3785 660 Hebraicotransla-

2191 690 2302 738 tum
2331 684 2369 739 ι.
2405 685 2700 742 Proverbia
2739 685 3063 755 Salomonis,
3097 689 3461 758 ecclesiastes,
3508 699 3562 748 et
3587 691 3786 748 cantica

2188 772 2558 839 canticorum;
2589 773 2718 829 item
2744 773 2883 828 liber
2913 774 3215 845 sapientia,
3233 785 3285 833 et
3315 779 3446 834 Jesu
3468 779 3565 834 filii
3578 779 3783 848 Siraeh,

2191 869 2242 918 et
2267 861 2712 934 paralipomenon
2742 861 2867 916 libri
2893 862 3003 918 duo
3034 863 3088 918 in
3139 867 3416 923 volumine
3445 883 3573 924 uno.
3605 870 3624 888 '
3669 868 3784 933 Job,

2190 950 2408 1018 Tobias,
2470 952 2674 1020 Judith,
2751 962 2804 1010 et
2866 953 3062 1014 Hester
3106 958 3162 1014 in
3212 957 3416 1014 volum.
3469 960 3520 1012 1.
3561 957 3785 1023 Esdras,

2189 1039 2465 1107 Neemias,
2525 1051 2578 1097 et
2623 1043 3042 1102 Machabeorum
3102 1046 3229 1103 libri
3283 1050 3317 1103 2
3366 1045 3422 1100 in
3479 1044 3682 1100 velum.
3740 1049 3786 1099 1.

2192 1129 2208 1147 ¹
2237 1128 2452 1196 Esaias,
2502 1138 2555 1184 et
2599 1132 2900 1189 Hieremias
2944 1135 3000 1190 in
3047 1135 3249 1192 volum.
3304 1138 3354 1189 1.
3387 1135 3406 1152 ⁵
3439 1133 3710 1198 Ezechiel,
3741 1141 3791 1188 et

2197 1218 2259 1270 14
2290 1218 2591 1288 propheta,
2624 1228 2678 1275 et
2719 1222 2953 1277 Danihel
2996 1223 3053 1278 in
3084 1223 3286 1280 volum.
3320 1225 3370 1276 1.
3413 1223 3432 1242 ⁶
3463 1222 3790 1295 Evangelio—

2193 1321 2314 1359 rum
2344 1305 2544 1362 volum.
2582 1311 2633 1364 1.
2667 1310 3020 1382 Reliquorum
3051 1311 3315 1368 librorum
3339 1310 3468 1366 novi
3488 1311 3791 1366 testamenti

2195 1393 2396 1450 volum.
2445 1399 2496 1450 1.
2545 1396 2706 1453 Beda
2765 1399 2936 1454 libelli
2981 1401 3090 1454 duo
3135 1399 3206 1455 de
3250 1407 3442 1454 natura
3487 1415 3694 1464 rerum,
3739 1407 3790 1454 et

2194 1483 2556 1552 temporibus.
2601 1486 2618 1504 ‘
2665 1487 2797 1542 Item
2853 1504 2994 1542 unus
3051 1489 3291 1561 grandis,
3351 1494 3407 1543 et
3461 1487 3572 1542 alia
3624 1502 3787 1560 argu-

2193 1577 2376 1625 menta
2413 1575 2760 1644 computandi
2804 1575 2860 1630 in
2905 1576 3108 1632 velum.
3145 1581 3196 1632 1.
3229 1575 3440 1650 Regula
3489 1575 3658 1631 sancti
3689 1576 3788 1630 Be-

501 1653 788 1725 Augustini
815 1654 870 1708 in
897 1655 1297 1726 heptateucum.
1333 1653 1517 1710 Sancti
1553 1651 1830 1708 Ambrosii
1882 1652 1951 1706 de
1982 1651 2089 1706 ﬁde
2119 1684 2174 1745 Β
2197 1659 2420 1726 nedicli,
2455 1668 2508 1714 et
2539 1663 2993 1736 martyrologium
3032 1663 3194 1720 Beda
3235 1681 3250 1729 ;
3281 1671 3335 1719 et
3363 1662 3663 1734 ymnarius,
3695 1677 3793 1718 nec

500 1750 687 1800 contra
707 1742 959 1798 arrianos
988 1743 1158 1798 libros
1179 1746 1210 1798 3
1246 1742 1301 1796 in
1330 1743 1532 1798 volum.
1569 1745 1616 1795 1.
1651 1742 1668 1761 ⁴”
1691 1742 1824 1796 Item
1845 1741 2088 1810 ejusdem

2195 1763 2304 1802 non
2333 1756 2384 1803 et
2413 1749 2625 1806 omelia
2673 1750 2897 1806 Casarii
2941 1753 2997 1806 in
3034 1752 3235 1808 volum.
3283 1755 3334 1806 1.
3356 1755 3374 1771 ·
3403 1751 3790 1822 Ethimologia-

499 1830 626 1889 libri
655 1835 686 1886 3
717 1831 934 1903 proprie
964 1832 1032 1886 de
1061 1831 1253 1902 spiritu
1271 1838 1474 1896 sancto,
1501 1839 1730 1884 etunum
1751 1829 1818 1884 de
1839 1828 2090 1884 incarna-

493 1919 640 1977 tione
673 1919 905 1988 Domini,
937 1927 989 1975 et
1016 1919 1181 1974 alium
1197 1919 1264 1975 de
1285 1919 1445 1974 laude
1467 1925 1779 1974 sanctorum
1800 1917 1855 1971 in
1881 1917 2090 1973 volum-

499 2012 549 2066 1.
581 2009 596 2028 ⁶
631 2008 800 2064 Vitam
837 2009 1008 2064 sancti
1064 2007 1275 2063 Martini
1305 2007 1361 2061 in
1389 2006 1662 2063 volumine
1695 2022 1822 2061 uno.
1860 2008 1878 2025 ‘
1916 2005 2090 2061 Vitam

500 2100 810 2149 sanctorum
869 2092 1014 2148 Galli
1070 2100 1123 2146 et
1177 2090 1386 2146 Otmari
1433 2090 1488 2144 in
1537 2090 1808 2146 velum..l
1847 2091 1864 2109 '
1910 2090 2089 2146 Vitam

500 2181 670 2238 sancti
727 2180 976 2239 Silvestri
1052 2178 1108 2234 in
1154 2179 1428 2236 volumine
1473 2195 1602 2234 uno.
1634 2179 1652 2199 ‘
1683 2179 1932 2234 Instituta
1987 2195 2088 2250 pa-

497 2277 677 2340 trum,
711 2286 846 2343 quas
909 2276 1220 2340 nuncupant
1259 2268 1397 2323 vitas
1451 2276 1664 2340 patrum
1713 2267 1974 2333 minores,
2033 2267 2090 2322 in

497 2357 699 2413 volum.
763 2362 812 2412 1.
842 2359 859 2378 ³
888 2361 956 2415 20
1003 2357 1138 2412 duas
1185 2355 1412 2412 omelias
1468 2355 1726 2429 Gregorii
1756 2372 1921 2426 super
1944 2356 2088 2412 Eze-

497 2445 727 2502 cbielem
772 2447 1088 2518 prophetam
1153 2445 1208 2500 in
1265 2445 1464 2501 velum.
1526 2449 1576 2499 1.
1625 2445 1640 2464 ¹
1691 2444 1961 2500 Ambrosii
2019 2445 2089 2499 de

497 2533 688 2592 officiis
743 2534 868 2591 libri
927 2539 958 2590 3
989 2535 1045 2590 in
1073 2534 1348 2590 volumine
1405 2549 1533 2592 uno.
1589 2533 1769 2589 Sancti
1800 2532 2088 2604 Augustini

495 2623 566 2678 de
594 2623 875 2695 magistro,
909 2631 962 2679 et
989 2623 1234 2693 ejusdem
1274 2621 1549 2694 epistolas.
1583 2623 1717 2676 Item
1745 2621 1813 2676 de
1843 2621 2016 2692 gratia
2035 2629 2090 2676 et

496 2711 670 2767 libero
723 2712 1013 2768 arbitrio.‘
1058 2712 1404 2768 Collectanea
1460 2710 1607 2765 Flori
1651 2710 1956 2782 presbyteri
2019 2711 2087 2765 de

497 2800 858 2857 voluminibus
889 2801 1062 2857 sancti
1092 2799 1381 2874 Augustini
1409 2799 1464 2854 in
1493 2799 1780 2871 epistolam
1822 2799 1973 2854 Pauli
2019 2799 2087 2853 ad

499 2889 773 2946 Romanos
809 2891 863 2944 in
888 2890 1090 2946 volum.
1129 2895 1179 2945 1.
1213 2891 1230 2910 ⁸
1253 2889 1438 2946 Sancti
1467 2888 1758 2960 Augustini
1781 2888 1848 2943 de
1864 2887 2088 2944 utilitate

498 2977 776 3044 credendi,
809 2985 863 3032 et
892 2977 1036 3032 bono
1064 2985 1291 3042 natura,
1323 2985 1375 3030 et
1423 2977 1648 3030 scoliam
1697 2975 1884 3047 Cyrilli
1915 2976 1984 3030 de
2013 2975 2089 3030 in-

497 3063 809 3121 carnatione
835 3064 1071 3131 Domini,
1104 3071 1155 3120 et
1199 3079 1402 3135 paucas
1431 3063 1779 3135 quastiones.
1821 3065 1840 3082 ‘
1874 3063 2088 3135 Polihy-

498 3160 702 3208 storem
749 3153 921 3210 Solini
975 3153 1031 3208 in
1062 3153 1264 3209 volum.
1323 3157 1347 3208 1
1378 3153 1394 3173 ⁸
1417 3152 1816 3208 Altercationes
1847 3152 2008 3208 Attici
2036 3161 2086 3207 et

496 3242 768 3299 Cretoboli
813 3243 883 3298 ad
927 3258 1154 3314 parvum
1193 3251 1404 3326 tempus
1440 3257 1548 3297 non
1575 3233 1791 3313 poterat
1829 3240 2083 3310 inveniri,

353 3350 391 3364 ’-
494 3346 593 3402 pro
615 3347 741 3405 qua,
787 3339 1076 3403 antequam
1132 3331 1485 3398 inveniretur,
1521 3330 1725 3401 scripta
1765 3337 1847 3385 est
1877 3330 2000 3396 alia,
2035 3336 2086 3384 et

495 3420 708 3475 additus
735 3427 818 3475 est
847 3421 897 3476 ei
926 3419 1062 3476 liber
1090 3420 1263 3476 sancti
1291 3419 1576 3492 Augustini
1607 3419 1676 3474 de
1705 3417 1811 3474 vita
1834 3418 2088 3474 Christia-

495 3525 568 3564 na
597 3517 650 3565 et
677 3509 952 3566 altercatio
982 3509 1245 3565 Ecclesia
1305 3517 1356 3564 et
1385 3509 1710 3581 Synagoga.
1745 3507 2088 3565 Collectanea

498 3599 642 3655 Flori
681 3599 736 3654 in
775 3598 1056 3671 epistolam
1107 3598 1177 3654 ad
1205 3597 1513 3654 Corinthios
1569 3597 1882 3665 secundam,
1917 3605 1970 3652 et
2016 3597 2088 3652 ad

495 3689 743 3744 Hebreos
780 3687 824 3742 ά.
848 3689 866 3707 ⁶
897 3689 1128 3744 Decreta
1156 3685 1468 3759 pontificum
1499 3687 1869 3742 Romanorum
1900 3685 1955 3740 in
1984 3700 2086 3741 vo-

497 3777 700 3835 lumine
753 3793 882 3832 uno.
925 3777 1187 3852 Regulam
1237 3775 1407 3832 sancti
1435 3775 1642 3844 Basilii,
1673 3782 1726 3829 et
1757 3782 2084 3831 ceterorum.

495 3865 648 3922 Alios
677 3881 890 3939 quoque
918 3865 1106 3933 libros,
1129 3865 1335 3938 proprii
1365 3879 1532 3921 causa
1561 3863 1812 3920 videlicet
1842 3881 1990 3933 usus,
2009 3865 2090 3932 jo-

497 3955 675 4012 cunda
703 3953 938 4026 patravit
985 3953 1278 4024 scriptura;
1313 3969 1450 4025 quos
1499 3952 1746 4008 similiter
1775 3959 1897 4024 post
1925 3951 2088 4008 linem

497 4042 708 4096 dierum
763 4058 985 4096 suorum
1042 4041 1209 4095 sancti
1259 4040 1404 4095 Galli
1441 4041 1660 4095 servitio
1705 4041 2089 4112 perpetualiter

497 4129 821 4185 contradidit
877 4127 1232 4196 retinendos;
1272 4129 1583 4199 imprecaris
1639 4129 1798 4183 etiam
1853 4128 1930 4183 ilii
1979 4146 2087 4185 non

492 4234 675 4292 parva
705 4217 945 4275 dedec‘us
961 4217 1314 4287 confusionis,
1334 4217 1381 4272 si
1413 4217 1534 4290 quis
1563 4217 1973 4290 prasumpserit
1993 4219 2094 4274 ali-

497 4324 658 4384 quam
713 4315 923 4381 partem
989 4323 1175 4364 eorum
1215 4307 1284 4364 de
1331 4307 1666 4364 monasterio
1710 4307 1879 4363 sancti
1945 4307 2085 4363 Galli

565 4469 588 4495 ι
606 4455 768 4506 Codex
791 4467 842 4504 ιι.
868 4453 988 4517 615,
1011 4465 1126 4504 sae.
1158 4453 1218 4504 13
1243 4451 1321 4502 his
1343 4452 1511 4504 addit:
1541 4453 1637 4502 Isle
1676 4453 1830 4503 etiam
1854 4453 2090 4503 Hartmo-

497 4526 576 4572 ωε
600 4523 759 4574 velum
781 4521 1032 4584 optimum,
1059 4521 1190 4583 quod
1223 4521 1384 4570 adhuc
1425 4519 1574 4569 hodie
1618 4519 1668 4569 in
1711 4521 2088 4582 quadragesima

493 4592 604 4639 ante
623 4601 814 4640 crucem
831 4590 975 4638 extra
1007 4588 1206 4636 chorum
1246 4586 1564 4649 appendllur,
1587 4598 1681 4648 per
1704 4600 1876 4638 manus
1899 4587 2089 4638 sororis

493 4669 581 4708 suc
603 4656 792 4709 nomine
816 4654 1012 4706 Richlin
1033 4658 1216 4704 textum
1238 4651 1453 4703 donavit.

504 4785 518 4794 .
562 4745 826 4800 blndicem
867 4747 1239 4810 subsequentem
1285 4747 1544 4808 Ratpertus
1591 4757 1653 4796 ex
1699 4745 1868 4796 eodem
1919 4745 2086 4796 codice

494 4829 547 4866 n.
573 4815 672 4866 267
695 4815 970 4877 descripsit,
997 4815 1176 4864 omisso
1217 4813 1374 4870 titulo,
1411 4813 1492 4875 qui
1517 4812 1588 4861 sic
1629 4810 1778 4862 habet
1805 4830 1816 4860 :
1847 4811 1946 4861 Hos
1972 4825 2086 4862 vero

493 4882 650 4932 libros
674 4882 802 4931 idem
827 4881 1107 4932 Hartmolus
1148 4884 1262 4942 post
1303 4878 1605 4928 Grimaldum
1644 4877 1771 4927 abba
1794 4879 2088 4928 constitutus

493 4949 584 4999 sub
609 4949 891 4998 Hluilowlco
913 4947 1200 5009 supradicto
1240 4957 1376 5008 rege,
1402 4949 1450 4994 et
1469 4946 1576 5007 ﬁlio
1599 4945 1710 5005 ejus
1734 4944 1911 4994 Karolo
1935 4946 2088 5008 impc-

493 5021 660 5067 ralore
686 5016 737 5066 in
761 5014 936 5065 diebus
958 5013 1207 5076 regiminis
1229 5013 1309 5062 sui
1331 5011 1452 5074 fecit
1473 5011 1734 5062 conscribi.

562 5100 769 5151 °Eborc
791 5098 975 5150 addidit
1020 5110 1193 5148 manus
1239 5109 1419 5146 coava.
1469 5095 1691 5159 lnsignes
1737 5095 1786 5146 hi
1833 5095 1928 5146 duo
1974 5095 2086 5146 libri

496 5169 718 5230 tempore
742 5165 1104 5218 reformationis
1129 5161 1598 5228 subdu«.ti.(Vadian
1621 5163 1683 5212 dc
1704 5161 1948 5228 collegiis)
1973 5162 2086 5214 dein

497 5233 704 5295 periere.

565 5340 589 5378 ἀ
616 5343 846 5408 Adiungit
866 5343 1080 5407 syllabus
1102 5344 1346 5394 librorum
1365 5344 1413 5395 in
1431 5356 1482 5394 n.
1502 5343 1602 5394 267
1626 5356 1638 5394 :
1663 5343 1802 5394 Nunc
1825 5346 1943 5394 siml
1960 5343 2088 5396 inter

496 5420 682 5458 manus.
711 5411 784 5476 Ex
807 5411 978 5473 quibus
1001 5411 1161 5462 verbis
1201 5411 1372 5474 liquet,
1415 5411 1654 5475 syllabum
1697 5411 1824 5463 hunc
1866 5411 2086 5476 Ratperti

500 5486 697 5529 casuum
721 5474 846 5526 libro
871 5489 976 5530 esse
1000 5477 1334 5536 vetustiorem.

2118 4395 2171 4455 D

2189 1852 2310 1890 rum
2342 1836 2536 1892 Isidori
2559 1837 2761 1894 velum.
2796 1844 2848 1896 2.
2883 1839 3228 1896 Medicinalis
3257 1840 3398 1894 liber
3418 1855 3576 1894 unus.
3602 1839 3792 1894 Glossa

2191 1923 2244 1978 in
2277 1925 2538 1996 epistolas
2577 1921 2744 1982 Pauli.
2777 1929 2953 2000 Super
3004 1929 3266 1985 lectiones
3298 1927 3501 1984 volum.
3533 1932 3587 1984 2.
3621 1928 3790 1999 Super

2189 2014 2475 2084 evangelia
2503 2015 2705 2070 volum.
2737 2020 2795 2073 2.
2829 2018 2847 2036 ‘
2879 2003 3146 2073 Volumen
3191 2016 3392 2073 Orosii.
3441 2015 3690 2071 Martiani
3725 2016 3790 2070 de

2189 2101 2388 2172 nuptiis
2416 2103 2666 2159 Mercurii
2695 2113 2747 2159 et
2776 2105 3092 2178 philologia
3121 2105 3250 2160 libri
3290 2109 3346 2163 2.
3379 2105 3517 2159 Item
3541 2104 3612 2158 de
3659 2106 3691 2158 7
3719 2103 3786 2158 li-

2188 2190 2460 2245 beralibus
2492 2191 2700 2247 artibus
2729 2192 2853 2248 libri
2881 2196 2934 2260 7-,
2967 2193 3178 2248 Boetbii
3213 2196 3246 2247 5
3293 2191 3415 2246 libri
3453 2191 3789 2263 philosophi-

2189 2295 2269 2334 ca
2315 2280 2700 2336 consolationis
2729 2282 2785 2336 in
2827 2282 3028 2337 volum.
3085 2285 3134 2336 1.
3179 2282 3315 2336 Item
3345 2280 3437 2336 alii
3467 2284 3499 2334 5
3530 2279 3588 2334 in
3624 2281 3788 2336 altam

2189 2367 2481 2424 volumine.
2550 2370 2697 2425 Inter
2737 2371 2839 2424 hos
2880 2371 3042 2425 etiam
3094 2385 3260 2425 unam
3312 2383 3567 2441 mappam
3609 2368 3791 2426 mundi

2188 2456 2370 2512 subtili
2399 2472 2566 2528 opere
2595 2457 2852 2530 patravit,
2878 2473 3040 2531 quam
3067 2457 3207 2514 inter
3232 2459 3334 2514 hos
3377 2473 3596 2530 quoque
3627 2457 3790 2513 libros

2181 2545 2589 2602 eonnumeravit
2607 2554 2654 2601 ε.

2259 2652 2384 2706 Post
2440 2651 2644 2707 obitum
2717 2667 2850 2708 vero
2897 2652 3200 2709 Hludowici
3245 2652 3478 2724 piissimi
3539 2652 3688 2725 regis
3733 2651 3786 2707 in

2185 2747 2396 2811 partem
2443 2739 2643 2807 Caroli,
2690 2739 2786 2795 ﬁlii
2821 2741 2957 2810 ejus,
3007 2749 3195 2798 nostro
3225 2741 3557 2797 monasterio
3585 2740 3788 2813 pertin-

2185 2836 2350 2900 gente
2388 2845 2511 2886 cum
2542 2837 2722 2885 cetero
2750 2846 2946 2904 regno,
2989 2846 3182 2886 omnes
3211 2829 3568 2886 immunitatis
3612 2838 3787 2886 curtas

2186 2932 2220 2972 a
2257 2925 2412 2987 patre
2460 2917 2574 2986 ejus
2615 2917 2937 2974 Hludowico
2980 2918 3138 2974 nobis
3166 2919 3524 2984 condonatas,
3569 2919 3640 2973 ab
3668 2919 3786 2989 ipso

2119 3037 2168 3102 Ο
2185 3005 2606 3062 clementissimo
2632 3005 2742 3062 filio
2764 3007 2882 3076 ejus
2926 3007 3124 3063 Carolo
3171 3009 3487 3062 Hartmotus
3522 3006 3670 3062 abba
3689 3003 3789 3062 n6-

2188 3093 2272 3148 bis
2328 3095 2574 3150 renovari
2617 3095 2759 3163 fecit,
2812 3103 2976 3168 atque
3037 3095 3183 3152 illius
3228 3095 3546 3153 auctoritate
3601 3095 3786 3152 iterato

2188 3183 2459 3240 conscribi
2474 3183 2520 3239 ιι.

2257 3299 2448 3369 Neque
2489 3299 2593 3353 hoc
2637 3297 2850 3354 silentio
2900 3299 3336 3370 pratereundum
3380 3306 3482 3366 est,
3527 3306 3789 3371 quantum

2187 3386 2256 3441 de
2290 3387 2571 3458 regalibus
2617 3387 2999 3442 donationibus
3031 3389 3098 3443 ad
3129 3397 3375 3444 nostrum
3406 3388 3791 3444 monasterium

2187 3474 2379 3530 fuisset
2405 3475 2499 3531 illo
2535 3484 2786 3547 tempore
2831 3492 3173 3532 concessum.
3208 3477 3455 3549 Denique
3487 3476 3504 3512 ί
3534 3477 3789 3548 prafatus

2187 3563 2446 3635 piissima
2474 3564 2753 3620 memoria
2781 3582 2878 3620 rex
2907 3565 3278 3632 Hludowicus,
3327 3566 3548 3622 vivente
3592 3566 3786 3620 abbate

2189 3653 2490 3720 Grimaldo,
2539 3653 2716 3708 locum
2761 3654 2854 3726 qui
2900 3653 3459 3727 dieiturMecchinga,
3495 3653 3566 3708 ad
3593 3668 3788 3708 mona-

2188 3741 2413 3796 sterium
2459 3742 2630 3797 sancti
2679 3741 2822 3796 Galli
2867 3750 3084 3803 atoma
3130 3757 3290 3798 causa
3335 3740 3786 3798 remunerationis

2188 3830 2343 3904 regia
2373 3830 2694 3886 auctoritate
2725 3823 3097 3886 contradiditi.

2259 3955 2386 4010 Post
2423 3954 2576 4024 cujus
2631 3954 2859 4021 obitum,
2906 3954 3191 4012 Grimaldo
3249 3971 3466 4028 quoque
3514 3954 3786 4020 defuncto,

2189 4042 2410 4097 Carolus
2469 4043 2922 4099 clementissimus
2970 4061 3087 4110 rex,
3138 4042 3280 4099 ﬁlius
3319 4045 3456 4112 ejus,
3504 4045 3784 4098 Hartmoto

2187 4131 2557 4188 intercedente
2587 4132 2858 4204 quandam
2885 4131 3290 4203 possessionem
3314 4132 3480 4203 regia
3501 4131 3786 4203 potestatis

2187 4221 2243 4275 in
2269 4236 2415 4294 pago
2442 4220 2796 4294 Turgoiense,
2845 4221 3006 4276 sitam
3048 4221 3105 4275 in
3153 4221 3273 4278 loco
3330 4220 3424 4292 qui
3453 4220 3654 4276 dicitur
3682 4221 3788 4276 lio-

2191 4305 2521 4375 holvesriuti,
2558 4313 2745 4362 saneto
2775 4305 2933 4361 Gallo
2956 4306 3010 4360 in
3038 4314 3356 4378 perpetuam
3383 4305 3788 4377 possessionem

2258 4467 2280 4524 ἒ
2304 4460 2480 4512 Earum
2506 4460 2678 4524 aliqua
2699 4461 2770 4510 sic
2793 4462 2970 4510 sonant
3000 4474 3013 4510 :
3045 4460 3248 4521 Auferet
3279 4461 3325 4508 si
3365 4459 3502 4520 quis,
3529 4459 3788 4509 damur

2187 4523 2322 4578 mille
2365 4523 2599 4589 ﬂagellis,
2628 4527 2914 4591 judicioque
2955 4527 3044 4577 Del
3079 4525 3362 4578 succumbat
3403 4538 3608 4587 corpore
3636 4525 3783 4586 pesti.

2186 4592 2302 4644 Cod.
2328 4605 2380 4644 n.
2417 4594 2494 4643 I9.
2520 4595 2586 4643 Et
2627 4595 2670 4642 si
2714 4595 2826 4658 quis
2859 4599 2910 4645 cl
2954 4594 3043 4646 hos
3081 4594 3285 4658 auﬂ’crt,
3327 4604 3486 4656 gyppo
3526 4592 3789 4655 scabiei)“

2187 4661 2450 4712 redundet.
2485 4660 2603 4712 Cod.
2630 4660 2714 4710 46.

2254 4759 2273 4797 ί
2291 4763 2454 4815 Codex
2477 4775 2724 4828 perrarus.

2254 4875 2280 4912 ε
2303 4866 2438 4917 Libri
2463 4866 2514 4916 hi
2539 4865 2691 4916 etiam
2712 4862 2934 4928 catalogo
2958 4864 3265 4916 bibliotheca
3289 4863 3511 4928 inscripti
3535 4863 3782 4926 leguntur,

2186 4937 2268 4997 qui
2294 4934 2342 4982 in
2364 4933 2512 4998 duplo
2535 4945 2662 4984 nono
2687 4932 2869 4985 saculo
2893 4932 3144 4984 confectus
3169 4935 3350 4983 exstat.

2252 5047 2279 5084 ιι
2305 5045 2478 5096 Datum
2505 5048 2580 5095 est
2603 5045 2698 5094 hoc
2719 5042 2930 5106 diploma
2955 5054 3084 5093 anno
3100 5042 3221 5104 877,
3249 5043 3312 5092 15
3337 5041 3447 5092 Kal.
3465 5042 3628 5105 Sept.,
3652 5051 3782 5091 anno

2187 5111 2349 5164 Καινοιὶ
2375 5111 2536 5175 primo
2563 5109 2698 5174 regni
2723 5109 2874 5173 illius,
2898 5109 3067 5162 indict.
3101 5109 3180 5172 10,
3201 5109 3309 5160 sine
3332 5108 3460 5160 loco.

2254 5221 2268 5260 ί
2293 5225 2387 5276 Pro
2409 5223 2606 5274 ctenim.

2249 5364 2265 5412 ,-
2292 5346 2466 5396 Datum
2491 5344 2852 5412 Franconofurt
2889 5343 3028 5412 regio
3056 5343 3252 5412 palatio
3277 5343 3405 5412 Non.
3422 5342 3544 5412 Det.
3571 5352 3698 5412 anno
3720 5337 3786 5412 29

2186 5406 2344 5474 regni,
2371 5412 2543 5463 lndtct.
2597 5413 2676 5462 t0.
2725 5409 2862 5461 Villa
2908 5406 3197 5477 Mechingen
3243 5413 3294 5460 et
3317 5409 3582 5472 Giittingen
3609 5406 3788 5472 palatio

2187 5481 2391 5534 Potamo
2412 5479 2588 5532 vicina
2611 5481 2746 5534 sunt.
