4112 6192
339 257 366 310 1
379 254 493 311 0’77

1275 252 1370 309 DE
1413 252 1702 310 CASIBUS
1730 248 2163 308 MONASTERII
2193 249 2249 307 S.
2291 250 2518 307 GALLI.

3506 253 3642 309 1078

341 376 696 445 condonavit,
747 376 894 450 quod
923 384 976 433 et
1003 376 1250 450 protinus
1276 394 1391 434 sua
1436 376 1774 434 auctoritatis
1804 391 1940 433 con-
1968 373 2026 435 A
2045 376 2115 431 ad
2144 376 2538 447 supportandos
2566 373 2747 432 varios
2790 388 2972 443 casus,
3005 374 3096 446 qui
3123 390 3267 432 nunc
3297 375 3460 432 etiam
3487 376 3643 448 prio-

342 466 644 538 scriptione
673 465 909 522 firmavit
937 476 981 522 ⁸.

421 555 710 623 Quendam
733 555 894 611 etiam
921 563 1161 611 montem
1182 555 1343 611 situm
1374 555 1430 611 in
1460 555 1643 611 Hretia
1664 553 1946 621 Curiense,

335 642 401 698 in
432 660 541 715 quo
589 652 903 700 constructa
933 652 1015 699 est
1059 644 1283 701 basilica
1314 644 1483 701 sancti
1513 643 1747 699 Victoris
1796 658 1949 696 mar-

337 730 501 803 tyris,
535 731 689 801 cujus
720 740 772 788 et
800 733 1020 788 nomine
1049 740 1277 789 vocatur
1305 732 1451 788 idem
1483 732 1635 788 locus
1666 732 1821 786 Mons
1853 730 1950 783 Vi—

341 820 539 887 ctoris,
589 820 709 891 ipso
754 828 997 893 tempore
1042 822 1109 877 ad
1154 821 1545 877 monasterium
1590 820 1764 875 sancti
1807 818 1950 875 Galli

341 909 698 975 contradidit,
747 908 1123 982 firmitatisque
1174 918 1382 966 cartam
1430 909 1587 982 regia
1636 907 1950 963 auctoritate

341 995 546 1053 exinde
601 996 720 1052 fieri
763 998 925 1067 jussit
966 1003 1010 1068 δ,
1053 1006 1285 1071 rogante
1326 997 1564 1053 Eusebio
1614 997 1947 1069 Scottigena,

343 1083 443 1155 qui
471 1084 676 1139 ibidem
706 1102 807 1157 per
834 1089 903 1140 30
935 1101 1109 1142 annos
1141 1093 1439 1157 spontanee
1470 1086 1691 1141 clausus
1720 1084 1951 1139 Domino

341 1172 665 1239 serviebat;
694 1189 840 1229 anno
887 1190 1017 1230 vero
1046 1174 1431 1231 incarnationis
1480 1173 1778 1229 Dominica
1825 1174 1948 1242 884,

342 1260 528 1331 pridie
559 1261 785 1317 Kalend.
829 1263 1112 1319 Februarii
1142 1263 1209 1318 de
1240 1263 1345 1319 hac
1373 1262 1494 1318 luce
1524 1262 1593 1317 ad
1619 1261 1794 1317 lucem
1841 1260 1950 1315 mi-

341 1349 529 1421 gravit
560 1366 862 1421 perennem
889 1360 932 1407 ο.

418 1438 714 1511 Postquam
756 1455 889 1495 vero
940 1439 1087 1495 idem
1133 1438 1365 1496 Carolus
1412 1439 1620 1494 Italiam
1669 1438 1951 1511 ingressus

341 1525 576 1597 pacifice
623 1544 743 1583 eam
772 1544 871 1584 suo
921 1529 1229 1600 subjugavit
1276 1528 1526 1600 imperio,
1579 1527 1743 1582 alium
1788 1527 1952 1583 etiam

337 1613 528 1670 locum
558 1614 615 1669 in
632 1632 775 1687 pago
798 1632 962 1687 supra
989 1616 1136 1673 dicto
1159 1617 1404 1672 similiter
1425 1616 1592 1688 regia
1612 1615 1952 1671 auctoritatis

343 1703 590 1759 dominio
623 1705 943 1775 cadentem,
967 1705 1185 1761 nomine
1206 1705 1526 1771 Stamheim,
1554 1721 1679 1761 cum
1700 1705 1951 1759 omnibus

343 1791 421 1846 ad
450 1790 602 1846 illum
643 1793 1043 1863 pertinentibus
1089 1802 1277 1849 sancto
1325 1794 1550 1849 Otmaro
1599 1793 1951 1864 imperatoria

343 1879 680 1935 contradidit
710 1889 994 1951 potestate,
1045 1883 1314 1953 hujusque
1365 1881 1674 1937 donationis
1724 1880 1953 1936 firmita-

343 1975 459 2023 tem
487 1968 785 2039 imperialis
816 1970 1005 2041 scripti
1044 1978 1317 2041 pracepto
1347 1969 1659 2025 firmissime
1688 1971 1952 2027 corrobo-

344 2056 489 2112 ravit
509 2055 554 2112 ά.
589 2058 698 2113 Sed
728 2065 779 2113 et
809 2058 973 2125 illius,
1008 2074 1174 2131 quam
1194 2075 1360 2130 supra
1392 2059 1831 2130 memoravimus,
1863 2060 1956 2115 do-

342 2144 585 2200 nationis
626 2146 1028 2217 imperatoriam
1061 2147 1241 2203 denuo
1282 2148 1445 2217 jussit
1492 2147 1659 2204 scribi
1706 2163 1953 2204 comme—

341 2233 733 2302 morationem,
766 2236 913 2306 quod
939 2235 1136 2291 factum
1170 2243 1272 2302 est,
1303 2244 1360 2290 ut
1391 2235 1677 2307 imperavit
1696 2245 1735 2291 ε.

418 2323 708 2393 Postquam
754 2331 936 2379 autem
970 2323 1117 2380 idem
1157 2323 1477 2378 mitissimus
1506 2324 1799 2395 imperator
1841 2323 1951 2379 Ca-

343 2410 501 2467 rolus
527 2412 778 2467 omnibus
806 2412 975 2468 Italia
1008 2412 1424 2484 Germaniaque
1442 2412 1661 2483 populis
1691 2412 1951 2468 suavissi-

342 2515 436 2554 mo
465 2499 654 2555 ordine
683 2500 988 2572 imperavit,
1020 2508 1251 2574 rogante
1292 2502 1573 2556 Ilartmoto
1603 2508 1657 2556 et
1689 2500 1951 2557 efﬁciente

344 2587 658 2644 Liutwardo
688 2589 947 2660 episcopo
986 2597 1148 2661 atque
1193 2589 1672 2645 archicancellario
1718 2589 1951 2660 impera-

343 2676 501 2743 toris,
534 2677 805 2749 quandam
856 2678 1184 2734 abbatiolam
1213 2678 1269 2733 in
1298 2678 1450 2734 italia
1482 2678 1663 2745 sitam,
1711 2679 1951 2734 olearum

342 2773 397 2821 et
426 2765 702 2821 vinearum
749 2766 1008 2833 feracem,
1061 2784 1223 2839 quam
1253 2775 1383 2823 tunc
1413 2767 1559 2823 idem
1607 2767 1951 2823 Liutwardus

342 2853 403 2908 in
432 2854 698 2910 beneﬁcio
726 2854 977 2920 habebat,
1012 2854 1098 2911 cui
1128 2870 1327 2910 nomen
1357 2863 1437 2911 est
1469 2856 1696 2922 Massin,
1730 2855 1796 2909 ad
1826 2871 1951 2911 mo-

343 2942 649 2997 nasterium
695 2943 867 2999 sancti
900 2942 1041 2998 Galli
1070 2943 1416 3015 imperatoria
1462 2944 1783 2999 auctoritate
1814 2960 1949 2999 con-

344 3030 616 3096 tradidit;
675 3046 740 3087 eo
797 3048 1013 3104 quoque
1068 3040 1247 3104 pacto,
1310 3040 1366 3087 ut
1409 3032 1556 3087 idem
1611 3032 1949 3088 Liutwardus

346 3126 593 3191 tempore
621 3118 745 3175 vita
793 3137 907 3176 sua
936 3120 1034 3175 sub
1075 3120 1471 3177 usufructuario
1499 3121 1648 3191 ipsas
1695 3137 1785 3176 res
1813 3137 1947 3192 pos-

343 3207 567 3275 sideret,
615 3224 948 3280 censumque
976 3210 1046 3264 de
1094 3210 1214 3281 ipso
1268 3209 1411 3277 loco,
1459 3208 1597 3265 sicut
1644 3210 1761 3280 ipse
1810 3225 1945 3265 con-

343 3294 495 3361 dixit,
557 3295 787 3367 singulis
846 3296 1004 3352 annis
1059 3298 1126 3352 ad
1181 3297 1571 3354 monasterium
1626 3296 1945 3369 pradictum

342 3383 702 3454 persolveret,
750 3386 851 3441 hoc
880 3394 962 3441 est
991 3386 1076 3442 vel
1102 3390 1133 3440 6
1164 3386 1423 3459 laguenas
1471 3386 1540 3442 de
1564 3386 1708 3453 oleo,
1760 3386 1848 3441 vel
1879 3390 1945 3441 60

349 3471 554 3527 solidos
575 3473 643 3529 de
673 3481 901 3546 argento
925 3492 939 3541 ;
962 3482 1086 3545 post
1109 3475 1316 3530 obitum
1347 3490 1473 3531 vero
1494 3474 1786 3530 Liutwardi
1812 3474 1947 3546 ipsa

349 3575 439 3615 res
485 3560 602 3615 sine
645 3560 807 3616 ullius
855 3562 1277 3617 contradictione
1324 3561 1709 3634 perpetualiter
1746 3562 1816 3617 ad
1855 3562 1946 3631 jus

345 3648 682 3719 pertinerent
710 3649 1047 3705 monasterii.
1083 3651 1247 3719 Cujus
1278 3651 1357 3706 rei
1388 3659 1533 3707 carta
1565 3651 1817 3722 protinus
1845 3648 1946 3704 ﬁr-

346 3736 588 3791 missime
604 3753 700 3792 sua
716 3739 1027 3795 auctoritate
1044 3746 1127 3794 est
1144 3739 1341 3810 scripta
1358 3746 1519 3811 atque
1532 3738 1763 3807 firmata,
1785 3747 1945 3812 atque

346 3824 467 3896 ipso
496 3825 819 3898 imperatore
841 3827 1090 3897 jubente,
1123 3844 1288 3898 super
1315 3827 1565 3883 altarium
1602 3828 1776 3884 sancti
1806 3827 1946 3884 Galli

349 3921 430 3968 est
456 3914 655 3985 posita,
685 3915 781 3970 ubi
800 3916 960 3971 hodie
990 3917 1108 3972 Deo
1127 3916 1340 3973 volente
1360 3932 1482 3972 cum
1502 3932 1639 3987 pace
1669 3924 1883 3974 tenetur
1901 3917 1941 3972 τ.

420 4001 589 4075 Igitur
644 4004 972 4059 venerabilis
1040 4004 1213 4059 abbas
1267 4005 1574 4061 Hartmotus
1644 4014 1768 4076 post
1821 4014 1944 4062 tan-

347 4099 543 4159 torum,
590 4099 649 4146 ut
703 4108 870 4164 supra
930 4093 1497 4160 commemoravimus,
1558 4094 1944 4166 perfectionem

349 4178 597 4234 laborum
625 4180 849 4252 cupiens
878 4181 1041 4237 etiam
1084 4180 1246 4238 finem
1274 4199 1387 4239 sua
1416 4182 1736 4239 clarissima
1764 4183 1944 4239 admi-

347 4267 678 4323 nistrationis
728 4270 973 4340 aspicere
1028 4271 1265 4342 propriis
1322 4271 1513 4340 oculis,
1564 4272 1677 4341 jam
1731 4287 1945 4343 quoque

348 4363 507 4412 atate
537 4356 781 4428 requiem
808 4365 1087 4429 poscente,
1108 4358 1269 4429 capit
1298 4358 1487 4413 sedulo
1518 4359 1588 4413 ab
1616 4358 1944 4430 imperatore

2048 464 2198 518 ribus
2227 464 2521 535 ampliores
2569 463 2840 519 variantur
2867 463 2921 517 in
2950 464 3172 519 mundo.
3205 464 3368 532 Cujus
3398 465 3480 520 rei
3506 481 3643 521 con-

2050 569 2268 608 sensum
2301 569 2479 624 neque
2522 553 2665 623 apud
2693 552 3098 623 imperatorem,
3144 568 3321 623 neque
3350 553 3493 623 apud
3520 570 3643 610 mo-

2049 644 2253 698 nachos
2285 640 2439 697 facile
2487 641 2660 712 potuit
2704 641 2970 696 invenire.
3023 640 3132 695 Sed
3162 657 3284 696 cum
3332 641 3420 695 ille
3448 641 3643 697 diutis-

2050 730 2185 785 sime
2217 738 2270 785 et
2299 730 2615 785 omnimodo
2643 729 2700 783 in
2723 729 2824 785 hac
2861 728 3177 800 persisteret
3202 728 3480 800 petitione,
3513 737 3646 784 ata-

2050 817 2118 870 tis
2148 835 2261 874 sua
2281 818 2463 889 sepius
2492 818 2765 874 causando
2787 818 3163 891 gravedinem,
3196 817 3414 872 tandem
3435 816 3646 874 diiiicil-

2049 905 2176 961 lime
2252 906 2571 979 adquisitam
2634 906 2789 961 istius
2865 906 3140 977 petitionis
3195 906 3261 960 ab
3316 906 3646 977 imperatore

2052 994 2290 1065 suscepit
2318 996 2756 1065 promissionem.
2792 995 3025 1050 Proinde
3055 995 3209 1050 latus
3239 994 3402 1066 ctepit
3432 996 3502 1050 ad
3530 997 3646 1051 hac

2050 1082 2172 1152 ipsa
2202 1082 2420 1155 negotia
2449 1100 2757 1154 congruens
2786 1083 3063 1154 inquirere
3093 1092 3321 1155 tempus.
3354 1084 3645 1156 Aliquanto

2050 1186 2183 1226 vero
2212 1178 2518 1241 temporum
2548 1180 2855 1227 transeunte
2906 1172 3195 1241 curriculo,
3232 1171 3457 1245 contigit
3483 1173 3644 1228 dom-

2013 1258 2021 1265 ’
2048 1274 2180 1313 num
2210 1259 2598 1330 imperatorem
2635 1261 2703 1315 de
2736 1260 2886 1315 Italia
2915 1261 3231 1317 redeuntem
3281 1269 3527 1316 nostrum
3555 1261 3644 1316 in-

2050 1354 2196 1403 trare
2225 1348 2651 1415 monasterium;
2682 1348 2777 1402 ubi
2809 1365 2931 1404 cum
2960 1350 3197 1405 maxima
3226 1349 3446 1404 laudum
3472 1352 3644 1406 hono-

2050 1436 2315 1492 rificentia
2346 1445 2770 1508 cunctarumque
2792 1452 2899 1492 non
2929 1453 3097 1507 parva
3118 1438 3294 1493 latitia
3322 1438 3513 1494 fuisset
3533 1456 3647 1495 sus-

2052 1533 2239 1594 ceptus
2268 1532 2317 1590 ε,
2360 1524 2478 1595 ipse
2498 1524 2659 1579 etiam
2690 1525 2843 1581 latus
2874 1524 3049 1579 triduo
3080 1525 3278 1580 ibidem
3324 1529 3641 1597 permansit.

2050 1614 2199 1668 Tunc
2228 1606 2359 1667 vero
2390 1612 2720 1668 venerabilis
2749 1613 2920 1666 abbas
2966 1614 3273 1668 Hartmotus
3320 1623 3647 1684 oportunum

1979 1729 2033 1789 B
2054 1709 2269 1772 tempus
2300 1717 2413 1757 sua
2434 1701 2695 1757 voluntati
2723 1716 3008 1757 occurrere
3028 1702 3279 1770 credens,
3303 1701 3648 1773 imperatoris

2054 1789 2419 1859 clementiam,
2456 1798 2512 1845 ut
2545 1806 2655 1846 sua
2684 1788 3064 1861 promissionis
3112 1805 3324 1845 memor
3368 1791 3644 1862 existeret,

2054 1878 2451 1934 studiosissime
2499 1879 2661 1950 coepit
2691 1878 2955 1950 ﬂagitare.
3006 1877 3289 1933 Piissimus
3330 1895 3463 1935 vero
3492 1880 3646 1952 prin-

2054 1983 2185 2038 ceps
2241 1968 2437 2022 nullius
2479 1968 2755 2039 preterita
2797 1967 3082 2022 immemor
3129 1966 3217 2023 vel
3265 1967 3516 2023 dictionis
3562 1970 3649 2025 vel

2052 2056 2454 2127 promissionis,
2489 2056 2677 2111 volens
2707 2064 2759 2111 et
2790 2055 3000 2111 abbatis
3027 2054 3271 2128 petitioni
3299 2071 3561 2126 annuere,
3595 2067 3649 2114 et

2052 2144 2335 2200 monachis
2365 2144 2420 2198 in
2452 2144 2701 2199 omnibus
2732 2143 3065 2210 satisfacere,
3118 2144 3334 2199 illorum
3378 2144 3649 2203 concessit

2052 2232 2298 2298 arbitrio,
2330 2239 2389 2287 ut
2418 2249 2578 2304 quem
2620 2232 2837 2299 vellent,
2873 2232 2940 2287 de
2971 2231 3084 2287 suis
3110 2232 3363 2289 abbatem
3411 2234 3515 2290 sibi
3544 2235 3646 2291 eli-

2051 2329 2265 2393 gerent,
2303 2321 2585 2376 Hartmoto
2613 2320 2864 2377 videlicet
2908 2337 3301 2377 successorem.
3335 2321 3470 2392 Qua
3497 2340 3583 2380 res
3613 2340 3647 2381 a

2051 2408 2309 2463 fratribus
2363 2409 2537 2464 audita
2592 2408 2838 2465 maxima
2906 2409 3136 2466 tristitia
3193 2418 3246 2466 et
3302 2411 3646 2469 lacrimarum

2050 2496 2361 2570 pariterque
2389 2497 2708 2554 intermixta
2732 2497 2928 2554 latitia
2956 2499 3307 2555 seminarium
3332 2502 3598 2558 existebat
3629 2522 3643 2559 :

2052 2585 2298 2656 tristitia,
2348 2586 2477 2657 quia
2504 2603 2534 2640 a
2560 2586 2690 2640 tanti
2717 2586 2888 2657 patris
2930 2587 3191 2659 dominio,
3241 2588 3361 2660 ipso
3407 2590 3642 2662 vivente,

2052 2690 2112 2729 se
2143 2674 2456 2730 abstrahere
2477 2674 2801 2731 cordetenus
2824 2684 3248 2744 recusaverunt;
3278 2677 3461 2734 latitia
3489 2697 3641 2748 vero,

2052 2762 2177 2834 quia
2205 2762 2348 2818 idem
2382 2762 2840 2819 clementissimus
2859 2764 3167 2836 imperator,
3202 2781 3327 2822 cum
3356 2784 3472 2823 rem
3502 2768 3643 2825 finiri

2049 2851 2351 2907 necessitas
2398 2852 2690 2924 exegisset,
2722 2869 2831 2909 non
2862 2871 2961 2926 per
2990 2871 3118 2911 suos
3160 2855 3378 2912 nuntios
3422 2857 3643 2930 absens,

2051 2940 2148 2995 sed
2178 2956 2279 3011 per
2307 2939 2546 3012 seipsum
2594 2949 2809 2997 nostras
2854 2958 3047 2999 causas
3093 2943 3279 3000 maluit
3320 2945 3645 3006 conﬁrmare

2050 3036 2212 3101 atque
2242 3037 2481 3085 statuere
2512 3046 2777 3102 prasens.

1981 3084 2030 3148 Ο
2120 3117 2255 3172 Cum
2284 3118 2450 3191 igitur
2463 3120 2597 3185 hac,
2632 3127 2688 3175 ut
2719 3119 2973 3191 diximus,
2999 3124 3316 3193 necessitas,
3347 3126 3455 3183 imo
3482 3127 3644 3184 etiam

2046 3205 2370 3275 dignissima
2406 3207 2622 3275 utilitas,
2656 3223 2775 3263 rem
2806 3206 2949 3263 ﬁniri
2979 3211 3274 3284 exigerent,
3320 3231 3511 3271 omnes
3541 3232 3643 3288 pa-

2045 3293 2180 3349 riter
2226 3310 2386 3349 senes
2417 3303 2469 3350 et
2507 3295 2737 3364 juvenes
2767 3312 2799 3351 a
2829 3297 3009 3368 primo
3056 3316 3229 3372 usque
3258 3303 3327 3357 ad
3372 3303 3637 3375 ultimum,

2045 3382 2278 3438 Domino
2308 3383 2560 3451 donante,
2611 3385 2886 3441 communi
2929 3388 3157 3445 consilio
3185 3398 3346 3463 atque
3372 3408 3479 3448 una
3507 3409 3641 3451 voce

2046 3472 2381 3526 Bernardum
2412 3471 2514 3527 sibi
2544 3473 2827 3544 elegerunt
2855 3475 3127 3545 abbatem,
3161 3479 3338 3534 virum
3366 3481 3643 3539 nobilitate

2046 3568 2099 3614 et
2121 3561 2402 3629 juventute
2436 3562 2792 3631 praclarum;
2826 3564 2980 3632 cujus
3028 3566 3291 3637 sapientia
3321 3577 3374 3625 et
3401 3570 3643 3626 moribus

2045 3656 2208 3720 atque
2236 3649 2567 3723 benignitate
2595 3658 2645 3705 et
2676 3652 2831 3724 regia
2859 3653 3078 3709 servitia
3104 3657 3314 3731 peragi,
3347 3665 3400 3713 et
3429 3676 3489 3715 se
3519 3677 3642 3716 cum

2045 3736 2296 3792 omnibus
2341 3737 2451 3793 suis
2499 3737 2762 3795 fidissime
2807 3742 3018 3815 protegi
3066 3743 3428 3802 conﬁdebant.
3480 3749 3644 3818 Cujus

2046 3825 2122 3880 rei
2177 3826 2362 3882 notitia
2417 3842 2539 3883 cum
2594 3827 2662 3882 ad
2726 3827 3107 3900 imperatorem
3162 3832 3352 3890 fuisset
3408 3836 3638 3908 perlata,

2044 3914 2289 3985 protinus
2336 3914 2453 3986 ipse
2483 3916 2773 3973 conventui
2817 3934 3007 3974 eorum
3055 3920 3311 3994 dignatus
3338 3932 3419 3980 est
3467 3924 3641 3981 inter-

2045 4018 2187 4074 esse,
2246 4003 2431 4075 ibique
2501 4003 2749 4076 inprimis
2823 4008 3184 4081 Hartmotum,
3244 4019 3303 4067 ut
3357 4012 3643 4085 sepissime

2043 4091 2431 4164 postulaverat,
2465 4092 2853 4151 honorabiliter
2900 4104 3061 4169 atque
3106 4114 3228 4155 cum
3274 4117 3470 4175 magna
3515 4119 3643 4177 gra-

2043 4180 2240 4236 tiarum
2270 4181 2484 4238 actione
2513 4198 2546 4238 a
2575 4183 2817 4254 pondere
2866 4192 3134 4242 tantorum
3161 4188 3395 4244 liberum
3424 4191 3642 4248 donavit

2044 4285 2169 4324 esse
2198 4269 2472 4338 laborum,
2506 4270 2605 4326 sed
2635 4287 2745 4327 non
2775 4272 3014 4328 destituit
3044 4291 3075 4329 a
3096 4276 3412 4348 magisterio
3440 4279 3644 4334 ibidem

2044 4356 2381 4430 degentium.
2431 4359 2625 4415 Postea
2652 4376 2785 4417 vero
2829 4362 3079 4418 omnibus
3126 4364 3491 4420 Bernhardum
3539 4366 3644 4421 sibi

345 4443 665 4515 deposcere,
699 4453 754 4500 et
783 4462 907 4503 cum
938 4445 1198 4501 fratribus
1228 4446 1491 4517 quarere,
1527 4454 1793 4518 quatenus
1825 4447 1943 4518 ipse
1971 4442 2024 4503 D
2047 4444 2294 4501 abbatem
2322 4448 2694 4518 poscentibus,
2738 4450 2918 4506 statim
2948 4450 3003 4505 in
3030 4452 3287 4523 prasenti
3317 4453 3640 4526 benignissi-

344 4532 413 4587 ah
440 4532 526 4587 his
566 4533 843 4589 laboribus
888 4534 1230 4602 liberaretur,
1266 4541 1319 4589 et
1348 4533 1489 4588 alius
1517 4533 1571 4589 in
1600 4535 1716 4604 ejus
1764 4535 1945 4591 locum

344 4620 759 4694 subrogaretur,
811 4623 962 4694 cujus
990 4631 1122 4679 atas
1152 4630 1205 4679 et
1232 4622 1471 4679 valitudo
1517 4631 1640 4694 apta
1686 4623 1945 4680 existeret

415 4793 441 4822 ι
464 4782 666 4835 Tradita
739 4784 829 4836 fuit
887 4785 993 4836 hac
1066 4785 1176 4837 vilia
1221 4797 1375 4849 prope
1448 4783 1627 4836 Wilam
1686 4785 1944 4849 Thurgoia

344 4868 439 4918 sita
488 4865 758 4933 (Βοῶν-ἄιε)
807 4881 935 4921 anno
990 4869 1110 4935 878,
1162 4869 1227 4921 16
1272 4870 1380 4921 Kal.
1431 4871 1560 4932 Aug.
1633 4869 1807 4921 indict.
1860 4871 1941 4934 11,

349 4952 490 5016 regni
513 4953 679 5004 Karoli
704 4954 753 5005 1.

411 5048 437 5086 δ
480 5055 734 5121 Diploma,
827 5067 923 5120 quo
1011 5056 1212 5109 Carolus
1301 5057 1502 5109 Crassus
1594 5057 1942 5108 monasterium

342 5121 598 5173 Scotorum
643 5124 692 5173 in
742 5127 907 5175 monte
972 5124 1025 5174 S.
1075 5123 1282 5175 Victoris
1343 5137 1492 5187 prope
1553 5124 1802 5175 Feidltirih
1872 5125 1942 5174 si-

344 5190 447 5254 tum
494 5190 547 5240 8.
596 5190 736 5239 Gallo
796 5189 1013 5251 donavit,
1059 5190 1226 5241 datum
1293 5196 1368 5240 est
1416 5202 1543 5241 anno
1589 5191 1710 5254 885,
1758 5191 1790 5240 9
1830 5191 1939 5241 Kal.

343 5253 453 5304 Oct.
500 5268 629 5306 anno
666 5257 788 5319 imp.
830 5257 881 5306 in
927 5256 1067 5307 italia
1096 5258 1144 5318 1,
1190 5257 1240 5307 in
1281 5257 1577 5307 Francia...

342 5319 463 5370 duos
510 5321 635 5372 idem
691 5321 891 5373 Carolus
935 5324 986 5371 in
1033 5323 1203 5373 eodem
1264 5324 1322 5374 S.
1372 5324 1580 5374 Victoris
1650 5325 1944 5375 monasterio

343 5384 582 5452 hospitale
644 5399 732 5451 pro
798 5388 861 5437 12
906 5388 1333 5452 peregrinantibus
1395 5390 1599 5441 Romam
1674 5393 1736 5441 de
1802 5390 1944 5441 bonis

340 5450 470 5502 villa
504 5450 720 5520 ,Raitinis
782 5450 963 5520 (Rati!)
1018 5450 1237 5505 fundavit
1300 5456 1498 5507 Potama
1551 5458 1612 5508 17
1662 5457 1773 5509 Kal.
1829 5458 1943 5509 Maii

340 5528 470 5570 anno
494 5519 611 5584 885,
637 5520 805 5573 indict.
833 5521 866 5571 3
889 5532 1017 5573 anno
1042 5522 1178 5585 regni
1202 5521 1253 5586 8,
1280 5522 1474 5587 imperii
1497 5524 1548 5574 5.

1629 5259 1745 5309 Post
1789 5269 1943 5308 annos

2044 4549 2165 4588 mus
2195 4535 2452 4607 princeps
2474 4552 2661 4593 eorum
2691 4538 3022 4595 desiderium
3043 4540 3293 4610 audiens,
3326 4542 3643 4599 Bernhardo

2043 4623 2435 4680 monasterium
2466 4642 2589 4682 cum
2637 4629 3063 4703 congregatione
3109 4631 3527 4703 commendavit,
3561 4631 3645 4705 ip-

2110 4792 2129 4818 ο
2154 4783 2391 4838 Eumdem
2461 4786 2590 4839 diem
2659 4790 2852 4844 Eusebii
2936 4793 3251 4848 emortualem
3340 4795 3491 4849 habet
3553 4808 3644 4849 ne-

2042 4852 2310 4916 crologium
2335 4854 2384 4903 in
2411 4855 2520 4906 cod.
2550 4855 2670 4920 915,
2694 4871 2808 4910 sae.
2836 4860 2918 4911 10.

2111 4934 2321 5016 ἑρμοὰῄ
2359 4950 2487 5016 anno
2521 4940 2878 5016 _9__Kai.
2944 4946 3060 5016 Dec.
3126 4944 3295 5000 indict.
3370 4948 3453 5014 12,
3515 4963 3645 5003 anno

2045 5004 2184 5066 regni
2208 5004 2258 5053 in
2284 5004 2494 5055 Francia
2519 5007 2570 5067 5,
2597 5008 2647 5056 in
2674 5009 2810 5060 italia
2837 5012 2884 5074 1,
2909 5009 3145 5077 scriptum
3171 5018 3265 5066 est.

2111 5095 2132 5164 ᾖ
2165 5087 2337 5164 altera
2372 5156 2402 5164 __
2431 5090 2585 5164 curtis
2621 5093 3019 5164 _Rpohoiv_esrutii
3092 5099 3289 5150 traditio
3366 5101 3644 5164 conscripta

2044 5155 2327 5234 esthrgpig
2368 5156 2403 5232 β
2441 5158 2569 5234 'ijon.
2603 5159 2724 5234 pc}.
2769 5160 2947 5212 indict.
2997 5163 3051 5227 2,
3098 5178 3226 5218 anno
3277 5167 3397 5231 ass,
3450 5155 3643 5234 imperii

2044 5221 2096 5270 in
2122 5221 2260 5271 italia
2286 5222 2339 5285 3,
2366 5222 2417 5272 in
2440 5223 2647 5275 Francia
2671 5226 2722 5276 2.

2112 5302 2257 5384 {iam
2297 5306 2365 5384 ‘ab
2430 5306 2613 5384 aliquot
2667 5311 2857 5361 saeculis
2919 5312 3223 5369 desideratur
3287 5320 3645 5384 autographum

2045 5372 2190 5434 hujus
2212 5373 2511 5437 diplomatis.

2112 5458 2259 5534 alias
2284 5524 2295 5534 _
2325 5459 2655 5534 susceptiones
2694 5475 2891 5534 ‘regum
2931 5464 3166 5534 jodocus
3236 5469 3469 5524 Mazlerus
3537 5471 3644 5525 coi-

2037 5523 2182 5589 legit,
2210 5527 2259 5577 et
2282 5524 2333 5577 in
2356 5526 2471 5579 lect.
2498 5529 2655 5594 antiq.
2684 5523 2862 5582 Canisii
2889 5530 3055 5584 edidit.
