4112 6192
455 183 592 237 1079
1451 178 1860 237 RATPERTUS
1891 179 2418 240 SANGALLENSIS
2447 183 2691 240 ABBAS.
3615 185 3760 237 1080

453 321 682 378 sumque
731 304 987 360 abbatem
1035 303 1328 360 constituit.
1364 303 1468 372 Qui
1497 303 1640 360 inter
1668 304 1776 360 alia
1818 303 2054 376 plurima
2081 310 2137 372 Α
2157 305 2325 372 ciens,
2369 306 2486 378 ipse
2537 323 2754 380 quoque
2797 306 2951 362 laetus
2979 305 3050 360 de
3077 305 3411 362 monasterio
3457 305 3751 360 abscessit.

452 392 816 449 consolatorie
863 392 1032 448 verba
1061 393 1166 448 hoc
1210 393 1370 448 etiarn
1417 391 1594 447 intulit
1640 392 2054 463 promittendo‘
2226 395 2461 468 Contigit
2501 404 2683 450 autem
2727 395 2827 450 ista
2856 395 3123 450 ordinatio
3169 394 3310 450 circa
3339 393 3506 450 ﬁnem
3533 394 3663 448 anni
3691 395 3756 448 ab

453 497 513 536 se
569 496 865 552 numquam
913 482 1056 537 hanc
1099 481 1448 537 securitatem
1505 481 1664 536 nobis
1724 481 2050 548 ablaturum,
2154 483 2520 540 incarnatione
2551 483 2794 540 .Domini
2847 487 2970 550 883,
3015 487 3046 538 6
3088 483 3244 550 feria,
3297 487 3328 536 8
3377 483 3456 537 Id.
3517 484 3756 538 Decem-

453 569 826 624 tantummodo
874 569 920 622 si
967 569 1108 624 inter
1151 577 1368 624 nostros
1429 570 1606 624 valeat
1652 569 1902 635 inveniri,
1961 569 2053 641 qui
2155 571 2290 638 bris,
2325 572 2621 628 indictione
2649 572 2844 643 prima,
2869 588 3012 626 anno
3041 587 3172 627 vero
3206 571 3388 626 Caroli
3411 571 3757 642 imperatoris

451 655 520 709 ad
593 656 698 712 hoc
757 655 992 712 oﬁ‘icium
1056 657 1285 713 idoneus
1357 658 1530 728 possit
1601 657 1856 714 existere.
1917 657 2055 714 Om-
2155 659 2312 714 tertio
2333 669 2377 726 ³,
2413 677 2576 731 super
2617 660 2800 716 omnia
2827 675 2958 716 vero
2997 667 3262 732 regnante
3303 659 3535 714 Domino
3565 666 3758 714 nostro

449 743 613 797 nibus
662 761 790 800 vero
847 745 1237 802 rationabiliter
1294 745 1618 814 constitutis,
1667 747 1899 801 domnus
1947 746 2055 800 im—
2157 748 2326 802 Jhesu
2357 749 2592 815 Christo,
2625 749 2712 805 cui
2729 757 2812 804 est
2829 749 3004 804 honor
3034 755 3084 804 et
3105 747 3282 818 gloria
3309 763 3410 818 per
3429 745 3756 802 indelicien-

451 839 667 902 perator
738 849 930 889 omnes
1000 833 1203 890 ibidem
1276 842 1662 890 conversantes
1733 834 1886 890 laetos
1944 834 2058 890 eﬁi-
2159 835 2232 888 tia
2259 836 2475 892 saecula.
2509 840 2702 892 Amen.

515 1000 532 1024 -
555 984 691 1035 Hanc
713 985 951 1050 temporis
979 984 1310 1038 deﬁnitionem
1346 987 1531 1051 Optime
1550 985 1644 1038 sibi
1668 986 1930 1037 convenire
1944 987 2278 1050 deprehendet
2299 989 2517 1041 curiosus
2551 987 2724 1040 lector.

787 1298 1703 1429 RATPERTI
1783 1294 2671 1428 POEMATA
2745 1299 3352 1430 VARIA.

1225 1644 1267 1698 Ι.
2885 1643 3024 1698 VIII.

701 1763 912 1804 VERSUS
941 1763 1012 1803 DE
1039 1763 1398 1804 FESTIVITATE
1429 1764 1623 1805 SANCTI
1651 1765 1830 1806 GALLI.
2542 1759 2614 1799 AD
2645 1757 2896 1800 REGINAM
2925 1757 3346 1798 SUSCIPIBNDAM.

670 1837 827 1908 (Vide
859 1841 995 1894 tam.
1027 1839 1304 1894 LXXXVII
1321 1840 1557 1906 PatroL,
1589 1841 1695 1895 col.
1729 1839 1844 1911 35.)
2643 1833 2800 1903 (Vide
2827 1834 2982 1902 ibid,
3015 1834 3120 1889 col.
3153 1833 3266 1902 41.)

1214 1945 1282 1999 II.
2898 1956 2996 2012 IX.

453 2064 662 2106 VERSUS
683 2065 756 2105 AD
788 2065 1086 2107 SOLEMNEM
1116 2066 1222 2105 PER
1243 2066 1455 2107 CAMPOS
1486 2067 1556 2106 ET
1581 2067 1804 2110 NONTES
1827 2068 2054 2108 PBOCES—
2080 2041 2134 2100 B
2620 2079 2693 2118 ΑΙ)
2723 2079 3048 2119 naschsuu
3077 2077 3292 2118 FON'ﬂS,

737 2154 944 2195 SIONEM
973 2155 1044 2193 DE
1075 2155 1353 2202 RELIQUIIS
1383 2155 1576 2194 SANCTI
1607 2155 1788 2196 GALLI.
2633 2153 2787 2222 (Vide
2815 2153 2972 2219 ibid.,
3003 2153 3109 2208 col.
3141 2150 3255 2222 Η.)

661 2227 820 2297 (Vide
842 2231 976 2286 tom.
1011 2228 1270 2284 LXXXVII
1299 2229 1536 2296 PatroL,
1568 2230 1674 2286 col.
1707 2231 1822 2300 46.)
2916 2259 2988 2313 χ,

1199 2352 1292 2408 ΙΙΙ.
2449 2379 2820 2421 IIILDEGARDE

2449 2379 2820 2421 HILDEGARDE
2846 2379 3201 2420 EPITAPHIUM.

697 2472 756 2512 IN
786 2471 1144 2513 FESTIVITATE
1173 2471 1370 2512 SANCTI
1397 2473 1662 2514 οτῐιΜΑῐιι-
2259 2471 2436 2546 [Apud
2467 2473 2630 2529 Gold.
2663 2472 2840 2528 Alam.
2873 2473 3078 2529 Rerum
3111 2470 3308 2542 Script.
3339 2485 3468 2543 pag.
3500 2467 3615 2541 85.]

876 2547 1030 2619 (Vide
1057 2547 1214 2614 ίὺίάον
1247 2549 1351 2604 σοι·
1387 2548 1502 2618 55-)
2153 2581 2270 2636 Hoc
2293 2581 2440 2650 jacet
2467 2580 2520 2634 in
2551 2579 2757 2635 tumulo
2787 2567 2986 2634 Christi
3011 2578 3330 2650 dignissima
3359 2577 3516 2648 virgo

1199 2653 1290 2710 IV.
2223 2669 2536 2748 Hildigarda
2565 2667 2743 2724 nitens
2773 2668 3016 2723 moribus
3047 2667 3306 2741 egregiis.

799 2774 1011 2816 vensus
1041 2775 1113 2815 ne
1144 2775 1355 2816 smcro
1385 2775 1599 2818 MAGNO.
2153 2758 2281 2814 Haec
2311 2757 2408 2812 fuit
2437 2757 2619 2812 eximii
2652 2756 2912 2812 Ludovici
2939 2755 3050 2811 ﬁlia
3081 2757 3248 2828 regis,

764 2849 918 2918 (Vide
946 2851 1160 2907 Patroi.
1193 2851 1350 2916 ibid,
1383 2851 1487 2906 col.
1526 2851 1638 2920 44.)
2221 2847 2458 2903 Mentem
2489 2854 2681 2918 sponte
2711 2861 2866 2901 suam
2893 2853 3120 2901 voverat
3148 2845 3240 2898 illa
3269 2845 3406 2899 Deo.

1205 2956 1270 3010 γ,
2151 2934 2242 2990 Bis
2271 2937 2442 2991 denos
2472 2943 2594 2992 octo
2623 2935 2748 2990 vitae
2776 2934 3141 3006 compleverat
3169 2949 3341 2988 annos

727 3072 802 3113 AD
829 3073 1241 3115 “cumam!
1268 3073 1597 3118 suum)“.
2221 3024 2464 3096 Migrans
2494 3025 2565 3080 ad
2594 3024 2867 3096 Sponsum
2897 3023 3052 3095 virgo
3084 3023 3240 3078 beata
3271 3036 3447 3076 suum.

834 3147 990 3216 (Vide
1020 3148 1174 3215 ibid,
1199 3150 1305 3206 col.
1342 3150 1454 3220 ιο.)

1369 3150 1454 3220 πο.)
2896 3148 2993 3203 x1.

1199 3255 1292 3312 VI.
2630 3267 2703 3310 ωε
2732 3267 2823 3309 cn

2630 3267 2703 3310 DE
2732 3267 2974 3309 οΑΡειιΑ
3007 3267 3255 3317 ΩΠΑΒΑΗ.

726 3356 938 3462 nasus
966 3357 1039 3398 an
1070 3357 1262 3400 πεπυ
1290 3359 1718 3403 SUSCIPIENDUII.
2079 3397 2130 3462 Ο
2175 3427 2178 3430 ν
2649 3359 2828 3433 [Apud
2859 3359 3044 3427 Gold.,
3077 3357 3232 3430 ibid.]

933 3433 1058 3462 ῐῙέᾸη
1085 3433 1198 3462 ἐιιλλ
1281 3435 1362 3462 ..λι
1421 3437 1482 3462 ln
1510 3435 1529 3462 \

904 3432 1058 3502 (Vide
1085 3433 1242 3500 ibid"
1275 3435 1380 3490 σοι·
1415 3435 1530 3508 4θ’)
2079 3432 2130 3462 υ
2151 3465 2404 3524 Condidit
2430 3467 2534 3523 hoc
2564 3432 2808 3523 sanctum
2826 3465 3006 3522 stabili
3034 3464 3348 3522 fundamine
3379 3462 3638 3534 templum

1179 3539 1302 3596 VII.
2148 3558 2287 3613 Cum
2317 3557 2564 3630 genitore
2594 3555 2684 3627 pio
2713 3556 2984 3612 Ludovico
3013 3555 3255 3626 principe
3285 3562 3440 3608 terra:

545 3657 771 3698 LthIA
799 3658 872 3698 an
903 3659 1319 3703 pnocassromzu
1347 3662 1544 3705 prnsus
1575 3660 1878 3706 nomNIcts.
2148 3645 2468 3718 ‘Hildigarda
2496 3653 2691 3716 potens
2722 3643 2923 3699 Christi
2952 3643 3250 3700 clarissima
3279 3643 3456 3714 virgo,

924 3731 1077 3802 (Vide
1105 3732 1260 3802 ibid.,
1293 3735 1398 3793 col.
1433 3737 1548 3809 39.)
2069 3773 2078 3778 -
2151 3734 2252 3789 Cui
2281 3735 2429 3790 Deus
2457 3742 2676 3790 aeterna:
2699 3733 2966 3790 concedat
2993 3732 3192 3804 gaudia
3218 3731 3367 3788 vitae.
