4244 6436
271 432 332 492 25
1111 424 1518 486 EXI‘OSITIO
1557 424 1634 482 1N
1680 424 1917 483 EPIST.
1956 424 1980 481 Ι
2025 424 2083 482 S.
2119 424 2460 485 JOANNIS.
2496 452 2552 461 --
2582 427 2735 487 CAP.
2774 430 2857 492 Il.
3454 427 3526 489 96

270 544 323 592 τὸ
339 539 445 598 ἀπὸ
469 539 571 609 τῆς
599 540 757 603 νίκης
790 539 1036 609 ἀοίδιμον
1063 544 1344 609 προσεῖναι
1364 540 1561 605 λέγων,
1592 538 1843 607 γενναίων

1919 540 2253 595 claritatem
2311 550 2622 610 suppetere,
2687 545 2891 598 indicat
2952 544 3186 600 {ortibus
3250 560 3311 598 ac
3375 549 3523 599 velut

266 630 501 682 δείκνυσι
530 632 622 682 καὶ
660 630 1193 700 στ’ρατηγικωτέρων
1229 629 1435 681 δεῖσθαι
1465 629 1658 695 λόγων.

331 720 553 789 Γράφω
589 721 751 787 ὑμῖν,
794 720 1065 788 πατέρες,
1103 720 1190 773 ὅτι
1241 719 1538 789 ἐγνώκατε
1571 723 1679 773 τὸν
1736 718 1840 774 ἀπ’

264 812 475 881 ἀρχῆς.
506 842 579 853 -ο
600 815 808 866 Τεκνία
834 831 847 843 ·
886 814 960 875 ὡς
983 813 1069 867 διὰ
1103 814 1163 866 τὸ
1186 814 1364 883 ἆωρον
1408 814 1503 867 καὶ
1528 814 1839 883 ἀδιάκριτον

264 905 365 971 τῆς
416 892 1198 975 νηπιότητοςὲξαμαρτοῦσι.
1266 906 1357 958 Διὸ
1418 906 1533 958 ίκαὶ
1587 905 1838 971 ἀξιούσθε

264 998 625 1066 συγγνώμης,
652 997 835 1066 φησιν.
861 998 951 1049 ὅτε
978 997 1262 1064 ἐξεγένετο
1286 998 1412 1067 ὑμῖν
1446 998 1837 1065 ἐπεγνωκέναι,

263 1091 341 1143 ὅτι
373 1091 651 1157 Χρηστὸς
685 1089 903 1156 Κύριος
942 1093 1055 1151 τοῖς
1091 1089 1362 1159 σύμπασι,
1401 1088 1494 1143 καί
1529 1092 1585 1142 oi
1623 1092 1841 1159 oixttp:

262 1180 356 1247 uol
388 1180 581 1234 αὑτοῦ
609 1180 706 1233 ἐπὶ
735 1180 933 1234 πάντα
964 1180 1035 1235 τὰ
1058 1180 1201 1249 ἔργα
1234 1181 1442 1235 αὐτοῦ.
1464 1182 1832 1249 -ιιατέρες,

265 1277 336 1335 ὡς
371 1274 464 1327 διά
496 1275 558 1326 τὺ
582 1276 852 1343 προήκειν
881 1275 947 1343 τῇ
992 1272 1182 1345 ἡλικίᾳ
1229 1274 1329 1343 τὴν
1364 1273 1568 1341 γνῶσιν
1623 1276 1844 1344 ἀνειλη-

266 1367 391 1434 φόσι
425 1368 522 1419 τοῦ
582 1366 676 1420 ἀπ’
712 1366 909 1436 ἀρχῆς.
934 1366 1281 1427 Νεανίσκοι,
1310 1368 1360 1419 οι
1390 1368 1668 1438 ἐμπείρως
1694 1367 1841 1437 ἔχον-

261 1476 374 1519 τες,
433 1457 521 1510 διά
574 1458 635 1510 τὸ
692 1458 950 1524 ἀκμαῖον,
1011 1456 1105 1509 καὶ
1140 1456 1375 1526 ἑτοίμως
1433 1458 1497 1511 τὸ
1569 1458 1845 1528 ἀριστεῖον

263 1550 643 1622 ἀποφέρεσθαι
666 1550 806 1604 κατὰ
837 1551 946 1603 τῶν
975 1550 1306 1629 ἀντιπάλων.

338 1726 557 1795 Γράφω
607 1724 769 1794 ὑμῖν,
817 1726 1153 1791 νεανίσκοι,
1209 1724 1298 1780 ὅτι
1338 1728 1693 1796 νενικήκατε
1743 1730 1849 1782 τὸν

1948 633 2278 688 militaribus
2310 636 2659 689 sermonibus
2688 652 2827 705 opus
2854 653 2997 693 esse.

2019 726 2179 781 Vens.
2215 728 2301 781 l5.
2344 726 2528 781 Scriba
2580 730 2747 791 vobis,
2781 742 2980 796 patres.
3032 731 3283 800 quoniam
3332 746 3527 798 coguo~

1948 821 2096 874 cistis
2125 836 2262 883 eum,
2297 822 2385 889 qui
2420 821 2484 873 ab
2511 824 2664 877 initia
2698 833 2795 878 est.
2838 854 2908 863 ——
2959 824 3138 878 Filiali
3162 864 3175 885 ,
3220 832 3277 876 ut
3331 824 3423 893 qui
3456 823 3525 873 ob

1949 914 2300 968 immaturam
2326 915 2552 983 etjustze
2586 918 2937 972 discretionis
2966 919 3279 985 incapacem
3309 926 3523 972 :ctalem

1949 1017 2217 1075 peccant;
2254 1009 2498 1076 adeoque
2530 1010 2709 1070 venia,
2757 1012 2960 1079 inquit,
2995 1010 3142 1081 digni
3207 1009 3334 1062 facti
3362 1010 3526 1067 estis.

1951 1113 2075 1152 cum
2113 1099 2270 1152 vobis
2300 1102 2592 1168 contigerit
2623 1116 2981 1169 cognoscere,
3041 1104 3301 1169 quoniam
3323 1101 3527 1154 ’Suaris

1950 1205 2032 1249 est
2065 1193 2321 1247 Dominus
2364 1193 2657 1257 universis,
2723 1204 2773 1247 et
2816 1195 3183 1247 miserationes
3212 1201 3327 1257 ejus
3371 1209 3530 1260 super

1952 1290 2130 1341 omnia
2159 1304 2316 1356 opera
2342 1289 2453 1356 ejus
2478 1289 2542 1339 '°.
2582 1286 2792 1349 Patres,
2835 1298 2891 1340 ut
2918 1289 3011 1357 qui
3031 1290 3208 1342 matis
3234 1302 3525 1355 progressu

1952 1380 2320 1447 cognitionem
2380 1388 2706 1448 acceperunt
2759 1381 2899 1449 ejus,
2951 1381 3042 1449 qui
3093 1388 3175 1433 est
3226 1380 3292 1430 ab
3352 1379 3524 1430 initio.

1954 1474 2323 1525 Adolescentes
2350 1487 2367 1534 ;
2402 1471 2497 1541 qui
2532 1472 2597 1523 ab
2627 1473 2804 1524 :etatis
2834 1471 2966 1525 llore
2994 1472 3215 1534 habent,
3253 1480 3309 1521 ut
3349 1470 3526 1521 idonei

1954 1574 2007 1620 et
2030 1564 2263 1633 expediti
2302 1564 2414 1617 sint
2446 1563 2513 1617 ad
2545 1563 2762 1618 virtutis
2789 1563 3073 1630 praemium
3106 1571 3295 1615 contra
3334 1560 3529 1615 adver-

1956 1659 2132 1712 sarios
2171 1656 2541 1711 referendum.

2033 1751 2195 1804 Vens.
2229 1750 2315 1812 l3,
2352 1749 2437 1802 Η.
2475 1747 2656 1801 Scriba
2680 1748 2844 1809 vobis,
2868 1748 3247 1807 adolescentes,
3284 1747 3530 1815 quoniam

267 1820 567 1884 Πονηρόν.
612 1818 902 1885 Ἔγραψα
927 1818 1089 1885 ὑμῖν,
1126 1820 1356 1884 παιδία,
1415 1820 1501 1872 ὅτι
1552 1820 1848 1889 ἐγνώκατε

1958 1844 2153 1897 vicistis
2184 1842 2496 1911 malignum.
2529 1839 2717 1893 Scriba
2753 1839 2919 1901 vobis,
2967 1839 3224 1905 infantes,
3278 1838 3527 1906 quoniam

262 1913 372 1964 τὸν
414 1910 666 1978 Πατέρα.
698 1910 974 1979 Ἔγραψα
1008 1910 1173 1979 ὑμῖν,
1204 1912 1455 1979 πατέρες
1480 1955 1493 1973 ,
1541 1913 1630 1967 ὅτι
1668 1913 1850 1980 ἐγνώ-

1919 1921 1921 1957 ί
1954 1937 2262 2005 ίοφιίιτὶεείε
2289 1934 2521 1987 Patrem.
2560 1930 2743 1986 Scriba
2786 1932 2954 1992 vobis,
3003 1931 3243 1999 juvenes,
3277 1930 3528 1997 quoniam

264 2021 412 2057 κατε
452 2004 561 2056 τὸν
588 2005 690 2057 ἀπ’
743 2003 959 2072 ἀρχῆς.
988 2006 1265 2074 Ἔγραψα
1294 2006 1457 2073 ὑμῖν,
1512 2009 1849 2067 νεανίσκοι.

265 2096 354 2150 ὅτι
382 2097 625 2163 ισχιτροί
672 2097 831 2157 ἐστε,
877 2098 973 2149 καὶ
1019 2100 1054 2151 ό
1079 2099 1269 2166 Λόγος
1297 2097 1399 2151 τοῦ
1434 2099 1584 2152 Θεοῦ
1615 2099 1686 2151 ἐν
1713 2098 1854 2168 ὑμῖν

261 2188 453 2256 μένει,
502 2188 598 2241 καὶ
631 2188 989 2255 νενικήκατε
1030 2188 1135 2242 τὸν
1183 2191 1478 2257 Πονηρόν.
1509 2191 1590 2242 Τά
1629 2193 1855 2260 προκεί-

272 2299 409 2351 μενα
438 2282 679 2350 ὀνόματα
717 2280 825 2336 ἀπὸ
848 2281 946 2349 τῆς
994 2282 1212 2350 ἡλικίας
1241 2284 1527 2352 ἡρμόσατο
1570 2281 1647 2353 τῷ
1675 2282 1851 2351 ἠθικῷ

268 2376 442 2445 λόγιρ’
475 2374 545 2427 τά
578 2376 825 2443 παρόντα
863 2375 919 2428 δὶ
957 2375 1064 2428 ἀπὸ
1090 2375 1189 2445 τῆς
1212 2374 1510 2438 διαθέσεως
1525 2377 1852 2445 ἐπαναλαμ-

267 2469 441 2531 σάνει,
476 2469 780 2531 ἀνελλιπῶς
808 2469 1182 2539 διοικούμενος
1209 2470 1310 2541 τὴν
1334 2469 1633 2524 νουθεσίαν.

339 2563 434 2628 Μὴ
473 2560 744 2629 ἀγαπᾶτε
770 2562 880 2614 τὸν
908 2563 1165 2631 κόσμον,
1210 2563 1367 2632 μηδὲ
1393 2563 1466 2617 τὰ
1497 2565 1568 2617 ἐν
1614 2563 1695 2627 τῷ
1749 2566 1849 2617 κόο

268 2670 420 2723 σμφ.
468 2654 613 2707 Ἐάν
639 2670 731 2719 τις
777 2652 981 2722 ἀγαπᾷ
1034 2656 1140 2707 τὸν
1195 2658 1449 2725 κόσμον,
1502 2657 1615 2708 οὐκ
1678 2658 1852 2709 ἐστιν

268 2745 469 2814 ἀγάπη
496 2744 603 2798 τοῦ
631 2745 863 2812 Πατρός
889 2748 961 2799 ὲν
988 2745 1169 2809 αὐτῷ.
1221 2748 1377 2800 Οὕτω
1403 2748 1493 2800 τὸν
1523 2748 1680 2814 λόγον
1710 2748 1849 2800 διαι-

269 2838 442 2905 τήσας
476 2840 598 2899 ταῖς
632 2836 729 2890 τοῦ
764 2837 1079 2907 πνεύματος
1111 2838 1351 2906 ἡλικίαις
1373 2881 1387 2903 ,
1455 2840 1705 2909 ἐπιφέρει
1741 2840 1850 2892 λοι-

270 2929 369 2983 πὸν
423 2930 516 2981 τὸν
569 2930 670 2997 τῆς
716 2929 1123 2999 παρακλήσεως
1176 2929 1354 2999 λόγον,
1385 2932 1480 2985 καί
1532 2949 1705 2999 φησι·
1753 2932 1849 3001 Μὴ

268 3021 536 3090 ἀγαπᾶτε
587 3024 697 3075 τὸν
758 3022 1013 3091 κόσμον.
1064 3023 1249 3077 Ταῦτα
1278 3024 1353 3086 ὡς
1378 3025 1608 3087 παιδίοις
1654 3026 1800 3092 λέγει
1832 3041 1847 3058 ⁸

268 3112 605 3183 πεφόᾶηνται
668 3111 1065 3185 ὶπτῦηνται]
1094 3116 1203 3183 γάρ
1253 3117 1339 3169 ἀεὶ
1364 3118 1434 3169 τά
1470 3118 1657 3169 παιδία
1720 3120 1848 3187 περὶ

268 3207 328 3259 τὸ
355 3208 688 3273 φαινόμενον
713 3206 838 3276 ἡδύ.
874 3202 1008 3260 Εἶτα
1042 3208 1142 3280 τῂν
1174 3209 1355 3262 αἰτίαν
1389 3209 1560 3262 εἰπὼν
1589 3210 1681 3263 τοῦ
1714 3212 1847 3265 διότι

268 3300 369 3351 οὐκ
396 3299 602 3367 ὀφείλει
652 3316 736 3361 τις
790 3300 885 3352 τὸν
933 3301 1141 3369 κόσμον
1176 3302 1268 3352 καὶ
1308 3301 1375 3355 τά
1403 3304 1461 3353 ὲν
1490 3302 1683 3372 κόσμῳ
1710 3304 1849 3371 ἀγα-

269 3393 399 3460 nev,
422 3391 609 3444 λοιπὸν
643 3392 778 3460 πρὸς
809 3394 937 3454 τοὺς
970 3392 1218 3461 πατέρας
1246 3394 1339 3445 καὶ
1366 3394 1687 3457 νεανίσκους
1725 3397 1847 3448 ὲπι·

269 3485 425 3554 φέρει
452 3486 551 3553 τὴν
583 3483 963 3536 δδασκαλίανο
1023 3484 1357 3554 τελεωτέρας
1388 3486 1498 3555 γὰρ
1528 3488 1577 3538 οἱ
1614 3486 1849 3540 τοιοῦτοι

268 3578 459 3640 ἕξεως.
496 3578 604 3630 Καὶ
637 3577 723 3629 ἴνα
778 3576 851 3645 μὴ
896 3578 1125 3651 νομίσῃς
1161 3578 1366 3647 κόσμον
1410 3579 1469 3630 τὸ
1505 3580 1759 3646 σύστημα
1791 3580 1851 3631 τὸ

268 3668 328 3733 ἐξ
350 3666 583 3736 ούρανοῦ
610 3669 702 3718 καὶ
734 3667 837 3734 γῆς
866 3667 1155 3737 σημαίνειν
1180 3705 1194 3727 ,
1227 3668 1427 3735 ὲπάγει
1453 3669 1535 3731 τίς
1561 3671 1589 3720 ὁ
1622 3669 1848 3739 κόσμος,

270 3760 365 3813 καὶ
403 3759 456 3811 τί
480 3759 548 3813 τά
570 3761 628 3811 ὲν
660 3758 739 3828 τῷ
774 3759 988 3829 κόσμω.
1017 3759 1128 3813 Καὶ
1154 3759 1359 3829 κόσμον
1395 3760 1494 3828 μὲν
1519 3762 1608 3813 τὸν
1642 3778 1848 3831 συρφε-

267 3851 361 3903 τὸν
388 3850 548 3921 ὄχλον
582 3851 769 3919 φησὶν,
826 3851 882 3912 ὃς
934 3851 1058 3903 οὐδὲ
1092 3850 1192 3922 τὴν
1218 3851 1313 3904 τοῦ
1364 3852 1579 3921 Πατρός
1626 3853 1847 3921 ἀγάπην

268 3942 383 4008 ἔχει
443 3943 500 3992 ὲν
529 3939 730 4008 ἑαυτῷ.
763 3940 897 3991 Τίνα
922 3940 978 3993 δὲ
1006 3940 1075 3993 τά
1106 3943 1164 3993 ὲν
1195 3940 1273 4010 τῷ
1297 3942 1525 4011 κόσμῳς
1590 3943 1671 3996 Τά
1706 3944 1848 3996 κατὰ

265 4039 367 4097 τὴν
394 4030 696 4099 ἐπιθυμίαν
725 4031 826 4099 τῆς
858 4032 1062 4101 σαρκὸς
1098 4032 1461 4102 ἐπιτελούμενα
1487 4077 1501 4099 ,
1548 4034 1584 4087 ἀ
1618 4034 1706 4086 διὰ
1740 4034 1847 4087 τῶν

264 4122 641 4192 αἰσθητηρίων
670 4121 1072 4191 ἐνεργούμενα,
1123 4122 1222 4190 τὴν
1252 4122 1552 4191 ιπιθυμίαν
1577 4125 1843 4177 ἀνακινεῖ.

268 4214 367 4267 Διά
392 4216 502 4283 γάρ
527 4212 637 4265 τῶν
668 4212 987 4282 ὀφθαλμῶν,
1023 4213 1117 4265 τοῦ
1150 4216 1490 4283 κυριωτάτου
1510 4215 1622 4267 τῶν
1649 4216 1845 4286 αἰσθη-

267 4307 497 4376 τηρίων,
527 4306 621 4359 καὶ
650 4307 717 4358 τὰ
748 4306 911 4358 λοιπά
942 4304 1219 4358 συνέλαϐε.
1258 4307 1391 4373 Περὶ
1420 4306 1491 4357 δὲ’
1534 4307 1632 4375 τὴν
1658 4308 1850 4359 ἐπιθυ-

273 4400 403 4467 μίαν
426 4400 537 4451 πᾶν
570 4397 920 4467 ὲνθεωρείται
953 4398 1148 4461 κακὸν,
1205 4401 1444 4467 μοιχεία,
1480 4400 1654 4463 πότοι,
1706 4401 1846 4471 ἔρω-

267 4506 360 4552 τες
387 4489 675 4558 ἀπρεπεῖς,
714 4490 903 4555 φόνοι·
957 4490 1006 4540 οι
1059 4488 1158 4557 μὲν
1210 4489 1296 4541 διὰ
1329 4489 1667 4555 πλεονεξίαν,
1694 4491 1741 4544 οἱ
1790 4489 1843 4543 δι

1954 2029 2115 2097 fortes
2141 2029 2288 2088 estis,
2328 2036 2376 2080 et
2418 2025 2645 2079 Verbum
2689 2024 2781 2078 Dei
2816 2033 2992 2077 manet
3021 2024 3073 2075 in
3102 2024 3266 2083 robis.
3312 2032 3360 2075 et
3401 2022 3529 2075 vici~

1952 2124 2046 2177 stis
2079 2122 2392 2191 malignum.
2424 2118 2795 2173 Prmccdentia
2829 2128 3051 2171 aetatum
3088 2118 3307 2171 nomina
3335 2115 3529 2167 morali

1953 2212 2195 2266 sermoni
2259 2209 2733 2271 accommodavit;
2766 2208 2872 2263 ista
2925 2223 3056 2261 vero
3111 2222 3174 2259 ex
3242 2205 3530 2259 atiectionc

1953 2304 2170 2372 repetit,
2234 2313 2291 2355 ut
2351 2301 2823 2356 absolutissimam
2884 2298 3089 2354 taceret
3149 2297 3532 2352 zonunonitio-

1954 2410 2099 2449 ιιθιη.

2020 2570 2182 2644 412
2214 2570 2376 2626 νειις.
2413 2571 2498 2625 ιδ.
2537 2570 2717 2623 Nolite
2760 2570 2977 2640 diligere
3017 2568 3295 2634 mundum,
3360 2584 3525 2637 neque

1949 2680 2012 2716 ea
2045 2678 2162 2731 qum
2191 2662 2243 2713 in
2282 2660 2476 2713 mundo
2503 2670 2645 2713 sunt.
2682 2660 2740 2714 Si
2769 2660 2883 2729 quis
2916 2659 3090 2727 diligit
3125 2659 3399 2721 mundum,
3426 2676 3531 2710 non

1949 2768 2023 2811 est
2059 2754 2295 2809 cltaritas
2338 2754 2431 2805 Dei
2460 2754 2514 2805 in
2552 2769 2632 2806 ea.
2690 2751 2761 2805 lta
2805 2752 3103 2805 distributo
3146 2765 3404 2806 sermone
3434 2766 3530 2819 per

1948 2848 2129 2903 varias
2160 2845 2389 2914 spiritus
2430 2853 2640 2905 aetates.
2679 2843 2863 2898 subdit
2887 2843 3084 2898 deinde
3126 2846 3297 2914 ipsam
3335 2843 3535 2897 adhor-

1950 2940 2234 2999 tationem,
2267 2946 2318 2992 ct
2350 2937 2441 2990 ait:
2474 2935 2654 2989 Nolite
2684 2937 2902 3006 diligere
2930 2934 3207 2988 mundum.
3242 2934 3353 2990 Hoc
3382 2937 3531 2991 velut

1951 3030 2254 3084 infantibus
2312 3045 2407 3083 seu
2484 3028 2727 3098 puerulis
2786 3029 2949 3082 dicit:
2986 3044 3201 3094 semper
3239 3028 3383 3083 enim
3437 3028 3529 3081 isti

1953 3120 2333 3190 percelluntur
2355 3127 2649 3188 apparente
2686 3116 2980 3185 voluptate.
3015 3116 3218 3171 Deinde
3253 3118 3530 3186 proposita

1950 3213 2182 3278 ratione,
2212 3229 2310 3285 cur
2339 3212 2622 3273 mundum,
2661 3222 2709 3264 et
2739 3227 2799 3263 ca
2847 3227 2970 3280 quae
3020 3213 3072 3265 in
3129 3226 3194 3266 co
3224 3223 3371 3276 sunt,
3408 3212 3535 3265 dili-

1956 3322 2080 3377 gere
2110 3306 2234 3375 quis
2259 3320 2367 3359 non
2391 3305 2605 3369 debeat,
2651 3306 2713 3357 ad
2743 3306 3113 3359 adulescentes
3147 3321 3242 3359 seu
3298 3307 3530 3373 juvenes

1957 3399 2228 3454 doctrina
2264 3412 2575 3453 sermonem
2633 3397 2936 3457 transfert;
2991 3397 3432 3465 quandoquidem
3472 3397 3529 3451 hi

1954 3488 2299 3560 perfectioris
2335 3488 2672 3542 habitudinis
2713 3496 2861 3541 sunt.
2929 3486 2989 3541 Et
3028 3502 3093 3540 ne
3122 3494 3278 3557 putes
3340 3488 3529 3541 mundi

1954 3582 2181 3635 nomine
2203 3580 2328 3637 caeli
2364 3589 2632 3650 terraeque
2677 3580 3110 3649 complexionem
3176 3580 3527 3646 signiﬁcare,

1952 3672 2137 3727 subdit
2165 3674 2418 3742 quisnam
2450 3674 2521 3727 sit
2557 3673 2815 3735 mundus,
2856 3680 2909 3726 et
2941 3674 3200 3740 quidnam
3230 3688 3293 3727 ea
3335 3674 3529 3743 qua-in

1951 3779 2016 3818 eo
2088 3774 2236 3819 sunt.
2305 3764 2372 3819 Et
2437 3765 2702 3819 mundum
2782 3765 2913 3819 dicit
2963 3759 3221 3820 sordibus
3288 3766 3529 3834 plenum,

1953 3858 2045 3925 qui
2107 3857 2314 3911 scilicet
2384 3856 2561 3911 Patris
2639 3857 2962 3910 cliaritatem
3054 3873 3164 3911 non
3232 3856 3394 3910 habet
3476 3857 3528 3911 in

1951 3950 2153 4019 seipso.
2209 3947 2314 4003 Sed
2363 3964 2611 4018 quamam
2659 3964 2779 4017 qum
2836 3950 2891 4002 in
2946 3949 3150 4002 mundo
3186 3949 3351 4003 sunt?
3398 3948 3531 4015 Qure

1949 4040 2106 4109 juxta
2169 4040 2677 4107 concupiscentiam
2739 4039 2923 4094 carnis
2980 4038 3361 4109 perﬁciuntur,
3408 4054 3530 4108 qure

1919 4120 2205 4188 'sensibus
2266 4141 2516 4201 percepta
2594 4132 3097 4199 concupiscentiam
3158 4140 3401 4186 movent.
3468 4131 3527 4184 In

1949 4223 2126 4278 oculis
2195 4223 2362 4285 enim,
2434 4222 2526 4290 qui
2598 4222 2930 4289 przecipuum
3000 4224 3309 4276 censorium
3374 4230 3527 4285 sunt,

1955 4316 2161 4384 reliqua
2191 4316 2351 4367 etiam
2388 4314 2799 4382 comprehendit
2829 4331 2841 4365 :
2879 4322 2933 4367 et
2980 4329 3075 4382 per
3129 4314 3494 4377 concupisceu

1947 4408 2079 4461 tiam
2151 4405 2352 4459 malum
2418 4419 2579 4458 omne
2638 4404 2983 4475 intelligitur.
3053 4416 3109 4458 ut
3170 4404 3522 4467 adulterium,

1947 4498 2260 4559 ebrietates,
2330 4509 2545 4549 amores
2598 4496 2822 4565 impuri,
2881 4495 3057 4549 caedes
3131 4496 3245 4549 sive
3309 4505 3526 4564 propter

269 4581 358 4633 διά
390 4581 451 4633 τὸ
476 4582 602 4642 τοὺς
633 4580 1042 4650 ἀντικειμένους
1066 4580 1347 4649 ἀφανίσαι.
1373 4582 1525 4634 Δόλοι
1545 4583 1636 4634 καὶ
1660 4576 1828 4646 οὗτοι,

1919 4587 2231 4641 ιετετίιίειη
2270 4585 2386 4640 sive
2424 4586 2491 4638 ad
2529 4587 2834 4654 perdendos
2861 4585 3207 4639 adversarios
3242 4604 3254 4639 :
3303 4584 3524 4640 fraudes

272 4672 362 4725 ῐνα
396 4671 706 4742 ὑποχείριον
737 4670 815 4741 τῷ
845 4670 981 4740 δόλῳ
1035 4672 1351 4741 ποιήσωμεν
1404 4671 1552 4726 ἀπαν
1580 4672 1641 4725 τδ
1671 4674 1845 4741 ἐμπο-

1942 4688 1996 4735 et
2025 4680 2107 4733 lia:
2135 4685 2193 4731 ut
2223 4678 2349 4732 dolo
2401 4676 2794 4731 submittamus
2818 4676 3079 4744 quidquid
3120 4678 3276 4731 nobis
3304 4677 3520 4742 obstat;

270 4766 376 4818 δών
404 4782 418 4795 ο
451 4766 545 4817 καὶ
569 4764 758 4827 ἀπλῶς
814 4765 1031 4819 ᾶπαντα
1061 4765 1129 4819 τά
1162 4766 1332 4835 ἔχθρά
1361 4765 1481 4836 Θεῷ
1531 4766 1602 4819 δι’
1659 4766 1846 4818 ἐπιθυ-

273 4856 403 4927 μίας
437 4856 706 4925 σαρκικῆς
735 4856 869 4924 ἡμῖν
897 4857 1245 4911 ἐπιτελεῖται.

342 4947 467 4999 Ὅτι
496 4944 701 5001 πᾶντύ
734 4945 803 4999 ἐν
826 4944 906 5011 τῷ
927 4948 1152 5016 κόσμῳ,
1182 4948 1219 5014 ὴ
1252 4948 1534 5017 ἐπιθυμία
1561 4947 1671 5018 τῆς
1698 4964 1843 5014 σαρ-

270 5038 395 5104 κὸς,
431 5038 531 5092 καὶ
552 5038 590 5104 ἡ
618 5038 901 5106 ἐπιθυμία
928 5038 1045 5091 τῶν
1075 5038 1418 5108 ὀφθαλμῶν,
1451 5040 1547 5093 καὶ
1573 5041 1610 5107 ἡ
1638 5038 1846 5098 ἀλαζο-

266 5131 402 5183 νεία
435 5128 542 5182 τοῦ
590 5130 758 5192 βίου,
796 5129 909 5183 οὐκ
961 5130 1136 5183 ἐστιν
1167 5131 1235 5184 ἐκ
1261 5131 1368 5184 τοῦ
1397 5132 1644 5197 Πατρός.
1686 5131 1849 5186 ἀλλὰ

263 5225 333 5275 ἐκ
379 5222 490 5276 τοῦ
524 5222 755 5291 κόσμου
777 5222 930 5277 ἐστί.
964 5224 1071 5276 Καὶ
1125 5226 1157 5277 ό
1198 5225 1428 5290 κόσμος
1497 5224 1842 5293 παράγεται,

266 5313 364 5364 καὶ
392 5311 431 5377 ἡ
460 5311 741 5378 ἐπιθυμία
761 5310 949 5365 αὑτοῦ
968 5330 980 5342 ·
1019 5314 1052 5365 ό
1079 5311 1147 5365 δὲ
1180 5314 1368 5366 ποιῶν
1394 5315 1458 5367 τὸ
1490 5312 1717 5383 θέλημα
1740 5312 1845 5367 τοῦ

268 5403 443 5467 Θεοῦ,
470 5402 639 5472 μένει
687 5405 775 5469 εις
813 5404 921 5457 τὸν
950 5402 1153 5460 αιῶνα.
1212 5408 1451 5477 Εῐπομεν
1492 5409 1593 5478 ἤδη
1626 5410 1707 5462 ὅτι
1743 5408 1839 5461 κό-

278 5510 418 5562 σμον
467 5494 561 5546 τὸν
616 5496 886 5565 συρφετὸν
927 5496 1082 5566 ὄχλον
1139 5497 1316 5559 καλεῖ,
1349 5500 1426 5551 διὸ
1463 5501 1606 5552 καὶὸ
1647 5501 1847 5571 Κύριος

275 5588 389 5649 τοίς
424 5586 691 5655 μαθηταῖς
726 5604 889 5657 φησιν
913 5605 928 5621 ο
990 5590 1090 5643 Ἐκ
1130 5590 1235 5645 τοῦ
1274 5592 1509 5659 κόσμου
1547 5595 1656 5647 οὐκ
1684 5594 1844 5659 ἐστὲ,

265 5676 473 5741 καθὼς
509 5676 623 5745 ἐγὼ
652 5678 717 5731 ἐκ
758 5679 860 5733 τοῦ
923 5681 1156 5750 κόσμου
1192 5684 1302 5736 οὐκ
1351 5684 1489 5749 ειμι.
1549 5685 1751 5738 Τούτου
1790 5686 1846 5741 δὲ

348 5853 391 5885 ³⁸
420 5849 567 5907 Psnl.
602 5867 779 5921 cxuv,
821 5853 873 5911 9.
952 5856 993 5887 ³¹
1030 5853 1185 5913 Joan.
1222 5873 1311 5926 xv,
1343 5858 1443 5926 l9;
1478 5875 1608 5925 xvn,
1648 5860 1733 5915 l8.

1947 4786 2011 4826 ac
2040 4772 2258 4826 demum
2292 4769 2475 4823 omnia
2510 4786 2631 4839 qua:
2663 4769 2890 4824 inimica
2921 4781 3049 4825 sunt
3102 4770 3231 4832 Deo,
3269 4786 3361 4840 per
3394 4787 3525 4825 enu-

1945 4866 2344 4938 eupiscentiam
2382 4866 2564 4920 carnis
2593 4865 2647 4918 in
2681 4866 2841 4921 nobis
2894 4866 3272 4935 perﬁciuntur.

2018 4958 2179 5012 Vens.
2213 4957 2300 5022 16,
2336 4957 2422 5010 Π.
2454 4956 2721 5024 Quoniam
2758 4973 2911 5011 omne
2937 4958 3074 5027 quod
3096 4967 3173 5010 est
3214 4958 3265 5010 in
3304 4955 3519 5017 munda,

1948 5048 2371 5114 concupiscentia
2400 5049 2579 5120 carnis
2608 5056 2756 5101 estet
2793 5048 3214 5116 concupiscentia
3243 5048 3518 5100 oculorum

1946 5147 1994 5190 et
2024 5137 2273 5204 superbia
2319 5138 2477 5192 sitm:
2522 5153 2639 5207 quia
2687 5154 2788 5191 non
2836 5150 2911 5192 est
2967 5154 3031 5191 ex
3078 5136 3263 5201 Putre,
3318 5140 3407 5191 sed
3454 5156 3520 5191 ea:

1954 5230 2150 5284 mundo
2181 5240 2274 5284 est.
2350 5228 2415 5281 Et
2448 5232 2677 5283 mundus
2730 5233 2945 5295 transit,
3002 5240 3051 5282 et
3095 5229 3517 5297 concupiscentia

1955 5320 2091 5391 ejus.
2155 5322 2259 5387 Qui
2312 5331 2485 5377 autem
2514 5324 2649 5394 facit
2678 5324 3003 5375 voluntatem
3062 5320 3180 5387 Dei,
3240 5330 3414 5373 manet
3469 5321 3522 5371 in

1956 5425 2231 5467 (uernum.
2265 5414 2383 5468 .lam
2417 5414 2676 5473 diximus.
2706 5415 3009 5482 apostolum
3036 5415 3297 5465 mundum
3329 5425 3523 5465 vocare

1954 5502 2376 5573 incompositam
2455 5502 2642 5557 vilium
2713 5505 2995 5557 hominum
3073 5504 3309 5556 turbam.
3404 5500 3519 5567 Qua

1957 5595 2171 5649 ratione
2212 5592 2479 5649 Dominus
2530 5594 2817 5664 discipulis
2856 5595 2972 5649 suis
3018 5593 3190 5648 dixit:
3226 5593 3297 5647 De
3326 5594 3522 5646 mundo

1958 5702 2057 5741 non
2090 5689 2237 5754 estis,
2276 5688 2410 5741 sicut
2438 5695 2488 5741 et
2517 5703 2609 5756 ego
2644 5703 2746 5741 non
2785 5704 2900 5741 sunt
2934 5688 2997 5739 de
3026 5686 3220 5738 mundo
3249 5686 3314 5739 ³³.
3347 5684 3520 5755 liujus
