4244 6436
319 365 398 436 69
1141 374 1538 435 erosmo
1568 378 1642 434 ιχ
1675 378 1902 435 Et’lS’l‘.
1933 377 1989 434 ll
2024 382 2087 436 δ.
2119 378 2532 440 JOANNIS.--
2559 385 2712 440 uxr.
2763 387 2807 442 ι.
3514 389 3586 453 υ

2824 543 2940 550 ...ι--
2955 544 3268 553 --.---.....ν--
3289 545 3548 558 -νομ-μο-

1173 681 1971 801 ΕΠΙΣΤΟΑΗ
2077 687 2737 802 ΔΕΥΤΕΡΑ

938 922 1165 1006 ΤΟΥ
1255 923 1592 1006 ΑΓ]οΥ
1666 921 2351 1007 ΛΠΟΣΤΟΛΟΥ
2427 907 2954 1010 ΙΩΑΝΝΟΥ.

1225 1290 1922 1402 EPISTOLA
2012 1291 2668 1405 SECUNDA

1077 1544 1491 1631 SANCTI
1579 1540 2094 1634 JOANNIS
2185 1543 2820 1635 APOSTOLI.

1938 1776 2007 1787 ...-

407 1918 475 1969 ’0
504 1914 905 1981 πρεσϐύτερος
940 1911 1225 1978 Ἐκλεκτῇ
1246 1912 1462 1979 ζκυρίςι,
1494 1915 1588 1966 καὶ
1621 1915 1744 1979 τοῖς
1768 1913 1892 1964 τέκ-
1924 1917 1968 1971 Α
2071 1911 2240 1967 Vens.
2277 1912 2324 1966 l.
2354 1911 2542 1967 Senior
2567 1911 2761 1969 Electa:
2788 1916 2820 1968 d

1945 1917 1968 1971 ι
2071 1911 2240 1967 Vens.
2277 1912 2324 1966 l.
2354 1911 2542 1967 Senior
2567 1911 2761 1969 Electa:
2788 1916 3018 1972 dominre
3051 1926 3101 1973 et
3131 1921 3269 1976 nali:
3311 1925 3425 1993 eius
3454 1941 3584 1994 quos

323 2027 455 2073 νοις
501 2005 715 2072 αὐτῆς,
756 2004 865 2067 οὓς
886 2004 1001 2071 ἐγὼ
1036 2002 1244 2071 ἀγαπῶ
1263 2003 1330 2054 ἐν
1355 2004 1626 2070 ἀληθείᾳ,
1655 2005 1764 2056 οὐκ
1787 2002 1900 2070 ἐγὼ

325 2099 393 2151 δὲ
441 2099 656 2164 μόνος,
722 2094 881 2149 ἀλλὰ
918 2094 1012 2145 καὶ
1047 2093 1270 2158 πάντες
1316 2096 1368 2146 οἱ
1426 2094 1753 2161 ἐγνωκότες
1786 2095 1902 2159 τὴν

325 2189 638 2253 ἀλήθειαν.
680 2184 834 2239 Τινὲς
868 2183 1127 2253 ᾠήθησαν
1156 2183 1362 2252 ταύτην
1396 2183 1489 2235 καὶ
1519 2183 1618 2251 τὴν
1653 2183 1770 2252 μετ’
1801 2183 1900 2236 αὑ-

325 2281 424 2347 τὴν
467 2277 790 2344 Ἐπιστολὴν
826 2281 901 2344 μὴ
938 2272 1078 2327 εἶναι
1119 2275 1367 2326 Ἰωάννου
1391 2273 1483 2326 τοῦ
1514 2274 1897 2342 ἠγαπημένον,

326 2373 444 2424 ἀλλ’
473 2372 663 2437 ἐτέρου
712 2368 1003 2435 ὁμωνύμου
1041 2366 1235 2435 τούτῳ,
1295 2366 1484 2419 καθότι
1530 2366 1622 2419 καὶ
1663 2367 1902 2436 πρεσϐύ-

323 2481 483 2534 τερον
514 2462 704 2513 ἑαυτὸν
725 2460 820 2511 καὶ
842 2462 898 2511 ὲν
923 2458 1094 2528 ταύτῃ
1127 2459 1221 2510 καὶ
1247 2461 1302 2509 ἐν
1333 2460 1398 2527 τῇ
1433 2459 1549 2526 μετ’
1575 2458 1742 2527 αὐτὴν
1765 2459 1902 2526 γρά-

326 2571 439 2621 φει,
479 2554 572 2604 καὶ
599 2550 731 2619 προς
775 2551 1027 2617 γυναῖκα,
1086 2548 1178 2599 καὶ
1203 2547 1388 2616 ἕτερον
1421 2546 1626 2619 [Γάϊον]
1680 2548 1772 2600 ’ἕνα
1807 2547 1902 2599 καὶ

326 2644 514 2707 αὐτὸν,
543 2642 731 2710 ὧσπερ
783 2641 879 2692 καὶ
925 2640 1023 2708 τὴν
1054 2642 1290 2706 γυναῖκα
1324 2641 1453 2709 μίαν
1477 2655 1489 2668 ·
1516 2640 1650 2708 ὅπερ
1679 2639 1740 2690 οὗ
1781 2637 1901 2690 κατ’

338 2736 662 2805 Ἐπιστολὴν
692 2733 1026 2804 Καθολικήν.
1078 2735 1191 2787 Καὶ
1227 2733 1326 2804 τὴν
1357 2734 1687 2802 προγραφὴν
1733 2731 1787 2783 δὲ
1820 2732 1902 2782 ὅτι

328 2828 406 2896 μὴ
438 2827 580 2880 κατὰ
603 2826 702 2896 τὴν
731 2824 954 2896 πρώτην
985 2824 1278 2894 πεποίηται
1310 2824 1636 2891 Ἐπιστολὴν
1655 2839 1671 2853 ·
1701 2823 1764 2874 οὐ
1797 2824 1902 2890 γὰρ

325 2922 385 2968 ὲν
414 2917 596 2986 ἐκείνῃ
652 2915 824 2975 οὕτως
855 2915 1161 2985 ἀπήρξατο.
1207 2914 1368 2967 Ἀλλά
1416 2931 1617 2983 φαμεν,
1645 2916 1724 2965 ὅτι
1755 2915 1810 2965 ἐν
1836 2916 1900 2981 τῇ

327 3007 523 3079 πρώτῃ
542 3009 640 3060 οὐκ
672 3007 890 3075 ἐποίησε
915 3006 1093 3071 τοῦτο,
1125 3006 1266 3058 οὕτω
1302 3005 1652 3076 προγράψαςο
1692 3004 1752 3055 οὐ
1794 3001 1903 3072 γὰρ

325 3099 465 3168 πρὸς
493 3097 796 3166 ὡρισμένον
843 3097 1051 3165 ἔγραφε
1097 3097 1409 3166 πρόσωπον,
1450 3095 1570 3146 οὐδὲ
1607 3094 1742 3164 πρὶς
1780 3094 1902 3146 Ἑκ-

325 3190 556 3255 κλησξαν
589 3193 772 3242 τόπων
808 3188 992 3251 τινῶν,
1027 3187 1212 3251 ὥσπερ
1254 3187 1506 3254 ἐποίησεν
1566 3187 1595 3236 ὁ
1637 3185 1904 3253 μακάριος

328 3282 561 3349 Πέτρῑς,
586 3279 983 3347 αςωρισμένως
1011 3279 1144 3345 πρὸς
1171 3281 1295 3340 τοὺς
1319 3279 1374 3329 ὲν
1402 3280 1468 3346 τῇ
1491 3276 1758 3344 διασπορᾷ
1787 3277 1906 3327 sm-

329 3371 729 3440 σημαινόμενος
802 3369 1085 3429 Ἰουδαίους
1138 3368 1390 3437 γράφειν,
1420 3369 1514 3421 καὶ
1543 3367 1649 3436 πρὸ
1679 3368 1912 3419 τούτουὸ

327 3465 475 3525 θεῖος
511 3461 764 3523 Ἰάκωϐος
787 3477 799 3490 ·
844 3461 977 3514 ἀλλά
1008 3463 1140 3512 πᾶσι
1178 3463 1388 3521 πιστοῖς
1421 3458 1602 3511 κοινὸν
1656 3459 1912 3527 ποιούμε-

330 3574 421 3618 νος
454 3556 546 3606 τον
570 3555 746 3621 λόγον,
777 3554 1220 3624 ἐκκλησιάζουσι,
1244 3555 1337 3606 καὶ
1361 3553 1436 3622 μὴ
1467 3551 1908 3621 ἐκκλησιάζουσι,

330 3649 422 3698 τὸν
455 3647 550 3714 τῆς
586 3646 908 3714 προγραφῆς
950 3644 1276 3713 παραλιπὼν
1309 3643 1497 3697 τύπον.
1535 3644 1910 3711 Πρεσϐύτερον

330 3739 388 3789 δὲ
425 3738 617 3789 ἑαυτὸν
647 3737 850 3806 γράφει
879 3736 1138 3797 ἐνταῦθα,
1176 3739 1272 3788 καὶ
1300 3736 1399 3788 οὐκ
1428 3735 1744 3798 ἀπόστολον,
1782 3734 1903 3786 οὐδὲ

330 3828 516 3881 δοῦλον
550 3829 721 3897 Ἰησοῦ
755 3828 1012 3896 Χριστοῦ,
1049 3827 1124 3888 ὡς
1151 3829 1200 3880 οἱ
1231 3828 1403 3880 λοιποὶ
1423 3827 1731 3879 ἀπόστολοι.
1752 3827 1908 3878 Ἀπόη

334 3920 521 3972 στολον
556 3920 653 3986 μὲν
686 3914 779 3971 οὖν
802 3919 861 3970 οὐ
897 3918 1098 3987 γράφει
1132 3918 1342 3984 ἑαυτὸν,
1379 3919 1526 3981 ῐσως,
1552 3919 1631 3969 ὅτι
1666 3917 1738 3986 μὴ
1771 3916 1912 3986 πρῶ-

332 4031 424 4076 τος
479 4013 804 4084 κατήγγειλε
861 4012 1142 4076 τὸνλόγον
1185 4014 1239 4063 ἐν
1262 4015 1327 4081 τῇ
1359 4013 1531 4080 ’Λσίᾳ,
1581 4011 1714 4062 ἀλλὰ
1773 4011 1910 4078 μετά

335 4105 567 4166 Παῦλον,
623 4104 716 4154 καὶ
745 4104 804 4155 οὐ
849 4103 990 4155 κατά
1022 4103 1255 4170 πάροδον
1296 4101 1485 4170 ὥσπερ
1513 4103 1739 4164 ἐκεῖνος,
1775 4100 1909 4152 ἀλλὰ

338 4198 516 4266 μένων
555 4200 672 4250 ἐκεῖ
718 4197 812 4250 καὶ
864 4195 1075 4267 παρών.
1117 4196 1277 4247 Ἀλλά
1323 4196 1443 4247 οὐδὲ
1488 4195 1672 4246 δοῦλον
1732 4193 1908 4261 Ἰησοῦ

335 4289 573 4358 Χριστοῦ
598 4305 614 4320 ο
642 4289 864 4358 ἐθάρρει
913 4288 1042 4357 γὰρ,
1074 4287 1161 4340 διὰ
1195 4287 1254 4339 τὸ
1283 4287 1418 4353 ἄγαν
1443 4285 1779 4353 ἀγαπᾶσθαι,
1807 4284 1911 4347 ἔξω

333 4381 429 4432 τοῦ
462 4381 559 4449 τῆς
589 4379 828 4442 δουλείας
863 4373 1001 4430 εἶναι
1034 4375 1620 4446 φόϐου.[1ρεσ6ύτερον
1653 4375 1710 4427 δὲ
1744 4374 1906 4443 μόνον

337 4473 529 4524 ἑαυτὸν
554 4471 753 4539 ἠξίωσε
795 4469 1042 4533 καλέσαι,
1095 4469 1176 4520 ὅτι
1212 4467 1440 4538 γηραιὸς
1461 4466 1536 4518 ὢν
1574 4467 1675 4535 ἠδη
1704 4465 1908 4534 ἔγραψε

339 4561 568 4624 ταύτας,
600 4562 634 4632 ἢ
661 4563 742 4613 ὅτι
775 4561 869 4612 καὶ
905 4559 1201 4612 ἐπίσκοπον
1229 4559 1418 4610 ἑαυτὸν
1444 4558 1670 4609 ἐκάλεσε
1698 4557 1787 4610 διὰ
1816 4555 1908 4608 τοῦ

2006 2018 2100 2072 ego
2127 2002 2290 2073 diligo
2314 2004 2367 2056 in
2399 2005 2648 2058 veritate:
2677 2015 2725 2058 et
2754 2023 2856 2059 non
2877 2025 2968 2077 ego
2995 2011 3160 2071 solus,
3188 2013 3278 2065 sed
3306 2025 3354 2067 et
3383 2032 3581 2080 omnes,

2005 2095 2094 2164 qui
2127 2105 2378 2148 noverunt
2403 2097 2692 2152 veritatem.
2719 2097 2949 2162 Quidam
2987 2110 3334 2168 putaverunt,
3372 2107 3591 2173 Episto-

2009 2185 2114 2239 lam
2135 2187 2276 2240 hanc
2289 2194 2342 2239 et
2365 2196 2680 2255 sequentem
2703 2205 2807 2242 non
2830 2205 2952 2244 esse
2969 2189 3194 2246 Joannis
3212 2198 3464 2262 apostoli,
3487 2200 3581 2252 sed

2009 2279 2233 2333 alterius
2263 2280 2386 2331 huic
2404 2281 3054 2350 cognominis,propterea
3070 2286 3237 2352 quod,
3256 2305 3378 2341 cum
3399 2289 3584 2354 inhac,

2010 2381 2122 2425 tum
2161 2373 2214 2424 in
2247 2381 2532 2441 sequente,
2566 2389 2686 2427 sese
2711 2378 3112 2446 presbyterum,
3155 2395 3250 2432 seu
3309 2382 3580 2437 seniorem

2009 2471 2200 2524 vocat;
2228 2469 2281 2515 ct
2320 2462 2515 2515 scribit
2550 2463 2616 2516 ad
2645 2465 2952 2527 mulierem,
2983 2477 3036 2518 et
3062 2465 3128 2519 ad
3155 2467 3381 2535 Gaium;
3414 2487 3581 2525 unutn

2009 2552 2226 2620 quidem
2272 2552 2418 2605 illum
2447 2593 2462 2617 ,
2519 2554 2661 2608 sicut
2699 2563 2752 2608 et
2779 2555 2843 2607 ad
2880 2556 3164 2611 mulierem
3199 2573 3360 2611 unam
3387 2573 3403 2618 :
3435 2562 3579 2630 quod

2010 2643 2265 2714 Epistolas
2291 2643 2587 2699 Catholicae
2610 2657 3036 2701 consentaneum
3066 2664 3176 2703 non
3201 2651 3438 2708 videtur.
3502 2654 3583 2706 Ac

2010 2746 2270 2802 praeterea
2304 2750 2476 2802 neque
2505 2735 2790 2789 exordium
2832 2736 2996 2804 hujus
3027 2738 3284 2806 Epistulae
3314 2741 3424 2795 tale
3469 2750 3578 2807 est,

2008 2825 2168 2892 quale
2215 2827 2269 2878 in
2311 2826 2490 2895 priore
2516 2840 2530 2876 :
2561 2825 2670 2880 alio
2710 2827 2856 2879 enim
2906 2827 3066 2881 modo
3102 2829 3250 2883 illam
3277 2831 3580 2887 exorditur.

2010 2915 2260 2968 Attamen
2298 2916 2442 2982 dico,
2474 2914 2742 2970 Joannem
2776 2917 3012 2986 priorem
3046 2916 3345 2986 Epistolam
3399 2920 3585 2976 diver-

2013 3005 2242 3070 simode,
2281 3007 2428 3060 nulla
2482 3008 2772 3076 prchosita
2829 3008 3212 3077 inscriptione.
3246 3010 3584 3078 inchonssc;

2011 3099 2136 3165 quia
2169 3112 2276 3170 non
2310 3097 2375 3149 ad
2429 3098 2756 3165 peculiarem
2794 3114 3107 3166 personam,
3153 3115 3331 3168 neque
3370 3103 3436 3154 ad
3485 3103 3588 3157 ali-

2010 3195 2144 3254 quot
2171 3187 2413 3241 Iocorum
2449 3186 2748 3243 Ecclesiam
2786 3189 3081 3254 scribebat,
3124 3191 3200 3243 uti
3233 3190 3360 3245 fecit
3393 3192 3585 3249 beatus

1945 3270 1982 3322 Β
2013 3279 2228 3342 Petrus,
2274 3278 2590 3345 signiﬁcans
2620 3294 2679 3333 se
2720 3269 3083 3335 determinate
3112 3281 3350 3336 scribere
3389 3283 3455 3336 ad
3487 3280 3585 3337 Ju-

2013 3370 2160 3423 daeos
2186 3371 2279 3439 qui
2308 3379 2468 3424 erant
2521 3371 2574 3423 in
2602 3371 2969 3440 dispersione,
3021 3380 3075 3426 et
3119 3381 3242 3427 ante
3270 3374 3417 3426 hunc
3459 3389 3585 3428 san-

2012 3472 2134 3514 ctus
2171 3461 2410 3516 Jacobus
2440 3478 2454 3525 ;
2488 3461 2580 3516 sed
2618 3464 2890 3518 universis
2921 3464 3189 3528 ﬁdelibus.
3215 3466 3330 3520 sive
3354 3483 3582 3536 congre-

2011 3551 2172 3618 gatis,
2213 3553 2329 3606 sive
2371 3567 2478 3604 non
2514 3553 2879 3620 congregatis,
2925 3567 3272 3609 communem
3331 3558 3585 3612 omnibus

2012 3642 2304 3697 instituens
2356 3659 2708 3698 sermonem:
2755 3644 2984 3713 ideoque
3023 3645 3078 3699 in
3100 3662 3164 3701 ea
3210 3647 3586 3718 inscriptionis

2014 3733 2302 3787 formulam
2349 3734 2713 3803 prmtermisit.
2771 3735 3154 3806 Presbyterum
3210 3749 3431 3804 autem,
3489 3756 3583 3793 seu

2010 3826 2301 3887 seniorem,
2347 3842 2457 3880 non
2489 3842 2618 3881 vero
2664 3828 2996 3896 apostolum.
3050 3838 3143 3884 aut
3193 3848 3410 3886 servum
3455 3831 3584 3887 Jesu

2011 3913 2236 3978 Christi,
2257 3916 2718 3983 quemadmodum
2749 3918 2840 3970 alii
2875 3919 3128 3987 apostoli,
3162 3937 3283 3975 sese
3316 3923 3403 3976 hic
3428 3923 3585 3978 dicit;

2010 4022 2118 4060 non
2181 4008 2398 4076 quidem
2440 4009 2772 4077 apostolum,
2819 4011 3071 4077 fortasse,
3097 4015 3223 4081 quia
3257 4014 3464 4082 primus
3495 4017 3587 4071 ille

2011 4113 2118 4150 non
2161 4097 2283 4163 fuit,
2323 4100 2414 4168 qui
2447 4099 2769 4167 praedicaret
2801 4102 3152 4170 Evangelium
3197 4104 3251 4157 in
3305 4106 3455 4169 Asia,
3488 4109 3581 4159 sed

2011 4187 2259 4242 Paulus:
2294 4197 2346 4242 et
2385 4204 2493 4242 non
2525 4191 2577 4242 in
2625 4193 2876 4255 transitu,
2923 4193 3066 4248 sicut
3102 4195 3192 4248 ille
3221 4197 3531 4264 praedicavit
3568 4217 3584 4264 ;

2015 4279 2110 4332 sed
2168 4279 2241 4332 ibi
2291 4295 2520 4334 manens
2566 4296 2628 4334 ac
2671 4297 2932 4350 praesens.
2965 4282 3148 4354 Neque
3197 4301 3325 4340 vero
3369 4304 3584 4344 servum

2008 4368 2134 4424 Jesu
2165 4371 2364 4425 Christi
2408 4392 2420 4425 :
2448 4372 2756 4429 conﬁdebat
2794 4375 2938 4440 enim
2962 4391 3042 4442 se,
3075 4393 3139 4432 eo
3167 4380 3311 4446 quod
3339 4381 3585 4447 impense

2012 4462 2081 4516 ab
2120 4461 2237 4530 ipso
2283 4462 2617 4530 diligeretur.
2649 4464 2877 4518 liberum
2903 4481 3027 4520 esse
3057 4482 3088 4521 a
3140 4469 3334 4521 timore
3351 4471 3589 4523 servitu-

2014 4554 2096 4607 tis.
2125 4551 2513 4622 Presbyterum
2550 4563 2757 4617 autem,
2801 4573 2896 4611 seu
2947 4558 3218 4612 seniorem
3251 4567 3458 4614 tantum
3489 4576 3587 4630 ap-

339 4622 734 4724 πρεσὸυτέρου,
786 4653 1057 4716 εἰωθότος,
1108 4653 1167 4705 τὸ
1197 4652 1317 4704 κατ’
1358 4652 1534 4704 ἐκεῖνο
1571 4637 1785 4722 καιροῦ,
1815 4648 1910 4701 καὶ
1937 4622 1979 4677 C
2017 4645 2217 4711 pellarc
2246 4659 2305 4698 se
2343 4645 2534 4707 voluit,
2608 4647 2752 4715 quod
2780 4647 2820 4715 j:

1945 4622 1979 4677 Π
2017 4645 2217 4711 pellarc
2246 4659 2305 4698 se
2343 4645 2534 4707 voluit,
2608 4647 2752 4715 quod
2780 4647 2893 4715 jam
2940 4662 3102 4702 senex
3140 4660 3305 4712 esset.
3334 4666 3457 4704 cum
3490 4653 3590 4704 has

340 4746 434 4796 ἐπὶ
466 4743 575 4794 τῶν
608 4744 924 4796 ἐπισκόπων
974 4742 1232 4812 φέρεσθαι
1258 4743 1316 4794 τὸ
1343 4742 1512 4809 ὖνομα
1535 4740 1628 4793 τοῦ
1671 4739 1910 4810 πρεσϐυο

341 4837 522 4906 τέρου.
556 4839 700 4904 Πρδς
729 4837 784 4888 δὲ
807 4838 1038 4901 γυναῖκα
1071 4835 1293 4903 γράφων
1338 4835 1554 4904 πιστὴν,
1618 4833 1770 4886 οὐδὲν
1811 4832 1913 4884 ὕπ-

340 4929 638 4994 εστεελατο,
662 4929 742 4980 ὅτι
774 4929 832 4978 ὲν
872 4925 1092 4994 Χριστῷ
1127 4923 1302 4994 Ἰησοῦ
1320 4925 1419 4978 οὐκ
1448 4925 1614 4994 ᾶρῤεν
1643 4925 1760 4977 οὐδὲ
1779 4923 1910 4992 θῆλυ

338 5017 516 5090 [οἷδε].
552 5020 690 5088 Πρὸς
717 5019 775 5069 δὲ
809 5019 966 5071 Γάϊον
995 5017 1094 5068 ἕνα
1131 5015 1380 5084 γράφων,
1411 5015 1525 5083 ἔχει
1555 5014 1767 5068 Παῦλον
1797 5013 1914 5084 [Τι-

337 5128 418 5177 ·.ῳ
447 5109 530 5181 τε]
584 5110 863 5180 γράφοντα
899 5108 992 5160 καὶ
1025 5108 1293 5176 Τιμοθέῳ,
1329 5107 1419 5158 καὶ
1467 5105 1601 5174 πρὸς
1633 5106 1907 5175 Φιλήμονα

337 5201 395 5252 δὲ
422 5202 657 5269 ἰδιώτην.
693 5197 880 5252 Ταῦτα
924 5198 1019 5266 μὲν
1052 5198 1182 5268 περὶ
1213 5197 1309 5266 τῆς
1335 5196 1681 5266 προγραφῆς.

2019 4733 2288 4804 Epistolas
2329 4736 2728 4802 conscriberet,
2759 4738 2843 4791 vel
2893 4747 2950 4791 ut
2991 4739 3303 4809 episcopum
3356 4758 3415 4796 se
3466 4759 3589 4798 esse

2020 4828 2356 4898 signiﬁcaret
2385 4846 2398 4882 :
2442 4844 2564 4881 nam
2594 4830 2893 4896 presbyteri
2920 4845 3115 4884 nomen
3140 4834 3302 4886 etiam
3331 4833 3496 4904 536
3518 4836 3591 4888 de

2021 4919 2296 4988 cpiscOpis
2328 4919 2435 4972 dici
2475 4933 2571 4986 per
2601 4919 2652 4971 id
2686 4929 2899 4987 tempus
2929 4920 3158 4976 solebat.
3189 4922 3269 4976 Ad
3305 4924 3589 4979 mulierem

2020 5023 2197 5064 autem
2228 5008 2437 5064 ﬁdelem
2471 5010 2708 5065 scribere
2746 5025 2855 5065 non
2895 5011 3161 5067 dubitavit
3192 5031 3205 5067 :
3241 5014 3498 5082 quoniam
3531 5014 3587 5066 in

2018 5100 2236 5154 Christo
2290 5098 2418 5153 Jesu
2478 5115 2653 5169 neque
2698 5101 3023 5168 masculum,
3058 5116 3232 5170 neque
3281 5102 3533 5156 feminam
3567 5103 3585 5133 '

2018 5202 2263 5247 noverat.
2297 5192 2375 5244 Ad
2425 5207 2593 5246 unum
2635 5206 2766 5246 vero
2799 5192 3051 5247 scribens
3089 5192 3304 5259 Gaium,
3343 5208 3589 5260 praeeun-

341 5304 449 5347 tem
507 5293 732 5346 Paulum
769 5292 981 5356 habuit,
1017 5289 1111 5359 qui
1157 5290 1224 5341 ad
1261 5287 1443 5341 Titum
1482 5297 1534 5339 ci
1565 5285 1910 5339 Timotheum
1948 5284 2190 5352 scripsit,
2220 5298 2281 5336 ac
2312 5283 2475 5336 etiam
2511 5281 2576 5334 ad
2610 5281 2832 5336 idiotam
2904 5280 3293 5336 Philemonem.
3365 5283 3431 5338 Et
3473 5284 3588 5338 haec

338 5390 408 5440 de
442 5385 797 5453 inscriptione
830 5384 940 5437 sint
974 5382 1140 5436 dicta.

409 5478 695 5530 Aeixvu‘rat
745 5475 800 5528 δὲ
829 5476 936 5528 ἀπὸ
965 5475 1062 5542 τῆς
1091 5471 1432 5538 ἀπαγγελίας
1465 5468 1561 5521 καλ⁵
1607 5468 1705 5536 τῆς
1741 5465 1906 5534 ἄλλης

338 5570 436 5625 τοῦ
477 5571 637 5638 λόγου
661 5570 1001 5640 οἰκονομίας,
1038 5567 1098 5620 τὸ
1126 5567 1347 5636 γνήσιον
1408 5562 1514 5616 τῶν
1549 5561 1908 5614 Ἐπιστολῶν·

418 5755 432 5782 ¹
470 5749 645 5803 Galil.
677 5765 757 5810 Ill,
790 5747 880 5800 ‘28.

2095 5467 2171 5521 Ex
2219 5466 2401 5537 pbrasi
2451 5483 2584 5538 vero
2631 5476 2684 5523 et
2730 5467 2934 5538 reliqua
2977 5470 3246 5524 sermonis
3282 5474 3590 5528 oeconomia

2020 5559 2369 5628 perspicuum
2394 5572 2496 5626 εει,
2528 5571 2815 5629 sequentes
2844 5561 2980 5616 duas
2999 5559 3268 5631 Epistolas
3293 5561 3589 5632 genuinum
