4244 6436
195 306 265 372 73
1085 309 1584 379 sxrosn‘ioux'
1637 312 1865 371 EPIST.
1919 312 1974 371 Il
2034 312 2090 370 s.
2155 310 2492 371 JOANNIS.
3358 322 3425 385 τι

199 420 374 491 ἑαυτῷ
410 420 708 491 περιποιῶν
736 421 830 473 τοῦ
862 421 1026 472 καλοῦ
1063 423 1299 474 πλείονα.
1332 424 1487 494 κατὰ
1525 423 1684 473 τοῦτο
1711 423 1765 474 δὲ

1816 431 1840 481 ι
1872 435 2088 489 semper
2121 422 2382 489 majorem
2432 418 2779 472 rectitudinis
2806 420 3043 477 habitum
3082 428 3179 481 sihi
3214 445 3365 485 Consi
3389 455 3433 486 .-

195 511 344 584 οἷμαι
371 515 620 582 εἰρῆσθαι
658 514 747 566 καὶ
779 514 857 576 τδ,
895 515 996 579 Εἰς
1038 512 1077 566 ἂ
1105 514 1505 583 ἐπιθυμοῦσιν
1526 503 1765 583 ἄγγελοι

196 606 567 672 παίαχύξίιαι.
599 604 720 656 Τῶν
748 604 857 674 γὰρ
898 604 1290 675 δεδωρημένων
1332 607 1466 674 ἡμῖν
1518 606 1622 658 ὑπὸ
1675 606 1768 659 τοῦ

194 696 720 766 ἐνανθρωττήσαντος
750 695 972 763 ἀγαθῶν
998 696 1253 748 τοσοῦτον
1281 696 1341 747 τὸ
1366 697 1670 764 μεγαλεῖον,
1693 696 1768 759 ὡς

196 790 289 841 καὶ
338 787 591 854 ἀγγέλοις
643 787 837 855 ἐφετὸν
891 781 1030 839 εἶναι
1061 787 1320 857 βραχεῖαν
1351 785 1559 839 τούτων
1585 787 1768 840 λαϐεῖν

195 882 562 947 κατανόησιν·
610 880 771 930 τοῦτο
818 879 925 948 γὰρ
973 879 1052 941 τὸ,
1118 879 1488 947 παρακύψαι,
1547 881 1764 932 νοεῖται.

205 973 444 1038 Ἐφίεται
476 971 533 1024 δέ
563 989 647 1034 τις
680 970 993 1040 σωφρονῶν,
1028 969 1243 1034 τούτου,
1274 971 1336 1022 οῦ
1361 972 1453 1022 τοῦ
1486 973 1765 1036 παυσομέ-

192 1084 304 1127 νου,
358 1065 494 1115 ἀλλά
542 1062 636 1115 τοῦ
687 1050 928 1124 ἀεννάως
981 1063 1281 1130 προϊόντος.
1342 1063 1451 1114 Καὶ
1480 1061 1666 1129 ἐπειδὴ
1708 1062 1769 1112 τὸ

158 1216 169 1225 _
192 1157 586 1227 ἀνεξάντλητον
619 1156 714 1226 οὐχ
740 1150 850 1208 οἷόν
881 1171 938 1207 τε
961 1155 1079 1207 ὅλον
1111 1154 1447 1224 περιλαϐεῖν,
1483 1154 1768 1220 ἀγαπητὸν

195 1251 325 1317 γοῦν
360 1250 465 1302 κᾶν
488 1250 668 1308 ποσῶς
702 1249 758 1298 ἐν
788 1246 1046 1316 μετουσίᾳ
1072 1247 1263 1298 τούτου
1286 1245 1559 1313 γενέσθαι.
1599 1245 1765 1314 Εἰρη-

194 1343 301 1404 κίυς
333 1341 418 1405 δὲ,
439 1342 562 1408 Οὐχ
593 1340 674 1403 ὡς
697 1338 958 1403 ἐντολὴν
978 1337 1201 1404 καινὴν
1224 1336 1425 1405 γράφω
1456 1336 1592 1407 [f.——
1612 1334 1766 1406 ρων]

192 1452 314 1496 σοι,
352 1432 658 1502 συμφώνως
710 1434 804 1485 καὶ
834 1430 991 1483 τοῦτο
1048 1430 1221 1497 λέγων
1262 1428 1325 1502 [ί.
1354 1461 1420 1470 -
1439 1427 1550 1500 γει]
1576 1430 1686 1492 τοῖς
1709 1429 1767 1479 ἐν

191 1530 254 1595 τῇ
294 1525 509 1593 πρώτῃ.
547 1522 879 1593 Προστίθησι
918 1522 975 1575 δὲ
1007 1523 1101 1575 καὶ
1130 1523 1191 1574 τὸ
1220 1522 1317 1590 τῆς
1346 1521 1563 1590 ἐντολῆς
1584 1522 1763 1591 ἔργον,

193 1620 327 1672 'Ira
382 1614 704 1683 ἀγαπῶμεν
736 1614 1067 1680 ἀλλήλους.
1117 1613 1225 1665 Καὶ
1272 1612 1372 1682 τὴν
1412 1612 1634 1680 ἀγάπην
1681 1610 1766 1675 ἐξ·

190 1713 431 1781 ηἴεῖται,
455 1710 535 1760 ὃτι
565 1707 704 1775 αῦτη
753 1709 809 1758 ἐν
848 1706 927 1775 τῷ
957 1706 1073 1757 κατ’
1103 1705 1270 1775 αὐτὴν
1293 1704 1621 1775 πθρεύεσθαι
1654 1703 1766 1771 ἔχει

191 1804 250 1854 τὸ
276 1798 437 1862 εἶναι,
480 1801 573 1852 καὶ
602 1800 702 1867 τὴν
750 1798 967 1867 ἐντολὴν
992 1799 1089 1868 τὴν
1115 1797 1210 1849 ἀπ’
1247 1798 1442 1866 ἀρχῆς,
1472 1798 1570 1848 οὐκ
1597 1794 1757 1848 ἄλλον

192 1896 334 1955 τινὸς
365 1893 551 1945 ἕνεκεν
579 1890 843 1954 δεδόσθαι,
882 1891 929 1942 εί
959 1888 1034 1959 μὴ
1058 1890 1164 1956 ἵνα,
1197 1890 1384 1959 φησὶν,
1416 1890 1471 1942 ἐν
1497 1889 1633 1959 αὐτῇ
1667 1904 1761 1939 πε-

193 1986 474 2054 ριπατεῖτε
606 2013 672 2028 -
700 1978 899 2051 ﬁta].

258 2260 424 2323 Λῡτη
453 2253 624 2308 ἐστίν
656 2253 693 2319 ἡ
722 2252 961 2319 ἐντολὴ,
982 2251 1174 2317 καθὼς
1193 2251 1497 2319 ἠκούσατε
1530 2252 1630 2306 ἀπ’
1659 2252 1761 2318 ἀρ·

191 2348 331 2418 κῆς,
358 2349 462 2399 ἵνα
484 2347 551 2397 ὲν
583 2341 737 2409 αὐτῇ
764 2341 1133 2408 περιπατεῖτε
1161 2340 1406 2413 [vulg._
1428 2339 1601 2411 17,15].
1632 2342 1760 2393 ..οη

190 2436 413 2489 πολλοὶ
459 2431 680 2488 πλάνοι
711 2428 999 2497 είσῆλθον
1026 2433 1112 2495 είς
1144 2428 1252 2483 τόν
1298 2431 1551 2498 κόσμον,
1581 2432 1636 2483 οι
1674 2430 1760 2499 μὴ

192 2528 630 2598 ὁμολογοῦντες
692 2506 923 2592 Ἰησοῦν
992 2523 1250 2591 Χριστὸν
1307 2523 1633 2591 ἐρχόμενον
1692 2523 1761 2575 ἐν

192 2623 395 2688 σαρκί.
420 2650 480 2661 ——
505 2621 651 2671 Ἀνω
673 2619 822 2669 κάτω
852 2615 921 2667 τὰ
950 2615 1089 2667 αὺτά
1124 2614 1379 2682 στρέφει·
1413 2614 1501 2667 διὰ
1532 2614 1633 2683 μὲν
1660 2614 1760 2682 τῆς

190 2715 412 2781 ἀγάπης
466 2711 526 2762 τὸ
582 2710 946 2763 ἀδιάσπαστον
1011 2707 1195 2767 αὐτοῖς
1266 2705 1757 2775 προμηθοῦμενος,

193 2804 328 2854 ἀλλά
358 2801 434 2870 μὴ
465 2800 599 2868 πρὸς
630 2798 754 2860 τοὺς
787 2797 1021 2857 πλάνους
1061 2794 1475 2865 ἀποσχίζεσθαι,
1508 2795 1629 2857 τοὺς
1660 2794 1758 2864 ἤδη

190 2897 247 2945 ἐν
276 2894 356 2960 τῷ
407 2891 599 2959 κόσμῳ
641 2887 1097 2959 περιπατοῦντας,
1135 2889 1229 2940 καὶ
1275 2887 1374 2955 τὴν
1426 2886 1515 2938 διά
1562 2888 1761 2957 σαρκὸς

192 2984 489 3053 ἐπιδημίαν
526 2980 619 3033 τοῦ
645 2980 850 3049 Κυρίου
884 2977 1209 3039 ἀθετοῦντας
1231 2992 1246 3007 ·
1281 2976 1369 3029 διὰ
1404 2975 1459 3028 δὲ
1486 2974 1578 3028 τοῦ
1620 2975 1758 3027 κατὰ

193 3079 289 3147 τὴν
322 3075 546 3140 ἐντολὴν
578 3072 925 3141 περιπατεῖν,
958 3068 1056 3139 τὴν
1086 3068 1181 3120 ἀπ’
1212 3068 1384 3164 ἀργῆς
1411 3068 1518 3118 τῶν
1540 3066 1758 3164 ’πεπλα-
1783 3105 1827 3164 c

194 3168 440 3235 ημένων
496 3161 791 3232 αἱρετικῶν
850 3159 1009 3224 δόξαν
1068 3158 1382 3226 ἐμφανίζων
1449 3157 1757 3227 πρόσφατον

194 3254 376 3317 οὖσαν,
421 3256 516 3307 καὶ
552 3250 886 3323 παρακαλῶν
919 3251 1016 3319 τῆς
1049 3251 1143 3303 ἀπ’
1176 3251 1349 3320 ἀρχῆς
1378 3250 1595 3319 ἐντολῆς
1638 3252 1762 3304 τού-

192 3368 315 3413 τους
346 3349 663 3419 ἐχομένους,
693 3345 767 3415 μὴ
788 3344 1095 3411 ἀπάγεσθαι
1125 3347 1190 3412 τῇ
1219 3345 1403 3414 ἀπάτῃ
1429 3345 1626 3397 αὐτῶν.
1653 3347 1761 3398 Καὶ

190 3443 297 3509 γὰρ
326 3437 632 3491 ἐνετείλατο
664 3436 693 3487 ὁ
734 3433 967 3503 Χριστὸς
1006 3434 1116 3495 τοῖς
1159 3432 1427 3502 μαθηταῖς
1471 3435 1599 3503 περὶ
1651 3434 1760 3486 τῶν

186 3532 407 3583 πλάνων
430 3528 635 3580 τούτων
664 3526 869 3593 λέγων·
900 3524 1119 3577 Πολλοὶ
1155 3523 1508 3577 ἐλεύσονται
1542 3525 1640 3577 ἐπὶ
1674 3523 1757 3588 τῷ

186 3618 433 3687 ὀνόματί
459 3633 600 3685 μου,
625 3615 930 3682 λέγοντες
965 3610 1111 3682 Ἐγὼ
1134 3614 1249 3681 ειμι
1283 3615 1316 3665 ό
1348 3614 1627 3680 Χριστόςο
1663 3614 1758 3667 καί

187 3709 459 3772 πολλοὺς
508 3705 915 3770 πλανήσουσι.
959 3704 1056 3771 Μὴ
1087 3699 1181 3757 οὖν
1214 3705 1541 3773 πορευθῆτε
1567 3707 1759 3759 ὀπίσω

184 3800 406 3856 αὐτῶν.
448 3800 662 3860 Πάντας
694 3796 786 3849 οὖν
833 3798 930 3859 τὰς
984 3796 1223 3858 ἐντολὰς,
1252 3799 1404 3865 φησὶ,
1462 3796 1758 3865 τηροῦντας

188 3892 396 3944 κελεύει
441 3888 519 3958 μὴ
570 3885 908 3949 ἀπατᾶσθαι,
984 3884 1120 3936 ἀλλὰ
1165 3884 1257 3937 τὸν
1309 3884 1480 3937 ταῦτα
1532 3886 1756 3953 λέγοντα

197 3987 574 4053 ’Λντίχριστον
630 3979 899 4049 ἡγεῖσθαι.
932 3973 1100 4040 Οὗτος
1147 3978 1276 4048 γὰρ,
1309 3980 1491 4048 φησιν,
1539 3980 1688 4031 ἐστιν
1729 3983 1758 4033 ὁ

194 4077 565 4143 ’.ἀντίχριστος
599 4073 693 4123 καὶ
725 4070 941 4131 πλάνος.
981 4067 1161 4121 Εἰπὼν
1191 4068 1268 4131 δὲ,
1308 4072 1372 4121 Ol
1405 4069 1490 4137 μὴ
1542 4072 1754 4138 ὁμολο.

180 4165 434 4234 γοῦν-τες
471 4162 712 4227 Ἰησοῦν
758 4159 1016 4228 Χριστὸν
1067 4160 1393 4229 ἐρχόμενον
1437 4162 1507 4213 ἐν
1533 4163 1748 4228 σαρκὶ,

187 4260 302 4310 ἀλλ’
339 4258 441 4309 οὐκ
471 4254 713 4317 ἐλθόντα,
748 4254 1103 4322 ἐμφαίνοντος
1133 4255 1301 4315 ἐστιν,
1331 4252 1407 4315 ὡς
1436 4248 1576 4323 ἦσαν
1608 4269 1753 4317 τινες

182 4354 228 4401 οἱ
265 4348 586 4408 ἀθετοῦντες
612 4347 711 4415 τὴν
741 4344 1003 4414 δευτέραν
1027 4341 1122 4395 τοῦ
1152 4342 1388 4412 Χριστοῦ
1415 4344 1716 4413 παρουσίαν
1734 4359 1749 4373 ·

1874 527 2053 565 sccns.
2100 511 2171 567 Et
2219 512 2320 565 hoc
2367 526 2533 565 sensu
2583 512 2784 562 dictum
2815 524 2943 579 puto
2980 515 3105 567 illud
3140 537 3151 571 :
3186 520 3203 550 '
3235 520 3295 574 lu
3335 541 3433 590 quo

1868 602 2171 655 desiderant
2204 604 2378 672 angeli
2422 604 2736 671 prospicere.
2771 602 2943 657 Tanta
2975 608 3118 660 enim
3149 620 3233 664 est
3266 613 3429 667 bono.

1843 682 1988 749 ‘rum
2032 712 2151 765 qua:
2180 698 2338 750 nobis
2370 694 2608 751 Verbum
2654 698 2996 754 incarnatum
3027 704 3273 770 contulit,
3321 722 3437 761 nia-

1869 788 2118 855 guitudo,
2153 798 2213 841 ut
2242 789 2405 842 etiam
2441 790 2647 858 angelis
2682 789 3039 847 desiderabile
3069 794 3140 847 sit
3186 797 3264 850 vel
3305 814 3431 867 par-

1869 892 1988 931 vam
2062 895 2252 933 eorum
2332 882 2550 949 assequi
2608 881 3046 953 intelligentiam.
3114 885 3229 941 Hoc
3284 893 3428 944 enim

1867 966 2137 1036 signiﬁcat
2192 967 2375 1023 Grieca
2420 984 2522 1021 vox
2565 971 2901 1040 παρακύψαι.
2947 973 3220 1030 Desiderat
3249 990 3431 1033 autem

1867 1058 2120 1127 quisquis
2164 1060 2309 1129 sapit
2353 1075 2460 1113 non
2496 1060 2547 1113 id
2574 1062 2718 1130 quod
2747 1078 2969 1118 cessare
3009 1066 3300 1135 aliquando
3334 1072 3431 1124 de-

1868 1147 1977 1211 bet,
2010 1149 2104 1201 sed
2132 1150 2272 1217 quod
2297 1150 2605 1217 perenniter
2622 1150 2941 1205 duraturum
2965 1161 3067 1207 est.
3093 1155 3428 1223 Atquouiam

1868 1238 2013 1307 quod
2060 1239 2443 1293 inexhaustum
2490 1254 2553 1293 ac
2599 1240 2923 1295 immensum
2968 1255 3069 1309 est,
3096 1254 3266 1299 totum
3310 1251 3429 1317 capi

1871 1344 1977 1382 non
2008 1339 2186 1398 potest
2217 1347 2231 1394 ;
2259 1333 2524 1400 optimum
2562 1332 2721 1387 nobis
2762 1332 2944 1398 fuerit,
2968 1337 3011 1390 si
3039 1338 3167 1391 illud
3197 1353 3423 1408 quomo-

1867 1423 2156 1491 docunque
2192 1424 2383 1476 saltem
2414 1424 2819 1492 participemus.
2853 1424 2986 1479 Cum
3018 1429 3090 1481 ait
3142 1414 3269 1484 vero
3311 1447 3433 1485 san-

1868 1523 1991 1568 ctus
2032 1515 2130 1569 iste
2165 1516 2447 1582 apostolus
2482 1533 2495 1567 :
2536 1515 2658 1569 Non
2706 1518 3012 1571 "randarum
3040 1538 3226 1575 nouum
3258 1527 3431 1576 scribo

1868 1607 1983 1669 tibi,
2029 1607 2385 1663 conlormiter
2444 1611 2686 1679 loquitur
2738 1610 2803 1664 ad
2861 1627 2922 1665 ea
2955 1629 3076 1683 qua:
3141 1615 3195 1669 in
3253 1619 3431 1685 priore

1874 1696 2113 1769 Epistula
2178 1703 2497 1771 scripserat.
2561 1704 2721 1756 Addit
2780 1720 2910 1757 vero
2966 1707 3128 1761 etiam
3190 1710 3429 1764 mandati

1790 1772 1835 1832 Β
1862 1805 2082 1860 SCOpum
2118 1809 2132 1855 ;
2181 1807 2391 1861 nempe,
2439 1802 2494 1846 ut
2534 1794 2817 1863 diligamus
2869 1797 3183 1851 alterutrum
3215 1816 3235 1853 :
3281 1810 3337 1855 et
3362 1804 3430 1856 de

1864 1884 2135 1937 charitate
2188 1884 2366 1948 docet,
2418 1885 2560 1955 quod
2606 1900 2728 1940 esse
2775 1887 2967 1941 habeat
3004 1890 3056 1941 in
3102 1891 3428 1947 ambulando

1865 1978 2170 2031 secundum
2211 1978 2381 2047 ipsam
2418 1994 2432 2041 ;
2467 1987 2519 2031 et
2545 1976 2687 2046 quod
2724 1992 2831 2031 non
2862 1978 2962 2031 alia
2988 1981 3053 2032 de
3074 1994 3239 2035 causa
3269 1996 3426 2035 man-

1863 2066 2049 2120 datum
2092 2068 2239 2122 istud
2278 2068 2465 2120 datum
2510 2065 2606 2129 sit,
2641 2066 2743 2119 nisi
2792 2073 2850 2118 ut
2891 2080 3009 2129 vos,
3051 2066 3249 2136 inquit,
3278 2070 3333 2123 in
3360 2085 3429 2124 eo

1862 2158 2173 2213 smhuletis.

1935 2246 2102 2303 Vens.
2134 2248 2187 2312 6,
2221 2248 2272 2301 7.
2305 2252 2418 2303 Hoc
2446 2258 2522 2303 est
2552 2249 2690 2302 enim
2722 2249 3050 2313 mandatum,
3084 2260 3139 2304 ut
3179 2259 3428 2322 quemad-

1863 2340 2074 2392 modum
2114 2340 2342 2393 audistis
2378 2341 2634 2404 abinitio,
2666 2341 2719 2392 in
2750 2357 2809 2395 eo
2835 2342 3131 2395 anibuletis.
3162 2342 3425 2408 Quoniam

1863 2433 2020 2484 multi
2043 2433 2341 2486 seductores
2367 2433 2627 2496 exierunt,
2664 2436 2717 2487 in
2746 2438 3016 2499 mundum,
3052 2439 3143 2505 qui
3176 2454 3277 2490 non
3300 2454 3425 2491 con-

1862 2526 2097 2593 ﬁtentur,
2126 2524 2308 2579 Iesum
2346 2525 2614 2579 Christum
2642 2529 2813 2581 venire
2842 2531 2917 2596 (l)
2947 2532 3001 2582 in
3020 2547 3201 2583 carne.
3240 2531 3302 2585 Et
3331 2547 3424 2586 su-

1863 2634 1959 2688 pra
1985 2628 2039 2673 et
2064 2617 2205 2673 infra
2233 2618 2421 2672 eadem
2468 2634 2685 2688 semper
2712 2630 2894 2674 verSat
2926 2638 2939 2671 :
2976 2637 3069 2690 per
3098 2622 3421 2676 charitatem

1860 2710 2079 2780 quidem
2130 2712 2236 2765 illis
2288 2710 2549 2775 suadens,
2581 2724 2647 2763 ne
2676 2725 2703 2762 a
2739 2710 2973 2764 ﬁdelium
3015 2722 3157 2767 metu
3196 2727 3422 2783 separe-

1864 2811 2068 2866 rentur,
2104 2816 2240 2856 neve
2272 2801 2337 2854 ad
2362 2801 2705 2866 seductores,
2744 2803 2835 2871 qui
2874 2803 2985 2871 jam
3021 2803 3281 2858 mundum
3311 2806 3421 2859 cir-

1862 2894 2166 2957 cumihant,
2206 2900 2369 2962 atque
2396 2893 2688 2946 adventum
2736 2892 2949 2946 Domini
2986 2896 3040 2947 in
3074 2910 3242 2949 carne
3285 2896 3420 2965 reji-

1860 2988 2097 3050 ciebant,
2135 2988 2457 3040 accederent
2500 3005 2513 3039 :
2557 3001 2653 3055 per
2677 2986 2776 3039 hoc
2800 3002 2949 3051 vero,
2989 2988 3133 3057 quod
3163 2989 3269 3044 illis
3299 3004 3419 3043 am-

1862 3074 2158 3129 bulandum
2193 3086 2380 3129 monet
2420 3075 2720 3130 secundum
2750 3078 3084 3141 mandatum,
3132 3081 3281 3148 quod
3316 3080 3419 3135 fuit

1863 3167 1929 3220 ab
1975 3166 2153 3227 initio,
2206 3165 2538 3225 manifestat,
2591 3167 2937 3220 seductorum
2992 3169 3305 3237 opinionem
3340 3185 3419 3225 re-

1861 3264 2073 3309 centem
2119 3270 2278 3321 esse;
2322 3257 2570 3325 adeoque
2624 3256 2809 3311 ﬁdeles
2847 3259 3120 3322 hortatur,
3154 3268 3212 3312 ut
3260 3275 3416 3315 man-

1859 3348 1985 3401 dato
2012 3346 2153 3412 quod
2188 3348 2285 3399 fuit
2318 3349 2385 3401 ab
2416 3348 2593 3410 initio,
2631 3348 2857 3402 ﬁrmiter
2886 3349 3248 3415 adhaerentes,
3292 3355 3414 3407 illu-

1860 3453 1979 3492 rum
2030 3454 2088 3493 se
2150 3436 2339 3492 fraude
2394 3438 2589 3491 abduci
2650 3453 2756 3492 non
2819 3441 3113 3506 patiantur.
3180 3441 3311 3496 Nam
3363 3458 3417 3496 et

1859 3528 2111 3582 Christus
2159 3528 2419 3582 Dominus
2451 3528 2737 3597 discipulis
2777 3532 2893 3585 suis
2938 3532 3005 3584 de
3027 3533 3292 3599 ejusmodi
3329 3551 3415 3588 se-

1859 3619 2174 3673 ductoribus
2211 3619 2493 3688 praecepit,
2519 3620 2706 3674 dicens
2732 3638 2745 3673 :
2778 3621 2797 3650 ⁶
2822 3618 2981 3674 Multi
3017 3623 3220 3675 venient
3247 3626 3299 3677 in
3326 3642 3417 3675 no-

1861 3708 1998 3761 mine
2026 3724 2157 3771 meo,
2188 3709 2445 3761 dicentes:
2480 3707 2620 3774 Quia
2649 3724 2740 3778 ego
2769 3726 2883 3763 sum
2907 3708 3170 3775 Christus,
3199 3723 3249 3766 et
3280 3719 3415 3766 mul-

1860 3811 1936 3853 tos
1960 3800 2226 3864 sedarent,
2256 3800 2413 3853 nolite
2461 3802 2537 3853 ire
2566 3812 2683 3868 post
2718 3817 2826 3856 eos.
2861 3801 2982 3857 ﬂare
3006 3804 3189 3873 igitur,
3219 3807 3415 3874 inquit,

1860 3890 2132 3953 mandata,
2167 3897 2475 3953 servantes,
2517 3906 2584 3942 ne
2624 3890 3006 3961 decipiamini;
3043 3893 3137 3947 sed
3169 3910 3291 3948 eum
3319 3911 3411 3964 ιιιιι

1860 3979 2138 4032 id'dixerit
2166 3978 2560 4031 Autichristum
2589 3993 2734 4042 esse,
2754 3980 3067 4035 existimate
3091 4000 3105 4034 :
3136 3982 3302 4053 ‘38
3328 3985 3412 4036 hic

1857 4069 2023 4131 enim,
2058 4068 2154 4128 ait,
2195 4075 2280 4120 est
2307 4066 2677 4121 Antichristus
2706 4078 2758 4121 et
2786 4067 3061 4122 seductor.
3097 4069 3289 4124 Dicens
3317 4086 3414 4125 au-

1855 4170 2002 4211 tem:
2053 4159 2143 4225 qui
2189 4173 2288 4208 non
2325 4159 2638 4225 conﬁtentur
2690 4158 2870 4211 Iesum
2919 4158 3187 4213 Christum
3236 4165 3412 4217 venire

1855 4249 1908 4300 in
1940 4264 2115 4311 carne,
2153 4257 2205 4301 et
2254 4262 2359 4301 nou
2406 4249 2660 4313 venisse;
2696 4251 2957 4314 ostendit,
2988 4252 3284 4307 nonnullos
3314 4268 3411 4323 per

1857 4340 1908 4392 id
1937 4350 2149 4410 tempus
2180 4339 2372 4407 fuisse,
2410 4342 2501 4409 qui
2540 4340 2837 4395 secundum
2878 4341 3082 4396 Christi
3114 4344 3406 4399 adventum

180 4442 300 4492 ἐπεὶ
330 4439 423 4491 καί
461 4437 621 4499 αὐτὸς
646 4439 674 4489 ὁ
704 4435 903 4504 Κύριος
930 4434 1078 4498 λέγει
1100 4449 1113 4465 ·
1138 4433 1361 4486 Πολλοὶ
1389 4434 1742 4487 ἐλεύσονται
1776 4437 1797 4491 l

1816 4458 1818 4476 ι
1848 4432 2155 4498 rejicerent.
2184 4434 2247 4487 Et
2274 4431 2491 4501 quidem
2510 4447 2635 4486 cum
2663 4433 2825 4486 etiam
2850 4430 3114 4486 Dominus
3139 4433 3257 4503 ipse
3286 4435 3357 4488 ait
3387 4454 3398 4487 :

179 4532 275 4582 ἐπὶ
324 4526 405 4593 τῷ
439 4527 682 4595 ὀνόματί
710 4540 861 4594 μου·
892 4524 952 4576 οὐ
999 4523 1125 4594 περὶ
1170 4523 1269 4593 τῆς
1315 4523 1536 4592 πρώτης
1569 4523 1735 4577 αὑτοῦ

181 4622 405 4687 φάσκων
436 4618 755 4687 παρουσίας,
787 4614 922 4668 ἀλλά
964 4616 1091 4683 περὶ
1118 4614 1215 4682 τῆς
1244 4614 1519 4683 δευτέρας.
1549 4616 1737 4683 Ὅμως

176 4712 369 4779 άληθεί
417 4709 580 4778 λόγῳ,
617 4712 665 4759 οἱ
698 4708 794 4777 τὴν
830 4706 1087 4774 δευτέραν
1132 4704 1448 4767 ἀθετοῦντες
1502 4708 1594 4759 καὶ
1639 4707 1736 4775 τὴν

178 4805 406 4871 πρώτην
450 4799 869 4853 ἀποδάλλονται.
900 4797 961 4849 Εἰ
987 4797 1095 4866 γὰρ
1124 4798 1152 4848 ὁ
1194 4797 1251 4848 ἐν
1283 4801 1446 4866 σαρκὶ
1488 4815 1731 4867 παραγεο

177 4897 403 4962 νόμενος
469 4894 560 4944 καὶ
610 4893 708 4961 τὴν
748 4890 1004 4959 δευτέραν
1042 4888 1427 4957 ἐπηγγείλατο,
1462 4890 1673 4953 πάντως
1705 4891 1732 4942 δ

177 4986 274 5054 τὴν
294 4984 554 5053 δευτέραν
578 4982 785 5036 ἀθετῶν
830 4981 1011 5034 ἀθετεῖ
1033 4980 1126 5032 καὶ
1154 4978 1251 5048 τὴν
1275 4979 1515 5049 πρώτην.
1539 4981 1600 5035 El
1629 4984 1735 5053 γὰρ

176 5077 423 5127 πιστεύει
451 5073 915 5143 παραγενόμενον,
944 5072 1038 5123 καὶ
1066 5072 1166 5140 τὴν
1188 5070 1515 5138 ἐπαγγελίαν
1539 5072 1733 5143 πιστὴν

177 5168 448 5235 ἡγήσεται
488 5162 581 5216 τοῦ
614 5162 1056 5231 παραγενομένου
1075 5178 1089 5190 ·
1120 5164 1167 5214 εί
1199 5162 1255 5214 δὲ
1281 5162 1377 5230 τὴν
1408 5162 1734 5231 ἐπαγγελίαν

177 5258 377 5321 ἀθετεῖ,
410 5257 583 5319 οὐδεὶς
638 5256 792 5322 λόγος
826 5254 961 5325 μηδὲ
1002 5254 1099 5324 τὴν
1138 5255 1361 5325 πρώτην
1402 5255 1559 5307 αὐτὸν
1605 5257 1730 5308 ἀθε-

175 5352 305 5403 τεῖν.
335 5351 433 5404 Διά
464 5348 642 5412 τοῦτο,
676 5345 853 5417 οἶμαι,
895 5348 987 5398 καὶ
1031 5345 1200 5408 οῦτως
1248 5348 1517 5418 ἐχρήσατο
1565 5353 1732 5419 ταύτῃ

255 5525 320 5577 ³1
363 5524 509 5579 Petr.
543 5542 581 5592 I,
614 5527 699 5581 12.
776 5531 946 5582 'Luc.
984 5544 1094 5593 xxi,
1132 5531 1181 5582 8.

1844 4519 2002 4573 Multi
2029 4522 2226 4573 venient
2268 4521 2321 4571 in
2356 4523 2564 4573 nomine
2593 4536 2726 4581 meo,
2760 4530 2892 4582 etc.,
2946 4536 3055 4574 non
3104 4521 3172 4576 de
3199 4523 3399 4591 primo,

1842 4612 1934 4665 sed
1967 4612 2033 4665 de
2062 4612 2304 4665 secundo
2341 4612 2575 4665 adventu
2615 4611 2827 4665 locutus
2853 4611 3083 4667 videtur.
3121 4614 3397 4674 Attamen,

1842 4706 1931 4774 qui
1966 4704 2265 4759 secundum
2300 4702 2512 4757 Domini
2544 4703 2831 4758 adventum
2855 4704 3129 4773 rejiciunt,
3174 4705 3207 4758 ii
3231 4705 3397 4759 etiam

1844 4798 2076 4866 primum
2101 4797 2275 4864 reipsa
2296 4795 2623 4848 inﬁciantur.
2651 4794 2780 4847 Nam
2805 4795 2849 4849 si
2876 4794 3125 4850 Christus
3154 4796 3207 4849 in
3235 4810 3403 4850 carni:

1838 4890 1949 4957 jam
1986 4902 2227 4957 praesens
2269 4902 2328 4941 se
2359 4887 2521 4942 etiam
2571 4885 2813 4940 secundo
2845 4895 3129 4940 venturum
3184 4901 3401 4941 annuu-

1852 4982 2041 5046 tiavit;
2078 4981 2300 5034 omnino
2326 4980 2418 5047 qui
2460 4978 2763 5033 secundum
2799 4979 3093 5033 adventum
3125 4975 3303 5048 negat,
3342 4994 3400 5033 re

1836 5075 1961 5143 jicit
1985 5085 2040 5128 et
2071 5076 2324 5144 primum.
2361 5071 2462 5137 Qui
2500 5074 2644 5126 enim
2672 5086 2795 5125 eum
2820 5072 2929 5139 jam
2955 5072 3194 5137 venisse,
3223 5074 3413 5126 credit”

1840 5167 1958 5232 ejus
1982 5180 2196 5235 quoque
2246 5164 2659 5233 promissionem
2698 5162 2903 5217 ﬁdelem
2942 5178 3062 5217 esse
3094 5179 3199 5216 non
3241 5163 3399 5217 dulii-

1841 5258 1997 5311 tahit.
2026 5257 2080 5310 Si
2116 5265 2291 5309 autem
2328 5254 2673 5324 promissioni
2695 5253 2847 5306 ﬁdem
2881 5267 2985 5306 non
3009 5254 3206 5317 habet,
3241 5270 3399 5308 nemo

1844 5363 1949 5403 non
1980 5350 2197 5413 dixerit,
2234 5349 2375 5401 hunc
2406 5357 2457 5401 et
2500 5353 2729 5414 primum
2776 5344 3061 5398 adventum
3110 5346 3395 5418 ahnegarc.

1364 5627 1559 5687 ναι-ἰδ’
1599 5626 1801 5685 locum
1835 5646 1903 5683 rs
1948 5633 2001 5685 et
2030 5633 2208 5687 non».

252 5727 328 5793 (l)
372 5721 528 5791 Vulg.
564 5722 724 5777 habet
760 5726 974 5779 venisse.

431 5816 697 5875 ΡΑτιιοι..
730 5820 842 5880 Gn.
884 5822 1137 5881 CXXVI.
