4244 6436
734 386 811 451 95
1657 380 2228 443 THEOPHYLACTI
2269 381 2671 444 BUUJARLE
2709 384 3064 445 ARCHIEP.
3916 380 3984 448 96

737 508 894 555 voce,
922 501 977 547 ut
1009 492 1117 563 jam
1149 499 1434 557 consueta,
1479 498 1538 545 ut
1587 492 1841 546 omnibus
1910 503 2037 547 nota
2086 493 2305 547 divinus
2334 491 2381 549 A
2409 519 2413 541 ι

2334 491 2381 549 Α
2409 493 2725 562 dabat-7:00.:
2763 493 3260 565 χρηματισμένους.
3293 493 3484 546 Ἀλλο
3528 493 3614 557 εἰς
3648 491 3710 545 τὸ
3739 492 3983 546 αὑτό.-

741 586 828 638 h‘c
854 586 937 638 vir
964 600 1096 638 usus
1120 595 1223 647 est,
1256 584 1484 652 loquens
1526 585 1593 639 de
1625 584 1939 639 hominibus
1970 600 1998 636 a
2028 587 2134 640 Deo
2165 585 2307 637 datis

738 686 792 728 et
828 676 1125 744 inspiratis.
1159 676 1328 729 Aliter
1354 693 1365 727 :
1400 676 1586 742 Δόξας,
1606 692 1701 730 seu
1731 676 2045 745 dignitates,
2075 688 2164 730 aut
2195 678 2311 745 glo-

745 770 854 821 rias
885 767 1051 821 Vetus
1075 783 1139 822 ac
1169 766 1380 820 Novum
1413 767 1822 822 Testamentum
1875 767 2128 837 appellat,
2168 769 2310 820 sicut

739 869 792 911 et
827 858 1029 914 Paulus
1047 860 1154 912 ait’
1181 876 1194 911 :
1224 858 1283 913 Si
1311 860 1620 928 enim,qnod
1637 867 1942 922 evacuatur,
1972 876 2064 927 per
2085 859 2310 926 gloriam

739 963 840 1015 est,
873 954 1038 1004 multo
1071 953 1239 1021 magis
1257 954 1394 1021 quod
1415 963 1609 1014 manet,
1633 953 1685 1005 in
1712 953 1878 1021 gloria
1897 961 1996 1005 est.
2024 949 2118 1004 Vel
2143 951 2308 1004 etiam

743 1042 1038 1110 dignitates
1073 1042 1480 1098 ecclesiasticas
1537 1051 1835 1110 potestates
1880 1041 2034 1106 dicit,
2079 1056 2214 1109 quas
2275 1041 2308 1092 ii

746 1134 1196 1203 blasphemabant
1251 1152 1270 1190 :
1303 1143 1361 1188 ut
1418 1135 1695 1202 colligitur
1751 1134 1913 1186 etiam
1970 1148 2035 1187 es
2078 1131 2311 1200 Epistola

751 1227 910 1280 tertia
978 1226 1162 1281 dilecti
1199 1227 1474 1295 discipuli,
1512 1226 1600 1279 ubi
1639 1227 1714 1280 ait
1766 1224 2095 1294 Diotrepben
2138 1227 2312 1281 verbis

743 1318 998 1387 malignis
1026 1320 1233 1387 garrire
1285 1319 1340 1372 in
1371 1319 1512 1374 illos.
1563 1316 2010 1387 Quandoquidem
2075 1333 2202 1372 vero
2249 1319 2315 1372 de

744 1409 1078 1476 blasphemia
1106 1410 1439 1463 mentionem
1474 1409 1622 1475 fecit,
1657 1426 1763 1464 nou
1796 1410 1972 1464 solum
2020 1408 2166 1471 illos.
2217 1409 2314 1462 sed

741 1516 935 1554 mnues
962 1501 1214 1554 homines
1239 1499 1518 1567 erudiens,
1550 1508 1611 1554 ut
1641 1516 1806 1570 puras
1831 1509 2051 1556 servent
2096 1499 2164 1554 ab
2214 1500 2314 1553 htt-

742 1591 979 1658 jusmodi
1016 1592 1158 1646 malo
1183 1592 1395 1662 linguas
1422 1607 1580 1655 suas,
1619 1606 1686 1646 ue
1717 1575 1937 1661 quidem
1980 1600 2168 1646 coutra
2230 1592 2314 1646 di-

744 1696 881 1744 ;znos
905 1681 1156 1734 convitiis
1189 1681 1303 1734 haec
1323 1680 1625 1735 adhibenda
1639 1681 1820 1746 docet,
1852 1682 2038 1736 dicens
2062 1699 2074 1735 :
2097 1680 2316 1736 Michael

746 1770 1095 1836 archangelns
1135 1778 1242 1823 etc.
1273 1769 1430 1823 Velut
1454 1771 1500 1823 si
1532 1769 1764 1824 diceret:
1791 1770 2116 1839 lstiquidem
2137 1787 2318 1840 prom-

2413 589 2448 636 Δ
2475 585 2603 650 .’ξας
2660 588 2759 654 τὴν
2788 586 3031 638 Παλαιάν
3063 600 3195 655 φησι
3227 584 3320 636 καὶ
3348 584 3493 636 Νέαν
3550 585 3849 653 Διαθήκην,
3907 587 3986 646 ὼς

2411 676 2504 728 καὶ
2557 678 2765 739 Παῦλός
2814 693 2947 743 φησι
2979 691 2994 706 ο
3043 678 3110 728 El
3139 679 3249 744 γὰρ
3278 675 3344 727 τὸ
3376 676 3858 744 καταργούμενον
3886 673 3984 726 διὰ

2411 769 2617 834 δόξης,
2676 767 2883 832 πολλῷ
2931 766 3174 836 μᾶλλιν
3204 767 3269 819 τὸ
3301 767 3626 835 τιμώμενον
3671 767 3740 819 ἐν
3783 766 3933 832 δόξῃ
3967 781 3984 796 ⁸

2411 861 2442 929 ἦ
2487 859 2579 910 καὶ
2613 859 2769 923 δόξας
2816 858 2915 918 τὰς
2974 858 3430 928 ὲκκλησιαστικάς
3476 875 3641 927 φησιν
3685 859 3877 928 ἀρχὰς,
3917 858 3982 920 ἃς

2412 951 2782 1020 ὲδυσφήμουν·
2820 952 2894 1013 ὼς
2919 950 3032 1002 ἔστι
3067 951 3159 1003 καὶ
3181 951 3290 1003 ἀπὸ
3314 953 3410 1014 cf;
3437 950 3627 1020 τρίτης
3662 949 3985 1017 Ἐπιστολῆς

2411 1042 2506 1094 τοῦ
2535 1041 2891 1112 ἠγαπημένον
2943 1040 3189 1094 Ἰωάννου
3230 1040 3439 1111 μαθεῖν,
3489 1040 3549 1105 ἐξ
3590 1033 3666 1093 ὧν
3705 1057 3862 1109 φησι,
3892 1041 3984 1091 τὲν

2414 1137 2680 1205 Διοτρεφῆ
2733 1135 2913 1201 λόγοις
2971 1139 3232 1206 πονηροῖς
3305 1133 3711 1204 καταφλυαρεῖν
3776 1131 3976 1186 αὐτῶν.

2425 1227 2580 1279 Ἐπεὶ
2627 1227 2682 1280 δὲ
2737 1228 3086 1296 βλασφημίας
3141 1226 3419 1297 ἐμνήσθη,
3485 1224 3831 1295 σωφρονίζων
3883 1221 3983 1273 οὐκ

2415 1315 2610 1377 αὐτοὺς
2641 1317 2852 1386 μόνους,
2883 1314 3018 1368 ἀλλὰ
3061 1316 3154 1368 καὶ
3195 1316 3401 1377 πάντας
3431 1313 3772 1384 ἀνθρώπους,
3809 1311 3982 1364 καθα-

2419 1412 2518 1479 ρὰς
2567 1407 2707 1476 ἔχειν
2751 1408 2851 1471 τὰς
2900 1407 3148 1474 γλώσσας
3195 1406 3290 1458 τοῦ
3346 1406 3590 1459 τοιούτου
3637 1403 3832 1468 κακοῦ,
3893 1406 3986 1456 καὶ

2420 1501 2554 1570 μηδὲ
2581 1499 2721 1554 κατὰ
2749 1500 2858 1553 τῶν
2890 1500 3054 1564 ἀξίων
3085 1499 3427 1569 βλασφημίας
3451 1496 3624 1566 τούτῳ
3660 1497 3983 1567 κεχρῆσθαι,

2419 1592 2582 1661 φησιν
2611 1608 2626 1624 ο
2675 1593 2728 1644 Ὀ
2777 1591 2846 1644 δὲ
2880 1593 3122 1661 Μιχαὴλ
3171 1594 3203 1645 ό
3237 1591 3631 1659 ἀρχάγγελος.
3687 1587 3782 1640 καὶ
3836 1586 3986 1654 ἑξῆς.

2418 1683 2484 1736 Τί
2515 1683 2674 1736 τοῦτο
2728 1684 2946 1750 Myer);
3015 1684 3099 1745 ὀς
3157 1677 3300 1736 οὗτοι
3363 1683 3459 1752 μὲν
3520 1680 3822 1751 προχείρως
3894 1679 3990 1728 καὶ

2420 1775 2671 1846 ἀκρατῶς
2711 1777 3006 1845 κέχρηνται
3030 1774 3170 1827 κατά
3211 1774 3410 1836 παντὸς
3437 1776 3503 1842 τῇ
3531 1771 3871 1842 βλασφημία.
3910 1769 3987 1820 Ub

746 1868 832 1924 pte
860 1869 912 1913 et
949 1860 1280 1927 impotenter
1313 1861 1368 1914 in
1399 1876 1590 1915 omnes
1633 1860 1920 1915 maledicta
1959 1862 2260 1930 conjiciunt
2293 1879 2307 1915 :
2343 1846 2386 1905 Β
2414 1886 2422 1937 ;

2343 1846 2386 1905 Β
2414 1868 2520 1938 χρὴ
2547 1867 2604 1921 δὲ
2631 1866 2808 1930 τοῦτο,
2840 1868 2974 1919 ὅπου
3009 1884 3071 1935 γε
3104 1865 3224 1918 οὐδὲ
3253 1867 3379 1928 τοὺς
3399 1865 3582 1929 ἀξίους
3640 1861 3987 1932 βλασφημὲας

747 1951 890 2018 quod
931 1950 1065 2004 adeo
1090 1949 1354 2005 abhorret
1436 1952 1502 2005 ab
1531 1965 1707 2020 aequo,
1737 1959 1795 2004 ut
1826 1953 1992 2005 etiam
2049 1969 2162 2013 eos,
2218 1954 2307 2021 qui

746 2042 1122 2095 exsecratione
1158 2041 1462 2110 dignissimi
1505 2050 1654 2107 sunt,
1685 2045 1958 2097 exsecrari
1992 2059 2094 2097 nou
2123 2045 2306 2108 liceat,

749 2143 806 2185 ut
841 2144 984 2201 patet
1013 2151 1076 2189 ex
1109 2135 1436 2204 archangclo
1467 2133 1746 2190 Michaele.
1781 2135 1830 2190 ls
1862 2137 2003 2190 euitn
2027 2138 2311 2206 disputans

747 2226 813 2279 de
839 2225 1004 2281 Musis
1031 2243 1259 2296 corpore
1286 2243 1409 2281 cum
1442 2228 1678 2293 diabolo,
1722 2245 1847 2283 cum
1873 2229 1944 2283 ob
1971 2231 2116 2286 illius
2139 2233 2311 2300 impu-

746 2319 1008 2380 dentiam,
1038 2335 1159 2373 eum
1197 2321 1467 2375 exsecrari
1500 2321 1649 2390 juste
1710 2330 1920 2389 posset,
1979 2337 2086 2377 non
2131 2331 2309 2378 tamen

749 2414 821 2465 ita
861 2412 1003 2474 fecit,
1039 2412 1134 2466 sed
1172 2422 1382 2466 tantum
1408 2412 1546 2471 dixit
1583 2431 1594 2467 :
1634 2414 1870 2480 Increpet
1907 2416 1999 2466 tibi
2041 2413 2201 2468 Deus.
2253 2416 2309 2469 Si

679 2565 682 2568 ,
750 2506 916 2575 igitur
958 2506 1318 2576 archangeltts
1350 2507 1421 2560 ita
1445 2522 1503 2561 se
1543 2509 1731 2575 gessit,
1791 2506 2057 2576 profecto,
2111 2509 2154 2561 si
2192 2523 2312 2576 qua:

751 2598 910 2651 uobis
933 2615 1053 2650 cum
1089 2597 1279 2651 fratre
1307 2597 1553 2666 ejusdem
1585 2599 1865 2653 uobiscum
1889 2607 2115 2663 natura,
2144 2614 2311 2654 occu-

751 2701 836 2741 rat
875 2690 1225 2758 disceptatio,
1249 2691 1556 2745 maledictis
1617 2706 1842 2759 prorsus
1882 2692 2158 2746 abstinere.
2214 2692 2310 2747 de-

758 2781 971 2834 bemus.
1016 2781 1286 2834 Ca’terum'
1325 2781 1648 2850 disceptatio
1679 2781 1745 2835 de
1763 2782 1928 2836 Mosis
1959 2797 2190 2852 corpore
2240 2785 2312 2839 ita

751 2885 811 2923 se
842 2871 1055 2933 habuit.
1090 2871 1343 2940 Legimus
1372 2874 1422 2926 in
1447 2873 1786 2941 Apocryphis
1806 2873 1981 2937 libris,
2013 2874 2312 2944 archange-

753 2962 864 3014 lum
917 2963 1234 3017 Ilichaeletn
1266 2962 1401 3018 Mosi
1429 2965 1724 3034 sepultura:
1763 2979 1950 3018 curam
1978 2968 2308 3035 suscepisse.

755 3053 810 3107 Id
842 3070 963 3108 cum
996 3071 1138 3123 aegre
1188 3055 1354 3109 ferret
1379 3055 1656 3117 diabolus,
1692 3054 1988 3124 objiciebat
2017 3057 2146 3111 Mosi
2169 3060 2312 3112 velut

2411 1959 2618 2012 δίκαιον
2649 1959 2990 2027 βλασφημεῖν
3076 1958 3152 2020 ὡς
3183 1957 3342 2023 δῆλον
3373 1957 3482 2009 ἀπὸ
3519 1955 3613 2008 τοῦ
3640 1952 3983 2025 ἀρχαγγέλου

2412 2050 2650 2120 Μιχαὴλ.
2683 2049 2880 2119 Παρὼν
2927 2049 2987 2120 [ι’.
3046 2048 3242 2120 παρὸν]
3294 2049 3402 2118 γὰρ
3453 2047 3626 2115 αὐτῷ.
3675 2045 3986 2114 κρινομένῳ

2417 2143 2554 2212 μετά
2608 2141 2702 2196 τοῦ
2751 2141 3002 2195 διαϐόλου
3063 2142 3192 2210 περὶ
3249 2140 3345 2194 τοῦ
3396 2139 3675 2200 Μωῦσέως
3710 2137 3987 2206 σώματος,

2416 2234 2808 2303 βλασφημῆσαι
2845 2232 2936 2286 τὸν
2967 2231 3214 2284 διάὀολον
3232 2231 3320 2284 διὰ
3356 2230 3455 2300 τὴν
3489 2229 3766 2282 ἀναίδειαν
3793 2227 3986 2289 αὑτοῦ,

2412 2324 2570 2377 τοῦτο
2593 2325 2694 2377 οὐκ
2723 2323 2996 2393 ἐποίησεν,
3026 2325 3073 2375 εί
3097 2323 3265 2393 μὴτὸ,
3294 2321 3669 2389 Ἐπιτιμήσαι
3705 2336 3804 2374 σοι
3829 2321 3992 2390 μόνον

2414 2421 2446 2471 ὀ
2482 2419 2644 2482 Θεὸς,
2687 2417 2934 2479 διάϐολε,
3004 2417 3368 2486 χρησάμενος,
3445 2415 3749 2484 ἐπήνεγκεν
3816 2413 3990 2482 αὐτῷ.

2418 2509 2640 2571 ⁸Ἄλλως·
2660 2509 2720 2560 ΕΞ
2740 2510 2847 2578 γὰρ
2868 2508 2895 2560 ὁ
2912 2507 3250 2577 ἀρχάγγελος
3271 2503 3844 2574 οὖτως,ὲκ1[.οὖ›ι]ἒν
3863 2504 3994 2573 δίκῃ

2414 2603 2604 2671 ἀνδρὸς
2670 2602 2897 2668 ἀδελφοῦ
2952 2601 3046 2654 καὶ
3096 2599 3390 2670 ὁμογενοῦς
3452 2598 3804 2667 βλασφημίαν
3853 2614 3995 2664 συμ-

2414 2693 2730 2760 πλέκοιμεν.
2768 2692 2833 2744 'll
2862 2691 2919 2744 δὲ
2951 2692 3078 2759 περὶ
3106 2693 3197 2743 τοῦ
3226 2689 3501 2752 Μωῦσέως
3531 2688 3780 2757 σώματος
3814 2689 3997 2757 κρίσις

2413 2783 2557 2835 ἐστιν
2590 2781 2770 2852 αὕτη·
2824 2782 3057 2848 Λέγεται
3099 2784 3158 2833 ἐν
3209 2781 3571 2849 ἀποκρύφοις,
3627 2779 3846 2848 Μιχαὴλ
3905 2779 3998 2830 τὸν

2417 2873 2760 2944 ἁρχάγγελον
2795 2875 2861 2942 τῇ
2894 2872 2988 2924 τοῦ
3017 2873 3298 2934 Μωῦσέως
3325 2874 3469 2940 ταφῇ
3500 2871 3944 2940 δεδιηκονηκέναι
3980 2888 3993 2900 ·

2413 2964 2505 3018 τοῦ
2535 2965 2778 3018 διαϐόλου
2811 2964 2968 3017 τοῦτο
3027 2963 3100 3034 μὴ
3153 2963 3608 3034 καταδεχομένου,
3647 2961 3760 3015 ἀλλ’
3801 2963 3996 3029 ἐπιφέ-

2418 3075 2600 3128 ροντος
2625 3056 2872 3125 ἔγκλημα
2892 3056 3040 3127 αὐτῷ
3086 3055 3173 3109 διὰ
3216 3055 3308 3108 τὸν
3352 3054 3446 3107 τοῦ
3486 3053 3784 3122 Αἰγυπτίου
3813 3056 3995 3122 φόνον,

754 3143 1244 3214 ειὶιιιθιι,ιΕεγιιιὶὶ
1297 3143 1506 3210 necem,
1554 3147 2046 3215 coutendebatque.
2091 3148 2191 3200 hac
2247 3148 2430 3238 dect

2337 3175 2385 3238 ο
2415 3151 2490 3213 ὡς
2515 3150 2601 3202 διὰ
2624 3149 2811 3202 τούτου
2833 3150 3013 3218 ἔνοχος
3041 3148 3107 3220 υ.
3136 3147 3348 3220 ὲνόχου]
3381 3148 3532 3210 δντος
3562 3147 3860 3208 Μωῦσέως.
3901 3149 3999 3197 καὶ

754 3251 919 3290 causa
954 3235 1160 3290 honore
1175 3236 1464 3304 sepulturae
1478 3236 1799 3305 privandum
1819 3252 1960 3292 esse.
1992 3237 2105 3292 Hoc
2134 3248 2313 3294 autem

757 3328 811 3380 iu
847 3328 1081 3381 medium
1112 3327 1318 3397 profert
1351 3329 1439 3381 hic
1491 3328 1796 3396 apostolus,
1865 3339 1921 3382 ut
1981 3345 2086 3383 non
2142 3332 2316 3386 solum

758 3421 954 3473 doceat
988 3420 1258 3474 neminem
1288 3419 1353 3472 ad
1382 3420 1668 3473 maledicta
1703 3419 1919 3474 facilem
1949 3437 2071 3475 esse
2099 3422 2318 3488 debere;

758 3513 849 3566 sed
874 3515 1040 3579 etiam
1074 3521 1132 3565 ut
1159 3511 1434 3574 ostendat,
1494 3511 1628 3580 quid
1682 3513 1940 3565 omnibus
2008 3513 2320 3569 hominibus

761 3614 882 3674 post
918 3606 1217 3659 discessum
1249 3620 1314 3657 ex
1347 3605 1447 3657 hac
1477 3605 1584 3656 vita
1604 3602 1885 3666 debeatur,
1918 3620 1983 3656 ac
2014 3606 2152 3672 quod
2183 3605 2320 3658 idem

761 3699 836 3752 sit
868 3696 1076 3750 Veteris
1095 3711 1156 3749 ac
1187 3694 1316 3748 Novi
1350 3695 1681 3750 Testamenti
1709 3693 1852 3749 Deus
1881 3712 1894 3748 :
1935 3711 2144 3748 necnon
2178 3696 2322 3766 quod

759 3780 1010 3848 diabolus
1038 3802 1159 3842 cum
1195 3788 1450 3856 pessimis
1521 3788 1688 3843 sociis
1716 3789 1831 3843 suis
1863 3805 1984 3843 sese
2039 3791 2324 3846 animabus

763 3884 966 3937 nostris
999 3897 1227 3951 rorpore
1261 3881 1457 3935 solutis
1504 3888 1766 3950 opponat,
1803 3889 1862 3933 ut
1920 3881 2042 3936 felix
2083 3883 2323 3951 ipsarum

764 3979 886 4038 iter,
920 3976 964 4030 si
993 3976 1104 4029 lieri
1139 3982 1345 4043 posset,
1384 3975 1674 4043 abrumpat
1709 3974 1798 4042 (Et
1828 3974 1874 4028 is
1927 3975 2150 4044 quidem
2179 3977 2326 4030 obsi-

764 4070 858 4121 διίι
884 4087 896 4120 :
925 4069 1051 4122 boui
1106 4074 1284 4119 autem
1307 4066 1480 4133 angeli
1526 4082 1622 4134 pro
1663 4067 1728 4119 iis
1757 4077 1996 4135 pugnant
2029 4086 2040 4119 :
2072 4071 2329 4134 quemad-

765 4160 985 4212 modum
1013 4166 1238 4212 sanctus
1274 4157 1543 4210 Antonius
1582 4156 1731 4223 vidit)
1767 4157 1868 4210 ista
1903 4157 2013 4209 lieri
2062 4159 2324 4226 permisit.

764 4253 852 4303 Ait
892 4251 1093 4316 itaque,
1119 4264 1147 4300 a
1176 4249 1442 4302 Michaele
1473 4248 1748 4301 diabolum
1778 4247 1998 4315 quidem
2021 4262 2325 4315 repressum

775 4344 991 4394 tuisse:
1029 4350 1268 4392 attamen
1325 4355 1431 4393 non
1485 4355 1607 4392 cum
1661 4347 1926 4406 potestate
1977 4338 2046 4391 ab
2100 4339 2190 4392 illo
2245 4341 2326 4393 itt-

767 4439 1048 4496 crepatutn
1084 4468 1098 4490 ,
1166 4429 1259 4482 sed
1304 4444 1525 4482 causam
1585 4429 1727 4479 illam
1812 4430 1919 4480 Deo
1971 4428 2325 4494 permissam,

2429 3241 2504 3310 μὴ
2535 3240 2933 3310 συγχωρεῖσθαι
2967 3241 3153 3309 τυχεῖν
3199 3239 3394 3307 ταφῆς.
3433 3237 3605 3291 Τοῦτο
3643 3238 3696 3290 δὲ
3732 3237 4002 3306 προφέρει

2427 3333 2456 3383 ὁ
2495 3331 2683 3400 παρὼν
2727 3330 3041 3393 ἀπόστολος,
3070 3331 3323 3401 οὐξμόνον
3358 3329 3628 3383 παιδεύων
3658 3329 3731 3399 μὴ
3773 3329 4002 3397 προχεὲο

2431 3439 2556 3493 ρους
2576 3419 2715 3473 εἶναι
2747 3422 2882 3491 πρὸς
2918 3422 3292 3491 βλασφημίαν,
3329 3421 3464 3473 ἀλλὰ
3488 3420 3581 3472 καὶ
3603 3420 3688 3472 διὰ
3709 3419 3902 3471 τούτου
3937 3418 4000 3469 τὸ

2431 3514 2593 3565 πᾶσιν
2613 3510 2922 3580 ἀνθρώποις
2951 3511 3368 3578 ὲποφειλόμενον
3391 3510 3702 3577 λογοθέσιον
3731 3508 3867 3577 μετὰ
3899 3508 4001 3576 τὴν

2432 3605 2538 3656 ἀπὸ
2594 3601 2686 3654 τοῦ
2733 3601 2984 3671 σώματος
3015 3601 3192 3668 ἔξοδον
3251 3600 3599 3670 παραστῆσαι
3649 3601 4002 3667 βουλόμενος,

2432 3697 2524 3748 καὶ
2550 3697 2632 3747 ὃτι.
2667 3695 2826 3757 αὐτὸς
2859 3696 2887 3746 ό
2917 3695 3158 3755 Παλαιᾶς
3191 3693 3287 3745 καὶ
3317 3694 3523 3760 Καινῆς
3550 3692 3824 3760 Διαθήκης
3847 3691 4004 3755 Θεὸς,

2433 3790 2524 3841 καὶ
2554 3789 2634 3841 ὅτι
2677 3787 2813 3855 μετὰ
2848 3787 2946 3857 τὴν
2980 3786 3192 3838 ἐνθένδε
3215 3785 3537 3854 ἀπαλλαγὴν
3558 3786 3675 3845 ταῖς
3706 3784 4008 3853 ἡμετέραις

2431 3879 2630 3948 ψυχαῖς
2654 3880 2953 3931 ἀντίκειται
2987 3879 3016 3929 ό
3038 3876 3279 3937 διάὄολος
3316 3876 3453 3945 μετὰ
3477 3876 3584 3927 τῶν
3606 3875 3801 3928 ἑαυτοῦ
3833 3892 3972 3944 mw;
3989 3904 4006 3916 -

2439 3972 2547 4040 ρῶν
2585 3971 2875 4038 δαιμόνων,
2907 3969 3138 4036 ἐκκόψαι
3178 3969 3496 4038 βουλόμενος
3529 3966 3626 4036 τὴν
3661 3967 3872 4035 ἀγαθὴν
3906 3984 4008 4018 πο-

2437 4063 2587 4130 ρείαν
2618 4060 2818 4114 αὐτῶν.
2851 4060 2956 4111 Καὶ
3004 4061 3031 4110 ὁ
3077 4063 3175 4126 μὲν
3210 4059 3578 4137 ἀνθίσταται-,⁸
3630 4059 3676 4107 οί
3724 4057 3776 4106 δὲ
3810 4056 4009 4120 ἀγαθοὶ

2435 4150 2654 4216 ἄγγελοι
2689 4147 3066 4217 συμμαχοῦσιν
3101 4147 3313 4206 αὑταῖς,
3345 4144 3418 4206 ὡς
3444 4146 3472 4195 ό
3501 4144 3767 4210 μακάριος
3810 4143 4010 4192 Ἀντὼο

2438 4257 2545 4302 νιος
2577 4240 2844 4292 τεθέαται.
2888 4237 3076 4291 Ταῦτα
3122 4237 3241 4288 τότε
3299 4233 3612 4302 πραχθῆναι
3659 4232 3960 4300 συνεχώρει
3993 4248 4006 4261 ο

2439 4334 2575 4402 πλὴν
2601 4333 2688 4384 τὸν
2715 4330 2930 4398 Μιχαὴλ
2957 4331 3075 4381 τότε
3119 4328 3209 4380 τὸν
3250 4325 3494 4379 διάϐολον
3525 4323 3858 4391 ἀποσοϐῆσαι
3888 4324 4008 4388 μὲν,

2443 4425 2518 4493 μὴ
2550 4425 2731 4493 μέντοι
2765 4419 3184 4485 ἐξουσιαστικῶς
3218 4417 3566 4486 ἐπιτιμῆσαι,
3603 4415 3738 4469 ἀλλὰ
3775 4415 3852 4482 τῷ
3900 4417 4014 4467 Κυ-

767 4521 1010 4586 adeoque
1049 4519 1362 4573 llltchaclem
1397 4520 1647 4575 dixisse:
1684 4518 1920 4586 lncrepet
1976 4517 2069 4569 tibi
2103 4516 2265 4580 Deus,
2298 4537 2332 4572 o
2367 4525 2410 4578 υ
2441 4565 2443 4582 η

2367 4525 2410 4578 υ
2441 4517 2540 4585 pio)
2586 4514 2691 4575 τῷν
2732 4513 2865 4565 ὅλων
2915 4509 3315 4580 παραχωρῆσαί
3355 4524 3486 4576 φησι
3543 4508 3640 4576 τὴν
3677 4505 3880 4574 κρίσιν,
3919 4507 4011 4558 καὶ

767 4611 998 4664 diabolo.

839 4702 996 4773 451
1025 4702 1186 4756 Vens.
1212 4703 1384 4763 9-H,.
1430 4701 1562 4756 Cum
1594 4701 1816 4754 Michael
1839 4701 2185 4769 urchangelns
2214 4719 2331 4754 cum

769 4794 980 4845 diabolo
1001 4794 1278 4859 disputans
1305 4794 1651 4846 altercaretur
1671 4793 1734 4844 de
1757 4791 1929 4860 Moysi
1950 4809 2188 4856 corpore,
2229 4811 2330 4847 non

769 4896 845 4938 est
876 4902 1038 4938 ausus
1066 4884 1894 4954 iudiciuminferreblasphemiw,
1916 4883 2155 4936 seddiin
2185 4901 2201 4936 :
2238 4883 2332 4936 ln-

773 4985 938 5041 crepet
976 4974 1068 5027 tibi
1108 4974 1266 5029 Deus.
1303 4974 1374 5027 lli
1402 4987 1574 5028 autem
1603 4991 1921 5044 qutccunque
1946 4974 2152 5040 quidem
2184 4977 2332 5041 igno-

776 5075 917 5122 rant.
954 5065 1357 5131 blasphemant:
1412 5080 1728 5132 quacunque
1773 5075 1946 5117 autem
1997 5064 2333 5126 naturaliter,

775 5165 1023 5222 tanquam
1059 5165 1203 5206 muta
1234 5154 1514 5217 animalia,
1542 5163 1754 5214 norunt,
1781 5155 1831 5205 in
1858 5154 1937 5206 his
1988 5167 2334 5216 corrumpun-

782 5259 886 5300 tur.
926 5248 1005 5300 ιω
1046 5250 1179 5310 illis,
1203 5248 1330 5315 quia
1360 5246 1414 5299 in
1441 5248 1523 5299 via
1559 5246 1692 5299 Cain
1729 5247 1992 5305 abierunt,
2022 5245 2138 5298 etin
2159 5258 2337 5296 errore

779 5338 1004 5391 Balaam
1043 5338 1274 5390 mercede
1299 5337 1454 5404 effusi
1510 5346 1650 5399 sunt,
1705 5345 1754 5389 ct
1821 5338 1874 5388 in
1922 5334 2334 5387 contradictione

779 5431 913 5483 Core
935 5432 1216 5498 perierunt.
1259 5429 1753 5498 Michaelquidcm,
1792 5428 2172 5495 inquitmequc
2206 5440 2333 5477 cou-

781 5531 862 5574 tra
898 5523 1196 5584 hominem.
1224 5536 1419 5591 nempe
1449 5521 1670 5586 Mosetn,
1695 5519 1916 5588 pertulit
1940 5517 2137 5597 diaboli
2170 5516 2340 5569 malc-

785 5614 951 5668 dicta.
986 5615 1077 5669 Isti
1106 5622 1286 5667 autem
1347 5621 1537 5668 contra
1590 5613 1839 5682 dogmata
1905 5609 2166 5680 quidem,
2223 5622 2340 5676 quae

857 5801 876 5830 ’
911 5796 951 5850 ll
979 5798 1102 5850 Cor.
1135 5812 1212 5861 ιιι,
1255 5798 1301 5850 ι.

2438 4608 2608 4659 εἰπεῖν
2644 4623 2656 4635 ·
2709 4603 3075 4670 Ἐπιτιμήσαι
3107 4618 3203 4654 σοι
3227 4605 3257 4653 ό
3285 4599 3445 4662 Θεὸς,
3485 4598 3714 4652 όιάὖολε.

2517 4697 2582 4748 '0
2628 4695 2696 4747 δὲ
2735 4693 2971 4760 Μιχαὴλ
3015 4695 3048 4744 ό
3095 4690 3486 4758 ἀρχάγγελος,
3515 4689 3612 4740 ὅτε
3647 4687 3721 4750 τῷ
3749 4686 4014 4752 διαϐόλῳ

2439 4787 2906 4854 ἀνακρινόμενος
2975 4782 3274 4848 διελέγετο
3349 4779 3482 4845 περὶ
3549 4779 3652 4832 τοῦ
3715 4780 4013 4843 Μωῢσέιυς

2440 4879 2729 4946 σώματος,
2757 4877 2865 4928 οὐκ
2895 4873 3192 4940 ἐτόλμησε
3208 4871 3407 4938 κρίσιν
3437 4870 3784 4935 ἐπενεγκεῖν
3799 4870 4012 4932 ,ϐλασο

2439 4969 2686 5036 φημιάς,
2735 4965 2872 5016 ἀλλ’
2923 4959 3095 5015 εἶπεν
3129 4979 3140 4991 ⁸
3216 4958 3590 5026 Ἐπιτιμήσαι
3634 4973 3734 5012 σοι
3778 4960 4013 5025 Κύριος.

2444 5056 2616 5113 Οὗτοι
2677 5056 2744 5108 δὲ
2783 5056 2897 5108 ὅσα
2932 5053 3046 5122 μὲν
3094 5055 3203 5106 οὐκ
3259 5051 3460 5103 οἴδασι
3503 5049 4012 5119 βλασφημοῦσιν,

2441 5148 2660 5203 ὅσα.δὲ
2687 5146 2953 5214 φυσικῶς
2981 5146 3061 5210 ὠς
3115 5143 3184 5195 τὰ
3240 5143 3428 5208 ἄλογα
3482 5139 3592 5200 ζῶα
3629 5143 4016 5205 ἐπίστανται,

2441 5241 2511 5292 ἐν
2534 5243 2764 5302 τούτοις
2793 5239 3151 5304 φθείρονται.
3200 5233 3341 5285 Οὐαὶ
3394 5231 3588 5295 αὐτοῖς
3617 5232 3636 5282 .'
3668 5233 3756 5284 ὅτι
3794 5230 3866 5297 τῇ
3898 5232 4022 5296 ὁδῷ

2442 5331 2546 5384 τοῦ
2582 5331 2727 5384 Κίὶϊν
2772 5328 3200 5396 ἐπορεύθησαν,
3253 5326 3346 5378 καὶ
3403 5323 3474 5389 τῇ
3523 5324 3725 5389 πλάνῃ
3765 5324 3870 5376 τοῦ
3904 5327 4024 5377 Βα-

2443 5424 2602 5490 λαὰμ
2631 5419 2850 5488 μισθοῦ
2883 5420 3278 5486 ἐξεχύθησαν,
3315 5416 3407 5468 καὶ
3441 5415 3512 5481 τῇ
3561 5416 3874 5481 ἀντιλογίᾳ
3911 5415 4021 5469 τοῦ

2451 5514 2597 5579 Κορὲ
2638 5509 3112 5564 (indubiam—'0
3166 5509 3265 5578 μὲι
3304 5507 3539 5576 Μιχαὴλ,
3603 5505 3790 5573 φησὶν,
3841 5506 4023 5568 οὕτως

2450 5604 2567 5656 οὖίὲ
2595 5602 2734 5656 κατὰ
2765 5601 2974 5671 ἀνδρὸς,
3015 5601 3130 5668 ἦτοι
3162 5598 3252 5652 τοῦ
3283 5598 3586 5664 Μωῦσέως,
3615 5597 3881 5666 ἠνέσχετο
3908 5595 4025 5652 τῶν
