4244 6436
234 371 300 431 97
1267 374 1666 436 EXPOSITIO
1704 373 1779 430 1N
1822 373 2063 433 EPIST.
2112 376 2169 433 S.
2211 376 2446 435 JUth.
3427 377 3496 440 98

233 481 328 531 τοῦ
360 480 608 532 διαεύλου
643 480 999 549 βλασῳημιιῖιν
1031 502 1038 510 ·
1070 477 1211 533 οὗτοι
1241 483 1297 534 δὲ
1329 484 1461 552 περὶ,
1494 482 1592 547 μὲν
1615 479 1810 548 δογμά·
1850 489 1895 542 Α

1850 489 1895 542 Α
1928 483 2507 550 ignorant,maledicos
2544 482 2802 536 emittunt
2826 498 3133 539 sermones:
3163 500 3498 556 qumruuque

232 588 363 639 των,
396 573 431 624 ἃ.
466 574 566 623 ούκ
608 574 802 632 οἴδασι,
839 575 1191 641 βλασφήμους
1234 574 1543 627 συντιθέασι
1589 574 1811 638 λόγους·

235 667 337 717 ὅσα
380 664 436 715 δὲ
504 666 710 732 φυσικῇ
751 665 894 733 ὁρμῇ
936 665 1262 734 ἀδιακρίτως
1292 666 1365 727 ὡς
1406 664 1475 717 τὰ
1510 664 1677 729 ἄλογα
1720 665 1816 714 ὲπ-

239 760 490 810 ἔστα-ιται
526 733 659 820 Cum:
692 756 865 810 ταῦτα
894 758 1338 826 μεταδιώκουσιν,
1372 760 1446 819 ὼς
1472 758 1629 809 ἵπποι
1657 757 1790 824 Οηλυ

241 852 453 915 μανείς.
491 850 625 899 Οὐαὶ
652 851 832 910 αὐτοῖς
857 852 868 901 !
915 852 978 917 τῇ
1035 850 1137 918 ὀδῷ
1166 850 1273 918 γὰρ
1302 849 1395 901 τοῦ
1426 851 1561 901 Κάῐν
1589 848 1815 917 ἐπορεύ-

239 941 408 1006 ῡησαν
444 940 531 991 διὰ
554 940 653 1006 τῆς
692 938 1126 1003 ἀδελφοκτονίας,
1155 942 1235 991 ὃτι
1269 942 1361 990 καὶ
1407 939 1560 990 αὐτοὶ
1591 937 1819 990 τοιαῦτα

237 1032 585 1093 διδάσκοντες
608 1032 732 1095 τοὺς
769 1031 1063 1098 ἀδελφοὺς,
1098 1033 1215 1100 ἦτοι
1251 1032 1374 1092 τοὺς
1417 1033 1695 1097 ὁμογενεῖς
1726 1034 1818 1084 ἀν-

245 1124 518 1191 θρώπους,
552 1122 967 1174 ἀποκτείνουσιν
1021 1123 1217 1183 αὐτοὺς
1261 1125 1378 1181 ταῖς
1427 1126 1690 1192 πονηραῖς
1726 1124 1818 1174 αὑ-

246 1216 353 1266 τῶν
412 1215 791 1278 διδασκαλίαις
822 1232 833 1244 ·
891 1216 923 1283 ἦ
971 1216 1062 1266 καὶ
1118 1214 1651 1285 σπερμοφαγούντες,
1699 1216 1821 1275 τοῦς

245 1307 479 1373 δυνάμει
518 1306 935 1359 ἀποκτείνουσιν
984 1306 1268 1373 ἀδελφοὺς,
1308 1305 1404 1366 οὓς
1439 1308 1471 1374 ἡ
1508 1305 1598 1357 τοῦ
1652 1308 1821 1374 σπέρ-

248 1416 415 1465 ματος
450 1398 776 1465 τελεσφορία
808 1399 1037 1465 ἡνεγκεν
1072 1397 1138 1449 ἂν
1189 1399 1267 1459 εἰς
1327 1397 1460 1464 βίον.
1512 1398 1590 1466 Τῇ
1637 1395 1692 1449 δὲ
1728 1396 1821 1449 τοῦ

242 1490 472 1558 Βαλαάμ
490 1490 617 1558 ὁδῷ,
644 1490 723 1542 ὅτι
752 1489 981 1558 κέρδους
1003 1490 1160 1559 χάριν
1181 1488 1275 1541 καὶ
1296 1488 1468 1551 αὐτοὶ,
1496 1488 1571 1549 ὡς
1599 1488 1822 1553 ἐκεῖνος,

239 1582 413 1635 ταῦτα
450 1585 774 1651 πράσσουσι.
829 1581 906 1650 Τῇ
940 1583 994 1634 δὲ
1040 1583 1131 1634 τοῦ
1167 1581 1330 1651 Κορὲ,
1388 1582 1467 1633 δτι
1522 1581 1616 1632 καὶ
1658 1576 1823 1644 οὗτοι,

249 1675 324 1736 «τις
378 1677 629 1736 ἐκεῖνος,
681 1673 1057 1727 διδασκαλικὸν
1111 1673 1356 1742 ἀξίωμα,
1409 1672 1616 1737 ἀνάξιοι
1650 1674 1823 1736 ὅντες,

248 1769 534 1833 ἥρπασαν.

1920 581 2097 625 autem
2133 576 2363 626 naturali
2399 576 2659 629 instinctu
2702 576 2907 643 absque
2938 580 3165 640 ratione,
3193 581 3335 633 sicut
3362 581 3499 633 irra—

1920 664 2138 716 tionalia
2160 665 2433 728 animalia,
2464 677 2684 730 norunt,
2712 682 2771 720 ea
2792 678 3497 741 prosequuntur,equorum

1921 754 2114 813 instar.
2141 769 2264 807 cum
2318 756 2369 807 in
2425 758 2664 811 femellas
2684 761 3189 814 amoreinsaniunt.
3223 760 3314 817 Va:
3362 763 3493 827 illis.

1920 847 2183 913 quoniam
2216 846 2295 898 ria
2336 848 2468 900 Cain
2501 850 2750 903 abierunt
2806 869 2817 903 :
2849 854 2967 918 ejus
3004 853 3214 907 scilicet
3260 853 3496 909 fratrici-

1926 936 2074 988 dium
2109 937 2411 992 imitantur.
2460 939 2736 1007 Siquidem
2772 951 2823 993 et
2856 944 2944 994 isti
2975 946 3243 1010 perversis
3291 946 3494 999 doctri-

1924 1028 2007 1080 nis
2034 1031 2150 1083 suis
2184 1029 2406 1095 fratres,
2436 1048 2528 1085 sru
2557 1034 2798 1101 ejusdem
2829 1050 2951 1087 cum
2975 1036 3108 1102 ipsis
3141 1046 3347 1091 natura:
3390 1039 3493 1093 lto-

1924 1118 2121 1179 niines,
2170 1120 2505 1175 interficiunt
2541 1140 2553 1175 :
2598 1124 2678 1175 vel
2718 1124 2880 1178 etiam
2909 1140 3091 1177 semen
3146 1127 3494 1194 dei-orantes,

1923 1223 2017 1261 eos
2058 1211 2147 1277 qui
2172 1214 2410 1277 potentia
2455 1214 2653 1267 fratres
2685 1224 2833 1273 sunt.
2867 1231 3001 1282 quos
3061 1219 3276 1271 scilicet
3326 1225 3491 1273 semi—

1926 1300 2009 1351 nis
2037 1297 2392 1354 fructilieatio
2424 1302 2751 1355 cdueeretin
2787 1305 2969 1365 vitam,
2998 1321 3025 1355 e
3061 1307 3239 1360 medio
3273 1310 3491 1361 tollunt.

1926 1386 2024 1439 Via
2047 1398 2227 1441 autem
2263 1389 2534 1443 Balaam:
2587 1394 2712 1461 quia
2766 1392 2902 1445 lucri
2964 1410 3125 1448 causa
3193 1398 3353 1450 etiam
3402 1401 3492 1452 isti

1928 1477 2072 1531 illius
2102 1479 2297 1543 instar,
2327 1482 2437 1535 hare
2467 1481 2694 1535 faciunt.
2729 1482 2781 1535 In
2816 1487 3250 1543 contradictione
3276 1490 3490 1542 demum

1928 1569 2067 1624 Core
2102 1586 2116 1621 :
2160 1574 2417 1636 quoniam
2447 1576 2589 1627 sicut
2609 1576 2719 1639 ille,
2750 1576 3009 1630 eximium
3037 1578 3264 1633 docendi
3294 1596 3490 1636 munus

1929 1666 2282 1730 quantumvis
2308 1664 2540 1735 indigni,
2566 1670 2855 1739 arripiunt.

316 1854 494 1912 Οὗτοί
534 1860 691 1909 εἰσιν
720 1859 789 1910 ἐν
838 1860 962 1922 ταῖς
994 1858 1251 1926 ἀγάπαις
1284 1856 1469 1926 ὑμῶν,
1504 1856 1817 1921 σπιλάδες,
1855 1823 1895 1880 Β

1813 1902 1817 1917 ,
1855 1823 1895 1880 Β
1995 1843 2159 1899 Vens.
2196 1848 2279 1899 12.
2354 1848 2424 1900 Hi
2454 1859 2570 1901 sunt
2607 1852 2741 1904 inter
2774 1854 3055 1909 c/iaritates
3088 1868 3285 1911 vestras
3329 1872 3489 1928 petra:

242 1944 1050 2015 (τυνευιιιχούμενοι.-Ἧσαν
1084 1948 1164 1999 ἔτι
1191 1949 1329 2000 κατὰ
1357 1948 1446 1999 τὸν
1478 1949 1666 2018 χρόνον
1689 1950 1822 2000 ἐκεῖ·

243 2056 333 2088 νον
359 2041 416 2088 ἐν
459 2042 577 2101 ταῖς
621 2039 941 2108 ἐκκλησίαις
988 2039 1269 2107 γινόμεναι
1298 2040 1592 2108 τράπεζαι,
1622 2038 1696 2100 ὡς
1729 2038 1821 2089 καὶ

247 2130 461 2191 ἰιαῦλός
492 2147 657 2199 φησιν
686 2134 742 2181 ἐν
773 2134 836 2199 τῇ
869 2130 1001 2200 πρὸς
1031 2131 1367 2198 Κορινθίους
1396 2131 1459 2193 ἃς
1481 2133 1573 2184 καὶ
1607 2131 1821 2197 ἀγάπας

246 2222 501 2275 ὲκάλουν.
580 2222 668 2272 Ἐν
718 2221 964 2284 ταύταις,
998 2224 1151 2290 φησὶ,
1200 2224 1571 2293 συνέρχονται,
1625 2226 1684 2276 ού
1736 2224 1823 2276 διὰ

245 2315 440 2381 χρείαν
470 2314 568 2380 τὴν
615 2314 671 2363 ἐν
703 2314 924 2375 ταύταις
974 2316 1291 2384 γινομένην,
1346 2315 1460 2366 ἀλλ’
1514 2315 1599 2368 ἵνα
1633 2314 1821 2380 καιρὸν

245 2404 479 2474 εὕρωσι,
515 2404 693 2474 ψυχὰς
736 2405 1097 2473 ἀστηρίκτους
1134 2405 1431 2468 δελεάζειν,
1471 2404 1545 2467 ὼς
1586 2407 1681 2458 καὶ
1720 2406 1823 2457 Πέ-

246 2509 375 2560 τρος
430 2494 593 2560 φησὶν
644 2494 702 2545 ἐν
752 2497 818 2563 τῇ
850 2494 1079 2563 δευτέρᾳ
1138 2493 1444 2564 Ἐπιστολῇ.
1497 2494 1722 2547 Σπιλάσι
1764 2494 1820 2546 δὲ

247 2583 449 2640 αὐτοὺς
491 2582 803 2646 ἀπεικάζει,
842 2584 935 2635 καὶ
976 2584 1221 2653 ἀνύδροις
1260 2584 1533 2651 νεφέλαις,
1572 2584 1667 2635 καὶ
1713 2583 1823 2635 δέν-

247 2676 397 2740 δροις
427 2672 865 2743 φθινοπωρινοῖς,
890 2677 983 2726 καὶ
1013 2674 1233 2743 ἄστροις
1266 2674 1587 2743 πλανήταις.
1624 2675 1691 2726 ’Δ
1714 2673 1822 2741 γὰρ

248 2763 481 2826 ἐκείνοις
522 2766 756 2834 ὑπάρχει
806 2766 945 2818 κατὰ
998 2766 1182 2833 φύσιν,
1231 2764 1399 2818 ταῦτα
1446 2764 1655 2825 τούτοις
1684 2765 1821 2816 κατά

251 2854 599 2923 προαίρεσιν,
644 2858 716 2909 Αἰ
757 2873 815 2908 τε
855 2858 963 2926 γὰρ
993 2857 1245 2919 σπιλάδες
1279 2859 1387 2919 τοῖς
1422 2856 1673 2908 πλέουσιν
1705 2856 1820 2907 όλέ-

251 2947 417 3013 ῢριοι,
473 2947 892 3017 ἀπροσδοκήτως
948 2948 1347 3016 ἐπιγινόμεναι,
1397 2947 1471 3010 ὡς
1527 2947 1621 2999 καὶ
1670 2946 1821 2998 αὐτοὶ

249 3040 363 3099 τοῖς
391 3038 727 3100 συνδείπνοις
749 3038 1069 3091 ἀνέλπιστον
1091 3038 1258 3091 κακὸν
1286 3036 1623 3104 ἐπιφύονται,
1649 3036 1741 3097 ’Ὡς
1763 3052 1820 3086 τε

1926 1937 2481 1997 maris,courivantes.
2511 1941 2658 1995 Usus
2695 1944 2972 1999 obtinebat
3012 1947 3176 2000 etiam
3224 1965 3289 2003 eo
3348 1961 3487 2003 ti-m-

1925 2044 2289 2097 poreiuensas
2359 2014 2412 2083 in
2486 2034 2737 2087 ecclesiis
2794 2037 3118 2097 instruendi,
3175 2041 3241 2092 de
3294 2043 3489 2109 quibus

1924 2118 2121 2173 Paulus
2156 2121 2399 2188 loquitur
2431 2122 2484 2174 in
2521 2122 2759 2190 Epistola
2822 2128 2885 2178 ad
2932 2127 3248 2184 Corinthios
3283 2149 3295 2183 :
3348 2149 3487 2201 quas

1923 2226 2143 2279 agapas,
2180 2228 2273 2264 seu
2305 2215 2619 2277 charitates,
2651 2216 2732 2268 vel
2760 2218 3083 2273 dilectiones
3119 2223 3485 2289 appellabant.

1924 2302 2047 2365 Has,
2090 2305 2285 2372 inquit,
2318 2304 2408 2357 isti
2434 2321 2539 2359 non
2568 2307 2631 2359 ad
2654 2322 2777 2359 eum
2808 2308 2989 2373 linem,
3040 2312 3110 2364 ob
3140 2329 3278 2380 quas
3320 2316 3484 2368 iusti-

1924 2402 2051 2447 tutae
2086 2404 2233 2459 sunt,
2290 2398 2658 2466 frequentant,
2720 2401 2812 2453 sed
2846 2411 2903 2453 ut
2942 2405 3284 2459 occasionem
3344 2412 3485 2460 arri-

1925 2485 2075 2554 piant
2100 2488 2307 2541 animas
2340 2490 2519 2543 minus
2544 2490 2728 2544 lirmas
2756 2492 3038 2547 ine'scandi
3072 2535 3087 2559 ,
3128 2499 3486 2564 quemadmo-

1923 2576 2049 2629 dum
2089 2579 2250 2631 etiam
2299 2578 2489 2633 Petrus
2522 2580 2697 2651 inquit
2724 2584 2777 2635 in
2822 2589 3065 2638 secunda
3102 2585 3340 2655 Epistola
3367 2605 3487 2644 sua.

1924 2670 2200 2722 Assimilat
2256 2679 2437 2724 autem
2473 2687 2570 2726 eos
2625 2676 2794 2741 petris
2846 2674 2897 2727 in
2956 2677 3089 2729 mari
3173 2680 3491 2746 latentibus,

1926 2759 2166 2813 nubibus
2226 2760 2347 2814 sine
2400 2776 2538 2830 aqua
2568 2802 2582 2826 ,
2645 2764 2935 2820 arboribus
2982 2770 3393 2823 autumnalibus
3437 2779 3493 2824 et

1926 2849 2199 2903 sideribus
2222 2851 2537 2905 errantibus
2602 2869 2613 2903 :
2660 2869 2781 2922 qua:
2816 2855 2960 2907 enim
3004 2855 3111 2910 illis
3170 2860 3493 2913 naturaliter

1924 2942 2220 3006 aecidunt,
2255 2944 2443 2995 eadem
2472 2944 2559 2996 isti
2601 2944 2706 2997 sibi
2762 2946 2931 2999 libere
2990 2950 3290 3003 asciseuizt.
3353 2950 3487 3005 Nam

1924 3032 2066 3087 sicut
2096 3043 2256 3101 petrae
2286 3035 2671 3103 navigantibus
2700 3037 2973 3105 inopinate
3007 3049 3357 3094 ocrurrentes
3374 3043 3491 3095 exi-

252 3127 479 3191 νεφέλαι
525 3127 739 3197 ἄνυδροι
790 3129 893 3180 ὑπὸ
948 3128 1164 3195 ἀνέμων
1214 3126 1586 3195 ἐλαυνόμεναι,
1642 3118 1723 3186 οἷς
1756 3124 1821 3216 ἂν
1849 3156 1894 3216 C

1813 3142 1894 3216 pc
1932 3127 2065 3178 tium
2101 3126 2211 3179 illis
2243 3125 2439 3180 afferre
2497 3130 2673 3181 solent
2712 3147 2724 3182 :
2790 3132 2863 3183 ila
2922 3133 3007 3184 isti
3074 3135 3489 3191 eouvivantibus

250 3219 436 3277 τνὶποις
467 3216 847 3285 ὲπενεχθῶσιν,
896 3218 995 3268 οὐκ
1036 3215 1370 3283 ἀναψύχουσι
1417 3214 1489 3282 τῷ
1518 3212 1707 3282 ὄμϐρῳ
1739 3213 1818 3280 (οὐ

251 3309 360 3374 γὰρ
421 3307 677 3374 ἔχουσιν),
734 3306 871 3357 ἀλλά
922 3306 1083 3373 ζόφον
1134 3305 1311 3367 αὐτοῖς
1370 3302 1816 3371 ἀπεργάζονται·

251 3397 516 3457 ὡσαύτως
558 3398 649 3448 καὶ
679 3392 843 3460 οὗτοι,
893 3397 952 3448 οὔ
986 3396 1126 3464 λόγῳ
1172 3394 1502 3464 σωτηριώδει
1530 3393 1624 3454 τὰς
1649 3392 1821 3461 ψυχάς

253 3491 479 3556 ἄρδουσι
537 3490 643 3541 τῶν
696 3490 1176 3559 ἐντυγχανόντων,
1246 3488 1380 3543 ἀλ.λᾶ
1440 3486 1660 3553 ζοφοῦσι
1707 3487 1822 3547 ταῖς

258 3582 631 3651 μιαρωτάταις
678 3582 857 3634 αὐτῶν
902 3581 1287 3650 εἰσηγήσεσιν,
1330 3579 1675 3647 ἐλαυνόμενοι
1713 3580 1825 3638 τοῖς

261 3675 366 3724 τῶν
402 3674 673 3741 δαιμόνων
725 3674 979 3742 πονηροῖς
1023 3670 1465 3739 ἐπιτηδεύμασιν.
1529 3667 1689 3721 ’Λλλά
1728 3667 1824 3718 καὶ

257 3765 325 3815 τα
366 3764 736 3832 φθινοπωρινὶ
769 3762 957 3831 δένδρα
987 3761 1066 3824 δὶς
1113 3760 1544 3829 ἀποθνήσκοντα,
1589 3758 1646 3810 εν
1675 3774 1730 3810 τε
1758 3760 1822 3825 τῇ

257 3856 350 3907 τοῦ
379 3854 592 3927 καρποῦ
627 3855 887 3923 ἀποϐολῇ,
914 3856 1006 3905 καὶ
1039 3851 1148 3905 τῶν
1184 3852 1363 3921 φύλων
1391 3851 1634 3922 ἀπορροῇ
1666 3848 1828 3917 (ξηρά

258 3948 369 4013 γὰρ
418 3946 537 3996 τότε
588 3945 751 4006 δοκεῖ,
810 3941 905 3995 τοῦ
960 3942 1190 4003 κάλλους
1248 3938 1427 3993 αὐτῶν
1465 3937 1825 4006 ἑστερημένα,

260 4037 359 4103 τῆς
400 4036 506 4085 ἀπὸ
536 4036 626 4086 τοῦ
666 4034 876 4102 καρποῦ
906 4033 1158 4100 ἀγλαΐας,
1193 4033 1287 4083 καὶ
1328 4029 1427 4098 τῆς
1471 4028 1577 4080 τῶν
1618 4027 1829 4095 φύλλων

261 4129 503 4197 ἀνθηρᾶς
540 4124 916 4195 εὐπρεπείας),
951 4125 1135 4184 αὐτοῖς
1165 4139 1217 4174 τι
1253 4118 1585 4189 κατάλληλον
1612 4118 1825 4186 πάσχει.

260 4221 356 4279 Δὶς
393 4218 499 4285 γάρ
541 4218 636 4267 καὶ
674 4210 816 4267 οὗτοι
852 4214 1273 4281 ἀποθνήσκουσι,
1319 4210 1409 4263 τὸν
1452 4208 1657 4263 ἑαυτῶν
1692 4225 1827 4276 καρ-

265 4310 368 4361 πὸν
406 4306 835 4375 άποϐαλλόμενοι
882 4305 970 4359 διά
992 4305 1089 4374 τῆς
1116 4302 1555 4373 σπερμοφαγίας,
1601 4301 1694 4351 καὶ
1733 4300 1830 4367 τὴν

263 4399 373 4454 ἀπὸ
420 4400 513 4467 τῆς
549 4400 814 4468 ἔμφρονος
860 4397 1131 4456 πολιτείας
1170 4394 1465 4463 εὐκοσμίαν
1498 4391 1832 4460 ἀφαιρούμε-

1926 3216 2266 3271 adhaerentes
2298 3217 2621 3286 ini-spectati
2653 3221 2779 3271 mali
2817 3234 2942 3275 sunt
2973 3238 3159 3276 causa.
3194 3223 3257 3277 Et
3311 3227 3488 3282 sicut:

1926 3307 2094 3361 nubes
2140 3307 2256 3362 sine
2288 3324 2427 3378 aqua
2459 3324 2488 3362 a
2536 3312 2712 3365 ventis
2747 3313 3104 3377 circumlatae,
3137 3316 3252 3370 loca
3276 3317 3341 3369 ad
3368 3335 3490 3387 qua:

1923 3398 2289 3466 appelluntur,
2348 3416 2457 3455 non
2521 3400 2692 3455 imbre
2777 3402 3096 3472 refrigerant
3152 3406 3281 3474 (non
3344 3413 3489 3464 enim

1924 3487 2167 3557 habent.)
2191 3492 2281 3545 sed
2326 3492 2564 3545 tenebris
2592 3492 2869 3546 obducunt
2902 3496 3009 3560 ;ita
3043 3506 3096 3551 et
3149 3498 3235 3553 isti
3280 3502 3491 3555 animas

1924 3593 2135 3643 eorum,
2169 3583 2259 3649 qui
2285 3582 2336 3635 in
2366 3598 2459 3637 eos
2492 3583 2759 3646 incidunt,
2798 3586 3215 3654 haudquaquam
3278 3592 3490 3645 saluta-

1925 3670 2077 3725 ribus
2098 3671 2327 3739 irrigant
2361 3673 2561 3735 rerbis,
2592 3674 2682 3727 sed
2711 3675 3116 3732 scelestissimis
3147 3678 3493 3736 documentis

1925 3763 2305 3818 obtenehrant.
2354 3764 2506 3819 Sicut
2544 3766 2686 3819 enim
2738 3768 2964 3824 arbores
2999 3774 3346 3830 autumnales
3410 3774 3492 3829 bis

1928 3861 2155 3906 mortua:
2188 3856 2395 3907 censeri
2428 3866 2672 3923 posmint,
2718 3873 2909 3927 nempe
2936 3871 2987 3914 et
3021 3861 3294 3918 fruetuum
3326 3866 3491 3936 depo-

1929 3946 2144 4008 sitione,
2171 3955 2223 3997 et
2264 3947 2517 4000 foliorum
2559 3948 2816 4015 deﬂuxu;
2872 3968 3054 4019 eraque
3110 3957 3275 4009 arida:
3309 3946 3492 4014 viden-

1931 4042 2039 4095 tur,
2074 4042 2217 4104 quod
2247 4045 2296 4089 et
2330 4035 2605 4089 fructuum
2642 4041 2954 4106 splendore,
2984 4050 3038 4095 et
3071 4042 3327 4098 foliorum
3387 4064 3483 4102 or-

1932 4133 2059 4177 natu
2084 4135 2303 4179 careant
2338 4144 2352 4181 :
2380 4128 2449 4180 ita
2487 4137 2536 4181 et
2564 4129 2613 4181 hi
2648 4130 2729 4184 bis
2768 4134 2966 4186 mortui
3023 4144 3184 4200 sunt;
3218 4154 3410 4208 nempe
3434 4153 3486 4194 et

1932 4214 2072 4282 quod
2093 4214 2275 4268 fructu
2308 4225 2526 4285 propter
2558 4220 2684 4272 boni
2741 4224 2968 4277 seminis
3019 4231 3489 4297 consumptionem

1932 4313 2172 4367 careant,
2217 4316 2269 4359 et
2299 4307 2443 4376 quod
2488 4323 2741 4378 congruae
2790 4314 3161 4383 sapientisque
3197 4333 3492 4373 conversa.

1933 4393 2097 4447 tionis
2148 4393 2312 4464 452
2339 4407 2721 4451 ornamentum
2786 4402 2993 4454 nullum
3048 4405 3298 4458 habeant.
3343 4406 3491 4471 Qua-

265 4509 365 4543 νοι.
415 4491 506 4543 Διὸ
552 4490 644 4542 καὶ
685 4487 1028 4558 ἐκριζοῢνται
1072 4486 1180 4540 ἀπὸ
1235 4484 1327 4537 τοῦ
1373 4482 1697 4553 παραδείσου
1739 4480 1831 4533 τοῦ
1867 4481 1941 4535 D‘

1814 4480 1831 4531 5
1867 4481 1908 4535 D
1940 4496 2157 4552 propter
2192 4486 2536 4540 eradicantur
2567 4503 2594 4541 c
2617 4490 2871 4557 paradiso
2913 4493 3149 4558 Domini,
3187 4511 3377 4565 nempe
3396 4517 3490 4553 ex-

268 4580 477 4648 Κνρίου
500 4579 595 4645 τῆς
617 4577 963 4646 Ἐκκλησίας,
1002 4576 1094 4629 καὶ
1119 4576 1222 4640 ἔξω
1248 4572 1558 4644 ρεπτοῧνται
1590 4571 1666 4639 τῷ
1700 4570 1832 4621 αίωο

268 4673 365 4740 νίῳ
404 4672 538 4739 πυρὶ
590 4670 992 4737 συλλεγόμενοι.
1048 4667 1213 4718 Ποίαν
1258 4664 1367 4731 γὰρ
1407 4663 1516 4729 ἕξει
1558 4654 1709 4721 οὗτος
1751 4660 1832 4727 ῥί-

267 4763 462 4822 ζωσιν,
500 4763 528 4812 ὁ
571 4759 658 4811 διὰ
688 4758 782 4811 τοῦ
820 4758 933 4827 βίου
965 4756 1291 4826 αἰσχρότητα
1321 4754 1423 4806 ὑπὸ
1472 4752 1686 4804 πάντων
1717 4749 1834 4817 βδε-

268 4851 642 4918 λυσσόμενος;
705 4850 953 4918 ’Δστέρες
1020 4848 1075 4900 δὲ
1130 4845 1393 4925 πλανῇται
1442 4840 1834 4911 χρηματίζουσι

270 4941 365 4993 καὶ
395 4940 570 5001 αὐτοὶ,
609 4938 706 5007 οὐχ
742 4940 824 4991 ὅτι
878 4936 958 5004 τῷ
1000 4935 1094 5004 τῆς
1134 4934 1366 4993 πίστεως
1410 4930 1565 5000 ἡμῶν
1602 4927 1835 4997 στερεώ-

274 5048 407 5099 ματι
452 5028 914 5097 μεταπρέποντες,
966 5024 1056 5075 τὸν
1107 5025 1201 5090 τῆς
1252 5019 1593 5085 δικαιοσύνης
1648 5016 1834 5067 ’Ἥλιον

279 5122 511 5181 Χριστὸν
544 5118 727 5187 ἔχουσι
758 5117 823 5169 δι’
857 5114 1034 5168 αὐτῶν
1064 5113 1427 5181 διερχόμενον,
1466 5111 1559 5163 καὶ
1593 5108 1689 5169 τὰς
1731 5106 1835 5158 τῶν

274 5210 489 5281 ἀρετῶν
532 5210 678 5278 ὥρας
726 5206 1123 5270 ἀποτελοῦντα,
1164 5204 1261 5257 καὶ
1303 5199 1663 5269 ζωογονοῦντος
1713 5199 1834 5262 τοὺς

278 5306 419 5358 κατά
464 5302 664 5363 ταύτας
709 5299 953 5362 πιστοὺς,
1007 5298 1122 5350 ἀλλ’
1173 5299 1254 5349 ὅτι
1300 5293 1573 5355 δοκοῦντι,
1618 5293 1695 5353 εἰς
1740 5291 1837 5356 ἀγ-

275 5398 436 5464 γελον
463 5395 639 5463 φωτὸς
668 5390 1252 5462 μετασχηματίζεσθαι,
1285 5389 1357 5448 ὡς
1390 5390 1417 5440 ὁ
1443 5386 1836 5455 προκατάρχων

278 5487 460 5541 αὐτῶν
494 5485 729 5554 πονηρὸς
775 5482 1002 5551 δαίμων,
1039 5479 1361 5540 ἀπεναντίας
1409 5480 1565 5546 μόνον
1605 5478 1709 5528 τῶν
1745 5476 1834 5529 τοῦ

282 5580 485 5648 Κυρίου
523 5578 775 5648 φέρονται
820 5575 1139 5644 δογμάτωνε
1193 5567 1271 5633 οἷς
1326 5570 1417 5623 καὶ
1460 5569 1680 5637 ζοφοῦσι
1714 5572 1838 5631 τοὺς

285 5666 798 5737 πῳσπελάζοντας,
851 5667 943 5716 καὶ
999 5661 1157 5731 ζόφον
1218 5661 1307 5712 τὸν
1368 5659 1583 5711 αἰώνιον
1628 5660 1834 5719 ἑαυτοῖς

284 5756 688 5821 ὶκπορίζονται.
741 5754 897 5808 Ἀλλά
936 5754 1026 5806 καὶ
1064 5751 1300 5821 κύμασιν
1351 5749 1560 5819 ἀγρίοις
1602 5749 1832 5801 ἀπεοκα-

1938 4582 2018 4626 tra
2051 4572 2347 4627 Ecclesium
2402 4577 2649 4644 proiecti,
2688 4589 2892 4634 aeterno
2951 4583 3059 4651 igni
3120 4597 3489 4643 reservantur.

1937 4661 2291 4727 Qualcninam
2318 4666 2462 4717 enim
2491 4669 2727 4721 radicem
2764 4671 2830 4729 is,
2887 4673 2977 4737 qui
3002 4673 3073 4727 ob
3106 4676 3227 4729 vita
3257 4678 3462 4745 turpitu

1935 4753 2113 4806 dinem
2148 4754 2199 4805 in
2223 4757 2462 4807 omnium
2488 4757 2895 4813 abominatione
2923 4771 3030 4825 ρει,
3063 4763 3263 4818 habere
3290 4769 3492 4834 potest?

1938 4837 2129 4892 Sidera
2162 4856 2379 4908 quoque
2409 4846 2651 4896 errantia
2708 4848 2806 4914 ipsi
2837 4848 3097 4903 dicuntur
3134 4868 3146 4903 :
3183 4867 3290 4906 non
3345 4856 3487 4923 quod

1938 4928 2139 4983 infidei
2197 4938 2399 4982 nostra:
2460 4932 2804 4990 ﬁrmamento
2866 4939 3266 5009 praefulgentes,
3323 4943 3489 4998 solent

1935 5018 2156 5087 iustitiae
2185 5035 2278 5089 per
2306 5036 2363 5073 se
2395 5022 2770 5078 decurrentem
2807 5027 3043 5083 habeant
3073 5071 3087 5093 ,
3114 5044 3205 5086 aut
3229 5028 3487 5087 virtutum

1938 5113 2215 5178 perliciaut
2247 5114 2407 5166 horas
2438 5156 2451 5174 ,
2487 5116 2569 5169 vel
2630 5116 2817 5172 ﬁdeles
2872 5122 3076 5174 eisdem
3112 5123 3328 5178 deditos
3349 5127 3489 5179 vivi-

1938 5203 2101 5256 ﬁcent
2127 5223 2137 5255 :
2166 5206 2256 5258 scd
2294 5208 2418 5273 quia
2439 5207 2490 5259 in
2513 5211 2762 5277 angelum
2790 5212 2926 5266 lucis
2955 5226 3280 5282 apparenter
3304 5226 3488 5271 trans-

1952 5292 2218 5354 formati,
2295 5294 2754 5359 quemadmodum
2840 5301 3157 5369 corypha-us
3234 5303 3479 5371 ipsorum

1940 5383 2205 5447 pessimus
2232 5382 2465 5447 daemon,
2499 5385 2746 5452 dogmata
2772 5388 2997 5442 Domino
3030 5391 3303 5445 contraria
3322 5391 3491 5446 eiun-

1938 5468 2111 5521 dunt:
2160 5472 2357 5539 quibus
2438 5480 2491 5525 et
2522 5474 2586 5525 ad
2621 5488 2679 5527 se
2733 5477 3054 5531 accedentes
3109 5479 3490 5542 obtenehrant,

1938 5571 1989 5610 et
2028 5561 2245 5613 sibimet
2279 5563 2410 5629 ipsis
2434 5574 2691 5617 aternam
2734 5568 3019 5635 caliginem
3087 5570 3488 5625 administrant.

1943 5651 2220 5705 Fluctibus
2258 5670 2383 5707 vero
2415 5657 2508 5708 feri
2540 5659 2703 5710 maris
2735 5667 2877 5712 rei-te
2899 5660 3275 5715 assimilautur
3298 5678 3311 5725 ;
3338 5664 3484 5729 quod

1939 5757 2128 5799 eorum
2167 5746 2300 5799 satis
2328 5745 2561 5799 referant
2609 5749 3057 5804 simiiitudinetn:
3123 5766 3244 5805 nam
3302 5753 3491 5807 insani:
