4244 6436
719 369 820 447 iis

1559 385 2130 448 'I‘H-EOPHYLACTI
2169 389 2581 450 BULGAerE
2611 391 2967 451 ARCIIIEP.

3868 384 3974 450 116

710 493 883 548 Curre
912 510 1019 548 non
1047 496 1201 561 quasi
1235 501 1287 549 in
1313 495 1568 550 incertum
1598 515 1617 563 ;
1648 507 1794 553 certa
1817 508 1894 553 cst
1931 500 2075 555 enim
2102 516 2289 556 resur-
2322 508 2362 561 Α

2322 508 2362 561 Α
2396 501 2494 570 τῆς
2526 500 2748 570 ἀτιμίας
2779 498 2986 563 ἀπαθὲς
3027 502 3120 554 καὶ
3170 500 3533 570 πολυτίμητον
3574 497 3829 561 ἔπαθλον,
3875 498 3974 551 καὶ

712 583 903 648 rectio,
970 583 1035 637 ad
1093 598 1254 655 quam
1318 600 1451 640 crux
1510 589 1861 655 manuducit;
1908 605 2029 660 quae
2106 592 2286 646 omnis

2397 592 2482 644 ἀεὶ
2515 592 2592 663 τῷ
2623 592 2843 662 σταυρῷ
2873 591 3316 662 ὲπιλάμπουσαν.

712 675 943 741 doloris,
992 676 1276 732 cruciatus
1326 686 1379 730 et
1415 678 1601 747 probri
1639 680 1921 746 praemium
1966 689 2070 748 est,
2099 683 2281 738 omnis
2323 681 2594 752 passionis
2675 691 2729 739 et
2776 684 3091 752 ignominiae
3148 699 3363 755 expers,
3407 694 3460 738 et
3536 698 3658 755 quae
3706 692 3977 753 perpetuo

712 769 1057 838 splendorem
1091 785 1248 824 suum
1281 768 1335 823 in
1372 785 1595 825 crucem
1626 771 1849 826 ettiittit.

784 862 869 916 ll.
913 861 1115 916 Deinde
1164 876 1227 915 cx
1279 862 1381 916 hac
1431 862 1614 916 crucis
1657 864 1977 921 adoratione
2025 866 2285 923 docemur

710 955 896 1009 itidem
944 968 1050 1023 qua
1101 954 1312 1009 ratione
1352 970 1486 1009 crux
1530 956 1867 1013 mediatricis
1911 957 2144 1014 omcium
2185 975 2286 1029 pro

708 1049 869 1102 nobis
912 1046 1149 1111 obierit,
1213 1048 1573 1104 reconcilians
1622 1063 1724 1105 nos
1774 1049 1886 1106 Deo
1939 1059 1991 1106 et
2040 1052 2189 1106 Patri
2217 1052 2285 1119 ",

707 1156 866 1208 quem
912 1155 1005 1210 per
1047 1139 1468 1194 inobedientiam
1520 1139 1947 1199 offenderamus.
1993 1141 2286 1215 Postquam

708 1234 856 1287 enim
887 1234 1039 1288 bisce
1072 1233 1310 1297 duobus,
1341 1233 1487 1288 velut
1515 1233 1731 1291 duabus
1757 1237 2012 1292 manilms
2036 1239 2104 1293 ab
2131 1238 2291 1295 hoste

708 1328 907 1382 devicti
944 1336 996 1382 et
1037 1328 1319 1398 prostrati.
1349 1328 1626 1400 voluptate
1662 1330 1919 1385 videlicet
1954 1342 2007 1387 et
2041 1333 2286 1394 tristitia.

709 1434 955 1489 casuque
984 1419 1077 1474 illo
1111 1420 1407 1476 miserabili
1444 1421 1495 1474 in
1529 1436 1770 1492 praeceps
1799 1423 1931 1489 acti,
1971 1424 2038 1478 ab
2072 1423 2293 1479 Oriente

710 1526 776 1565 cx
811 1512 921 1566 alto
952 1528 1045 1580 per
1076 1512 1285 1569 viscera
1320 1515 1707 1569 misericordia:
1740 1514 1831 1569 Dei
1871 1517 2047 1572 nostri
2086 1516 2291 1572 visitati

712 1621 906 1660 smnus
938 1608 1017 1668 ²¹.
1056 1607 1241 1660 statim
1293 1608 1394 1661 sub
1434 1607 1548 1677 ipsa
1594 1608 1896 1676 primordia
1944 1610 2292 1666 adversarius

713 1707 904 1753 noster
942 1700 1261 1755 debilitatus
1316 1710 1367 1755 et
1426 1702 1583 1771 quasi
1620 1703 1899 1758 mutilatus
1927 1712 2041 1767 est,
2072 1703 2293 1773 quando

714 1790 1086 1849 Emmanuelis
1132 1795 1305 1849 nostri
1359 1796 1772 1864 conceptionem
1823 1809 1997 1864 neque
2044 1795 2292 1865 voluptas

714 1886 1107 1941 contaminavit
1139 1886 1337 1956 (neque
1357 1887 1502 1941 enim
1544 1887 1772 1951 ferrum,
1804 1903 1980 1958 neque
2014 1887 2294 1959 virginita-

717 1978 787 2033 tis
817 1979 971 2045 quasi
1015 1978 1301 2038 dissertio.
1353 1993 1528 2049 neque
1572 1994 1767 2035 manus
1810 1980 2085 2043 hominis,
2122 1996 2298 2050 neque

716 2070 862 2123 aliud
888 2068 1018 2139 quid
1050 2069 1211 2139 hujus
1243 2071 1460 2141 generis
1487 2070 1553 2125 ad
1580 2072 1987 2125 matrimonium
2019 2073 2297 2141 pertinens

716 2165 958 2216 divinum
996 2162 1173 2216 Maria:
1212 2162 1382 2218 altare
1415 2163 1707 2228 ascenditl,
1730 2178 1905 2234 neque
1942 2164 2107 2219 etiam
2142 2165 2300 2219 dolor

718 2256 941 2313 aﬂlixit:
976 2258 1174 2325 quippe
1212 2256 1301 2312 ubi
1336 2257 1586 2325 voluptas
1619 2255 1763 2311 nulla
1804 2259 2193 2313 antecesserit:
2228 2258 2299 2310 ibi

716 2347 862 2402 enim
894 2362 1116 2403 necesse
1143 2356 1225 2403 est
1255 2348 1499 2405 dolorem
1529 2348 1707 2419 sequi.
1752 2348 1841 2403 ubi
1876 2349 2125 2418 voluptas
2156 2365 2296 2418 pne-

718 2440 919 2505 cessit;
960 2440 1118 2496 sicuti
1151 2456 1375 2497 necesse
1403 2451 1507 2508 est,
1540 2452 1594 2496 ut
1618 2443 1691 2496 ibi
1730 2444 1981 2511 voluptas
2013 2451 2293 2511 Sequatur.

722 2532 810 2586 ubi
844 2532 1002 2588 dolor
1038 2534 1338 2604 praecessit.
1375 2526 1443 2589 Et
1476 2535 1593 2590 haec
1626 2546 1710 2592 est
1751 2536 1925 2606 ipsius
1969 2550 2179 2590 natura:
2212 2536 2296 2589 in-

720 2610 993 2678 violabilis
1035 2634 1089 2679 et
1128 2623 1523 2681 indissolubilis
1567 2626 1683 2689 lex,
1729 2642 1834 2681 non
1880 2626 2000 2682 sine
2044 2627 2301 2695 aequitate

723 2714 830 2767 lata
852 2754 866 2779 ,
906 2729 972 2769 ne
1000 2714 1169 2771 nimia
1201 2714 1499 2771 hilaritatis
1538 2714 1759 2770 diﬂusio
1799 2716 1870 2772 sit
1912 2716 2031 2771 sine
2063 2714 2219 2769 l‘reno
2248 2722 2303 2768 et

724 2805 1109 2873 gubernatore,
1141 2822 1319 2877 neque
1349 2807 1568 2862 tristitia
1602 2807 1672 2862 sit
1699 2808 1857 2877 plane
1890 2806 2303 2863 immedicabilis

723 2906 774 2949 ιιι
805 2897 1118 2964 mortifera;
1156 2897 1250 2954 sed
1280 2908 1339 2954 ut
1372 2899 1462 2953 illa
1502 2897 1721 2970 quidem
1758 2897 2146 2954 admonitionis
2186 2896 2304 2953 loco

2464 862 2551 917 ια’.
2602 865 2835 920 Ἔπειτα
2861 866 2955 917 καὶ
3008 865 3106 934 τὴν
3160 864 3463 935 μεσιτείαν,
3499 862 3565 935 ἢν
3607 865 3739 932 ἡμῖν
3790 862 3979 932 ἐμεσί-

2390 974 2581 1011 τευσεν
2629 959 2656 1010 ὁ
2694 958 2926 1026 σταυρὸς
2952 998 2966 1022 ,
3000 958 3064 1009 ὲκ
3099 957 3197 1026 τῆς
3229 956 3323 1009 νῦν
3353 957 3784 1027 προσκυνήσεως
3828 954 3971 1007 διδα-

2396 1050 2661 1121 σκόμεθα,
2690 1052 3141 1117 ἀποκαταλλάξας
3174 1054 3321 1122 ἡμᾶς
3339 1052 3417 1120 τῷ
3437 1052 3555 1120 Θεῷ
3574 1052 3666 1104 καὶ
3699 1051 3744 1103 ll
3754 1052 3898 1119 ατρι,
3919 1048 3980 1100 ὃν

2392 1145 2480 1197 Ecl
2497 1143 2595 1214 τῆς
2616 1144 2899 1216 παρακοῆς
2933 1146 3065 1216 ἡμῖν
3084 1146 3267 1208 αὐτοῖς
3295 1145 3803 1215 ὲξεπολεμήσαμεν.
3822 1142 3981 1195 Ἐπεὶ

2402 1238 2514 1308 γὰρ
2571 1237 2693 1291 δυσὶ
2726 1239 2956 1303 τούτοις,
3012 1231 3124 1291 οἶόν
3169 1256 3275 1293 τισι
3310 1237 3476 1311 [δυσὶ]
3510 1238 3699 1308 χερσὶν
3731 1236 3835 1290 ὑπὸ
3882 1235 3981 1289 τοῦ

2396 1325 2593 1398 ἐλθροῦ
2654 1328 3166 1399 κατεπαλαιόμεθα,
3210 1330 3371 1401 ἡδονὴ
3416 1328 3624 1403 [II-Vm
3686 1329 3777 1382 καὶ
3830 1327 3982 1395 λύπη

2400 1417 2625 1492 [fu-rm],
2660 1423 2751 1474 καὶ
2775 1420 2979 1491 πτῶμα
3010 1423 3193 1487 ἐλέους
3221 1424 3370 1490 ἄξιον
3401 1424 3714 1487 πίπτοντες,
3745 1421 3984 1490 ἀνατολῇ

2396 1512 2457 1576 ἐξ
2486 1511 2654 1581 ὕψους
2683 1512 2769 1566 διὰ
2793 1514 3074 1586 σπλάγχνα
3098 1516 3277 1577 ἐλέους
3298 1515 3433 1568 Θεοῦ
3460 1515 3618 1587 ἡμῶν
3634 1513 3983 1580 ὲπεσκέφθη-

2402 1621 2501 1673 μεν
2529 1618 2540 1632 ·
2577 1604 2737 1667 εὐθὺς
2794 1606 2895 1676 μὲν
2928 1609 3023 1662 καὶ
3057 1610 3114 1661 ὲν
3146 1608 3452 1679 προοιμίοις
3481 1607 3934 1680 ἠκρωτηριάζετο
3957 1607 3989 1659 ὁ

2402 1698 2716 1764 ἀντίπαλος,
2744 1698 2868 1753 οὔτε
2906 1699 3099 1772 ἡδονῆς
3138 1702 3444 1771 μολυνασης
3485 1701 3582 1773 τὴν
3621 1700 3716 1754 τοῦ
3765 1701 3986 1769 Ἐμμα-

2400 1792 2561 1862 νουὴλ
2593 1791 2857 1861 σύλληψιν
2890 1794 3172 1865 (οὐδὲγὰρ
3206 1793 3371 1865 ἀνέὸη
3420 1794 3638 1863 σίδηρος
3688 1794 3783 1846 καὶ
3834 1792 3983 1862 τομὴ

2330 1919 2370 1977 Β
2400 1883 2721 1953 παρθενίας,
2756 1884 2789 1955 ἢ
2821 1886 2940 1956 χεὶρ
2968 1887 3260 1956 ἀνθρώπου
3306 1886 3400 1940 καὶ
3435 1883 3636 1956 πρᾶξις
3683 1884 3983 1955 γαμήλιος,

2401 1980 2519 2033 ἐπεὶ
2584 1979 2646 2053 [Ῑ.
2686 1981 2803 2055 ἐπὶ]
2833 1982 2892 2035 τὸ
2932 1982 3074 2036 θεῖον
3110 1984 3209 2051 τῆς
3265 1982 3488 2053 Μαρίας
3544 1980 3989 2051 θυσιαστήριον),

2399 2071 2522 2126 οὔτε
2569 2074 2763 2144 ὀδύνης
2799 2077 3285 2147 στενοχωρησάσης
3342 2076 3431 2130 τὸν
3470 2076 3649 2139 τόκον,
3703 2076 3786 2128 ὅτι
3849 2074 3989 2141 μηδὲ

2403 2166 2563 2236 ἡδονὴ
2595 2170 2968 2239 προηγήσατο.
3046 2171 3193 2223 Ἐκεῖ
3235 2171 3292 2223 δὲ
3349 2172 3567 2232 πάντως
3608 2169 3842 2222 ἔπεσθαι
3886 2169 3992 2236 τῂν

2402 2256 2597 2327 ὀδύνην
2621 2302 2636 2326 ,
2695 2260 2824 2314 ἔνθα
2861 2261 3021 2332 ἡδονὴ
3079 2262 3458 2333 προοδεύσειεν
3482 2280 3499 2297 ο
3538 2264 3726 2333 ὥσπερ
3793 2262 3993 2328 ὀδύνης

2403 2354 2847 2424 προηγουμένης,
2871 2357 2966 2409 καὶ
2994 2355 3183 2426 ἡδονὴν
3213 2355 3602 2409 ἐπακολουθεῖν
3626 2372 3642 2389 ·
3684 2358 3777 2409 καὶ
3799 2353 3993 2407 τοῦτον

2404 2437 2542 2495 εἶναι
2582 2443 2799 2512 φύσεως
2838 2446 3000 2516 νόμον
3038 2448 3311 2519 ἄρρηκτόν
3345 2466 3403 2501 τε
3452 2445 3543 2501 καὶ
3566 2447 3758 2503 ἄλυτον
3792 2445 3991 2514 φιλαν-

2407 2532 2641 2603 θρώπως
2700 2538 3135 2607 νομοθετηθέντα
3167 2555 3183 2571 ο
3221 2541 3308 2593 ἵνα
3338 2541 3474 2611 μήτε
3514 2540 3571 2593 τ’)
3607 2539 3821 2609 διαχέον
3854 2539 3994 2604 ἀγα-

2406 2625 2631 2679 λίνωτον
2730 2631 2821 2683 καὶ
2871 2631 3190 2698 ἀδέσποτον,
3236 2636 3373 2704 μήτε
3421 2632 3483 2686 τὸ
3525 2633 3722 2686 δάκνον
3770 2630 3996 2685 ἀνίατον

2410 2718 2504 2770 καὶ
2549 2717 2889 2792 νεκρώσιμον
2916 2740 2930 2754 ·
2993 2724 3130 2779 ἀλλὰ
3168 2725 3230 2777 τὸ
3284 2726 3381 2793 μὲν
3420 2724 3705 2778 νουθεσίαν
3743 2722 3842 2794 ἔχῃ
3892 2721 3996 2790 τὴν

2415 2808 2554 2878 μετὰ
2593 2814 2764 2867 ταῦτα
2811 2814 3011 2886 λύπην,
3050 2819 3140 2870 καὶ
3177 2818 3480 2886 ἀναστολὴν
3538 2816 3786 2886 ὕϐρεως,
3832 2816 3892 2868 τὸ
3933 2813 3995 2866 δὲ

2412 2905 2507 2955 τον
2536 2904 2873 2978 γλυκασμον,
2920 2910 3262 2981 θεραπευτὴν
3296 2908 3685 2978 ἀπογνώσεως.

725 2994 924 3048 habeat
953 3008 1103 3057 eam,
1143 3009 1266 3066 qua!
1304 2992 1429 3050 inde
1458 2994 1642 3049 enasci
1675 2991 1979 3057 consuevit,
2018 2991 2298 3047 tristitiam
2340 3000 2394 3046 et
2429 2994 2644 3067 injuriae
2673 3000 3125 3072 impressionem;
3154 3002 3281 3058 huic
3313 3018 3439 3059 vero
3500 3001 3836 3074 depellendm
3895 3000 3995 3055 de.

727 3089 1059 3156 aperatiouis
1089 3102 1255 3143 causa
1290 3088 1745 3144 medicamentum
1779 3088 1849 3142 sit
1881 3085 2136 3141 dulcedo.

802 3183 888 3238 12.
931 3181 1198 3237 Caeterum
1236 3192 1523 3253 postquam
1558 3184 1623 3236 ad
1652 3179 1943 3238 Jurdanem
1976 3195 2096 3236 sese
2127 3174 2298 3232 mani-
2330 3177 2375 3237 C

728 3269 971 3339 iestavit,
1003 3281 1057 3327 et
1090 3288 1187 3342 pro
1218 3274 1376 3329 nobis
1409 3272 1626 3330 fatnulis
1658 3275 1775 3330 suis
1802 3289 1831 3328 a
1868 3272 2068 3327 tantulo
2098 3277 2301 3326 statuta

728 3366 1035 3436 expiatione
1077 3365 1401 3435 puriﬁeatus
1439 3376 1551 3431 est,
1592 3365 1968 3435 Spiritumqtte
2004 3378 2101 3434 pro
2147 3361 2303 3416 nobis

731 3461 944 3529 accepit
1002 3460 1069 3525 is,
1109 3459 1202 3530 qui
1236 3476 1515 3529 nunquam
1544 3478 1570 3513 ιι
1606 3459 1810 3529 Spiritu
1843 3467 2127 3529 separatur
2176 3460 2305 3528 (quo

731 3555 1166 3620 demonstraret,
1216 3569 1381 3622 super
1433 3568 1603 3621 aquas
1652 3556 1812 3606 etiam
1883 3563 1997 3606 tum
2046 3551 2304 3620 Spiritum

733 3648 883 3709 l‘erri,
911 3646 1130 3716 quando
1165 3661 1264 3700 nos
1292 3646 1651 3716 baptizamur.
1690 3661 1718 3698 a
1750 3661 1858 3715 quo
1893 3646 2047 3699 nobis
2082 3659 2308 3714 persua-

733 3740 906 3802 deret,
939 3749 995 3793 ιιι
1022 3739 1089 3793 ad
1120 3740 1223 3795 hoc
1256 3741 1530 3794 lavacrum
1564 3740 1769 3809 Spiritu
1805 3740 1891 3795 [lci
1924 3748 2031 3793 tam
2061 3742 2304 3809 plenum,

736 3846 993 3902 tauquam
1050 3832 1118 3887 ad
1176 3848 1354 3889 veram
1408 3841 1462 3887 et
1518 3832 1812 3901 perfectam
1867 3831 2306 3887 euntndatiunem

736 3941 1092 3982 accurramus
1118 3924 1159 3994 ),
1203 3926 1423 3979 ducitur
1452 3941 1480 3980 a
1515 3926 1718 3989 Spiritu
1762 3926 1816 3978 in
1844 3924 2120 3979 desertum
2153 3926 2229 3978 ":
2279 3939 2307 3976 a

736 4018 914 4074 turbis
947 4019 1092 4072 enim
1134 4027 1402 4073 remotum
1437 4033 1558 4074 esse
1600 4025 1816 4086 oportet
1850 4032 1973 4071 eum
2009 4016 2101 4086 qui
2144 4016 2309 4070 semel

736 4111 1034 4165 Inundatus
1064 4119 1181 4177 esl,
1224 4127 1290 4164 ne
1322 4127 1514 4165 rursus
1550 4113 1663 4165 luto
1693 4120 1745 4165 et
1779 4125 1940 4165 emno
1971 4111 2310 4163 contamine-

739 4214 848 4267 tur,
890 4205 1170 4271 alteraque
1216 4204 1593 4273 puriﬁcatione
1644 4212 1817 4274 egeat.
1873 4200 2081 4256 Perfert
2129 4210 2311 4258 autem

739 4294 1136 4364 impressiones
1169 4294 1289 4349 illas
1318 4310 1453 4365 qttas
1491 4296 1709 4362 objeetu
1749 4295 2044 4365 voluptatis
2079 4304 2315 4349 tentator

740 4386 1004 4448 instituit,
1030 4386 1255 4457 perfert,
1291 4387 1532 4456 inquam,
1566 4402 1672 4439 non
1700 4385 1911 4440 ratione
1944 4398 1997 4439 et
2030 4387 2315 4455 cegitatio-

742 4480 944 4534 nibus:
975 4494 1100 4532 nam
1144 4478 1227 4532 bis
1259 4478 1346 4533 Dei
1382 4493 1533 4533 mens
1567 4478 1830 4547 impervia
1870 4488 1992 4532 est:
2030 4493 2218 4531 verum
2260 4478 2312 4531 in

745 4572 965 4642 propria
998 4586 1230 4641 persona
1259 4572 1407 4624 illum
1437 4559 1765 4641 aggreditur,
1808 4572 2094 4639 tribusque
2124 4570 2317 4624 adver-

747 4664 876 4719 sarii
910 4664 1131 4718 casibus
1161 4677 1259 4731 pro
1284 4662 1442 4717 nobis
1463 4673 1779 4723 coronatur,
1811 4662 2126 4731 angelorum
2161 4663 2321 4715 mini-

745 4756 914 4813 sterio
936 4763 1160 4817 auctus;
1188 4762 1245 4806 ut
1267 4753 1553 4821 intelligas.
1583 4767 1819 4819 quonam
1848 4752 2054 4807 honore
2079 4751 2319 4806 allicien.

742 4847 847 4901 dus
878 4846 976 4910 sis,
1018 4844 1184 4916 462
1215 4844 1257 4896 si
1298 4859 1420 4897 eum
1470 4844 1739 4905 debelhis,
1784 4842 1876 4913 qui
1921 4844 2060 4897 inter
2100 4845 2321 4913 angelus

743 4939 1050 4993 inhonorus
1085 4946 1139 4991 et
1182 4935 1446 5006 inglorius
1489 4943 1592 4990 est.
1628 4936 1698 4988 At
1740 4950 1869 4990 vero
1906 4936 2077 4989 vietor
2112 4936 2221 4989 vim
2267 4944 2321 4990 et

742 5030 916 5088 robur
955 5030 1219 5084 adversus
1263 5029 1590 5097 voluptatem
1638 5027 1897 5082 fratribus
1934 5027 2193 5098 largitus,
2245 5030 2323 5082 sic

746 5129 813 5178 a-I
856 5122 1089 5179 docendi
1128 5137 1322 5177 munus
1356 5120 1587 5176 accedit.
1626 5120 1861 5176 Necesse
1900 5121 2044 5175 enim
2078 5131 2224 5185 erat,
2264 5128 2322 5175 ut

748 5225 1002 5272 naturam
1049 5216 1193 5269 velut
1231 5231 1326 5268 vas
1363 5212 1635 5284 quoddam
1666 5224 1995 5284 praepararet
2034 5226 2087 5269 et
2120 5230 2311 5285 expur-

752 5318 927 5376 garet,
960 5316 1020 5363 ut
1061 5307 1209 5361 verbi
1248 5320 1417 5373 capax
1461 5304 1800 5371 eﬂieeretur,
1844 5315 2153 5375 expugnata
2201 5314 2322 5373 post

750 5403 961 5459 ventris
1024 5398 1314 5466 ingluviem
1389 5395 1732 5461 ambitione;
1788 5406 1910 5465 post
1959 5398 2314 5452 ambitionem

752 5494 1050 5564 cupiditate
1083 5499 1139 5545 et
1181 5503 1364 5544 amore
1410 5488 1643 5543 habendi
1676 5506 1688 5541 :
1736 5504 1855 5557 qua:
1893 5498 2003 5544 tres
2034 5489 2155 5545 tiliae
2190 5501 2319 5545 sunt

753 5585 1027 5643 hirudinis
1056 5582 1204 5638 illius
1241 5597 1360 5651 qum
1394 5590 1560 5635 totam
1602 5590 1844 5635 nostram
1882 5581 2043 5635 vitam
2080 5582 2316 5650 exsugit.

2483 3177 2573 3246 ιβ’.
2644 3178 2797 3233 Ἐπεὶ
2851 3179 2907 3233 δὲ
2946 3179 3283 3252 ἀναδειχθεὶς
3316 3181 3373 3234 ὲν
3413 3180 3491 3251 τῷ
3549 3180 3827 3252 Ἰορδάνῃ.
3889 3181 3994 3250 τὴν

2413 3273 2554 3341 ὑπὲρ
2593 3272 2750 3341 ἡμῶν
2810 3272 2918 3325 τῶν
2951 3272 3156 3326 δούλων
3196 3273 3302 3326 ὑπὸ
3348 3275 3441 3327 τοῦ
3481 3274 3668 3327 δούλου
3725 3274 4000 3342 κάθαρσιν

2411 3362 2712 3435 ἐκαθάρθη,
2754 3367 2848 3420 καὶ
2871 3365 2929 3418 τὸ
2956 3365 3180 3435 Πνεῦμα
3213 3366 3280 3419 δι’
3304 3368 3452 3435 ἡμᾶς
3482 3365 3719 3430 ἐδέξατο,
3761 3367 3788 3418 ὁ
3821 3365 3958 3434 μηδέ
3984 3394 3997 3404 -

2414 3477 2545 3513 ποτε
2600 3460 2792 3511 τούτου
2851 3458 3154 3531 ἀχώριστος
3218 3460 3348 3531 (ἵνα
3390 3459 3539 3529 δείξῃ
3584 3459 3664 3529 τῷ
3730 3457 3884 3511 ὕδατι
3938 3456 4000 3510 τδ

2418 3552 2641 3621 Πνεῦμα
2691 3554 3087 3623 ἐπιφερόμενον
3116 3554 3205 3605 ὅτε
3258 3553 3350 3606 καὶ
3396 3554 3556 3621 ἡμεῖς
3594 3550 3998 3620 βαπτιζνῖμεθα,

2415 3644 2509 3695 καὶ
2544 3644 2700 3714 πείσῃ
2731 3644 3087 3714 προστρέχειν
3125 3644 3202 3705 ὡς
3263 3642 3491 3712 ἀληθινῇ
3530 3644 3623 3695 καὶ
3677 3641 3859 3712 τελείᾳ
3898 3660 4002 3693 κα-

2418 3736 2607 3805 θάρσει
2638 3736 2715 3807 τῷ
2747 3736 2974 3807 τοιούτῳ
3015 3734 3247 3805 λουτρῷ,
3288 3736 3316 3787 ὃ
3361 3736 3420 3788 τὸ
3451 3734 3547 3787 τοῦ
3590 3732 3726 3787 Θεοῦ
3768 3731 3999 3801 Πνεῦμα

2416 3829 2670 3898 δέχεται),
2717 3828 2908 3895 ἄγεται
2952 3828 3051 3898 μὲν
3084 3828 3160 3897 τῷ
3206 3828 3487 3896 Πνεύματι
3536 3828 3613 3889 είς
3649 3825 3747 3893 τὴν
3789 3825 4002 3892 ἔρημον

2421 3917 2741 3988 (ἀταραξίας
2785 3919 2895 3985 γαρ
2951 3917 3161 3970 δεῖσθαι
3221 3915 3313 3967 τὸν
3372 3913 3719 3983 καθαρθέντα
3750 3952 3765 3976 ,
3802 3911 3885 3963 ἵνα
3923 3911 4002 3979 μὴ

2420 4010 2583 4065 πάλιν
2622 4009 2831 4079 θολωθῇ
2872 4006 3114 4081 [II-051;]
3168 4006 3276 4060 ἀπὸ
3316 4006 3491 4075 πηλοῦ
3530 4006 3692 4066 ἰλύος,
3722 4004 4000 4071 δευτέρων
4074 4076 4077 4077 ν

2420 4104 2596 4175 χρῄζῃ
2632 4104 3019 4174 καθάρσεων),
3068 4104 3284 4171 δέχεται
3318 4101 3372 4153 δὲ
3420 4098 3622 4163 τὰς’δι’
3664 4096 3859 4167 ἡδονῆς
3903 4094 3999 4148 τοῦ

2423 4196 2724 4270 πειραστοῦ
2753 4195 3081 4269 προσδολὰς,
3129 4196 3189 4248 ού
3237 4193 3603 4261 διαλογισμῶν
3735 4189 3823 4242 διὰ
3856 4186 4001 4254 >.ογ.1

2424 4289 2506 4353 (οὐ
2540 4287 2646 4356 γὰρ
2681 4284 2890 4349 τούτοις
2940 4283 3197 4344 ἐπιϐατὸς
3254 4284 3281 4335 ὁ
3337 4282 3432 4335 τοῦ
3481 4279 3616 4333 Ε)εοῦ
3662 4278 3827 4345 τοῦς),
3881 4276 4001 4329 ἀλλ’

2423 4377 2868 4449 αὑτοπροσώπως
2896 4376 3356 4448 προσϐάλλοντος,
3399 4373 3493 4426 καὶ
3528 4372 3678 4439 τρισὶ
3725 4369 3818 4423 τοῦ
3852 4371 4004 4421 ἀντι-

2429 4472 2746 4533 παλαίοντος
2788 4469 3077 4538 πτώμασιν
3106 4468 3247 4536 ὑπὲρ
3289 4466 3444 4536 ἡμῶν
3487 4461 3871 4529 στεφανοῦται,
3908 4459 4001 4513 ὑπ’

2423 4566 2669 4634 ἀγγέλων
2694 4564 3113 4632 διακονούμενος
3136 4577 3147 4589 ·
3180 4559 3255 4621 ὡς
3288 4557 3352 4611 ἂν
3384 4560 3446 4611 σὺ
3479 4556 3658 4629 μάθῃς
3685 4554 3783 4623 τὴν
3813 4555 4003 4622 τιμὴν,

2423 4662 2488 4730 ἣν
2507 4658 2811 4730 τιμηθήσῃ,
2840 4656 2929 4708 τὸν
2954 4657 3011 4707 ὲν
3039 4653 3293 4721 ἀγγέλοις
3324 4650 3520 4711 ἄτιμον
3543 4645 4002 4713 καταγωνισαμεο

2422 4770 2529 4814 νος.
2575 4751 2712 4804 Ἀλλ’
2738 4752 2766 4803 ό
2796 4749 2896 4818 μὲν
2927 4748 3151 4816 νικητὴς
3182 4744 3321 4797 κατὰ
3349 4740 3677 4811 τῆςὴεονῆς,
3709 4740 3769 4791 τδ
3801 4738 4003 4807 κράτος

2422 4849 2532 4909 τοῖς
2558 4845 2805 4913 ἀδελφοῖς
2836 4842 3223 4912 χαρισάμενος,
3274 4836 3444 4897 οὕτως
3498 4836 3597 4901 ἤδη
3632 4834 3722 4884 ἐπὶ
3771 4831 3830 4882 τὸ
3857 4829 4005 4882 διδα-

2424 4952 2575 4987 σκειν
2604 4931 2884 5003 ὥρμησεν.
2950 4930 3095 4983 Ἔδει
3136 4930 3244 4996 γὰρ
3271 4925 3431 4979 αὐτον
3466 4923 3566 4993 τὴν
3601 4922 3763 4991 φύσιν
3802 4915 3913 4973 οἷον
3946 4938 4000 4971 τι

2426 5029 2617 5091 σκεῦος
2653 5024 3050 5097 προετοιμάσαι
3099 5022 3194 5075 καὶ
3253 5019 3595 5088 ἐκκαθᾶραι·
3651 5016 3728 5079 ὡς
3790 5015 3853 5068 ἂν
3905 5014 3999 5065 τοῦ

2423 5121 2597 5189 Λόγου
2631 5118 2910 5190 χωρητικὴ
2940 5116 3183 5187 γένηται,
3204 5111 3504 5184 φιλοδοξίαν
3534 5112 3634 5180 μὲν
3668 5110 3757 5161 ἐπὶ
3773 5124 4001 5176 γαστριο

2428 5217 2656 5286 μαργίᾳ,
2693 5212 3073 5283 φιλοπλουτίαν
3101 5210 3155 5263 δὲ
3181 5208 3271 5262 ἐπὶ
3296 5205 3568 5274 φιλοέοξία
3596 5200 4001 5262 καταεαλόντα,

2422 5307 2519 5369 τὰς
2550 5309 2698 5376 τρεῖς
2728 5304 3031 5375 θυγατέρας
3060 5302 3157 5372 τῆς
3193 5300 3435 5371 βδέλλῃ,
3468 5298 3524 5351 αἳ
3553 5298 3648 5364 τὴν
3673 5294 3819 5365 ζωὴν
3840 5293 4001 5365 ἡμῶν

2430 5398 2806 5468 ἐξεμύζησαν·
2844 5397 2962 5467 ἅμα
3011 5396 3066 5449 δὲ
3113 5396 3207 5449 καὶ
3260 5397 3385 5458 τοὺς
3438 5389 3791 5451 διδασκάλους
3846 5386 4000 5456 ἡμᾶς

2430 5490 2717 5546 παιδεῦσαι
2761 5491 2835 5562 μὴ
2880 5490 3146 5560 πρότερον
3176 5485 3550 5553 ,ἀναδέχεσθαι
3597 5482 3689 5535 τὸν
3736 5480 3917 5546 λόγον,
3967 5477 3999 5549 ἧ

2430 5583 2834 5639 καταπαλαῖσαι
2865 5584 2957 5638 τὸν
2984 5582 3315 5651 πειράζοντα
3343 5580 3432 5634 διὰ
3455 5579 3551 5647 τῆς
3582 5574 3856 5645 πράξεως.

758 5677 931 5733 Simul
958 5676 1118 5731 etiam
1151 5690 1250 5729 nos
1274 5674 1563 5743 magistros
1595 5680 1647 5725 et
1674 5673 2011 5729 institutores
2049 5674 2327 5739 instruxit,
2369 5694 2435 5735 ue
2485 5679 2635 5751 prius
2681 5678 2909 5736 docendi
2990 5676 3326 5749 provinciam
3388 5670 3783 5742 suscipiamus,
3830 5677 4001 5737 qum

757 5774 967 5829 hostem
1004 5785 1163 5838 opere
1189 5771 1308 5839 ipso
1338 5770 1721 5826 devicerituus.

839 5888 885 5920 ⁸⁸⁵
914 5885 1101 5941 11(“οι“.
1142 5904 1188 5951 ι’,
1236 5887 1312 5941 ιιξ.
1398 5886 1435 5917 ²⁴
1477 5883 1609 5941 Luc.
1651 5901 1684 5951 ',
1720 5883 1806 5938 78.
1888 5887 1930 5917 ⁵³
1961 5885 2150 5942 Mutila.
2187 5904 2261 5954 ιι,
2296 5890 2344 5943 1.
