4244 6436
782 367 884 443 ιιο

774 583 922 651 juste
966 587 1241 639 videretur
1289 585 1662 648 reconciliari,
1711 596 1764 638 et
1815 593 1872 638 ut
1917 583 2169 661 debitor,
2197 595 2246 636 ct
2281 590 2336 635 ut

779 679 912 731 nihil
946 679 1227 734 remittens
1259 693 1349 734 aut
1379 681 1716 734 condonans.

849 771 937 825 15.
981 769 1153 840 Hujus
1187 773 1649 827 reconciliationis
1689 771 1974 826 mediatrix
2005 779 2057 825 et
2081 769 2340 824 concilia-

779 862 881 914 trix
909 877 1041 915 crux
1067 862 1200 917 fuit:
1230 862 1376 931 quod
1401 863 1729 917 mediatricis
1748 861 1981 916 omciutu
2014 861 2172 915 tacite
2196 876 2340 914 nunc

777 965 910 1006 crux
961 954 1198 1008 insinuat
1271 954 1448 1009 medio
1489 954 1818 1023 jejuniorum
1854 969 2015 1008 cursu
2061 953 2338 1022 proposita

775 1055 829 1098 et
854 1047 1096 1099 adorata.
1128 1046 1283 1112 Quod
1316 1048 1358 1102 si
1388 1049 1545 1110 velis,
1576 1048 1848 1116 jejunium
1887 1047 1982 1101 tibi
2015 1047 2202 1100 itidem
2242 1062 2339 1114 pa-

779 1138 993 1192 radisus
1019 1138 1143 1203 erit,
1177 1139 1228 1191 in
1255 1139 1412 1206 cujus
1439 1138 1618 1191 medio
1644 1137 1845 1207 lignum
1869 1138 2166 1191 etiamnum
2193 1136 2342 1205 plav-

781 1237 949 1289 tatur,
978 1229 1232 1284 omnibus
1258 1244 1322 1282 ex
1351 1244 1506 1298 atquo
1538 1228 1807 1298 parabile,
1841 1234 2069 1297 excepto
2100 1226 2223 1290 illo,
2256 1230 2342 1282 cui

779 1319 919 1372 Deus
950 1329 1121 1372 venter
1140 1331 1215 1373 est
1237 1320 1306 1385 ³¹;
1331 1320 1475 1373 hunc
1507 1320 1648 1373 enim
1675 1319 1952 1372 inimicum
1981 1319 2160 1373 crucis
2185 1334 2343 1387 repu-

780 1419 857 1461 tat
887 1410 1200 1478 Apostolus.
1245 1409 1385 1475 Quin
1420 1419 1474 1463 et
1514 1410 1657 1463 hunc
1698 1424 1831 1462 crux
1864 1410 2124 1472 advocat,
2155 1418 2208 1462 et
2250 1409 2345 1463 ad-

781 1499 945 1553 mittit
977 1500 1332 1570 absumptura
1359 1502 1534 1570 ipsius
1569 1510 1823 1552 tumorem
1847 1500 1921 1570 (ὅ)
1942 1507 1995 1554 et
2018 1515 2342 1567 persuasura

781 1603 850 1644 ne
891 1592 1074 1644 omnia
1117 1593 1318 1646 ventris
1356 1590 1810 1646 oblectationibus
1853 1590 2150 1651 concedat.
2196 1592 2342 1660 aspi-

781 1683 932 1738 ciens
955 1695 1186 1747 acetum,
1216 1683 1359 1752 quod
1386 1685 1536 1738 cruci
1565 1682 1788 1738 suﬂixus
1817 1683 2083 1752 gustavit;
2121 1698 2344 1752 persua-

782 1791 910 1829 sura
939 1777 1089 1838 item,
1123 1791 1190 1830 ne
1221 1776 1421 1845 ubique
1449 1776 1835 1830 relaxationem
1867 1785 1919 1830 et
1944 1774 2341 1843 iucunditatem

782 1875 1023 1935 qumrat,
1058 1867 1242 1919 clavos
1277 1867 1654 1936 contemplans
1685 1873 1738 1919 et
1770 1865 1969 1921 lanceae
1992 1868 2216 1921 vulnera
2239 1908 2254 1932 ,
2293 1868 2346 1921 in
2382 1848 2422 1903 Β

782 1975 903 2029 quae
932 1960 1169 2015 cavelut
1201 1959 1575 2015 retributionis
1607 1959 1834 2028 digitum
1866 1959 2185 2026 immittcns,
2216 1969 2268 2015 et
2291 1972 2348 2016 ut

785 2053 905 2105 loco
943 2052 1148 2106 ventris
1179 2050 1346 2105 Deum
1389 2060 1442 2106 et
1479 2050 1800 2114 Dominum,
1847 2066 2055 2120 aspera:
2097 2051 2260 2122 hujus
2295 2062 2349 2108 et

784 2142 954 2211 plenae
987 2142 1272 2197 doloribus
1307 2143 1427 2196 vitae
1457 2151 1732 2197 auctorem
1764 2151 1819 2197 et
1851 2155 2347 2200 consummatorem

782 2233 1065 2302 praedicet,
1107 2248 1228 2286 cum
1273 2241 1325 2288 et
1368 2233 1523 2288 initio
1564 2248 1662 2302 pro
1702 2233 2116 2301 peccatoribus,
2160 2235 2352 2304 hisque

781 2327 873 2394 qui
903 2326 1238 2390 ceciderant,
1265 2325 1559 2381 cruciﬁxus
1595 2325 1790 2392 fuerit;
1827 2335 1879 2381 et
1905 2328 2161 2382 omnibus
2193 2329 2353 2398 Spiri-

783 2419 929 2474 tibus
957 2418 1292 2485 conjunctis,
1315 2419 1440 2474 illos
1470 2427 1523 2474 et
1550 2419 1692 2475 inter
1717 2434 1777 2475 se
1800 2427 1990 2473 mutuo
2018 2427 2070 2475 et
2098 2435 2220 2474 cum
2248 2420 2352 2476 Do-

781 2510 928 2564 mino
958 2510 1250 2580 colligarit.

856 2693 945 2751 18.
985 2697 1159 2752 liabet
1194 2705 1374 2752 autem
1415 2711 1548 2753 crux
1584 2696 1968 2763 altitudinem,
2011 2698 2352 2766 profundita-

784 2801 917 2854 tem,
944 2796 998 2844 ct
1025 2804 1171 2852 eam,
1199 2805 1320 2860 qua:
1347 2790 1399 2845 in
1430 2789 1778 2844 latitudinem
1805 2790 2062 2861 utrinque
2085 2795 2350 2858 excurrit,

781 2881 1191 2946 extensionem;
1243 2895 1352 2950 quo
1395 2889 1556 2950 pacto
1593 2880 1661 2936 ad
1699 2881 2036 2936 conditorem
2073 2883 2352 2939 Christum

783 2970 1006 3025 adducit
1033 2970 1300 3036 cmlestia,
1329 2971 1686 3026 subterranea
1718 2979 1772 3025 et
1802 2971 2106 3037 terrestria,
2135 2973 2203 3027 ab
2229 2981 2350 3028 ortu

782 3063 917 3116 solis
954 3075 1127 3128 usque
1160 3061 1225 3115 ad
1269 3075 1525 3115 occasum
1549 3101 1566 3126 ,
1607 3069 1667 3116 ut
1702 3075 1809 3115 non
1842 3061 1951 3116 sint
1983 3064 2215 3132 amplius
2245 3064 2354 3119 duo

781 3159 1157 3208 creaturarum
1186 3167 1406 3221 genera,
1431 3153 1606 3223 angeli
1637 3162 1690 3207 et
1717 3152 1810 3207 ﬁlii
1833 3154 2135 3218 hominum,
2159 3157 2349 3223 agitari

781 3245 963 3305 solita,
988 3252 1043 3297 et
1074 3245 1264 3313 agitari
1303 3243 1518 3310 nescia;
1546 3241 1791 3312 quaedam
1823 3246 1875 3298 in
1906 3247 2071 3310 cmlo,
2099 3250 2347 3315 quaedam

784 3342 840 3393 in
869 3350 1046 3405 terra;
1080 3340 1326 3409 quadam
1359 3353 1548 3408 prope,
1578 3337 1823 3408 quaedam
1851 3339 2039 3408 longe;
2068 3340 2161 3394 sed
2195 3348 2252 3392 ut
2279 3342 2349 3395 sit

778 3434 890 3499 jam
929 3446 1032 3484 una
1067 3441 1316 3484 creatura
1345 3429 1589 3484 omnium
1629 3430 1721 3498 qui
1756 3430 1810 3482 in
1842 3428 2064 3484 Christo
2103 3432 2345 3484 renovati

783 3533 930 3576 sunt;
965 3521 1158 3576 Omnia
1181 3521 1293 3590 jam
1323 3521 1703 3575 concussionis
1731 3529 1784 3575 et
1811 3522 2126 3590 agitationis
2156 3538 2348 3591 exper-

782 3614 855 3666 tia
884 3621 1030 3676 sunt,
1064 3610 1305 3665 ccelestia
1336 3619 1389 3665 et
1419 3609 1619 3665 vicina.
1654 3610 1777 3664 Hinc
1809 3611 1989 3665 crucis
2023 3611 2164 3664 dona
2195 3620 2344 3677 sunt,

785 3717 894 3756 non
926 3703 1095 3756 semel
1124 3710 1333 3754 tantum
1360 3701 1578 3764 collata,
1603 3710 1699 3754 aut
1723 3701 1918 3771 exiguo
1942 3710 2185 3770 tempore
2207 3703 2343 3769 visa;

784 3793 879 3845 sed
915 3805 1128 3860 semper
1156 3797 1212 3845 ct
1244 3790 1602 3844 conferuntur
1635 3797 1689 3843 et
1713 3789 2165 3857 conspiciuntur;
2201 3807 2344 3845 seut-

783 3898 987 3953 perque
1025 3881 1478 3952 magniﬁcentiam
1513 3881 1655 3950 ejus,
1694 3881 1785 3949 qui
1827 3882 1881 3933 in
1909 3895 2070 3934 cruce
2114 3881 2344 3936 salutem

785 3986 1026 4030 nostram
1051 3981 1306 4042 operatus
1335 3980 1439 4035 est,
1463 3969 1829 4039 depraedicant
1857 3989 1869 4024 :
1900 3980 2137 4039 tuncque
2169 3972 2344 4026 solum

781 4067 946 4139 464
975 4066 1298 4128 cessabunt,
1344 4079 1468 4120 cum
1505 4070 1556 4117 ct
1601 4061 1696 4117 Dei
1730 4063 1908 4118 virtus
1955 4064 2343 4120 debilitabitur.

783 4159 1034 4226 Quandiu
1075 4166 1255 4212 autem
1283 4155 1375 4210 Dei
1413 4155 1656 4225 potentia
1684 4163 1891 4218 manet,
1923 4163 1975 4208 et
2001 4170 2088 4220 ea,
2113 4170 2234 4223 qua:
2264 4157 2347 4210 in-

783 4253 940 4305 ﬁrma
970 4259 1134 4316 sunt,
1158 4248 1503 4313 corroborat,
1537 4245 1729 4300 tandiu
1765 4246 1892 4298 talia
1925 4259 1988 4299 ac
2021 4252 2171 4298 tanta
2204 4246 2345 4300 dona

784 4358 918 4396 crux
957 4339 1207 4396 conferre
1247 4339 1446 4409 poterit
1482 4338 1601 4400 his,
1653 4338 1741 4406 qui
1784 4337 2097 4403 salvantur;
2147 4338 2346 4406 quibus

784 4448 1003 4488 crucem
1036 4447 1157 4486 esse
1183 4431 1280 4483 Dei
1298 4432 1538 4483 uirtutem
1562 4428 1857 4495 Apostolus
1882 4437 2132 4482 testatur.
2166 4430 2346 4499 luquit

1635 379 2198 440 TIIEOPIIYLACTI
2240 375 2643 446 BULGKRL’E
2677 381 3029 442 ARClIlEP.

779 506 903 545 cum
941 492 1163 558 iisdem,
1203 503 1257 546 et
1296 508 1489 547 rursus
1524 491 1778 556 dilectio;
1820 500 1878 544 ut
1919 492 2066 545 omni
2102 507 2167 544 ex
2204 500 2351 556 parte
2378 491 2428 545 Α

1090 510 1163 558 in,
1203 503 1257 546 et
1296 508 1489 547 rursus
1524 491 1778 556 dilectio;
1820 500 1878 544 ut
1919 492 2066 545 omni
2102 507 2167 544 ex
2204 500 2351 556 parte
2378 491 2428 545 Α
2456 491 2766 560 ἁγαπησις·

3904 386 4004 454 120

2815 494 2899 545 ἵνα
2931 492 3056 564 δόξῃ
3088 495 3303 557 πάντως
3329 496 3550 558 δικαίως
3579 495 4010 568 καταλλαγῆναι,

2446 584 2540 634 καὶ
2567 584 2642 646 ὡς
2669 585 2919 653 ὀφείλων,
2950 588 3042 640 καὶ
3075 587 3150 656 μὴ
3181 589 3558 658 χαριζόμενος.

2519 761 2596 816 ιε’.
2641 762 2855 832 Ταύτης
2893 763 2988 834 τῆς
3023 763 3367 836 καταλλαγῆς
3412 766 3440 818 6
3462 764 3717 836 σταυρὸς
3753 765 3884 834 ἡμῖν
3918 780 4018 832 με-

2449 857 2602 923 σίτης
2655 856 2750 908 καὶ
2800 856 3102 925 πρόξενος·
3161 858 3229 928 ἢν
3270 858 3335 927 δὴ
3391 857 3672 926 μεσιτείαν
3723 856 4020 910 αἰνίττεται

2449 946 2789 1015 συμόολικῶς
2837 949 2931 1000 νῦν
2973 951 3030 1001 ὲν
3067 949 3146 1018 τῷ
3181 949 3332 1020 μέσῳ
3380 951 3488 1003 τῶν
3524 949 3807 1018 Νηστειῶν
3842 965 4022 1019 προτιο

2448 1039 2676 1108 θέμενὸς
2707 1056 2764 1092 τε
2796 1040 2890 1092 καὶ⁵
2938 1040 3432 1111 προσκυνούμενος.
3471 1042 3532 1094 Ei
3594 1041 3771 1112 βούλει
3817 1040 3874 1093 δέ
3931 1057 4020 1108 μοι

2449 1133 2542 1185 καὶ
2587 1132 2917 1202 παράδεισον
2961 1131 3182 1202 ἐκδέχου
3223 1134 3321 1203 τὴν
3377 1133 3654 1203 νηστείαν,
3685 1125 3746 1184 οὗ
3777 1133 3835 1183 ὲν
3870 1129 4020 1199 μέσῳ

2448 1223 2507 1276 τὸ
2549 1224 2646 1293 τῆς
2682 1225 2828 1296 ζωῆς
2859 1225 3014 1289 ξύλον
3046 1227 3140 1278 καὶ
3171 1224 3264 1278 νῦν
3308 1226 3602 1292 φυτεύεται
3637 1226 3804 1280 πᾶσιν
3837 1223 4017 1287 ἐξίσου

2453 1315 2819 1385 μεταληπτδν,
2868 1317 3023 1379 ἐκτὸς
3072 1319 3122 1371 ει
3168 1317 3251 1386 μή
3305 1336 3394 1384 τις
3439 1318 3553 1386 τὴν
3583 1319 3818 1371 κοιλίαν
3855 1317 4019 1369 ἐθεσ-

2451 1409 2687 1475 ποίησε.
2721 1407 2921 1461 Τοῦτον
2956 1410 3063 1478 γὰρ
3124 1410 3316 1480 ἐχθρὸν
3361 1411 3388 1462 6
3420 1411 3629 1472 Παῦλος
3656 1409 3748 1462 τοῦ
3782 1405 4022 1477 σταυροῦ

2449 1500 2654 1555 τίθεται
2682 1517 2693 1531 ’
2730 1501 2931 1571 μᾶλλον
2960 1503 3016 1555 δὲ
3063 1503 3156 1556 καὶ
3207 1503 3395 1556 τοῦτον
3434 1505 3462 1556 6
3509 1502 3741 1572 σταυρὸς
3771 1516 4024 1570 προσκαο

2451 1593 2621 1646 λείται
2648 1593 2740 1646 καὶ
2775 1594 3162 1665 παραδέχεται,
3207 1595 3539 1665 δαπανήσων
3586 1594 3754 1649 αὐτοῦ
3784 1593 4022 1650 τδν......

2452 1701 2566 1749 κον,
2617 1686 2711 1738 καὶ
2767 1685 2972 1738 πείσων
3002 1688 3076 1757 μὴ
3101 1688 3275 1742 πάντα
3322 1689 3467 1758 ἡμᾶς
3517 1687 3753 1757 γαστρὸς
3807 1685 4027 1755 ἡδοναῖς

2453 1775 2810 1845 χαρίζεσθαι,
2845 1778 2980 1848 πρὸς
3028 1778 3128 1848 τὴν
3179 1778 3340 1850 χολὴν
3390 1779 3485 1832 καὶ
3535 1778 3595 1831 τὸ
3639 1779 3761 1844 ὅξος
3786 1777 4022 1846 ὁρῶντα,

2451 1863 2526 1923 ὧν
2558 1871 2585 1923 ὀ
2619 1870 2676 1923 ὲν
2705 1870 2854 1940 αὐτῷ
2904 1873 3103 1938 παγεὶς
3146 1871 3475 1942 πεπείραται
3511 1889 3526 1904 ο
3575 1869 3708 1941 μηδὲ
3757 1868 4026 1923 πάντοθεν

2449 1963 2546 2032 τὴν
2580 1961 2765 2015 ἄνεσιν
2792 1962 3209 2016 κατατείνεσθαι
3241 1964 3368 2027 τοὺς
3399 1963 3560 2033 ἥλους
3583 1960 4020 2026 άνασκοποῦντα,

2450 2055 2543 2107 καὶ
2567 2054 2635 2108 τὰ
2671 2056 2769 2126 τῆς
2805 2056 3005 2125 λόγχης
3043 2056 3382 2126 κεντήματα,
3410 2056 3504 2108 καὶ
3539 2055 3799 2125 βάλλοντα
3829 2054 3895 2108 δι’
3929 2054 4023 2106 αύ-

2449 2146 2557 2199 τῶν
2583 2147 2674 2200 τὸν
2705 2147 2800 2216 τῆς
2839 2146 3036 2216 ὲράνης
3075 2145 3356 2210 δάκτυλον,
3383 2147 3477 2200 καὶ
3508 2147 3626 2199 ἀντὶ
3652 2146 3754 2216 τῆς
3789 2145 4024 2210 κοιλίας,

2450 2238 2583 2291 Θεὸν
2617 2239 2708 2292 καὶ
2741 2238 2946 2309 Κύριον
2983 2238 3075 2292 τὸν
3105 2239 3202 2307 τῆς
3231 2241 3433 2308 πικρᾶς
3463 2238 3666 2306 ταύτης
3709 2239 3801 2291 καὶ
3832 2238 4024 2306 66mm-

2454 2332 2550 2401 ρᾶς
2577 2329 2719 2400 ζωῆς
2756 2330 3000 2402 ἀρχηγὸν
3028 2332 3121 2383 καὶ
3154 2331 3446 2401 τελειωτὴν
3483 2330 3856 2399 κηρύττοντά·
3895 2330 4025 2382 ἐπεὶ

2451 2424 2547 2476 καὶ
2575 2422 2674 2492 τὴν
2712 2424 2908 2493 ἀρχὴν,
2957 2423 3096 2494 ὑπὲρ
3139 2422 3246 2476 τῶν
3290 2423 3665 2493 ἁμαρτόντων,
3698 2422 3792 2474 καὶ
3851 2439 4026 2492 προσ-

2452 2516 2848 2585 κεκρουκότων,
2883 2516 3087 2584 ἐπάγη,
3117 2518 3211 2568 καὶ
3256 2516 3433 2568 πάντα
3498 2514 3783 2584 πνεύματα
3813 2514 4025 2578 ἑνώσας

2450 2606 2724 2676 ἀλλήλοις.
2761 2607 2858 2659 καὶ
2887 2605 2964 2675 τῷ
2998 2605 3187 2675 Κυρίῳ
3214 2605 3528 2674 συνέδησεν.

2525 2703 2621 2759 ις’.
2650 2698 2863 2766 Ὅσπερ
2896 2695 2959 2766 [f.
2988 2696 3222 2767 Ὥσπερ]
3250 2697 3380 2764 ὕψος
3407 2697 3545 2765 ἔχει,
3576 2696 3668 2748 καὶ
3706 2694 3886 2765 βάθος,
3927 2694 4023 2747 καὶ

2453 2787 2552 2857 τὴν
2572 2787 2664 2839 ἐπὶ
2690 2786 2888 2848 πλάτος
2918 2785 3255 2852 ἑκατέρωθεν
3287 2785 3506 2838 ἔκτασιν
3533 2802 3547 2816 ο
3581 2784 3724 2838 οὕτω
3749 2784 3816 2837 τά
3853 2784 4022 2853 οὐρά-

2454 2895 2564 2944 νια,
2619 2878 2715 2932 καὶ
2764 2879 2834 2930 τά
2881 2879 3121 2946 ἐπίγεια,
3173 2877 3280 2929 ἀπὸ
3331 2878 3606 2930 ἀνατολῶν
3651 2877 3802 2946 ἡλίου
3856 2875 4023 2945 μέχρι

2453 2969 2674 3040 δυσμῶν
2705 2968 2926 3040 Χριστῷ
2970 2968 3293 3036 συναγαγὼν
3323 2969 3401 3038 τῷ
3427 2968 3711 3022 τᾶπάντα
3750 2967 4022 3031 κτίσαντι,

2458 3064 2543 3115 ἴνα
2580 3063 2778 3132 μηκέτι
2826 3061 2918 3114 δύο
2957 3061 3163 3123 κτίσεις
3197 3054 3351 3123 ὦσιν,
3393 3060 3614 3127 ἄγγελοι
3657 3060 3748 3111 καὶ
3777 3059 3885 3110 υἱοὶ
3924 3059 4023 3110 άν-

2457 3153 2712 3221 θρώπων,
2779 3151 3115 3220 σαλευόμενα
3167 3151 3262 3203 καὶ
3311 3152 3384 3220 μὴ
3433 3151 3788 3220 σαλευόμενα.
3838 3149 3907 3202 τὰ
3965 3151 4026 3202 ἐν

2452 3243 2666 3315 οὖρανῷ
2701 3242 2795 3296 καὶ
2823 3241 2892 3296 τά
2942 3243 3032 3294 ἐπὶ
3072 3242 3169 3311 τῆς
3207 3241 3332 3310 γῆς,
3375 3241 3442 3294 τὰ
3479 3242 3644 3308 ἐγγὺς
3690 3240 3783 3292 κα)⁸
3808 3240 3877 3292 τὰ
3915 3256 4026 3307 μαο

2457 3336 2613 3405 κρὰν,
2661 3335 2796 3388 ἀλλὰ
2840 3334 2937 3404 μία
2986 3335 3165 3397 κτίσις
3227 3334 3443 3387 πάντων
3489 3335 3547 3386 ὲν
3587 3333 3807 3404 Χριστῷ
3856 3350 4028 3385 καινιο

2457 3429 2687 3481 σθέντων
2728 3423 2794 3497 ἧν
2827 3426 2890 3498 If.
3039 3427 3210 3478 πάντα
3258 3425 3334 3496 μὴ
3409 3425 3764 3496 σαλευόμενα,
3809 3426 3902 3477 καὶ
3927 3425 4024 3477 ού-

2458 3521 2616 3589 ράνια
2658 3519 2752 3572 καὶ
2795 3519 3105 3586 ἐγγίζοντα.
3155 3517 3393 3569 Τοιαῦτα
3431 3516 3526 3569 τοῦ
3565 3517 3801 3587 σταυροῦ
3831 3519 3898 3569 τά
3927 3534 4027 3585 χα-

2459 3613 2721 3683 ρίσματα,
2771 3611 2870 3679 οὐχ
2923 3607 3070 3672 ἆπαξ
3101 3609 3260 3675 μόνον
3290 3609 3580 3677 γενόμενα,
3623 3608 3742 3660 οὐδὲ
3783 3608 4026 3675 φανέντα

2457 3703 2592 3773 πρὸς
2618 3703 2835 3772 μικρὸν,
2876 3700 2990 3753 ἀλλ’
3032 3699 3119 3752 ἀεὶ
3156 3699 3250 3752 καὶ
3280 3700 3541 3768 γινόμενα
3571 3700 3665 3752 καὶ
3693 3700 4026 3767 φαινόμενα,

2456 3795 2549 3847 καὶ
2570 3795 2628 3847 τὸ
2666 3794 2951 3864 μεγαλεῖον
2990 3792 3082 3845 τοῦ
3119 3793 3175 3844 ὲν
3211 3792 3357 3861 αύτῷ
3388 3792 3486 3861 τὴν
3523 3793 3798 3861 σωτηρίαν
3826 3794 4026 3861 εἰργα-

2456 3885 2651 3953 σμένου
2704 3883 3040 3952 κηρύττοντα
3075 3897 3085 3910 ·
3125 3882 3244 3935 τότε
3301 3881 3476 3950 μόνως
3552 3883 3890 3950 παυσάμενα,
3931 3880 4026 3934 ὅτε

2449 3977 2540 4030 καὶ
2593 3978 2625 4046 ἡ
2684 3974 2778 4027 τοῦ
2816 3971 2950 4025 Θεοῦ
3003 3971 3291 4041 ἀσθενήσει
3344 3970 3596 4040 δύναμις.
3651 3971 3794 4031 Ἕως
3861 3972 3906 4022 δ’
3955 3971 4030 4024 ἂν

2448 4070 2629 4138 ἐκείνη
2671 4067 2961 4136 ἡδύναμις
3005 4065 3161 4135 μένῃ,
3193 4064 3286 4116 καὶ
3333 4064 3400 4116 τὰ
3441 4063 3641 4130 ἀσθενῆ
3673 4063 4022 4131 ένισχύουσα,

2449 4164 2541 4214 καὶ
2593 4161 2682 4213 τὸν
2738 4159 2971 4228 σταυρὸν
3044 4156 3153 4209 ῐσθι
3198 4155 3424 4209 τοιαῦτα
3474 4157 3568 4209 καὶ
3618 4155 3853 4208 τοσαῦτα
3909 4159 4024 4218 τοῖς

2451 4250 2777 4319 σωζομένοις
2797 4248 3095 4316 δυνάμενον
3128 4263 3141 4276 ·
3176 4241 3254 4308 οἷς
3287 4247 3381 4298 καὶ
3407 4247 3663 4313 δύναμιν
3705 4241 3844 4298 εἶναι
3870 4246 4022 4300 Θεοῦ

2447 4341 2630 4393 τοῦτον
2663 4341 2927 4409 μαρτυρεῖ
2954 4341 2983 4391 6
3022 4337 3360 4399 Ἀπόστολος.
3380 4336 3434 4388 Ὀ
3457 4339 3647 4402 Λόγος
3672 4337 3800 4407 γὰρ,
3829 4340 4019 4406 φησὶν,

2448 4436 2480 4486 0'
2535 4432 2640 4486 τοῦ
2700 4431 2986 4498 σταυροῦ,
3026 4431 3150 4496 τοῖς
3192 4430 3308 4498 μὲν
3344 4428 3786 4496 ἀπολλυμένοις
3829 4431 4021 4496 μωρία

784 4526 928 4578 enim
971 4523 1016 4557 ³³
1051 4541 1066 4579 :
1102 4523 1325 4577 Verbum
1374 4510 1546 4576 crucis
1577 4519 1906 4587 pereuntibus
1953 4519 2182 4575 stultitia
2232 4534 2344 4578 est:
2378 4538 2460 4592 οι

2343 4538 2420 4592 ηι)
2449 4524 2620 4577 ἐστί·
2661 4522 2782 4588 τοῖς
2839 4520 2907 4574 δὲ
2960 4521 3310 4592 σωζομένοις
3363 4521 3505 4589 ἡμῖν
3553 4519 3803 4590 δύναμις
3865 4520 4019 4575 Θεοῦ

784 4619 933 4671 nobis
964 4632 1088 4669 vero
1121 4619 1211 4685 qui
1239 4616 1528 4678 salvantur,
1557 4613 1650 4665 Dei
1679 4613 1865 4665 uirtus.

861 4710 942 4763 l7.
978 4706 1214 4763 Vocatur
1241 4705 1430 4762 eadem
1459 4720 1592 4759 crux
1624 4705 1690 4758 ab
1723 4704 1806 4758 his
1835 4705 1927 4774 qui
1962 4719 2155 4760 nomen
2186 4721 2342 4760 suum

785 4807 839 4858 in
864 4801 1062 4856 Christi
1092 4800 1340 4854 militiam
1373 4798 1659 4860 dederunt,
1683 4806 1962 4849 armatura
1988 4797 2135 4852 bona
2160 4800 2345 4853 volun-

786 4894 910 4946 tatis
933 4891 997 4954 “,
1040 4904 1145 4958 qua
1175 4889 1318 4942 Deus
1352 4887 1458 4941 illis
1498 4885 1712 4956 benigne
1753 4885 1924 4954 facere
1967 4886 2186 4952 statuit,
2218 4887 2342 4940 data

786 4993 840 5036 et
869 4993 1084 5036 coronae
1109 4980 1228 5034 loco
1256 4978 1517 5034 adversus
1551 4980 1767 5042 hostes;
1803 4976 1963 5031 simul
1991 4977 2132 5029 enim
2167 4989 2342 5030 armat

783 5081 836 5126 ct
865 5075 1089 5125 coronat
1118 5087 1132 5123 :
1165 5066 1311 5136 quod
1342 5080 1442 5120 nos
1475 5065 1703 5133 ipsemet
1734 5062 1898 5114 David
1933 5062 2108 5115 docet.
2142 5059 2338 5114 Eadem

784 5163 1016 5231 signatio
1045 5169 1128 5214 est
1166 5157 1488 5212 timentibus
1519 5154 1718 5220 Deum,
1747 5153 1950 5223 quique
1987 5167 2114 5206 suas
2147 5167 2340 5206 carnes

787 5253 1086 5321 conligunt.
1115 5250 1234 5305 Non
1271 5249 1417 5303 enim
1451 5248 1612 5300 aliam
1650 5254 1834 5298 notam
1873 5243 2106 5307 habent,
2137 5258 2198 5297 ex
2235 5259 2340 5314 qua

784 5342 849 5396 ad
893 5341 1170 5396 Christum
1213 5341 1489 5410 pertinere
1531 5336 1780 5405 dignosci
1817 5342 2050 5405 queant,
2088 5349 2247 5404 quam
2291 5337 2336 5390 si

857 5480 900 5509 ³⁸
933 5475 1162 5545 Philipp.
1197 5487 1279 5531 tn.
1317 5473 1398 5525 ιι).
1478 5469 1523 5502 ⁸³
1561 5467 1579 5521 1
1611 5468 1738 5523 Cor.
1763 5486 1798 5533 ι,
1830 5469 1914 5522 l8.

2445 4617 2596 4670 ἐστι.

2520 4709 2606 4773 ις’.
2650 4702 2816 4770 Οὗτος
2887 4706 2981 4760 καὶ
3031 4706 3222 4759 ὅπλον
3272 4706 3551 4770 εὐδοκίας
3603 4705 3846 4758 καλεῖται
3900 4708 4018 4768 τοῖς

2446 4799 2678 4870 Χριστοῦ
2708 4796 3083 4868 στρατιώταις,
3112 4793 3192 4859 οἷς
3218 4798 3410 4860 αὐτοὺς
3530 4794 3714 4867 αὐτὸς]
3746 4797 4012 4863 ἀγασθῦ-

2445 4908 2544 4946 ναι
2594 4890 2656 4960 If.
2706 4888 3018 4960 άταθῦναι]
3075 4890 3214 4943 θέλει
3246 4889 3398 4953 Θεὸς,
3431 4890 3702 4957 διδόμενον
3738 4890 3830 4941 καὶ
3866 4896 4014 4942 κατὰ

2446 4983 2554 5033 τῶν
2575 4981 2784 5051 ἐχθρῶν
2807 4983 3086 5049 στέφανος⁹
3114 4981 3227 5047 ἅμα
3250 4981 3354 5050 γὰρ
3378 4980 3583 5044 ὁπλίζει
3615 4982 3706 5033 καὶ
3729 4985 4010 5048 στεφανοῖο

2449 5070 2544 5123 καὶ
2603 5069 2762 5122 τοῦτο
2820 5069 2972 5137 παρὰ
3026 5068 3187 5121 Δαυῖδ
3246 5069 3625 5135 διδασκόμεθα.
3690 5063 3856 5130 05:0;
3911 5071 4012 5122 καί

2449 5160 2744 5230 σημείωσις
2796 5163 2906 5222 τοῖς
2949 5159 3301 5228 φοδουμένοις
3329 5160 3418 5212 τὸν
3451 5161 3602 5224 Θεὸν,
3634 5161 3725 5212 καὶ
3755 5159 4010 5229 καθηλω-

2450 5251 2630 5320 μένοις
2663 5252 2759 5312 τὰς
2783 5251 3010 5319 σάρκας.
3042 5252 3118 5303 οο
3166 5251 3273 5319 γάρ
3314 5250 3531 5303 ἄλλοθεν
3554 5251 3733 5308 αὐτοῖς
3767 5249 3826 5302 τὸ
3864 5248 4010 5315 γνώ-

2449 5359 2640 5412 ρισμα,
2711 5344 2793 5395 ὅτι
2852 5341 3086 5411 Χριστοῦ
3133 5343 3288 5406 εἰσιν,
3334 5341 3367 5411 ἢ
3417 5342 3477 5394 ὲκ
3530 5341 3622 5394 τοῦ
3671 5341 3769 5411 τὴν
3822 5339 4010 5411 σάρκα

2029 5467 2072 5498 ³⁵
2101 5467 2298 5537 Epltcs.
2324 5488 2398 5539 Vl,
2426 5475 2510 5529 il.

1963 5583 2159 5644 Varie:
2199 5585 2498 5652 lectiones
2544 5598 2606 5653 et
2646 5599 2836 5655 nolm.

861 5715 1041 5789 (5)1ta
1068 5719 1295 5786 suppleo
1321 5734 1384 5773 ex
1433 5721 1750 5788 conjectura
1808 5721 2162 5775 lacuuulam:
2217 5733 2344 5789 puto

793 5787 938 5844 enim
1000 5788 1051 5840 iu
1104 5791 1439 5860 autographo
1488 5787 1760 5848 exstitisse
1809 5790 1993 5858 ὄγκον,
2031 5791 2162 5846 adeo
2191 5787 2245 5846 ut
2288 5799 2340 5848 in

2451 5719 2637 5796 codice
2697 5733 2805 5772 non
2862 5717 3115 5782 defuerit,
3175 5716 3276 5770 nisi
3333 5715 3503 5786 prima
3581 5715 3784 5785 syllaba
3849 5715 4013 5774 ist'us

2450 5803 2618 5842 VUCIS.
