4244 6436
172 427 270 492 121

1158 419 1442 479 ΟΠΛΤΙΟ
1485 419 1559 480 ΙΝ
1596 419 2139 481 ADORATIONEM
2180 425 2479 484 CRUCIS.

3330 417 3430 486 122

167 534 486 603 σταυρτσαι
547 533 660 593 τοῖς
737 529 1024 598 παθήμασι
1080 530 1172 582 καὶ
1226 532 1358 592 ταῖς.
1404 529 1740 599 ἐπιθυμίαις,
1776 539 1814 588 Λ

1776 539 1814 588 Λ
1847 547 2063 585 carnem
2098 549 2218 586 cum
2251 536 2393 589 vitiis
2429 545 2480 589 et
2512 535 2975 602 concupiscentiis
2996 533 3314 604 cruciﬁgant
3343 534 3424 584 ἐς

167 629 265 679 καὶ
303 625 578 695 μαρτυρεί
610 620 819 684 Παῦλος
869 621 1056 691 ὥσπερ
1115 622 1219 673 τινὶ
1269 621 1530 690 βασιλικῷ
1574 638 1751 690 παρα-

171 719 335 786 σήμῳ
399 715 575 783 τούτῳ
640 712 1044 781 καυχώμενος·

170 812 288 862 κέτι
324 807 558 868 Παῦλος,
598 805 734 860 άλλά
760 805 993 874 Χριστὸς
1035 803 1452 873 γνωριζόμενος.
1491 801 1581 855 Ζῶ
1615 804 1744 872 γὰρ,

171 902 288 968 ἐγὼ
338 900 451 951 οὐκ
503 898 610 958 ἔτι,
647 896 779 964 φησί
812 913 824 925 ν
872 893 937 961 ζῇ
967 895 1034 947 δὲ
1063 896 1130 948 ἐν
1167 894 1293 963 ἐμοὶ
1335 895 1608 962 Χριστός.
1645 895 1751 946 Καὶ

169 990 331 1043 τοῦτο
363 985 431 1057 ἦν
464 988 572 1056 ἄρα
604 988 631 1039 δ
669 988 762 1040 καὶ
796 988 824 1040 δ
855 987 1057 1056 Κύριος
1109 985 1322 1056 εἴρηκε,
1367 985 1428 1036 τὸ
1475 985 1585 1036 δεῖν
1621 985 1750 1036 ὲαυ-

168 1082 262 1132 τὸν
303 1080 669 1148 ἀπαρνεῖσθαι
706 1082 796 1132 τὸν
838 1079 1068 1148 σταυρὸν
1110 1079 1350 1146 αἴροντα,
1399 1079 1489 1129 τὸν
1529 1074 1753 1129 ἀκολου-

171 1173 290 1224 θεῖν
351 1172 733 1242 προελόμενον.
794 1165 958 1222 Dii-:0:
1003 1169 1098 1221 καὶ
1138 1169 1296 1234 σοφία
1337 1167 1492 1231 Θεοῦ,
1535 1167 1635 1220 κᾶν
1679 1167 1753 1229 ὡς

175 1263 358 1332 μωρία
381 1265 492 1323 τοῖς
523 1262 688 1328 Ἕλλη
699 1278 750 1314 σι
771 1259 1143 1328 διαδάλληται.
1193 1257 1266 1310 τὸ
1287 1258 1397 1324 γὰρ
1419 1259 1753 1324 μωρότερον

172 1356 278 1409 τοῦ
304 1355 474 1419 Θεοῦ,
499 1355 840 1422 σοφώτερον
866 1350 984 1404 τῶν
1011 1348 1338 1417 ἀνθρώπων
1363 1348 1554 1402 ἐστίν.
1586 1343 1751 1413 Οὗτος

173 1450 270 1500 καὶ
300 1445 634 1499 ὑποπόδιον
659 1442 776 1497 τῶν
804 1440 1026 1503 ποδῶν,
1065 1441 1140 1502 ὡς
1169 1439 1267 1507 τῆς
1301 1440 1565 1508 ὲνσάρκου
1612 1455 1752 1508 παρ·

172 1539 363 1600 ουσίας
396 1536 765 1594 κατάπαυσις.
803 1533 912 1585 Καὶ
961 1531 1124 1591 τόπος
1147 1523 1207 1582 οῦ
1240 1529 1471 1598 Εστησαν
1498 1530 1546 1580 οἱ
1593 1528 1752 1590 πόδες

176 1627 406 1697 κυρίου,
434 1625 530 1677 καὶ
554 1626 622 1676 τὰ
659 1625 798 1693 πρὸς
832 1624 930 1688 τὴν
971 1621 1249 1690 ἡμετέραν
1287 1619 1563 1688 σωτηρίαν
1599 1619 1752 1687 κινή-

179 1737 363 1791 ματα·
402 1720 456 1771 τί
489 1719 598 1786 γάρ
625 1718 732 1770 ἔδει
763 1714 1030 1769 κινεῖσθαι
1058 1713 1246 1766 λοιπὸν
1295 1713 1428 1782 πρὸς
1473 1712 1533 1764 τὸ
1577 1713 1752 1780 τέρμα

174 1813 482 1880 φθάσαντα,
515 1809 734 1878 καὶτῆς
777 1807 1047 1878 σωτηρίας
1092 1805 1546 1876 ἱξειργασμένης,
1581 1803 1648 1857 δι’
1685 1804 1751 1875 ἢν

175 1908 209 1974 ἡ
244 1905 372 1973 νίκη
406 1923 422 1970 ;

250 1994 343 2065 ιη’.
361 1995 526 2048 Ἀλλὰ
547 1993 657 2065 γὰρ
683 1993 870 2062 μηδεὶς
895 1988 1297 2053 άπολειπέσθω,
1324 1990 1465 2060 μήτε
1486 1988 1583 2056 τῆς
1607 1986 1755 2054 θέας,

179 2092 318 2160 μήτε
377 2088 476 2157 τῆς
511 2084 878 2146 ὑποπτὼσεώς
922 2101 980 2136 τε
1028 2083 1122 2137 καὶ
1170 2083 1637 2152 προσκυνήσεωςο
1691 2083 1757 2151 τῇ

185 2183 286 2254 μὲν
333 2180 701 2248 ἀγιαζὸμενος
751 2175 1087 2245 ὀφθαλμοὺς,
1123 2177 1188 2244 τῇ
1217 2175 1273 2227 δὲ
1301 2175 1366 2228 τα
1410 2173 1573 2226 λοιπὰ
1624 2173 1756 2241 μέλη

178 2274 493 2344 κλινόμενα,
526 2273 592 2342 τῇ
622 2270 679 2322 δι
710 2268 806 2323 καὶ
860 2267 926 2320 τά
951 2267 1105 2336 χείλη
1133 2263 1537 2335 προσψαύοντα.
1574 2260 1760 2328 Ἀγια-

178 2365 358 2430 (iian
427 2366 518 2416 καὶ
573 2359 788 2430 γλῶττα
818 2359 852 2428 ἡ
883 2374 940 2410 τε
978 2355 1240 2428 ᾁδουσαὴ
1299 2371 1360 2408 τε
1415 2352 1758 2408 διδάσκουσα.

193 2453 530 2522 ’Δγιαζέσθω
565 2451 660 2505 καὶ
707 2449 846 2518 ἀκοὴ
888 2448 954 2502 τά
1004 2446 1099 2502 τοῦ
1141 2444 1375 2517 σταυροῦ
1401 2442 1760 2514 ινηχουμένη,

180 2550 274 2602 καὶ
304 2550 372 2614 τῇ
407 2543 613 2614 διανοίᾳ
640 2539 1146 2611 διαπορθμεύσασα.
1173 2537 1436 2598 Βασιλεὺς
1464 2530 1514 2588 εἷ
1541 2552 1556 2598 ;
1586 2533 1763 2603 Πρόσ-

1113 714 1204 765 καὶ
1268 712 1354 766 διὰ
1424 713 1582 765 τοῦτο
1644 728 1800 781 μη-.

1853 624 2008 691 cujus
2064 625 2136 678 rei
2181 628 2332 679 testis
2377 626 2607 688 Paulus.
2651 629 2740 695 qui
2789 641 2954 679 cruce
2988 635 3249 694 tanquam
3283 626 3429 691 regio

1852 715 2088 783 quodam
2133 715 2334 784 insigni
2379 719 2663 784 gloriatur,
2705 727 2755 770 et
2785 725 3009 785 propter
3041 717 3284 769 eamdem
3317 714 3427 781 jam

1853 821 1960 857 non
1995 805 2216 868 Paulus,
2253 806 2344 858 sed
2382 806 2782 876 quodammodo
2815 806 3066 860 Christus
3104 805 3217 872 ipse
3253 812 3334 857 est
3361 803 3427 856 ⁸³.

1860 891 2007 956 Vivo,
2042 898 2232 965 inquit,
2261 896 2374 964 jam
2403 914 2505 948 non
2533 914 2642 964 ego,
2680 899 2798 949 vivit
2821 913 2937 949 vero
2967 899 3017 948 iu
3056 912 3134 948 me
3166 892 3429 949 Christus.

1855 989 1918 1041 Et
1957 991 2057 1042 hoc
2100 991 2228 1042 illud
2259 993 2432 1058 ipsqu
2472 998 2585 1052 est,
2621 990 2762 1056 quod
2801 999 2852 1042 et
2891 990 3145 1041 Christus
3178 988 3427 1040 dixerat:

1855 1089 2067 1148 oportet
2107 1083 2389 1143 videlicet,
2426 1094 2482 1135 ut
2519 1086 2756 1150 seipsqu
2793 1082 3054 1147 abneget,
3089 1081 3179 1148 qui
3215 1095 3429 1133 crucem

1857 1173 2074 1234 tollere,
2110 1189 2277 1242 seque
2309 1175 2460 1240 sequi
2500 1174 2684 1240 cupiat
2711 1173 2775 1224 ³⁷.
2812 1173 3014 1226 Eadem
3052 1189 3181 1225 crux
3220 1171 3312 1224 Dei
3346 1187 3433 1224 sa-

1854 1265 2054 1334 pientia
2076 1274 2175 1328 est,
2200 1264 2322 1317 licet
2346 1264 2413 1317 ab
2439 1265 2747 1317 inlidelibus
2773 1277 2830 1316 ut
2852 1265 3078 1317 stultitia
3109 1263 3430 1316 uideatur”.

1855 1354 2006 1420 Quod
2030 1357 2163 1406 enim
2190 1356 2414 1406 stultum
2446 1363 2518 1406 est
2546 1353 2660 1415 Dei,
2687 1339 2978 1421 sapientius
3004 1365 3078 1406 est
3106 1352 3430 1406 hominibus.

1854 1445 2076 1502 Eadem.
2107 1445 2394 1498 scabellum
2440 1447 2626 1513 pedum
2660 1457 2736 1498 est
2763 1446 2827 1508 ³³,
2873 1450 3028 1513 quasi
3067 1447 3280 1511 requies
3307 1445 3427 1510 ejus

1853 1536 1944 1604 qui
1978 1551 2070 1603 per
2101 1536 2531 1590 incarnationem
2565 1538 2630 1591 ad
2662 1553 2759 1590 nos
2794 1537 3036 1596 advenit,
3073 1548 3124 1588 et
3156 1539 3306 1588 locus
3335 1536 3425 1588 ιιιιί

1855 1635 2117 1683 steterunt
2159 1629 2322 1697 pedes
2361 1629 2609 1693 Domini,
2645 1638 2695 1683 et
2742 1630 3006 1696 profectio
3041 1644 3333 1697 motusque
3365 1630 3430 1679 ait

1855 1731 2099 1776 nostram
2129 1720 2382 1776 salutem.
2418 1719 2558 1784 Quid
2601 1721 2745 1774 enim
2781 1737 2918 1789 opus
2952 1729 3067 1774 erat
3101 1729 3157 1772 ut
3200 1718 3433 1785 amplius

1855 1824 2188 1874 moveretur,
2217 1812 2308 1880 qui
2339 1811 2450 1879 jam
2476 1813 2540 1863 ad
2575 1809 2742 1865 linem
2780 1821 3147 1880 processerat,
3171 1813 3434 1864 salutem-

1858 1920 1983 1976 que.
2021 1920 2114 1973 per
2143 1919 2304 1974 quam
2330 1904 2561 1958 victoria
2594 1905 2760 1966 venit,
2787 1905 2898 1972 jam
2927 1903 3268 1973 perfecerat?

1932 1997 2018 2051 18.
2060 1997 2127 2048 At
2160 2011 2318 2050 nemo
2363 2012 2541 2065 neque
2574 1996 2640 2048 ab
2678 1997 2871 2049 intuitu
2908 2011 3080 2063 neque
3115 2011 3142 2046 a
3180 1996 3436 2063 provolu-

1861 2088 2008 2141 tione
2052 2095 2103 2139 et
2130 2083 2452 2141 adoratione
2489 2088 2836 2149 excludatur,
2869 2087 2962 2139 illo
2996 2085 3213 2154 quidem
3246 2087 3435 2139 oculos

1861 2178 2210 2241 sanctiﬁcans
2234 2217 2247 2241 ,
2291 2178 2379 2230 illa
2415 2179 2656 2231 membra
2690 2176 2880 2230 inﬂexa
2913 2185 2965 2230 et
3003 2177 3295 2239 inclinata,
3335 2175 3438 2229 hac

1861 2283 1992 2324 Vero
2019 2271 2168 2324 labra
2201 2285 2418 2323 crucem
2455 2269 2798 2336 attingentia.
2835 2268 3220 2320 Sanctilicetur
3249 2275 3302 2320 et
3334 2267 3430 2320 lin-

1861 2373 1987 2434 gua,
2019 2368 2129 2414 tam
2167 2375 2288 2428 quae
2321 2360 2487 2421 canit,
2530 2375 2690 2428 quam
2729 2375 2849 2428 qua:
2889 2359 3070 2412 docet.
3109 2357 3437 2414 Sanctiﬁce-

1869 2460 1958 2502 tur
1988 2459 2040 2503 et
2085 2449 2304 2504 auditus
2347 2448 2580 2503 canticis
2618 2449 2800 2502 crucis
2841 2449 3127 2518 pulsatus,
3168 2462 3342 2515 caque
3371 2450 3438 2500 ad

1866 2552 2099 2596 mentem
2133 2540 2530 2596 transmittens.
2563 2539 2675 2593 Rex
2706 2539 2804 2593 es?
2832 2539 3042 2594 Accede
3071 2539 3135 2592 ad
3161 2550 3437 2606 sceptrum

183 2640 302 2694 ελσε
328 2638 408 2707 (4)
438 2636 517 2705 τῷ
553 2637 816 2705 σκήπτρῳ
842 2631 1102 2702 Χριστοῦ,
1136 2631 1276 2701 μάθε
1314 2628 1540 2683 σεαυτὸν
1581 2626 1765 2680 δοῦλον

1865 2630 2089 2696 Christi,
2129 2644 2359 2700 agnosce
2393 2639 2444 2684 te
2482 2641 2699 2685 Servum
2727 2646 2846 2684 esse
2889 2631 3068 2700 pretio
3097 2645 3293 2697 magno
3327 2644 3441 2683 em-

185 2732 352 2799 τιμῆς
407 2726 805 2797 άγορασθέντα.
862 2725 967 2778 Τὸν
1012 2721 1294 2792 Δεσπότην
1346 2718 1630 2789 ὲπίγνωθι,
1691 2717 1766 2780 ὡς

1869 2734 2042 2796 ptum.
2095 2723 2343 2795 Agnosco
2391 2719 2722 2787 Dominum,
2775 2723 2983 2792 tibique
3031 2723 3350 2790 subjectos,
3384 2729 3445 2774 ut

185 2821 518 2892 ὁμοδούλους
577 2820 680 2889 δρα
721 2818 847 2878 τοὺς
885 2815 990 2869 ὑπὸ
1047 2817 1204 2886 χεῖρα
1233 2828 1248 2844 ο
1300 2812 1383 2866 ivi.
1429 2811 1539 2883 γάρ
1577 2811 1766 2880 αἵματι

1870 2830 2183 2877 conservos.
2207 2821 2402 2869 tracta.
2427 2811 2547 2866 Uno
2571 2814 2712 2868 enim
2742 2815 3006 2882 sanguine
3037 2815 3204 2881 empti
3230 2828 3442 2867 sumus.

186 2911 500 2981 ἐωνήμεθα.
561 2910 714 2964 Μάθε
757 2909 817 2960 τὸ
865 2908 1186 2978 τιμώμενον
1212 2906 1311 2974 τῆς
1361 2902 1636 2972 βασιλείας
1687 2916 1768 2953 σοι

1870 2905 2171 2961 Considera
2209 2904 2693 2959 honoratissimum
2732 2905 2932 2973 regalis
2974 2905 3260 2974 dignitatis
3295 2903 3447 2958 babi—

191 3007 381 3074 σχῆμα
405 3005 462 3054 tv
491 3001 570 3072 τῷ
591 3001 770 3071 καιρῷ
795 3000 890 3053 τοῦ
917 2999 1151 3068 σταυροῦ
1176 2998 1506 3067 παιζόμενον
1527 3013 1542 3027 ·
1572 2995 1661 3046 τὸν
1695 2993 1767 3044 λι·-

1873 3007 1985 3052 tum
2019 3008 2259 3068 tempore
2301 3001 2484 3051 crucis
2524 2997 2778 3062 illusum,
2818 3011 3190 3065 coronamque
3221 2996 3447 3067 gemmis

191 3092 518 3160 θοκόλλητον
568 3091 835 3158 στέφανον
877 3091 1141 3151 ἀκάνθαις
1203 3088 1298 3141 καὶ
1345 3087 1640 3160 μερίμναις
1684 3087 1772 3137 ὲκ-

1874 3093 2211 3154 distinctam,
2241 3091 2415 3160 spinis
2449 3099 2502 3144 et
2533 3092 2684 3145 curis
2712 3102 3113 3161 exasperatam,
3145 3101 3449 3158 putansque

188 3184 596 3256 τραχυνόμενον
618 3200 631 3215 ·
661 3183 724 3236 τὸ
757 3183 982 3236 δυνατόν
1014 3198 1096 3235 σοι
1127 3181 1427 3251 σκῆπτρον,
1458 3179 1552 3233 καλ⁵
1595 3177 1772 3275 πάντα
1800 3217 1841 3275 c

1800 3217 1841 3275 ο
1879 3193 2026 3236 tuum
2071 3192 2348 3250 sceptrum
2412 3191 2467 3235 et
2499 3198 2715 3235 onmem
2757 3183 2991 3250 speciem
3045 3197 3164 3235 esse
3207 3180 3448 3249 fragilem

189 3280 384 3341 τύπον,
422 3275 670 3327 διάκενον
716 3274 997 3340 κάλαμονο
1035 3273 1134 3339 τὴν
1171 3270 1481 3341 πορφύραν,
1526 3267 1609 3336 ἐφ’
1707 3269 1770 3320 σὺ
1803 3262 1841 3275 “’”

1803 3262 1841 3275 “
1874 3279 1927 3326 et
1974 3271 2186 3324 inanem
2236 3269 2593 3336 arundinem;
2641 3287 2937 3340 purpuram
2983 3272 3054 3324 ob
3093 3287 3253 3340 quam
3297 3270 3451 3323 valde

199 3370 340 3440 μέγα
401 3368 598 3434 φυσᾷς,
641 3364 923 3435 ἀλλότριον
980 3364 1205 3432 ἀγαθὸν,
1257 3363 1354 3415 καὶ
1404 3360 1465 3425 ἐξ
1490 3360 1718 3429 αἵματος
1751 3374 1766 3390 ο

195 3457 531 3529 στρατιῶται
559 3454 669 3524 γάρ
701 3470 782 3507 σοι
836 3453 1038 3524 ταύτην
1071 3452 1446 3522 περιτιθέασι·
1481 3450 1578 3511 τὰς
1614 3466 1771 3516 γονυ-

193 3551 480 3619 πετὴσεις,
508 3547 573 3609 ἃς
616 3547 768 3616 δέχῃ,
820 3549 915 3598 καὶ
953 3547 1053 3606 τὰς
1095 3544 1371 3613 εὐφημίας
1409 3541 1773 3602 ἐπιπλάστους

195 3642 292 3700 τὰς
339 3640 583 3700 πλείους,
625 3637 719 3688 καὶ
768 3636 921 3704 παρὰ
949 3633 1156 3687 τούτων
1189 3633 1237 3685 οἳ
1268 3633 1365 3703 τὴν
1404 3633 1502 3704 σὴν
1537 3632 1776 3699 κεφαλὴν

195 3733 296 3800 οὐχ
325 3732 476 3790 ὅπως
505 3728 674 3798 ἡδέως
695 3726 942 3793 τύψαιεν,
975 3725 1108 3778 ἀλλὰ
1138 3725 1233 3777 καὶ
1248 3725 1399 3793 ἣδιον
1421 3723 1774 3792 ἀποκόψαιεν.

197 3820 389 3874 Ταῦτα
419 3819 512 3871 τὶν
557 3817 792 3886 σταυρὸν
831 3815 1151 3886 προσκυνῶν
1187 3815 1487 3884 διδάχθητι.
1537 3817 1627 3867 Δεῖ
1669 3817 1777 3883 γὰρ

198 3908 344 3964 εἷναι
377 3909 643 3962 σπουδαῖα
680 3912 738 3959 ὲν
783 3908 858 3977 τῷ
891 3907 1113 3977 Χριστῷ
1165 3909 1258 3958 καί
1292 3909 1360 3958 τὰ
1391 3906 1639 3974 παίγνια,
1685 3907 1779 3958 καὶ

202 4002 472 4058 πάντοθεν
501 4001 645 4071 ἡμᾶς
682 3999 761 4070 τῷ
789 3999 932 4069 λόγῳ
956 3999 1326 4052 διδάσκεσθαι.

274 4178 364 4232 ιϐ’.
399 4176 744 4244 Στρατιὼτης
787 4176 1054 4247 ἑτάχθηςς
1090 4176 1236 4230 Λάϐε
1281 4176 1341 4228 τὸ
1396 4177 1496 4245 τῆς
1538 4175 1784 4238 εὐδοκίας

201 4269 370 4324 ὅπλον
386 4268 492 4320 τοῦ
509 4268 722 4334 φυγεῖν
737 4267 854 4319 ἀπὸ
871 4267 1194 4334 προσώπου
1211 4266 1412 4331 τόξου,
1435 4267 1543 4318 εττε
1559 4267 1652 4318 τοῦ
1667 4283 1788 4335 νοη-

202 4360 321 4419 τοῦ.
347 4361 442 4413 καὶ
462 4359 552 4410 τὸν
582 4356 645 4429 [Ῑ.
673 4356 759 4429 τὸ]
785 4359 1070 4426 νοούμενον
1096 4358 1251 4429 ἡμῶν
1275 4358 1577 4428 βάλλοντος,
1600 4360 1692 4410 καὶ
1720 4360 1782 4428 τῇ

204 4450 501 4520 δπιφανείᾳ
517 4448 626 4501 τῶν
647 4449 922 4518 αἰσθητῶν
946 4451 1071 4512 τοὺς
1097 4451 1172 4518 μὴ
1198 4450 1602 4521 φραττομένους
1623 4466 1788 4501 κατα·

205 4555 603 4611 τιτρωσκοντος
630 4553 646 4569 ·

209 4636 550 4702 φθείροντος.
575 4633 831 4694 Πλουτείς
849 4633 917 4684 τὰ
932 4633 1030 4701 τῆς
1059 4633 1162 4701 γῆς
1188 4633 1368 4699 ἀγαθά
1395 4649 1408 4696 ε
1431 4633 1588 4696 Δέξαι
1610 4633 1786 4701 τὴνὲκ

208 4729 305 4781 τοῦ
344 4727 579 4794 σταυροῦ
620 4727 960 4797 παραίνεσιν,
985 4727 1191 4795 γυμνὸν
1223 4726 1528 4788 δεικνύντος
1555 4728 1613 4779 ὲν
1640 4725 1787 4793 αὑτῷ

215 4822 464 4887 παγέντα
497 4819 588 4872 τὸν
619 4818 712 4870 σδν
738 4818 1076 4880 διδάσκαλον,
1113 4818 1205 4870 καὶ
1231 4811 1293 4872 οὗ
1327 4817 1616 4880 ἀκόλουθος
1650 4815 1788 4870 εἶναι

213 4913 512 4981 προσποιῇ,
547 4908 736 4961 τούτου
766 4911 858 4962 καὶ
897 4911 1009 4968 τοῖς
1047 4908 1218 4978 ῐχνεσι
1268 4909 1654 4978 προσεπίδηθι,
1694 4910 1790 4962 καὶ

211 5005 304 5056 τὸν
375 5001 575 5054 σαυτοῦ
636 5001 867 5071 σταυρὸν
919 4997 1072 5070 ἆρον,
1135 5003 1300 5052 πᾶσιν
1358 5001 1785 5067 ἀποταξάμενος.

213 5093 390 5162 Πενία
442 5092 642 5163 θλί6ῃ;
687 5093 882 5160 Ἐγγὺς
913 5093 946 5160 ἡ
978 5091 1320 5160 παράκλησις
1353 5091 1429 5160 (5)
1464 5108 1478 5122 ·
1503 5091 1632 5145 αὐτὸ
1683 5091 1791 5160 γάρ

214 5204 298 5240 σοι
327 5185 485 5238 τοῦτο
520 5186 579 5237 τὸ
620 5188 718 5252 τῆς
759 5185 948 5245 πενίας
996 5182 1156 5253 βάρος
1182 5222 1195 5242 .
1234 5183 1463 5253 σταυρὸς
1511 5183 1786 5244 ἀκούσιος.

229 5277 613 5348 ’Πγγαρεύθης
635 5280 728 5331 καὶ
754 5277 913 5338 αὑτός
945 5293 959 5341 ;
1011 5275 1145 5328 Ἀλλ’
1173 5275 1418 5329 ἑκούσιον
1463 5275 1525 5328 τὸ
1584 5275 1788 5343 ἀγαθὸν

303 5441 350 5472 ³⁸
399 5439 570 5496 Galat.
605 5456 660 5505 ν.
695 5439 781 5493 25.
859 5439 902 5471 ⁸⁸
931 5442 1052 5498 Gal.
1080 5456 1138 5504 ιι,
1167 5439 1255 5494 20.
1335 5440 1378 5471 ³⁷
1407 5437 1593 5492 Matth.
1627 5453 1740 5501 xvr,
1771 5437 1861 5491 ει.

1871 3361 2165 3421 extolleris,
2187 3361 2426 3414 alienum
2449 3377 2571 3415 esse
2595 3361 2795 3415 bonum
2819 3377 2880 3414 ex
2910 3362 3174 3428 sanguine
3200 3376 3448 3427 manans;

1873 3469 1991 3507 eam
2037 3454 2180 3507 enim
2227 3453 2430 3508 milites
2477 3453 2571 3506 tibi
2624 3453 2987 3508 circumdant.
3037 3453 3454 3509 Genullexiones

1877 3545 2076 3614 quibus
2111 3546 2400 3599 honoraris
2461 3555 2514 3600 et
2557 3547 2980 3601 acclamationes
3052 3547 3304 3600 existima
3337 3547 3451 3614 ple-

1879 3651 2076 3704 rasque
2121 3637 2374 3696 lictitias.
2418 3646 2470 3690 et
2521 3638 2589 3692 ab
2642 3638 2749 3690 illis
2800 3638 2890 3705 qui
2932 3647 3096 3707 caput
3145 3638 3296 3690 illum
3347 3653 3453 3691 non

1881 3728 2040 3783 modo
2066 3729 2293 3782 libenter
2324 3730 2696 3792 verberarem,
2726 3731 2818 3783 sed
2848 3738 2902 3782 et
2933 3739 3300 3799 amputarent.
3332 3727 3455 3782 ila‘c

1880 3822 2202 3875 documenta
2230 3821 2432 3881 discas.
2456 3820 2617 3891 465
2643 3836 2765 3872 cum
2793 3837 3009 3874 crucem
3034 3823 3254 3874 adoras.
3283 3817 3454 3888 Opor-

1883 3920 1959 3967 tet
1997 3913 2139 3966 enim
2175 3923 2234 3965 ut
2267 3920 2320 3964 et
2357 3910 2563 3964 ludicra
2596 3911 2704 3964 sint
2743 3911 2899 3964 nobis
2935 3911 2987 3963 in
3025 3911 3246 3964 Christo
3278 3912 3452 3973 seria;

1885 4009 1942 4074 ut
1979 4002 2218 4070 undique
2252 4001 2538 4054 erudiendi
2578 4002 2948 4069 nosmetipsos
2984 4002 3326 4055 occasionem
3362 4002 3458 4053 ha-

1886 4092 2133 4146 beamus.

1964 4182 2048 4235 19.
2092 4182 2242 4235 Miles
2269 4180 2367 4236 es?
2409 4181 2609 4250 Accipe
2642 4192 2974 4235 armaturam
3023 4184 3174 4235 Inonze
3214 4181 3461 4232 volunta-

1888 4278 1991 4340 tis,
2022 4288 2073 4328 ut
2110 4275 2282 4344 fugias
2314 4293 2343 4325 ιι
2381 4273 2515 4341 facie
2557 4291 2712 4326 arcus
2737 4277 2805 4334 ³ο,
2840 4277 2954 4328 sive
2979 4275 3099 4342 ejus
3127 4277 3218 4340 qui
3251 4273 3456 4324 intelli-

1889 4370 2070 4440 gentia
2107 4369 2464 4437 conspicitur,
2493 4377 2546 4420 et
2577 4368 2986 4434 intelligentiam
3020 4375 3264 4419 nostram
3296 4367 3454 4431 petit,

1889 4461 2219 4527 objectuque
2264 4469 2317 4512 et
2362 4459 2848 4526 repraesentatione
2897 4472 3076 4510 rerum
3113 4454 3458 4510 sensibilium

695 4540 804 4591 εἴτε
839 4539 930 4592 τοῦ
963 4541 1263 4610 ὁρωμένου,
1305 4542 1397 4593 καὶ
1428 4539 1489 4592 τὸ
1515 4539 1787 4610 δρώμενον
1824 4559 1863 4612 ί)
1890 4566 2080 4604 omnes
2115 4551 2251 4612 illos,
2288 4550 2371 4616 qui

1785 4560 1787 4577 ’
1824 4559 1863 4612 D
1890 4566 2080 4604 Omnes
2115 4551 2251 4612 illos,
2288 4549 2379 4616 qui
2417 4549 2605 4600 muniti
2662 4564 2768 4600 non
2809 4557 2970 4610 sunt,
3023 4547 3300 4606 vulnerat;
3345 4546 3461 4598 sive

1891 4641 2029 4709 ejus,
2055 4640 2144 4709 qni
2173 4641 2346 4692 oculis
2378 4640 2643 4699 cernitur,
2679 4649 2731 4691 et
2769 4640 2842 4700 id,
2871 4638 3014 4705 quutl
3053 4638 3155 4690 sub
3181 4646 3460 4703 aSpcctum

1889 4732 2056 4790 cadit.
2089 4730 2210 4784 ferit
2238 4739 2289 4782 et
2315 4729 2569 4785 destruit.
2609 4730 2664 4782 Si
2699 4730 3038 4782 fortunarum
3076 4730 3250 4796 copiis
3283 4728 3459 4779 abun-

1889 4820 2019 4883 das,
2066 4819 2290 4872 admitte
2321 4820 2745 4872 admonitionem
2777 4820 2982 4878 crucis,
3018 4830 3135 4884 qua:
3161 4826 3313 4868 tuum
3349 4815 3462 4866 Ma-

1891 4913 2123 4982 gistrum
2171 4912 2322 4963 cruci
2364 4910 2615 4964 sumsum
2661 4911 2902 4964 ostendit
2950 4910 3177 4969 nudum,
3215 4917 3267 4960 et
3303 4904 3461 4973 cujus

1893 5003 2065 5056 vidi-ri
2099 5004 2253 5073 cupis
2291 5012 2527 5056 sectator
2561 5012 2613 5056 et
2650 5003 2972 5068 discipulus.
3006 5001 3250 5068 ejusdem
3291 4997 3463 5050 .vesti-

1893 5095 1998 5164 giis
2030 5096 2237 5155 insiste.
2266 5104 2318 5147 et
2350 5103 2495 5147 tuam
2526 5096 2653 5148 tolle
2678 5111 2920 5154 crucem,
2947 5094 3202 5145 onmibus
3239 5089 3462 5143 relictis.

1894 5186 2203 5255 Paupertali
2227 5197 2275 5239 et
2301 5188 2593 5239 calamitati
2619 5187 2917 5240 consolatio
2942 5199 3106 5253 pr0pe
3134 5191 3218 5235 est
3243 5196 3256 5232 :
3283 5181 3459 5248 ipsum

1895 5279 2038 5333 enim
2097 5280 2433 5347 paupertatis
2485 5279 2695 5347 pondus
2747 5293 2880 5331 crux
2937 5286 3021 5330 est
3075 5271 3461 5327 involuntaria.

1973 5439 2058 5493 ³⁸1
2094 5441 2220 5494 Cor.
2251 5454 2286 5501 ι,
2327 5439 2410 5492 18.
2489 5441 2530 5471 ³⁹
2572 5437 2713 5492 Psal.
2753 5453 2863 5501 eis,
2895 5438 2940 5488 l.
3019 5436 3061 5467 “
3103 5433 3245 5490 Psal.
3270 5445 3377 5494 th,
3408 5426 3460 5484 θι

1376 5576 1570 5638 Varia:
1616 5577 1922 5639 lectiones
1962 5583 2022 5637 et
2069 5586 2250 5639 notio.

293 5679 371 5748 (ιι
421 5679 626 5732 Textns
679 5677 1058 5748 editusihahct
1085 5679 1339 5748 πρόσεχε,
1376 5680 1466 5733 sed
1503 5681 1779 5745 mendose,

235 5747 469 5816 utpatet
497 5765 557 5800 ex
594 5751 844 5802 versione
872 5747 1079 5801 Latzna.

298 5821 374 5892 (ὃ)
411 5823 484 5874 tta
526 5819 808 5889 legendum
835 5829 964 5888 puto
985 5818 1610 5888 perinterrogationcnt;
1646 5822 1786 5874 unde

1890 5682 2210 5802 vertctlnlum
2264 5682 2494 5745 videtur,
2525 5680 2840 5747 Paupertate
2871 5677 3149 5748 nﬂiiqeris?
3181 5671 3347 5744 Prop:
3386 5672 3462 5729 ut

1892 5767 2050 5802 Conso
2080 5763 2209 5802 utin.

1892 5763 2209 5805 (uttsulutm,
