4244 6436
745 391 847 454 143

1647 391 2222 451 THEOPHYLACTI
2256 391 2664 452 BULGARI/E
2695 391 3047 452 ARCHIEP.

3873 388 3978 454 144

738 506 851 562 Deo
879 512 1054 560 erant.
1091 502 1197 560 Sed
1223 505 1326 560 hoc
1363 505 1419 558 in
1464 505 1601 576 ipsis
1629 507 1852 562 omnino
1884 523 2107 572 novum,
2141 506 2308 576 quod,
2337 509 2389 569 Α

2307 552 2308 561 η
2337 509 2389 569 Α
2414 525 2508 579 χον
2531 522 2546 537 °
2562 507 2942 578 καὶιθυγατέρα
2968 504 3086 573 Θεῷ
3101 503 3305 566 δόντες,
3329 502 3561 573 πατέρες
3581 499 3713 554 Θεοῦ
3735 496 3872 554 εἶναι
3887 506 3983 556 καὶ

735 594 865 664 quia
892 595 1107 665 generis
1134 596 1561 664 successionem,
1614 610 1778 666 quam
1831 596 1978 651 nacti
2005 607 2185 661 erant,
2221 596 2307 651 di-

737 687 1029 750 miserunt,
1064 686 1382 741 memoriam
1410 687 1590 742 omnis
1616 687 1985 743 successionis
2041 702 2105 742 ac
2143 687 2305 742 vicis-

734 776 990 832 situdinis
1027 784 1304 845 expertem
1353 773 1482 831 sunt
1530 777 1809 831 assecuti:
1864 777 2144 845 ﬁliamque
2197 774 2308 829 Deo

739 869 956 930 dantes,
981 865 1074 921 Dei
1113 875 1368 935 parentes
1411 882 1535 922 esse
1597 875 1762 936 atque
1802 867 2060 936 appellari
2091 881 2306 921 merue-

734 967 886 1012 runt.
943 959 1021 1012 Ad
1067 959 1180 1012 haec
1224 958 1521 1028 respiciens
1566 967 1620 1015 ct
1664 959 1870 1028 nuptiis
1921 959 2308 1012 convenientia

733 1053 780 1083 “
815 1051 971 1104 redde
1006 1053 1270 1119 tanquam
1307 1051 1533 1116 (ἐρωή,
1577 1059 1630 1104 et
1671 1049 1781 1103 Deo
1823 1049 1999 1113 redde,
2046 1064 2167 1118 qua:
2214 1047 2308 1102 Dei

735 1152 881 1198 sum.
916 1143 957 1174 ⁸⁷
986 1140 1157 1211 Dilige
1185 1157 1408 1196 uxorem
1430 1152 1576 1195 tuam
1604 1143 1752 1196 velut
1784 1141 2062 1210 propriam
2087 1154 2308 1194 carnem

736 1236 906 1303 (nemo
928 1234 1066 1288 enim
1097 1234 1425 1301 semetipsum
1447 1233 1568 1286 odio
1593 1230 1768 1302 habet)
1798 1247 1812 1283 :
1850 1246 2026 1301 neque
2046 1231 2186 1284 ultra
2210 1231 2313 1284 do-

733 1341 883 1378 mum
923 1335 1066 1378 tuam
1096 1325 1287 1380 oculos
1315 1327 1598 1380 extendas.
1650 1325 1777 1380 Bibe
1831 1341 1998 1393 aquas
2029 1323 2092 1378 de
2139 1323 2312 1391 puteis

736 1413 841 1466 tuis
867 1411 938 1480 ⁸⁸;
977 1412 1192 1482 angusti
1226 1413 1372 1466 enim
1405 1422 1533 1468 sunt
1568 1413 1755 1476 alieni,
1789 1413 1879 1482 qui
1909 1413 2311 1466 tribulationem

733 1509 917 1563 carnis
946 1523 1012 1561 ex
1040 1507 1250 1576 legibus
1283 1509 1446 1562 etiam
1482 1506 1605 1561 istic
1638 1508 1929 1561 inducunt.
1963 1505 2146 1560 Educa
2173 1504 2313 1560 filias

733 1609 857 1652 tuas
889 1598 942 1651 in
970 1599 1260 1668 disciplina
1297 1608 1351 1652 ct
1389 1601 1730 1668 correptione
1769 1598 2005 1662 Domini,
2037 1597 2312 1668 pontificis

733 1687 852 1740 Heli
895 1688 1102 1741 veritus
1153 1687 1664 1742 condemnationem
1718 1705 1732 1741 :
1772 1691 1958 1756 sicque
1999 1687 2312 1742 sanctifica-

734 1786 823 1833 tns
852 1794 913 1834 es
939 1779 1162 1849 nuptiis,
1194 1789 1250 1833 et
1277 1780 1497 1848 nuptias
1523 1778 1880 1834 sanctilicasti
1905 1794 1921 1844 ;
1944 1776 2232 1848 factusque
2253 1793 2316 1834 es

2411 599 2694 653 καλεῖσθαι
2724 596 3033 651 ἀντέλαϐον.
3076 595 3220 666 Πρὸς
3247 597 3470 659 τούτους
3505 595 3739 664 βλέπων,
3783 596 3875 647 καὶ
3904 594 3984 664 τῷ

2409 692 2572 760 γάμῳ
2597 691 2664 743 τὰ
2696 690 2880 742 είκότα
2911 687 3322 757 λειτούργησον,
3362 685 3552 756 ὥσπερ
3586 687 3858 752 Καίσαρι,
3882 687 3981 738 καὶ

2409 779 2490 845 τῷ
2519 778 2641 843 Θεῷ
2662 778 2891 843 ἀπόδος
2914 778 2984 830 τὰ
3005 779 3111 831 τοῦ
3150 777 3320 832 Θεοῦ.
3355 778 3556 847 Στέργε
3615 793 3707 829 σου
3747 777 3846 845 τὴν
3885 776 3985 828 σύ-

2411 870 2574 938 ζυγον
2597 869 2673 932 ὡς
2694 871 2900 923 οἰκείαν
2935 870 3112 939 σάρκα
3145 869 3379 938 (Οὐδείς
3406 869 3516 937 γὰρ
3587 868 3806 921 ἑαυτὸν
3854 867 3982 934 ἐμί-

2409 960 2612 1029 σησε),
2669 959 2764 1011 καὶ
2797 959 2872 1029 μὴ
2901 959 3210 1028 περαιτέρω
3241 975 3323 1010 σοι
3370 959 3467 1026 τῆς
3492 958 3589 1026 σῆς
3652 957 3830 1018 οἰκίας
3883 958 3984 1007 ἐπ-

2414 1051 2739 1106 εκτεινέσθω
2788 1051 2858 1102 τὰ
2912 1051 3156 1120 ὄμματα.
3238 1051 3381 1104 [Mrs
3439 1049 3628 1101 ὕδατα
3695 1049 3812 1101 ἀπὸ
3853 1045 3984 1099 σῶν

2410 1143 2681 1213 φρεάτων
2703 1159 2718 1174 °
2752 1142 2914 1196 στενὰ
2933 1143 3040 1213 γὰρ
3061 1142 3130 1195 τὰ
3165 1141 3442 1213 ἀλλότρια,
3514 1139 3693 1209 anew
3724 1142 3789 1210 τῇ
3817 1139 3985 1208 σαρκὶ

2413 1235 2692 1290 κάνταῦθα
2725 1236 2823 1303 τὴν
2847 1237 2911 1287 ὲκ
2972 1235 3081 1287 τῶν
3109 1235 3288 1303 νόμων
3340 1234 3634 1301 ἐπάγοντα.
3691 1231 3772 1283 Τὰ
3815 1232 3984 1283 τέκνα

2412 1325 2580 1398 τρέφε
2612 1329 2670 1379 ὲν
2709 1327 2925 1396 παιδείᾳ
2957 1326 3050 1378 καὶ
3075 1324 3326 1395 νουθεσίᾳ
3354 1323 3582 1395 Κυρίου,
3611 1319 3866 1383 δεδοικὼς
3920 1321 3986 1372 τ’)

2412 1416 2507 1468 τοῦ
2532 1415 2833 1486 ἀρχιερέως
2881 1413 3028 1467 Ἠλεὶ
3060 1413 3374 1483 κατάκριμα
3395 1427 3410 1442 ⁸
3467 1411 3561 1464 καὶ
3585 1406 3854 1479 ἡγιάσθης
3903 1404 3987 1473 τῷ

2412 1508 2596 1577 γάμῳ,
2631 1507 2727 1558 καὶ
2752 1506 2841 1558 τὸν
2872 1507 3050 1575 γάμον
3073 1505 3332 1574 ἡγίασας,
3369 1503 3462 1556 καὶ
3495 1503 3726 1570 γέγονας
3755 1497 3986 1568 ἀμφιδέο

2415 1595 2548 1661 ξιος,
2592 1598 2685 1649 καὶ
2709 1596 2779 1649 τὰ
2805 1596 2900 1649 τοῦ
2925 1597 3132 1666 κόσμου
3174 1595 3316 1648 κατὰ
3336 1595 3469 1648 Θεὸν
3522 1592 3987 1663 μεταχειρισάμε-

2414 1702 2526 1751 νος,
2557 1687 2653 1738 καί
2681 1684 2779 1755 τὴν
2799 1686 3022 1755 Γραφὴν
3040 1685 3484 1755 ἐπαληθεύουσάν
3507 1700 3591 1736 σοι
3616 1681 3894 1746 ἀνέδειξας
3913 1680 3983 1744 ⁸³,

2415 1778 2498 1830 ὅτι
2526 1775 2690 1846 Παρὰ
2705 1778 2924 1845 Κυρίου
2949 1777 3253 1846 ἁρμόζεται
3278 1776 3446 1845 εἰνόρί
3474 1775 3630 1845 γυνὴ,
3682 1773 3782 1843 τὴν
3812 1770 3986 1838 καλὴν

738 1870 1099 1936 ambidexter,
1148 1886 1269 1940 qua:
1307 1878 1435 1926 sunt
1468 1871 1689 1936 mundi,
1720 1870 1874 1940 juxta
1919 1869 2014 1925 Dei
2052 1870 2312 1940 placitum
2346 1869 2391 1924 B

2309 1894 2312 1923 ι
2346 1869 2391 1924 Β
2417 1869 2586 1932 ὅντως
2615 1869 2850 1939 ἂρμοσιν
2871 1869 2938 1932 ⁸³,
2975 1868 3072 1923 καὶ
3107 1870 3418 1938 στεφανῐτιν
3449 1868 3494 1900 ⁸³
3521 1866 3664 1937 Θεῷ,
3692 1865 3772 1933 τῷ
3803 1863 3985 1918 πάντα

739 1965 980 2023 tractans
1007 1978 1020 2016 :
1052 1970 1108 2017 et
1134 1963 1474 2033 Scripturam
1503 1963 1597 2017 tibi
1617 1963 1850 2018 veridice
1873 1962 2108 2018 aientem
2125 1973 2311 2018 osten-

2414 1963 2557 2018 κατὰ
2591 1963 2746 2030 λόγον
2766 1960 3081 2032 ἁρμόζοντι.

736 2051 820 2106 dis
845 2070 859 2106 :
885 2052 1370 2124 ADomino(uxor)
1391 2063 1608 2124 aptatur
1644 2055 1756 2108 viro
1777 2054 1862 2106 "z
1899 2069 2021 2123 quae
2056 2054 2317 2124 praeclara
2357 2055 2545 2125 utique
2579 2054 2788 2124 aptatio
2815 2062 2922 2120 est,
2947 2069 3180 2126 quaeque
3227 2051 3369 2124 apud
3405 2051 3599 2120 Deum,
3671 2050 3766 2122 qui
3827 2048 3984 2120 juxta

735 2146 1006 2201 rationem
1033 2146 1273 2215 disponit
1297 2147 1506 2211 omnia,
1536 2159 1797 2201 coronam
1819 2153 2084 2202 meretur.

807 2236 898 2291 12.
958 2234 1002 2292 0
1065 2237 1296 2303 utinam,
1353 2237 1574 2306 fratres,
1633 2238 1980 2295 festivitatem
2029 2237 2106 2293 ita
2171 2240 2314 2295 cele-

736 2328 982 2390 bremus,
1039 2336 1094 2382 et
1139 2327 1452 2382 festivitatis
1505 2327 1735 2382 materia
1795 2328 1898 2397 ipsi
1943 2342 2164 2398 quoque
2193 2343 2314 2383 eva-

737 2421 953 2486 damus,
989 2429 1049 2475 ut
1087 2430 1347 2491 tanquam
1369 2420 1566 2474 anima:
1595 2420 1858 2490 virgines,
1892 2422 2153 2491 omnique
2179 2421 2313 2477 vitio

736 2525 887 2580 pura:
916 2510 1101 2580 (quam
1129 2525 1314 2565 veram
1347 2524 1469 2565 esse
1498 2510 1864 2580 virginitatem
1894 2511 2179 2581 Scriptura
2205 2521 2314 2566 sta-

737 2600 870 2670 tuit)
905 2617 966 2655 ac
993 2599 1272 2672 lampades
1299 2601 1422 2657 oleo
1447 2602 1800 2672 benignitatis
1827 2616 1893 2656 ac
1935 2603 2306 2658 beneﬁcentiae

738 2689 1058 2759 splendidas
1108 2698 1406 2760 gestantes,
1450 2691 1598 2759 digni
1646 2690 1948 2745 elIiciamur
1997 2690 2209 2762 ingredi
2248 2692 2307 2746 in

737 2778 1066 2850 perfectiora
1118 2777 1321 2834 Sancta
1371 2793 1700 2844 sanctorum,
1732 2781 1820 2834 ubi
1853 2795 2151 2848 prwcursor
2211 2796 2308 2850 pro

739 2871 887 2929 nobis
919 2871 1152 2926 introivit
1178 2870 1418 2928 Christus
1445 2873 1514 2938 ",
1545 2886 1666 2927 eam
1701 2873 1964 2943 propositi
2017 2883 2073 2927 et
2118 2886 2312 2942 opera-

739 2964 908 3018 tionis
946 2963 1271 3034 adjutriccm
1306 2964 1590 3031 habentes,
1617 2979 1739 3033 quae
1768 2971 1850 3019 tot
1882 2964 2159 3034 tantisque
2185 2978 2313 3035 gra-

744 3055 834 3108 tiis
864 3068 966 3109 nos
989 3055 1185 3124 dignos
1217 3055 1419 3120 effecit,
1454 3071 1574 3126 quae
1605 3071 1751 3111 nunc
1783 3070 1882 3126 per
1911 3057 2053 3110 hanc
2083 3055 2203 3125 ejus
2225 3071 2317 3112 so-

742 3145 1077 3200 lemnitatem
1142 3146 1450 3202 sanctificat
1482 3185 1500 3212 ,
1533 3158 1665 3203 tunc
1708 3163 1837 3203 vero
1891 3149 2086 3218 dignos
2117 3149 2317 3205 elIlciet

2489 2240 2578 2309 ιβ’.
2603 2237 2792 2300 Οὕτως
2835 2235 3212 2306 ἑορτάζωμεν,
3266 2233 3505 2302 ἀδελφοὶ,
3555 2232 3730 2295 οὕτως
3789 2231 3988 2302 ἑορτα-

2415 2330 2666 2400 ζοίμεθα,
2699 2330 2786 2383 ἵνα
2812 2329 2878 2401 δὴ
2906 2331 3002 2382 καὶ
3049 2330 3147 2398 τῆς
3201 2330 3280 2391 εἰς
3332 2327 3432 2399 τὴν
3474 2326 3812 2396 τελεωτέραν
3873 2325 3987 2377 τῶν

2415 2423 2586 2492 ἁγίων
2615 2421 2779 2490 ἁγίας
2805 2421 3013 2475 εἰσόδου
3047 2419 3438 2488 ἀξιωθείημεν,
3494 2417 3664 2487 ψυχαὶ
3720 2415 3984 2488 παρθένοι

2411 2516 2509 2568 καὶ
2538 2513 2754 2568 πάντων
2783 2512 2970 2567 κακῶν
2996 2511 3398 2581 καθαρεύουσαι
3427 2511 3532 2580 (ἦν
3562 2506 3821 2578 ἀληθινὴν
3847 2521 3986 2575 παρ’

2421 2606 2606 2660 θενίαν
2636 2608 2664 2660 ό
2689 2606 2846 2675 λόγος
2873 2605 3128 2675 τίθεται),
3159 2605 3257 2668 τὰς
3289 2604 3577 2675 λαμπάδας
3627 2603 3705 2674 τῷ
3731 2602 3832 2672 τῆς
3863 2601 3987 2669 φιλο

2412 2699 2734 2768 ανθρωπίας
2810 2697 2977 2767 ἐλαίῳ
3042 2697 3302 2769 λαμπρὰς
3390 2695 3754 2765 κατέχουσαι,
3827 2693 3985 2746 ὅπου

2413 2789 2748 2858 πρόδρομος
2784 2788 2936 2858 ὑπὲρ
2991 2785 3429 2857 ἠμῶνείσῆλθε
3485 2784 3759 2852 Χριστὸς,
3809 2782 3986 2852 αὐτὴν

2413 2881 2619 2948 ταύτην
2682 2879 3029 2950 συλλήπτορα
3078 2879 3175 2932 καὶ
3228 2878 3329 2947 τῆς
3383 2876 3692 2947 προθέσεως
3757 2875 3851 2928 καί
3881 2877 3986 2944 τῆς

2414 2973 2664 3042 πράξεως
2695 2972 2910 3042 ἔχοντες
2940 2970 3038 3041 τὴν
3058 2969 3331 3023 τοσούτων
3360 2971 3507 3038 ἡμᾶς
3541 2967 3778 3038 χαρίτων
3814 2983 3988 3019 καταο

2413 3063 2711 3128 ξιώσασαν,
2743 3064 2838 3116 καὶ
2853 3063 2949 3115 νῦν
2969 3062 3055 3114 διὰ
3077 3064 3176 3132 τῆς
3201 3061 3396 3131 ἑορτῆς
3429 3059 3598 3126 αὐτῆς
3623 3056 3983 3125 ἁγιάζουσαν,

2411 3156 2506 3208 καὶ
2548 3153 2673 3207 τότε
2743 3151 2836 3206 τοῦ
2882 3151 3112 3212 κάλλους
3172 3147 3638 3213 καταξιὼσουσαν,
3691 3146 3792 3216 τῆς
3844 3162 3987 3196 παν-

741 3236 1149 3306 pulchritudine
1183 3241 1568 3305 sanctissimae,
1625 3248 1789 3310 atque
1836 3241 2092 3297 omnibus
2138 3243 2314 3313 magis
2339 3232 2383 3294 C
2416 3281 2417 3287 η

2308 3258 2314 3294 ι
2339 3232 2383 3294 C
2416 3243 2578 3312 αγίας
2592 3243 2638 3274 ⁸⁸
2665 3242 2760 3295 καὶ
2783 3240 3000 3294 πάντων
3021 3239 3292 3310 ἐσωτέρας
3318 3236 3565 3308 Τριάδος,
3596 3233 3690 3288 τοῦ
3715 3234 3984 3304 Πατέρος,

743 3328 946 3382 intima:
976 3327 1283 3398 Trinitatis,
1312 3331 1511 3398 Patris,
1544 3342 1599 3388 et
1632 3333 1777 3399 Filii,
1805 3342 1860 3389 et
1896 3334 2130 3406 Spiritus
2177 3351 2308 3391 san-

742 3418 839 3483 cti,
874 3421 1037 3473 unius
1078 3421 1193 3487 Dei,
1236 3423 1325 3478 cui
1358 3424 1586 3479 debetur
1623 3427 1805 3482 omnis
1856 3427 2049 3496 gloria,
2106 3427 2305 3493 honor,

741 3519 795 3561 et
825 3509 1094 3578 adoratio,
1124 3528 1291 3581 nunc,
1331 3525 1386 3571 et
1423 3531 1658 3587 semper,
1691 3529 1747 3573 et
1773 3518 1826 3573 in
1856 3519 2181 3574 saeculorum
2203 3534 2307 3574 sac-

742 3603 888 3655 cula.
919 3605 1113 3660 Amen.

2416 3335 2512 3389 καὶ
2550 3333 2646 3387 τοῦ
2677 3333 2831 3394 Υίοῦ,
2865 3333 2959 3385 καὶ
2989 3331 3082 3385 τοῦ
3130 3331 3288 3398 ἁγίου
3319 3328 3657 3398 Πνεύματος,
3713 3324 3809 3377 τοῦ
3863 3324 3986 3386 ἑνὸς

2396 3411 2550 3481 ’Θεοῦ
2690 3426 2891 3497 πρέπει
2920 3426 3068 3478 πᾶσα
3109 3421 3256 3487 δόξα,
3306 3421 3461 3491 τιμὴ,
3516 3420 3611 3472 καὶ
3667 3415 3985 3488 προσκύνη-

2415 3535 2524 3582 σις,
2565 3517 2659 3572 νῦν
2677 3517 2772 3571 καὶ
2807 3517 2917 3583 ἀεὶ,
2944 3517 3038 3569 καὶ
3059 3517 3139 3576 εἰς
3183 3515 3311 3589 τοὺς
3338 3512 3541 3576 αἰῶνας
3591 3509 3699 3563 τῶν
3747 3506 3986 3561 αἰώνων.

2424 3610 2561 3679 ’Δμῦ
2570 3627 2619 3664 ν.

817 3741 863 3773 ⁸⁸
890 3741 1079 3797 Matth.
1113 3759 1250 3811 χιιι,
1277 3744 1369 3799 2i.
1402 3745 1447 3780 ⁸⁷
1488 3744 1688 3818 Ephes.
1748 3765 1803 3816 v,
1826 3748 1919 3804 22.
1993 3748 2040 3781 ⁸⁸
2078 3747 2237 3804 Prov.
2261 3762 2316 3813 ν,
2352 3747 2439 3804 15.

1874 3749 1919 3803 2.
1993 3748 2040 3781 ⁸⁸
2078 3747 2237 3804 Prov.
2261 3762 2316 3813 ν,
2352 3747 2439 3804 15.
2514 3748 2559 3781 ³⁸
2589 3747 2751 3804 Prov.
2786 3763 2900 3815 ιιι,
2931 3745 3015 3802 Η.
3091 3746 3140 3781 ⁸⁸
3164 3742 3330 3804 Hebr.
3348 3760 3420 3813 vr,
3461 3744 3550 3800 20.

1899 3887 2098 3948 Variae
2128 3885 2438 3951 lectiones
2465 3897 2528 3950 et
2550 3895 2742 3952 notas.

811 4004 855 4036 “
883 4004 1082 4072 δείξας.
1157 4010 1202 4043 ⁸⁵
1227 4010 1499 4084 ἁρμογήν.
1575 4013 1622 4046 ⁸⁸
1653 4013 2034 4085 στεφανοῦται.
2111 4015 2156 4048 ⁸⁸
2181 4029 2481 4090 μακαρίας.
