4244 6436
255 413 356 482 149

1068 407 1150 470 ΙΝ
1183 403 1647 468 UNDECIMUM
1686 403 2188 468 EVANGELIUM
2220 402 2705 466 MATUTINUM.

252 529 415 600 οἶμαι
437 530 545 583 τὸν
567 529 800 598 κόσμον
831 525 1102 596 χωρῆσαι
1130 525 1202 579 τὰ
1240 523 1825 595 τραφόμεναβιϐλία.
1857 524 1907 582 Α

1857 524 1907 582 Α
1932 522 2181 575 mundum
2209 538 2396 589 cupere
2424 538 2576 589 posse
2604 536 2713 585 eos,
2739 519 2828 589 qui
2854 519 3114 574 scribendi
3146 526 3294 584 sunt,
3325 521 3509 576 libros.

267 622 463 691 Ἀμήν.

329 715 586 777 Εἰπόντος
602 714 692 765 τοῦ
713 711 1099 780 εὐαγγελιστοῦ
1123 711 1215 764 καὶ
1236 709 1680 780 μαρτυρήσαντος
1705 708 1830 777 περὶ
1894 772 1901 774 _

255 806 348 857 τοῦ
390 806 727 867 διαδοθέντος
770 803 1002 872 ψευδοῦς
1046 803 1225 870 λόγου,
1256 802 1350 855 καὶ
1389 801 1828 871 διορθωσαμένου

254 897 353 966 τὴν
373 897 482 947 τῶν
506 895 710 947 πολλῶν
726 895 1074 964 ἐσφαλμένην
1096 893 1386 963 ὑπόληψιν,
1403 891 1477 954 ὡς
1499 889 1607 962 [σὺ]
1636 906 1832 942 συνεωο

255 986 505 1054 (ακὸτων
536 987 564 1037 ὃ
599 987 727 1056 περὶ
762 985 928 1039 αὑτοῦ
960 983 1160 1039 εἶπενὸ
1185 984 1404 1053 Κύριος,
1426 981 1829 1051 ἀλλανομισάν-

253 1094 363 1129 των
402 1077 483 1129 ὅτι
515 1078 613 1129 οὐκ
645 1078 1018 1143 ἀποθανεῖται,
1051 1077 1279 1147 ἐμπεδοῖ
1330 1075 1420 1128 τὸν
1435 1074 1610 1143 -λόγον
1639 1072 1830 1135 αὑτοῦ,

256 1171 346 1222 7.1!
383 1186 548 1238 φησιν
574 1189 586 1200 ·
624 1166 812 1236 Οὗτός
845 1171 1065 1225 ἐστινό
1086 1170 1381 1240 μαθητὴς,
1413 1169 1504 1222 καὶ
1533 1169 1632 1220 οὐκ
1649 1167 1828 1230 ἄλλος,

255 1264 286 1312 ὁ
317 1261 640 1329 μαρτυρῶν
669 1263 799 1330 περὶ
823 1262 1062 1317 ἑαυτοῦ.
1107 1259 1248 1328 Ἐγὼ
1271 1261 1460 1332 (φησὶν
1482 1263 1509 1313 ὀ
1538 1258 1782 1330 μαθητὴς
1804 1260 1832 1312 ὁ

253 1353 331 1422 τῷ
374 1356 565 1424 Κυρίῳ
591 1354 966 1424 ἡγαπημένος,
995 1355 1089 1408 καὶ
1125 1357 1182 1407 ὲν
1208 1353 1286 1423 τῷ
1326 1353 1513 1422 στήθει
1544 1352 1830 1406 ἀναπεσὼν

253 1446 329 1513 τῷ
358 1446 698 1515 Δεσποτικῴ)
730 1446 1176 1513 διαϐεϐαιοῦμαι,
1209 1447 1291 1498 ὅτι
1324 1443 1652 1512 τεθνήξομαι
1683 1447 1832 1514 νόμῳ

253 1535 499 1602 φύσεως.
535 1538 603 1587 Ἢ
638 1536 732 1588 καὶ
757 1537 931 1598 ἄλλως
952 1553 965 1565 ·
1003 1536 1061 1588 ’0
1094 1538 1246 1607 παρὰ
1268 1535 1376 1588 τῶν
1397 1536 1709 1590 ἀποστόλων
1733 1552 1832 1604 κη-

256 1630 609 1697 ρτδττῦμενος,
644 1631 725 1682 ὅτι
747 1632 847 1681 οὐκ
873 1631 1226 1700 ἀποθνήσκει,
1250 1629 1434 1693 αὐτὸς
1462 1624 1645 1694 οὗτός
1664 1629 1834 1682 ἐστιν

250 1721 487 1786 ἑλεῖν·ος
511 1726 544 1776 ό
596 1722 914 1791 μαρτυρῶν
939 1724 1069 1791 περὶ
1093 1725 1338 1777 τούτων.
1370 1722 1547 1776 Ποίων
1572 1739 1587 1787 ;
1621 1723 1742 1775 Τῶν
1758 1715 1831 1774 ὧν

248 1813 503 1881 ἐμνήσθη
536 1813 836 1880 θαυμάτων
863 1815 1099 1879 Χριστοῦ
1133 1816 1227 1868 καὶ
1270 1815 1574 1884 τεραστίων
1597 1815 1705 1867 τῶν
1738 1814 1830 1882 δη-

1936 617 2128 669 Amen.

2006 708 2300 777 Postquam
2333 709 2665 778 evangelista
2741 709 3018 764 retulisset
3060 708 3251 762 falsum
3305 725 3519 765 sermo-

1934 815 2082 866 nem,
2108 799 2198 870 qui
2233 799 2299 853 de
2332 800 2453 867 ipso
2494 801 2902 869 percreltuerat,
2951 817 3014 854 ac
3055 800 3244 855 falsam
3311 807 3516 855 multo-

1935 907 2056 946 rum
2081 895 2412 946 correxisset
2439 893 2774 961 opinionem,
2811 895 2902 963 qui
2932 903 3189 962 tanquam
3222 894 3268 947 si
3295 910 3518 962 perspe-

1939 985 2164 1049 xissent,
2199 986 2329 1055 quid
2390 984 2458 1039 de
2495 986 2614 1054 ipso
2674 986 2871 1039 dixerit
2915 984 3194 1050 Dominus,
3248 985 3514 1054 putabant

1937 1092 2059 1130 eum
2095 1077 2422 1131 moriturum
2475 1093 2585 1131 non
2624 1093 2770 1140 esse,
2818 1078 3106 1130 conlirntat
3131 1092 3252 1144 qua:
3280 1078 3512 1138 dixerat.

1935 1167 2173 1222 subdens
2207 1185 2220 1220 :
2259 1167 2358 1220 llic
2399 1178 2473 1221 est
2514 1169 2806 1236 discipulus
2842 1169 2951 1227 ille.
2993 1177 3040 1221 et
3075 1184 3175 1221 non
3201 1168 3364 1231 alius,
3421 1171 3510 1236 qui

1934 1262 2290 1316 testimonium
2323 1261 2553 1329 perhibet
2578 1261 2641 1315 de
2672 1278 2726 1314 se
2768 1264 2903 1328 ipso.
2951 1261 3082 1332 Ego,
3132 1260 3327 1329 inquit,
3369 1260 3388 1330 (
3428 1261 3515 1313 ille

1934 1369 2127 1423 nempe
2156 1353 2464 1421 discipulus
2495 1368 2524 1406 a
2563 1353 2793 1407 Domino
2824 1352 3075 1416 dilectus,
3108 1360 3162 1406 et
3197 1352 3290 1418 qui
3326 1350 3380 1404 in
3409 1352 3515 1404 Do-

1934 1446 2135 1498 minico
2167 1455 2386 1512 pectore
2412 1444 2706 1510 recubuit),
2731 1453 2903 1497 testor
2936 1458 3020 1496 me
3073 1458 3195 1497 esse
3238 1443 3512 1495 communi

1933 1542 2141 1588 naturte
2183 1536 2298 1605 lege
2359 1537 2701 1590 moriturum.
2771 1535 2857 1589 Vel
2922 1536 3080 1589 aliter
3123 1553 3136 1587 :
3179 1534 3288 1598 Ille,
3350 1550 3509 1602 quem

1934 1627 2160 1695 apostoli
2214 1627 2468 1680 dixerunt
2491 1641 2597 1680 non
2621 1642 2744 1681 esse
2770 1629 3118 1690 moriturum,
3151 1628 3239 1678 hic
3269 1627 3384 1694 ipse
3403 1633 3508 1687 est,

1933 1719 2023 1788 qui
2050 1719 2426 1773 testimonium
2461 1719 2712 1787 perhibet
2738 1719 2803 1773 de
2835 1718 2940 1773 his.
2973 1717 3045 1771 De
3109 1716 3351 1785 quibus?
3393 1713 3512 1767 Sci-

1935 1805 2058 1862 licet
2085 1806 2149 1858 de
2181 1805 2454 1859 miraculis
2476 1803 2702 1867 Christi,
2738 1819 2968 1873 quorum
2993 1804 3322 1857 mentionem
3361 1802 3510 1864 fecit.

249 1905 430 1957 ὶονὸτι
467 1907 773 1974 γενομένων
814 1907 920 1976 πρὸ
945 1907 1039 1961 τοῦ
1065 1908 1268 1971 πάθους
1293 1909 1386 1960 καὶ
1412 1908 1550 1977 μετὰ
1577 1907 1675 1975 τὴν
1697 1907 1828 1961 ἀνά·
1861 1891 1902 1946 Β

1861 1891 1902 1946 Β
1931 1901 1982 1947 et
2008 1893 2074 1946 de
2099 1894 2358 1962 prodigiis
2388 1909 2508 1961 quae
2543 1909 2666 1945 cum
2706 1902 2836 1946 ante
2885 1893 3222 1960 passionem,
3254 1902 3363 1943 tum
3388 1900 3511 1959 post

249 2013 465 2049 στασιν.
501 1998 653 2048 Ἐστι
691 1998 745 2050 δὲ
783 2000 877 2052 καί
908 1999 1041 2052 ἄλλα
1083 1999 1273 2062 πολλὰ,
1308 1993 1384 2053 ὧν
1421 2001 1522 2052 οὐκ
1557 1999 1829 2068 ἐμνήσθη-

251 2105 374 2154 μεν,
440 2089 562 2140 οὐδὲ
605 2091 949 2160 ἐγράψαμεν,
987 2092 1105 2144 ὅσα
1131 2091 1476 2159 ἐποίησε-νδ
1511 2091 1753 2158 Ἰησοῦς
1772 2092 1830 2144 ὲν

245 2177 658 2240 ὑιδαςκαλικοῖς
680 2179 858 2245 λόγοις
877 2181 971 2231 καὶ
991 2179 1282 2249 θαύμασιν,
1312 2181 1468 2232 ἆτινα
1490 2182 1538 2232 εἰ
1560 2179 1830 2249 ἐγράφετο

251 2263 378 2313 καθ’
415 2264 609 2332 εἱρμὸν
665 2265 907 2336 ἀκριϐῶς
939 2269 1011 2329 ὡς
1044 2268 1211 2337 ἐχρῆν
1243 2268 1365 2320 καθ’
1404 2268 1484 2330 ἓν,
1519 2268 1638 2320 οὐδὲ
1669 2268 1830 2330 αὐτὸς

248 2357 274 2406 ὁ
312 2356 544 2422 κόσμος,
578 2357 854 2408 τουτέστιν
891 2360 919 2410 ὁ
974 2357 1312 2427 ἀνθρώπινος
1355 2358 1500 2422 νοῦς,
1531 2359 1829 2428 ἐχώρησεν,

250 2446 426 2511 ἤγουν
455 2445 694 2514 ἠδυνήθη
723 2446 974 2511 δέξασθαι
997 2447 1089 2498 καί
1117 2447 1442 2500 καταλαϐεῖν
1471 2448 1565 2518 (ὡς
1587 2448 1831 2517 ὑπολαμ-

249 2535 425 2593 εάνω)
450 2537 578 2597 τοὺς
610 2553 673 2586 πε
686 2536 738 2604 ρὶ
761 2537 1004 2606 Χριστοῦ
1028 2538 1406 2608 γραφομένους
1443 2539 1832 2601 θεοπνεύστους

251 2627 348 2676 καὶ
408 2623 724 2696 ζωηφζρους
760 2626 969 2692 λόγους.
1001 2628 1072 2679 Τὸ
1098 2629 1175 2691 δὲ,
1212 2629 1427 2695 Ἀμὴν,
1480 2628 1830 2696 βεϐαιωτικόν

251 2717 372 2767 ἐστι
400 2719 495 2766 καὶ
528 2718 944 2786 ὲπισφράγισμα
979 2719 1085 2770 τῶν
1115 2720 1286 2786 λόγων
1321 2719 1486 2772 αὐτοῦ
1517 2736 1528 2748 ·
1563 2718 1696 2783 Ναὶ,
1730 2721 1832 2771 ὅν·-

253 2822 370 2868 ῖως
401 2806 592 2869 οὓτως
633 2806 758 2873 ἔχει
800 2808 855 2858 τί
914 2807 1157 2872 ἀληθές.
1201 2807 1705 2878 Εὑχαριστήσαντες
1740 2809 1832 2862 οὖν

253 2894 453 2963 Κυρίῳ
483 2893 562 2963 τῷ
593 2895 712 2962 Θεῷ
736 2896 911 2963 ήμῶν,
939 2897 1017 2967 τῷ
1053 2895 1453 2961 καταξιώσαντι
1481 2901 1575 2952 καὶ
1591 2901 1833 2971 χορηγή-

257 3001 418 3038 σαντι
475 2985 649 3039 ἐλθεῖν
683 2987 791 3049 ἕως
840 2982 967 3052 ὦδε,
1013 2989 1098 3041 ἵνα
1155 2990 1565 3060 συντελέσωμεν
1600 2993 1834 3045 ἐνταῦθα

254 3078 356 3129 καὶ
402 3077 502 3147 τὴν
547 3076 832 3147 ἐξήγησιν,
912 3081 994 3132 ὅτι
1044 3081 1194 3151 αὐτῷ
1249 3083 1448 3150 πρέπει
1487 3083 1637 3134 πᾶσα
1682 3083 1828 3148 δόξα,

255 3171 417 3239 τιμὴ,
482 3171 578 3222 καὶ
603 3170 996 3239 προςκύνησις,
1039 3172 1138 3226 σὺν
1169 3172 1247 3241 τῷ
1281 3173 1500 3242 ἀνάρχῳ
1535 3173 1699 3224 αὑτοῦ
1725 3173 1833 3224 Πα-

255 3265 372 3329 τρῖ,
406 3262 503 3313 καὶ
530 3261 608 3330 τῷ
641 3262 894 3331 παναγέῳ
918 3264 1012 3316 καὶ
1040 3262 1228 3333 ἀγαθῷ
1259 3266 1353 3317 καὶ
1387 3264 1633 3335 ζωοποιῷ
1668 3265 1832 3317 αὑτοῦ

262 3357 567 3425 Πνεῦματι,
604 3356 699 3408 νῦν
757 3359 849 3411 καὶ
906 3359 1013 3423 ἀεὶ,
1049 3359 1142 3411 καὶ
1202 3360 1282 3422 εἰς
1327 3358 1454 3421 τοὺς
1489 3359 1690 3420 αἰῶνας
1727 3357 1833 3410 τῶν

260 3448 498 3503 αἰώνων.
560 3449 748 3518 Ἀμήν.

329 3802 378 3833 ’³
399 3799 556 3858 Joan.
600 3818 690 3871 xx,
719 3803 804 3858 50.

1933 1987 2393 2040 resurrectionem
2425 1983 2721 2053 contigere.
2758 1983 2899 2037 Sunt
2927 1992 3105 2036 autem
3130 1992 3182 2036 et
3206 1983 3308 2037 alia
3344 1983 3511 2035 multa

1930 2094 2051 2146 qua:
2079 2093 2177 2132 nos
2201 2094 2308 2131 non
2339 2078 2680 2131 narravimus
2714 2092 2889 2144 neque
2913 2076 3364 2145 conscripsimus,
3396 2090 3512 2144 qua:

1933 2170 2052 2236 fecit
2110 2168 2266 2222 Iesus
2304 2170 2348 2202 ⁸⁵
2402 2170 2617 2237 (nempe
2675 2185 2958 2223 sermones
3000 2169 3201 2235 quibus
3255 2167 3512 2235 populum

1931 2259 2184 2324 erudivit,
2222 2265 2275 2313 et
2302 2259 2561 2312 miracula
2597 2273 2716 2327 quae
2784 2257 3061 2327 patravit),
3091 2272 3211 2327 quae
3253 2257 3296 2310 si
3350 2271 3515 2309 accu-

1935 2362 2069 2417 rate,
2102 2369 2201 2407 suo
2235 2352 2431 2407 ordine
2461 2361 2516 2407 et
2545 2352 2887 2421 singillatim,
2925 2361 2982 2404 ut
3009 2366 3314 2419 congruum
3352 2350 3515 2412 foret,

1932 2442 2338 2509 scriberentur;
2384 2440 3108 2510 nequeipsetnundus,hoc
3130 2447 3233 2502 est,
3277 2439 3514 2492 humana

1935 2549 2092 2590 mens
2145 2541 2386 2603 caperet,
2443 2533 2497 2586 id
2549 2541 2654 2598 est,
2690 2541 2874 2601 posset
2917 2532 3199 2602 percipere
3230 2537 3285 2584 et
3314 2530 3514 2583 intelli-

1932 2642 2060 2696 gere
2092 2628 2172 2695 (ut
2205 2627 2426 2694 quidem
2458 2640 2558 2695 ego
2591 2624 2870 2691 existimo)
2934 2622 3154 2676 divinos
3188 2631 3349 2690 atque
3377 2621 3515 2673 vivi-

1935 2720 2064 2773 ﬁcos
2106 2718 2306 2772 Christi
2339 2731 2641 2771 sermones.
2675 2714 2809 2768 Illud
2851 2723 3030 2767 autem
3061 2714 3231 2765 Amen
3295 2727 3398 2765 vox
3428 2723 3513 2766 est

1935 2809 2291 2864 continuandi
2329 2808 2437 2862 vim
2467 2808 2693 2868 habens,
2725 2820 2788 2860 ac
2833 2805 3000 2858 veluti
3051 2804 3287 2872 sigillum
3322 2818 3512 2856 narra-

1937 2899 2069 2953 tioni
2132 2897 2303 2966 ipsius
2346 2897 2670 2965 imponens;
2722 2893 3052 2961 perindeque
3098 2892 3239 2944 valet
3291 2905 3372 2954 ac,
3410 2892 3514 2942 uti.

1934 3006 2052 3060 que,
2087 3004 2282 3051 revera,
2335 2987 2410 3039 ita
2454 3001 2506 3038 se
2538 2983 2686 3036 habet
2720 2984 2936 3036 veritas.
2993 2979 3111 3033 Jam
3141 2995 3268 3035 vero
3311 2981 3513 3048 gratias

1936 3092 2156 3154 agentes
2186 3080 2412 3134 Domino
2440 3078 2547 3129 Deo
2572 3085 2782 3138 nostro,
2811 3074 2902 3143 qui
2928 3088 3026 3127 nos
3053 3071 3247 3140 dignos
3272 3071 3420 3136 fecit,
3455 3083 3513 3125 ut.

1938 3178 2219 3242 hucusque
2250 3170 2682 3241 perveniremus,
2715 3169 2804 3223 hic
2857 3165 3181 3235 expositioni
3231 3166 3321 3219 isti
3351 3167 3510 3220 tinem

1942 3267 2309 3337 imponimus;
2358 3261 2617 3330 quoniam
2656 3260 2758 3329 ipsi
2785 3258 3014 3311 debetur
3070 3256 3249 3311 omnis
3307 3257 3506 3326 gloria,

1944 3365 2114 3410 nonor
2139 3363 2191 3408 et
2222 3350 2467 3405 adoratio
2490 3391 2505 3415 ,
2546 3364 2667 3404 cum
2694 3349 2854 3402 Patre
2904 3347 2995 3417 qui
3029 3355 3114 3401 est
3156 3347 3274 3401 sine
3306 3349 3512 3416 princi-

1941 3451 2051 3519 pio,
2083 3456 2282 3502 etcum
2319 3441 2691 3508 sanctissimo,
2720 3440 2946 3512 optimo,
2965 3448 3020 3492 ct
3051 3439 3357 3492 viviﬁcante
3391 3440 3511 3506 eius

1943 3539 2190 3610 Spiritu,
2235 3547 2381 3590 nunc
2408 3539 2462 3588 ct
2494 3546 2728 3602 semper,
2770 3539 2823 3587 ct
2843 3532 2898 3584 in
2936 3528 3254 3584 saeculorum
3289 3531 3507 3585 saecula.

1944 3633 2135 3685 Amen.

3419 400 3641 468 150-
