4244 6436
201 444 283 508 157
1103 445 1476 507 HISTORIA
1505 444 1853 506 MARTYRI
1865 447 1890 505 Ι
1932 448 2031 508 XV
2062 448 2512 511 MARTYRUM.

3333 458 3433 520 158

200 566 463 635 βασιλείαν
514 565 896 634 διαδεξάμενος
950 563 1047 631 (6),
1095 562 1194 632 οὐχ
1225 558 1389 631 ἦττον
1423 564 1516 616 καὶ
1548 563 1648 631 τῆς
1674 561 1754 624 εἰς
1781 560 1876 620 At

1781 560 2128 620 Ahazredem
2187 583 2245 621 se
2317 569 2503 624 statim
2566 569 2835 639 probavit.
2888 570 3020 624 Nam
3076 572 3284 636 fideles,
3339 575 3433 633 eui

196 660 304 722 τοὺς
355 658 721 727 Χριστιανοὺς
777 657 1036 728 πατρῴας
1081 657 1450 727 χρηστότητος
1497 656 1757 726 κληρονο-

199 752 312 823 μίαν
332 753 412 817 (7)
444 752 636 805 ἑαυτδν
656 751 918 816 ἀνέδειξε.
950 748 1092 810 Τούς
1111 766 1170 800 τε
1194 747 1302 816 γὰρ
1337 749 1395 799 ὲν
1440 746 1628 818 Ῥώμῃ
1661 764 1753 798 πιο
1795 779 1800 783 ~

197 845 341 906 στούς
375 844 476 897 οὐκ
526 844 761 906 ἀνέσεως
809 842 990 912 πάσης
1033 840 1216 912 μόνον,
1256 840 1393 894 ἀλλά
1438 840 1533 893 καὶ⁵
1577 839 1752 908 τιμῶν

195 939 356 1008 ἠξίου,
395 938 487 992 καὶ
515 941 627 1001 τοῖς
660 936 738 1007 (8)
770 936 875 988 ἀνά
921 935 1017 989 καὶ
1048 936 1230 988 πᾶσαν
1247 934 1404 986 πόλιν
1431 934 1520 986 καὶ
1544 934 1751 1003 χώραν,

193 1031 269 1083 διὰ
294 1029 741 1100 προσταγμάτων
773 1027 908 1097 πρὸς
964 1027 1094 1089 τοὺς
1121 1024 1428 1095 ἑκασταχοῦ
1481 1027 1577 1092 ήγε
1589 1025 1754 1092 μόνας

194 1122 632 1191 ἐκπεμπόμενος,
664 1121 764 1191 τὴν
793 1121 1004 1174 οἰκείαν
1055 1119 1342 1188 εὐμένειαν
1373 1118 1752 1178 ἐπεδείκνυτο.

197 1216 325 1268 Hist
365 1213 477 1282 γὰρ
505 1214 617 1277 τοῖς
646 1212 739 1265 ὐπ’
788 1211 1049 1277 ἐξουσιῶν
1081 1210 1143 1282 Π.
1176 1211 1269 1263 ὐπ’
1295 1208 1567 1280 ἐξουσίαν]
1610 1210 1761 1279 αὐτῷ

196 1307 302 1360 οὖσι
336 1307 428 1359 διά
486 1306 832 1376 γραμμάτων
867 1305 1114 1369 ἐκέλευε,
1155 1305 1214 1357 τδ
1236 1305 1623 1375 Χριστιανικδν
1656 1303 1760 1371 $6-

195 1399 275 1452 ὶον
317 1397 545 1468 μηδενὸς
579 1398 904 1466 ἀποστερεῖν
938 1395 1257 1466 προνομίου.
1296 1395 1395 1447 Διὰ
1425 1394 1583 1446 τοῦτο
1609 1394 1702 1448 καὶ
1733 1394 1762 1444 ὁ

194 1491 316 1554 Θεὸς
335 1492 438 1544 οὐκ
464 1491 726 1559 ἠνέσχετο
748 1487 1096 1559 ζημιωθῆναι
1126 1488 1385 1557 τοιαύτης
1409 1488 1590 1557 ψυχῆς
1625 1488 1763 1554 ἀγα-

196 1584 392 1650 θότητα
418 1601 429 1612 ·
485 1583 600 1636 ἀλλ’
628 1581 890 1651 ἠμείϐετο
939 1582 1036 1652 μὲν
1064 1581 1234 1650 αὐτῷ,
1261 1582 1356 1634 καὶ
1379 1582 1494 1643 τοῖς
1539 1579 1634 1631 τοῦ
1679 1579 1765 1630 ὲν-

194 1677 425 1739 εττῶτος
455 1675 648 1738 αἰῶνος
675 1675 921 1743 ἀγαθοῖς,
955 1674 1170 1744 πλούτῳ
1195 1673 1280 1744 δὴ,
1327 1673 1491 1740 λέγω,
1526 1672 1620 1725 καὶ
1653 1673 1766 1735 τοῖς

195 1773 254 1822 ὲκ
289 1768 389 1821 τοῦ
422 1768 654 1821 πλούτου
711 1770 1183 1837 προσγινομένοις,
1220 1767 1314 1819 καὶ
1347 1767 1478 1819 πᾶσι
1524 1766 1637 1826 τοῖς
1667 1763 1767 1831 τῆς

1861 655 2048 710 Romae
2088 667 2265 720 erant,
2303 676 2408 714 non
2450 661 2627 715 solum
2675 661 2831 731 plena
2885 663 3133 718 libertate
3167 665 3430 727 donavit,

1861 755 1952 804 sed
1993 752 2156 805 etiam
2193 753 2492 808 honoribus
2525 770 2587 808 ac
2622 755 2982 820 dignitatibus
3018 756 3206 808 auxit:
3241 757 3428 824 ipsos-

1863 857 1968 910 que
2003 858 2095 909 per
2130 859 2346 898 omnem
2405 845 2682 899 civitatem
2720 855 2773 899 et
2815 849 3087 917 regionem
3131 862 3256 901 cum
3285 863 3438 901 man-

1865 934 2011 989 datis
2038 938 2101 989 ad
2143 937 2402 1007 przesides
2446 938 2693 996 mittens.
2758 952 2913 990 suam
2955 954 3081 1008 erga
3115 939 3238 993 illos
3273 938 3438 993 liene-

1864 1029 2159 1082 volentiam
2210 1030 2620 1091 manilestavit;
2676 1046 2738 1085 ac
2781 1032 3022 1094 cttnctis,
3065 1033 3157 1099 qui
3208 1031 3310 1086 sub
3361 1031 3443 1084 di-

1865 1124 2012 1176 tione
2047 1139 2144 1178 sua
2177 1134 2354 1182 erant.
2388 1125 2636 1179 districte
2690 1126 2968 1195 praecepit,
3013 1140 3078 1177 ne
3118 1125 3284 1176 ullius
3328 1123 3439 1193 pri-

1865 1218 2044 1287 vilegii
2086 1217 2270 1270 favore
2324 1217 2668 1270 Christianos
2721 1218 2831 1270 ullo
2882 1227 3144 1286 praetextu
3195 1216 3440 1286 privatos

1866 1311 2085 1365 vellent.
2125 1309 2308 1374 Quare
2345 1309 2486 1364 Deus
2519 1309 2694 1362 noluit
2724 1309 3021 1363 bonitatem
3057 1318 3264 1363 tantam
3297 1323 3439 1376 pra:-

1867 1402 1977 1455 mio
2004 1417 2105 1456 suo
2151 1402 2405 1457 fraudare
2428 1448 2441 1470 ,
2470 1401 2563 1455 sed
2599 1403 2675 1455 illi
2708 1403 2956 1471 rependit
2987 1409 3102 1454 tum
3153 1402 3439 1468 praesentis

1867 1496 1988 1548 vita:
2022 1496 2198 1560 bonis,
2255 1510 2448 1562 nempe
2481 1495 2756 1548 alllucntia
2801 1493 3146 1555 divitiarum,
3179 1500 3232 1544 et
3266 1491 3443 1543 omni-

1868 1588 1969 1642 bus
1995 1604 2116 1651 qnae
2175 1587 2372 1642 exinde
2434 1602 2737 1658 sequuntur
2769 1588 3103 1651 commodis,
3137 1595 3251 1638 tum
3299 1599 3437 1638 cun-

1868 1680 1971 1735 ctis
2044 1679 2255 1749 imperii
2311 1679 2552 1747 pulchris
2605 1679 2868 1748 symbolis
2921 1685 3085 1745 atque
3122 1675 3336 1731 deliciis
3379 1690 3444 1730 ac

1872 1774 2095 1841 insuper
2153 1773 2402 1826 victoriis
2457 1787 2594 1840 quas
2635 1770 2702 1823 de
2747 1771 3004 1824 omnibus
3042 1769 3159 1824 suis
3194 1768 3447 1822 hostibus

196 1858 472 1926 βασιλείας
515 1854 755 1928 ’ἀμϐροτς
791 1859 866 1924 (9)
895 1857 1186 1925 συμϐόλοις
1217 1857 1310 1910 καὶ
1333 1856 1654 1926 τρυφεροῖς,
1685 1855 1764 1908 ἔτι
1802 1905 1838 1932 η

1802 1905 1838 1932 ,,
1872 1863 2200 1932 reportavit,
2255 1870 2369 1915 tum
2421 1877 2550 1914 vero
2584 1861 2819 1913 maxime
2861 1874 3002 1914 vera:
3051 1858 3366 1918 lideidono,
3414 1871 3447 1911 ο

195 1967 246 2002 τε
279 1950 462 2012 νίκαις
497 1949 641 2002 κατὰ
687 1949 906 2003 πάντων
963 1947 1209 2018 ἐχθρῶν⁸
1261 1946 1523 2016 ἠμείϐετο
1566 1946 1623 1998 δὲ
1673 1947 1766 1999 καὶ

196 2039 329 2108 προς
358 2039 460 2108 τὴν
514 2038 777 2108 ἀληθινὴν
811 2039 1181 2109 χειραγωγείᾳ
1216 2039 1418 2101 πίστιν,
1472 2038 1766 2108 οὐρανόθεν

195 2133 354 2184 αὐτὸν
385 2132 620 2195 ἑλκύσας
666 2132 800 2202 (10),
851 2132 928 2194 ὡς
965 2132 1060 2185 καὶ
1117 2131 1331 2184 Παῦλον
1383 2133 1443 2185 τὸ
1476 2132 1764 2201 πρότερον.

197 2226 343 2278 Ἔδει
369 2226 481 2295 γάρ
510 2226 603 2278 καὶ
637 2225 734 2294 τὴν
762 2224 955 2293 κλῆσιν
996 2225 1162 2280 αὐτοῦ
1201 2225 1591 2295 μεγαλοπρεπῆ
1629 2221 1765 2278 εἶναι

197 2318 288 2369 καὶ
317 2319 491 2380 ὅντως
550 2317 820 2388 οὐράνιον.
861 2316 1016 2371 Ἐπεὶ
1047 2317 1156 2387 γὰρ
1186 2317 1472 2383 Μαξεντίῳ
1510 2317 1765 2386 πολεμή-

198 2426 305 2462 σων
337 2409 426 2478 εἴη
545 2409 679 2481 ﬁer],
705 2409 906 2474 ἔδειξεν
925 2407 1076 2478 αὐτῷ
1101 2410 1192 2462 τὸν
1222 2411 1453 2478 σταυρὸν
1471 2412 1528 2462 ὲν
1556 2409 1768 2480 οὐρανῷ

197 2503 469 2572 μεσούσης
494 2505 591 2572 τῆς
617 2504 834 2572 ἡμέρας
854 2503 921 2555 δι’
952 2502 1200 2573 ἀστέρων
1228 2504 1637 2572 τετυπωμένον,
1673 2504 1768 2555 καὶ

190 2595 501 2662 γράμματα
532 2594 632 2661 τὴν
659 2595 715 2644 ὲν
736 2591 912 2662 τούτῳ
945 2593 1102 2664 νίκην
1122 2593 1460 2662 σημαίνοντα
1490 2593 1624 2661 (Η).
1658 2595 1768 2646 Οὐκ

194 2683 427 2752 ἀπειθὴς
466 2684 523 2735 δὲ
583 2684 774 2750 γέγονε
815 2687 883 2754 τῇ
927 2685 1167 2754 οὐρανίῳ
1211 2685 1470 2755 ὀπτασίᾳ,
1508 2684 1644 2737 ἀλλὰ
1690 2684 1770 2750 τῷ

195 2775 351 2840 τύπῳ
371 2772 466 2826 τοῦ
497 2774 764 2841 φανέντος
794 2775 1020 2846 σημείου
1049 2775 1423 2847 χρησάμενος,
1457 2775 1552 2827 καὶ
1584 2773 1771 2844 μαθὼν

195 2872 258 2922 ὲκ
395 2868 477 2939 ἐν]
507 2870 617 2932 τοῖς
649 2869 833 2937 ἔργοις
863 2870 964 2940 τὴν
1021 2869 1290 2939 ἀήττητον
1321 2869 1486 2922 αὐτοῦ
1519 2868 1771 2932 δύναμιν,

195 2965 291 3015 καὶ
330 2961 536 3031 ὴχῆται
565 2959 632 3031 ι’.
673 2964 993 3030 κατηχείται
1015 2978 1110 3030 pro
1137 2961 1226 3014 καὶ
1262 2959 1382 3030 ἡχ.]
1424 2962 1522 3030 μὲν
1558 2960 1648 3013 τὸν
1689 2961 1774 3012 Mc

197 3071 294 3120 γον
313 3053 414 3120 τῆς
439 3051 697 3122 ἀληθείας
717 3053 822 3105 ὐπὸ
848 3052 1174 3123 Σιλσὲστρου
1197 3051 1292 3104 τοῦ
1319 3051 1599 3106 θειοτάτου
1618 3052 1775 3106 πάπα

212 3145 462 3212 Ῥώμης,
487 3146 698 3212 γίνεται
721 3145 776 3197 δὲ
803 3144 1151 3213 Χριστιανοίς
1169 3144 1392 3211 ῥάϐδος
1414 3145 1657 3213 ίσχύοςο
1683 3148 1775 3196 καὶ

1868 1955 2005 2009 caelo
2033 1954 2205 2018 illum,
2227 1963 2286 2007 ut
2322 1955 2450 2006 olim
2481 1951 2730 2015 Paulum,
2761 1966 2965 2006 vocans
3001 1950 3253 2017 (decebat
3296 1947 3441 2002 enim

1868 2049 2029 2101 etiam
2070 2047 2414 2100 vocationem
2451 2045 2570 2111 ejus
2623 2044 2966 2109 magnificam
3033 2052 3088 2094 et
3137 2042 3296 2110 plane
3332 2054 3447 2095 cm-

1871 2139 2056 2192 lestem
2106 2137 2273 2203 esse).
2315 2137 2451 2189 Cum
2485 2137 2626 2189 enim
2663 2146 2808 2191 esset
2842 2150 2964 2188 cum
3001 2134 3268 2187 Maxentio
3295 2146 3447 2185 arma

1868 2230 2190 2291 collaturus,
2229 2229 2472 2282 ostendit
2504 2229 2579 2279 illi
2617 2243 2833 2280 crucem
2873 2227 2926 2279 in
2969 2226 3107 2280 ctelo
3132 2266 3147 2290 ,
3197 2239 3318 2293 quae
3355 2237 3448 2276 ra-

1870 2320 2149 2374 diantibus
2209 2319 2380 2373 stellis
2417 2319 2588 2372 media
2633 2319 2760 2374 licet
2805 2318 2889 2370 die
2939 2315 3257 2379 constabat,
3295 2312 3450 2367 addi-

1871 2414 1941 2466 tis
1963 2411 2314 2480 litteris,qua:
2334 2410 2613 2466 victoriam
2635 2423 2728 2478 per
2758 2423 2874 2462 eam
2898 2405 3250 2461 obtinendam
3278 2403 3452 2474 signi-

1873 2508 2115 2561 ﬁcarent.
2131 2504 2352 2559 Caelesti
2384 2505 2484 2557 hac
2505 2503 2711 2555 visione
2733 2509 3060 2562 commotus,
3116 2499 3204 2550 ille
3225 2507 3452 2550 ostenso

1873 2604 2028 2666 signo
2053 2613 2187 2652 usus
2213 2609 2331 2650 est:
2367 2602 2756 2661 compertaque
2790 2608 2853 2645 ex
2890 2590 3030 2644 felici
3060 2591 3210 2642 exitu
3242 2589 3444 2641 invicta

1874 2691 2044 2759 ipsius
2079 2691 2302 2750 virtute,
2339 2686 2614 2754 Sylvcstro
2650 2683 2998 2738 sanctissimo
3042 2681 3286 2734 Romano
3317 2695 3453 2746 pon-

1874 2784 2006 2839 tilici
2026 2783 2335 2838 Christiana
2367 2780 2467 2834 lidc
2498 2777 2846 2832 imbuendum
2882 2791 2938 2830 se
2957 2775 3446 2830 tradiditzfactus-

1875 2891 1980 2946 que
2019 2873 2349 2926 Christianis
2400 2872 2546 2939 virga
2613 2869 2825 2921 virtutis
2866 2870 2956 2930 9",
2993 2865 3280 2920 confestim
3313 2874 3454 2920 tent-

1876 2969 1961 3039 pla
2014 2968 2283 3020 idolorum
2313 2964 2515 3026 claudi,
2557 2971 2611 3016 et
2657 2961 2944 3029 profanum
2980 2961 3238 3014 altarium
3268 2961 3452 3028 ignem

1876 3053 2145 3120 exstingui
2175 3051 2351 3121 jubet,
2387 3051 2618 3104 accendi
2653 3065 2780 3104 vero
2812 3050 3048 3101 ueritatis
3094 3050 3359 3101 lucernam
3406 3057 3456 3101 et

1880 3152 2050 3205 oleum
2072 3149 2356 3202 unctionis.
2389 3146 2612 3201 Terram
2649 3160 2866 3214 quoque
2895 3147 3109 3213 impuro
3133 3143 3454 3196 animalium

198 3236 374 3288 κλείει
409 3236 509 3303 μὲν
538 3234 701 3295 ναοὺς
730 3234 1068 3296 είδωλικοῦς,
1104 3233 1354 3286 σὸέννυσι
1383 3234 1438 3286 δὲ
1471 3235 1532 3286 τὸ
1577 3235 1777 3287 ἐπιδῶ·
1804 3235 1850 3293 C.

1804 3235 1850 3293 C
1883 3245 2168 3313 sanguine.
2219 3252 2273 3296 et
2309 3255 2488 3294 aerem
2539 3237 2930 3293 infectionibus
2956 3251 3020 3290 ex
3053 3234 3454 3291 sacriﬁciorum

203 3345 328 3394 μιον
361 3325 472 3396 πῦρ
492 3343 503 3355 ’
536 3326 764 3379 ἀνάπτει
790 3325 846 3377 δὲ
877 3324 996 3391 τὴν
1020 3323 1129 3398 τῆς
1163 3324 1453 3390 ἀληθείας
1474 3325 1777 3394 λαμπάδα,

200 3419 300 3470 καὶ
333 3415 404 3468 τὸ
435 3415 645 3468 ἔλαιον
679 3413 788 3480 τῆς
815 3415 1106 3482 κρίσεως-ο
1150 3412 1428 3482 ἐλευθεροῖ
1467 3414 1524 3467 δὲ
1558 3416 1651 3467 καὶ
1679 3417 1781 3482 γῆν

199 3509 481 3578 αίμάτων,
514 3509 610 3560 καὶ
640 3506 778 3576 ἀέρα
815 3506 1201 3576 μολυσμάτων,
1230 3506 1340 3561 τῶν
1395 3510 1459 3561 ἐκ
1497 3509 1592 3576 τῆς
1637 3509 1783 3560 κνίσ·

203 3619 309 3670 σης
365 3601 460 3654 καὶ
511 3598 604 3653 τοῦ
646 3597 855 3653 καπνοῦ
896 3615 910 3628 ·
946 3598 1063 3652 ἀντ’
1119 3597 1299 3651 αὐτῶν
1327 3599 1383 3653 δὲ
1425 3599 1626 3670 μᾶλλον
1660 3601 1784 3653 ἀντ-

201 3694 427 3760 εισάγει
483 3691 672 3754 θυσίας
709 3690 882 3758 ίεράς,
939 3691 1035 3743 καὶ
1094 3691 1455 3760 θυμιαμάτων
1517 3692 1783 3763 ἀρώματα

203 3785 412 3854 εὐώδη,
443 3783 538 3836 καὶ
577 3783 798 3846 στάσεις
853 3782 1186 3851 παννυχίους
1217 3782 1295 3851 τῷ
1343 3782 1461 3852 Θεῷ
1487 3783 1784 3853 εὐπροσδέ-

203 3893 400 3939 κτους.
460 3873 652 3927 Αὐτῶν
687 3873 746 3927 ὁὶ
792 3871 902 3925 τῶν
941 3872 1336 3943 ἀφιδρυμάτων
1384 3871 1448 3946 [ι’.
1481 3873 1706 3946 homo].
1750 3875 1786 3930 ἃ.

207 3969 314 4037 μὲν
339 3968 421 4028 τίς
453 3965 582 4036 χοῦν
612 3964 888 4030 λεπτύνει,
918 3964 953 4018 ἀ
981 3963 1039 4018 δὲ
1070 3966 1203 4035 πυρὶ
1236 3964 1333 4017 καὶ
1361 3965 1658 4036 ἀφανισμῷ
1678 3985 1786 4020 πα-

205 4057 519 4129 ραπέμπει,
542 4056 578 4112 ἀ
602 4057 658 4110 δι
697 4057 779 4119 τίς
808 4055 1104 4119 Βυζάντιον
1151 4056 1380 4126 ἀγαγὼν
1435 4056 1485 4127 (ὃ
1529 4057 1594 4128 δὴ
1627 4059 1788 4122 αὐτὸς

204 4152 279 4204 ἐκ
310 4148 512 4222 μικροῦ
551 4148 693 4219 μέγα
718 4150 1230 4218 καταστησάμενος,
1278 4148 1374 4203 καὶ
1401 4151 1538 4203 πᾶσι
1581 4153 1791 4222 κοσμήο

207 4260 316 4307 σας
349 4244 463 4304 τοῖς
492 4243 594 4311 τὴν
625 4239 913 4311 βασιλικὴν
943 4239 1414 4310 ἐπιδεικνυμένοις
1447 4239 1789 4313 μεγαλοπρέ-

207 4350 403 4398 πειαν,
444 4331 1018 4388 Κωνσταντινούπολιν
1073 4331 1455 4402 ιπωνὸμασεν)
1481 4349 1496 4365 ·
1550 4333 1790 4388 ἐνταῦθα

207 4427 402 4480 τοίνυν
421 4425 594 4479 πολλά
618 4424 730 4477 τῶν
760 4418 1097 4491 ἀγαλμάτων
1147 4421 1379 4493 ἀχθῆναι
1419 4423 1703 4488 κελεύσας,
1735 4426 1792 4478 ἔν

209 4537 276 4572 τε
318 4518 400 4588 τῷ
428 4517 642 4586 θεάτρῳ
669 4516 766 4570 καὶ
816 4516 935 4577 ταῖς
957 4513 1243 4576 πλατείαις
1292 4513 1566 4583 ἱδρύσατο.
1614 4517 1794 4578 Ναοὺς

209 4613 272 4662 δὲ
312 4607 592 4676 πανταχοῦ
624 4609 722 4675 τῆς
767 4605 1090 4674 οἰκουμένης
1143 4603 1324 4666 θείους
1356 4603 1617 4673 ἀνέστησε
1646 4622 1660 4637 ·
1695 4607 1795 4658 καὶ

209 4702 347 4754 τότε
389 4701 455 4769 δὴ
500 4700 732 4768 μάλιστα
759 4697 819 4749 τδ
847 4696 999 4765 παρά
1038 4693 1132 4747 τοῦ
1177 4694 1343 4747 Δαόὶδ
1371 4694 1584 4767 ἐδείχθη
1618 4697 1796 4764 λόγιον

213 4792 628 4862 πληρούμενον,
645 4791 726 4842 ὅτι
752 4787 1049 4852 Βασιλεὺς
1077 4786 1281 4853 πάσης
1299 4783 1409 4851 τῆς
1427 4785 1538 4855 γῆς
1559 4791 1590 4841 ὀ
1615 4790 1759 4854 Θεός
1778 4806 1789 4817 ο

214 4889 324 4940 καὶ
355 4887 438 4937 ὅτι
478 4882 593 4936 τοῦ
620 4882 837 4949 Κυρίου
857 4881 894 4948 ἡ
927 4878 1003 4948 γῆ
1028 4880 1123 4931 καὶ
1149 4878 1214 4931 τὸ
1239 4877 1533 4945 πλήρωμα
1562 4880 1750 4948 αὐτῆς
1777 4898 1790 4911 ·

213 4977 324 5030 καὶ
346 4977 429 5028 ὅτι
459 4973 568 5028 Τοῦ
620 4973 842 5039 Κυρίου
869 4973 904 5038 ὴ
920 4968 1230 5034 βασιλεία,
1253 4968 1348 5020 καὶ
1372 4968 1552 5034 αὐτὸς
1573 4970 1795 5024 δεσπόο

220 5066 310 5126 ζει
359 5063 480 5116 τῶν
527 5061 738 5116 ἐθνῶν.
769 5060 937 5121 Αὐτὸς
967 5055 1167 5127 δηλαδὴ
1216 5056 1308 5106 καὶ
1357 5057 1404 5106 οἱ
1461 5056 1588 5127 περὶ
1630 5061 1792 5112 αὑτὸν

218 5157 519 5227 ἠγεμ⁶“¹εἶν
549 5154 643 5206 καὶ
685 5153 790 5205 ἀπδ
827 5150 1005 5206 τοῦδε·
1047 5148 1224 5202 πάντα
1261 5149 1360 5215 μὲν
1398 5146 1524 5215 ἔθνη
1570 5152 1796 5222 εἰρήνην
1837 5151 1970 5225 ἦγον
2021 5159 2114 5209 καὶ
2142 5157 2395 5228 ἡσυχίαν,
2443 5154 2537 5206 τοῦ
2605 5153 2810 5222 Κυρῖου
2860 5151 3079 5211 πάντως

1883 3335 2073 3390 nidore
2141 3332 2396 3389 et~fumo
2437 3331 2790 3386 manantibus
2834 3328 3106 3398 purgavit,
3158 3339 3458 3393 eorumque

1883 3429 2004 3481 loco
2052 3427 2138 3496 pia
2197 3423 2465 3478 sacriﬁcia
2500 3430 2555 3475 et
2620 3420 2992 3477 suaveolentia
3039 3417 3456 3488 thymiamatum

1886 3527 2151 3582 aromata,
2189 3531 2486 3585 sacrasque
2514 3522 2814 3568 nocturnas
2849 3511 3114 3565 stationes
3144 3507 3455 3563 constituit.

1885 3607 2129 3667 Statuas,
2166 3605 2368 3677 quibus
2418 3615 2549 3657 tunc
2583 3601 2752 3655 Roma
2793 3599 2991 3654 referta
3022 3605 3164 3661 erat,
3205 3597 3341 3650 alias
3401 3595 3457 3647 in

1885 3699 2162 3769 pulverem
2247 3694 2622 3760 comminuit,
2663 3693 2799 3747 alias
2846 3690 2955 3761 igni
3007 3696 3103 3744 aut
3150 3688 3257 3741 alio
3296 3685 3462 3740 modo

1887 3791 2264 3858 consumpsit,
2300 3789 2436 3844 alias
2465 3787 2781 3858 Byzantium
2817 3794 3002 3855 (quam
3044 3782 3318 3836 civitatem
3364 3779 3464 3833 abs

1889 3892 1948 3933 se
1976 3893 2038 3932 ex
2073 3891 2234 3947 parva
2270 3891 2520 3946 magnam
2571 3875 2817 3930 effectam
2856 3889 2886 3928 e
2930 3886 3031 3926 suo
3067 3871 3288 3926 nomine
3324 3866 3467 3924 Con-

1891 3971 2288 4039 stantinopolim
2351 3967 2666 4039 appellavit)
2744 3965 3067 4030 translatas,
3140 3964 3192 4017 in
3249 3963 3467 4016 theatro

1893 4071 2055 4132 atque
2095 4060 2286 4130 plateis
2327 4059 2617 4114 collocavit
2659 4072 2720 4111 ac
2769 4070 2926 4111 sacra
2982 4054 3206 4109 demum
3255 4052 3460 4120 templa

1893 4153 2096 4221 ubique
2117 4162 2387 4206 terrarum
2413 4151 2607 4204 erexit.
2651 4146 2833 4213 Quare
2852 4157 2968 4200 tum
3001 4143 3083 4198 vel
3107 4142 3342 4196 maxime
3363 4141 3465 4193 im-

1896 4245 2098 4315 pletum
2132 4259 2256 4299 esse
2308 4252 2646 4313 compertum
2686 4250 2772 4295 est
2807 4239 2939 4293 illud
3004 4234 3228 4289 Davidis
3279 4232 3464 4302 regis:

1897 4337 2160 4403 Quoniam
2195 4351 2287 4388 rex
2333 4334 2501 4388 omnis
2543 4343 2698 4388 terra
2733 4331 2871 4385 Deus
2905 4331 2956 4382 ἰ
3002 4337 3075 4390 et,
3118 4326 3329 4381 Domini
3387 4333 3465 4378 ut

1899 4440 2036 4480 terra
2068 4437 2114 4480 et
2154 4425 2420 4493 plenitudo
2459 4424 2634 4491 ejus’:
2671 4439 2755 4484 ac,
2809 4421 3021 4474 Domini
3050 4428 3128 4473 est
3173 4432 3388 4487 regnum
3418 4423 3469 4469 et

1900 4523 2010 4589 ipse
2063 4519 2422 4573 dominabitur
2473 4517 2703 4584 gentium
2728 4515 2768 4566 ³.
2801 4513 2939 4568 Hinc
2973 4526 3103 4566 vero
3134 4509 3333 4563 factum
3362 4515 3466 4572 est,

1904 4620 1962 4664 ut
2003 4612 2118 4679 ipse
2165 4611 2477 4675 imperator,
2516 4607 2744 4673 ejusque
2779 4619 2971 4658 omnes
3013 4603 3198 4665 duces,
3226 4598 3472 4665 adeoque

1907 4711 1960 4753 et
1985 4715 2174 4754 omnes
2203 4699 2405 4767 populi,
2444 4713 2655 4751 summa
2714 4704 2849 4750 tunc
2917 4708 3046 4763 pace
3104 4706 3169 4745 ac
3201 4690 3472 4758 tranquil-

1905 4792 2054 4844 litate
2081 4790 2424 4855 l'ruerentur;
2455 4789 2678 4842 Domino
2699 4787 2857 4857 481
2877 4785 3086 4840 scilicet
3111 4797 3289 4852 regem
3313 4794 3471 4835 suum

1904 4884 2261 4951 gloriticante.
2313 4877 2771 4948 quemadmodum
2829 4891 2922 4945 per
2967 4875 3285 4944 prophetam
3344 4884 3473 4941 pro-

1903 4976 2071 5037 misit,
2119 4973 2341 5029 dicens"
2389 4992 2401 5024 :
2449 4972 2814 5038 Glorifzcuntes
2857 4985 2935 5022 me
2975 4966 3299 5039 gloriﬁcabo.

3165 5152 3256 5200 τὸν
3304 5143 3474 5198 αὐτοῦ

222 5247 456 5321 βπιλέα
475 5245 808 5310 “air-5”“!
831 5239 973 5294 ³⁸³θά
989 5241 1070 5292 δεῖ
1089 5237 1152 5310 Ur
1174 5235 1261 5308 δὴ]
1304 5239 1398 5289 καὶ
1435 5238 1820 5308 ἐπηγγείλατο.
1861 5250 2003 5314 Τοὺς
2028 5250 2135 5318 γάρ
2154 5247 2509 5311 δοξάζοντάς
2528 5262 2623 5314 με,
2653 5247 2808 5314 φησί,
2828 5242 3084 5307 δοξάσω,
3109 5240 3194 5293 διὰ
3225 5239 3317 5291 τοῦ
3343 5254 3476 5307 προ-

222 5337 472 5410 φητικοῦ
506 5333 628 5389 εἷπε
670 5336 958 5404 στόματος.

304 5438 350 5469 ’⁸
374 5434 518 5490 Psal.
543 5449 651 5497 cu,
676 5434 730 5487 3.
809 5434 824 5463 ¹
859 5429 1006 5484 Psal.
1039 5443 1223 5492 xum,
1247 5427 1298 5483 8.
1376 5429 1397 5460 ⁸
1431 5429 1569 5484 Psal.
1595 5446 1753 5496 xxm,
1786 5436 1834 5489 l.
1911 5435 1930 5466 ³
1962 5433 2106 5485 Psal.
2145 5445 2253 5492 xxi,
2284 5427 2373 5482 29.

2451 5428 2468 5455 δ
2497 5422 2516 5475 l
2545 5422 2673 5491 licg.
2705 5437 2765 5481 ιι,
2792 5421 2879 5472 32.

1405 5520 1602 5582 Varite
1651 5523 1958 5585 lectiones
1989 5532 2051 5582 et
2099 5526 2286 5579 notae.

310 5632 392 5701 ιθ)
425 5631 590 5701 Anno
611 5628 817 5682 Christi
843 5625 972 5690 306,
1001 5637 1110 5693 quo
1137 5636 1167 5677 e
1197 5619 1334 5676 vivis
1374 5625 1607 5680 excessit
1670 5623 1812 5680 con.

227 5698 475 5762 stantius
498 5698 747 5750 Cltlorus.

313 5773 390 5840 ('7)
425 5771 509 5822 ἴσ.
553 5767 906 5840 κληρονόμον.

312 5837 390 5912 ιδ)
425 5842 509 5893 ῖσ.
545 5837 744 5898 αὐτοῖς.

1988 5623 2062 5690 (9)
2100 5621 2185 5672 ἵσ.
2208 5617 2412 5690 ἀϐροῖς.

1988 5635 2062 5690 (tt)
2100 5635 2185 5672 m.
2208 5635 2412 5738 αοροις.

1984 5690 2184 5755 (μυῖα.
2212 5705 2280 5758 κα
2315 5687 2458 5745 ἐσας.
2564 5753 2572 5758 _
2611 5753 2616 5758 _
2839 5749 2848 5758 _
2916 5749 2954 5758 η
3063 5745 3110 5758 ι,
3231 5743 3243 5755 _
3349 5740 3412 5758 ν,

1985 5741 2096 5830 illi
2141 5741 2212 5830 De
2243 5757 2357 5830 hac
2391 5741 2730 5830 apparitione
2769 5749 2878 5818 agit
2916 5745 3183 5802 Eusebius
3231 5743 3284 5798 in
3349 5741 3471 5796 Vita

1915 5821 2271 5889 Constantini,
2307 5825 2397 5881 lib.
2428 5821 2492 5888 ιι,
2514 5838 2631 5890 cap.
2665 5821 2752 5873 ‘38.
