4244 6436
227 362 316 425 ιδι

1136 359 1508 417 HISTORIA
1543 355 1921 417 MARTYRII
1958 357 2055 416 XV
2097 356 2547 417 MARTYRUM.

3366 353 3468 417 162

223 474 365 543 ἡμᾶς
401 468 772 540 ἡγησάμενος.
819 467 1072 520 Μάλιστα
1118 467 1226 536 γὰρ
1261 468 1362 519 οὐκ
1399 468 1673 536 ἄχρηστος
1724 466 1789 533 τῇ
1822 472 1899 524 Ai

1822 472 1868 524 Α
1898 465 2356 532 utilissimaenim
2392 473 2475 518 est
2501 463 2754 517 Ecclesiat
2799 463 3174 533 studiosisque
3199 463 3465 517 auditori-

225 561 460 635 Χριστοῦ
520 556 842 627 Ἐκκλησία,
881 555 972 609 καὶ
1025 557 1134 616 τοῖς
1189 554 1544 624 φιλομαθέσιν
1593 555 1795 622 ἀκροα-

225 655 364 715 ταῖς,
402 654 434 719 ἡ
485 650 592 702 τῶν
625 648 793 701 πάλαι
827 644 1217 713 γεγενημένων
1248 645 1524 712 διήγησις.
1585 641 1653 693 Τὸ
1691 639 1799 710 γάρ

227 743 426 798 πολλὰ
474 741 696 795 ειδέναι
769 738 1005 791 πολλοῦ
1058 737 1252 800 ἀξιον,
1309 735 1384 799 ὥς
1440 752 1527 798 τις
1576 735 1796 802 ἔφησεν.

231 837 464 887 Ἔπειτα
494 832 615 885 οὐδὲ
639 831 739 899 τῆς
765 830 856 881 τοῦ
880 829 1038 897 λόγου
1069 827 1374 888 ὑποθέσεως
1399 826 1589 896 πόρρω
1609 822 1796 875 ταῦτα.

232 925 493 992 Ἀθλησις
528 923 624 992 μὲν
655 921 764 991 γὰρ
803 919 1117 990 μαρτύρων,
1151 921 1182 988 ή
1216 918 1309 970 τοῦ
1340 918 1497 984 λόγου
1527 915 1796 975 ὑπόθεσις.

232 1008 393 1066 Οὗτοι
431 1014 529 1080 μὲν
560 1007 654 1063 οὖν
685 1009 826 1062 κατὰ
857 1011 980 1071 τοὺς
1023 1006 1311 1060 Ἰουλιανοῦ
1359 1005 1583 1074 χρόνους
1633 1003 1802 1072 ἧθλη·

229 1123 328 1157 σαν
354 1121 367 1134 ’
409 1106 457 1155 εἰ
500 1102 699 1164 τοίνυν,
753 1099 827 1161 ὼς
872 1099 1072 1159 ἔνεστι,
1126 1099 1266 1151 κατὰ
1299 1096 1405 1149 τῶν
1459 1095 1802 1164 Χριστιανῶν

231 1198 436 1266 μανίας
469 1194 625 1248 τοῦδε
659 1193 925 1264 τυράννου
964 1189 1416 1260 ἐπεμνήσθημεν,
1445 1190 1518 1252 ὼς
1549 1189 1613 1242 ἂν
1645 1206 1805 1256 περιρ

231 1291 406 1357 φανὴς
439 1287 592 1339 ἔσται
629 1286 737 1337 τῶν
774 1283 1070 1354 μαρτύρων
1103 1284 1136 1352 ἡ
1167 1283 1507 1350 γενναιότης,
1551 1281 1631 1332 ὅτι
1668 1281 1804 1349 πρὸς

231 1381 454 1448 καιροὺς
475 1377 749 1438 τοιούτους
775 1375 1058 1444 ἱδρύσαντο
1171 1372 1430 1442 ὴνδρίσ.],
1457 1372 1548 1424 καὶ
1568 1371 1805 1423 τοιούτου

231 1474 502 1541 τυράννου
533 1472 641 1523 τῶν
690 1467 1130 1539 προσταγμάτων
1174 1466 1665 1534 κατωλιγώρησαν,
1712 1463 1805 1515 τοῦ

233 1565 444 1624 πάντας
486 1563 721 1622 διώκτας
753 1558 1069 1628 ἀποκρύψαι
1123 1556 1620 1626 φιλονεικήσαντοξ.
1650 1553 1808 1605 Ἐπεὶ

232 1654 460 1708 καὶτῶν
489 1653 602 1704 ἄκω
625 1652 897 1720 ῥηθέντων
914 1650 1116 1704 τούτων
1141 1649 1327 1701 ’ἐνεκεν
1358 1646 1807 1716 ἐπεμνήσθημεν,

1904 557 2004 608 bus
2070 571 2274 620 rerum,
2303 572 2422 623 qua:
2449 556 2677 610 vetustis
2709 556 3043 623 temporibus
3096 557 3466 623 contigerunt,

1899 648 2201 700 enarratio.
2245 647 2392 701 Scire
2465 650 2608 700 enim
2665 648 2832 700 multa
2911 649 3134 700 multum
3193 650 3366 713 valet,
3414 662 3470 702 ut

1901 737 2124 804 quidam
2156 735 2396 790 dicebat.
2428 737 2656 800 Deinde,
2686 754 2863 807 neque
2886 739 2954 792 ab
2981 751 3302 805 argumento
3343 756 3474 793 ora.

1902 827 2066 880 tionis
2098 828 2260 895 hujus
2294 828 2472 881 aliena
2506 839 2654 892 sunt,
2684 846 2806 898 qua:
2838 831 2910 882 dii
2932 839 3085 883 turus
3113 846 3254 883 sum.
3277 831 3467 884 Certa-

1905 936 2027 971 men
2050 919 2195 974 enim
2225 929 2524 991 martyrum
2573 938 2740 976 causa
2774 923 3076 977 disserendi
3137 924 3270 978 mihi
3324 941 3473 979 nunc

1903 1016 1986 1060 est
2021 1028 2031 1060 :
2069 1009 2184 1076 qui,
2218 1025 2341 1062 cum
2393 1011 2695 1078 imperante
2773 1010 2917 1065 dicto
2967 1011 3183 1066 Juliano
3229 1026 3474 1070 certave-

1906 1100 2038 1161 rint,
2066 1116 2305 1170 congrue
2345 1103 2413 1156 de
2446 1104 2616 1172 ipsius
2652 1105 2866 1173 tyranni
2903 1105 3195 1158 furibunda
3229 1109 3280 1161 in
3310 1109 3473 1162 Chri-

1907 1192 2113 1247 Stianos
2173 1194 2389 1247 insania
2427 1196 2634 1249 mentio
2696 1196 2982 1265 praecedit;
3023 1205 3082 1249 ut
3143 1199 3224 1251 sic
3277 1200 3475 1253 clarior

1911 1282 2002 1334 fiat
2037 1283 2229 1336 horum
2254 1294 2557 1351 martyrum
2600 1284 2804 1338 invicta
2853 1287 3188 1350 constantia,
3223 1289 3315 1356 qui
3363 1297 3474 1342 tam

1909 1373 2112 1442 iniquis
2170 1374 2510 1442 temporibus
2551 1375 2703 1429 firmi
2724 1385 2923 1431 stetere
2946 1385 3000 1430 et
3023 1378 3325 1433 immobiles
3350 1419 3366 1443 ,
3400 1391 3478 1433 ta-

1910 1464 2084 1533 lisque
2113 1466 2348 1535 tyranni,
2390 1467 2483 1536 qui
2517 1481 2709 1522 omnes
2736 1468 2870 1522 alios
2907 1481 3285 1535 persecutores
3313 1487 3476 1540 supc-

1910 1571 2035 1610 rare
2067 1557 2302 1611 voluisse
2325 1557 2562 1623 videtur,
2585 1559 2838 1613 mandata
2856 1570 3257 1630 contempsere.
3291 1561 3479 1616 Priora

1910 1645 2072 1698 etiam
2107 1647 2228 1700 ideo
2254 1662 2284 1700 a
2336 1649 2496 1705 nobis
2527 1648 2673 1703 dicta
2708 1662 2861 1715 sunt,
2897 1661 2956 1705 ut
2987 1655 3222 1707 orationi
3276 1665 3481 1708 nostra:

233 1746 306 1808 ὡς
335 1747 400 1797 ἂν
433 1744 678 1812 κεφαλὴν
712 1744 844 1812 ημῖν
865 1743 893 1794 6
923 1740 1078 1809 λόγος
1109 1739 1244 1811 ἔχοι,
1273 1739 1367 1793 καὶ
1390 1737 1476 1807 εἴη
1507 1737 1810 1810 άρτιμελὴς
1843 1804 1881 1814 _

1805 1752 1810 1791 :
1843 1804 1881 1814 _
1914 1735 2085 1790 instar
2105 1739 2306 1805 capitis
2336 1749 2544 1803 essent,
2575 1755 2747 1809 eaque
2798 1743 2913 1796 suis
2948 1745 3208 1799 omnibus
3233 1746 3481 1814 partibus

230 1854 292 1891 τε
327 1842 425 1889 καὶ
449 1836 674 1896 τέλειος.

305 1927 372 1992 ζ’.
447 1926 635 1992 Τούτῳ
684 1925 866 1978 τοίνυν
905 1921 981 1993 τῷ
1025 1923 1360 1994 ’Δποστάτῃ,
1388 1920 1574 1992 πατὴρ
1605 1922 1705 1990 μὲν
1739 1915 1806 1989 ἦν

235 2020 638 2081 Κωνστάντος,
677 2021 706 2071 6
737 2018 830 2070 τοῦ
866 2015 1101 2086 μεγάλου
1124 2013 1533 2070 Κωνσταντίνου
1557 2013 1807 2082 ἁδελφὸς,

236 2110 620 2164 Κωνσταντίου
682 2111 781 2179 μὲν
830 2109 995 2178 ἄμφω
1049 2107 1254 2177 πατρός
1286 2122 1301 2138 ⁸
1358 2106 1582 2177 μητρῶν
1638 2105 1740 2172 δὲ,
1777 2108 1806 2159 6

239 2202 339 2271 μὲν
372 2200 656 2272 Θεοδὼρας
689 2202 788 2271 τῆς
829 2198 1145 2270 Ἐρκουλίου
1177 2196 1467 2265 θυγατρὸς,
1496 2198 1525 2249 6
1568 2195 1624 2248 δὲ
1664 2195 1813 2249 Ἑλέ-

238 2310 335 2362 νης
369 2295 469 2362 τῆς
509 2294 891 2362 πανευφήμου,
926 2291 1067 2343 καθὰ
1097 2290 1193 2343 καὶ
1225 2288 1531 2356 φθάσαντες
1562 2287 1812 2356 εἴπομεν.

237 2378 350 2436 Ἦν
385 2383 444 2436 δὲ
509 2383 802 2438 Ἰουλιανοῦ
858 2380 1229 2451 πρεσϐύτερος
1290 2379 1556 2445 ἀδελφὸς,
1609 2378 1813 2442 Γάλλος

238 2475 414 2545 δνομα
483 2475 680 2544 τούτῳ.
775 2473 929 2527 Ἐπεὶ
975 2472 1032 2526 δὲ
1094 2473 1503 2533 Κωνσταντῖνος
1558 2471 1586 2522 6
1639 2469 1815 2540 μέγας

239 2565 456 2636 ἀπῆλθε
490 2564 585 2618 τοῦ
619 2565 757 2635 βίου,
794 2565 872 2628 εἰς
922 2563 1302 2617 Κωνστάντιον
1348 2561 1404 2614 δὲ
1441 2560 1704 2629 περιέστη
1745 2559 1813 2613 τὰ

239 2657 342 2724 τῆς
389 2654 563 2725 Ἐᾠας
599 2654 876 2724 σκῆπτρα,
913 2651 1281 2722 νεωτερισμοῦ
1315 2667 1459 2714 τινος
1484 2649 1814 2718 ἐμπεσόντος

243 2749 358 2808 τοῖς
398 2745 780 2815 στρατιώταις,
809 2744 1110 2812 Δαλμάτιος
1156 2743 1254 2810 μὲν
1286 2743 1314 2794 6
1345 2740 1464 2804 νέος
1507 2742 1536 2793 6
1578 2739 1670 2792 τοῦ
1706 2758 1814 2794 πα-

246 2837 404 2892 λαιοῦ
439 2835 745 2906 Δαλματίου
777 2835 892 2898 υἱὸς
927 2833 1196 2904 ἀνῄρηται
1227 2833 1324 2886 σὺν
1367 2830 1546 2894 ἄλλοις
1582 2830 1815 2897 πολλοῖς,

245 2927 344 2982 τοῦ
395 2927 560 2980 αὐτοῦ
625 2929 815 2996 γένους
877 2925 1250 2993 καταγόμενος
1289 2939 1303 2952 ·
1358 2922 1558 2976 Γάλλον
1613 2922 1670 2974 δὲ
1723 2921 1819 2972 καὶ

262 3019 576 3083 ἰουλιανὸν,
613 3019 706 3072 τὸν
743 3018 844 3088 μὲν
890 3019 1174 3089 ἀρρωστία
1225 3014 1479 3084 συμϐᾶσα
1523 3013 1692 3082 δεινὴ,
1727 3015 1822 3066 καὶ

1843 1804 1885 1859 Β
1916 1824 2125 1895 integra
2157 1804 2220 1880 ac
2253 1827 2491 1895 perfecta
2529 1804 2692 1884 foret.

1989 1917 2042 1970 7.
2075 1917 2171 1971 llic
2197 1919 2363 1989 igitur
2410 1921 2673 1990 Apostata
2720 1931 2928 1993 patrem
2967 1925 3157 1980 habuit
3211 1926 3485 1982 Constan-

1921 2007 2078 2071 tium,
2119 2009 2466 2065 Constantini
2499 2012 2677 2082 Magni
2704 2015 2949 2069 fratrem.
2983 2015 3048 2070 iii
3098 2018 3206 2073 duo
3239 2020 3383 2074 enim
3416 2035 3483 2075 ex

1919 2100 2106 2154 eodem
2143 2109 2296 2169 patre
2323 2111 2479 2156 erant
2500 2142 2514 2167 ,
2543 2120 2650 2158 non
2681 2107 2806 2160 item
2840 2123 2905 2163 ex
2940 2109 3128 2163 cadent
3162 2119 3365 2178 matre;
3390 2112 3487 2167 sed

1921 2194 1969 2247 is
1999 2191 2216 2261 quidem
2258 2208 2324 2248 ex
2358 2192 2646 2250 Theodora
2685 2198 2926 2252 Herculii
2960 2201 3068 2254 lilia
3090 2244 3105 2266 ,
3141 2203 3228 2257 hic
3262 2219 3388 2258 vero
3418 2218 3486 2258 cx

1922 2282 2273 2336 celeberrima
2302 2282 2523 2353 llelentg
2556 2296 2610 2340 ut
2640 2287 2750 2356 jam
2781 2289 3039 2347 diximus.
3079 2292 3207 2347 Erat
3239 2309 3363 2349 vero
3393 2293 3492 2350 Ju-

1923 2373 2073 2428 liano
2103 2373 2275 2428 frater
2304 2378 2489 2431 senior
2515 2381 2732 2434 nomine
2761 2379 2964 2436 Gallus.
3001 2384 3194 2439 Statim
3223 2396 3400 2445 autem
3426 2402 3492 2443 ac

1920 2464 2313 2520 Constantinus
2339 2468 2445 2522 vita
2472 2472 2898 2542 excessit,atque
2924 2473 3278 2534 Constantius
3298 2481 3494 2537 Orien-

1921 2557 1989 2611 tis
2057 2557 2345 2626 imperium
2398 2559 2626 2629 adeptus
2678 2573 2799 2629 est,
2831 2567 2972 2619 facta
3002 2583 3030 2620 a
3057 2570 3316 2627 militibus
3343 2573 3494 2628 novi-

1924 2645 2054 2699 tatis
2111 2647 2422 2702 amantibus
2495 2649 2914 2717 insurrectione,
2963 2655 3261 2711 Dalmatius
3283 2659 3472 2729 junior

1927 2737 2161 2792 senioris
2182 2737 2431 2792 Dalmatii
2458 2739 2623 2804 filius,
2653 2742 2940 2808 perimitur
2961 2759 3084 2796 eum
3120 2747 3334 2803 caneris
3358 2748 3495 2816 ejus.

1929 2828 2050 2882 dem
2082 2830 2318 2898 generis,
2348 2838 2545 2898 praeter
2574 2828 2787 2884 Gallum
2821 2841 2872 2886 et
2904 2830 3177 2890 Julianum
3218 2855 3232 2890 :
3264 2854 3498 2908 quorum

1929 2919 2159 2973 alterum
2200 2923 2380 2990 gravis
2414 2924 2807 2991 superveniens
2864 2925 3179 2991 infirmitas,
3222 2947 3345 3000 quae
3393 2933 3498 3003 ipsi

1934 3021 2163 3067 mortem
2201 3015 2349 3068 brevi
2379 3016 2609 3069 allatura
2656 3017 2984 3073 credebatur
3014 3061 3029 3086 ,
3069 3022 3301 3076 alterum
3348 3035 3500 3080 tene-

255 3111 377 3183 μετ’
400 3111 579 3179 ὀλίγον
607 3109 829 3174 ἐπάξειν
857 3109 1190 3180 ὲλπιζομένη
1225 3107 1319 3160 τὸν
1347 3105 1578 3158 θάνατον
1605 3122 1620 3137 ·
1653 3104 1745 3156 τὸν
1768 3104 1824 3157 δὲ
1849 3125 1895 3188 C

1821 3125 1895 3188 ιο
1931 3099 2044 3152 rior
2071 3101 2251 3155 adhuc
2299 3113 2433 3183 aetas
2492 3104 2768 3175 (nondum.
2801 3110 2945 3162 enim
3000 3121 3253 3164 octavum
3295 3128 3497 3170 annum

250 3206 316 3256 τδ
357 3205 457 3274 τῆς
486 3203 703 3274 ἡλικίας
741 3203 860 3256 νέον
895 3199 1061 3271 (ὀκτὼ
1110 3200 1221 3270 γὰρ
1247 3198 1341 3269 ἐτη
1371 3199 1493 3252 τότε
1527 3199 1766 3265 γεγονὼς
1798 3200 1827 3250 6

254 3294 567 3364 νατάρατος
598 3293 734 3362 (18),
767 3293 862 3344 καὶ
891 3292 981 3345 διὰ
1017 3290 1178 3343 τοῦτο
1227 3290 1363 3358 πρὸς
1402 3288 1568 3341 αὐτὸν
1597 3289 1625 3340 6
1677 3288 1831 3357 βασι-

251 3381 383 3448 λεὺς
409 3383 962 3456 ἐφιλανθρωπεύσατο
998 3396 1012 3411 ·
1047 3380 1107 3433 τὸ
1129 3379 1185 3432 δὲ
1216 3380 1399 3449 μεῖζον
1439 3379 1533 3432 καὶ
1561 3377 1829 3448 κυριώτε-

259 3493 374 3548 ρον,
411 3475 639 3529 καὶτῶν
667 3473 761 3527 τοῦ
791 3471 926 3527 Θεοῦ
951 3471 1236 3542 χριμάτων
1267 3469 1526 3532 ἄϐυσσος,
1554 3468 1829 3539 κολαστὴν

256 3567 456 3638 πικρὸν
487 3567 832 3636 Χριστωνοτς
880 3561 1280 3632 ἀνατρέφοντος
1327 3561 1418 3613 διὰ
1460 3564 1559 3629 τὴν
1596 3558 1829 3626 ἄνεσιν),

259 3663 325 3714 ἐκ
366 3659 535 3729 μέσου
562 3657 673 3710 τῶν
705 3653 1116 3728 στρατιωτικῶν
1153 3652 1322 3721 ξιφῶν
1361 3652 1631 3723 ἥρπασεν.
1681 3652 1833 3704 Ἐπεὶ

257 3753 315 3806 δὲ
359 3753 489 3820 ῥᾷον
523 3749 650 3820 ἔσχε
699 3747 768 3801 τά
819 3746 921 3814 τῆς
956 3745 1113 3797 νόσου
1161 3745 1239 3812 τῷ
1267 3742 1476 3812 Γάλλῳ,
1501 3740 1833 3810 παραλαϐὼν

258 3846 353 3899 τὸν
402 3844 631 3911 ἀδελφὸν
672 3840 987 3901 ἰουλιανὸν,
1046 3838 1128 3899 εἰς
1188 3835 1390 3889 Ἰωνίαν
1435 3834 1602 3905 άμφω
1636 3837 1834 3906 κατέρ-

261 3942 415 4008 ρουσι
445 3936 507 4008 [ί.
538 3931 904 4004 καταίρουσι],
959 3930 1174 3991 πολλοῖς
1213 3927 1515 3998 τηνικαῦτα
1555 3930 1836 3996 σοφισταῖς

265 4031 361 4082 καὶ
388 4028 697 4096 φιλοσόφοις
724 4023 992 4076 ἀνθοῦσαν
1016 4037 1028 4050 ο
1061 4020 1195 4073 ἔνθα
1233 4019 1299 4089 δὴ
1336 4017 1432 4071 καὶ
1466 4017 1835 4088 διατρίϐοντες

1933 3201 2064 3247 tunc
2103 3207 2415 3250 excesserat
2450 3202 2717 3254 scelestus
2749 3201 2877 3266 ille;
2911 3205 3268 3270 quamobrem
3327 3206 3499 3275 impe-

1933 3295 2083 3338 rator
2118 3301 2240 3340 cum
2298 3287 2392 3340 illo
2424 3289 2720 3343 humanius
2769 3291 2874 3344 sibi
2916 3291 3185 3360 agendum
3239 3296 3446 3363 putavit
3483 3336 3499 3361 ,

1932 3374 2139 3443 sicque,
2166 3374 2311 3442 quod
2347 3375 2524 3443 majus
2555 3386 2606 3430 et
2640 3379 2938 3434 terribilius
2963 3389 3018 3434 et
3047 3381 3140 3437 Dei
3167 3381 3498 3450 judiciorum

1933 3467 2185 3535 abyssus,
2219 3481 2421 3520 saevum
2457 3467 2786 3525 Christianis
2842 3479 3109 3526 tortorem
3161 3475 3499 3545 indulgentia

1935 3572 2032 3609 sua
2066 3558 2372 3625 enutrivit),
2419 3572 2481 3612 ex
2538 3562 2982 3630 impendentibus
3019 3564 3252 3618 militum
3308 3569 3502 3637 gladiis

1936 3647 2280 3716 eripuerunt.
2321 3649 2387 3704 Ut
2422 3667 2551 3705 veto
2596 3659 2828 3721 primum
2862 3653 3049 3710 Gallus
3078 3659 3376 3725 convaluit,
3408 3675 3500 3714 as-

1935 3751 2153 3810 smnpto
2188 3758 2370 3796 secum
2415 3744 2583 3798 fratre
2616 3761 2718 3801 suo
2755 3745 2994 3814 Iuliano,
3041 3749 3093 3802 in
3142 3749 3345 3806 Ioniam
3379 3753 3504 3807 rhe-

1938 3831 2147 3884 toribus
2185 3839 2239 3885 et
2279 3833 2641 3902 philosophis,
2675 3836 2727 3889 id
2752 3839 3034 3906 temporis,
3065 3841 3322 3911 inclytam
3355 3857 3505 3898 com-

1936 3919 2238 3983 migravit:
2281 3921 2372 3974 ubi
2410 3923 2570 3977 ambo
2623 3924 2716 3978 diu
2766 3935 3186 3992 commorantes,
3231 3929 3502 3999 integrum

1935 4009 2352 4079 disciplinarum
2411 4014 2747 4068 curriculum
2806 4019 3179 4083 absolverunt,
3223 4020 3495 4092 ingenue,

264 4120 448 4172 πᾶσαν
504 4115 775 4185 μετῄεσαν
809 4111 1130 4174 παίδευσιν,
1165 4107 1399 4175 εὐγενῶς
1451 4107 1546 4160 καὶ
1600 4105 1833 4175 μεγαλος

1831 4136 1833 4145 ι
1940 4105 2232 4172 magnifice
2276 4112 2330 4158 ct
2366 4105 2514 4173 regie
2545 4107 2782 4162 educati.
2820 4109 2955 4163 Cum
3007 4111 3151 4164 enim
3208 4112 3507 4182 imperator

264 4207 514 4278 πρεπῶς,
545 4207 638 4259 καὶ
670 4203 803 4259 αὐτὸ
824 4201 986 4255 τοῦτο
1019 4200 1317 4270 βασιλικῶς
1349 4198 1700 4268 ἀναγόμενοι.
1723 4189 1832 4248 Ἦν
1935 4215 1940 4242 ι

1827 4212 1832 4238 ι
1935 4203 2131 4250 cuncta
2154 4197 2324 4266 patris
2351 4200 2488 4251 bona
2509 4197 2590 4252 eis
2610 4199 2945 4266 dimisisset,
2969 4201 3319 4260 facultatibus
3340 4222 3503 4275 quam

264 4305 377 4376 γὰρ
405 4305 587 4365 αὐτοῖς
621 4303 714 4356 καὶ
749 4299 1049 4371 χρημάτων
1076 4293 1310 4364 εὐπορία
1334 4291 1526 4360 πολλὴ,
1552 4292 1730 4343 πάντα
1763 4288 1832 4342 τὰ
1933 4303 1940 4340 1

1828 4307 1832 4341 ι
1933 4287 2168 4343 maxime
2213 4289 2582 4344 abundabant.
2615 4291 2795 4357 Quare
2824 4301 2876 4346 et
2930 4295 3166 4363 propriis
3194 4299 3504 4367 sumptibus

266 4393 496 4463 πατρῷα
532 4391 697 4446 αὐτοῦ
727 4389 994 4460 βασιλέως
1023 4387 1205 4448 αὐτοῖς
1232 4385 1470 4444 ἀνέντος.
1503 4381 1632 4434 Ὅτε
1651 4381 1714 4450 δὴ
1738 4382 1832 4433 καὶ
1935 4387 1942 4430 1

1826 4401 1832 4433 .
1935 4380 2195 4449 templum
2226 4381 2432 4436 sanctis
2453 4383 2782 4452 martyribus
2799 4384 3065 4441 aedificare
3086 4391 3326 4458 aggressi
3356 4404 3502 4446 sunt.

264 4484 392 4538 ναύν
424 4483 705 4552 Μάρτυσιν
740 4481 964 4549 ἁνιστᾷν
991 4473 1319 4545 ἀρξαμένοις
1354 4471 1687 4541 ἀμφοτέροις
1717 4473 1827 4534 τοῖς
1854 4465 1908 4525 D
1934 4481 1940 4519 ι

1854 4465 2066 4526 DCum
2099 4488 2228 4527 vero
2282 4474 2481 4543 singuli
2531 4476 2854 4544 peculiarem
2909 4479 3010 4533 sibi
3064 4483 3247 4550 templi
3298 4495 3503 4552 partem

265 4575 533 4644 ἀδελφοῖς,
559 4575 652 4627 καὶ
681 4569 1119 4640 διανιιμαμένοις
1148 4566 1393 4636 ἑκατέρῳ
1428 4562 1612 4632 μέρος,
1654 4561 1840 4632 Γάλλῳ
1939 4599 1941 4607 ,

1832 4581 1840 4611 ι
1939 4560 2308 4616 ωάἰίὶοαηάιιιη
2354 4563 2739 4630 destinassent,
2787 4565 2926 4621 Galli
2954 4569 3173 4638 quidem
3207 4585 3331 4640 pars
3361 4584 3508 4628 recte

270 4669 373 4737 μὲν
411 4668 445 4735 ἡ
483 4665 641 4736 μερὶς
704 4662 882 4724 καλῶς
909 4655 1047 4730 εἶχε,
1083 4658 1178 4711 καὶ
1221 4655 1490 4724 ἁνυψοῦτο
1523 4652 1833 4724 ὁσημέραι·
1940 4669 1946 4705 l

1829 4669 1833 4683 ι
1940 4651 2185 4723 sem
2228 4655 2456 4709 habebat
2492 4665 2545 4709 et
2597 4658 2880 4714 crescebat
2939 4663 3219 4730 quotidie,
3258 4663 3505 4722 Julianus

282 4757 576 4821 Ἰουλιανὸς
627 4757 683 4810 δὲ
719 4795 732 4819 ,
778 4757 902 4808 ὅσον
957 4751 1220 4823 ᾠκοδόμει
1251 4790 1266 4814 ,
1324 4746 1486 4800 πάλιν
1520 4745 1840 4815 αὐτομάτως
1939 4758 1958 4797 a

1827 4761 1840 4806 ;
1939 4753 2124 4798 autem
2155 4745 2418 4815 quidquid
2471 4747 2795 4813 aediﬁcabat,
2821 4767 3011 4807 rursus
3068 4753 3135 4807 ad
3168 4763 3370 4811 terram
3406 4773 3503 4812 sua

272 4852 470 4906 ἐϐλεπε
503 4846 934 4920 καθαιρούμενον
959 4859 973 4874 ο
1005 4843 1124 4896 οὐδὲ
1150 4841 1249 4909 τῆς
1282 4838 1382 4909 γῆς
1409 4879 1423 4904 ,
1455 4833 1632 4907 οἶμαι,
1676 4836 1847 4901 δυνασ,
1936 4850 1948 4890 t

1829 4863 1847 4901 ι,
1936 4847 2130 4907 sponte
2155 4851 2410 4893 corruere
2432 4841 2794 4909 perspiciebat
2815 4844 3045 4898 :scilicet
3072 4861 3246 4915 neque
3265 4856 3429 4912 terra,
3450 4858 3505 4901 ut

279 4946 448 5014 μένης
480 4940 750 5010 βαστάσαι
799 4937 899 5007 τὴν
932 4934 1026 4988 τοῦ
1073 4929 1304 4993 ἀσεϐοῦς
1358 4926 1840 4998 ὲπικεκρυμμένην
1941 4944 1955 4998 ι

1830 4944 1840 4975 ο
1941 4939 2092 4998 puto,
2119 4929 2258 4984 ferre
2284 4939 2490 4999 poterat
2517 4933 2774 4988 latentem
2810 4934 3048 4991 hominis
3082 4935 3228 4992 illius
3262 4937 3506 5007 impieta-

272 5035 552 5089 ἀσέϐειαν.
598 5031 760 5084 Ἀλλὰ
788 5029 896 5081 τῶν
925 5026 1022 5097 μὲν
1056 5024 1231 5078 ἄλλων
1264 5021 1378 5091 (19)
1411 5017 1840 5090 ἡφιλανθρωπία

1829 5035 1840 5068 ι
1949 5026 2077 5073 tem.
2099 5017 2233 5074 Cum
2259 5033 2386 5074 vero
2403 5029 2590 5087 postea
2616 5020 2960 5092 imperatoris
2983 5024 3271 5079 clementia
3294 5025 3505 5081 Gallum

273 5125 372 5178 τοῦ
401 5122 662 5192 βασιλέως
681 5117 941 5186 Καίσαρα
971 5113 1204 5182 καθιστᾷ
1224 5128 1241 5146 ο
1284 5108 1564 5170 Ἰουλιανὸς
1597 5107 1653 5162 δὲ
1686 5123 1840 5176 περι·
1886 5152 1889 5156 ,
1942 5117 1949 5152 ι

1831 5136 1840 5146 -
1886 5152 1889 5156 π
1942 5108 2209 5164 Caesarem
2234 5119 2489 5176 creasset,
2509 5109 2755 5166 Julianus
2769 5113 2983 5168 interim
3009 5113 3287 5184 frugaliter
3299 5117 3507 5182 vivens,

274 5219 387 5288 ῄει,
419 5213 689 5266 εὐτέλειάν
719 5227 779 5263 τε
811 5207 1014 5273 ἀσκῶν,
1044 5204 1138 5259 καὶ
1168 5202 1451 5272 φιλόσοφος
1507 5196 1643 5252 εἶναι
1678 5214 1847 5268 προσ·
1945 5219 1950 5253 ;

1829 5228 1847 5239 -
1945 5215 2009 5254 ac
2039 5202 2414 5273 philosOphuut
2449 5205 2735 5272 simulans,
2800 5206 3163 5277 bucillucque
3192 5209 3505 5277 vagabatur.

275 5322 620 5376 ποιουμενος.

350 5404 426 5466 η’.
495 5395 570 5447 Οὐ
602 5393 704 5463 μέν
731 5409 782 5445 τι
811 5389 876 5462 [ι’.
906 5385 1115 5459 μέντοι]
1145 5385 1523 5439 Κωνστάντιον
1560 5378 1847 5434 ἐλάνθανεν

1830 5396 1847 5431 ,ο
2015 5375 2067 5430 8.
2103 5378 2357 5432 Attamen
2383 5377 2762 5435 Constantium
2790 5395 2899 5435 non
2920 5381 3144 5436 omnino
3169 5380 3307 5453 fugit
3333 5381 3506 5451 ipsius

279 5489 315 5558 ἡ
355 5471 548 5540 τούτου
581 5483 846 5551 δεινότης,
877 5480 974 5534 καὶ
1016 5479 1051 5550 ὴ
1090 5479 1149 5531 ὲν
1176 5475 1253 5548 τῷ
1297 5469 1713 5544 Χριστιανισμῷ
1752 5487 1847 5522 σα·
1948 5481 1955 5535 ι

1832 5499 1847 5509 -
1948 5467 2302 5535 perversitas,
2335 5469 2606 5527 vacillatio
2660 5469 2717 5526 in
2769 5470 2894 5538 (ide,
2924 5479 2980 5529 et
3036 5473 3092 5528 in
3142 5471 3508 5542 gentilismuin

1464 5587 1664 5650 Varias
1721 5584 2026 5660 lectiones
2069 5593 2130 5649 et
2171 5593 2360 5651 noue.

354 5705 467 5777 (18)
497 5701 1072 5777 Quinquennemueum
1101 5701 1231 5749 tunc
1257 5690 1425 5748 fuisse
1458 5689 1702 5759 plerique
1755 5687 2048 5744 afﬁrmant.

353 5765 466 5847 (l9)
494 5765 582 5829 ιὰ.
607 5765 700 5826 τιν
732 5768 833 5838 μὲν
860 5765 1083 5826 Γάλλον.
