4244 6436
257 375 368 442 159

1192 372 1560 435 HISTORIA
1588 371 1965 432 MARTYRII
2008 375 2104 434 XV
2147 376 2595 436 MARTYRUM.

3407 368 3506 430 170

255 493 455 541 ὶευσον
487 491 595 548 τοῖς
635 486 848 554 δημίοις
883 488 973 536 καὶ
1017 485 1108 536 ἐπὶ
1139 485 1365 552 θάτερον
1407 483 1571 553 μέρος
1608 483 1831 534 ἁνακλι-
1866 491 1906 543 Α

1826 510 1831 521 ι
1866 491 1906 543 Α
1938 484 2082 538 latus
2120 501 2221 539 nos
2250 488 2604 539 convertant;
2663 499 2728 535 ne
2762 497 2826 535 ex
2874 479 3100 534 dimidio
3129 478 3502 532 tantummodo

257 581 424 646 θῆναι
457 581 627 647 ἡμεῖς,
664 578 749 628 ἵνα
808 577 883 645 μὴ
938 576 996 639 ἐξ
1037 577 1294 645 ἡμισείας
1351 592 1431 626 σοι
1480 574 1832 641 όπτηθέντες,

257 670 585 738 ἀηδέστεροι
649 668 940 734 γενώμεθα
997 669 1133 736 (55).
1196 667 1382 720 Ταῦτα
1451 667 1664 733 λέγουσι
1723 667 1835 727 τοῖς
1886 747 1888 749 ς

261 763 468 830 ἁγίοις,
503 763 564 814 τὸ
602 762 873 830 μακάριον
923 759 1075 822 τέλος
1137 761 1317 822 αὐτοῖς
1350 758 1573 828 ἐπῆλθε,
1622 760 1712 809 καὶ
1757 759 1835 819 εἰς

259 854 441 921 ὀσμὴν
493 851 719 912 εὐωδίας
774 849 1131 920 δλοκαύτωμα
1157 851 1360 902 τέλειον
1390 850 1472 918 τῷ
1512 847 1650 914 ὑπὲρ
1682 845 1834 916 ἡμῶν

265 944 464 995 τιθέντι
494 943 556 1013 [Ῑ.
592 942 736 1013 τυθ.]
766 943 876 1010 (54)
914 941 1133 1011 Χριστῴ
1169 941 1563 1010 ἀνηνέχθησαν.

337 1041 426 1102 ιγ’.
493 1035 589 1094 Τίς
631 1036 738 1103 γὰρ
777 1035 933 1100 λόγος
979 1033 1431 1102 ἐξαριθμήσαιτο,
1468 1034 1504 1086 ἂ
1553 1035 1673 1088 καθ’
1705 1035 1835 1091 ἑκά-

266 1143 398 1196 στην
424 1124 609 1195 χώραν
639 1126 688 1178 οί
723 1124 799 1193 τῷ
824 1125 1068 1193 τυράννῳ
1101 1123 1531 1193 ὑπηρετούμενοι
1557 1131 1668 1189 τοῖς
1696 1129 1832 1197 Χρι·

263 1217 392 1270 στοῦ
427 1217 636 1280 δούλοις
672 1217 1052 1271 ἐπεδείκνυντο
1084 1216 1231 1285 (35);
1261 1216 1330 1269 Οῖ
1370 1217 1470 1268 πού
1503 1235 1564 1286 γε
1594 1218 1659 1288 [ί.
1690 1220 1824 1272 ὅπου

259 1310 351 1381 γε]
385 1311 482 1364 καὶ
521 1310 610 1362 τὸν
646 1311 944 1363 ἐπίσκοπον
969 1308 1375 1379 Ἀλεξανδρείας
1420 1308 1690 1379 Γεώργιον
1718 1311 1832 1382 (56)

265 1404 526 1473 σύροντες
553 1404 639 1455 διὰ
665 1404 761 1472 τῆς
790 1402 1052 1464 πλατείας
1077 1401 1432 1455 ἀπέκτεινανθ
1463 1397 1582 1454 εἶτα
1605 1405 1833 1474 καμήλῳ

261 1496 601 1558 ἐπιτιθέντες
645 1495 708 1565 [ι.
738 1493 1041 1564 ἐπιθέντες]
1069 1533 1084 1557 ,
1113 1496 1208 1547 καὶ
1251 1494 1318 1546 τὰ
1355 1493 1464 1546 τῶν
1495 1494 1670 1564 μελῶν
1699 1512 1834 1546 σπα-

263 1589 528 1657 ράγματα
585 1587 1054 1657 θριαμϐεύσαντες
1084 1627 1099 1652 ,
1135 1588 1231 1638 καὶ
1272 1587 1446 1648 τέλος,
1489 1590 1555 1656 τῇ
1599 1589 1833 1656 καμήλῳ

263 1678 818 1746 συγκατακαύσαντες
874 1677 1057 1740 αὑτὸν,
1122 1680 1216 1730 καὶ
1265 1677 1331 1730 τὰ
1365 1679 1590 1747 λείψανα
1626 1679 1725 1747 τῆς
1756 1679 1834 1731 τέ·

262 1787 404 1839 φρας
436 1769 774 1839 διέσπειραν.
809 1768 985 1840 Ἄλλῳ
1019 1768 1076 1820 δὲ
1112 1769 1438 1837 σπλάγχνων
1487 1767 1834 1835 ἁνασχισθέν-

1941 579 2113 631 assati
2152 578 2247 630 tibi
2292 577 2630 628 insuaviores
2666 575 2966 628 videamur.
3029 571 3152 625 llznc
3194 571 3504 623 dicentibus

1939 670 2144 723 sanctis
2181 669 2285 722 illis
2317 669 2504 722 beatus
2536 670 2658 722 linis
2687 665 3001 736 supervenit
3025 705 3039 726 .
3073 676 3231 731 atque
3283 663 3336 716 in
3369 662 3500 717 odo-

1940 778 2049 814 rem
2087 762 2376 816 suavitatis
2408 763 2703 830 perlectum
2741 763 3118 815 holocaustum
3165 759 3381 813 Christo
3407 757 3502 828 qui

1939 868 2036 922 pro
2076 853 2233 906 nobis
2256 869 2448 921 passus
2480 862 2561 908 cst
2591 895 2605 918 ,
2633 855 2799 908 oblati
2829 862 2976 908 sunt.

2032 1032 2115 1085 15.
2171 1036 2238 1085 At
2304 1033 2427 1102 quis
2500 1049 2680 1088 sermo
2750 1048 3032 1088 recensere
3108 1035 3283 1087 valeat
3359 1036 3500 1089 mala

1938 1130 2116 1179 omnia
2147 1143 2266 1196 qua:
2291 1130 2540 1184 crudeles
2575 1131 2839 1200 tyrannici
2872 1130 3218 1197 imperatoris
3265 1130 3499 1186 ministri

1936 1215 2137 1267 Christi
2219 1216 2523 1272 cultoribus
2579 1219 2922 1272 intulerunt?
3004 1221 3146 1274 Inter
3207 1233 3401 1274 caetera
3463 1225 3496 1274 ii

1936 1305 2232 1374 Georgium,
2291 1309 2715 1362 Alexandrinum
2770 1315 3106 1380 episcopum.
3160 1329 3253 1382 per
3296 1315 3503 1382 plateas

1936 1396 2260 1452 distractum
2322 1401 2722 1454 interfecerunt
2779 1421 2791 1455 :
2843 1418 3016 1468 neque
3062 1405 3162 1458 hoc
3219 1409 3498 1466 contenti.

1936 1506 2148 1543 sacrum
2178 1493 2298 1558 ejus
2325 1509 2521 1558 corpus
2555 1495 2762 1547 camelo
2794 1495 3104 1562 impositum
3128 1534 3142 1558 .
3181 1498 3290 1548 diu
3343 1501 3498 1566 quasi

1936 1581 2002 1632 de
2033 1582 2338 1635 ddaceratis‘
2373 1585 2490 1649 ejus
2527 1587 2781 1638 membris
2834 1587 3169 1654 triumphum
3230 1599 3449 1656 agentes
3485 1628 3498 1648 .

1936 1673 2430 1739 circumgestarunt
2469 1677 2724 1729 :tandem
2792 1679 2920 1729 illud
2968 1694 3071 1730 una
3123 1693 3243 1731 cum
3293 1679 3499 1732 camelo

1936 1761 2044 1829 igni
2088 1764 2447 1827 tradiderunt,
2496 1767 2811 1833 cineresque
2870 1767 2921 1818 in
2977 1783 3099 1820 aera
3156 1780 3494 1836 sparserunt.

259 1880 372 1913 των
404 1860 602 1928 κριθὰς
654 1861 1090 1931 ὲπισπείραντες,
1115 1858 1231 1912 εἶτα
1256 1859 1470 1928 χοίρους
1508 1861 1828 1922 ἐπαφέντες,
1868 1840 1906 1894 Β

1816 1899 1828 1920 ,
1868 1840 1906 1894 Β
1941 1855 2178 1907 Alterius
2195 1855 2487 1909 visceribus
2509 1857 2970 1930 disruptis,a36
2994 1862 3306 1927 hordeoque
3331 1862 3382 1913 in
3415 1864 3491 1914 eis

259 1953 489 2022 τοιαύτῃ
555 1953 804 2022 τραπέζῃ
868 1952 1087 2014 τούτους
1165 1951 1484 2003 ἑστιάσαντο
1548 1950 1681 2018 (37).
1744 1948 1831 1999 Ἐν

260 2045 428 2111 Τύρῳ
483 2044 562 2105 δὲ,
592 2044 678 2094 τὸν
727 2044 1024 2094 ἐπίσκοπον
1055 2042 1254 2109 ταύτης
1289 2042 1584 2112 Δωρόθεον,
1608 2042 1664 2104 ὃς
1701 2039 1830 2092 πολ-

261 2137 372 2198 λοῐς
417 2140 473 2188 έν
505 2137 702 2204 λόγοις,
748 2139 838 2188 καὶ
878 2138 1229 2205 συγγραφεὺς
1265 2133 1683 2202 ἱστορικώτατος
1723 2135 1831 2185 τῶν

259 2230 434 2281 πάλαι
497 2231 525 2281 6
579 2230 717 2299 ἀνὴρ
759 2229 1000 2296 γέγονεν,
1068 2229 1126 2290 ὃς
1165 2228 1258 2280 καὶ
1319 2229 1413 2279 ἐπὶ
1449 2225 1830 2295 Διοκλητιανοῦ

264 2323 362 2370 καὶ
412 2322 665 2372 Λυκινίου
707 2321 848 2388 ὑπὲρ
880 2322 948 2372 τὰ
990 2320 1255 2389 ἐξήκοντα
1289 2318 1380 2388 ἐτη
1412 2318 1673 2386 γεγονὼς,
1703 2316 1831 2369 πολο

263 2413 382 2472 lci;
432 2411 645 2479 ἡτὰσθη
676 2413 795 2473 ταῖς
834 2410 973 2479 ὑπὲρ
1012 2408 1249 2480 Χριστοῦ
1281 2409 1596 2479 τιμωρίαις,
1641 2407 1832 2461 τοῦτον

264 2501 322 2552 ἐν
355 2498 544 2570 Ἑδέσῃ
574 2502 637 2570 τῇ
694 2499 846 2553 πόλει
875 2500 923 2554 oi
952 2500 1049 2569 τῆς
1081 2500 1316 2562 πίστεως
1341 2498 1546 2570 ἐχθροὶ,
1569 2499 1639 2552 ἐν
1668 2498 1834 2568 γήρει

264 2594 433 2646 κίονι
466 2593 910 2658 πληθυνθέντα,
962 2593 1035 2656 ὣς
1065 2609 1228 2662 φησιν
1257 2595 1285 2646 6
1313 2591 1455 2656 θεῖος
1482 2591 1646 2643 Δαόὶδ
1678 2592 1834 2661 (ἑτῶν

265 2685 376 2753 γὰρ
435 2678 504 2752 ἦν
556 2684 746 2736 ἑκατὸν
779 2685 919 2736 ἑπτὰ
947 2685 974 2736 6
999 2683 1196 2752 ἅγιος),
1231 2683 1445 2752 θανάτῳ
1483 2683 1827 2752 παρέδωκαν.

266 2773 334 2826 Τί
384 2773 430 2825 δ’
479 2773 543 2826 ἂν
596 2774 835 2843 λέγοιμι,
890 2775 1033 2830 ναῶν
1062 2793 1119 2826 τε
1156 2773 1311 2827 θείων
1361 2773 1692 2844 βεϐηλὼσεις
1741 2777 1833 2826 καὶ

268 2864 484 2915 σκευῶν
517 2864 675 2934 ἱερῶν
718 2867 1037 2935 ἀφαιρέσεις
1062 2885 1075 2930 ;
1115 2865 1225 2919 Καὶ
1252 2865 1360 2934 γὰρ
1387 2867 1416 2919 ό
1440 2863 1534 2918 τοῦ
1567 2866 1832 2934 τυράννου

269 2957 409 3016 θεῖος
435 2958 526 3008 καὶ
545 2957 834 3025 ὁμώνυμος
867 2957 1014 3028 αὑτῷ
1047 2958 1146 3010 ὅσα
1178 2956 1290 3028 (⁸58)
1318 2957 1482 3025 κοινῷ
1504 2957 1597 3009 καὶ
1625 2956 1833 3025 βεϐήλῳ

265 3053 419 3118 τόπῳ
473 3053 636 3120 ἱεροῖς
683 3050 897 3111 ἀδύτοις
954 3051 1318 3119 χρησάμενος,
1376 3048 1513 3111 τέως
1572 3049 1669 3117 μὲν
1722 3049 1835 3109 τοῖς

268 3142 438 3204 Deiot;
491 3141 791 3208 ἐνυϐρίζων
821 3180 834 3203 ,
888 3136 1056 3192 εἶπεν
1095 3142 1166 3193 ἐν
1221 3139 1431 3208 καρδίᾳ
1472 3139 1676 3194 αὐτοῦ·
1712 3141 1832 3191 Οὐκ

1938 1946 2198 2006 immisso.
2233 1963 2424 2014 porcos
2458 1949 2888 2013 introduxerunt.
2915 1954 3110 2017 quibus
3152 1954 3311 2006 tale-n
3343 1971 3493 2006 men-

1937 2053 2048 2090 sam
2103 2053 2474 2108 apposuerunt
2535 2043 2587 2096 in
2659 2045 2930 2111 pabulum.
2974 2045 3035 2097 Et
3093 2047 3219 2116 Tyri
3283 2050 3494 2115 episeo-

1937 2147 2060 2199 pum
2139 2132 2469 2188 Dorotheum
2516 2136 2690 2189 virum
2738 2138 3158 2192 disertissimum
3213 2155 3276 2193 ac
3311 2156 3491 2194 rerum

1935 2224 2280 2290 antiquarum
2333 2226 2650 2294 scriptorem
2697 2228 3120 2294 peritissimum,
3179 2229 3304 2294 qui,
3365 2229 3494 2283 υιιιυ

1934 2316 2165 2370 clctiano
2193 2325 2246 2371 et
2277 2317 2484 2372 Licinio
2529 2319 2943 2387 imperantibus.
2995 2320 3103 2389 jam
3159 2332 3285 2375 tunc
3335 2336 3494 2377 sexa-

1933 2409 2197 2475 gesimum
2228 2409 2405 2464 :etalis
2443 2424 2643 2462 annum
2666 2411 2934 2466 excedens
2957 2453 2971 2474 .
3001 2413 3186 2466 multis
3210 2416 3495 2467 tormentis

1937 2508 2160 2554 Vexatus
2191 2499 2389 2564 fuerat.
2448 2500 2713 2554 immanes
2751 2502 2869 2554 ﬁdei
2926 2502 3110 2556 hostes
3162 2504 3215 2556 in
3274 2504 3496 2558 civitate

1939 2590 2230 2655 Edessena,
2253 2593 2306 2644 in
2343 2602 2602 2646 senectute
2641 2592 2785 2646 uberi
2823 2594 3224 2658 multipliratum
3245 2596 3309 2656 ⁸ο,
3342 2604 3398 2649 ιιι
3428 2607 3498 2648 ιιι

1937 2681 2100 2736 David
2139 2681 2275 2749 (erat
2304 2683 2446 2734 enim
2481 2695 2685 2752 septem
2725 2699 2887 2750 supra
2926 2696 3143 2738 centmu
3179 2693 3498 2752 annorum),

1936 2772 2044 2823 vita
2108 2770 2416 2837 privarunt.
2453 2767 2650 2823 Verum
2696 2773 2817 2838 quis
2870 2771 2998 2824 mihi
3056 2773 3203 2826 dicat
3256 2782 3388 2842 quot
3446 2780 3500 2824 tt

1937 2863 2134 2929 templa
2187 2861 2468 2930 profanata
2514 2870 2566 2912 et
2625 2863 2817 2914 altaria
2875 2865 3210 2919 ornamentis
3265 2865 3495 2934 spoliata

1938 2952 2168 3006 fuerint?
2197 2951 2597 3020 Sane-patruus
2639 2952 2857 3020 tyranni
2889 2994 2902 3014 .
2933 2957 3095 3022 eique
3142 2969 3444 3022 cognomen
3475 2998 3490 3019 .

1937 3044 2106 3095 sacris
2129 3044 2341 3112 templis
2368 3044 2592 3112 perinde
2621 3056 2683 3094 ac
2711 3043 2940 3112 profano
2963 3049 3348 3115 communique
3376 3048 3498 3102 loco

1939 3134 2225 3195 utebatur,
2280 3141 2542 3201 tantoque
2608 3135 2794 3187 divina
2875 3150 3102 3203 qumque
3165 3140 3500 3208 contemptui

267 3235 402 3287 ἔστι
428 3236 586 3299 Θεός.
615 3204 681 3274 ξ-
702 3235 907 3300 Κύριος
933 3233 988 3285 δὲ
1009 3232 1076 3285 ἐκ
1103 3232 1208 3285 τοῦ
1239 3204 1498 3299 adparat?
1521 3231 1829 3299 διέκυψεν,
1863 3204 1906 3259 (λ
1940 3259 1943 3274 ι

1819 3271 1829 3293 ,
1863 3204 1906 3259 (λ
1940 3224 2170 3276 habebat
2192 3263 2204 3285 .
2241 3233 2295 3276 ut
2323 3225 2514 3279 diceret
2546 3226 2599 3278 in
2659 3225 2814 3280 corde
2835 3242 2950 3291 suo,
2979 3228 3097 3282 Non
3127 3241 3228 3294 est,
3256 3204 3402 3284 Deus
3433 3232 3495 3284 ”.

270 3327 368 3377 καὶ
398 3326 527 3377 εὐθὺ
557 3325 908 3393 γινώσκεται
949 3325 1163 3390 Κύριος
1198 3326 1448 3392 κρίματα
1471 3322 1675 3376 ποιῶν.
1710 3324 1828 3374 Ἀπ’

267 3419 486 3485 ἐκείνης
516 3419 624 3485 γὰρ
655 3417 754 3486 τῆς
781 3419 1014 3486 ἡμέρας,
1047 3415 1208 3484 σῆψις
1237 3417 1349 3478 τοῖς
1403 3413 1592 3467 τούτου
1624 3410 1828 3478 σπλαγ-

268 3526 419 3578 χνοις
453 3511 781 3578 ἑπεγεγόνει·
816 3511 874 3564 αι
903 3527 960 3562 τε
1001 3508 1109 3577 γὰρ
1143 3507 1392 3578 συνήθεις
1426 3505 1697 3576 ἐκκρίσεις
1731 3503 1828 3554 οὐκ

267 3603 336 3653 ἐκ
368 3601 474 3653 τῶν
524 3605 663 3656 κατὰ
712 3603 870 3670 φύσιν
916 3603 1118 3669 πόρων,
1164 3598 1278 3654 ἀλλ’
1306 3601 1370 3651 ὲκ
1429 3596 1524 3649 τοῦ
1589 3595 1827 3663 ἀκαθάρ-

267 3707 365 3744 του
394 3693 488 3744 καὶ
522 3692 717 3761 μία.ροῦ
753 3691 1018 3760 στόματος
1050 3690 1405 3758 ὲξεκρίνοντο.

345 3785 426 3838 ιδ’.
458 3785 618 3836 Ἀλλὰ
652 3784 853 3836 τούτων
886 3784 982 3851 μὲν
1009 3785 1101 3835 καὶ
1120 3782 1379 3834 πλειόνων
1409 3780 1486 3833 ετι
1511 3778 1831 3848 γινομένων,

271 3874 554 3943 πραότητα
584 3873 679 3926 καὶ
698 3872 1103 3942 φιλανθρωπίαν
1132 3873 1159 3924 6
1186 3873 1243 3924 ὲν
1275 3868 1549 3940 βασιλεῦσι
1599 3870 1833 3936 παράνοο

274 3986 398 4037 μος,
419 3970 585 4020 καὶέν
612 3967 920 4035 φιλοσόφοις
949 3965 1109 4028 ἄνους
1144 3965 1238 4017 καὶ
1276 3963 1664 4033 φρενόληπτος,
1701 3963 1834 4014 ὑπε-

270 4059 499 4126 κρίνατο
525 4058 656 4127 (59),
679 4056 903 4126 βόθρους
934 4056 1030 4126 μὲν
1060 4055 1419 4126 ὺποῤῥύσσων
1437 4053 1684 4120 ἀδήλους,
1702 4067 1836 4121 κρυ·

271 4149 408 4209 πτὸς
443 4149 642 4201 ἔσωθεν
690 4149 762 4211 ὠς
794 4149 1023 4212 ὕπουλος
1073 4149 1166 4202 καὶ
1194 4146 1520 4217 πανοῦργος,
1550 4143 1745 4210 ἔξωθεν
1774 4143 1829 4195 δὲ

269 4239 545 4307 ὁμαλίζων
569 4239 666 4307 τὴν
691 4240 1014 4307 ἐπιφάνειαν
1038 4279 1052 4304 ,
1075 4240 1137 4291 τὺ
1165 4239 1489 4308 φαινόμενον
1511 4233 1649 4290 εἶναι
1691 4236 1830 4305 τάχα

271 4334 573 4400 ὀρθόδοξον.
639 4332 799 4383 Ὥστε
854 4334 964 4384 καὶ-
1004 4331 1185 4401 πηγὰς
1225 4331 1457 4400 μιαίνειν
1505 4330 1832 4399 προσέταττε

269 4425 488 4493 λύθροις
534 4423 742 4490 ὲναγῶν
793 4422 1035 4485 θυσιῶν,
1094 4423 1192 4475 καὶ
1243 4423 1381 4474 αὐτὰ
1409 4420 1477 4491 δὴ
1505 4420 1576 4472 τὰ
1612 4421 1669 4472 ἐν
1715 4422 1832 4482 ταῖς

273 4517 557 4577 πλατείαις
591 4517 822 4580 κείμενα
851 4513 1004 4566 ὥνια.
1053 4514 1116 4565 Ὠ
1153 4512 1251 4581 τῆς
1299 4512 1522 4573 ἀσυνίας
1562 4511 1673 4580 (40)
1712 4527 1825 4571 σου,

1940 3316 2003 3367 At
2049 3315 2300 3369 Dominus
2333 3317 2395 3370 de
2425 3318 2550 3370 ςωιο
2587 3321 2852 3387 prospexit
2887 3361 2900 3384 ,
2936 3323 3228 3390 statimque
3261 3325 3497 3391 cognitus

1938 3416 2012 3458 est
2056 3405 2308 3459 Dominus
2350 3407 2545 3465 iudicia
2567 3408 2766 3478 faciens
2799 3411 2862 3464 ι’.
2900 3412 2976 3465 Ex
3001 3427 3064 3466 ca
3093 3414 3238 3466 enim
3265 3414 3354 3469 die
3380 3414 3499 3468 dira

1941 3502 2090 3552 tabes
2121 3499 2239 3567 ejus
2298 3501 2504 3555 viscera
2570 3503 2771 3558 invasit
2800 3544 2814 3568 ,
2847 3505 2921 3557 ita
2963 3514 3019 3559 ut
3081 3516 3358 3561 consuetae
3402 3523 3497 3562 ex-

1937 3594 2204 3646 cretiom-s
2249 3607 2354 3646 non
2406 3608 2468 3647 ex
2515 3595 2692 3649 solitis
2740 3606 2945 3650 naturae
2973 3598 3264 3664 mentitus,
3298 3599 3393 3654 sed
3431 3615 3495 3654 cx

1938 3683 2149 3748 impuro
2181 3690 2234 3734 et
2264 3682 2448 3750 iniquo
2478 3698 2570 3737 ore
2597 3694 2966 3753 erumperent.

2026 3775 2109 3828 M.
2169 3774 2286 3827 Jam
2337 3789 2496 3835 vero.
2563 3791 2686 3829 cum
2751 3778 2862 3831 haec
2925 3790 2978 3831 et
3044 3781 3225 3848 pejora
3269 3784 3493 3848 tierent,

1933 3864 2282 3918 nihilominus
2339 3874 2394 3919 et
2449 3867 2538 3920 ille
2593 3872 2975 3935 praevaricator
3031 3882 3085 3925 et
3142 3873 3494 3942 philosophus

1933 3970 2118 4010 amens
2151 3994 2166 4019 .
2207 3958 2674 4011 mansuetudinem
2707 3967 2761 4012 et
2807 3961 3193 4029 benignitatem
3233 3965 3492 4032 pmsele-

1916 4047 2084 4101 'rebat
2117 4064 2131 4100 :
2164 4047 2372 4101 scilicet
2415 4057 2473 4100 ut
2532 4049 2693 4101 fallax
2727 4059 2780 4103 et
2841 4053 3142 4120 versipellis
3176 4055 3362 4114 foveas
3415 4059 3496 4113 la-

1932 4146 2108 4191 tentes
2135 4137 2416 4192 ell'odiebat
2443 4179 2456 4198 .
2499 4150 2554 4193 et
2613 4144 2906 4209 nequitiam
2944 4148 3089 4200 intus
3122 4148 3366 4202 celabat:
3399 4165 3495 4205 ex.

1934 4231 2204 4285 triusecus
2247 4240 2425 4285 autem
2458 4233 2530 4284 ita
2559 4247 2617 4286 se
2650 4236 2889 4302 gerebat.
2923 4245 2979 4290 ut
3007 4253 3142 4306 pene
3191 4242 3492 4298 catholicus

1936 4321 2118 4377 videre
2151 4331 2351 4390 posset.
2423 4323 2488 4375 Et
2523 4323 2648 4378 hinc
2681 4327 2843 4379 etiam
2895 4328 3074 4385 fontes
3104 4372 3118 4395 ,
3145 4341 3199 4386 et
3257 4349 3380 4404 qua
3434 4335 3489 4390 in

1939 4414 2073 4470 loris
2110 4416 2321 4468 venalia
2360 4418 2679 4483 prostabant
2703 4459 2718 4480 ,
2748 4419 3034 4486 impiorum
3093 4427 3488 4482 sacriﬁciorum

1939 4506 2284 4560 libaminibus
2303 4507 2447 4562 inﬁci
2465 4509 2694 4561 curavit.
2719 4507 2846 4571 Sed.
2867 4526 2897 4564 ο
2921 4513 3284 4580 insipientiam
3310 4525 3454 4570 tuam
3473 4556 3488 4580 .

274 4606 561 4672 παράνομε
587 4605 598 4656 l
643 4605 708 4656 Ὢ
751 4605 847 4669 τῆς
874 4604 1228 4669 ἀναισθησίας
1261 4618 1353 4655 σου
1372 4641 1387 4662 .
1418 4602 1591 4654 ἀκάθα
1605 4602 1725 4670 pte!
1768 4600 1829 4650 Ὢ
1868 4589 1908 4644 ο
1939 4615 1950 4651 ι

1815 4601 1829 4649 t
1868 4589 1908 4644 ο
1939 4599 2254 4652 osceleste!
2287 4612 2320 4649 ο
2361 4599 2716 4652 stoliditatem
2750 4609 2935 4664 tuam.
2959 4619 2992 4655 ο
3019 4603 3209 4671 impie!
3244 4619 3276 4658 o
3331 4606 3491 4660 insci-

271 4691 373 4757 τῆς
403 4693 675 4757 ἀγνωσίας
729 4710 851 4755 σου,
883 4693 1108 4760 ἁνόητεῑ
1147 4692 1220 4744 υύ
1250 4693 1452 4753 συνιεῖς
1500 4691 1528 4741 6
1557 4691 1624 4742 τὰ
1654 4691 1828 4742 πάντα

276 4784 514 4834 συνιέναι
564 4783 736 4835 δοκῶν
765 4825 779 4848 ,
826 4783 899 4846 ὡς
944 4784 1097 4836 οὐδὲν
1139 4782 1248 4834 τῶν
1296 4783 1551 4835 τοιούτων
1606 4781 1827 4850 μολῦναι

349 4898 390 4926 ⁸⁸⁵
418 4897 561 4951 Psal.
604 4912 710 4960 scr,
751 4897 837 4950 l5.
915 4897 954 4926 ¹¹
994 4896 1132 4949 Psal.
1180 4911 1298 4961 χιιι,
1325 4896 1370 4958 l,
1403 4894 1456 4946 2.

1936 4691 2066 4743 tiam
2098 4698 2244 4742 tuam
2275 4730 2290 4749 .
2324 4705 2357 4744 ο
2383 4691 2642 4745 demens!
2673 4691 2826 4745 Anne
2881 4703 2934 4745 tu
2957 4733 2971 4757 ,
3003 4695 3095 4762 qui
3141 4697 3320 4749 omnia
3347 4698 3489 4751 scire

1937 4783 2260 4850 praesumis,
2298 4782 2553 4850 ignoras.
2618 4783 2752 4837 nihil
2807 4784 3000 4838 horum
3049 4786 3266 4842 inlicere
3330 4803 3490 4857 posse

1543 4896 1586 4927 “
1627 4894 1767 4949 Psal.
1805 4894 1997 4954 “.17.

1454 5007 1654 5066 Varite
1697 5004 1999 5067 lectiones
2038 5011 2098 5064 et
2142 5009 2324 5064 notte.

347 5112 458 5179 (35)
489 5113 574 5163 ιον.
637 5108 975 5178 φαινώμεθα,
1027 5118 1086 5163 ιιι
1116 5108 1273 5162 habet
1301 5106 1638 5179 sozomenus
1688 5107 1828 5179 Hist.

275 5177 422 5233 Ετει.
477 5181 571 5233 lih.
603 5177 658 5241 5.
699 5195 816 5248 cap.
853 5181 938 5244 ll,
969 5181 1059 5234 ubi
1110 5181 1296 5235 eadem
1355 5177 1465 5230 lere
1526 5179 1688 5230 verba
1722 5178 1830 5231 illis

271 5251 518 5304 ascribit.

345 5319 456 5386 (35)
496 5320 580 5371 ἵσ.
607 5319 849 5372 παθόντι.

344 5388 455 5453 (55)
485 5387 722 5446 Scilicet.
758 5391 1082 5442 connivente
1118 5388 1360 5452 Iuliano,
1406 5388 1543 5440 velut
1572 5387 1830 5439 relaxatis

271 5459 456 5526 frenis.
499 5459 737 5524 efferbuit
769 5460 822 5511 in
863 5475 1060 5511 onmem
1092 5463 1344 5512 strumam
1375 5458 1558 5524 feritas
1597 5471 1831 5522 pagano-

270 5545 410 5583 rum.
453 5529 624 5593 inquit
653 5528 899 5593 littlitttts,
927 5531 959 5579 1.
1001 5528 1054 5590 2,
1091 5529 1228 5581 Hist.
1266 5528 1432 5587 Erct..
1471 5541 1589 5592 cap.
1616 5527 1702 5577 ‘28.

343 5599 455 5665 (56)
492 5597 586 5649 llic
613 5613 716 5649 non
751 5610 866 5651 erat
893 5600 1164 5666 legitimus
1191 5597 1587 5650 Alexandrinus
1617 5596 1826 5666 episca-

273 5681 399 5734 pus.
428 5668 519 5718 sed
571 5669 622 5717 iu
681 5665 962 5723 Athanasii
1024 5671 1200 5721 adhuc
1240 5668 1467 5720 viventis
1521 5668 1693 5718 locum
1762 5665 1827 5715 ab

270 5737 490 5792 Ariauis
527 5739 792 5790 intrusus.

555 5835 820 5894 Ριτιιυι.
858 5835 964 5893 Gn.
999 5834 1097 5894 CX
1115 5834 1270 5893 XVI.

2009 5106 2118 5175 (57)
2144 5105 2389 5160 Julianus
2424 5114 2586 5160 tanta.
2633 5109 2965 5162 crudelitatis
2995 5117 3244 5165 auctores
3277 5122 3330 5166 et
3383 5115 3487 5166 mi-

1938 5177 2142 5231 nistros
2173 5176 2361 5228 leniter
2417 5178 2620 5245 scripto
2649 5179 2934 5245 objurgare
2990 5182 3121 5233 satis
3173 5184 3378 5234 habuit.
3410 5184 3485 5236 Ita

1941 5248 2191 5366 [Sgcrsles
2242 5245 2393 5366 _;list.
2461 5245 2607 5300 Eccl.
2637 5249 2728 5301 lib.
2764 5262 2843 5309 Ill.
2875 5263 2923 5301 c.
2956 5249 3011 5311 2.
3042 5260 3096 5303 et
3152 5250 3486 5304 Sozomenns

1962 5333 1972 5366 I
2019 5355 2030 5366 .
2110 5356 2123 5366 .
2164 5331 2212 5366 e.
2281 5352 2290 5361 .

1939 5317 2030 5369 lib.
2071 5327 2123 5376 ν,
2164 5331 2212 5367 c.
2242 5317 2290 5366 7.

2010 5384 2122 5447 (58)
2157 5385 2241 5435 Ῑσ.
2277 5386 2371 5446 ὡς.

2005 5454 2127 5528 (om
2178 5452 2530 5528 Clementiam
2593 5466 2648 5528 et
2707 5455 3095 5528 humanitatem
3169 5471 3322 5509 suam
3359 5472 3486 5528 erga

1931 5523 2272 5576 Christianos
2301 5527 2546 5594 pluribus
2603 5526 2655 5576 in
2683 5527 2923 5593 epistolis
2958 5529 3072 5579 suis
3123 5523 3487 5591 continendi],

1935 5597 2233 5661 praesertim
2265 5609 2349 5660 ep.
2389 5594 2416 5642 7
2441 5603 2492 5647 et
2521 5597 2606 5648 43.

2002 5664 2114 5731 (-10)
2147 5663 2450 5724 ἀσυνεσίας.
