4244 6436
278 422 388 484 173

1191 425 1556 482 HISTORIA
1599 424 1971 482 MARTYRH
2012 426 2108 483 XV
2139 425 2590 488 MARTYRUM.

3407 439 3504 503 174

274 536 402 603 οὖχὶ
426 533 630 588 τούτων
656 534 1030 602 ἐπιγνώμονας
1059 537 1150 588 καὶ
1173 536 1474 604 λατρευτᾶς
1504 536 1844 603 καταστῆσαι
1876 540 1924 594 Λ

1834 552 1844 584 ε
1876 540 1924 594 Λ
1950 538 2133 602 nibus,
2172 542 2263 606 qui
2299 541 2440 596 intra
2471 542 2587 608 ejus
2627 545 2888 598 ambitum
2915 550 3193 616 degerent,
3248 563 3507 616 agnosce-

277 625 491 683 παντας
531 623 658 684 τοὺς
707 624 857 684 ἐντὸς
898 625 993 691 τῆς
1044 622 1385 690 τηλικαύτης
1415 621 1614 690 ἀρχῆς.
1646 619 1850 672 Τούτου

273 716 343 784 δὴ
374 713 866 783 περιαγγελθέντος
921 711 1014 764 τοῦ
1075 711 1422 778 ἀλογωτάτου
1470 712 1846 779 κηρύγματος,

277 807 362 864 εἱς
397 806 496 871 τὴν
527 803 788 856 ἐπιοῦσαν
813 803 1020 864 πάντας
1055 803 1134 864 είς
1169 803 1397 870 θέατρον
1427 800 1650 868 ἀγαγὼν
1681 801 1708 850 ὁ
1757 816 1849 850 κο-

281 894 660 964 μενταρίσιος,
696 895 790 945 καὶ
841 892 1074 954 καθίσας
1122 891 1282 955 αὐτὸς
1315 893 1398 959 ἐφ’
1431 892 1635 960 ὑψηλοῦ
1674 892 1851 961 βήμα-

277 1001 396 1048 τος,
454 984 546 1035 τδν
597 983 807 1036 κόλακα
849 983 1004 1050 λόγον
1036 981 1142 1050 πρὸ
1172 980 1266 1033 τοῦ
1313 983 1535 1047 στίφους
1564 980 1752 1045 διεξίει
1785 981 1847 1050 [ί.

276 1073 530 1146 ὃιεξῂεψ
568 1093 586 1125 ι
625 1075 734 1127 Καὶ
783 1073 896 1143 ὁρῶ
929 1074 1028 1141 μὲν
1078 1075 1243 1141 ὑμᾶς,
1294 1067 1338 1124 ὦ
1396 1073 1608 1142 ἄνδρες,
1657 1072 1848 1140 ἔφησε,

277 1165 616 1232 σεμνότητός
666 1181 724 1214 τε
778 1162 1312 1232 μεταποιουμένους,
1359 1161 1455 1212 καὶ
1508 1162 1851 1230 φρονήματος

276 1257 722 1323 ἐνδεικνυμένους
755 1253 1117 1315 κατάστασιν,
1159 1252 1302 1305 δοκῶ
1340 1252 1398 1304 δέ
1431 1269 1521 1322 μοι
1555 1253 1681 1313 τοὺς
1723 1251 1850 1304 πολ⁶

277 1346 406 1398 lo"):
477 1345 630 1414 ὑμῶν
690 1345 942 1407 παιδείας
991 1346 1280 1413 μετασχεῖν
1326 1344 1546 1406 ἱκανῶς.
1593 1344 1726 1396 Λίαν
1759 1339 1851 1395 οὖν

277 1439 480 1490 ἄτοπον
537 1439 621 1506 εἴη
673 1435 950 1497 τοιούτους
1018 1437 1216 1504 ἄνδρας
1276 1439 1340 1505 τῇ
1397 1435 1506 1486 τῶν
1551 1433 1850 1486 Γαλιλαίων

275 1528 543 1598 ἀγροικίᾳ
583 1525 1023 1595 καθυπαχθῆναι,
1074 1527 1164 1580 καὶ
1217 1527 1542 1596 προσκυνεῖν
1575 1524 1850 1593 ἀνθρώπῳ

275 1622 406 1688 χθές
449 1637 552 1670 που
584 1621 680 1670 καὶ
709 1620 902 1686 πρώην
932 1619 1164 1686 σταυρὸν
1192 1619 1288 1672 ἐπὶ⁸
1322 1618 1554 1670 Πιλάτου
1580 1633 1846 1685 κατακρι-

279 1712 451 1761 θέντι·
499 1703 560 1761 οὗ
608 1709 701 1760 καὶ
736 1707 956 1774 ὁτάφος
989 1709 1124 1759 πᾶσι
1173 1711 1285 1770 τοῖς
1340 1706 1682 1776 βουλομένοις
1717 1707 1848 1774 πρό-

275 1801 365 1868 δη)
379 1818 455 1860 ος.
491 1800 700 1861 ’Ἄλλως
727 1816 809 1862 τε,
840 1799 889 1850 εί
915 1800 1014 1868 μὲν
1044 1799 1322 1852 ἀκίνδυνον
1343 1795 1411 1868 ἦν
1433 1798 1492 1850 τὸ
1524 1795 1847 1868 θρησκεύειν

275 1891 507 1958 ττιούτῳ
525 1889 661 1957 Θεῷ,
689 1891 818 1951 ῖσως
843 1889 907 1942 ἂν
937 1886 1049 1958 εἶχε
1084 1888 1414 1958 συγγνώμην
1439 1891 1469 1958 ή
1499 1889 1735 1957 ἀμάθεια
1755 1885 1848 1938 τοῦ
1881 1865 1922 1922 Β

279 1984 607 2051 κρείττονος·
643 1981 780 2033 ὥστε
822 1981 885 2050 If.
917 1982 990 2044 ὡς
1133 1982 1225 2032 καὶ
1258 1981 1408 2050 παρά
1443 1980 1718 2048 χρήματα,
1757 1977 1852 2028 καὶ

276 2075 468 2141 τιμὰς,
493 2076 587 2124 καὶ
613 2074 740 2142 περὶ⁵
773 2071 873 2142 τὴν
910 2072 1056 2141 ζωὴν
1111 2072 1304 2140 αὐτὴν,
1334 2072 1394 2122 τὸ
1427 2070 1609 2138 μεῖζον
1636 2069 1852 2120 πάντων

277 2164 706 2230 ἀπολαυμὰτων,
751 2165 780 2216 ὁ
818 2163 1091 2225 κίνδυνος·
1125 2163 1225 2214 ούκ
1261 2161 1532 2231 ἁμαθείας
1565 2159 1724 2228 μόνον
1758 2157 1852 2209 καὶ

298 2257 600 2324 ἁνοησίας,
647 2255 782 2308 ἀλλά
825 2257 920 2306 καὶ
957 2251 1250 2314 παντελοῦς
1284 2254 1434 2304 ἐστιν
1472 2250 1849 2319 ἀναισθησίας,

277 2348 340 2399 τὸ
391 2348 492 2414 τὴν
535 2347 877 2399 ἐπικίνδυνον
899 2346 1107 2415 ταύτην
1131 2344 1388 2413 λατρείαν
1425 2343 1699 2413 αἱρεῖσθαι
1743 2342 1851 2410 πρὸ

277 2440 377 2506 τῆς
405 2439 690 2491 ἀκινδύνου
746 2439 839 2492 καὶ
894 2437 968 2506 τῷ
1010 2439 1122 2490 ὄντι
1159 2436 1461 2507 βασιλικῆς.
1504 2437 1566 2488 Εἰ
1604 2434 1695 2487 οὖν
1730 2434 1851 2501 ἐμοὶ

278 2527 538 2579 πείθεσθε
587 2524 1010 2596 συμϐουλεύοντι
1072 2527 1140 2576 τὰ
1186 2523 1394 2593 λῴοναι
1462 2521 1688 2590 πρόσιτε
1739 2520 1851 2577 τοῖς

277 2615 690 2686 φιλανθρώποις
709 2614 872 2675 θεοῖς·
905 2613 1001 2666 καὶ
1022 2611 1212 2672 θυσίας
1245 2611 1428 2672 αὐτοῖς
1460 2609 1852 2676 προσενέγκαν-

275 2725 390 2767 τες.
428 2706 761 2775 κερδήσεσθε
813 2705 909 2772 μὲν
949 2703 1379 2773 προηγουμένως
1418 2705 1516 2768 τὴν
1552 2700 1730 2754 αὐτῶν
1764 2703 1852 2752 εύ-

281 2800 525 2864 μένειαν,
548 2793 971 2865 οίκειωθήσεσθε
1006 2794 1062 2846 δὲ
1085 2793 1165 2863 τῷ
1199 2790 1438 2860 θεοφιλεῖ
1466 2790 1694 2858 βασιλεῖ,
1719 2808 1851 2860 acap-

277 2887 530 2940 πώσεσθε
587 2886 645 2938 δὲ
707 2887 805 2938 καὶ
859 2885 996 2953 πρὸς
1037 2883 1249 2946 τούτοις
1278 2882 1345 2934 τά
1387 2882 1450 2933 ὲκ
1480 2883 1578 2950 τῆς
1632 2881 1852 2933 οἰκειώο

280 2997 422 3040 σεως
450 2977 654 3047 ἀγαθὰ,
681 2976 716 3030 ἃ
745 2976 1041 3044 φιλοτίμως
1081 2977 1198 3036 τοῖς
1245 2973 1410 3027 αὑτοῦ
1452 2973 1627 3041 φίλοις
1666 2973 1853 3043 προτί-

278 3072 460 3139 θησιν.
501 3088 520 3122 ι

357 3167 459 3223 ις’.
505 3159 594 3222 Ὠς
618 3159 710 3212 οὖν
738 3159 910 3213 ταῦτα
948 3160 1063 3222 τοῖς
1097 3156 1562 3226 συναθροισθεῖσιν
1583 3155 1845 3225 ἠκούσθη,

274 3211 591 3315 ούκθόλίγοί
623 3250 717 3319 μὲν
751 3211 1000 3307 ενκδόντες
1045 3211 1184 3314 πρὸς
1215 3211 1284 3294 τέ
1326 3211 1617 3310 λεχθένταξ
1659 3240 1848 3307 ὁμολό-
1879 3211 1920 3264 C

277 3339 462 3408 γησὲιν
502 3353 563 3389 τε
609 3337 677 3389 τὰ
721 3335 816 3388 τού
849 3333 1112 3403 βασιλέως
1158 3330 1449 3401 φρονῆσαι,
1482 3329 1577 3381 καὶ
1618 3330 1730 3390 τοῖς
1757 3327 1854 3381 αύ-

277 3431 374 3483 τού
410 3429 555 3490 θεοῖς
594 3429 776 3480 πᾶσαν
805 3427 1099 3493 ἀπονεῖμαι
1122 3424 1311 3493 τιμήν,
1340 3420 1445 3483 Οὓς
1473 3423 1500 3473 ὀ
1527 3420 1852 3490 κομενταρί-

284 3540 398 3585 σιος
428 3525 613 3590 τιμαῖς
638 3521 732 3573 καὶ
763 3520 956 3589 δώροις
989 3517 1360 3585 ἀξιωσάμενος
1391 3513 1454 3584 [ι’.
1483 3511 1742 3582 δεξιωσ.],
1777 3512 1852 3574 ώς

281 3616 482 3679 ἐδόκει,
517 3613 1009 3684 περιφανεστέρους
1051 3609 1328 3678 εποίησεν.
1361 3607 1515 3658 Ὅσοι
1558 3606 1613 3658 δὲ
1647 3605 1745 3673 τὴν
1774 3606 1852 3665 είς

283 3707 521 3777 Χριστὸν
571 3706 751 3757 πίστιν
804 3703 1092 3771 φυλάττειν
1137 3699 1459 3769 ῄρετίσαντο
1508 3697 1729 3766 βεϐαίαν
1759 3697 1853 3749 καὶ

284 3797 707 3868 ἀπερίτρεπτον,
746 3795 844 3865 μιᾷ
874 3797 1025 3863 φωνῇ
1062 3793 1265 3853 πάντες
1307 3790 1383 3851 ώς
1411 3789 1470 3851 ἐξ
1503 3787 1618 3850 ὲνός
1653 3787 1852 3855 στόμα-

284 3907 377 3949 τος
411 3887 736 3954 ἐξεϐόησαν·
781 3903 799 3935 ι
838 3885 914 3937 Ού
976 3880 1256 3951 δυνάμεθα
1303 3881 1462 3948 ἡμεῖς
1513 3877 1851 3946 ἀρνήσασθαι

287 3954 524 4047 Χριστὸν
577 3977 667 4029 τὸν
709 3975 962 4043 ἀληθινὸν
989 3973 1146 4034 Θεὸν,
1172 3972 1266 4024 καὶ
1293 3969 1443 4022 θύειν
1472 3968 1712 4030 εἰδώλοις
1742 3984 1851 4019 κωο

287 4075 406 4138 eoi;
440 4071 534 4122 καὶ
582 4069 818 4128 ἀλάλοις.
840 4066 1002 4119 Ὅθεν
1045 4064 1179 4134 πρὸς
1209 4065 1419 4124 τούτοις
1453 4062 1632 4129 φαμέν
1661 4075 1678 4091 ο
1723 4056 1850 4110 Θεοί

283 4163 343 4216 οἳ
375 4166 479 4214 τὸν
508 4161 768 4228 οὐρανὸν
800 4157 898 4211 καὶ
920 4157 1033 4222 τὴν
1064 4156 1183 4223 γῆν
1208 4156 1318 4207 οὐκ
1347 4153 1671 4219 ἐποίησαν,
1703 4150 1852 4202 ἁπο-

286 4253 630 4305 λέσθωσαν.
662 4251 883 4318 Ὅμοιοι
915 4245 1119 4310 αὐτοῖς
1149 4243 1420 4312 γένοιντο
1450 4246 1502 4296 οἱ
1539 4240 1854 4303 ποιοῦντες

288 4343 477 4404 αὐτὰ,
513 4342 628 4395 ,καὶ
686 4339 909 4403 πάντες
971 4339 1024 4388 ol
1088 4335 1436 4398 πεποιθότες
1484 4333 1577 4384 ἐπ’
1625 4330 1849 4394 αὐτοῖς.

300 4434 464 4500 Ἡμῖν
497 4432 565 4486 δὲ
624 4425 705 4494 εἷς
737 4429 867 4492 Θεὸς
897 4429 925 4480 ὁ
971 4426 1069 4480 ἐπὶ
1118 4424 1381 4487 πάντων,
1417 4423 1512 4476 καὶ
1562 4422 1658 4474 διὰ
1706 4421 1854 4473 πάν-

1954 636 2144 681 rentur
2161 628 2330 697 488
2351 641 2402 684 et
2424 637 2757 687 colerentur.
2786 635 2897 690 Hoc
2926 639 3266 705 promulgato
3283 641 3512 706 iniquts--

1953 716 2094 768 simo
2114 717 2316 781 edicto,
2349 733 2611 785 sequente
2641 723 2730 778 die
2768 740 2958 779 omnes
2990 728 3042 778 in
3074 730 3345 781 theatrum
3380 746 3515 782 con-

1951 813 2132 869 vocat,
2174 821 2412 875 cumque
2459 811 2511 863 in
2546 814 2765 867 sublimi
2827 815 3086 869 tribunali
3143 818 3511 884 consedisset,

1953 896 2097 949 hunc
2123 900 2299 965 primo
2328 900 2394 954 ad
2427 905 2737 958 universum
2786 917 2987 962 emtum
3017 909 3272 964 blandum
3304 923 3357 965 et
3381 915 3512 966 adu-

1953 986 2204 1041 latorium
2238 1005 2544 1046 sermonem
2580 995 2768 1048 habuit
2805 1015 2819 1050 :
2855 1018 2872 1048 ι
2906 1001 3169 1068 Equidem
3208 1003 3362 1056 video
3397 1019 3510 1068 ros,

1952 1093 1984 1131 0
2017 1081 2136 1144 viri,
2172 1084 2400 1138 multum
2432 1089 2785 1151 maturitatis,
2824 1093 3014 1158 judicii
3046 1105 3205 1161 atque
3266 1100 3504 1164 pruden-

1954 1172 2038 1223 tiae
2067 1188 2174 1240 prre
2206 1177 2356 1228 vobis
2394 1179 2566 1240 ferre;
2604 1181 2743 1234 haud
2803 1183 2991 1236 dubita
3024 1185 3188 1238 etiam
3231 1189 3515 1257 pleros-pte

1955 1272 2194 1316 vestrum
2228 1269 2362 1320 satis
2391 1269 2443 1319 in
2496 1270 2798 1337 disciplinis
2838 1289 2898 1326 ac
2959 1276 3206 1330 scientiis
3271 1289 3514 1334 vetsatas

1949 1368 2091 1408 esse.
2125 1354 2291 1411 Valde
2328 1358 2490 1426 igitur
2529 1359 2796 1414 dedeccns
2826 1375 2991 1427 esset,
3014 1369 3148 1422 tales
3180 1369 3325 1423 viros
3363 1369 3512 1424 Gali-

1951 1446 2173 1498 lzeorum
2204 1449 2402 1513 agresti
2446 1452 2751 1506 rusticitate
2775 1456 2988 1521 seduci,
3024 1474 3085 1512 ac
3119 1460 3394 1514 hominem
3417 1479 3512 1517 vc-

1951 1539 2154 1599 nerari,
2190 1541 2280 1605 qui
2316 1542 2505 1606 pain-is
2534 1543 2732 1596 abhinc
2784 1546 3001 1611 diebus,
3052 1551 3284 1618 praeside
3316 1553 3510 1619 Pilato,

1949 1641 1994 1678 Ci
2014 1631 2097 1680 υ(ςὶ
2122 1630 2370 1681 addictus
2410 1631 2528 1695 fuit,
2556 1634 2711 1702 Cujus
2735 1639 3038 1703 sepulcrum
3068 1644 3363 1697 etiamnum
3392 1661 3515 1699 om-

1951 1719 2098 1770 nimn
2132 1722 2302 1773 oculis
2334 1730 2498 1787 patt't.
2558 1726 2623 1776 At
2653 1726 2697 1779 si
2741 1729 2899 1781 talem
2935 1730 3102 1784 Deum
3152 1735 3330 1788 colere
3362 1740 3509 1789 onmi

1951 1817 2165 1860 vacaret
2221 1811 2484 1877 periculo,
2521 1815 2730 1865 veniam
2757 1817 2989 1872 fortasse
3030 1834 3333 1878 mereretur
3357 1827 3512 1895 igno-

1956 1897 2129 1949 rantia
2166 1898 2405 1952 melioris
2429 1901 2643 1954 consilii
2673 1942 2690 1958 .
2715 1919 2923 1969 verum,
2964 1924 3087 1961 cum
3132 1913 3232 1964 hac
3253 1915 3320 1966 dc
3347 1931 3510 1968 causa

1956 1984 2259 2046 facultates,
2307 1987 2540 2043 honores
2568 1999 2621 2044 ct
2654 1991 2790 2059 ipsa,
2831 2011 2936 2063 qua
2968 1997 3104 2050 nihil
3137 2000 3360 2055 cbarius
3399 2013 3504 2065 est,

1955 2076 2059 2124 vita
2095 2077 2507 2142 periclitentur,
2567 2084 2809 2149 profecto
2872 2102 2979 2139 non
3035 2090 3207 2143 solius
3256 2091 3512 2158 ignoian-

1953 2168 2038 2219 tia:
2063 2177 2223 2235 atque
2247 2169 2623 2238 imprudentiie
2674 2190 2762 2230 res
2787 2185 2902 2240 est,
2931 2179 3024 2231 sed
3095 2182 3260 2236 totius
3293 2183 3485 2238 demen
3506 2214 3519 2226 ε

1952 2259 2039 2310 tite
2064 2267 2228 2327 atque
2252 2263 2498 2324 insanae,
2539 2276 2718 2331 spreta
2751 2268 3020 2322 tutiSsima
3047 2286 3110 2324 ac
3187 2289 3313 2327 vere
3343 2276 3510 2343 regia,

1951 2365 2093 2414 eam,
2116 2365 2236 2418 quae
2263 2355 2430 2406 tantis
2484 2363 2566 2407 est
2619 2357 2852 2411 obnoxia
2881 2361 3160 2428 periculis,
3197 2366 3511 2434 religionem

1952 2440 2086 2495 velle
2113 2445 2336 2497 sectari.
2373 2444 2552 2510 Quare
2576 2448 2622 2500 si
2652 2449 2782 2502 mihi
2809 2454 3031 2505 meliora
3058 2457 3309 2510 su.:denti
3333 2458 3513 2511 credi—

1954 2532 2044 2594 tis,
2077 2534 2318 2589 accedite
2347 2538 2413 2589 ad
2464 2539 2738 2595 beneﬁcos
2769 2541 2935 2606 deos;
2985 2546 3184 2612 quibus
3247 2550 3514 2603 sacriﬁcia

1952 2624 2267 2692 oll‘erentes,
2293 2628 2469 2695 primo
2489 2631 2708 2699 quidem
2750 2633 3014 2702 ipsorum,
3047 2638 3190 2706 quod
3221 2640 3274 2693 in
3331 2643 3430 2694 hac
3461 2658 3517 2695 re

1954 2727 2120 2785 caput
2151 2727 2260 2781 est,
2292 2720 2726 2777 benevolentiam
2753 2728 3042 2793 captabitis
3079 2746 3091 2780 :
3125 2729 3316 2784 deinde
3351 2732 3517 2800 impe-

1953 2810 2156 2863 ratoris
2213 2811 2534 2874 amicitiam,
2575 2814 2828 2885 bonaque
2857 2819 3116 2885 plurima,
3164 2837 3284 2889 qua:
3321 2823 3515 2875 amicis

1955 2898 2067 2951 suis
2099 2897 2476 2954 liberalissime
2503 2902 2616 2970 ipse
2634 2905 2932 2973 dispensat,
2961 2912 3385 2980 conscquemini.
3421 2930 3439 2962 ι

2031 3147 2116 3201 16.
2179 3149 2302 3204 llaec
2373 3168 2496 3205 cum
2538 3155 2819 3209 audissent
2888 3158 2982 3225 qui
3043 3159 3303 3222 aderant.
3361 3163 3502 3219 haud

1958 3240 2115 3305 pauci
2172 3241 2334 3295 dictis
2358 3243 2477 3309 ejus
2500 3247 2771 3311 persuasi,
2829 3247 3061 3313 professi
3104 3261 3253 3316 sunt,
3281 3268 3338 3306 se
3379 3255 3517 3308 idem

1956 3347 2078 3381 cum
2117 3331 2441 3397 imperatore
2472 3333 2538 3386 de
2565 3335 2823 3400 religione
2855 3339 3058 3392 sentire
3085 3357 3100 3405 ;
3151 3341 3378 3410 ejusque
3413 3344 3520 3400 diis

1956 3421 2215 3471 honorem
2246 3435 2459 3474 omnem
2491 3423 2808 3492 impendere
2835 3428 2971 3479 velle
3007 3445 3020 3481 :
3065 3444 3202 3498 quos
3239 3447 3518 3488 commen-

1957 3508 2210 3563 tariensis
2272 3509 2574 3564 honoribus
2617 3526 2680 3564 ac
2742 3516 3056 3570 muneribus
3129 3532 3355 3582 auctos,
3394 3523 3522 3576 illu-

1955 3598 2203 3661 striores,
2226 3599 2278 3652 in
2315 3601 2575 3667 speciem,
2613 3600 2866 3667 fecit.At,
2900 3607 2991 3672 qui
3015 3607 3173 3661 ﬁdem
3204 3611 3403 3664 tlhristi
3433 3630 3520 3667 re-

1957 3691 2128 3744 tinere
2162 3699 2476 3745 constanter
2513 3694 2888 3758 decreverant,
2933 3699 2966 3750 ii
3000 3715 3105 3752 una
3151 3716 3277 3754 voce
3305 3719 3521 3771 unoque

1955 3794 2051 3833 ore
2086 3781 2374 3832 confestim
2407 3782 2786 3836 exclamarunt
2816 3801 2828 3834 :
2862 3804 2878 3834 ι
2917 3784 3028 3840 Nos
3058 3805 3163 3840 non
3224 3807 3518 3856 possumus

1955 3868 2250 3932 Christum,
2283 3870 2372 3937 qui
2422 3885 2584 3925 verus
2623 3873 2762 3928 Deus
2787 3885 2895 3939 est,
2920 3877 3190 3947 abnegare
3243 3891 3297 3933 et
3325 3883 3527 3935 sacriﬁ-

1956 3977 2082 4015 care
2116 3961 2274 4016 idolis
2313 3963 2493 4017 surdis
2526 3978 2589 4017 ac
2624 3966 2827 4030 mutis,
2883 3968 2978 4021 sed
3017 3970 3081 4022 de
3129 3969 3197 4025 iis
3236 3973 3470 4025 dicimus
3506 3993 3521 4026 :

1957 4049 2066 4116 Dii,
2099 4053 2186 4119 qui
2225 4053 2378 4105 caelos
2409 4065 2456 4106 et
2483 4064 2680 4108 terram
2712 4073 2814 4109 non
2853 4058 3084 4125 fecerunt
3111 4101 3124 4122 ,
3178 4074 3391 4130 pereant
3453 4065 3516 4119 “.

1957 4138 2024 4191 Et
2068 4141 2269 4193 similes
2294 4143 2402 4194 illis
2452 4144 2587 4211 ﬁant
2627 4146 2717 4212 qui
2754 4145 2957 4213 faciunt
2991 4165 3074 4212 ea,
3104 4161 3149 4202 et
3207 4170 3382 4204 onuws
3431 4155 3519 4220 qui

1955 4233 2231 4298 conﬁdunt
2269 4233 2322 4284 in
2378 4234 2451 4287 eis
2483 4236 2550 4286 ¹⁵.
2620 4236 2787 4290 Nobis
2820 4246 3001 4290 autem
3032 4255 3166 4293 unus
3205 4240 3366 4306 Deus,
3430 4245 3518 4313 qui

1954 4327 2031 4370 est
2067 4335 2220 4384 super
2249 4321 2450 4383 omnia,
2479 4331 2528 4373 et
2559 4322 2612 4374 in
2637 4325 2873 4377 omnibus
2900 4327 2943 4354 ¹⁶
2972 4343 2984 4378 :
3012 4338 3057 4378 et
3099 4343 3232 4379 unus
3267 4329 3520 4384 Dominus

1954 4406 2107 4461 Iesus
2135 4408 2398 4474 Christus,
2427 4427 2517 4478 per
2538 4429 2689 4480 quem
2737 4406 2915 4467 omnia
2949 4417 3009 4470 ”.
3043 4417 3100 4468 In
3160 4417 3305 4472 [tunc
3343 4421 3520 4473 credi-

289 4499 426 4583 των,
476 4523 573 4576 καὶ
609 4522 677 4573 ἐν
709 4518 878 4574 πᾶσι.
929 4516 1037 4571 Καὶ
1059 4511 1146 4580 εἷς
1181 4515 1397 4579 Κύριος
1449 4512 1684 4577 Ἰησοῦς
1719 4512 1851 4578 Χρι-
1885 4529 1929 4583 ι)
1961 4515 1965 4550 ¹

1841 4541 1851 4551 .
1885 4529 1929 4583 D
1961 4513 2103 4560 mus,
2144 4499 2287 4552 hunc
2326 4502 2648 4554 conﬁtemur
2693 4512 2746 4555 et
2777 4503 3068 4557 adoramus
3121 4514 3230 4558 tota
3253 4509 3429 4559 anima
3462 4521 3517 4563 et

287 4616 436 4678 στὸς
464 4616 496 4666 ό
541 4610 830 4677 ἀληθινὸς
857 4608 1024 4672 Θεὸς,
1063 4602 1136 4658 δι’
1164 4599 1236 4658 οὗ
1281 4605 1352 4655 τὰ
1393 4601 1608 4653 πάντα.
1655 4599 1854 4652 Τοῦτον

289 4703 641 4771 πιστεύομεν,
693 4701 787 4752 καὶ
839 4695 1244 4767 ὁμολογοῦμεν,
1278 4693 1371 4746 καὶ
1422 4690 1851 4762 προσκυνοῦμεν,

292 4797 385 4848 καὶ
414 4792 745 4864 λατρεύομεν
769 4789 828 4854 ἐξ
846 4790 972 4860 ὅλης
993 4787 1190 4857 ψυχῆς,
1212 4786 1304 4838 καὶ
1325 4785 1388 4837 ἐκ
1413 4785 1581 4852 μέσης
1605 4782 1850 4852 καρδίας,

297 4885 436 4953 μετά
486 4879 726 4950 καθαροῦ
781 4878 875 4931 τοῦ
937 4876 1254 4938 συνειδότος,
1303 4875 1396 4925 καὶ
1450 4871 1850 4942 ἀπεριτρὲπτου

293 4975 638 5042 φρονήματος
670 4987 729 5022 τε
776 4969 872 5022 καὶ
915 4965 1204 5034 λογισμοῦ,
1237 4965 1336 5016 σὺν
1376 4963 1552 5034 Πατρὶ
1584 4963 1676 5013 καὶ
1717 4960 1854 5028 ἀγίῳ

297 5062 601 5129 Πνεύματι,
652 5063 730 5123 είς
775 5058 1166 5126 ἀτελευτήτους
1199 5053 1400 5114 αἰῶνας
1427 5052 1533 5105 τῶν
1571 5050 1800 5103 αἰώνων.
1832 5069 1849 5100 ι

295 5152 483 5204 Ὶάὖτα
541 5151 722 5203 αὐτῶν
769 5150 1068 5219 εἰρηκότων
1119 5146 1255 5214 πρὸς
1287 5145 1378 5196 τὸν
1411 5144 1674 5212 τύραννον
1722 5142 1858 5210 μετά

297 5242 635 5310 παρρησίας,
676 5238 830 5301 αὖθις
870 5235 1044 5306 θυμοῦ
1095 5233 1359 5304 πλησθεὶς
1401 5233 1501 5284 οὐκ
1536 5231 1738 5296 ὀλίγου,
1767 5229 1858 5280 καὶ

301 5331 500 5398 μανίας
557 5328 965 5397 ἀκατασχέτου,
1021 5323 1267 5394 παρευθὺ
1316 5322 1537 5382 τούτους
1589 5318 1861 5386 δημοσίων

299 5420 556 5480 κολάσεις
596 5418 826 5486 φρικταὶ
867 5416 961 5468 καὶ
992 5414 1218 5466 θάνατοι
1245 5411 1560 5479 διεδέχοντο.
1588 5408 1776 5459 Πολλοὶ
1804 5407 1860 5458 δὲ

302 5511 397 5562 καὶ
424 5509 696 5570 λαθόντες,
746 5507 795 5558 οἱ
847 5505 943 5574 μὲν
992 5503 1142 5572 ὄρεσι
1198 5503 1292 5554 καὶ
1336 5499 1594 5569 ἐρημίαις
1636 5496 1860 5556 ἑαυτοὺς

375 5771 645 5827 “.lcrem.
678 5788 728 5837 ι,
776 5771 858 5823 ll.
940 5770 982 5801 "
1020 5767 1164 5824 Psal.
1206 5781 1363 5830 cxnt,
1400 5764 1481 5821 ιθ.

1560 5765 1604 5795 ¹⁶
1631 5761 1830 5831 Ephcs.
1849 5776 1922 5827 tv,
1960 5763 2016 5816 6.

1959 4605 2023 4643 ex
2059 4591 2246 4641 intimo
2290 4594 2471 4653 corde,
2497 4607 2627 4659 pura
2666 4595 3023 4657 conscientia,
3069 4597 3218 4650 ﬁrma
3250 4608 3301 4651 et
3328 4601 3520 4653 inmm-

1961 4676 2053 4729 bili
2088 4678 2394 4742 sententia,
2458 4695 2579 4732 cum
2608 4677 2769 4732 Patre
2828 4690 2880 4733 et
2942 4680 3144 4750 Spiritu
3209 4695 3399 4736 sant-to
3430 4702 3522 4749 per

1963 4767 2171 4821 inﬁnita
2196 4771 2517 4823 saeculorum
2546 4771 2765 4824 saecula.
2795 4789 2812 4821 ι
2842 4771 2938 4826 llis
2969 4774 3190 4837 auditis,
3227 4791 3347 4842 qua:
3370 4791 3522 4829 sum-

1963 4878 2048 4917 ma
2088 4880 2212 4917 cum
2253 4864 2501 4917 libertate
2538 4880 2566 4917 a
2603 4864 2847 4920 ﬁdelibus
2877 4867 3218 4932 dicebantur,
3253 4877 3519 4938 tyralmus

1964 4955 2142 5009 subita
2197 4955 2275 5006 ira
2303 4955 2761 5021 exscandescens,
2795 4958 3032 5012 violento
3073 4959 3254 5013 furore
3285 4963 3519 5027 repletas

1964 5054 2048 5100 est
2076 5063 2087 5098 :
2126 5046 2420 5113 statimque
2441 5053 2678 5114 coeptum
2712 5059 2792 5102 est
2816 5063 2843 5100 a
2870 5049 3194 5103 satellitibus
3221 5054 3517 5113 cruciatus,

1967 5150 2031 5187 ac
2061 5135 2220 5187 etiam
2252 5144 2454 5188 mortes
2477 5135 2800 5203 quibusdam
2847 5138 3069 5195 inferre.
3106 5138 3241 5193 Hinc
3266 5143 3356 5193 alii
3381 5144 3519 5194 clam

1970 5233 2180 5277 montes
2206 5232 2259 5276 et
2297 5225 2619 5280 solitudines
2653 5227 2819 5298 489
2844 5232 3078 5296 petiere;
3126 5231 3218 5283 alii
3253 5247 3344 5299 per
3375 5233 3523 5284 Varia

1973 5315 2090 5366 loca
2126 5314 2357 5381 dispersi
2431 5325 2577 5380 sunt,
2611 5318 2821 5370 dulcem
2881 5321 3135 5387 patriam,
3170 5322 3521 5380 domesticos.

1966 5405 2191 5466 amicos,
2220 5414 2273 5457 et
2299 5406 2479 5459 omnia
2513 5421 2635 5475 qua:
2662 5409 3034 5475 possidebant,
3072 5423 3481 5465 contemnentes
3507 5455 3522 5475 ,

1979 5503 2036 5546 ut
2069 5493 2340 5547 Christum
2374 5496 2550 5550 solum
2586 5499 2951 5566 lucrij'acerent
2987 5502 3049 5565 ",
3105 5501 3200 5570 qui
3227 5509 3311 5555 est
3366 5518 3527 5556 verus

2097 5762 2135 5794 ”
2183 5760 2201 5813 Ι
2234 5760 2362 5813 Cor.
2402 5775 2516 5826 vut,
2553 5757 2607 5811 6.
2687 5760 2730 5792 “
2767 5758 2998 5828 Philipp.
3045 5776 3126 5825 tu,
3152 5761 3210 5817 8.
