4276 6436
266 315 365 381 177

266 520 385 592 ρίου
436 519 606 590 ῥηθὲν
663 520 722 571 ἐν
768 521 883 582 τίς
937 518 1097 582 θείοις
1137 518 1512 586 Εὑαγγελίοις,
1567 521 1660 574 καὶ
1716 535 1855 586 κρυ·-

264 612 446 678 ϐἦναι
476 612 664 664 πόλιν
698 609 900 663 ἐπάνω
929 610 1108 676 ὅρους
1146 608 1433 677 κειμένην
1452 651 1466 672 ,
1497 609 1596 680 τὴν
1628 611 1737 663 τῶν
1781 613 1856 663 ls-

266 705 378 775 ρῶν
423 705 633 757 τούτων
664 703 868 772 δηλαδὴ
919 702 1196 755 πολιτείαν
1233 705 1324 755 ἐπὶ
1373 702 1466 754 τοῦ
1501 704 1596 771 τῆς
1654 704 1854 772 ἀρετῆς

266 798 442 866 ὕψους
465 797 877 867 ἀνῳκισμένην,
909 795 1003 849 καὶ
1027 795 1127 864 τῆς
1160 794 1255 849 τοῦ
1281 794 1524 859 κοιλάδος
1563 795 1856 864 κλαυθμῶ-

265 911 355 954 vo;
403 891 827 962 ύπερηρμὲνην,
864 890 964 957 τῆς
995 889 1104 941 τῶν
1160 891 1364 960 γηΐνων
1397 892 1493 944 καὶ
1549 891 1854 960 χαμερπῶν

264 986 688 1054 ταπεινότητος.
761 983 903 1036 Ἀλλ’
965 985 1092 1036 ὅσον
1151 983 1435 1038 λανθάνειν
1499 984 1854 1048 ἐσπούδαζον,

263 1076 529 1132 τοσοῦτον
572 1071 714 1146 ἦσαν
751 1078 1094 1144 περιφανεῖς,
1145 1075 1242 1130 καὶ
1278 1076 1516 1145 μάλιστα.
1560 1078 1673 1138 τοῖς
1727 1077 1854 1146 ἐρα-

267 1170 426 1232 σταῖς
449 1168 564 1221 τῶν
594 1167 796 1222 καλῶν.
852 1167 916 1220 Οἳ
950 1167 1042 1218 καὶ
1087 1167 1188 1220 οὐκ
1231 1165 1456 1219 ἀνεκτὸν
1485 1167 1849 1237 ἡγησάμενοι,

266 1261 564 1329 διψῶντες,
594 1260 670 1330 μὴ
697 1261 764 1328 τῇ
796 1261 945 1328 πηγῇ
971 1260 1364 1328 προσδραμεῖν,
1397 1257 1510 1327 εἰδὴ
1545 1255 1656 1325 (46)
1711 1259 1855 1326 μᾶλα

268 1357 365 1408 καὶ
394 1355 538 1418 είδὲς
571 1354 636 1426 If.
672 1353 888 1422 διειδὲςι
918 1352 1030 1423 (Π)
1061 1352 1290 1424 ὲκδούσῃ
1316 1353 1376 1405 τὸ
1403 1354 1574 1421 νᾶμα,
1605 1354 1853 1424 δρομαῖοι

269 1448 680 1518 προσέδραμον.
748 1445 973 1514 Πέτρος,
1034 1441 1201 1505 οὗτοι,
1275 1445 1366 1495 καὶ
1419 1444 1695 1513 Ἰωάννης,
1762 1447 1856 1498 καὶ

271 1543 526 1609 Σέργιος,
556 1540 650 1592 καὶ
674 1537 973 1606 Θεόδωρος,
1003 1535 1100 1588 καὶ
1129 1535 1466 1606 Νικηφόρος,
1499 1536 1570 1587 ἐν
1602 1536 1856 1603 καθέδρᾳ

271 1635 704 1703 πρεσϐυτέρων
741 1632 1054 1696 αινοῦντες
1109 1632 1220 1684 τὸν
1275 1631 1496 1698 Κύριον
1555 1631 1704 1701 (48)·
1759 1632 1857 1684 σὺν

272 1726 492 1787 τούτοις
553 1724 611 1776 δὲ
643 1721 953 1784 Βασίλειος,
989 1719 1084 1772 καὶ
1117 1719 1342 1788 Θωμᾶς,
1395 1712 1540 1772 οὗτοι
1594 1716 1857 1769 διακόνων

1195 318 1568 378 HISTORIA
1610 317 1986 378 MARTYRII
2021 319 2118 379 XV
2155 321 2610 382 MARTYRUM.

336 435 429 497 ιη’.
473 430 589 480 Οὐκ
621 422 690 495 ἦν
726 426 782 480 δὲ
817 426 922 497 ἄρα
968 425 1358 496 διαψευσθῆναι
1385 427 1447 480 τὸ
1478 427 1581 480 ὑπο
1611 427 1705 480 τοῦ
1741 429 1852 479 Κυ-
1882 430 1927 485 Α

3435 319 3538 387 1τὲ

2032 427 2114 481 l8.
2157 430 2224 483 At
2261 444 2389 484 vero
2429 428 2682 485 frustrari
2725 445 2833 484 non
2876 441 3111 499 poterat,
3149 432 3291 501 quod
3326 435 3532 488 dictum

1963 528 2044 574 cst
2093 520 2145 572 in
2197 513 2486 591 Evangelia
2526 522 2607 574 ³³ι
2660 521 2927 575 Abscoudi
2979 539 3079 576 non
3130 533 3298 591 potest
3351 525 3533 577 civitas

1963 627 2126 679 supra
2159 622 2381 671 montem
2409 615 2602 681 posita,
2629 629 2822 683 nempe
2849 622 3165 668 sanctorum
3192 618 3536 668 conversatio

1963 703 2028 754 ad
2065 703 2280 756 culmen
2310 705 2524 758 virtutis
2557 712 2769 768 evecta,
2802 713 2856 758 ct
2889 719 3054 774 supra
3089 707 3227 760 hanc
3262 707 3532 777 lacryma-

1964 809 2082 848 rum
2129 794 2346 858 vallem,
2384 811 2477 849 seu
2512 812 2677 866 supra
2711 797 2958 851 omnium
2988 806 3330 852 terrenarum
3368 798 3538 852 cadu-

1964 901 2262 956 carumque
2295 901 2478 941 rerum
2507 889 2894 957 abjectionem,
2925 889 3156 942 elevata.
3192 888 3298 942 Sed
3332 897 3536 956 quanto

1965 981 2085 1049 plus
2117 981 2191 1035 illi
2224 982 2395 1036 latere
2435 983 2794 1050 satagebant,
2836 997 2902 1038 eo
2939 983 3264 1039 illustriores
3304 990 3360 1038 et
3393 983 3535 1038 cele-

1966 1071 2179 1127 briores
2212 1071 2609 1134 reddebantur,
2653 1073 2954 1142 praesertim
2999 1072 3142 1141 apud
3173 1087 3268 1128 eos
3297 1074 3392 1142 qui
3427 1073 3540 1142 pie-

1966 1167 2094 1220 tatis
2125 1182 2187 1219 ac
2213 1167 2432 1218 virtutis
2461 1174 2733 1219 amatores
2762 1174 2916 1219 erant
2953 1183 2966 1218 :
3001 1165 3094 1235 qui
3125 1179 3247 1219 cum
3277 1165 3539 1218 intolerao

1966 1258 2072 1311 bile
2109 1258 2212 1311 sibi
2251 1272 2374 1311 esse
2407 1265 2702 1327 putarent,
2750 1259 2794 1311 si
2827 1258 3092 1312 sitibnndi
3114 1299 3128 1322 ,
3174 1264 3232 1310 ut
3265 1265 3442 1318 erant,
3473 1255 3538 1308 ad

1966 1345 2191 1408 fontem,
2222 1345 2441 1401 dulcem
2473 1346 2869 1415 pulchrumque
2900 1347 3115 1399 laticem
3145 1345 3536 1405 cll‘undentem,

1965 1454 2073 1492 non
2114 1439 2460 1504 accederent,
2494 1439 2560 1492 ad
2597 1453 2690 1492 eos
2725 1437 3018 1492 confestim
3051 1448 3427 1492 aceurrerunt.
3475 1435 3539 1490 lli

1966 1533 2183 1583 fuerunt
2227 1529 2459 1594 Petrus,
2545 1528 2783 1584 Joannes
2827 1546 2890 1584 ac
2933 1529 3179 1598 Sergius,
3222 1528 3542 1583 Theodorus

1964 1638 2027 1675 ac
2055 1621 2415 1691 Nicephorius,
2461 1622 2514 1675 in
2544 1622 2796 1675 cathedra
2825 1623 3090 1674 seniorum
3123 1621 3401 1674 laudantes
3438 1621 3541 1674 Do-

1965 1714 2164 1768 minum
2193 1717 2276 1768 ’δι
2309 1714 2543 1769 Basilius
2581 1725 2634 1768 et
2661 1714 2902 1770 Thomas
2947 1729 3013 1770 ex
3046 1713 3240 1768 ordine
3279 1713 3540 1766 diacono-

273 1823 430 1878 δντες
477 1813 728 1884 βαθμοῦο
764 1811 988 1882 μοναχοὶ
1037 1810 1113 1874 δὲ,
1157 1807 1440 1878 Ὶερόθεος,
1496 1807 1588 1859 καὶ⁵
1634 1806 1850 1875 Δανιὴλ,
1887 1787 1962 1858 Bt

1887 1787 1926 1842 Β
1957 1821 2075 1859 rum
2101 1823 2116 1860 :
2146 1805 2505 1866 Hierotheus,
2537 1805 2741 1868 Daniel,
2775 1814 2829 1858 et
2856 1805 3140 1866 Chariten,
3173 1802 3420 1858 monachi
3442 1816 3540 1870 ,ac

276 1909 371 1961 καὶ
399 1905 678 1974 Χαρίτων.
716 1901 1012 1971 Σωκράτης
1044 1900 1122 1961 δὲ,
1163 1899 1192 1952 δ
1223 1898 1290 1952 τὰ
1324 1898 1501 1950 πάντα
1534 1895 1718 1966 σαφῶς
1743 1895 1854 1967 (ιιι)

276 2003 335 2054 ὲν
371 1999 742 2068 στρατιώταις
781 1993 1138 2062 τεταγμένος,
1171 1989 1404 2043 πλούτου
1457 2005 1516 2040 τε
1568 1989 1661 2040 καὶ
1700 1985 1856 2055 δόξης

277 2093 484 2154 ἱκανῶς
530 2091 691 2160 ἔχων,
722 2088 799 2149 ὼς
856 2084 1132 2155 κονιορτὸν
1187 2081 1362 2134 πάντα
1413 2079 1858 2144 ἐκτιναξάμενος,

276 2182 370 2237 τοῦ
425 2179 599 2235 καλοῦ
631 2176 826 2230 τούτου
873 2174 982 2228 τῶν
1033 2172 1294 2242 Πατέρων
1321 2169 1513 2222 θιάσου
1555 2168 1648 2221 καί
1697 2166 1858 2228 αὐτος

281 2275 450 2344 μέρος
504 2269 746 2339 ἐγένετο.
789 2267 879 2331 Ὧς
909 2265 1002 2319 οὖν
1056 2266 1150 2317 ἐπὶ
1202 2263 1266 2315 τὺ
1313 2262 1444 2314 αὐτὸ
1483 2260 1682 2320 πάντες
1734 2275 1858 2311 συνο

278 2363 444 2433 ἦλθον
470 2401 487 2425 ,
523 2357 829 2428 ἀγγελικὴν
857 2355 1133 2408 πολιτείαν
1164 2352 1241 2423 τῷ
1283 2354 1398 2405 ὄντι
1452 2349 1730 2420 μετίεσαν,
1765 2349 1859 2400 καὶ

279 2457 337 2506 ἑν
360 2451 442 2518 τῷ
474 2452 641 2519 νόμῳ
670 2448 780 2503 τοῦ
808 2447 958 2501 Θεοῦ
982 2443 1352 2516 μελετῶντες
1386 2443 1610 2509 ἡμέρας
1634 2441 1730 2493 καὶ
1756 2457 1861 2492 νυ-

278 2543 444 2610 κτὸς,
466 2542 622 2596 οὐδὲν
653 2540 781 2594 ἀλλο
813 2539 844 2610 ἢ
876 2539 937 2591 τδ
959 2537 1246 2592 Δαυῖτικὸν
1269 2537 1445 2588 ἐκεῖνο
1482 2535 1746 2602 παρεῖχον
1771 2532 1860 2584 ἐπ’

280 2637 468 2697 αὐτοῖς
502 2632 882 2704 πληρούμενον
913 2630 1128 2698 λόγιον·
1173 2627 1329 2682 Ἰδοὺ
1357 2625 1458 2691 δὴ,
1500 2626 1558 2677 τί
1592 2622 1786 2676 καλὸν
1820 2623 1858 2690 ἢ

282 2729 340 2780 τί
375 2726 658 2795 τερπνὸν,
687 2723 826 2777 ἀλλ’
853 2722 891 2790 ἡ
919 2722 984 2774 τὸ
1012 2719 1314 2776 κατοικεῖν
1339 2717 1642 2786 ἀδελφοὺς
1674 2716 1770 2769 ἐπὶ
1795 2717 1860 2770 τὸ

280 2819 472 2880 αὐτό;
509 2816 844 2877 Φωτίζοντες
896 2814 953 2867 δὲ
999 2814 1207 2874 πάντας
1252 2812 1381 2874 τοὺς
1447 2813 1626 2864 ἐκεῖσε
1671 2812 1732 2864 τὸ
1762 2811 1862 2879 τῆς

283 2909 546 2978 γνώσεως
599 2906 734 2972 φῶς,
771 2907 864 2958 καὶ
914 2903 1103 2973 ψυχῶν
1137 2902 1422 2966 ἀσθενείας
1462 2902 1713 2972 ἰώμενοιο
1751 2903 1866 2956 ἀλλ’

284 3004 409 3056 οὐδὲ
439 3004 550 3062 τοῖς
678 2998 830 3069 τοὺς]
867 2999 1198 3068 σωματικοῖς
1231 2997 1674 3064 κεκρατημένους
1700 2995 1867 3048 πάθε-

290 3111 399 3152 σιν,
431 3090 837 3160 ἀθεραπεύτους
870 3087 1208 3157 παρέτρεχον
1229 3125 1243 3138 .
1277 3088 1344 3137 '0
1361 3083 1589 3149 δωρεὰν
1620 3085 1860 3147 ἔλαϐον,

288 3185 520 3251 δωρεὰν
550 3180 837 3249 παρεῖχον
881 3179 1003 3245 τοῖς
1035 3176 1383 3246 χρῄζουσιν,
1417 3176 1474 3228 ἓν
1502 3174 1861 3237 ἀπαιτοῦντες

287 3277 508 3344 τίμημα
565 3271 794 3342 polo-1,6
836 3270 1034 3333 παντὸς
1089 3269 1260 3333 ἄξιον,
1313 3268 1411 3337 τὴν
1449 3267 1587 3338 πρὸς
1629 3266 1866 3336 Χριστὸν

290 3369 503 3428 πίστιν,
556 3366 646 3417 τὸν
675 3366 855 3417 πάντα
897 3362 1214 3431 δυνάμενον.
1259 3359 1542 3413 Ἐντεῦθεν
1584 3360 1738 3412 καὶὸ
1767 3359 1867 3427 τῆς

287 3457 645 3519 διδασκαλίας
695 3455 874 3508 αὐτῶν
919 3453 1076 3520 λόγος
1134 3451 1353 3519 ἐγένετο
1420 3449 1864 3520 εὐδρομώτερος·

290 3549 469 3619 πτερά
524 3548 632 3617 γάρ
685 3545 764 3614 τῷ
817 3544 961 3614 λόγῳ
1005 3543 1073 3595 τὰ
1107 3541 1380 3610 θαύματα,
1414 3540 1746 3610 ὑψηλότερον
1806 3558 1865 3592 τε

289 3644 476 3696 αὐτῶν
522 3637 798 3711 [Laesora]
843 3634 1103 3689 ποιοῦντα
1131 3634 1239 3688 τῶν
1271 3634 1599 3697 διωκόντων,
1649 3632 1741 3685 καὶ
1787 3633 1867 3697 είς

290 3732 558 3793 πλατείας
588 3727 1082 3800 παρασκευάζοντα
1115 3725 1401 3795 φέρεσθαι.

367 3824 454 3878 ιθ’.
499 3823 652 3876 Ἐπεὶ
704 3822 782 3886 δὲ,
841 3821 941 3888 τῆς
988 3818 1196 3872 τούτων
1237 3820 1426 3886 φήμης
1478 3818 1654 3869 πάντα
1701 3816 1867 3870 τόπον

291 3915 653 3984 διιπταμένης
686 3912 798 3977 ὀξεῖ
837 3911 913 3980 τῷ
950 3909 1156 3980 πτερῶ,
1219 3909 1316 3961 καὶ
1341 3908 1440 3979 τὴν
1464 3908 1868 3978 Θεσσαλονίκην

293 4007 461 4068 πολὺς
484 4009 510 4059 ὁ
545 4005 674 4075 περὶ
707 4003 915 4056 τούτων
951 4003 1168 4071 κατεῖχε
1190 3999 1348 4069 λόγος
1374 4039 1389 4064 ,
1418 4001 1635 4068 Οὐάλης
1663 4001 1754 4053 καὶ
1779 4001 1870 4051 tbi-

291 4100 516 4160 λιππος,
548 4093 645 4157 οὓς
672 4092 886 4162 φθάσας
909 4091 1114 4158 ὁλόγος
1146 4089 1435 4159 ἐδήλωσεν,
1493 4092 1550 4142 ὲν
1601 4090 1870 4143 Θεσσαλο-

292 4194 419 4259 νίκῃ
454 4186 817 4255 καθημένους,
839 4183 950 4236 τῶν
967 4181 1262 4235 Ἰουλιανοῦ
1289 4183 1731 4251 προσταγμάτων
1769 4183 1870 4234 οὐκ

291 4281 517 4348 ἀμελεῖς
542 4277 832 4346 τυγχάνειν
854 4273 1237 4343 ὲκπληρωτάς,
1297 4271 1635 4334 ἀκούσαντες
1666 4272 1761 4325 καὶ
1782 4273 1873 4324 αὖ·

294 4374 376 4423 τοὶ
400 4373 500 4440 τὴν
527 4369 808 4422 πολιτείαν
850 4365 962 4420 τῶν
989 4364 1220 4434 ἀνδρῶν,
1254 4363 1330 4427 ὡς
1365 4364 1563 4434 μικροῦ
1622 4365 1718 4417 καὶ
1761 4363 1870 4415 τῶν

1962 1898 2246 1959 Socrates.
2284 1899 2376 1968 qui
2415 1897 2648 1966 primum
2694 1897 2746 1950 in
2790 1896 2981 1950 militia
3026 1894 3448 1965 pra‘clarissime
3481 1911 3541 1950 se

1958 2005 2175 2060 gerens,
2212 1992 2345 2046 satis
2379 1991 2480 2045 sibi
2513 1989 2826 2044 divitiarum
2864 1996 2919 2044 et
2959 1987 3150 2057 gloriae
3183 2002 3540 2056 comparave-

1960 2091 2068 2146 rat,
2122 2084 2215 2136 sed
2245 2083 2331 2136 his
2355 2080 2615 2136 ouinihus
2641 2097 2668 2134 a
2703 2095 2762 2133 se
2788 2080 3028 2148 rejectis,
3053 2088 3107 2134 ct
3135 2080 3285 2133 velut
3317 2079 3540 2147 pulvere

1957 2179 2224 2242 excussis,
2252 2177 2453 2232 eximio
2481 2177 2608 2232 huic
2662 2179 2882 2232 Patrum
2916 2176 3084 2230 οωιυί
3139 2177 3340 2230 meruit
3365 2175 3540 2230 adnu-

1960 2270 2181 2325 merari.
2227 2269 2288 2324 lli
2337 2270 2500 2339 igitur
2547 2285 2670 2322 eum
2714 2284 2904 2324 omnes
2936 2270 3097 2322 simul
3130 2269 3537 2330 convenissent.

1962 2377 2133 2431 genus
2160 2361 2753 2431 quoddamivitm‘plane
2787 2361 3090 2430 angelicum
3116 2360 3359 2431 aggressi
3382 2370 3537 2416 sunt:

1963 2470 2028 2509 ac
2069 2458 2122 2509 in
2153 2455 2262 2520 leae
2304 2453 2516 2508 Domini
2546 2455 2860 2507 meditantes
2900 2453 2984 2506 die
3012 2469 3076 2506 ac
3113 2461 3262 2507 nocte
3285 2455 3360 2512 ".
3405 2454 3538 2508 illud

1963 2546 2281 2601 Davidicum
2321 2544 2697 2613 prmstitcrunt
2745 2542 2800 2595 in
2847 2541 3044 2612 seipsis
3091 2542 3424 2610 completum
3455 2544 3530 2596 ’σε

1966 2639 2100 2693 Ecce
2137 2655 2298 2708 quam
2333 2638 2526 2689 bonum
2563 2644 2614 2689 et
2642 2651 2798 2704 qnam
2822 2633 3122 2702 jncundmn
3151 2633 3395 2686 habitare
3430 2633 3540 2700 fra-

1965 2743 2068 2786 tres
2100 2731 2155 2785 iu
2192 2746 2378 2783 unum.
2411 2726 2801 2782 lliuminabant
2842 2740 2973 2780 vero
3013 2739 3207 2777 omnes
3248 2723 3354 2778 loci
3393 2725 3540 2776 illius

1968 2822 2177 2877 incolas
2206 2836 2348 2875 rem
2382 2817 2716 2890 cognitionis
2748 2817 2977 2880 lumine,
3009 2825 3062 2870 et
3092 2815 3165 2867 ita
3201 2815 3444 2884 quidem,
3479 2823 3538 2868 ut

1967 2913 2094 2968 dum
2138 2913 2442 2967 animarum
2486 2910 2838 2964 mederentur
2887 2908 3274 2976 languoribus,
3316 2923 3410 2962 eos
3443 2922 3536 2976 qut

1967 3005 2341 3075 corporalibus
2399 3002 2815 3057 infirmitatibus
2871 2999 3285 3063 detinebantur,
3331 3000 3538 3067 absque

1968 3111 2099 3151 cura
2137 3110 2244 3150 non
2274 3094 2613 3164 prmtcrirent
2650 3093 2696 3124 ’⁷
2727 3109 2740 3146 :
2782 3102 2831 3145 et
2861 3091 2997 3161 quod
3027 3091 3194 3161 gratis
3235 3099 3541 3154 acceperant

1969 3190 2134 3259 gratis
2184 3187 2531 3255 indigentibus
2591 3185 2820 3248 dabant,
2879 3198 2988 3237 non
3050 3182 3195 3235 aliud
3260 3183 3538 3251 exigentes

1973 3281 2247 3352 pretium,
2307 3294 2470 3349 quam
2537 3277 2667 3332 illu.l
2733 3275 2980 3330 omnium
3042 3274 3539 3344 pretiosissimum,

1969 3388 2162 3440 nempe
2197 3371 2350 3426 fidem
2385 3371 2438 3424 in
2467 3367 2654 3424 Jesum
2680 3367 2981 3432 Christum,
3012 3369 3105 3436 qui
3141 3367 3319 3420 omnia
3342 3373 3537 3434 potest.

1969 3467 2036 3520 Et
2063 3467 2190 3518 hinc
2218 3463 2442 3518 verbum
2488 3460 2751 3516 doctrina:
2773 3458 3012 3512 velocius
3044 3457 3411 3514 reddebatur:
3452 3455 3538 3508 cui

1970 3557 2230 3613 miracula
2266 3554 2472 3608 alarum
2519 3553 2639 3606 loco
2669 3558 2827 3605 erant
2851 3591 2867 3616 ,
2903 3565 3025 3620 qua:
3057 3549 3189 3619 ipsis
3221 3555 3539 3618 persecuto-

1971 3651 2122 3705 ribus
2182 3647 2482 3703 reddebant
2532 3644 2858 3710 sublimius,
2917 3651 2971 3697 ct
3016 3643 3082 3696 ad
3141 3641 3346 3712 plateas
3385 3639 3538 3694 defe-

1970 3741 2184 3796 rebant.

2041 3833 2128 3887 l9.
2151 3831 2288 3887 Cum
2317 3845 2470 3894 vero,
2505 3828 2724 3884 illorum
2760 3826 2900 3880 fama
2933 3827 3095 3896 longe
3128 3826 3341 3895 lateque
3370 3823 3540 3879 celer-

1969 3926 2105 3980 rime
2141 3931 2461 3994 pervagata,
2503 3921 2666 3974 etiam
2716 3918 3122 3974 Thessalonicae
3168 3918 3424 3984 frequens
3473 3917 3537 3970 de

1969 4016 2172 4070 eisdem
2228 4027 2409 4067 sermo
2469 4011 2796 4075 haberetur;
2865 4007 3066 4063 Valens
3119 4018 3174 4061 et
3233 4007 3538 4078 Philippus,

1973 4121 2111 4174 quos
2150 4112 2312 4156 antea
2355 4103 2593 4156 diximus
2645 4101 2815 4155 fuisse
2856 4099 3262 4154 Thessaloaicze
3318 4097 3540 4151 sedulos

1973 4196 2353 4252 mandatorum
2384 4192 2591 4247 Juliani
2623 4203 3001 4255 exsecutorcs,
3039 4190 3324 4242 audientes
3357 4196 3410 4239 et
3441 4187 3540 4252 ipsi

1973 4285 2439 4341 conversationem
2466 4283 2734 4352 ipsorum,
2763 4281 3073 4349 angelorum
3107 4279 3274 4334 ferme
3303 4278 3541 4330 materia-

1971 4379 2274 4448 cxperlium
2308 4375 2655 4430 aemulantem
2692 4380 2978 4432 naturam,
3017 4380 3070 4425 et
3105 4384 3296 4424 eorum
3331 4383 3540 4422 sermo-

291 4461 541 4528 ἀγγέλων
590 4458 902 4530 ἀμιλλῶντα
952 4461 1020 4528 τῇ
1051 4457 1214 4528 auita
1234 4497 1249 4520 ,
1282 4455 1378 4509 καὶ
1409 4457 1498 4509 τὸν
1544 4455 1727 4522 λόγον,
1785 4457 1869 4508 ὅτι
1905 4494 1948 4551 D
1977 4493 1980 4524 η

1853 4474 1869 4507 ι
1905 4494 1948 4551 ι)
1977 4490 2096 4527 nem
2130 4479 2404 4542 potentem
2442 4483 2594 4531 esse,
2640 4461 2990 4534 diriu'ainquc
3025 4462 3090 4516 ad
3130 4461 3542 4533 persuadendo;

295 4554 468 4612 πολὺς
500 4550 609 4620 εἴη,
664 4549 759 4602 καὶ
789 4548 941 4600 θείαν
997 4548 1122 4600 τινὰ
1165 4547 1302 4616 ἔχων
1332 4547 1494 4616 χάριν
1523 4548 1616 4599 καὶ
1641 4546 1868 4615 δύναμιν

294 4641 434 4710 πρὸς
466 4639 528 4710 [Ῑ.
564 4641 690 4692 add.
717 4637 802 4709 τὸ]
831 4639 953 4701 τοὺς
978 4638 1286 4707 ἀκηκοότας
1311 4637 1639 4704 ἐπάγεσθαι,
1665 4637 1759 4690 καὶ
1789 4638 1870 4690 ὅτι

293 4735 472 4794 οὐδεὶς
525 4732 593 4784 τὰ
631 4731 903 4799 Ἑλλήνων
962 4728 1281 4798 πρεσϐεύων
1339 4729 1639 4798 ὑπελείφθη
1694 4731 1750 4780 ἐν
1802 4731 1870 4798 τῇ

294 4822 406 4875 τῶν
439 4821 908 4892 Τιϐεριουπόλεως
943 4820 1257 4890 περιχ‹τ;ρῳ,
1295 4821 1497 4882 πάντες
1539 4819 1595 4872 δὲ
1643 4820 1693 4872 οί
1746 4820 1868 4890 τῇδε

297 4912 540 4982 Χριστοῦ
594 4912 837 4982 μαθηταὶ
887 4912 981 4965 καὶ
1037 4911 1448 4980 προσκυνηταίο
1499 4911 1723 4980 ζηλοῦσι
1774 4911 1871 4980 μὲν

297 5004 442 5075 ὑπὲρ
465 5004 572 5057 τῶν
600 5003 868 5074 πατρῴων
893 5002 1076 5056 αὐτῶν
1116 5003 1254 5055 ἐθῶν
1301 5003 1748 5072 καταλυομένων,
1779 5004 1872 5073 ζη-

297 5097 451 5150 λοῦσι
501 5095 558 5148 δὲ
616 5097 707 5148 καὶ
735 5095 875 5166 ὑπὲρ
903 5094 1200 5165 βασιλικῶν
1235 5095 1624 5163 διαταγμάτων
1653 5097 1874 5150 ἀθετου-

302 5186 694 5258 μένων.Ταῦτα
714 5187 823 5239 τῶν
843 5188 1127 5257 τυράννων
1154 5188 1526 5251 ἀκουσάντων,
1545 5189 1873 5242 σκέπτονται

296 5281 489 5352 τρόπῳ
548 5280 759 5350 τοιῷδε.
819 5279 928 5333 Καὶ
961 5278 1155 5350 πρῶτα
1193 5281 1324 5348 μὲν,
1364 5281 1873 5348 παρννευάζονταί

370 5417 420 5448 ’³
453 5415 643 5471 Matth.
675 5432 730 5479 ν,
769 5417 852 5471 l7.
933 5416 981 5450 “
1016 5416 1160 5474 Psal.
1191 5432 1300 5483 CVI,
1339 5417 1427 5473 δῦ.

1509 5418 1552 5450 ³⁸
1592 5417 1740 5472 Psal.
1778 5437 1814 5484 ι,
1864 5421 1912 5478 2.

1969 4565 2247 4620 auditores
2279 4560 2506 4632 gratiam
2554 4568 2607 4613 et
2651 4558 2927 4627 euergiam
2974 4557 3200 4615 habere.
3268 4548 3539 4609 nemiuem

1968 4673 2098 4712 vero
2127 4653 2486 4722 Tiberiopoli,
2516 4661 2570 4706 et
2607 4650 3129 4718 circumiacentibus
3169 4646 3222 4702 in
3260 4647 3416 4710 locis,
3449 4649 3540 4714 qui

1968 4748 2337 4818 gentilismum
2393 4752 2676 4806 tueretur,
2721 4757 3008 4812 superesse
3029 4780 3044 4802 ,
3078 4740 3171 4794 sed
3199 4755 3390 4793 omnes
3426 4753 3547 4791 esse.

1970 4837 2099 4891 inihi
2137 4833 2346 4890 Chrisﬁ
2391 4831 2692 4900 discipulos
2738 4841 2790 4885 et
2837 4830 3188 4890 adoratores;
3241 4827 3358 4880 zelo
3397 4826 3544 4878 inar-

1975 4926 2210 4980 descunt
2255 4937 2353 4992 pro
2397 4920 2684 4975 dissolutis
2724 4921 2917 4989 patriis
2961 4918 3193 4979 ritibus,
3241 4916 3547 4983 spretisque

1977 5015 2248 5072 mandatis
2279 5011 2645 5082 imperatoris.
2682 5010 2840 5080 49],
2885 5008 3027 5074 Quid
3070 5009 3238 5076 igitur
3272 5005 3540 5074 agendum

1976 5111 2070 5170 sit,
2106 5105 2251 5160 serio
2283 5103 2617 5173 dispiciunt:
2656 5115 2719 5154 ac
2752 5101 2929 5170 primo
2962 5098 3184 5168 quidem
3217 5096 3541 5151 decernunt.

1977 5202 2192 5254 mittere
2222 5193 2615 5263 Tiberiopulim
2653 5193 2993 5262 apparitores
3033 5190 3239 5260 aliquot
3283 5201 3455 5242 smvos
3482 5201 3544 5237 ac

1976 5299 2178 5348 truces,
2211 5287 2302 5359 qui
2339 5284 2460 5338 illos
2505 5283 2586 5337 vel
2623 5282 3052 5352 persuaderent.
3100 5287 3159 5333 ut
3195 5275 3544 5347 imperatoris

1991 5424 2036 5454 ’θ
2061 5422 2204 5478 Psal.
2231 5435 2437 5485 cum,
2471 5417 2523 5474 i.
2597 5417 2642 5448 ³⁷
2685 5415 2870 5469 Matth.
2902 5430 2956 5490 ξ,
2996 5413 3050 5467 8.

1493 5509 1696 5570 Varias
1749 5509 2052 5575 lectiones
2098 5521 2159 5574 et
2206 5517 2392 5571 notat.

370 5610 484 5679 (te)
513 5609 601 5680 ιον.
624 5609 743 5680 ἡδύ.

370 5678 486 5742 (ιτ)
515 5679 604 5732 Ῐσ.
631 5678 716 5733 εὒε
729 5678 856 5743 ιδές.

371 5750 483 5820 (l8)
520 5748 633 5807 lloc
680 5759 787 5814 cst,
843 5749 1216 5822 presbyterali
1274 5765 1371 5808 seu
1422 5751 1744 5809 sacerdotali
1790 5752 2051 5824 dignitate
2083 5755 2284 5812 ornati.

2371 5753 2479 5824 (ιο)
2504 5753 2590 5807 ῑσ.
2622 5751 2800 5822 σοφῶς
2831 5749 2868 5818 ἢ
2892 5744 3072 5816 σοφός.
