4276 6436
248 391 363 463 185

233 510 373 577 pair
390 514 851 583 τεσσαράκοντα
873 535 886 550 ·
923 523 1017 576 καὶ
1045 525 1316 583 διδάσκων
1356 532 1555 597 αὐτοὺς
1612 537 1679 590 τὰ

241 700 470 766 ρανοίις.
499 701 622 754 ὅθεν
656 705 750 757 καὶ
776 706 1070 778 κατῆλθεν.
1115 730 1133 762 ι

317 797 425 856 κγ’.
471 790 736 848 Ἐνταῦθα
789 798 1096 867 μελλόντων
1141 803 1252 858 τῶν
1285 807 1457 875 ἀγίων
1490 812 1583 863 καὶ
1626 813 1696 865 τὰ
1740 795 1860 881 ἐφ·-

235 881 376 950 εξῆς
412 890 684 958 συνερεῖν,
708 891 802 944 καὶ
833 893 1172 964 πλατύτερον
1196 899 1583 970 διηγήσασθαι,
1613 905 1742 974 περί
1772 925 1830 958 τε

230 980 356 1039 τοῖς
387 978 714 1042 ἀποστόλοις
746 982 858 1051 (54)
914 988 1010 1039 καὶ
1061 989 1291 1043 καθόδου
1343 992 1438 1046 τοῦ
1486 996 1826 1065 Πνεύματος,

235 1069 339 1121 καὶ
395 1071 649 1141 περὶτῆς
691 1073 942 1146 δοθείσης
989 1082 1103 1142 τοῖς
1133 1083 1453 1148 ἀποστόλοις
1480 1088 1701 1157 χάριτος
1736 1091 1830 1142 καὶ

234 1161 550 1229 δυνάμεως,
601 1165 696 1216 καὶ
746 1169 875 1236 περὶ
934 1169 1043 1222 τῶν
1086 1171 1261 1226 ἄλλων
1292 1177 1499 1239 ἁπλῶς,
1544 1179 1646 1233 ὅσα
1700 1183 1828 1252 περὶ

232 1251 437 1304 τούτου
474 1254 804 1324 πιστεύομεν
827 1276 838 1286 ·
873 1260 1141 1328 ἐνέκοψαν
1169 1264 1264 1317 τὸν
1292 1266 1385 1319 τοῦ
1415 1267 1574 1336 λόγου
1632 1273 1826 1342 εἱρμὸν

231 1344 286 1395 οξ
335 1342 608 1413 τύραννοι,
669 1350 784 1410 καὶ,
827 1368 843 1398 t
887 1351 951 1404 Τί
982 1354 1061 1416 δὲ,
1115 1356 1250 1424 ἡμῖν
1385 1359 1532 1431 ύμ.],
1591 1362 1823 1431 ἔφησαν,

231 1436 390 1501 ἅπαξ
428 1437 615 1502 ἀδείας
644 1441 957 1511 ἐνδοθείσης
993 1448 1130 1516 πρὸς
1156 1450 1256 1520 τὴν
1283 1451 1558 1523 ἐρώτησιν
1590 1457 1826 1525 ἀποκρί-

232 1529 456 1594 νεσθαι,
495 1531 723 1599 ῥήτορες
774 1534 907 1602 ἡμῖν
934 1537 1265 1610 ἀνεφάνητε,
1299 1542 1490 1616 ὥσπερ
1521 1547 1579 1599 ἐν
1609 1546 1825 1620 θεάτρῳ

231 1620 338 1688 τὴν
392 1621 677 1685 τοῦλόγου
713 1624 946 1695 δύναμιν
993 1631 1469 1703 ἐπιδεικνύμενοι,
1531 1639 1647 1690 ἀλλ’
1704 1643 1823 1710 οὐχὶ

233 1711 376 1776 πρὸς
415 1711 598 1781 κρίσιν
624 1713 922 1787 δικαστικῷ
948 1720 1041 1772 καὶ
1077 1721 1291 1794 φοϐερῷ
1320 1726 1525 1796 βήματι
1553 1733 1823 1800 παριστά-

233 1818 391 1866 μενοι
416 1820 431 1865 ;
469 1802 536 1854 Τί
565 1804 632 1855 τά
654 1806 876 1880 ,πολλάς
935 1809 1097 1864 Θύειν
1125 1813 1445 1884 ὁμολογεῖτε
1475 1821 1588 1881 τοῖς
1623 1821 1822 1877 ἀθανά-

1143 412 1520 477 HISTORIA
1559 421 1940 486 MARTYRII
1970 430 2069 489 XV
2111 433 2567 503 MARTYRUM.

3405 460 3506 525 186

1725 540 1835 607 μεξ-
1867 546 1906 600 Α
1942 545 2141 614 majora
2191 557 2244 604 et
2265 553 2584 619 perfectiora
2621 570 2716 612 eos
2768 561 3098 628 edocuisset,
3125 571 3507 629 ascendittau-

241 602 382 667 ζονα
413 608 510 660 καὶ
532 611 866 680 τελειότερα,
915 615 1083 688 ἀνέϐη
1137 621 1450 677 τελευταῖον
1483 628 1564 690 είς
1592 602 1836 692 τοὺς-οὖα

1938 637 2059 693 dem
2105 641 2158 694 in
2190 644 2389 698 cadum
2413 688 2429 713 ,
2462 650 2606 705 unde
2653 651 2888 720 primum
2917 655 3294 716 descenderat.
3338 682 3355 714 ι

2001 825 2089 879 εδ.
2135 824 2234 880 Hie
2266 841 2417 892 vero,
2459 845 2582 885 cum
2613 836 2787 890 sancti
2822 847 3018 893 caatcra
3051 843 3211 898 etiam
3248 862 3370 915 quas
3413 864 3502 902 se-

1931 927 2052 972 Cuta
2085 928 2234 979 sunt.
2274 921 2659 979 fusius'esscnt
2689 928 2911 998 dicturi,
2958 945 3014 987 nt
3058 935 3126 989 de
3158 939 3418 995 missione
3447 951 3502 996 et

1930 1008 2194 1066 descensu
2227 1011 2464 1081 Spiritus
2505 1021 2706 1083 sancti,
2740 1024 2805 1075 de
2853 1029 3023 1090 gratia
3055 1037 3107 1080 et
3138 1031 3334 1085 virtute
3371 1047 3501 1102 apo-

1930 1101 2086 1156 stolis
2117 1103 2337 1166 collata,
2363 1120 2473 1159 uno
2504 1110 2693 1173 verbo,
2727 1112 2793 1166 de
2820 1119 3076 1171 omnibus
3104 1121 3224 1175 aliis
3250 1138 3369 1190 qum
3403 1101 3502 1178 nos

1929 1191 2245 1258 credimus;
2286 1200 2498 1266 tyranni
2554 1205 2826 1259 sermonis
2860 1207 3029 1262 lilium
3091 1212 3499 1284 abrumpentes,

1934 1301 1952 1334 ι
1991 1282 2130 1349 Quid
2170 1286 2297 1350 hoc,
2333 1289 2611 1357 inquiunt,
2645 1310 2787 1350 anne
2829 1301 2900 1352 ob
2957 1282 3300 1359 concessam
3346 1310 3500 1363 vobis

1930 1377 2298 1442 respondendi
2335 1379 2640 1437 libertatem
2693 1389 2945 1445 rhetores
3001 1395 3160 1448 nobis
3215 1399 3497 1453 constituti

1925 1468 2080 1528 estis,
2119 1468 2262 1536 quod
2294 1468 2606 1526 facundiam
2641 1481 2949 1545 ostentatis,
2983 1488 3225 1551 quasiin
3259 1489 3495 1548 theatro.

1924 1563 1976 1609 et
2012 1571 2119 1609 non
2151 1567 2278 1612 ante
2310 1559 2652 1619 formidabile
2681 1567 3211 1638 tribunaljudicamli
3235 1580 3455 1633 starctis
3477 1580 3498 1613 ⁸³

1927 1645 2031 1701 Sed
2053 1664 2161 1702 non
2192 1649 2345 1717 plura
2376 1668 2392 1704 :
2428 1657 2794 1720 asscntimini,
2829 1660 2932 1716 diis
2973 1663 3374 1722 immortalibus
3410 1686 3502 1722 sa-

1923 1739 2192 1802 criﬁcare,
2219 1741 2300 1796 vel
2328 1758 2434 1796 non
2456 1744 2477 1795 ι
2501 1744 2858 1815 ltespondete.
2888 1773 2903 1803 ι
2924 1785 2976 1793 --
2994 1775 3011 1805 ι
3046 1757 3223 1818 Absit,
3244 1760 3499 1815 dixerunt

1925 1841 2190 1902 martyres
2227 1872 2239 1893 .
2269 1843 2328 1887 ιιι
2370 1852 2470 1892 nos
2495 1878 2508 1898 .
2553 1841 2644 1907 qui
2673 1857 2702 1895 a
2734 1841 2956 1899 Christo
2995 1846 3105 1901 Deo
3129 1864 3158 1903 e
3187 1851 3494 1906 dmmnnum

230 1910 349 1957 τοις
379 1895 592 1967 θεοῖς,ἢ
631 1896 721 1964 ob;
742 1899 1389 1980 ’ΔποκρίησθεΑ-ιλῐὴ
1417 1909 1819 1977 γένοιτο,εἷπον
1856 1934 1894 1988 ιι

1808 1933 1819 1964 θ
1856 1934 1894 1988 ιι
1923 1926 2185 1978 servitute
2208 1928 2419 1981 liberati
2450 1945 2664 1995 sumus,
2710 1933 2843 2002 ipsis
2879 1936 3241 2003 dmmouibus.
3275 1959 3497 1996 eorum-

229 1990 283 2040 oi
319 1990 625 2059 μάρτυρες,
658 1991 881 2061 δαίμοσι
915 1996 1144 2060 καὶτοῖς
1167 1999 1350 2054 αὐτῶν
1380 2003 1618 2068 εἰδώλοις
1654 2005 1813 2059 θῦσαι

233 2082 411 2149 ἡμᾶς,
451 2083 577 2143 τοὺς
615 2085 718 2136 ὑπὸ
760 2087 998 2156 Χριστοῦ
1033 2091 1127 2143 τοῦ
1149 2093 1286 2146 Θεοῦ
1314 2097 1412 2163 τῆς
1438 2096 1682 2159 δουλείας
1706 2099 1815 2150 τῶν

230 2173 511 2242 δαιμόνων
531 2177 967 2245 ἀπαλλαγέντας.
1011 2201 1030 2235 ι
1072 2183 1230 2238 Οὕτω
1274 2186 1381 2239 τῶν
1410 2189 1582 2255 ἀγίων
1616 2190 1814 2242 δόντων

230 2266 332 2333 τὴν
357 2267 652 2336 ἀπόκρισιν
690 2271 951 2342 ἐπίτομον
987 2276 1123 2344 ὁμοῦ
1159 2277 1254 2329 καὶ
1283 2278 1584 2347 ἀπότομον,
1620 2282 1680 2333 τὸ
1719 2283 1814 2334 τοῦ

231 2357 409 2426 θυμοῦ
453 2358 643 2430 θηρίον
692 2362 952 2417 Οὐάλεντι
989 2367 1084 2420 καὶ
1123 2369 1377 2441 Φιλίππῳ
1421 2374 1812 2441 προσεριθίζε-

230 2467 357 2504 ται·
394 2454 491 2506 καὶ
522 2455 643 2507 ἐπεὶ
678 2456 951 2526 δημοσίων
988 2465 1430 2534 προσταγμάτων
1460 2467 1573 2533 (55)
1600 2467 1809 2538 διοική-

233 2561 351 2607 σεις
402 2547 496 2598 ἐπὶ
521 2546 620 2616 τὴν
662 2547 1063 2620 Θεσσαλονίκην
1095 2555 1293 2618 αὐτοὺς
1317 2557 1672 2627 κατήπειγον,
1705 2561 1804 2613 οὐκ

1923 2031 2026 2084 que
2059 2018 2373 2074 simulacris
2405 2023 2802 2078 sacrificemus.
2856 2046 2873 2078 ι
2904 2028 3056 2084 Brevi
3087 2033 3186 2085 hac
3208 2042 3260 2086 et
3286 2050 3495 2102 [ιρι-οη]-

1924 2108 2099 2172 ptoria
2159 2112 2516 2176 responsione
2545 2127 2572 2166 a
2608 2115 2818 2169 sanctis
2851 2119 3000 2184 data,
3066 2119 3268 2176 furoris
3320 2123 3493 2178 bellua

1923 2194 2134 2250 Valenti
2163 2210 2213 2251 et
2248 2201 2494 2272 Philippo
2541 2205 2914 2262 vehementius
2951 2210 3216 2277 irritatur,
3277 2221 3328 2268 et
3358 2230 3494 2283 quio-

1924 2289 2067 2341 niam
2105 2292 2323 2359 publica
2376 2296 2591 2363 negotia
2624 2311 2718 2351 eos
2755 2297 3204 2355 Tlicss;iloniram
3236 2315 3293 2356 ut
3324 2321 3496 2373 quan-

1919 2379 2100 2434 tocius
2125 2382 2384 2446 redirent,
2415 2388 2705 2453 urgebant.
2736 2404 2860 2441 cmn
2909 2409 3012 2444 non
3041 2403 3262 2460 possent
3287 2395 3494 2450 diutius

1920 2469 2253 2541 Tiberiopoli
2287 2476 2592 2542 immorari,
2617 2482 2824 2550 absque
2863 2498 3015 2537 mora
3058 2495 3280 2540 sanctos
3316 2491 3494 2557 capite

1915 2561 2196 2620 damnant.

232 2639 455 2710 ἔχοντες
504 2641 598 2695 ἐπὶ
650 2642 788 2696 πολὺ
845 2644 903 2696 ἐν
962 2645 1378 2716 Τιϐεριουπόλει
1430 2653 1808 2724 ἐνδιατρίϐειν,
1846 2654 2009 2718 εὐθὺς
2038 2657 2130 2710 τὸν
2168 2659 2255 2712 διὰ
2281 2660 2465 2729 ξίφους
2497 2663 2726 2717 θάνατον
2792 2667 2900 2720 τῶν
2968 2669 3139 2737 ἁγίων
3175 2673 3490 2742 καταψηφί-

233 2738 414 2801 ζονται
426 2778 442 2792 .

305 2836 656 2904 κδ’.Ἥγοντο
683 2835 784 2906 μὲν
810 2835 905 2891 οὖν
926 2837 1026 2908 τὴν
1055 2839 1375 2896 τελευταίαν
1404 2845 1498 2896 καὶ
1527 2844 1814 2915 μακαρίαν

232 2929 378 2995 ὀδειν,
408 2929 510 2999 τὴν
572 2931 668 2982 καὶ
727 2932 862 3001 πρὸς
891 2932 1036 3002 ζωὴν
1087 2935 1184 2987 καὶ
1218 2936 1480 3004 οὐρανοὺς
1519 2938 1812 3007 φέρουσαν,

233 3029 336 3094 τὴν
361 3023 591 3076 αίωνίαν
621 3023 715 3076 καὶ
755 3024 1114 3095 ἀτελεύτητον
1153 3026 1248 3079 καὶ
1272 3027 1582 3098 ἀπέραντον
1604 3047 1617 3062 ·
1645 3028 1814 3099 ἠγαλο

234 3111 433 3164 λιιῖιντο
459 3111 514 3164 δὲ
535 3113 683 3182 χαρᾷ
710 3112 1084 3184 ἀνεκλαλήτῳ,
1109 3117 1207 3167 καὶ
1237 3115 1335 3186 τὴν
1371 3116 1518 3170 ἔνδον
1540 3119 1813 3172 κατάστα-

238 3220 326 3256 σιν
350 3206 414 3273 τῇ
439 3203 641 3270 ἔξωθεν
671 3206 992 3275 φαιδρότητι
1055 3207 1440 3277 ἐπεσήμαινον,
1480 3210 1562 3261 δτι
1591 3209 1814 3278 βασιλέα

237 3295 480 3363 πονηρὸν
543 3295 638 3347 καὶ
671 3296 795 3356 τοὺς
830 3294 996 3348 αὑτοῦ
1027 3296 1257 3366 δημίους
1284 3299 1702 3361 καταλιπόντες,
1736 3301 1814 3370 τῷ

235 3385 606 3456 φιλανθρώπῳ
640 3386 860 3440 Βασιλεῖ
894 3387 990 3440 καὶ
1019 3387 1414 3460 ἀκαταλήπτῳ,
1444 3392 1540 3444 καὶ
1576 3391 1808 3460 Ἐκκληι

235 3480 332 3549 σία
363 3478 730 3548 πρωτοτόκων
773 3479 1291 3551 ἀπογεγραμμένων
1329 3483 1389 3532 ἐν
1420 3482 1689 3554 οὐρανοῖς,
1719 3483 1814 3534 καὶ

237 3573 504 3641 μυριάσιν
532 3571 777 3639 ἀγγέλων
814 3573 1124 3643 πανηγύρει
1151 3573 1470 3642 προσελθεῖν
1501 3573 1802 3643 μέλλουσιν.

240 3664 340 3716 Ἐν
394 3663 553 3715 τοῦτο
613 3661 772 3731 μόνον
819 3665 1017 3726 αὐτοὺς
1066 3663 1280 3729 ἐλύπει,
1330 3663 1502 3733 ἡτῶν
1529 3664 1812 3736 τυράννων

233 3758 376 3825 πρὸς
403 3757 462 3808 το
494 3756 595 3825 τῆς
638 3755 895 3824 ἀληθείας
927 3756 1042 3824 φῶς
1076 3755 1324 3818 ἑκούσιος
1371 3756 1667 3825 τυφλότης,
1711 3756 1807 3809 καὶ

233 3848 296 3900 τὸ
322 3845 552 3905 πολλοὺς
585 3845 694 3897 τῶν
728 3848 1160 3917 ἀσθενεστέρων,
1215 3849 1279 3899 ἐκ
1308 3847 1402 3900 τοῦ
1443 3848 1542 3908 τὰς
1601 3847 1812 3916 κρίσεις

232 3939 378 3991 οὓτω
420 3937 759 4008 προϐαίνειν,
799 3939 927 4007 περὶ
980 3939 1080 4007 τὴν
1127 3938 1316 3990 πίστιν
1345 3937 1694 3992 σαλεύεσθαι.
1737 3938 1810 3990 Τὸ

233 4031 343 4100 γὰρ
364 4028 698 4100 παρανόμως
719 4029 1013 4098 γενόμενον
1031 4030 1138 4082 τῶν
1161 4029 1479 4094 ἐξετάσεων,
1497 4029 1811 4092 δυναστείας

233 4123 335 4174 καὶ
354 4121 568 4186 ἀδικίας
605 4123 638 4191 ἡ
684 4122 946 4185 ὑπόθεσις
963 4121 1258 4174 δείκνυται.
1291 4122 1653 4190 Δικαστηρίου
1684 4121 1812 4187 γοῦν

231 4213 515 4282 ὁλόσχημα
535 4212 632 4266 καὶ
643 4213 882 4283 κρίσεως
904 4213 961 4264 ἐν
977 4213 1128 4281 νόμῳ
1155 4211 1282 4274 τοὺς
1299 4211 1621 4276 δικάζοντας
1642 4212 1810 4263 πλάτ-

232 4305 447 4369 τεσθαι,
467 4305 529 4359 ού
564 4305 761 4375 μικρὸν
778 4306 891 4367 τοῖς
922 4303 1333 4374 ἀϐεϐαιοτέροις
1365 4301 1811 4373 περιποιεῖται’τὸ

235 4396 554 4465 σκάνδαλον.
589 4391 770 4448 Εἷεντε
805 4394 932 4466 (56)·
969 4395 1077 4466 γὰρ
1126 4395 1261 4464 ώςή
1299 4395 1392 4447 τοῦ
1445 4396 1800 4462 δικαστηρίου

1992 2849 2084 2905 24.
2120 2848 2469 2906 Ducebantur
2505 2854 2672 2924 igitur
2703 2857 2780 2911 illi
2811 2874 2907 2928 per
2945 2873 3245 2918 extremam
3275 2867 3489 2920 beatam

1924 2939 2089 3002 viam,
2123 2955 2243 3010 quze
2270 2942 2421 2997 ducit
2457 2946 2520 2999 ad
2558 2947 2720 3000 vitam
2767 2958 2821 3002 et
2865 2951 2930 3004 ad
2966 2953 3163 3006 cmluin
3197 2965 3250 3008 et
3280 2957 3346 3010 ad
3381 2957 3493 3026 glo-

1924 3033 2063 3086 riam
2110 3044 2392 3097 aeternam.
2425 3037 2882 3095 interminabilem
2917 3053 2967 3095 et
3012 3045 3354 3100 immensam.
3394 3047 3492 3100 Ex-

1924 3127 2203 3179 sultabant
2231 3143 2360 3181 vero
2409 3129 2593 3182 Iustitia
2635 3130 2992 3186 inenarrabili
3025 3134 3091 3196 ",
3137 3144 3190 3188 et
3217 3137 3490 3191 internum

1919 3218 2175 3286 gaudium
2203 3227 2427 3272 externa
2453 3224 2738 3276 alacritate
2771 3225 3150 3293 signiﬁcabant
3183 3243 3201 3279 :
3233 3231 3489 3295 quoniam

1918 3309 2088 3376 impio
2124 3325 2246 3380 rege
2303 3325 2426 3365 eum
2463 3313 2792 3368 satellitibus
2831 3317 2949 3371 suis
3000 3317 3209 3379 relicto,
3242 3319 3308 3371 ad
3334 3319 3491 3372 beni-

1916 3402 2242 3470 gnissimum
2291 3417 2356 3456 ac
2408 3404 2734 3459 immensum
2773 3405 3000 3476 Regem,
3057 3409 3121 3462 ad
3184 3408 3486 3464 Ecciesiam

1923 3490 2442 3560 primogenitornm,
2469 3493 2562 3562 qui
2593 3492 2855 3564 descripti
2884 3506 3012 3549 sunt
3040 3497 3091 3550 in
3124 3499 3298 3559 t'telis.
3331 3508 3385 3551 et
3423 3501 3488 3552 ad

1920 3580 2178 3634 festivum
2237 3581 2554 3648 angelorum
2632 3595 2833 3639 emtum
2898 3590 3290 3656 properabant.
3351 3588 3489 3642 Illud

1921 3672 2268 3725 solummodo
2298 3672 2444 3726 eoin
2506 3689 2635 3728 casu
2687 3676 2809 3731 illos
2838 3677 3126 3747 allligebat,
3178 3680 3320 3748 quod
3371 3695 3480 3748 per—

1923 3761 2197 3830 Spicerent
2219 3773 2571 3830 spontaneam
2615 3772 2975 3834 tyrannorum
3003 3769 3299 3822 caecitatem
3325 3768 3486 3839 595
3522 3810 3523 3813 η

1922 3855 1987 3906 ad
2031 3855 2081 3906 lu
2099 3869 2212 3907 nen
2250 3855 2531 3919 \eritatis;
2561 3860 2781 3925 etquod
2817 3858 3059 3912 futurum
3094 3861 3486 3928 przevidcbant.

1916 3950 1972 3994 ut
2004 3943 2073 3994 ob
2103 3943 2308 4010 judicia
2380 3943 2481 3997 ltoc
2534 3946 2694 3998 modo
2748 3945 2888 4000 facta
2964 3949 3114 4001 multi
3164 3949 3489 4002 debiliorum

1913 4035 2095 4089 forent
2129 4036 2182 4088 in
2217 4036 2319 4089 (ide
2363 4036 2695 4089 vat-illaturi.
2732 4036 2940 4092 Pravus
2991 4041 3134 4092 enim
3170 4040 3366 4093 tnodus
3405 4040 3487 4094 in-

1914 4126 2228 4193 quisitionis
2259 4135 2640 4194 argumentum
2693 4135 2778 4180 est
2843 4130 3096 4196 petentia:
3159 4141 3211 4184 et
3268 4129 3455 4194 iojusti

1913 4218 2002 4271 tite
2041 4229 2055 4270 :
2091 4219 2370 4286 atjudicii
2407 4217 2580 4271 forma
2610 4234 2637 4269 a
2665 4219 3040 4287 judicantibus
3073 4221 3304 4274 t-onlicla
3335 4223 3476 4274 baud

1915 4307 2186 4360 modicum
2210 4306 2605 4360 inﬁrmioribus
2631 4307 2949 4360 scandalum
2975 4310 3290 4377 ingenerare
3315 4310 3484 4364 solet;

1920 4407 2115 4465 putant
2135 4397 2279 4449 enim
2301 4395 2487 4463 judicii
2516 4397 2795 4448 veritatem
2839 4412 2952 4457 eos.
2977 4413 3113 4465 quos
3141 4412 3197 4450 rc
3218 4398 3332 4466 ipsa
3365 4413 3484 4450 reos

233 4487 469 4557 ἀλήθεια
517 4486 610 4544 οὓς
662 4481 788 4558 εὗρε
835 4485 913 4557 τῷ
947 4486 1060 4540 δντι
1109 4487 1469 4552 ὑπευθύνους,
1513 4486 1806 4556 τιμωρίαις
1845 4497 1922 4550 Di

1771 4502 1806 4546 νς
1845 4497 1886 4550 D
1915 4488 2204 4556 comperit,
2233 4486 2298 4539 ad
2340 4495 2611 4540 tormenta
2658 4496 2712 4540 et
2739 4498 2969 4555 mortem
3006 4488 3460 4542 condemnavissc

236 4580 330 4633 καὶ
355 4578 573 4649 θανάτῳ
601 4579 943 4649 κατέκρινεν.
980 4573 1072 4643 Εἷς
1102 4574 1194 4632 οὖν
1223 4579 1331 4631 τών
1382 4577 1554 4646 ἀγίων
1605 4578 1809 4646 Πέτρος

232 4672 427 4739 ὄνομα,
455 4670 544 4724 διά
568 4669 740 4722 ταῦτα
770 4669 899 4740 θείῳ
926 4670 1072 4739 ζήλῳ
1100 4671 1372 4742 πυρωθεὶς
1413 4669 1511 4740 τὴν
1557 4668 1806 4736 καρδίαν,

235 4760 373 4831 πρὸς
399 4760 525 4820 τοὺς
563 4758 862 4830 τυράννους
903 4760 1157 4828 ἀντέστη.
1198 4779 1215 4811 ι
1250 4756 1319 4812 Ὦ
1350 4757 1665 4829 παραϐάται
1702 4759 1810 4810 τῶν

234 4855 436 4922 ἔργων,
467 4852 684 4922 ἐϐόησε,
716 4853 810 4907 καὶ
838 4853 934 4923 τῆς
961 4853 1220 4925 ἀληθείας
1252 4854 1459 4924 ἐχθροὶ,
1503 4854 1620 4916 πῶς
1654 4854 1809 4906 δικα-

236 4943 383 4996 στῶν
415 4946 763 5013 προσωπεῖον
811 4944 1025 5008 ἑαυτοῖς
1056 4945 1396 5014 περιθέντες,
1440 4946 1534 4996 καὶ
1573 4944 1811 5013 κρίσεως

233 5035 423 5104 σχῆμα
472 5034 838 5106 πλασάμενοι.
895 5037 1106 5106 αἵματα
1155 5036 1379 5089 δικαίων
1424 5035 1683 5094 ἀναιτίως
1719 5036 1810 5086 ἐκ·

232 5128 413 5195 χέετι,
468 5127 552 5194 ἐφ’
583 5122 664 5189 οἷς
711 5127 865 5180 οὐδὲν
897 5127 1047 5192 ἀξιον
1081 5127 1282 5197 εὑρέθη
1318 5127 1571 5192 θανάτου,
1612 5127 1693 5179 ὅτι
1735 5124 1810 5196 μὴ

233 5219 332 5288 καλ
397 5217 602 5286 μᾶλλον
654 5219 832 5271 πάντα
877 5219 1042 5289 τιμῆς
1098 5221 1194 5273 καὶ
1245 5219 1528 5285 στεφάνων
1589 5217 1751 5281 ﬁta;
1788 5238 1805 5267 ι

236 5309 359 5379 Πῦρ
393 5309 564 5381 όργῆς
593 5312 707 5374 τοῖς
758 5311 1044 5381 τυράννοις
1069 5312 1163 5365 ἐπὶ
1191 5310 1267 5382 τῷ
1298 5310 1442 5380 λόγῳ
1492 5309 1809 5364 ἀνάπτεται.

335 5470 358 5501 ⁹
389 5465 409 5520 1
442 5467 589 5524 Petr.
623 5485 664 5536 ι,
692 5470 748 5526 8.

1918 4579 2287 4644 Quamobrem
2313 4594 2455 4632 unus
2474 4587 2782 4630 sani-torum
2813 4578 3033 4630 nomine
3063 4577 3273 4639 Petrus,
3300 4579 3485 4631 divino

1914 4671 2030 4724 zelo
2064 4669 2134 4722 ob
2169 4669 2280 4722 haec
2324 4667 2714 4729 inﬂammatus,
2747 4667 2993 4736 tyrannis
3025 4682 3147 4721 sese
3194 4667 3470 4736 Opposuit,

1909 4768 1982 4825 et,
2022 4779 2038 4810 ι
2077 4759 2122 4814 Ο
2175 4761 2645 4828 prrevaricatores,
2712 4759 3059 4818 exclamavit.
3124 4759 3323 4811 bomnn
3353 4772 3482 4824 0pc-

1915 4867 2035 4906 rum
2063 4859 2116 4904 et
2149 4851 2395 4905 veritatis
2452 4850 2700 4904 inimici!
2745 4850 2950 4903 siccine
2993 4850 3238 4918 iudicum
3293 4864 3480 4917 perso-

1917 4959 2042 4996 nam
2074 4953 2438 5003 assutni-ntes.
2492 4954 2544 4996 et
2591 4941 2784 5010 judicii
2849 4942 3076 4996 formam
3136 4943 3480 5001 mentientes,

1911 5036 2184 5103 justorum
2214 5035 2530 5103 sanguinem
2563 5034 2681 5088 sine
2711 5048 2873 5087 causa
2900 5033 3257 5113 eil'unditis,iu
3284 5033 3483 5099 quibus

1920 5127 2055 5178 nihil
2085 5125 2309 5193 dignum
2345 5132 2520 5177 morte
2568 5124 2846 5176 inventum
2880 5132 2985 5187 est,
3020 5123 3111 5177 sed
3147 5123 3328 5192 potius
3364 5137 3482 5187 qua:

1915 5220 2064 5270 omni
2093 5218 2300 5270 honoro.
2331 5225 2458 5269 sunt
2501 5215 2660 5284 digna
2692 5223 2744 5268 et
2773 5214 3254 5269 remuneratione?
3287 5231 3304 5263 ι
3340 5211 3482 5280 Ignis

1921 5309 2218 5364 iracundiae
2252 5309 2306 5362 in
2341 5308 2590 5378 tyrannis
2627 5307 2694 5362 ad
2729 5308 2870 5361 hunc
2927 5320 3233 5361 sermonem
3288 5317 3482 5357 rursus

1396 5607 1594 5670 Varias
1631 5605 1938 5670 lectiones
1981 5615 2043 5670 et
2089 5614 2273 5670 notae.

309 5734 424 5804 (δι)
455 5735 539 5790 Ῐσ.
567 5735 665 5801 τῆς
690 5733 1014 5804 ἀποστολῆς.

310 5803 422 5865 155)
445 5805 528 5859 ια’.
568 5804 926 5874 πραγμάτων.

1971 5735 2080 5806 (56)
2115 5735 2200 5789 ισ.
2234 5735 2453 5790 οἴονται.
