4276 6436
225 386 328 450 205

1117 384 1483 446 HISTORIA
1517 388 1895 447 MAI-lTYllll
1931 388 2027 446 XV
2065 388 2514 450 MARTYRUM.

3374 395 3479 456 2m

231 515 386 563 μειον
445 495 666 565 χειρῶν,
705 497 796 547 καὶ
849 497 912 546 ἐκ
959 495 1068 547 τῶν
1101 495 1313 548 κόλπων
1351 497 1502 567 ήμῶν
1532 495 1795 565 ἀφαιρού-
1826 505 1869 556 Α
1902 495 1920 547 Ι

1790 505 1869 556 -Α
1902 495 2079 549 Parati
2121 513 2311 550 smnus
2372 507 2424 550 et
2464 495 2678 550 vincula
2734 504 2788 550 et
2832 499 3058 553 verbera
3115 508 3173 552 et.
3210 501 3386 570 ignem
3429 516 3479 556 οι

231 603 388 654 μενον
411 587 505 637 τὸν
531 586 695 653 ἀσινῆ
744 586 835 638 καὶ
861 585 1128 652 ἀσύλητον
1161 585 1454 652 θησαυρόν.
1480 586 1600 636 Οἵδε
1627 589 1806 654 ἡμεῖς,

226 681 314 730 καὶ
345 678 698 746 δεσμεῖσθσι,
731 679 824 730 καὶ
853 676 1194 740 κολάζεσθαι,
1233 679 1326 729 καὶ
1370 679 1447 738 εἰς
1481 676 1590 744 πῦρ
1629 694 1809 747 παρα·

223 770 571 837 πεμφθῆναι,
605 769 699 821 καὶ
722 769 953 822 θάνατον
979 769 1282 837 ὑποστῆναι
1321 768 1555 835 ἑτοίμως
1578 770 1798 837 ἔχομεν.

223 865 330 915 υύκ
367 864 637 932 εύκλαιὴς
778 859 1005 932 ἀκλεὴς]
1037 862 1156 913 οὐδὲ
1187 853 1340 924 οὗτος
1370 862 1396 912 ὁ
1419 860 1642 922 Θάνατος
1675 863 1806 928 ἡμῖν

221 955 396 1008 ἔσται.
443 949 569 1007 Εἴτε
606 955 736 1023 περὶ
795 956 862 1005 τὰ
917 951 1148 1005 κιϐώτια
1213 953 1452 1018 στῶμεν,
1515 952 1682 1004 αὑτοῦ
1738 953 1806 1005 τὰ

222 1047 460 1112 σώματα
516 1044 918 1113 καταθύσομεν,
949 1044 1041 1096 καὶ
1068 1046 1165 1105 τὰς
1193 1043 1370 1112 ψυχὰς
1403 1043 1802 1112 ἀπορρίψομεν.

219 1133 796 1202 Μημαλακισθὼμεν
837 1133 902 1183 τά
960 1131 1128 1199 νεῦρα
1182 1131 1278 1198 τῆς
1339 1129 1680 1196 προθυμίας·
1731 1131 1805 1202 μὴ

221 1222 487 1288 φανῶμεν
524 1221 694 1281 ὅντως
736 1219 944 1282 ἀνάξιοι
983 1217 1318 1286 τηλικαύτης
1362 1218 1602 1284 χάριτος.
1627 1217 1802 1286 Φανη-

224 1311 437 1378 σόμεθα
475 1311 558 1375 δὲ,
591 1312 638 1361 εί
668 1308 850 1368 ἀλλοις
899 1306 1070 1358 ταῦτα
1107 1307 1606 1375 παραχωρήσομεν.
1645 1307 1802 1360 ΙΙόσοι

220 1407 519 1456 πίπτουσιν
574 1401 669 1452 ἐπὶ
722 1398 1080 1466 παρατάξεων
1129 1398 1270 1465 ὑπὲρ
1325 1397 1541 1465 ἀγαθῶν
1593 1398 1802 1467 δωρεὰν

313 1523 384 1532 -
416 1491 569 1563 ρεᾶς]
600 1491 705 1544 τῶν
731 1490 826 1544 καὶ
856 1489 1258 1557 φθειρομένων,
1295 1489 1388 1541 καὶ
1439 1482 1513 1540 ὧν
1542 1489 1802 1548 πολλάίις

215 1589 316 1636 οὐκ
354 1586 516 1637 αὐτοὶ
556 1586 756 1651 κύριοι,
794 1582 904 1633 ἀλλ’
937 1582 1124 1648 ἕτερος
1163 1580 1450 1648 δεσπότης,
1510 1576 1553 1644 ᾧ
1612 1579 1800 1648 μισθο-

217 1676 521 1744 φοροῦντες
565 1677 786 1733 ἐκεῖνοι,
821 1676 911 1724 τὸν
942 1673 1180 1742 πόλεμον
1213 1672 1537 1724 ὑποδύονται
1571 1673 1582 1724 l
1638 1671 1799 1738 Ἡμῖν

214 1766 290 1824 δὲ,
331 1770 429 1816 καὶ
483 1767 686 1817 οἰκεῖον
715 1764 773 1816 τὸ
803 1761 1025 1828 ἀγαθὸν,
1082 1763 1177 1814 καὶ
1214 1761 1513 1830 ἄφθαρτον,
1541 1761 1635 1813 καὶ
1665 1760 1797 1812 αἰώ-

1916 597 2141 640 murtem
2185 603 2401 641 omnem
2459 589 2639 655 potius
2680 588 2932 643 tolerare.
2985 590 3128 645 Mors
3171 594 3477 659 lmjusmmli

1912 677 2076 729 chara
2121 678 2279 731 nobis
2320 678 2543 731 eritzet
2573 681 2782 732 circum
2829 681 3046 732 arculas
3091 682 3221 736 istas
3249 693 3478 744 stantes,

1910 777 1962 822 et
1993 784 2221 839 corpora
2269 769 2721 833 saeriticabimus,
2753 782 2807 826 et
2850 773 3204 840 projiciemus
3247 778 3477 830 animas.

1908 857 2064 911 Absit
2112 867 2170 910 ιιι
2233 858 2449 912 deﬁciat
2484 860 2645 912 animi
2679 863 2850 915 nostri
2883 863 3069 926 robur,
3103 879 3166 918 ac
3201 864 3482 919 videamur

1909 956 2059 1001 tanta
2110 952 2283 1018 gratia
2339 951 2584 1020 indigni;
2619 959 2677 1004 ut
2711 953 3019 1008 \ideretnur
3071 971 3224 1021 sane,
3274 957 3320 1010 si
3377 960 3478 1011 ista

1908 1039 2028 1093 aliis
2071 1040 2474 1096 dimitteremus
2507 1045 2519 1096 !
2556 1043 2728 1107 Quam
2763 1045 2918 1097 multi
2956 1046 3007 1098 in
3048 1049 3247 1114 przeliis
3275 1049 3480 1102 cadunt

1905 1130 1975 1182 ob
2005 1132 2386 1200 corruptibilia
2421 1134 2582 1196 liona,
2607 1143 2662 1185 et
2687 1149 2924 1203 quorum
2979 1150 3120 1202 saipe
3147 1137 3350 1190 domini
3373 1156 3478 1192 non

1907 1223 2041 1274 tiunt
2069 1223 2194 1290 ipsi,
2224 1225 2318 1275 sed
2361 1224 2521 1283 alius,
2555 1223 2715 1290 cujus
2739 1225 3029 1293 stipendiis
3063 1229 3337 1281 militant!
3375 1229 3482 1282 Nn-

1906 1311 1991 1363 bis
2027 1326 2160 1364 vero
2218 1319 2272 1365 et
2318 1312 2596 1380 proprium
2632 1321 2711 1367 est
2743 1313 2846 1367 hoc
2881 1315 3106 1380 bonum,
3148 1327 3201 1370 ct
3235 1319 3480 1372 incorru-

1907 1403 2116 1471 ptibile,
2153 1414 2206 1457 et
2246 1412 2528 1458 aeternum.
2565 1405 2792 1469 Quanta:
2821 1409 2986 1474 igitur
3037 1409 3262 1478 ignavia:
3321 1410 3482 1476 foret,

1907 1493 2039 1547 illud
2076 1496 2362 1564 subripere
2408 1496 2718 1551 volentibus
2749 1497 2975 1552 cedere!
3015 1500 3082 1552 Et
3132 1515 3239 1565 quo
3289 1501 3396 1555 alio
3428 1503 3480 1554 in

1911 1584 2033 1637 loco
2073 1587 2324 1638 sanctius
2356 1588 2663 1653 sepulcrum
2707 1586 2908 1641 habere
2943 1603 3258 1656 possumus,
3292 1604 3480 1657 quam,

1906 1674 1960 1726 in
2003 1676 2128 1738 isto,
2168 1677 2259 1743 qui
2298 1687 2524 1730 sanctos
2579 1677 2677 1729 bos
2729 1679 2880 1747 tegit,
2912 1693 2974 1732 ac
3014 1681 3103 1733 ubi
3141 1681 3305 1748 paulo
3355 1691 3482 1734 ante

1908 1763 2069 1814 simul
2105 1766 2390 1831 prandium
2434 1767 2814 1833 sumpsimus?
2844 1787 2860 1815 ι

215 1874 350 1910 νιον.
381 1857 562 1923 υόσης
615 1855 707 1907 ιύν
761 1857 1034 1924 μαλακίας
1066 1853 1404 1920 ὑπεκστῆναι
1431 1851 1654 1911 τούτους
1687 1851 1798 1912 τοῖς
1837 1848 2023 1902 λαόεῖν
2065 1853 2276 1904 θέλουσι
2311 1855 2323 1905 l
2356 1855 2514 1906 Ποῖον
2538 1854 2894 1907 ἄλλον-τόπον
2959 1857 3128 1923 τάφον
3181 1856 3244 1928 [ι’.
3297 1857 3483 1926 τάφων

215 1950 291 2005 rel
346 1949 550 2017 τάφου]
629 1951 914 2020 ἱερώτερον
965 1950 1182 2016 ἕξομεν,
1230 1948 1260 2014 ἦ
1299 1948 1487 1999 τοῦτον
1543 1949 1632 1999 τον
1659 1945 1898 2008 καὶτοὺς
1933 1945 2121 2012 ἁγίους
2158 1948 2494 2016 καλύψαντα,
2525 1950 2663 2018 ὑπὲρ
2686 1951 2744 2003 ὃν
2767 1952 2861 2004 νῦν
2930 1953 3481 2008 διασυνδεινεύσωυεν

313 2041 460 2108 ὑπὲρ
487 2034 564 2093 ὧν
603 2041 696 2093 νῦν
731 2035 1263 2107 διακινδυνεύσομεν]
1290 2036 1433 2105 (85);
1462 2056 1477 2085 ι

289 2141 366 2203 μ’.
401 2133 643 2187 Τοιαῦτα
676 2134 924 2202 λέγοντος
978 2133 1072 2185 τοῦ
1123 2133 1380 2200 πᾺτθους,
1418 2133 1511 2184 καὶ
1536 2132 1802 2200 θρασυνο-⁵
1835 2137 1875 2191 Β
1976 2162 1978 2170 ι

1794 2153 1802 2168 ι
1835 2137 1875 2191 Β
1976 2128 2065 2181 40.
2115 2126 2237 2183 "me
2272 2145 2395 2182 cum
2455 2131 2662 2184 diceret
2710 2135 2965 2200 populus,
3001 2145 3050 2187 et
3077 2136 3384 2194 animosius
3423 2155 3483 2194 sc

217 2229 382 2293 μένου
421 2225 586 2276 πλέον
617 2224 712 2276 τού
741 2224 949 2285 δέοντος
977 2223 1203 2292 (θερμὸν
1261 2225 1369 2290 γὰρ
1417 2225 1444 2275 ὁ
1482 2223 1666 2290 ζῆλος,
1705 2222 1798 2272 καὶ

218 2315 465 2381 μάλιστα
497 2311 594 2364 τοῦ
630 2312 811 2364 κοινοῦ
844 2312 1131 2378 πλήθους),
1178 2311 1251 2372 ὡς
1289 2311 1623 2378 κουφοτέρας
1668 2308 1800 2375 ὓλης

213 2404 588 2473 δραξάμενος,
630 2405 694 2454 ὲκ
728 2402 928 2471 μικροῦ
959 2401 1254 2470 σπινθῆρος
1290 2400 1496 2468 πυρσὸς
1535 2399 1797 2466 ἐτείρετο·

213 2497 244 2547 ό
279 2495 469 2564 κόμης
509 2495 606 2546 σὺν
665 2496 778 2556 τοῖς
832 2494 1157 2554 ἐπισκόποις
1213 2491 1364 2561 μόλις
1421 2491 1803 2556 κατασιγάσσς

214 2585 308 2638 τὸν
341 2587 511 2638 πολὺν
547 2587 604 2637 ἐν
638 2583 716 2652 τῷ
747 2582 911 2652 κοινῷ
943 2582 1192 2651 θόρυϐον.
1228 2601 1246 2632 ι
1271 2583 1334 2634 Τί
1363 2579 1542 2645 τοῦτο,
1574 2581 1798 2664 ἔφησεν,

217 2679 472 2745 ἀδελεροὶ,
503 2679 594 2730 καὶ
624 2679 785 2730 τέκνα
814 2697 827 2740 ;
866 2679 947 2738 τίς
977 2679 1010 2745 ἠ
1048 2676 1332 2742 ἀλόγιστος
1361 2675 1499 2743 αὕτη
1526 2673 1801 2745 θρασύτης

219 2773 318 2824 καί
351 2770 765 2834 ἐπανάστασιςς
808 2770 870 2820 El
927 2768 1027 2836 μὲν
1079 2768 1293 2820 οἴκοθεν
1325 2767 1484 2828 αὐτὸς
1515 2764 1807 2816 ὲπεόαλλό-

223 2880 337 2932 μην
375 2862 456 2930 τῷ
507 2863 822 2931 πράγματι,
875 2861 970 2912 καὶ
1013 2859 1352 2928 αὐθαιρέτως
1399 2857 1664 2926 ἐνήργουν
1709 2857 1805 2921 τὴν

216 2954 490 3022 ὀδυνηρὰν
548 2955 675 3022 ὑμῖν
722 2953 927 3020 ταύτην
973 2951 1082 3003 τῶν
1122 2951 1294 3017 ἁγίων
1319 2950 1628 3018 μετάθεσιν,
1658 2942 1805 3014 εἶχεν

218 3047 287 3099 ἂν
317 3047 479 3112 λόγον
504 3046 631 3115 ύμῖν
662 3047 694 3113 ἡ
731 3046 1044 3105 ἀντίστασις
1070 3060 1082 3074 ·
1118 3044 1166 3094 εί
1203 3043 1258 3094 δὲ
1292 3043 1624 3111 πρόσταγμα
1647 3039 1807 3090 τοῦτο

219 3137 317 3191 τοῦ
362 3139 652 3205 θεοφιλοῦς
706 3138 864 3206 ἡμῶν
915 3135 1204 3205 βασιλέως,
1261 3136 1419 3202 ἡμεῖς
1449 3133 1504 3184 δὲ
1536 3133 1805 3199 ὑπηρέται

222 3228 318 3279 καὶ
352 3227 708 3295 ἑκπληρωταὶ
754 3227 849 3278 τοῦ
905 3225 1328 3292 προστάγματος
1380 3222 1801 3288 ἀπεστάλημεν*

218 3319 304 3380 τίς
337 3323 362 3369 ὁ
395 3319 821 3385 λόγος,δούλους
868 3313 1010 3368 εἶναι
1048 3313 1471 3383 ὁμολογοῦντας,
1493 3311 1802 3381 δεσποτικῴ

220 3411 298 3480 μὴ
341 3409 679 3462 ύποκύπτειν
716 3410 1077 3478 κελεύσματι;
1106 3409 1221 3459 Ούκ
1255 3406 1368 3458 ἴστε
1394 3405 1597 3476 πικρὰς
1631 3404 1799 3473 βασάο

214 3518 348 3563 νους
380 3501 752 3568 ἀποκειμένας
805 3501 917 3560 τοῖς
969 3498 1036 3549 τὰ
1086 3495 1346 3561 βασιλικά
1401 3496 1797 3563 προστάγματα

222 3590 703 3660 παραθραύουσιις
745 3590 962 3658 Ὁρᾶτε,
997 3586 1070 3654 μὴ
1127 3585 1218 3636 τὸν
1282 3583 1446 3653 μέχρι
1489 3583 1582 3636 νῦν
1622 3583 1796 3650 πρᾶον

224 3681 324 3733 καὶ
361 3680 657 3747 χριστοήθη
807 3677 1031 3746 χρηστ.1
1071 3675 1320 3742 βασιλέα,
1367 3675 1502 3742 πρὸς
1547 3674 1644 3738 τὴν
1676 3673 1796 3723 καθ’

222 3770 378 3838 ὑμῶν
408 3769 578 3837 ὀργὴν
603 3770 944 3837 ἀναστήσητε
983 3766 1060 3834 τῷ
1092 3764 1270 3834 πολλῷ
1301 3762 1511 3833 θράσει,
1562 3763 1660 3829 τῆς
1693 3781 1795 3830 φυ-

221 3859 381 3927 σικῆς
415 3859 671 3927 ἐκστῆναι
698 3861 1062 3926 χρηστότητος
1101 3855 1441 3924 βιασάμενοι.
1482 3854 1571 3921 Μὴ
1625 3853 1796 3914 οὓτως

223 3950 674 4017 ἁπονενοημέ-.ως
692 3949 764 4008 ὼς
799 3948 936 3997 κατά
967 3945 1252 4012 μαχαιρῶν
1299 3945 1390 3994 καὶ
1423 3943 1591 4008 ξίφων
1624 3942 1798 4009 πηδή-

223 4059 376 4111 σητε.
430 4041 646 4103 Ἀδοξος
723 4042 750 4091 ό
805 4039 1042 4098 τοιοῦτος
1117 4037 1374 4096 θάνατος·
1444 4036 1544 4086 ούκ
1594 4035 1798 4103 ἀρεστὴ

222 4134 336 4201 γὰρ
362 4136 395 4200 ἡ
429 4131 726 4201 θρασύτης,
762 4131 808 4181 εἰ
845 4133 936 4180 καὶ
968 4128 1125 4196 δόξης
1158 4129 1473 4193 ἀποφέρητε
1507 4127 1792 4191 στέφανον.

229 4225 322 4291 Μὴ
351 4225 614 4291 ποιήσητε
652 4221 743 4272 τὸν
777 4221 918 4271 θεῖον
959 4220 1051 4270 καὶ
1090 4218 1231 4286 ἱερὸν
1259 4219 1420 4267 τόπον
1451 4214 1658 4276 τοῦτον,
1691 4233 1793 4266 πο-

224 4312 544 4379 λυάνδριον·
580 4311 654 4379 μὴ
688 4310 777 4361 τὸν
803 4310 954 4376 ἅγιον
992 4307 1338 4377 βεϐηλώσητε
1374 4307 1665 4374 μιανθέντα
1702 4308 1799 4373 ἐμ-

223 4399 404 4467 φυλίῳ
439 4397 644 4464 ὲναγῶς
679 4397 892 4465 αἵματι.
925 4397 1177 4448 »Τούτων
1200 4398 1278 4446 ἔτι
1306 4397 1612 4464 λεγομένων
1647 4397 1798 4464 παρά

223 4489 320 4540 τοῦ
346 4489 608 4554 κόμητος,
638 4485 698 4536 τὸ
721 4485 924 4553 πλῆθος
948 4487 1040 4536 ἐπὶ
1071 4485 1269 4551 μᾶλλον
1292 4487 1498 4553 ἀνῆπτε
1519 4485 1610 4536 τὸν
1640 4485 1801 4552 θόρυ-

223 4579 320 4630 6ου
353 4618 368 4642 ,
409 4578 503 4629 καὶ
529 4579 627 4646 τὴν
670 4577 801 4646 πρὸς
832 4577 920 4627 τὸν
951 4575 1175 4629 θάνατον
1228 4575 1557 4646 προθυμίαν,
1594 4577 1798 4644 προθυ-

228 4670 466 4737 μοτέραν
526 4669 618 4718 καὶ
685 4665 1026 4734 θερμοτέραν
1100 4666 1790 4726 ἀπαντεςθεπεδείκνυντο.

239 4758 509 4816 Ἐνταῦθα
553 4759 580 4809 ό
634 4757 810 4823 κόμης
843 4758 1092 4815 παντοῖος
1132 4756 1350 4820 ἐγένετο
1383 4754 1448 4824 [‘f.
1479 4755 1666 4826 ἐγίν.],
1704 4755 1796 4808 vim

232 4848 334 4915 μὲν
370 4849 434 4914 τῇ
467 4843 824 4914 χρηστολογίᾳ.
858 4843 1174 4912 μαλάττειν,
1199 4842 1293 4894 νῦν
1323 4845 1378 4894 δὲ
1408 4846 1472 4913 τῇ
1505 4845 1610 4895 τῶν
1638 4848 1795 4897 ἀπειο

228 4937 338 4989 λῶν
383 4936 652 5004 αύστηρίᾳ.
704 4933 1094 4987 καταστέλλειν
1140 4933 1498 5002 πειρώμενος.
1571 4937 1640 4996 Ως
1689 4935 1798 4986 res

229 5032 419 5099 χρόνος
454 5027 716 5098 ἐτρίϐετο,
757 5029 850 5080 καὶ
887 5028 1050 5097 μηδέν
1096 5045 1148 5078 τι
1194 5028 1488 5096 διαπρᾶξαι
1520 5027 1794 5095 ἰσχύοντες

229 5119 472 5183 ὶκάτερα
520 5117 586 5167 τά
637 5115 804 5184 μέρη,
861 5116 975 5167 ἀλλ’
1026 5116 1301 5182 ἄπρακτοι
1355 5116 1696 5183 διαμένοντες
1742 5119 1794 5167 oi

227 5208 548 5276 ἀμφότερἰι,
582 5205 753 5266 τέλος,
791 5205 1150 5258 συνεϐίϐασαν
1188 5205 1327 5258 ὥστε
1379 5208 1525 5275 τρεῖς
1574 5209 1637 5258 ὲκ
1683 5209 1790 5257 τῶν

231 5294 647 5362 ιπισημοτέρων
676 5295 847 5359 ἀγίων
903 5296 1097 5362 μόνους
1136 5298 1387 5365 ἄραντες,
1422 5297 1563 5363 λέγω
1587 5297 1672 5365 δὴ,
1701 5297 1795 5349 Τι-

233 5383 452 5453 μόθεον,
489 5382 782 5450 ίίομάσιον,
816 5383 910 5435 καὶ
938 5384 1210 5448 ιίὑσέϐιον,
1245 5387 1369 5444 τοὺς
1389 5385 1445 5437 δὲ
1476 5387 1714 5448 λοιποὺς,
1742 5389 1800 5439 ὲν

227 5474 636 5542 Τιϐεριουπόλει
664 5479 997 5530 καταλιπεῖν.

1828 4802 1878 4860 D

1904 2220 2127 2273 Laberet
2185 2235 2347 2288 quam
2409 2222 2678 2289 decebat,
2730 2225 3000 2292 siquidem
3068 2228 3342 2283 violentus
3398 2245 3482 2287 est

1903 2310 2096 2372 zelus,
2165 2311 2467 2378 praesertim
2538 2313 2591 2365 in
2641 2315 2891 2384 gregaria
2951 2317 3324 2383 multitudine,
3378 2337 3480 2377 ceu

1905 2401 2044 2468 ignis
2070 2401 2118 2452 in
2141 2402 2343 2456 leviore
2375 2405 2600 2457 materia
2627 2419 2929 2460 accensus:
2959 2407 3206 2478 adeoque
3227 2428 3289 2464 rx
3314 2427 3480 2481 parva

1901 2492 2135 2546 scintilla
2152 2493 2263 2561 jam
2292 2495 2604 2548 incendium
2631 2497 3131 2564 parabatur.Quare
3151 2517 3333 2557 comes
3352 2519 3477 2558 cum

1900 2582 2178 2650 episcopis
2233 2597 2377 2650 aegre
2411 2583 2702 2651 impetrato
2740 2586 2793 2638 in
2854 2596 3002 2640 tanta
3066 2592 3479 2656 perturbatione

1905 2671 2126 2724 silentio
2159 2693 2173 2726 :
2213 2690 2232 2721 ι
2263 2671 2404 2736 Quid
2440 2681 2526 2725 est
2571 2673 2696 2736 hoc,
2729 2675 3006 2740 clamavit,
3035 2676 3234 2734 fratres
3265 2687 3319 2734 et
3349 2680 3481 2735 lilii?

1906 2759 2167 2825 Quaenam
2201 2762 2314 2816 haec
2346 2763 2553 2832 absque
2577 2765 2684 2816 ulla
2719 2766 2931 2820 ratione
2962 2768 3190 2823 audacia
3213 2779 3267 2824 et
3297 2772 3478 2826 insur-

1906 2850 2112 2903 rectio?
2145 2850 2200 2904 Si
2231 2866 2332 2920 ego
2366 2867 2394 2904 a
2434 2867 2519 2906 me
2566 2853 2686 2920 ipso
2734 2857 2980 2910 animum
3025 2861 3358 2927 appulissem
3411 2864 3477 2916 ad

1909 2939 2010 2992 hoc
2044 2955 2202 3007 Opus,
2223 2951 2277 2993 et
2308 2951 2505 3009 sponte
2537 2957 2655 2997 mea
2689 2960 2938 3013 urgerem
2978 2947 3117 3002 hanc
3150 2953 3288 3006 adeo
3322 2954 3478 3006 vobis

1908 3029 2192 3083 molestam
2242 3040 2562 3086 sanctorum
2619 3036 3059 3102 translationem,
3096 3054 3250 3108 aequa
3293 3044 3479 3112 utique

1909 3121 2047 3173 foret
2097 3123 2208 3176 luec
2243 3123 2553 3178 resistentia
2581 3135 2783 3181 vestra.
2816 3129 2882 3181 At
2913 3144 3036 3182 cum
3080 3134 3188 3185 tale
3218 3135 3289 3188 sit
3327 3137 3481 3202 pien-

1910 3214 2103 3267 tissimi
2141 3217 2281 3283 regis
2308 3217 2478 3268 nostri
2509 3218 2851 3280 mandatum,
2886 3234 3097 3285 nosque
3130 3224 3478 3279 solummodo

1909 3305 2147 3359 ministri
2171 3316 2226 3359 et
2257 3319 2611 3362 exsecutores
2653 3309 2798 3363 illius
2829 3311 3037 3374 simus;
3070 3329 3316 3381 quamam
3340 3320 3479 3369 ratio

1909 3407 2009 3452 est,
2048 3404 2105 3447 ut
2146 3397 2179 3448 ii
2215 3400 2305 3466 qui
2339 3413 2527 3451 servos
2571 3415 2690 3454 sese
2755 3413 3056 3470 agnoscunt
3107 3416 3160 3458 et
3217 3406 3478 3468 fatentur,

1907 3487 2080 3539 nolint
2109 3489 2384 3542 dominico
2440 3491 2668 3544 subesse
2719 3493 3020 3546 mandato?
3049 3496 3131 3548 Au
3167 3511 3291 3550 vero
3321 3497 3476 3567 igno-

1902 3579 2033 3632 ratis
2065 3566 2214 3633 diros
2264 3582 2541 3635 cruciatus
2596 3582 2661 3634 iis
2703 3592 2919 3649 paratos
2972 3599 3114 3646 esse,
3179 3590 3272 3654 qui
3329 3589 3478 3656 regia

1902 3666 2157 3716 mandata
2198 3667 2540 3732 int'regerint.
2578 3669 2769 3723 Videte
2832 3687 2899 3724 ne
2948 3674 3364 3729 clementissimi
3412 3693 3478 3730 ac

1901 3754 2176 3808 mitissimi
2209 3757 2350 3824 regis
2388 3757 2723 3810 iracundiam
2757 3759 2808 3812 in
2839 3776 2936 3814 vos
2967 3764 3278 3827 concitetis,
3313 3781 3373 3818 ac
3411 3784 3477 3820 ne

1903 3853 2078 3896 vestra
2132 3845 2233 3898 hac
2285 3849 2450 3900 nimia
2493 3849 2652 3918 505
2704 3852 2934 3904 audacia
2984 3869 3108 3906 eum
3161 3870 3190 3907 a
3239 3860 3476 3911 naturali

1903 3936 2328 3989 mansuetudine
2359 3952 2454 3988 sua
2506 3940 2763 3991 recedere
2787 3943 3016 4009 cogatis.
3057 3943 3173 3996 Non
3209 3949 3344 3998 adeo
3379 3947 3477 3999 dc-

1905 4033 2110 4076 mcntes
2135 4027 2278 4085 sitis,
2311 4035 2366 4078 ut
2403 4028 2456 4078 in
2484 4043 2707 4082 secures
2741 4039 2794 4082 et
2831 4030 3042 4098 gladios
3074 4034 3216 4087 ultro
3261 4036 3475 4088 insilia-

1903 4113 1994 4166 tis.
2032 4114 2262 4182 lngluria
2298 4118 2435 4169 foret
2473 4119 2583 4171 haec
2620 4135 2767 4172 mors
2800 4137 2815 4175 :
2846 4137 2910 4175 ac
2944 4139 3050 4176 non
3105 4126 3341 4192 placeret
3388 4144 3477 4180 vc-

1903 4212 2014 4256 stta
2054 4206 2350 4270 temeritas,
2377 4209 2590 4262 etiamsi
2617 4210 2803 4274 gloria:
2854 4227 3110 4264 coronam
3148 4216 3343 4269 exinde
3387 4233 3475 4270 re-

1906 4293 2140 4348 fert-etis.
2175 4294 2351 4351 Nolite
2386 4313 2605 4352 sacrum
2633 4300 2777 4354 hunc
2810 4302 2986 4355 locum
3018 4303 3199 4358 facere
3229 4318 3473 4362 mortuo-

1905 4399 2023 4436 rum
2082 4389 2419 4455 sepulcrum.
2479 4389 2655 4443 Nolite
2705 4392 2995 4460 profanare
3045 4395 3146 4448 ltoc
3189 4401 3472 4466 templum,

1905 4479 2171 4549 sacrilege
2212 4481 2341 4532 illud
2394 4483 2698 4548 polluentes
2759 4485 2902 4537 civili
2953 4489 3238 4553 sanguine.
3276 4507 3295 4540 ι
3336 4489 3471 4543 Dum

1906 4569 2020 4621 haec
2052 4585 2080 4622 a
2110 4572 2310 4622 comite
2339 4571 2672 4635 dicerentur,
2695 4575 2985 4628 multitudo
3010 4578 3269 4644 majorem
3296 4583 3474 4637 adhuc

1905 4661 2196 4712 tumultum
2248 4660 2450 4723 ciebat,
2482 4678 2785 4732 onmesqne
2842 4667 2906 4717 ad
2968 4680 3196 4721 mortem
3229 4672 3471 4725 subeun-

1907 4752 2030 4804 dam
2096 4766 2217 4804 sese
2255 4753 2584 4806 exhibebant
2641 4757 3026 4823 promptiores.
3056 4758 3236 4822 Quare
3289 4776 3472 4813 comes

1908 4843 1960 4892 in
1998 4856 2190 4894 omnes
2232 4856 2351 4894 sese
2400 4843 2653 4895 versabat
2682 4854 2883 4910 partes,
2913 4859 2977 4898 ac
3007 4847 3168 4898 modo
3203 4850 3472 4902 suavitate

1907 4930 2194 4984 verborum
2225 4945 2320 4984 eos
2363 4931 2615 4998 delinire,
2668 4936 2830 4986 modo
2872 4934 3144 4989 minarum
3177 4939 3472 5006 asperitate

1904 5037 1998 5076 eos
2045 5022 2322 5076 deterrere
2357 5025 2679 5077 conabatur.
2712 5024 2934 5087 Verum,
2973 5043 3098 5082 cum
3137 5041 3348 5097 tempus
3386 5044 3469 5084 te-

1906 5123 2136 5178 reretur,
2174 5127 2237 5166 ac
2267 5124 2456 5167 neutra
2495 5130 2620 5183 pars
2646 5117 2944 5185 quidquam
2970 5119 3275 5184 proliceret,
3308 5121 3471 5175 adeo-

1905 5220 2010 5273 que
2047 5207 2208 5258 otiosi
2250 5219 2663 5274 permanerent,
2716 5209 2932 5263 tandem
2985 5222 3378 5275 conrenerunt,
3413 5224 3469 5266 ut

1907 5307 2017 5348 tres
2050 5304 2258 5347 tantum
2297 5312 2360 5350 ex
2413 5297 2804 5351 illustrioribus
2855 5301 3063 5351 sanctis
3125 5302 3467 5365 tollerentur,

1913 5403 2108 5456 nempe
2132 5387 2476 5450 Timotheus,
2523 5389 2830 5451 Comasius,
2850 5399 2902 5443 et
2937 5388 3239 5444 Eusebius:
3274 5392 3468 5462 reliqui

1912 5477 2242 5547 Tiberiopoli
2271 5479 2728 5546 relinquerentur.

1153 5721 1156 5724 ἢ
1416 5653 1613 5712 Variis
1658 5653 1961 5714 lectiones
1992 5663 2052 5714 et
2098 5663 2285 5716 notis.

303 5750 412 5821 (SS)
475 5752 559 5802 Irt'.
592 5751 1148 5820 διασυνδειπνήσσμεν
1172 5751 1209 5818 ἢ
1259 5752 1762 5820 διασυνδεινάζομεν
1786 5770 1800 5784 ο
1845 5754 1893 5806 id
1925 5769 1985 5808 es

1635 5771 1762 5820 ομεν
1786 5770 1800 5784 ο
1845 5754 1893 5806 id
1925 5763 2030 5819 est,
2052 5769 2146 5822 pro
2173 5771 2272 5822 quo
2303 5772 2437 5808 nunc
2471 5758 2828 5813 contendimus
2853 5770 2902 5816 et
2922 5761 3324 5815 contristamur.
