4276 6436
213 391 311 453 ΞΠ

1143 391 1511 452 HISTORIA
1545 390 1925 452 MARTYRlI
1968 394 2069 452 XV
2119 394 2582 456 MARTYRUM.

3362 400 3465 461 218

212 502 281 551 ὧν
337 498 545 567 ἐφθασέ
583 516 642 551 τε
699 500 791 552 καὶ
847 498 925 561 εἰς
975 498 1149 566 γῆρας
1208 501 1358 550 ποῖον
1493 496 1660 567 πῖονῖ,
1688 499 1781 550 καὶ
1814 500 1856 555 Α
1888 500 1901 568 j

1777 500 1997 568 .Ajam
2061 502 2459 562 consenuisset,
2524 503 2669 554 omni
2730 504 3030 559 curationis
3090 507 3286 559 amissi
3350 525 3466 579 spe,

213 592 391 659 πάσης
424 590 525 659 ἤδη
559 590 857 658 θεραπείας
885 590 1239 655 ἀπεγνωκὼς,
1268 588 1452 657 διῆγεν
1495 591 1655 647 οῐκοι,
1694 588 1789 653 τῆς

212 683 297 734 ἰπὶ
336 686 403 751 τῇ
459 684 677 751 ἀφωνία
729 682 904 750 λύπης
964 682 1124 748 μόνον
1183 681 1368 750 ἰατρὸν
1419 680 1509 731 τὸν
1561 678 1790 731 θάνατον

212 774 590 841 ἐκδεχόμενος.
636 774 997 826 ’Υπνώττοντι
1030 772 1181 839 γοῦν,
1216 772 1491 838 ἐφάνησαν
1520 770 1667 837 αὐτῷ
1729 772 1792 820 ἐκ

211 868 400 935 τρίτου
457 868 506 919 οἰ
548 868 717 932 ἇγιοι,
754 868 855 935 τήν
899 884 957 918 τε
997 865 1131 936 πρὸς
1166 865 1255 916 τὸν
1284 864 1409 916 ναδν
1440 861 1791 929 προσέλευσιν

214 957 535 1024 ἡγούμενοι,
583 957 674 1007 καὶ
727 957 824 1020 τὴν
858 955 1155 1023 Θεραπείαν
1190 952 1629 1019 ἰπαγελλόμενοι.
1667 952 1792 1003 [Is-.-

214 1048 348 1113 εθῆς
382 1044 479 1099 οἷν
510 1043 587 1109 εἷς
620 1047 829 1113 (95-96)
860 1048 987 1107 ἴδεν,
1014 1047 1230 1099 ἄπεισιν
1254 1046 1331 1105 εἰς
1360 1042 1451 1093 τὸν
1480 1042 1622 1095 θεῖον
1644 1042 1788 1094 ναὸν.

211 1138 331 1186 κατ’
362 1136 540 1204 αὐτὴν
578 1138 676 1203 τὴν
703 1136 960 1202 λαμπρὰν
994 1136 1083 1185 καὶ
1128 1134 1371 1199 μεγάλην
1398 1131 1681 1198 Κυριακὴν
1701 1128 1793 1179 τοῦ

214 1229 428 1295 Πάσχα.
474 1230 628 1279 Μετὰ
667 1229 721 1278 δὲ
772 1226 867 1296 τὴν
924 1226 1016 1277 τοῦ
1060 1225 1393 1291 Εὐαγγελίςυ
1441 1220 1791 1290 ἀνακήρυξιν,

214 1321 540 1388 προσελθσῖιν
596 1320 733 1372 ὥστε
772 1322 867 1387 τὴν
920 1319 1071 1384 ἱερὰν
1118 1316 1211 1368 τοῦ
1246 1316 1577 1381 Εὑαγγε).ίου
1617 1314 1794 1382 βίϐλον

214 1410 787 1465 ἀσπάσασθαιιῶτοῦ
836 1410 1140 1478 Θαύματοςί
1176 1408 1213 1467 ),
1280 1408 1307 1457 ὁ
1365 1409 1420 1457 ἐν
1473 1408 1536 1473 τῇ
1585 1404 1796 1471 ἀςωνίᾳ

214 1504 576 1571 γεγηρακὼς,
607 1503 688 1561 τὸ,
737 1503 930 1567 Κύριε,
963 1500 1241 1565 ἐλέησον,
1281 1497 1408 1549 ἐϐόα
1460 1497 1689 1563 λαμπρᾷ
1729 1498 1793 1561 τῇ

215 1598 397 1663 φωνῇ.
441 1597 556 1646 Καὶ
604 1594 777 1652 οὕτως
816 1594 1005 1654 ἰαθεὶς,
1040 1592 1219 1644 οἶκαδε
1272 1591 1530 1658 ἐπανῆκε,
1588 1605 1796 1657 rus-‘1-

214 1688 366 1750 λίους
413 1689 584 1749 ὅντως
628 1689 829 1755 διάγων
859 1688 1091 1755 ἡμέρας,
1128 1686 1187 1735 οὐ
1222 1686 1316 1743 τὰς
1351 1682 1443 1749 τῆς
1483 1683 1601 1733 τότε
1639 1682 1798 1749 μόνον

217 1780 578 1842 ἐνεστακείας
715 1778 927 1849 -στηκ.]
960 1782 1172 1846 ἑορτῆς,
1206 1776 1338 1828 ἀλλὰ
1364 1776 1457 1827 καὶ
1489 1774 1668 1833 πάσας
1701 1774 1797 1833 τὰς

214 1871 313 1937 τῆς
348 1871 790 1937 ὑπολειπομένης
819 1870 967 1937 αὐτῷ
993 1870 1156 1934 ζωῆς-

288 1966 395 2026 νγ’.
423 1960 568 2027 Γυνὴ
606 1960 662 2011 δέ
697 1977 779 2021 τις
812 1959 1024 2026 πλούτῳ
1066 1958 1317 2025 κομῶσα,
1352 1954 1625 2025 μοχθηροῦ
1658 1970 1800 2015 τινος

219 2044 405 2114 χυμοῦ
452 2048 517 2097 ὲκ
564 2047 662 2108 τῆς
695 2048 928 2116 κεφαλῆς
972 2048 1063 2098 ἰ,πί
1096 2049 1221 2107 τοὺς
1272 2045 1581 2114 ὀφθαλμοὺς
1631 2044 1799 2111 αὐτῆς

219 2138 721 2209 καταρρεύσαντος,
784 2138 1032 2208 ἀφῃρέθη
1095 2137 1188 2189 τοῦ
1273 2135 1527 2204 βλέπειν·
1592 2136 1686 2187 καὶ
1738 2134 1797 2186 οὐ

218 2226 381 2280 τοῦτο
420 2228 581 2294 μόνον
637 2227 771 2281 ἀλλά
805 2231 895 2279 καὶ
937 2228 1103 2295 ὑγρὸν
1137 2227 1265 2279 ἰδεῖν
1295 2228 1469 2289 ἀειδὲς
1505 2226 1567 2297 [γ’.
1613 2224 1797 2295 ἀηδὲς]

220 2320 287 2370 ἐκ
326 2321 438 2369 τῶν
475 2320 741 2386 ὀμμάτων
774 2320 943 2385 αὐτῆς
991 2318 1297 2388 ἁπέρῤεενο
1330 2316 1470 2369 ὥστε
1510 2318 1583 2385 μὴ
1637 2318 1796 2385 μόνον

221 2416 335 2474 τοῖς
366 2412 690 2478 ἀλλοτρίοις,
727 2411 841 2464 ἀλλ’
870 2412 972 2480 ἠδη
1005 2414 1099 2464 καὶ
1136 2410 1213 2479 τῷ
1250 2408 1469 2479 συζύγῳ
1513 2409 1800 2477 βδελυκτδν

222 2503 364 2557 εῖναι
414 2505 516 2573 τὴν
570 2502 809 2573 ἐλεεινὴν
862 2504 1083 2570 εκείνην
1129 2503 1330 2571 θέαμα.
1378 2502 1549 2567 Δῦτη,
1600 2502 1801 2568 ἰατροῖς

226 2597 419 2663 σχεδδν
472 2598 561 2646 τὸν
628 2598 838 2647 ἅπαντα
902 2596 1017 2664 βίον
1068 2594 1555 2663 προσαναλώσαοα,
1616 2592 1800 2659 ἐπειδὴ

226 2692 407 2741 πάντα
447 2690 541 2738 τοῦ
568 2688 769 2748 πάθους
795 2688 1153 2756 ἀσθενέστερα
1199 2681 1377 2755 εὗρεν,
1409 2688 1501 2737 ἐπὶ
1538 2686 1635 2755 τὴν
1676 2685 1803 2735 ἀδά-

228 2796 403 2831 πανον
436 2780 676 2847 ἰατρείαν
709 2780 847 2846 ἔγνω
877 2781 1213 2845 καταφυγεῖν
1235 2796 1245 2805 ·
1278 2780 1369 2829 καὶ
1401 2780 1510 2838 τοῖς
1531 2778 1803 2844 λειψάνοις

228 2869 483 2935 πρόσεισι
529 2868 635 2919 τῶν
690 2868 876 2935 ἁγίων,
944 2872 1175 2920 αἰτεῖται
1216 2871 1397 2929 τυγεῖν
1451 2868 1658 2929 ἐλέους,
1712 2868 1804 2919 καὶ

230 2959 429 3026 στῆναι
461 2961 564 3011 κᾶν
600 2960 730 3027 γοῦν
769 2960 867 3027 τὴν
911 2959 1004 3010 τοῦ
1046 2958 1335 3026 βδελυκτοῦ
1376 2957 1585 3009 ἐκείνου
1632 2957 1801 3024 ὑγροῦ

229 3051 293 3100 ἐκ
318 3049 428 3099 τῶν
458 3049 721 3115 ὀμμάτων
763 3049 1083 3117 ἀπόρροιαν.
1125 3050 1248 3099 Ὅτε
1301 3048 1482 3100 τιίνυν
1515 3047 1804 3115 εὐδόκησεν

1896 591 2041 645 domi
2077 593 2326 644 manebat
2356 601 2589 643 moi-tun
2618 604 3220 665 exspectanstanquam
3251 601 3469 653 unicum

1896 680 2165 734 medicum
2202 682 2434 735 tristitia:
2464 698 2631 749 quam
2667 684 2734 736 ob
2787 686 3042 749 loquendi
3097 688 3470 755 immtcntiam

1856 772 1859 775 ’
1898 769 2225 837 patiebatur.
2268 772 2343 823 Ac.
2369 772 2666 824 dormienti
2716 777 2889 826 sancti
2944 776 3031 827 isti
3087 784 3168 829 ter
3200 794 3472 845 apparue-

1899 870 2043 921 runt,
2082 862 2391 917 suadentes.
2424 874 2480 913 ut
2510 862 2573 914 ad
2602 864 3122 932 templumipsorum
3156 868 3466 931 accedi-ret,

1897 966 1959 1003 ac
1996 954 2309 1015 sanitatem,
2349 955 2392 1006 si
2429 954 2480 1005 id
2520 955 2747 1015 faceret,
2788 958 3200 1023 promittebant.
3230 957 3469 1012 Persua-

1898 1055 1993 1090 sus
2026 1041 2114 1093 ille
2142 1040 2207 1091 iis
2240 1058 2357 1108 que
2397 1044 2629 1100 viderat.
2666 1045 2728 1095 ad
2765 1060 2982 1099 sacrum
3033 1050 3294 1112 templum
3349 1063 3475 1115 per-

1896 1132 1995 1195 git,
2038 1131 2150 1193 ipsa
2185 1133 2383 1185 illustri
2413 1147 2476 1185 ac
2505 1148 2696 1201 magna
2726 1133 2812 1186 die
2845 1134 3127 1186 Dominica
3166 1134 3470 1191 Paschalis.

1899 1220 2001 1277 Ubi
2028 1234 2147 1292 post
2208 1224 2554 1277 decantatum
2620 1225 2997 1294 Evangelium,
3053 1228 3341 1288 accedens,
3414 1237 3473 1282 ut

1900 1327 2149 1370 sanctum
2182 1318 2455 1382 Evangelii
2486 1319 2679 1368 librum
2714 1318 3063 1372 oscularetur
3089 1320 3180 1385 (ob
3238 1322 3475 1372 miracu-

1900 1410 2071 1473 lum!)
2134 1411 2179 1463 is
2211 1410 2301 1477 qui
2370 1411 2422 1462 in
2464 1414 2784 1465 omnimodo
2826 1413 3083 1481 loquendi
3148 1413 3472 1481 impotentia

1900 1510 2283 1559 consenuerat,
2344 1512 2471 1553 tunc
2519 1503 2660 1554 elata
2733 1519 2864 1555 voce.
2924 1504 3212 1557 clamavit:
3280 1502 3468 1572 Hyrie,

1899 1594 2111 1645 cleison.
2158 1592 2267 1645 Hae
2295 1596 2507 1646 ratione
2565 1605 2795 1647 sanatus
2826 1597 3049 1648 domum
3094 1610 3249 1647 suam
3310 1610 3468 1663 repe-

1905 1685 2010 1743 tit,
2067 1696 2293 1737 acturus
2354 1686 2473 1739 dies
2534 1702 2656 1740 vere
2709 1689 3033 1753 paschales,
3102 1704 3209 1740 non
3284 1688 3461 1740 solum

1904 1777 2245 1830 decurrentis
2275 1788 2404 1832 tunc
2450 1781 2831 1836 solemnitatis.
2871 1782 2963 1833 sed
3013 1780 3175 1834 etiam
3231 1781 3472 1847 reliquos

1860 1848 1873 1892 ἶ
1905 1879 2090 1915 ιιιιιηίις
2122 1866 2242 1917 vitm
2278 1883 2408 1920 sum.

1971 1953 2053 2006 ενδ,
2085 1954 2277 2007 Mulier
2307 1971 2435 2009 vero
2464 1958 2708 2024 qna‘dam
2746 1958 2950 2012 divitiis
2984 1960 3101 2013 suis
3121 1960 3468 2025 superbiens,

1901 2044 2139 2107 trialigno
2198 2046 2433 2112 quodam
2495 2049 2722 2100 humore
2781 2064 2845 2100 ex
2907 2050 3087 2117 capite
3164 2050 3214 2101 in
3279 2050 3473 2103 oculos

1900 2131 2165 2188 defluente
2198 2136 2410 2190 videndi
2445 2138 2699 2191 facilitate
2736 2138 2944 2205 privata
2976 2150 3130 2193 erat:
3161 2155 3224 2193 ac
3247 2150 3472 2207 praster-

1898 2238 1960 2277 ea
2007 2226 2262 2279 sordidus
2339 2229 2559 2293 quidam
2622 2229 2907 2297 fmdusque
2951 2232 3146 2283 humor
3196 2245 3259 2284 ex
3297 2232 3474 2286 oculis

1898 2316 2018 2384 ejus
2056 2318 2429 2372 indesinenter
2484 2319 2775 2384 deﬂuebat,
2840 2322 2975 2375 adeo
3012 2330 3070 2373 ut
3105 2324 3304 2376 misera
3382 2323 3472 2375 illa

1900 2423 2009 2460 non
2045 2410 2220 2462 solum
2255 2411 2470 2473 alienis,
2516 2411 2610 2465 sed
2644 2413 2810 2465 etiam
2868 2414 2984 2465 viro
3019 2429 3120 2465 suo
3176 2414 3467 2467 molestum

1900 2498 2271 2565 spectaculum
2304 2510 2469 2555 esset.
2505 2499 2694 2561 Porro,
2728 2516 2852 2554 cum
2885 2502 2999 2569 ipsa
3034 2501 3323 2555 facultates
3361 2501 3474 2555 fere

1901 2604 2089 2643 oinnes
2142 2606 2272 2645 suas
2324 2594 2377 2643 in
2417 2592 2658 2645 medicos
2708 2593 3120 2660 insumpsisset,
3177 2594 3476 2663 omniaque

1903 2682 2287 2748 comperiisset
2320 2684 2637 2737 infirmitate
2687 2700 2783 2736 sua
2818 2684 3107 2747 debiliora,
3154 2685 3219 2737 ad
3277 2684 3475 2738 indeli-

1903 2772 2139 2823 rientem
2195 2773 2525 2825 medicinam
2580 2774 2877 2843 confugere
2922 2776 3185 2829 decrevit.
3253 2775 3476 2831 Accedit

1906 2861 2093 2925 itaque
2125 2862 2192 2914 ad
2250 2874 2568 2915 sanctorum
2623 2866 2902 2933 reliquias,
2962 2868 3205 2935 postulat
3257 2868 3477 2921 miseri-

1904 2952 2172 3013 cordiam,
2233 2962 2286 3006 et
2342 2967 2394 3005 ut
2458 2958 2756 3021 aliquando
2837 2959 3072 3010 sistatur
3128 2958 3254 3012 tetri
3325 2960 3473 3013 illius

1905 3042 2155 3097 humoris
2206 3062 2268 3097 ex
2324 3048 2499 3099 oculis
2554 3047 2753 3107 ﬂuxus.
2806 3050 2966 3101 enixe
3020 3058 3195 3118 rogat.
3246 3047 3475 3111 Quando

227 3141 255 3191 ὁ
290 3138 428 3201 Θεὸς
480 3138 579 3207 τὴν
632 3141 777 3192 ῐασιν
809 3141 944 3208 αὐτῇ
986 3140 1192 3200 δοῦναι,
1240 3141 1374 3208 ὄναρ
1416 3141 1516 3207 ὁρᾷ
1566 3138 1803 3191 τοιοῦτον
1832 3172 1874 3231 C
1910 3136 1916 3188 i

1785 3157 1803 3188 ν
1832 3172 1874 3231 C
1910 3136 2079 3205 igitur
2113 3136 2222 3190 Deo
2254 3139 2481 3207 placuit,
2512 3139 2801 3193 sanitatem
2836 3140 2884 3194 ei
2927 3139 3220 3209 impertiri,
3253 3140 3361 3193 tale
3385 3140 3474 3195 illa

232 3229 487 3298 καθάπερ
518 3230 655 3300 αὐτή
682 3231 975 3300 διηγήσατο
1005 3248 1017 3259 ·
1057 3249 1076 3281 ι
1119 3231 1390 3289 Ἐδόκουν,
1434 3230 1619 3299 φησὶν,
1643 3231 1800 3281 ἀετὸν

231 3319 434 3387 ὑψόθεν
466 3321 842 3384 καταπτάντα,
877 3324 969 3375 ἐπὶ
1006 3322 1106 3389 τῆς
1154 3321 1294 3389 εμῆς
1334 3320 1664 3388 καθεσθῆναι
1708 3337 1799 3371 κε-

234 3410 437 3478 φαλῆς,
473 3411 567 3463 καὶ
606 3413 874 3465 σκεπάσαι
917 3430 981 3481 με
1021 3416 1141 3473 ταῖς
1187 3414 1353 3465 αὑτοῦ
1390 3413 1634 3480 πτέρυξι.
1673 3417 1802 3465 Δια-

235 3504 571 3572 τ-ιραχθεῖσα
594 3505 647 3556 Et
668 3504 761 3557 ἐπὶ
789 3505 981 3573 τούτῳ,
1000 3505 1281 3569 διανέσττ,ν
1300 3522 1359 3557 τε
1382 3504 1475 3555 τοῦ
1499 3504 1687 3563 ὕπνου.
1712 3508 1803 3557 καὶ

228 3594 326 3645 τὸν
350 3594 468 3661 μὲν,
496 3594 689 3646 οὐκέτι
719 3591 877 3646 εἶδον·
914 3594 1095 3663 βλέπω
1112 3595 1189 3653 δὲ,
1218 3594 1293 3656 ὼς
1318 3596 1503 3661 ὁρᾶτε,
1522 3595 1688 3661 ὑγιῶς
1711 3596 1805 3646 καὶ

228 3684 658 3745 ἁνεττιθολὼτως.
702 3703 720 3735 ι
773 3685 934 3737 Ἀλλά
972 3685 1105 3753 μηδὲ
1144 3686 1205 3736 τὸ
1240 3686 1410 3752 παρὸν
1433 3687 1574 3755 ἡμᾶς
1604 3685 1805 3753 παρέλ-

232 3777 318 3827 θοι
344 3775 769 3844 ἀνεκδιήγητον·
815 3776 1080 3844 Ἐπῆλθὸν
1123 3793 1252 3829 ποτε
1298 3777 1622 3846 στρατιῶταί
1660 3794 1805 3839 τινες

228 3867 333 3934 τὴν
362 3866 473 3917 τῶν
510 3868 678 3933 ἁγίων
710 3867 857 3919 κόνιν
885 3867 1240 3936 θρασύτερον,
1273 3867 1463 3937 ἀνδρες
1496 3869 1804 3937 ἀδιαφόρως

233 3956 463 4017 ζῶντες.
498 3957 588 4007 καὶ
623 3955 720 4023 τὴν
762 3957 982 4024 ἀγωγὴν
1020 3956 1113 4009 τοῦ
1150 3957 1263 4025 βίου
1297 3957 1664 4025 ἀμελεστέραν
1686 3958 1806 4008 ἐπι-

232 4047 609 4114 τηδεύσαντες.
652 4048 744 4109 Ὠς
800 4044 936 4100 εἶδον
991 4048 1186 4110 αὐτοὺς
1234 4050 1283 4099 οἰ
1336 4051 1433 4112 τῆς
1488 4047 1801 4116 ἐκκλησίας,

234 4140 346 4197 τοῖς
399 4137 712 4206 λεγομένοις
762 4138 1201 4207 Κατηχουμὲνοις
1242 4138 1670 4205 προσφυγόντες,
1707 4136 1806 4196 τάς

235 4230 411 4299 θύρας
442 4228 786 4281 ἐπέκλεισαν.
834 4225 928 4290 Εἷς
953 4228 1009 4280 δέ
1046 4246 1128 4290 τις
1158 4228 1267 4279 τῶν
1302 4227 1647 4294 στρατιωτῶν
1681 4225 1806 4279 ἰδὼν

233 4320 454 4378 αὐτοὺς,
499 4320 733 4389 ἱππότης
770 4319 835 4378 (ὣ
862 4317 1088 4387 γνώμης
1120 4317 1433 4386 τολμηρᾶςί
1481 4316 1526 4368 ὣ
1570 4317 1803 4368 ἀτάκτου

236 4414 467 4479 φορᾶςί)
504 4413 593 4463 ἐπὶ
626 4413 724 4479 τὴν
775 4410 1067 4477 ἐκκλησίαν
1116 4410 1454 4477 εἰσήλαυνεν.
1517 4408 1656 4461 Ἀλλ’
1706 4409 1807 4459 οὐκ

1906 3230 2176 3281 somnium
2214 3230 2439 3292 habuit,
2478 3232 2933 3299 quemadmodum
2977 3232 3091 3302 ipsa
3123 3240 3308 3301 postea
3343 3246 3476 3285 nar~

1906 3321 2078 3375 rabat.
2119 3340 2137 3370 ι
2173 3320 2409 3375 Videbar
2443 3321 2602 3382 mihi,
2642 3323 2947 3391 inquiebat,
2993 3324 3180 3378 videre
3205 3323 3470 3391 aquilam,

1905 3427 2026 3478 qua:
2063 3426 2126 3465 ex
2160 3415 2268 3465 alto
2296 3413 2561 3467 advolans
2592 3426 2759 3482 supra
2788 3425 2950 3482 caput
2980 3430 3159 3468 meum
3215 3414 3471 3468 conside-

1906 3511 2012 3565 ret,
2059 3518 2255 3571 meque
2298 3505 2397 3556 alis
2444 3508 2559 3559 suis
2583 3505 2895 3572 obtegeret:
2957 3521 3063 3573 qua
3117 3520 3176 3557 re
3232 3504 3475 3569 turbata,

1907 3594 2182 3660 evigilavi.
2218 3604 2270 3647 et
2321 3595 2560 3661 aquilam
2599 3595 2819 3662 quidem
2874 3612 2987 3649 non
3043 3595 3282 3663 amplius
3332 3594 3468 3647 vidi.

1906 3682 2092 3736 Oculis
2128 3693 2303 3736 autem
2349 3700 2499 3739 nunc
2535 3685 2773 3753 perfecte
2804 3686 2961 3755 511
3013 3688 3191 3746 valeo.
3219 3696 3280 3740 ut
3321 3684 3475 3739 vide-

1907 3775 1995 3825 tis.
2059 3794 2076 3824 ι
2140 3774 2243 3829 Sed
2297 3791 2476 3845 neque
2548 3777 2690 3830 istud
2724 3793 2823 3831 nos
2879 3778 3104 3830 tacitum
3163 3784 3473 3845 pratereat.

1907 3865 2102 3919 Milites
2136 3866 2356 3933 quidam
2412 3868 2705 3935 aliquando
2742 3867 2809 3919 ad
2862 3876 3176 3921 sanctorum
3240 3866 3476 3929 cineres,

1907 3956 2171 4009 audacius
2219 3970 2380 4022 quam
2403 3971 2499 4024 par
2528 3963 3064 4019 erat,accesseruut;
3090 3961 3242 4008 erant
3270 3952 3475 4022 quippe

1910 4045 2157 4099 homines
2194 4045 2486 4099 indiscrete
2516 4046 2779 4107 viventes,
2808 4044 3010 4113 quique
3050 4043 3253 4096 nullam
3283 4042 3477 4096 mode-

1911 4137 2088 4189 randa:
2115 4138 2233 4189 vita:
2254 4152 2440 4190 curam
2479 4139 2763 4206 gerebant.
2794 4135 2965 4190 Porro
3002 4150 3127 4189 cum
3156 4149 3253 4189 eos
3292 4133 3469 4187 vidis-

1908 4238 2027 4281 sent
2059 4228 2312 4281 custodes
2340 4227 2605 4289 ecclesiae,
2638 4227 2703 4281 ad
2757 4228 2833 4279 sic
2858 4226 3034 4280 dictos
3057 4224 3478 4279 catechumenos

1908 4317 2299 4388 profugientes,
2333 4319 2476 4372 fores
2508 4321 2850 4373 clauserunt.
2900 4319 3056 4373 Unus
3078 4331 3207 4370 vero
3262 4329 3328 4368 ex
3364 4314 3475 4367 illis

1909 4410 2193 4474 militibus,
2222 4426 2344 4464 cum
2375 4426 2470 4464 eos
2503 4409 2774 4479 fugientes
2811 4410 3060 4473 vidisset,
3116 4422 3343 4475 equum,
3381 4405 3472 4458 cui

239 4504 409 4555 ἑσωεν
461 4502 521 4571 υ.
568 4500 821 4572 ἔφθασεν]
863 4501 921 4553 τὸ
957 4500 1248 4569 προαύλιον
1278 4500 1556 4561 εἰσελθεῖν,
1589 4501 1681 4551 καὶ
1711 4500 1805 4551 σὺν
1839 4508 1884 4562 ι)
1912 4500 1924 4553 i

1783 4517 1805 4548 ν
1839 4508 1884 4562 D
1912 4500 2185 4555 insidebat
2222 4502 2312 4569 (oh
2346 4500 2662 4555 audaciam!
2702 4500 2771 4552 oh'
2818 4498 3240 4561 temeritatem!)
3296 4495 3472 4549 ecele-

239 4596 316 4664 τῷ
346 4596 521 4663 ἵππῳ,
560 4594 774 4645 πάντων
816 4593 1086 4664 ὁρώντων,
1122 4595 1332 4662 ἀφανὴς
1373 4593 1599 4659 γίνεται.
1639 4592 1809 4644 Τοῦτο

237 4688 350 4746 τοῖς
378 4685 558 4744 ἄλλοις
594 4682 766 4735 ἰδοῦσι
796 4682 960 4748 φόϐον
991 4683 1315 4750 δμποιῆσαν,
1349 4681 1641 4750 δρομαίους
1676 4683 1808 4733 ἀνα-

239 4778 491 4847 χωρῆσαι
511 4776 607 4843 τῆς
638 4776 807 4843 μονῆς
830 4771 1267 4843 παρεσκεύασεν.

317 5046 409 5098 νᾶ.
439 5047 551 5099 Οὐκ
585 5047 699 5098 ἐστι
734 5064 824 5113 μοι
871 5047 1032 5116 κόρος
1074 5047 1139 5097 τὰ
1171 5044 1279 5097 τῶν
1326 5045 1495 5111 ἁγίων
1542 5044 1807 5113 ἐκδιηγεῖ-

246 5138 371 5189 σθαι
414 5139 695 5207 τεράστια.
731 5138 892 5190 ’Ὅθεν
923 5136 1043 5191 οὐδὲ
1073 5138 1171 5207 τὴν
1218 5138 1309 5189 ἐπὶ
1348 5136 1422 5205 τῷ
1464 5136 1619 5205 ἀνδρὶ
1658 5152 1807 5201 γενο-

248 5230 419 5297 μένην
449 5228 893 5297 θαυματουργίαν
935 5228 1295 5297 παραλίποιμι
1358 5227 1667 5295 ἀδιήγητον.
1711 5227 1808 5287 Ὃς

246 5305 509 5380 πολλάκις
545 5319 644 5388 μὲν
693 5319 836 5371 ὀκτὼ
888 5319 1176 5388 μεγίστους
1215 5320 1409 5387 ἀρτους
1459 5315 1648 5384 φαγὼν
1697 5314 1810 5385 (οὓς

245 5410 404 5462 εῐωθε
431 5411 491 5463 τὸ
518 5410 627 5463 τῶν
660 5411 983 5479 ὼυλγάρων
1012 5412 1167 5478 γένος
1207 5412 1402 5473 ποιεῖν,
1442 5408 1516 5471 ὡς
1546 5402 1685 5461 εἶναι
1721 5407 1812 5460 τὸν

244 5501 344 5556 ἕνα
372 5502 536 5571 ἄρτον
588 5503 769 5555 ἰκανὸν
812 5504 887 5563 εἰς
939 5503 1069 5554 δέκα
1114 5502 1330 5571 ἀνδρας,
1376 5501 1408 5571 ἢ
1461 5501 1555 5553 καὶ
1594 5499 1813 5561 πλείους

1910 4592 2044 4646 siam
2079 4608 2272 4646 versus
2303 4592 2550 4660 impulit;
2581 4591 2672 4644 sed
2719 4605 2894 4658 neque
2935 4600 3110 4657 usque
3142 4586 3207 4640 ad
3258 4586 3478 4653 ingres-

1912 4698 2031 4735 sum
2088 4684 2339 4737 vestibuli
2394 4684 2699 4751 pertingere
2761 4682 2970 4751 potuit:
3029 4694 3153 4733 nam
3217 4678 3474 4745 protinus

1910 4772 2071 4826 simul
2103 4788 2226 4826 cum
2260 4789 2399 4841 equo
2426 4775 2682 4827 omnibus
2716 4772 3094 4841 spectantibus
3126 4766 3373 4821 evanuit.
3413 4766 3468 4819 Id

1911 4879 2034 4917 cum
2066 4874 2294 4918 ceteros
2324 4866 2527 4919 milites
2562 4864 2872 4926 terruisset,
2917 4864 3051 4917 satis
3086 4859 3305 4913 abunde
3347 4857 3472 4922 fuit,

1915 4963 1974 5008 ut
2002 4956 2171 5008 veloci
2210 4970 2375 5009 cursu
2411 4969 2439 5007 a
2477 4955 2811 5008 monasterio
2857 4954 3187 5007 recederent.

1983 5046 2069 5098 54.
2114 5046 2310 5100 Saliari
2343 5062 2470 5099 vero
2507 5060 2611 5097 non
2646 5059 2864 5112 possum
2901 5046 2953 5096 in
2994 5045 3285 5099 narrandis
3314 5058 3475 5098 sane.

1913 5146 2095 5189 torum
2128 5137 2488 5190 mirabilibus.
2522 5137 2703 5201 Quare
2727 5151 2903 5201 neque
2938 5136 3283 5197 miraculum,
3327 5133 3471 5203 quod

1915 5228 1967 5279 in
2000 5228 2118 5282 viro
2174 5229 2279 5281 alio
2326 5237 2598 5295 patratum
2648 5235 2751 5289 est,
2798 5226 3018 5281 silentio
3070 5225 3378 5295 praeteribo.
3422 5223 3471 5279 ls

1916 5333 2040 5370 cum
2077 5334 2219 5388 smpe
2253 5328 2376 5373 octo
2411 5334 2578 5387 panes
2602 5333 2665 5371 ea
2710 5318 2777 5371 iis
2823 5332 2955 5371 sane
3004 5316 3278 5377 maximis,
3332 5331 3471 5382 quos

1920 5406 2136 5477 Bulgari
2170 5408 2346 5463 facere
2371 5410 2569 5474 solent,
2596 5417 2655 5463 ut
2685 5409 2880 5479 singuli
2915 5410 3096 5461 decem
3135 5418 3190 5461 et
3241 5406 3473 5473 amplius

1923 5498 2238 5556 hominibus
2270 5502 2426 5571 plene
2457 5500 2767 5556 saturandis
2798 5498 3087 5559 suiliciant,
3123 5496 3265 5552 fame
3295 5496 3473 5549 adlmc

1437 5682 1632 5742 Varia:
1678 5681 1985 5743 lectiones
2030 5690 2087 5744 ct
2134 5692 2320 5744 noue.

323 5780 534 5848 (95-96)
560 5782 645 5834 τσ.
680 5782 918 5843 πεισθεὶς
945 5781 1036 5833 οὖν
1068 5775 1166 5843 οἷς.
