4276 6436
795 346 904 409 223

1714 343 1813 400 ΤΗ
1827 341 2293 401 ΕΟΡΗΥΙΔΟΤΙ
2342 340 2751 399 BULGARl/E
2788 340 3144 400 ARCHIEP.

3938 335 4045 396 ﬂii

805 455 905 509 etsi
942 452 1148 522 plures,
1176 459 1228 504 et
1263 458 1472 503 tantum
1519 465 1629 503 non
1686 465 1880 503 omnes
1915 450 1988 502 ita
2025 450 2247 510 sentire,
2283 464 2380 502 no-
2412 462 2425 505 Α

2488 453 2615 516 περὶ
2642 448 2841 514 αὐτῶν,
2872 450 2967 501 καὶ
2992 449 3117 511 τοὺς
3144 445 3338 508 ἄλλους
3371 445 3571 508 εἰδότες
3599 445 3784 515 σχεδόν
3814 463 3867 498 τι
3910 445 4052 515 σύμ-

800 545 1002 601 vimus.
1037 558 1144 596 non
1183 544 1253 593 ita
1275 542 1546 595 sentimus
1572 557 1780 607 :ucquc
1799 543 1943 594 enim
1974 542 2377 594 multuseorum

802 650 1021 689 errores
1053 649 1173 687 esse
1207 633 1452 699 scimus;
1491 648 1667 701 neque
1713 633 1871 694 tales,
1904 632 1997 699 qui
2056 632 2121 684 ad
2172 631 2379 684 discin-

806 725 1015 778 dendas
1052 723 1325 776 Ecclesias
1355 724 1464 776 sint
1509 723 1687 775 idonei
1715 762 1729 785 ,
1762 722 2200 791 quandoquidem
2259 721 2383 776 nul-

808 816 916 867 lum
975 822 1094 874 est,
1154 814 1295 882 quod
1342 815 1405 866 ad
1468 815 1645 883 ipsum
1702 814 1822 867 fidei
1884 824 2044 883 caput
2089 816 2379 884 pertineat.

811 906 1019 957 Idcirco
1061 906 1204 975 piget
1236 922 1336 959 nos
1369 914 1449 958 tot
1481 906 1798 961 hominibus
1838 907 2137 968 adversari,
2172 916 2225 961 et
2261 908 2383 961 ani-

811 984 927 1049 mas
953 996 1195 1054 turbare.
1226 1012 1346 1063 qua:
1381 997 1519 1050 alias
1556 998 1767 1050 turbari
1816 998 1975 1052 facile
2012 1008 2281 1065 possunt;
2319 1013 2386 1053 eo

812 1088 955 1155 quod
989 1089 1284 1156 refriquerit
1328 1090 1438 1153 jam
1491 1090 1725 1141 charitas
1758 1091 1801 1152 ‘,
1845 1099 1899 1143 et
1937 1089 2159 1156 quidem
2197 1089 2249 1141 in
2299 1105 2385 1142 me

815 1182 1140 1245 praesertim,
1172 1180 1241 1231 ob
1266 1195 1507 1246 praesens
1539 1189 1781 1248 tempus,
1806 1182 1859 1234 in
1895 1196 2005 1250 quo
2052 1181 2134 1252 (ut
2172 1181 2387 1235 audivi-

814 1270 961 1335 mus)
990 1269 1223 1322 abundat
1253 1271 1525 1338 iniquitas.
1567 1271 1686 1323 Non
1737 1272 1879 1325 enim
1932 1272 2168 1325 fraterne
2215 1274 2389 1327 susei-

815 1359 1021 1427 pimus.
1065 1375 1183 1428 qua;
1215 1375 1243 1412 a
1271 1359 1438 1411 fratre
1476 1360 1849 1424 inducuntur;
1882 1362 1974 1415 sed
2031 1362 2098 1415 iis
2137 1362 2388 1417 lubenter

817 1447 1205 1502 adversamur:
1266 1460 1317 1502 et
1371 1450 1672 1515 satagimus
1758 1453 2138 1519 unusquisque
2217 1453 2385 1507 videri

820 1538 1073 1590 :rmulum
1098 1552 1256 1590 suum
1296 1550 1442 1591 retro
1474 1540 1783 1607 pepulisse:
1829 1549 2197 1609 petamusque
2230 1543 2388 1598 nobis

822 1625 1112 1687 primatum
1138 1626 1417 1695 theologos
1442 1629 1583 1680 inter
1604 1628 2046 1697 adjudicandum,
2072 1634 2116 1687 si
2141 1632 2389 1700 pluribus

824 1714 986 1784 516
1025 1716 1294 1771 haereseos
1340 1729 1523 1772 notam
1583 1718 2016 1785 ail'ricuerimus,
2048 1737 2111 1775 ac
2160 1724 2299 1787 fore,
2334 1733 2391 1777 ut

764 1864 769 1869 ἢ
824 1806 1167 1873 perspicaces
1197 1808 1387 1863 oculos
1418 1826 1517 1864 nos
1548 1812 1751 1865 habere
1788 1813 2092 1876 videamur,
2120 1816 2164 1869 si
2191 1816 2385 1869 lucife-

822 1909 944 1947 rum
979 1895 1190 1964 nigrum
1220 1914 1342 1953 esse
1378 1903 1831 1958 sustinuerimus.
1876 1904 2089 1959 Idcirco
2120 1907 2248 1960 mihi
2280 1909 2392 1961 ham

823 1988 1045 2040 silentio
1068 1993 1361 2056 premenda
1392 1994 1647 2048 videntur
1674 1996 1748 2052 ei.
1779 1997 1871 2066 qui
1905 2004 2122 2068 tempus
2147 1999 2391 2068 (silendi,

820 2086 879 2131 et
913 2086 1129 2149 tempus
1153 2081 1437 2151 loquendi)
1475 2086 1763 2156 intelligit,
1801 2097 2034 2143 utvctus
2068 2089 2231 2143 habet
2268 2106 2396 2158 pro-

824 2168 1028 2236 phetia.
1064 2172 1294 2226 Aliunde
1328 2182 1506 2228 tamen
1539 2177 1705 2244 probe
1739 2179 1942 2242 sciens,
1973 2180 2119 2234 haud
2180 2180 2392 2248 justum

824 2274 969 2324 esse,
999 2270 1058 2314 ut
1081 2262 1455 2317 benevolentia
1480 2265 1767 2321 cbaritatis
1789 2276 1899 2321 tua:
1931 2284 1996 2324 ex
2029 2269 2259 2323 aliorum
2296 2270 2398 2322 im-

826 2350 1100 2417 probitate
1128 2352 1389 2406 damuum
1429 2356 1687 2420 patiatur,
1729 2357 2018 2428 Egyptios
2050 2361 2270 2428 quidem
2309 2360 2399 2414 di-

831 2442 1036 2495 mittam
1072 2444 1435 2512 palpabilibus
1468 2446 1523 2499 in
1556 2446 1797 2501 tenebris
1833 2450 2114 2518 languere,
2178 2460 2233 2504 et
2278 2450 2397 2505 loco

827 2547 984 2601 aqua:
1025 2536 1345 2603 sanguinem
1395 2536 1636 2603 habere;
1671 2539 1975 2607 quemlibet
2019 2554 2151 2595 vero
2187 2541 2401 2595 Israeli-

829 2631 941 2676 tam
983 2623 1240 2679 lubenter
1286 2626 1484 2681 videbo
1518 2638 1574 2681 et
1609 2629 1814 2684 lumine
1852 2630 1918 2683 ad
1961 2646 2149 2699 opera,
2182 2641 2235 2685 et
2259 2649 2398 2703 aqua

829 2714 896 2765 ad
929 2714 1094 2769 vitam
1123 2712 1231 2768 frui
1260 2733 1274 2769 :
1311 2725 1364 2771 et
1404 2717 1727 2785 simpliciter
1760 2719 2008 2787 gaudebo
2042 2724 2401 2797 considerans

827 2803 1013 2858 divina
1049 2814 1303 2874 portenta
1336 2808 1458 2862 aliis
1484 2810 1704 2878 quidem
1755 2812 1809 2864 in
1844 2827 2085 2881 poenam,
2116 2815 2240 2869 aliis
2272 2831 2402 2870 vero

831 2895 899 2948 ad
931 2896 1166 2950 salutem
1202 2913 1347 2954 esse.

900 2986 952 3040 2.
974 2987 1139 3043 Multa
1160 2991 1374 3059 itaque,
1396 3000 1454 3045 ut
1480 2992 1614 3056 dixi,
1639 2993 1893 3048 videntur
1918 2994 2097 3049 Latini
2131 3010 2357 3064 peccare
2382 3017 2398 3053 :

2484 555 2713 602 παντας,
2747 538 2901 591 αὐτοὶ
2927 537 2983 590 δὲ
3008 538 3105 606 οὐχ
3156 537 3298 590 οὕτω
3349 535 3696 605 φρονοῦντες.
3764 535 3903 588 Οὔτε
3947 537 4056 604 γάρ

2484 624 2652 678 πολλὰ
2679 627 2749 679 τὰ
2794 625 3086 694 σφάλματα
3144 625 3389 694 οἴδαμεν,
3415 622 3537 675 σῠτε
3575 622 3783 690 σχίζειν
3820 621 4053 690 Ἐκκλη-

2485 721 2603 782 cia;
2666 721 2963 789 δυνάμενα.
3004 720 3128 773 Ὀτι
3174 721 3250 788 μὴ
3320 718 3479 787 μόνον
3533 716 3591 768 ἓν
3626 716 3687 769 τὸ
3720 718 3887 786 φέρον
3917 713 4055 783 πρὸς

2494 830 2495 837 η
2524 811 2621 863 ὒτδ
2641 813 2737 881 τῆς
2767 813 3005 873 πίστεως
3032 809 3190 880 ἡμῶν
3225 810 3285 862 τὸ
3317 808 3631 875 κεφάλαιον,
3655 804 3931 873 ὀκνοῦμεν
3957 804 4056 873 τὴν

2485 907 2735 960 ὲναντίαν
2766 905 2954 959 θέσθαι
2976 903 3259 964 τοσούτοις
3298 903 3396 954 καὶ
3434 899 3667 970 ταράξαι
3695 899 3873 967 ψυχὰς
3906 896 4057 949 εὐθο-

2483 997 2705 1059 λὼτους,
2737 995 2825 1048 διὰ
2871 993 2971 1062 τὴν
3003 992 3111 1059 τῆς
3167 991 3404 1059 ἀγάπης
3450 989 3779 1058 ἀπόφυξιν,
3806 987 3873 1057 ην
3904 988 3933 1037 ὁ
3962 985 4058 1037 νῦν

2487 1088 2676 1157 καιρὸς
2709 1090 2765 1140 ὲν
2806 1088 2929 1155 ἐμοὶ
2958 1084 3163 1153 πρώτῳ
3209 1083 3525 1153 εἰργάσατο,
3579 1079 3895 1144 πληθύν-ας
3943 1075 4059 1141 τὴν

2488 1179 2767 1247 ἀνομίαν,
2800 1176 2989 1245 ὥσπερ
3015 1174 3352 1243 ἠκούσαμεν.
3377 1174 3452 1227 Οὐ
3493 1172 3602 1242 γὰρ
3634 1169 3939 1238 ἀδελφικῶς
3976 1169 4063 1220 δε-

2487 1267 2696 1340 χόμεθα
2747 1266 2818 1319 τὰ
2842 1264 2990 1334 παρά
3025 1263 3119 1316 τοῦ
3150 1262 3382 1330 ἀδελφοῦ
3431 1259 3786 1329 είσαγόμενα,
3822 1257 3938 1310 ἀλλ’
3968 1258 4063 1309 ἁν-

2488 1357 2776 1420 τιθετικῶς
2843 1356 3026 1417 αὐτοῖς
3091 1351 3545 1423 προσφερόμεθα,
3602 1351 3697 1403 καὶ
3737 1348 4064 1415 ’σπεύδομεν

2489 1454 2651 1513 αὐτὸς
2684 1452 2913 1512 ἕκαστος
2941 1449 3089 1512 δόξαι
3123 1465 3229 1509 τις,
3258 1447 3349 1499 τὸν
3385 1444 3671 1511 φθάσαντα
3721 1456 4067 1509 παραγκωνι-

2492 1546 2746 1610 σάμενος.
2793 1542 2905 1593 Kal.
2956 1536 3315 1607 κριθήσεσθαι
3369 1535 3521 1605 παρά
3560 1537 3671 1597 τοῖς
3728 1531 3941 1592 πολλοῖς
3996 1531 4065 1581 τά

2491 1634 2684 1705 πρῶτα
2710 1635 2819 1686 τῶν
2842 1632 2909 1685 τὰ
2944 1631 3062 1683 θεῖα
3095 1628 3294 1697 σοφῶν,
3331 1626 3578 1696 οἰόμεθα,
3622 1627 3669 1677 εί
3705 1627 3812 1683 τοῖς
3845 1623 4066 1674 πλείου-

2495 1743 2577 1778 σιν
2610 1725 2686 1794 (Ι)
2734 1723 2947 1794 αἵρεσίν
3012 1738 3134 1775 τινα
3179 1718 3541 1789 ὲπιτρίψαμεν
3593 1715 3654 1786 [ι’.
3701 1712 3931 1783 -ψομ.]
3972 1711 4068 1762 aut

2499 1813 2833 1885 φανήσεσθαι
2867 1810 3154 1878 δοκοῦμεν,
3182 1810 3406 1877 ὄμματι
3435 1805 3670 1874 ἔχοντες,
3704 1806 3752 1856 εἰ
3787 1802 4067 1871 ἑωσφόρον

2502 1904 2818 1975 μελαναυγῆ
2856 1901 3280 1971 παρεισάξομεν.
3332 1898 3432 1949 Διὰ
3469 1895 3547 1965 (2)
3572 1893 3746 1949 ταῦτα
3796 1893 3945 1967 δοκεῖ
3977 1908 4068 1961 μοι

2499 1996 2780 2064 σιωπητέα
2822 1991 2985 2057 εἶναι,
3040 1991 3276 2045 συνιέντι
3309 1990 3404 2042 τὸν
3429 1988 3644 2055 καιρὶν,
3686 1987 3763 2043 ὡς
3797 1986 3829 2053 ἡ
3862 1981 4070 2036 παλαιὰ

2499 2086 2827 2155 προφητεία.
2870 2081 3102 2137 Συνιδὼν
3133 2080 3189 2134 δὲ
3221 2077 3488 2147 ἑτέρωθεν
3519 2077 3617 2145 τὴν
3645 2070 4070 2143 εὐγνωμοσύνην

2495 2178 2597 2244 τῆς
2629 2177 2725 2247 σῆς
2744 2175 2988 2243 ἀγάπης,
3036 2173 3097 2225 ού
3151 2167 3469 2223 δικαιοῦσαν
3511 2166 3577 2217 ὲκ
3610 2163 3710 2233 τῆς
3737 2162 3937 2231 ἑτέρων
3971 2158 4037 2225 ζη
4057 2188 4072 2196 .

2500 2268 2754 2338 μιοῦσθαι
2810 2264 3159 2334 κακοηθείας,
3220 2262 3346 2323 τοὺς
3377 2258 3476 2327 μὲν
3501 2254 3831 2322 Αἰγυπτίους
3861 2251 3937 2321 τῷ
3969 2249 4075 2303 ὑπὸ

2497 2361 2577 2429 τῷ
2631 2357 2937 2429 ψηλαφητῷ
2967 2373 3027 2409 τε
3059 2355 3240 2408 σκότει
3303 2352 3517 2422 ἀργεῖν,
3573 2349 3669 2401 καὶ
3697 2345 3775 2415 τῷ
3806 2343 3961 2396 ὕδατι
3983 2344 4072 2393 ὲν-

2496 2450 2784 2520 τυηάνειν
2846 2450 3040 2517 αἵματι
3070 2462 3085 2479 ο
3152 2443 3442 2513 σύμπαντα
3481 2442 3538 2494 δὲ
3569 2439 3659 2492 τὸν
3709 2433 4073 2506 Ἰσραηλίτην,

2498 2544 2668 2615 ἡδέως
2686 2541 2797 2612 δρῶ
2828 2540 2922 2594 τοῦ
2951 2556 3011 2592 τε
3047 2537 3225 2607 φωτὸς
3255 2536 3389 2603 πρὸς
3419 2533 3489 2585 τὰ
3512 2531 3669 2601 ἔργα,
3705 2529 3798 2581 καὶ
3824 2525 3921 2578 τοῦ
3947 2525 4077 2577 03¢.-

2500 2652 2591 2698 τος
2622 2634 2757 2704 πρὸς
2782 2635 2879 2702 τὴν
2908 2630 3054 2701 ζωὴν
3096 2626 3470 2688 ἀπολαύοντας
3495 2642 3508 2655 ο
3553 2621 3737 2682 ἁπλῶς
3772 2635 3831 2671 τε
3858 2619 3927 2670 τὰ
3956 2616 4082 2669 θεῖα

2501 2728 2757 2795 τεράστια
2784 2725 2960 2796 χαίρω
2988 2723 3201 2793 βλέπων
3214 2721 3329 2781 τοῖς
3358 2717 3456 2789 μὲν
3488 2713 3848 2781 κολαστήρια,
3875 2711 3987 2770 τοῖς
4018 2707 4079 2760 δὲ

2504 2819 2772 2886 σωτήρια.

2580 3001 2643 3069 β’.
2685 2997 2862 3051 Πολλά
2933 2995 3032 3065 μὲν
3088 2990 3203 3057 οὖν,
3249 2993 3325 3056 ὼς
3388 2990 3547 3064 ἔφην,
3591 2989 3807 3044 δοκοῦσι
3859 2989 4081 3042 Λατῖνοι

830 3094 1026 3149 nempe
1058 3083 1199 3149 quod
1227 3093 1280 3136 et
1309 3098 1495 3153 azyma
1526 3086 1778 3149 offerant,
1801 3094 1854 3140 et
1878 3088 2072 3156 jejunii
2111 3098 2237 3144 ante
2269 3090 2399 3146 Pas-

2461 3095 2472 3149 ί
2506 3089 2839 3161 σφάλλεσθαι
2862 3086 3047 3154 ἄζυμα
3068 3103 3125 3138 τε
3153 3085 3576 3156 προσφέροντες,
3605 3082 3697 3134 καὶ
3726 3082 3783 3133 ἐν
3816 3079 4085 3146 Σαϐϐάτῳ

831 3169 1039 3225 sionem
1071 3171 1214 3232 dies.
1240 3188 1347 3225 non
1378 3174 1454 3227 uti
1477 3190 1600 3235 nos,
1633 3190 2002 3245 enumerent;
2038 3189 2091 3233 et
2124 3182 2268 3249 quod
2296 3182 2407 3236 cle-

829 3258 1071 3313 ricorum
1104 3263 1455 3317 matrimonia
1497 3264 1827 3329 dissolvant,
1862 3268 2124 3322 laicormu
2159 3286 2287 3323 vero
2322 3271 2405 3324 in-

830 3350 1250 3406 discrimiuatim
1295 3357 1655 3422 permittant:
1703 3357 1922 3421 addam,
1954 3360 2118 3415 modo
2165 3377 2274 3415 non
2334 3364 2407 3416 ri-

830 3438 985 3501 deas,
1014 3438 1158 3510 quod
1197 3443 1399 3498 barbas
1445 3445 1733 3509 tondeant,
1765 3447 1930 3500 etiam
1969 3449 2063 3517 qui
2103 3450 2246 3503 sacri
2281 3460 2409 3505 sunt

832 3530 1078 3585 ordinis:
1110 3547 1345 3600 quorum
1386 3535 1550 3587 etiam
1605 3550 1801 3588 manus
1850 3537 2034 3591 aureis
2067 3539 2268 3593 micant
2310 3556 2408 3593 an-

835 3618 1003 3680 nulis,
1031 3629 1350 3688 vestemque
1379 3623 1773 3677 sacerdotalem
1821 3634 2039 3694 gestant
2061 3628 2256 3681 sericis
2278 3644 2411 3683 con-

832 3715 1035 3767 textam
1094 3711 1422 3765 staminibus
1480 3720 1537 3766 et
1567 3713 1732 3768 variis
1768 3715 2048 3769 coloribus
2081 3718 2321 3789 pictam:
2356 3727 2411 3772 et

833 3812 1031 3857 asceta:
1061 3814 1157 3856 seu
1210 3801 1461 3855 monachi
1496 3802 1742 3870 ipsorum
1779 3818 1944 3859 carne
1985 3814 2310 3861 vescuntur:
2332 3814 2408 3873 et,

833 3912 957 3949 cum
992 3893 1279 3948 Dominum
1331 3894 1566 3949 adorare
1596 3909 1716 3951 sese
1760 3896 2074 3952 inclinaudo
2099 3907 2403 3967 oporteret,
2460 3896 2466 3901 ’

836 3985 943 4055 ipsi
989 4000 1167 4055 genua
1220 3985 1467 4040 ﬂectunt.
1506 3987 1569 4041 Et
1625 3989 1726 4042 hoc
1787 3987 2003 4056 quidem
2040 3990 2410 4044 communiter

837 4091 1027 4131 omnes
1059 4086 1307 4147 peccant.
1340 4076 1565 4132 Videbis
1594 4094 1724 4132 vero
1752 4080 1914 4132 etiam
1954 4081 2168 4149 aliquos
2206 4082 2411 4135 sicara-

838 4179 943 4222 nos
966 4177 1021 4223 et
1071 4168 1335 4222 suﬂ‘oeata
1382 4171 1773 4223 comedentes:
1814 4170 2052 4239 indeque
2106 4170 2407 4225 Romanam

837 4258 1244 4312 abominabcris
1270 4258 1598 4320 Ecclesiam,
1632 4274 1754 4329 qua:
1785 4258 1911 4312 talia
1946 4260 2125 4314 docet.
2154 4259 2413 4314 Fortasse

839 4363 970 4401 vero
1026 4350 1317 4420 insurgens
1356 4349 1445 4404 hic
1507 4350 1708 4418 aliquis
1737 4365 1801 4403 ex
1856 4348 2013 4402 valde
2048 4349 2323 4410 fidelibus.
2357 4359 2412 4405 et

2505 3179 2884 3251 νηστεύοντες,
2913 3180 3007 3231 καὶ
3060 3176 3160 3247 τὴν
3212 3176 3320 3247 πρὸ
3373 3175 3469 3229 τοῦ
3513 3173 3717 3235 πάθους
3738 3173 3797 3225 δὲ
3822 3172 4085 3242 νηστείαν

2504 3274 2564 3326 οὑ
2598 3271 2719 3325 καθ’
2750 3271 2896 3338 ἡμᾶς
2920 3266 3281 3337 ἀριθμοῦντες
3302 3305 3315 3326 ,
3358 3267 3570 3334 γάμους
3609 3281 3667 3316 τε
3692 3264 3817 3325 τοὺς
3852 3263 3950 3332 μὲν
3972 3262 4087 3315 τῶν

2508 3361 2823 3433 ἱερωμένων
2872 3358 3112 3422 λύοντες,
3167 3358 3294 3420 τοὺς
3316 3357 3373 3409 δὲ
3412 3356 3521 3409 τῶν
3567 3357 3770 3409 λαῖκῶν
3797 3357 3966 3426 χύδην
3987 3356 4090 3410 καὶ

2506 3453 2636 3506 ἄνευ
2671 3445 2927 3519 φραγμοῦ
2977 3464 3122 3508 τινος
3187 3445 3599 3513 ἐπιτρέποντες.
3630 3446 3691 3497 Ei
3719 3443 3777 3497 δὲ
3819 3445 3894 3515 μὴ
3920 3445 4087 3511 γελά-

2510 3557 2623 3592 σειν
2656 3538 2896 3609 μέλλεις,
2957 3538 3054 3589 καὶ
3118 3536 3411 3605 ξυράμενοι
3440 3536 3569 3599 τοὺς
3623 3535 3912 3604 πώγωνας.
3944 3538 3998 3587 οῖ
4028 3553 4086 3588 τε

2511 3629 2684 3689 ἄλλοι,
2734 3629 2830 3681 καὶ
2859 3627 2927 3679 τά
2966 3625 3098 3695 γένη
3124 3626 3191 3679 τὰ
3223 3624 3344 3697 ἱερά
3367 3642 3380 3656 ο
3425 3619 3500 3678 ὧν
3536 3642 3594 3678 τε
3632 3630 3727 3679 καὶ
3777 3626 4088 3690 δακτυλίοις

2510 3724 2729 3792 χρυσοῖς
2761 3722 2817 3774 αἱ
2868 3723 3053 3791 χεῖρες
3106 3718 3506 3786 ἀστράπτουσι,
3547 3719 3641 3772 καὶ
3684 3718 3781 3789 τὴν
3802 3720 4089 3788 ἱερατικὴν

2512 3812 2704 3882 στολὴν
2730 3813 2975 3880 σηρικοίς
2997 3810 3320 3879 ὑφασμένην
3343 3809 3406 3879 νή
3417 3827 3572 3878 μασι,
3593 3798 4091 3882 καὶκποικιλόχρουν

2515 3904 2789 3957 ἐνδύονται
2810 3920 2822 3935 ·
2859 3902 2995 3957 ἀλλά
3027 3902 3119 3953 καὶ
3155 3900 3595 3969 κρεοφαγοῦντες
3628 3903 3676 3954 ot
3710 3903 3956 3968 ἀσκηταὶ
4003 3904 4089 3971 (5)

2515 3996 2610 4047 καὶ
2666 3993 3039 4063 προσκυνῆσαι
3068 3992 3265 4059 δεῆσαν
3286 3990 3363 4060 τῷ
3394 3990 3605 4062 Κυρίῳ,
3632 3992 3713 4061 τῷ
3742 3993 3927 4059 ἐδάφει
3964 3995 4089 4045 κολ-

2513 4085 2768 4157 λώμενοι.
2804 4083 2976 4137 Τοῦτο
3019 4086 3118 4152 μέν
3148 4099 3211 4150 γε
3246 4082 3448 4144 πάντες
3483 4083 3676 4147 κοινῶς
3736 4083 4091 4153 ἁμαρτάνον·

2514 4193 2606 4239 τες
2632 4193 2646 4207 ·
2715 4175 2842 4236 ίδοις
2864 4174 2908 4225 δ’
2930 4174 2997 4227 ἂν
3031 4173 3158 4235 τοὺς
3221 4173 3549 4242 σικαράνους
3584 4173 3685 4239 (4),
3710 4175 3805 4226 καὶ
3843 4174 4093 4227 πνικτῶν

2516 4262 3033 4333 κατευωχουμένους
3064 4279 3080 4294 ’
3113 4262 3207 4315 καὶ
3236 4261 3465 4333 βδελύξῃ
3493 4262 3590 4333 τὴν
3634 4261 3924 4333 Ῥωμαίων
3967 4264 4095 4318 Ἐκο

2520 4356 2773 4424 κλησίαν,
2801 4355 2877 4418 ὡς
2896 4352 3124 4407 τοιαῦτα
3182 4354 3562 4409 διδάσκουσαν.
3629 4355 3784 4426 Τάχα
3833 4356 3879 4406 δ’
3906 4355 3972 4409 ἄν
4006 4373 4093 4418 τις

839 4438 1241 4495 fervidioribus‘
1288 4442 1628 4495 orthodoxia:
1685 4441 2022 4495 zelatoribus
2094 4456 2197 4495 nos
2248 4443 2411 4497 etiam

2461 4437 2489 4489 Β
2518 4443 2829 4506 ἐπαναστὰς
2845 4442 2954 4495 τῶν
2976 4441 3099 4495 λίαν
3138 4441 3350 4494 πιστῶν
3388 4459 3446 4494 τε
3475 4441 3569 4496 καὶ
3598 4441 3966 4513 θερμοτέρων,
3998 4446 4094 4498 καὶ

840 4528 1094 4590 ἱηεοὶιίειι,
1134 4543 1199 4584 ac
1227 4531 1523 4586 crassioris
1562 4531 1615 4584 in
1648 4530 1816 4586 rebus
1848 4531 2022 4586 sacris
2068 4530 2283 4596 iudicii,
2325 4532 2410 4587 vel

842 4619 1090 4683 ineurim,
1122 4635 1187 4674 ac
1210 4632 1520 4677 nostrarum
1551 4638 1734 4677 rerum
1784 4623 2112 4693 proditionis
2148 4624 2411 4678 condem-

846 4712 1015 4777 nabit,
1046 4712 1164 4780 ipse
1196 4721 1377 4767 autem
1412 4722 1466 4768 et
1497 4715 1602 4769 alia
1637 4715 1804 4768 multa
1832 4716 2161 4770 recensebit.
2187 4718 2285 4779 Ast
2308 4732 2410 4787 ego

841 4809 896 4851 et
929 4800 1030 4855 ista
1064 4801 1201 4871 ipsa.
1238 4803 1341 4856 alia
1375 4803 1595 4872 quidem
1645 4806 1850 4859 nullius
1879 4806 2283 4863 emendationis
2319 4808 2407 4862 in-

843 4889 1028 4959 digere
1079 4900 1240 4959 puto;
1290 4893 1394 4947 alia
1417 4903 1597 4949 autem
1623 4894 1942 4958 mediocris,
1980 4902 2034 4949 et
2086 4896 2232 4959 talia,
2269 4903 2328 4950 ut
2359 4897 2407 4955 si

920 5052 941 5083 ¹
969 5053 1164 5107 Matth.
1203 5071 1355 5112 XXIV.
1389 5054 1475 5109 12.
1553 5057 1573 5087 ³
1604 5056 1788 5112 Ειοςιρ.
1816 5074 1901 5118 tu,
1936 5057 1987 5111 '7.

2520 4534 2659 4603 ὑπὲρ
2683 4533 2784 4600 τῆς
2822 4532 3131 4602 ὀρθοδοξξας
3159 4531 3488 4602 ζηλούντων,
3515 4534 3673 4604 ἡμῶν
3716 4534 3817 4603 μὶν
3850 4536 4093 4605 ἀμαθίαν

2519 4625 2836 4694 καταγνοίη.
2872 4624 2968 4677 καὶ
3003 4625 3259 4692 ἀκρισίαν
3295 4624 3423 4694 περὶ
3447 4625 3514 4679 τά
3540 4623 3733 4695 θεῖα,ἧ
3767 4625 4095 4695 ψυχρότητα

2518 4717 2613 4769 καὶ
2679 4714 2971 4786 προδοσίαν
3038 4713 3147 4767 τῶν
3205 4714 3513 4784 ἡμετέρων.
3546 4715 3716 4778 Αὐτὸς
3743 4716 3800 4769 δι
3833 4719 3927 4771 καὶ
3950 4718 4092 4771 ἄλλα

2461 4872 2470 4875 _
2517 4806 2686 4860 πλείω
2728 4806 2836 4858 τῶν
2893 4805 3166 4875 ῥηθέντων
3230 4804 3696 4876 άπαριθμήσαιτο.
3739 4806 3879 4874 Ἐγὼ
3908 4807 3964 4861 δὲ
3996 4811 4094 4862 καὶ

2516 4898 2720 4959 τούτων
2754 4897 2822 4949 τὰ
2859 4897 2979 4966 μὲν,
3023 4896 3282 4968 οὐδεμιᾶς
3330 4897 3673 4971 ἐπιστροφῆς
3706 4897 3916 4952 δεῖσθαι
3942 4900 4095 4969 νομίο

2032 5176 2230 5237 Varite
2252 5175 2561 5239 lectiones
2606 5182 2667 5240 et
2709 5185 2901 5239 notas.

921 5295 1000 5368 ί
1022 5297 1152 5368 Cod.
1185 5296 1421 5360 Bonon.,
1444 5304 1553 5361 τοῖς
1594 5302 1841 5368 πλησίον.

923 5354 1100 5435 (sua.
1128 5366 1228 5421 διό.
1262 5368 1356 5421 Vel
1403 5354 1445 5422 si
1481 5354 1785 5425 retineatur
1817 5354 1905 5424 διὰ
1961 5371 2131 5424 ταῦτα
2175 5371 2411 5426 fortasse

854 5435 1138 5509 legeltdum
1168 5441 1467 5509 σιωπητέον
1495 5439 1615 5493 loco
1640 5442 1730 5492 τοῦ
1758 5442 2055 5509 σιωπητέα.

928 5505 1005 5577 ('5)
1024 5508 1245 5577 μοναχοὶ
1270 5508 1433 5561 habet
1466 5510 1589 5562 cod.
1630 5509 1763 5563 Bon.
1791 5505 2090 5577 eodemque
2138 5510 2297 5564 modo
2328 5511 2409 5563 le-

856 5574 933 5638 git
970 5574 1354 5631 Ci‘mma‘enus.
1378 5577 1513 5633 Cod.
1542 5592 1671 5631 vero
1725 5590 1912 5634 noster
1958 5574 2118 5634 habet
2147 5596 2402 5646 compen-

858 5646 1029 5719 tiffllfic
1055 5646 1248 5719 tlttpit‘x
1286 5663 1318 5699 α
1344 5664 1361 5719 γ’
1403 5648 1545 5715 quod
1585 5649 1867 5717 legendum
1906 5666 2029 5702 esse
2083 5650 2319 5719 ἀσκηταὶ
2339 5665 2405 5703 cx

860 5712 980 5769 aliis
1009 5715 1305 5778 codicibus,
1341 5718 1391 5771 in
1423 5712 1837 5787 quilius'situile
1887 5712 2267 5790 compendium
2313 5734 2406 5774 oc-

2518 5304 2711 5367 currit,
2744 5303 3099 5367 deprehendi.

2592 5374 2668 5440 (4)
2706 5372 2852 5426 llanc
2878 5389 3061 5426 vocem
3082 5382 3140 5427 ut
3172 5372 3225 5426 in
3244 5370 3433 5429 Graeco
3465 5381 3614 5427 textu
3663 5386 3725 5427 se
3768 5370 3935 5428 habet
3971 5386 4100 5427 ver-

2521 5444 2686 5497 tendo
2709 5444 2861 5513 posui
2890 5484 2905 5505 ,
2930 5445 3074 5508 quod
3107 5457 3280 5513 neque
3300 5457 3362 5496 ex
3396 5442 3622 5513 lexicis,
3641 5456 3825 5513 neque
3875 5455 3943 5513 9(
3993 5456 4094 5513 ρε-

2520 5510 2798 5566 ritissimis
2836 5512 3035 5566 (ἔγκειται
3074 5512 3312 5583 nationis
3353 5510 3689 5583 hominibus.
3720 5510 3811 5583 qui
3864 5510 3929 5583 in
3992 5512 4098 5583 hac

2517 5587 2651 5634 urbe
2685 5590 2811 5636 sunt
2837 5596 3082 5649 quosque
3113 5582 3227 5650 ipse
3266 5581 3542 5644 consului,
3587 5581 3707 5648 ejus
3736 5579 4102 5651 significatio-

2518 5667 2638 5705 nem
2672 5648 2885 5719 assequl
2930 5648 3217 5722 potuerim.
3283 5651 3455 5704 Simili
3506 5663 3671 5705 causa
3721 5648 4097 5718 Miitgarellius

2519 5737 2638 5775 eam
2673 5722 2889 5791 penitus
2914 5722 3117 5776 omisit.
