4276 6436
202 401 311 464 215

953 403 1185 462 LIBER-
1229 403 1323 463 DE
1367 404 1471 462 IIS
1504 403 1834 474 QUORUM
1877 405 2135 466 LATINI
2169 408 2683 470 INCUSANTUR.

3348 417 3456 478 “216

199 514 422 575 τοῦτου,
464 515 542 575 εἰς
574 512 672 581 τὴν
717 513 894 582 χαράν
937 513 1030 563 τοῦ
1075 513 1283 580 Κυρίου
1314 512 1779 581 εἰσαχθησόμεθα.
1817 521 1858 568 Λ

1766 553 1779 565 .
1817 521 1858 568 Α
1894 517 2324 566 monstrabimus
2354 536 2363 567 :
2399 533 2458 569 ex
2493 517 2591 568 hac
2614 517 2746 569 servi
2781 517 2900 570 boni
2961 529 3008 570 et
3046 520 3234 586 ﬁdeles
3271 522 3455 578 dei-la-

209 608 381 681 Ὁρᾷς
414 609 507 660 ποῖ
535 608 780 677 φέρουσα
817 608 960 675 ἡμᾶς
1010 606 1043 673 ἡ
1090 605 1497 671 συγκατάδασις
1528 604 1782 670 ὕψωσενς

1662 907 1720 939 OU
1731 905 1785 939 τε

205 981 333 1048 περὶ
364 980 476 1030 τῶν
501 977 770 1044 νηστειῶν
797 977 1450 1047 ἀντισκληρυνοησόμεθα
1493 978 1566 1046 τῷ
1597 980 1783 1047 ἀκαμ-

204 1073 298 1121 πεῖ
330 1069 429 1121 τοῦ
458 1069 643 1130 ἔθνους
662 1069 998 1137 φρονήματι.
1024 1067 1196 1120 Τοῦτο
1223 1069 1330 1137 γάρ
1363 1071 1508 1120 ἐστιν
1531 1071 1786 1138 ὀστράκῳ

274 885 363 940 ιε’.
424 888 500 938 Οὐ
548 886 752 948 τοίνυν,
810 884 934 938 οὔτε
975 886 1105 955 περὶ
1168 886 1276 938 τῶν
1340 886 1588 956 ἀζύμων,

206 1161 516 1230 συγκολλᾷν
553 1161 843 1227 ὄστρακον,
877 1161 1042 1227 μηδὲν
1071 1162 1245 1224 εἴδους
1304 1163 1602 1230 ὑγροτέρα)
1642 1179 1786 1230 παρ-

204 1251 522 1312 εντιθέντας
555 1264 570 1278 ’
634 1254 768 1321 ὅπερ
809 1252 1013 1318 ἐγένετ’
1044 1254 1108 1307 ἂν
1141 1256 1267 1315 τσως
1297 1256 1597 1324 ἐχέκολλον.
1655 1256 1790 1308 Οὐδὲ

207 1342 411 1394 πολλοῦ
480 1343 560 1395 δεῖ
588 1346 716 1414 περὶ
751 1343 860 1395 τῶν
891 1345 1367 1414 ἀπηριθμημένων
1396 1347 1618 1407 λοιπῶν,
1645 1348 1788 1416 άπερ

205 1436 610 1502 ὁμολογοῦντες
636 1438 732 1489 καὶ
768 1436 923 1488 αὖτοί
969 1442 1175 1506 τηρεῖν,
1213 1438 1369 1498 ἐκτὸς
1407 1439 1503 1505 τῆς
1543 1454 1787 1491 πνικτο-

203 1526 431 1593 φιις-ιάς
467 1526 691 1595 (ταύτης
718 1527 826 1595 γάρ
849 1527 969 1578 οὐδὲ
1000 1527 1237 1597 τοῦνομα
1261 1532 1372 1592 τοῖς
1407 1531 1658 1591 Λατίνοις
1686 1531 1784 1583 σώ-

206 1615 688 1682 φροσινὰνεκτδν,
751 1614 940 1684 ὥσπερ
999 1615 1120 1668 οὐδὲ
1189 1615 1318 1683 παρ’
1357 1618 1487 1685 ἡμῖν
1565 1618 1625 1668 τὸ
1688 1617 1789 1685 τῆς

204 1705 489 1775 λῃστείας,
559 1706 590 1771 ἢ
648 1705 946 1774 πορνείας·

1031 1707 1132 1759 κάν
1222 1709 1270 1758 εἰ
1330 1708 1637 1777 θηριώδεις,
1696 1709 1790 1760 καὶ

208 1803 534 1870 κτηνὼδεις,
620 1801 792 1854 ταῦτα
861 1803 1266 1870 ὲπιτηδεύωσι),
1323 1803 1540 1856 δοκοῦσι
1573 1804 1786 1864 πολλοῖς

209 1895 581 1963 ἁσύγγνωστα
612 1895 963 1963 σφάλλεσθαι.
1005 1890 1103 1947 Ὧν
1145 1897 1219 1963 μὴ
1282 1894 1624 1948 συντίθεσθαι
1677 1899 1788 1957 τοῖς

209 1989 412 2052 λόγοις,
436 1989 625 2056 ἀνδρὸς
658 1988 828 2049 ἐστιν,
859 1988 930 2049 ὡς
950 1984 1126 2056 οἶμαι,
1159 1990 1276 2049 ταῖς
1309 1987 1790 2057 ἐκκλησιαστικαῖς

214 2080 485 2147 ἱστορίαις
524 2078 1022 2148 ὲγγυμνασθὲντος,
1085 2081 1179 2131 καὶ
1237 2079 1524 2148 μαθόντος,
1589 2081 1664 2140 ὡς
1730 2081 1789 2132 οὐ

213 2170 481 2233 πάνέθρς
524 2169 843 2237 ἀποσχίξειν
923 2169 1249 2237 Ἐκκλησίας
1312 2170 1507 2236 ἰσχύει,
1549 2170 1684 2223 ἀλλά
1729 2172 1790 2222 τὸ

210 2261 348 2331 πρὸς
371 2261 637 2330 διαφοράν
664 2261 796 2328 ἄγον
825 2260 1118 2328 δόγματος.
1158 2263 1305 2327 Ἐοη
1341 2261 1397 2313 δὲ
1425 2261 1642 2325 πάντως
1699 2264 1792 2316 καὶ

209 2355 389 2407 ταῦτα
419 2355 486 2406 τά
519 2353 666 2424 παρὰ
693 2359 805 2415 τοῖς
831 2353 1162 2420 θαυμαστοῖς
1200 2356 1415 2421 κριταῖς
1465 2354 1788 2423 σφάλματα·

211 2451 280 2500 τα
319 2449 442 2516 μὲν,
475 2447 534 2511 ἐξ
561 2445 874 2509 εὐλαῦείας,
903 2445 978 2508 ὡς
1013 2445 1072 2498 τὸ
1105 2446 1400 2514 προσάγειν
1451 2447 1576 2509 τοὺς
1611 2449 1792 2500 ἀσπα-

215 2541 391 2605 σμοὺς
422 2542 534 2600 τοῖς
558 2537 724 2599 Θείοις
747 2537 968 2604 ἐδάφεσι
1028 2539 1128 2604 (μὴ
1187 2535 1295 2604 γὰρ
1347 2537 1411 2606 δὴ
1477 2538 1791 2606 παραδεξό-

214 2632 356 2699 μεθα
373 2630 487 2700 (21)
505 2628 601 2698 τὴν
623 2629 916 2697 σατανικὴν
937 2628 1152 2696 ἐκείνην
1177 2629 1567 2695 συκοφαντίαν,
1590 2628 1663 2689 ὡς
1686 2629 1792 2699 ἄρα

215 2723 470 2785 Λατίνοις
494 2722 553 2774 οὐ
591 2720 999 2790 παραδεκτέαή
1057 2720 1166 2773 τῶν
1211 2721 1434 2772 εἰκόνων
1485 2720 1792 2790 προσκύνη-

215 2818 325 2878 σις)
351 2831 364 2845 ·
399 2815 468 2867 τὰ
499 2815 555 2866 δὲ
602 2812 662 2877 ἐξ
693 2811 1003 2880 οἰκονομίας
1055 2811 1441 2881 οἰκοδομούσης
1487 2812 1790 2876 ἀσθένειαν,

214 2907 358 2974 τάλα
392 2906 491 2974 μὲν
517 2906 610 2958 καὶ
637 2904 836 2973 ψυχῆς,
862 2905 1082 2964 πάντως
1123 2903 1179 2954 δὲ
1209 2903 1308 2972 τὴν
1352 2903 1688 2972 σωματικὴν,
1721 2905 1796 2967 ὡς

218 2996 280 3046 τὸ
336 2996 462 3056 τοὺς
523 2993 770 3064 πρώτους
829 2993 887 3044 ὲν
938 2995 1053 3052 ταῖς
1123 2992 1298 3054 νόσοις
1363 2993 1797 3063 μεταλαμϐάνειν

223 3087 425 3156 κρεῶν,
463 3086 556 3138 καὶ
585 3084 744 3136 τοῦτο
773 3083 1190 3152 κεκολασμένως
1220 3084 1313 3136 καὶ
1359 3085 1435 3152 τῷ
1467 3086 1580 3138 όντι
1631 3104 1795 3140 πνευ-

223 3179 494 3245 ματικῶς.
516 3179 576 3229 Εἰ
605 3177 659 3228 δέ
682 3193 827 3238 τινες
847 3176 978 3228 αὐτὸ
1008 3176 1417 3245 χυδαιοῦσιταῖς
1432 3179 1792 3252 ἀδιαφορίαις,
1825 3215 1866 3271 C

218 3273 306 3325 ἳτε
320 3289 411 3341 ρος
440 3268 595 3333 οὗτος
617 3270 772 3338 λόγος
795 3270 935 3339 (9.5),
971 3271 1030 3323 οὗ
1060 3270 1192 3340 πρὸς
1214 3274 1339 3335 τοὺς
1363 3273 1620 3341 πρώτους
1639 3277 1795 3327 τοῦτο

219 3365 362 3417 κατὰ
398 3365 556 3430 λόγον
587 3363 1074 3432 οἰκονομήσαντας,
1125 3361 1218 3412 καὶ
1272 3363 1406 3414 ἄλλα
1456 3364 1574 3415 κατ’
1604 3365 1794 3423 ἄλλους

217 3458 372 3520 τινάς
397 3457 586 3523 λόγους
617 3453 966 3524 ὲμπαγέντας
995 3451 1108 3521 (26)
1150 3456 1272 3514 ταῖς
1295 3457 1545 3518 Δυτικαῖς
1565 3455 1796 3523 Ἐκκλη-

220 3551 366 3610 σίαις
405 3565 417 3576 ·
448 3541 524 3599 ὧν
554 3547 706 3599 οὐδὲν
733 3546 971 3614 διασπᾷν
999 3544 1149 3614 ἡμᾶς
1182 3543 1431 3610 δύναται,
1470 3547 1571 3600 οὐκ
1636 3547 1702 3618 ῆν
1735 3564 1797 3614 γε

218 3641 347 3701 τοὺς
365 3639 647 3706 κρίνοντας
678 3636 794 3707 ἔχῃ,
825 3637 923 3706 τὴν
955 3635 1136 3706 ψῆφον
1157 3637 1419 3707 φέροντας
1451 3639 1565 3710 (9.7)
1600 3657 1796 3709 πατρι-

226 3732 344 3792 κοῖς
371 3730 561 3798 νόμοις
586 3727 901 3782 ἀκόλουθον.

294 3919 356 3964 ιτ
381 3941 392 3953 .
429 3901 539 3954 Καὶ
562 3899 615 3951 εἰ
638 3916 702 3966 γε
725 3900 812 3968 ,μὴ
847 3900 1056 3969 μακρός
1110 3917 1202 3970 μοι
1269 3901 1298 3952 ὁ
1362 3901 1516 3969 λόγος
1574 3900 1797 3968 ἔμελλεν

221 3993 465 4054 ἔσεσθαι,
509 3992 874 4060 καὶίστορίας
905 3992 1091 4058 ἐγγὺς,
1151 3989 1331 4054 ἔδειξα
1382 3992 1446 4043 ἄν
1501 4009 1582 4044 σοι
1629 3993 1798 4062 μυρία

225 4086 320 4134 ἐπὶ.
357 4083 575 4152 μυρίοις
616 4082 722 4148 ἔθη
756 4085 868 4142 τοῖς
899 4081 1150 4143 παλαιοῖς
1185 4083 1432 4150 Πατράσι
1463 4099 1798 4153 παραχωρη-

223 4179 387 4229 Οέντα
427 4176 562 4243 πρὸς
585 4175 682 4244 τὴν
709 4175 818 4227 τῶν
845 4174 1150 4242 ἁδελφικῶν
1179 4174 1367 4243 ψυχῶν
1393 4178 1793 4243 περιποίησιν.

225 4271 463 4340 ’ῌδεσαν
490 4269 597 4338 γὰρ
623 4269 815 4321 ἐκεῖνοι
875 4267 961 4334 μὴ
1021 4266 1256 4332 ἑαυτοῖς
1301 4267 1603 4335 ἀρέσκειν,
1659 4270 1795 4322 ἀλλ’

219 4363 486 4425 ἕκαστος
515 4358 595 4424 τῷ
616 4359 885 4425 πλησίον
931 4360 1017 4423 εἰς
1047 4359 1112 4410 τι)
1155 4357 1381 4426 ἀγαθὸν
1410 4361 1560 4426 πρὸς
1578 4359 1799 4414 οἰκοδο·

220 4454 366 4520 μήν.
415 4450 577 4504 Ἀλλά
606 4450 700 4503 νῦν
758 4449 880 4517 (φεῦ
911 4449 1004 4502 τοῦ
1073 4448 1324 4520 ὑδερικοῦ
1376 4450 1532 4518 ἡμῶν
1581 4450 1790 4520 ὄγκου),

1893 605 2138 658 rahimur
2177 625 2188 658 :
2224 615 2276 658 et
2321 609 2443 660 hinc
2476 611 2528 661 in
2589 610 2845 675 gaudium
2900 610 3112 664 Domini
3150 613 3459 670 introduce-

1894 713 2036 748 mur.
2097 696 2286 762 Vides,
2315 716 2602 769 quousque
2629 701 2964 770 indulgentia
3001 719 3098 756 nos
3133 705 3462 761 sublimare-

1892 788 1996 841 rit?

1959 883 2119 952 525
2182 884 2264 935 lii.
2321 884 2434 936 Non
2497 885 2661 955 igitur
2732 903 2907 956 neque
2969 897 3193 958 propter
3249 905 3460 959 azyma,

1891 994 2065 1045 neque
2120 988 2340 1045 propter
2386 978 2591 1045 jejunia
2635 980 2826 1034 durius
2865 999 2963 1037 nos
2994 984 3312 1037 habebimus
3338 999 3462 1052 erga

1890 1070 2184 1125 inﬂexibile
2233 1073 2408 1138 gentis
2455 1071 2614 1139 hujus
2659 1073 2898 1142 genium.
2940 1073 3050 1127 lloc
3118 1077 3259 1129 enim
3316 1087 3463 1128 esset

1892 1175 2082 1220 testam
2114 1174 2264 1221 testae
2294 1167 2550 1235 cepulare
2573 1167 2726 1228 velle,
2767 1167 2912 1220 nulla
2935 1167 3177 1220 adhibita
3219 1168 3467 1220 molliore

1891 1259 2116 1312 materia
2171 1274 2290 1324 qua:
2326 1257 2694 1328 agglutinandi
2747 1258 2980 1313 fortasse
3014 1259 3120 1311 vim
3164 1258 3464 1312 habuisset.

1891 1347 2058 1401 Multo
2091 1363 2222 1402 vero
2247 1349 2430 1400 minus
2463 1357 2683 1417 propter
2707 1350 2911 1418 reliqua
2936 1364 3101 1418 supra
3124 1355 3464 1406 enumerata,

1890 1457 2006 1510 qum
2037 1456 2095 1493 se
2139 1441 2239 1506 ipsi
2304 1439 2534 1493 fatentes
2597 1455 2812 1494 servare
2863 1442 3132 1510 (excepto
3179 1442 3468 1508 suffocatu—

1893 1550 2006 1584 rmn
2038 1547 2132 1584 esu
2161 1549 2175 1594 ;
2209 1531 2368 1597 hujus
2391 1532 2535 1584 enim
2559 1547 2623 1584 ne
2646 1546 2841 1583 nomen
2873 1529 3089 1599 quidem
3121 1531 3256 1584 bene
3289 1544 3469 1582 mora-

1894 1625 1962 1677 tis
1994 1623 2198 1678 Latinis
2228 1623 2507 1676 ferendum
2542 1624 2774 1685 videtur,
2825 1623 2969 1677 sicut
2995 1637 3169 1689 neque
3199 1621 3340 1691 apud
3369 1635 3468 1674 nos

1895 1710 2157 1772 furti,aut
2195 1711 2574 1764 fornicationis
2618 1730 2630 1765 :
2674 1727 2984 1780 quanquam
3029 1713 3140 1765 haec
3175 1712 3334 1766 etiam
3370 1711 3469 1764 ho-

1893 1803 2066 1855 mines
2103 1803 2321 1868 quidam
2355 1803 2511 1854 ferini
2565 1818 2626 1854 ac
2661 1804 2900 1856 hrutales
2934 1804 3248 1871 exerceant)
3285 1803 3468 1854 multis

1892 1895 1954 1947 in
1969 1894 2338 1948 emissihiliter
2355 1908 2580 1963 peccare
2597 1894 2846 1948 videntur
2863 1911 2876 1947 :
2893 1909 3122 1964 quorum
3142 1909 3246 1947 non
3267 1894 3470 1962 astipu-

1895 1987 1991 2038 Iari
2027 1987 2305 2040 sententia:
2353 1988 2614 2050 hominis,
2641 1995 2699 2040 ut
2727 1995 2878 2057 puto,
2905 1996 2989 2042 est
3017 1988 3068 2040 in
3096 1987 3466 2041 ecclesiastica

1895 2079 2116 2132 historia
2159 2079 2464 2139 exercitati,
2498 2080 2699 2147 quique
2741 2079 2936 2132 eximie
2966 2079 3177 2140 didicit,
3203 2093 3310 2131 non
3351 2093 3469 2129 om-

1895 2187 2016 2223 nem
2052 2171 2324 2225 diversam
2356 2171 2780 2224 consuetudinem
2810 2170 2875 2224 ad
2897 2171 3173 2225 Eeelesias
3208 2169 3466 2224 scinden-

1893 2263 1990 2316 das
2022 2261 2255 2315 validam
2271 2277 2422 2323 esse;
2447 2262 2540 2316 sed
2568 2271 2778 2314 tantum
2807 2277 2927 2332 quze
2953 2261 3229 2315 diversum
3267 2261 3461 2329 dogma

1895 2354 2125 2408 inducit.
2164 2354 2332 2408 Porro
2365 2368 2527 2407 merae
2557 2355 2959 2407 consuetudines
2986 2363 3115 2407 sunt
3149 2353 3311 2404 etiam
3337 2351 3464 2413 ista,

1895 2461 2015 2516 qua:
2073 2445 2212 2515 apud
2276 2445 2568 2513 praeclaros
2625 2445 2758 2500 istos
2803 2443 3016 2513 judices
3059 2452 3187 2497 sunt
3227 2455 3464 2496 errores.

1897 2539 2152 2604 Quaedam
2194 2539 2338 2592 enim
2364 2552 2425 2590 ex
2463 2535 2681 2605 pietate,
2720 2543 2779 2589 ut
2807 2544 2964 2590 sacra
2996 2537 3306 2604 pavimenta
3332 2532 3465 2586 deo-

1897 2631 2101 2686 sculari
2165 2630 2366 2698 (neque
2449 2630 2592 2682 enim
2651 2628 2908 2682 satanica’:
2965 2627 3040 2681 illi
3103 2627 3468 2680 assentiemur

1896 2722 2204 2785 calumniae,
2227 2720 2378 2789 quasi
2414 2719 2623 2772 Latinis
2653 2732 2934 2772 sacrarum
2970 2717 3266 2784 imaginum
3303 2730 3471 2770 vene-

1899 2814 2038 2868 ratio
2075 2828 2182 2865 non
2226 2801 2530 2879 probetur)
2569 2824 2582 2862 :
2629 2808 2733 2861 alia
2765 2823 2895 2862 vero
2926 2823 2989 2862 ex
3022 2806 3246 2875 provida
3277 2807 3463 2874 dispo-

1899 2906 2097 2960 sitione
2128 2904 2200 2956 ob
2235 2900 2689 2964 imbecillitatem,
2725 2899 2959 2955 fortasse
2996 2897 3216 2966 quidem
3249 2899 3464 2959 animat,

1899 3003 2047 3049 certe
2071 3005 2248 3048 autem
2285 2994 2533 3063 corporis
2563 3011 2576 3058 ;
2615 3002 2672 3046 ut
2697 2993 2840 3060 quod
2860 3000 3058 3046 asceta:
3090 3005 3184 3045 seu
3217 2989 3464 3043 monachi

1899 3097 2227 3157 a'grotantes
2277 3093 2571 3139 vescantur
2612 3084 2890 3147 carnibus,
2936 3098 3097 3154 parce
3158 3095 3362 3144 tamen,
3414 3088 3465 3134 et

1900 3197 2026 3236 vere
2063 3178 2340 3248 religiose.
2368 3177 2421 3232 Si
2445 3193 2574 3232 vero
2604 3178 2652 3232 id
2685 3179 2849 3247 aliqui
2877 3178 3059 3232 laxant
3089 3177 3154 3230 ad
3187 3177 3465 3244 vulgarem

1900 3287 2084 3331 usum,
2141 3271 2245 3322 alia
2294 3284 2382 3321 res
2437 3267 2550 3322 haec
2571 3274 2675 3330 est,
2720 3283 2839 3337 qua:
2871 3268 3095 3321 minime
3144 3274 3353 3335 spectat
3401 3263 3465 3316 ad

1898 3363 2110 3430 priores
2155 3361 2299 3424 illos,
2335 3361 2426 3431 qui
2472 3359 2773 3416 secundum
2819 3360 3084 3414 rationem
3126 3358 3230 3412 ista
3270 3356 3462 3424 dispo-

1899 3461 2150 3516 suerunt,
2205 3452 2348 3507 sicut
2397 3461 2449 3507 et
2483 3452 2587 3505 alia
2633 3451 2705 3505 ob
2759 3452 2894 3505 alias
2936 3451 3198 3512 rationes,
3245 3462 3366 3516 qua:
3412 3447 3464 3498 in

1899 3544 2342 3599 Occidentalibus
2394 3544 2575 3611 vigent
2636 3543 2914 3604 Ecclesiis,
2967 3551 3020 3596 et
3073 3554 3303 3610 quorum
3337 3538 3466 3590 nihil

1903 3650 2001 3688 nos
2049 3636 2116 3687 ab
2150 3636 2383 3689 invicem
2417 3635 2679 3689 divellere
2711 3634 2835 3701 jure
2871 3641 3048 3702 potest
3081 3652 3092 3685 :
3133 3646 3305 3700 neque
3337 3644 3468 3683 sane

1900 3723 2160 3777 divellent
2197 3737 2461 3792 unquam,
2498 3724 2543 3775 si
2591 3721 2808 3791 judiccs
2845 3722 3099 3782 habeant,
3131 3723 3224 3790 qui
3255 3729 3467 3788 patruu.

1900 3814 2109 3884 legibus
2139 3824 2566 3868 consentaneum
2590 3814 2859 3868 calculum
2892 3814 3088 3866 ferant.

1974 3906 2059 3960 l6.
2096 3905 2159 3958 Et
2205 3905 2448 3974 quidem,
2484 3906 2526 3959 si
2565 3920 2745 3960 sermo
2784 3920 2934 3958 meus
2968 3904 3202 3972 longior,
3235 3918 3297 3955 ac
3333 3917 3472 3970 pene

1902 3996 2142 4050 historiae
2169 3996 2364 4051 similis
2394 4010 2658 4049 evasurus
2702 4010 2808 4047 non
2847 4002 3014 4054 esset,
3047 3994 3337 4047 ostendere
3366 3992 3468 4044 uti~

1901 4103 2005 4156 que
2059 4102 2296 4156 possem,
2350 4087 2668 4140 innumeras
2718 4084 3121 4138 consuetudines
3175 4098 3202 4134 a
3273 4083 3471 4150 priscis

1901 4186 2154 4240 Patribus
2198 4186 2262 4240 ad
2312 4185 2680 4238 fraternarum
2717 4185 3020 4235 animarum
3066 4181 3466 4249 acquisitionem

1902 4279 2178 4332 toleratas.
2221 4275 2496 4330 Noverant
2523 4275 2669 4328 enim
2708 4274 2781 4327 illi
2817 4289 2916 4325 non
2957 4272 3165 4325 sibimet
3200 4272 3324 4340 ipsis
3355 4270 3472 4336 pla-

1901 4386 2032 4431 cere,
2081 4369 2170 4422 sed
2230 4369 2580 4434 unusquisque
2634 4369 2874 4436 proximo
2929 4383 3022 4420 suo
3068 4369 3121 4419 in
3177 4367 3366 4419 bonum
3401 4363 3470 4415 ad

1902 4459 2307 4527 a’diﬁcationem
2329 4460 2394 4511 ".
2427 4460 2490 4510 At
2525 4473 2669 4512 nunc
2721 4458 2738 4527 (
2769 4475 2801 4510 ο
2837 4457 3192 4527 hydropicum
3225 4462 3470 4508 nostrum

224 4546 332 4597 Kal
364 4543 455 4607 τίς
478 4542 609 4593 ἐστι
634 4558 754 4609 μου
781 4541 1050 4604 πλησίον
1079 4556 1097 4602 ;
1130 4541 1380 4610 λέγομεν,
1432 4542 1526 4593 καί
1567 4542 1793 4610 μυρίους
1827 4537 1869 4591 D
1899 4559 1913 4604 ι

1780 4559 1793 4604 ῖ
1827 4537 1869 4591 Ῑ)
1899 4559 2165 4604 tumorem
2193 4550 2205 4601 l
2231 4550 2248 4615 )
2271 4548 2336 4602 Et
2366 4551 2480 4616 quis
2512 4556 2587 4601 est
2615 4535 3051 4614 meus'proximns
3080 4546 3165 4596 “1'
3194 4545 3428 4598 dicimus
3458 4562 3469 4594 :

224 4635 640 4701 καταϐάλλομεν
710 4633 1054 4700 ἱσταμένους,
1115 4633 1200 4684 ἱνα
1243 4633 1305 4685 τὸ
1348 4633 1546 4685 οἰκεῖον
1592 4635 1798 4702 στήσω-

226 4746 324 4796 μεν
345 4726 458 4795 (‘28)
479 4726 691 4793 θέλημα
719 4724 766 4790 (ὃ
787 4725 881 4792 οὐχ
898 4724 1046 4786 ὅπως
1069 4723 1338 4786 ἵστασθαι,
1363 4724 1498 4777 ἀλλά
1523 4727 1613 4778 καὶ
1631 4743 1799 4778 κατα-

223 4815 767 4890 χωννὺεσθαιᾶξιον)
804 4834 818 4848 ·
884 4817 975 4868 καὶ
1039 4816 1218 4868 πάντα
1279 4817 1798 4886 μεταστοιχειοῦμεν

226 4915 321 4963 καὶ
353 4911 786 4978 μετατάττομεν,
806 4907 894 4958 ἵνα.
919 4906 979 4957 τὸ
1008 4907 1258 4959 ἁνούσιον
1281 4907 1662 4977 οὑσιώσωμεν,
1704 4910 1798 4962 καὶ

231 4993 611 5072 μορφώσωμεν
639 4999 700 5050 τὸ
731 4998 1055 5067 ἁμόρςωτον
1077 5014 1089 5026 ·
1117 4997 1216 5050 κᾶν
1247 5015 1298 5050 τι
1352 4999 1503 5068 ῥῆμα
1538 5002 1798 5070 προέσθαι

227 5096 547 5161 φθάσωμεν,
581 5091 674 5143 καὶ
704 5091 752 5142 εἰ
775 5091 882 5142 τῶν
921 5089 1145 5154 γελοίων
1172 5090 1415 5156 φαίνοιτο
1438 5093 1795 5162 γελοιότερον,

223 5186 362 5239 θεοῦ
396 5184 577 5252 φωνὴν
627 5181 908 5244 ἀποδεῖξαι
981 5181 1138 5232 τοῦτο
1182 5182 1574 5251 σπουδάζομεν,
1639 5185 1797 5250 ἀξίαν

224 5277 394 5341 ἀκοῆς
447 5273 688 5334 Μωσέως
723 5271 886 5340 τυχὸν
931 5271 1024 5322 καὶ
1067 5270 1319 5338 Ἀαρὼν(
1377 5272 1628 5324 ταπεινὸν
1687 5276 1794 5344 γὰρ

295 5414 342 5443 ⁸⁸
377 5409 533 5463 Ιιοιη.
567 5425 656 5469 xv,
680 5407 798 5471 1,2.
834 5433 841 5440 -
875 5406 920 5436 “
954 5405 1083 5460 Luc.
1106 5423 1158 5470 ι,
1183 5406 1272 5460 ‘29.

1899 4655 1952 4698 ct
1985 4647 2300 4699 innumeros
2335 4653 2542 4697 stantes
2575 4643 2882 4712 dejieimus,
2913 4649 2970 4695 ut
2996 4650 3238 4695 nostram
3267 4647 3473 4693 statua-

1903 4753 2025 4790 mus
2080 4738 2414 4789 voluntatem
2475 4737 2675 4802 (quam
2733 4733 2882 4786 nullo
2939 4733 3101 4785 modo
3153 4743 3321 4792 stare,
3379 4731 3471 4783 sed

1903 4828 2085 4892 obrui,
2137 4827 2361 4894 dignum
2408 4833 2512 4892 est)
2570 4835 2623 4879 et
2669 4825 2853 4879 omnia
2910 4823 3368 4878 transformamus
3421 4829 3474 4871 ct

1904 4927 2359 4980 transmutamus,
2389 4926 2448 4969 ut
2477 4932 2582 4970 non
2609 4916 2897 4970 exsistcnti
2925 4929 3046 4968 esse
3073 4914 3400 4973 tribuamus,
3419 4919 3470 4961 et

1910 5010 2080 5062 forma
2123 5008 2409 5069 donemus,
2451 5007 2595 5075 quod
2634 5007 2866 5060 informe
2897 5015 2980 5059 est
3027 5021 3039 5058 :
3078 5005 3204 5059 etsi
3253 5001 3469 5070 quidem

1907 5101 1987 5153 vel
2027 5099 2250 5151 verbum
2279 5113 2308 5150 a
2334 5098 2488 5151 nobis
2518 5095 2845 5166 proferatur,
2878 5103 3000 5148 utut
3028 5093 3268 5146 omnium
3301 5089 3473 5156 perri-

1905 5189 2165 5253 diculum,
2230 5203 2416 5242 vocem
2469 5187 2562 5241 Dei
2612 5202 2734 5242 esse
2795 5185 3201 5244 contendimus,
3254 5183 3470 5250 dignam

1904 5295 2064 5349 quam
2101 5279 2277 5335 Moses
2309 5291 2362 5334 et
2391 5280 2571 5333 Aaron
2603 5287 2811 5333 attente
2838 5277 3062 5330 audiant
3087 5278 3300 5344 (parum
3321 5273 3465 5327 enim

1380 5504 1576 5564 Varia)
1622 5505 1924 5569 lectiones
1970 5519 2030 5570 et
2079 5518 2263 5569 notae.

298 5606 412 5674 ('25)
447 5604 726 5674 Sieetiam
754 5604 1126 5660 Chomatenus
1155 5624 1169 5672 ;
1213 5618 1266 5660 at
1291 5609 1412 5660 cod.
1448 5607 1652 5663 Bonon.
1701 5614 1795 5664 ha-

225 5678 338 5731 l-et.
389 5673 461 5726 πα
471 5673 838 5742 ραδεξώμεθα.

301 5748 414 5805 (‘25)
441 5745 811 5796 (lhomatenus
839 5747 924 5798 hic
953 5745 1102 5797 addit
1158 5747 1292 5815 πρὸς
1328 5747 1568 5808 τούτους.

301 5819 412 5883 μευ)
441 5815 831 5878 Chomatenus,
856 5817 1172 5884 ὲμπαγέντα
1208 5836 1218 5869 :
1249 5817 1389 5885 quod
1443 5820 1570 5872 inihi
1617 5824 1784 5889 magis

1924 5614 2100 5667 ilaeet.

1924 5631 2100 5667 uacet.

1905 5631 1918 5683 Ι
1972 5686 2083 5748 (‘27)
2109 5684 2482 5737 Chomaleuus
2515 5683 2867 5750 ἐκφέροντας.

1971 5757 2080 5820 (:33)
2113 5755 2480 5808 (illomatcnus
2507 5755 2876 5822 συστήσωμεν.
