4276 6436
782 422 883 489 251

1710 418 2272 478 TIIEUPIIYLACTI
2314 417 2717 477 BULGARIE
2763 418 3108 477 ARCIIIEI‘.
3928 415 4049 480 2132

1104 579 1145 586 ι-.
1160 573 2793 591 mM—m“

2294 574 3602 586 _———-——_—-—_——w———
3624 573 3983 585 ...ὑ-Ψ

1845 724 2038 784 PARS
2072 724 2394 788 ALTERA.
2414 752 2478 763 -
2502 728 3023 790 PAIUENETICA.

1074 1038 1208 1109 Cap.
1232 1038 1276 1093 I.
1313 1035 1571 1110 Princeps
1606 1042 1696 1110 qui
1718 1042 1948 1109 acceptis
1984 1058 2016 1093 a
2055 1042 2160 1095 Deo
2187 1042 2333 1095 bonis
2363 1056 2466 1094 non
2502 1041 2572 1095 ad
2611 1042 2803 1094 bonum
2835 1042 3021 1108 utitur,
3044 1040 3204 1095 miser
3232 1050 3333 1095 est.

1071 1130 1206 1199 Cap.
1233 1130 1298 1185 Il.
1335 1131 1490 1200 Regia
1514 1133 1745 1202 dignitas
1771 1136 1942 1203 regias
1970 1136 2189 1189 virtutes
2223 1152 2324 1189 non
2354 1135 2590 1200 habenti,
2623 1135 2866 1189 dedecori
2889 1146 2991 1190 est.

1069 1221 1202 1292 Cap.
1235 1222 1319 1279 Ill.
1364 1224 1656 1279 Virtutibus
1684 1242 1785 1281 non
1817 1228 2006 1281 vestitu
2050 1230 2409 1283 commenaari
2442 1242 2635 1299 regem.

1073 1315 1206 1383 Cap.
1252 1313 1338 1368 IV.
1381 1314 1635 1385 Voluptas
1666 1318 1773 1387 regi
1807 1320 2081 1374 vincenda.

1071 1405 1204 1476 Cap.
1239 1405 1301 1462 V.
1346 1406 1572 1464 Labores
1604 1412 1712 1479 regi
1734 1412 1938 1463 honesti
1967 1421 2015 1463 et
2047 1410 2226 1464 utiles.

1070 1498 1202 1568 Cap.
1243 1499 1324 1553 VI.
1366 1500 1438 1553 De
1464 1503 1626 1553 tribus
1657 1502 1803 1553 bouis
1835 1502 2155 1571 totidemque
2178 1502 2335 1557 malis
2360 1501 2630 1572 regiminis
2662 1489 2872 1569 formis.

1071 1589 1204 1657 Cap.
1247 1589 1355 1643 VII.
1390 1591 1600 1643 Primus
1623 1593 1921 1661 tyrannidis
1954 1595 2228 1647 character
2259 1608 2276 1647 :
2306 1592 2531 1647 violenta
2559 1593 2787 1645 invasio.

1073 1681 1206 1751 Cap.
1238 1680 1367 1734 VIII.
1398 1680 1670 1735 Secundus
1702 1684 2000 1753 tyrannidis
2030 1686 2303 1737 character
2338 1699 2356 1737 :
2391 1682 2617 1737 crudelis
2641 1690 2689 1734 et
2736 1680 3112 1736 contumeliosa
3148 1681 3414 1751 grassatio
3454 1681 3507 1733 in
3540 1678 3867 1733 subditorum
3906 1681 4047 1735 bona

1142 1784 1190 1827 et
1221 1792 1460 1844 corpora.

1074 1867 1205 1936 Cap.
1231 1868 1325 1922 IX.
1353 1867 1569 1921 Miseria
1599 1868 1778 1935 populi
1814 1868 2095 1937 tyrannide
2119 1867 2375 1935 oppressi.

1077 1960 1208 2028 Cap.
1248 1959 1311 2012 X.
1348 1963 1576 2028 Tyranni
1605 1962 1816 2014 timores
1847 1960 1994 2013 anxii
2025 1970 2071 2012 et
2103 1970 2408 2027 perpetuum
2440 1966 2781 2013 tormentunt.

1073 2050 1208 2118 Cap.
1250 2048 1342 2102 XI.
1378 2049 1520 2103 Justi
1548 2053 1677 2121 regis
1711 2052 1976 2118 ingressus
2008 2059 2229 2117 pacatus
2256 2059 2303 2103 et
2333 2051 2486 2102 ltvtus
2510 2050 2761 2103 subditis.

1076 2138 1211 2208 Cap.
1246 2138 1362 2192 XII.
1402 2139 1575 2204 Quam
1605 2140 1926 2202 necessaria,
1964 2156 2226 2208 quantque
2254 2141 2404 2193 utilis
2444 2142 2511 2193 sit
2535 2140 2763 2207 principi
2794 2140 2980 2209 religio
3018 2140 3304 2195 excellens.

1072 2233 1205 2300 Cap.
1245 2230 1378 2284 XIII.
1425 2231 1844 2285 instrumentum
1883 2235 2238 2286 necessarium
2268 2235 2412 2303 regni
2438 2234 2564 2287 bene
2582 2233 2792 2302 gerendi
2814 2234 2970 2286 amici
3000 2234 3200 2302 fideles.

1073 2324 1207 2393 Cap.
1240 2322 1377 2376 XIV.
1422 2323 1594 2377 Amici
1634 2325 1927 2376 maximum
1963 2323 2217 2377 bonorum
2252 2326 2549 2394 principum
2580 2325 2795 2393 bonum,
2830 2342 2932 2395 quo
2957 2326 3053 2380 alii
3087 2334 3293 2381 carent.

1075 2418 1207 2486 Cap.
1243 2414 1356 2469 XV.
1394 2415 1510 2468 Veri
1533 2416 1691 2468 amici
1713 2432 1836 2484 erga
1862 2416 2152 2482 principem
2179 2416 2375 2484 ofﬁcia.

1076 2511 1209 2577 Cap.
1242 2506 1380 2561 XVI.
1406 2507 1760 2561 Adulatorum
1786 2507 2037 2573 pernicies
2070 2507 2294 2574 principi
2324 2509 2574 2562 cavenda.

1074 2603 1209 2670 Cap.
1245 2601 1406 2655 XVII.
1436 2600 1740 2653 Amicorum
1766 2601 1978 2653 monitis
2010 2601 2232 2655 docilem
2268 2614 2314 2655 et
2348 2603 2631 2668 patientem
2661 2617 2773 2655 esse
2806 2611 3041 2665 oportere
3068 2602 3378 2670 principem.

1080 2698 1215 2766 Cap.
1238 2693 1424 2748 XVIII.
1463 2693 1737 2758 Quomodo
1764 2694 2024 2759 probandi
2056 2694 2281 2762 principi
2312 2697 2493 2750 amici.

1078 2790 1210 2859 Cap.
1242 2786 1384 2843 XIX.
1425 2786 1644 2841 Favoris
1675 2804 1850 2857 regum
1877 2788 2130 2857 perspecti
2166 2790 2301 2841 mira
2340 2790 2414 2841 vis
2445 2798 2522 2842 est
2550 2788 2620 2841 ad
2650 2787 2828 2841 studia
2857 2787 3186 2841 subditorum
3220 2788 3575 2857 provocanda.

1079 2885 1211 2954 Cap.
1237 2883 1354 2938 XX.
1385 2883 1554 2947 Quam
1584 2884 1859 2952 indignant
1898 2894 1947 2936 et
1977 2884 2195 2937 noxium
2222 2885 2287 2936 sit
2320 2884 2604 2937 sceleratos
2633 2883 2774 2953 apud
2803 2885 3091 2953 principem
3120 2890 3383 2956 gratiosos
3409 2907 3542 2946 esse.

1082 2982 1215 3050 Cap.
1244 2980 1385 3033 XXI.
1427 2978 1765 3049 Reipublicae,
1800 2980 1877 3032 uti
1902 2981 2074 3043 navis,
2102 2980 2511 3049 gubernatorem
2543 2981 2758 3032 assidue
2798 2980 3043 3034 laborare
3068 2995 3326 3049 oportere.

1082 3072 1213 3139 Cap.
1248 3067 1412 3123 XXII.
1447 3067 1514 3123 Ut
1544 3086 1729 3122 curare
1760 3079 1915 3139 atque
1946 3070 2324 3124 administrare
2360 3086 2465 3122 rem
2488 3070 2728 3123 bellicam
2754 3070 2993 3139 princeps
3029 3073 3236 3127 debeat.

1084 3167 1213 3232 Cap.
1247 3161 1443 3216 XXIII.
1474 3162 1891 3217 Exercitationes
1918 3164 2174 3217 militares
2210 3166 2263 3217 in
2295 3179 2421 3227 pace
2450 3163 2862 3235 frequentandtc,
2896 3166 3290 3235 honorandique
3316 3170 3566 3222 veterani.

1082 3256 1210 3323 Cap.
1245 3252 1435 3306 XXIV.
1475 3253 1797 3307 Exercitatio
1824 3255 2060 3321 corporis
2088 3255 2321 3308 salubris
2352 3256 2603 3321 principi.
2730 3232 2756 3250 ἡ

1080 3352 1213 3421 Cap.
1246 3349 1412 3405 XXV.
1444 3349 1621 3403 .Ilimis
1645 3359 1693 3403 et
1718 3352 1916 3405 scurris
1946 3350 2076 3404 dare
2106 3367 2321 3419 cperant
2362 3366 2530 3419 regem
2566 3366 2668 3404 non
2696 3349 2917 3417 decere;
2952 3353 3042 3407 sed
3072 3353 3256 3409 doctos
3284 3366 3333 3410 et
3378 3354 3660 3425 prudentes
3695 3360 3832 3413 viros
3871 3376 4051 3417 secum

1152 3446 1359 3497 haltere.

1090 3538 1223 3607 Cap.
1268 3536 1454 3589 XXVI.
1488 3536 1558 3588 De
1585 3536 1862 3588 clementia
1894 3536 2121 3602 principi
2162 3537 2481 3588 nt-ressaria.

1078 3633 1212 3700 Cap.
1255 3630 1467 3684 XXVII.
1511 3631 1782 3697 Quatenus
1816 3632 1926 3701 regi
1956 3632 2134 3701 gladio
2155 3642 2203 3685 et
2234 3633 2510 3699 suppliciis
2546 3639 2819 3688 utendum.

1082 3724 1213 3790 Cap.
1251 3722 1489 3777 XXVIII.
1530 3723 1882 3778 Prteeminere
1914 3726 2163 3792 subjectis
2194 3726 2385 3778 virtute
2419 3742 2481 3778 ac
2510 3729 2771 3793 sapientia
2807 3744 2975 3797 regem
3001 3727 3208 3781 debere.

1088 3817 1219 3885 Cap.
1250 3814 1438 3870 XXIX.
1470 3816 1639 3886 llujus
1673 3817 1844 3883 operis
1880 3817 2124 3870 clausula
2153 3827 2201 3871 et
2231 3819 2511 3884 promissio
2538 3820 2777 3873 alterius.

1088 3912 1217 3981 Cap.
1253 3910 1419 3967 XXX.
1458 3911 1798 3967 Promittitur
1838 3912 2189 3968 Constantino
2235 3914 2443 3969 divinus
2475 3915 2650 3986 favor,
2685 3918 2730 3970 si
2757 3926 2805 3970 et
2844 3916 2963 3969 huic
2990 3916 3247 3983 para'uesi
3269 3925 3317 3971 et
3346 3917 3531 3970 matris
3550 3916 3818 3985 praceptis
3844 3915 4046 3972 obtem-

1159 4019 1319 4076 perct.
