4276 6436
225 394 336 461 273
1499 401 1950 473 lNSTlTUTIO
1977 406 2234 476 REGIA.
3386 410 3500 482 974

222 506 323 573 οὓς
375 509 488 564 τῶν
557 510 732 565 ἄλλων
759 514 995 580 μάλιστα
1023 516 1281 582 δέδοικεν,
1310 519 1542 589 ὅσῳ,ηκαὶ
1596 524 1815 592 ξιςοφο-
1846 535 1886 588 Α
1920 542 1965 581 et

1860 535 1886 588 λ
1920 527 2337 582 conﬂ'ctationis
2374 529 2788 595 inquietissimae
2823 538 3036 599 tempus
3084 530 3229 585 istml
3271 544 3374 592 cst.
3423 539 3489 588 ad

225 599 416 668 ροῦσιν
478 600 687 669 ἔγγιον.
732 606 843 657 Ἀεὶ
896 607 1005 677 γὰρ
1041 610 1230 673 ἑννοετ,
1269 604 1487 680 μήπως,
1540 616 1637 684 οὐχ
1672 617 1811 686 ὑπὲρ
1914 633 1965 671 οι

1914 633 2130 671 omnem
2174 620 2333 672 anxie
2393 635 2634 674 morsum
2686 631 2852 690 atque
2908 624 3167 677 haustum
3222 624 3489 683 exhorres-

221 690 443 755 ἑαυτοῦ,
472 695 597 745 κατ’
638 694 803 747 αὑτοῦ
839 696 895 749 δὲ
917 700 1031 760 τοῖς
1067 699 1245 767 ξίφεσι
1279 704 1616 771 χρήσωνται.
1658 708 1813 760 Κατὰ
1913 725 1965 763 sc

1913 712 2084 764 scenti
2118 726 2184 765 ne
2227 712 2552 765 Stilunistum
2603 713 2863 766 alimento
2895 728 3160 767 venenum
3199 716 3387 777 fuerit,
3422 732 3492 771 ne

224 784 321 849 μὲν
364 784 479 852 γὰρ
513 785 620 838 τῶν
668 787 842 840 ἄλλων
872 789 1086 854 ὁπλίζει
1130 793 1378 860 τούτους,
1434 798 1575 850 κατὰ
1614 800 1669 851 δὲ
1706 800 1811 853 τῶν
1912 810 1965 853 to

1912 800 2154 854 toxicum
2198 800 2338 854 clam
2389 802 2517 854 rino
2569 803 2809 856 infusum
2866 803 3140 857 bibentem
3202 804 3370 858 fallat.
3411 805 3487 857 Ac

218 874 548 944 Sepupépwv
594 881 694 931 οὐκ
750 882 864 949 ἔχει
919 882 1074 945 τίνας
1126 886 1421 942 ὀπλίσειεν.
1458 890 1642 955 Ἀξιὸς
1678 910 1738 959 γε
1782 896 1809 947 6

218 968 424 1038 τρόμος
459 967 619 1035 οὗτος
645 976 975 1043 τυραννικοῦ
1023 979 1115 1031 καὶ
1156 979 1392 1033 ἀπίστου
1423 986 1797 1055 φρονήματος.

215 1058 286 1120 ὡς
317 1061 423 1112 οὐκ
470 1063 622 1117 ἐστιν
645 1058 688 1131 ᾧ
716 1064 783 1118 ἄν
812 1084 898 1129 τις
969 1069 1348 1143 ποινηλατήσῃ
1408 1073 1569 1126 πλέον
1601 1076 1690 1129 τὸν
1717 1080 1802 1130 τύ-

220 1166 440 1219 ραννον,
474 1154 658 1224 ῆόσον
714 1158 876 1221 αὐτὸς
926 1160 1121 1214 ἑαυτὸν
1170 1166 1497 1234 τιμωρεῖται
1524 1169 1801 1234 τοιαύταις

1910 907 1976 946 ne
2007 892 2368 962 stipatoribus
2399 894 2617 962 quidem
2648 910 2812 963 supra
2846 896 3067 950 modum
3100 894 3314 956 infelix,
3350 896 3485 961 ﬁdit;

1910 1000 2064 1051 suos,
2104 987 2348 1054 inquam,
2382 987 2639 1043 custodes
2674 988 2826 1058 ipsos
2871 1002 2933 1041 ac
2958 990 3222 1043 satellites
3268 1004 3333 1043 eo
3388 1006 3485 1042 su-

1908 1080 2208 1148 spectiores
2236 1082 2417 1145 habet,
2453 1096 2562 1147 quo
2595 1082 2822 1150 propius
2839 1082 2953 1135 suis
2985 1082 3253 1135 lateribus
3279 1083 3485 1135 ferrum

1908 1182 2165 1243 gestant:
2220 1174 2361 1226 mala
2402 1177 2546 1227 enim
2596 1176 2932 1229 conscientia
2980 1174 3109 1244 quid
3144 1189 3220 1230 se
3256 1175 3485 1245 dignum

214 1241 498 1307 ἀνάγκαις
522 1246 967 1317 ἐγκαταστήσας.
1910 1241 1979 1318 sit
2008 1266 2272 1330 sentiens,
2310 1268 2604 1336 perniciem
2633 1283 2661 1321 ει
2696 1267 2965 1337 praesidiis
2992 1241 3147 1323 timet
3182 1268 3426 1338 propriis
3469 1283 3481 1316 :

212 1345 518 1403 δεευιηψιε
613 1348 848 1406 Γοβιιιτηι
911 1340 1044 1396 foris
1112 1344 1332 1409 quidem
1389 1348 1435 1403 si
1504 1360 1683 1405 motus
1734 1355 1985 1421 exsistat,
2054 1359 2250 1413 habere.
2303 1360 2400 1413 hos
2488 1375 2608 1415 sese
2686 1361 3042 1424 domesticos,
3113 1377 3253 1430 quos
3310 1374 3487 1415 armet

212 1433 410 1478 contra
441 1445 456 1493 ;
486 1429 621 1497 ipsis
664 1446 828 1500 porro
862 1433 914 1486 in
960 1435 1212 1491 eumdem
1249 1454 1308 1493 se
1366 1442 1799 1511 insurgentibus,
1841 1448 1933 1515 qui
1972 1449 2062 1501 alii
2112 1459 2429 1519 suppetunt,
2467 1467 2607 1519 quos
2639 1452 2924 1519 opponat?
2963 1450 3097 1516 Qme
3136 1429 3283 1503 itam
3372 1450 3474 1504 nti-

212 1532 333 1571 sera
388 1522 688 1591 trepidatio
740 1524 904 1595 digna
955 1543 1091 1583 sane
1164 1546 1370 1586 merces
1415 1542 1497 1587 est
1527 1539 1795 1606 tyrannici
1839 1540 2010 1596 fastus
2071 1544 2228 1599 istius
2286 1554 2448 1613 atque
2497 1544 2734 1613 perﬁdia:
2768 1546 2790 1595 :'
2843 1554 2901 1598 ut
2964 1546 3227 1600 mulctare
3290 1555 3482 1616 tyran-

214 1628 343 1665 num
378 1630 486 1683 pro
531 1632 597 1672 eo
628 1634 692 1671 ac
743 1630 982 1674 meretur
1012 1624 1278 1693 cupienti,
1309 1630 1640 1695 quaerendus
1689 1642 1866 1686 tortor
1890 1650 1999 1689 non
2085 1637 2156 1690 sit
2224 1639 2383 1701 alius,
2417 1652 2542 1690 cum
2585 1653 2645 1691 se
2704 1638 2755 1690 in
2792 1637 2893 1693 hos
2920 1640 3253 1694 cruciabiles
3319 1652 3488 1697 astus

210 1706 817 1764 aritrnnosissimarum
870 1712 1224 1769 formidinum
1256 1718 1402 1774 ultro
1449 1719 1639 1776 infelix
1684 1725 1797 1794 ipse
1835 1727 2115 1797 conjiciat.

751 1802 1003 1858 ΚΕΦΑΛ.
1041 1806 1108 1859 ΙΑ
1132 1847 1145 1863 .

219 1891 519 1959 Ειρηνικὴ
551 1893 674 1971 τοῖς
700 1896 1147 1971 ¹ἀπομι-ψέγοις
1168 1902 1283 1971 λκαι
1345 1907 1639 1971 χαροποιὰ
1695 1909 1804 1962 τοῦ

547 1963 782 2018 δικαίου
810 1963 1118 2034 ,βασιλέως
1148 1968 1187 2037 ἡ
1219 1963 1483 2039 εἷσόδᾶς.

290 2050 453 2118 Εἶδες
504 2056 609 2127 τὴν
640 2059 903 2127 τυράννου
942 2061 1175 2132 μορφὴν,
1216 2062 1291 2126 ὡς
1328 2064 1564 2137 βδελυρά
1596 2084 1653 2120 τε
1710 2071 1804 2122 καὶ

214 2145 629 2213 ὰποτῴπαιοκ
665 2150 764 2218 ὅρα
814 2150 1001 2203 λοιπὸν
1048 2156 1139 2206 καὶ
1164 2156 1223 2207 τὸ
1251 2157 1342 2207 τοῦ
1376 2157 1647 2226 βασιλέως
1672 2162 1800 2216 κάλο

213 2237 327 2303 λος,
374 2238 452 2302 ώς
488 2240 742 2311 ποθητὸν,
789 2245 863 2306 ὡς
921 2246 1185 2316 ἐράσμιον
1244 2248 1525 2321 ἄντικρυς,
1574 2250 1687 2307 οἷον
1744 2257 1804 2309 τὸ

216 2329 332 2392 σὸν,
377 2331 432 2382 εί
462 2348 524 2399 γε
547 2332 772 2401 βούλοιο.
810 2339 999 2389 Καίτοι
1031 2341 1230 2407 τρόπον
1264 2344 1370 2411 μέν
1404 2362 1525 2397 τινα
1557 2348 1649 2399 καὶ
1697 2349 1803 2417 τὴν

216 2420 496 2488 βασιλείαν
527 2427 995 2499 συνεζωγράφησα
1030 2427 1108 2495 οἷς
1132 2433 1347 2504 ἔγραψὰ
1375 2453 1457 2489 σοι
1488 2435 1577 2492 τὸν
1606 2439 1803 2511 τύραν-

216 2530 329 2567 νον.
370 2517 482 2568 Καὶ
508 2518 617 2587 γὰρ
648 2520 887 2583 ἐναντίος
922 2522 986 2575 ἂν
1017 2524 1099 2596 εἴη
1142 2527 1334 2597 ἐκείνῳ
1380 2522 1535 2593 οὗτος
1561 2534 1588 2584 6
1638 2532 1799 2601 βασι-

208 2594 377 2667 λεύς·
438 2607 577 2677 πλὴν
638 2608 797 2677 ὀλίγα
850 2613 970 2666 τινὰ
1042 2594 1462 2685 προσεπιϐάλλω
1501 2594 1799 2695 [II-61MB]

213 2696 396 2767 τούτῳ
443 2700 513 2751 τὰ
547 2698 835 2769 χρώματα.
870 2704 978 2756 Καὶ
1020 2706 1238 2776 πρῶτον
1263 2706 1364 2781 ὅρα
1393 2709 1581 2763 τοῦτον
1641 2714 1800 2777 εὐθὺς

210 2790 439 2842 ἐναντία
462 2790 540 2862 τῷ
569 2794 815 2864 τυράννῳ
843 2793 1241 2866 ζωγραψοῢντα
1268 2800 1336 2854 τὰ
1366 2802 1616 2874 πρόθυρα
1645 2822 1659 2836 ·
1698 2810 1799 2860 καὶ

214 2882 281 2934 οὐ
314 2881 408 2953 βίᾳ
430 2884 529 2953 τὴν
555 2886 732 2955 ἀρχὴν
785 2887 1086 2957 κτώμενον,
1142 2892 1263 2945 οὐδὲ
1310 2894 1401 2947 τὸν
1462 2897 1668 2951 πέπλον
1714 2900 1798 2952 αἴ-

217 2988 355 3039 ματι
391 2970 666 3041 βάπτοντα
688 2991 701 3004 °
738 2972 849 3028 ἀλλ’
881 2979 1062 3051 simi;
1089 2981 1323 3049 πλήθους
1356 2987 1447 3038 καὶ
1499 2987 1629 3040 λαοῦ
1677 3007 1798 3042 συν-

209 3060 395 3133 δρομῇ
446 3063 540 3116 καὶ
582 3063 818 3135 σώφρονι
878 3070 970 3121 καὶ
1025 3070 1350 3142 εὐγνώμονι.
1414 3077 1639 3147 ’Λρετῆς
1688 3083 1796 3150 γὰρ

2401 1821 2558 1893 541
2598 1821 2826 1879 οΑρυτ
2897 1822 2985 1877 χι.

1997 1912 2140 1968 Justt
2174 1916 2308 1985 regis
2342 1915 2605 1984 ingressus
2634 1928 2852 1986 pacatus
2877 1926 2927 1972 et
2957 1918 3107 1973 laetus
3146 1921 3395 1976 subditis.

1978 2077 2171 2133 Vidisti
2214 2081 2427 2149 tyranni
2457 2080 2710 2149 eﬂigiem,
2742 2094 2794 2134 ut
2834 2081 3202 2136 abominanda
3250 2089 3302 2135 et
3328 2097 3485 2135 exse-

1905 2168 2130 2222 crabilis
2165 2179 2248 2222 est
2284 2185 2296 2220 :
2337 2170 2549 2223 intuere
2592 2170 2854 2239 deinceps
2887 2170 3118 2224 formam
3153 2172 3289 2240 justi
3328 2173 3482 2240 prin-

1905 2259 2065 2328 cipis.
2102 2270 2162 2314 ut
2207 2262 2410 2324 suavis,
2462 2270 2521 2314 ιιι
2578 2261 2798 2325 blanda,
2857 2272 2912 2314 ut
2960 2273 3285 2317 cunctorum
3323 2264 3388 2317 ad
3420 2281 3481 2318 se

1905 2363 2119 2402 amores
2140 2351 2354 2402 cunctis
2392 2348 2691 2417 gratiarum
2730 2348 2912 2404 illie'iis
2936 2350 3152 2418 rapiens
3185 2368 3199 2415 ;
3240 2367 3341 2404 nec
3376 2354 3480 2404 mi-

1904 2453 2006 2491 nus
2035 2437 2331 2506 jucundam
2353 2434 2585 2491 offerens
2614 2440 2815 2495 animis
2852 2443 3113 2510 speciem.
3146 2458 3311 2511 quam
3347 2454 3475 2497 tuus

1905 2529 1972 2599 (si
2006 2530 2187 2583 dicere
2211 2530 2394 2598 sinis),
2425 2542 2569 2593 tuus,
2597 2532 2845 2602 inquam,
2873 2534 2970 2587 hac
3000 2544 3184 2597 astate,
3216 2534 3319 2588 hoc
3348 2551 3477 2604 gra-

1903 2624 1990 2675 t‘a:
2016 2620 2147 2677 ﬂore
2178 2625 2360 2677 vultus
2400 2632 2689 2693 statusque
2735 2623 3138 2693 pulcherrimus
3173 2627 3348 2681 oculis
3381 2627 3474 2683 ob-

1898 2714 2057 2784 jicit:
2096 2732 2218 2784 qua:
2261 2724 2315 2770 et
2347 2715 2558 2777 cadent,
2600 2717 2649 2771 si
2692 2715 2949 2780 volueris,
2979 2716 3111 2772 olim
3150 2718 3475 2788 imperantis

1903 2806 1980 2858 tui
2028 2804 2235 2875 effigies
2289 2804 2473 2860 fuerit.
2524 2809 2603 2860 Ac
2640 2821 2951 2877 quanquam
3011 2807 3180 2861 videri
3228 2817 3474 2878 poteram

1902 2897 2013 2951 veri
2040 2898 2284 2967 justique
2328 2899 2613 2967 regiminis
2636 2899 2747 2968 jam
2782 2899 3108 2957 informasse
3144 2902 3318 2956 idenm
3350 2917 3475 2958 cum

1902 2997 2194 3060 tyrannum
2242 2992 2412 3058 pinxi,
2460 2990 2622 3061 cujus
2651 2993 2857 3063 spectri
2896 2994 3152 3049 tristibus
3189 2994 3475 3049 illaatabiliv

1901 3082 2113 3149 busque
2147 3081 2515 3148 lineamentis,
2541 3085 2632 3153 qui
2667 3085 2944 3139 contraria
2980 3086 3163 3141 omnia
3196 3088 3471 3157 cogitare-

220 3147 393 3203 ἆθλον
423 3151 522 3223 τὴν
562 3151 839 3221 βασιλείαν
863 3158 1168 3227 ἐκδέχεται,
1196 3164 1286 3216 καὶ
1322 3165 1522 3230 πάντες
1574 3147 1793 3239 ἀποχωλ
1824 3204 1864 3257 C
1901 3173 1965 3226 rit

1860 3210 1864 3256 ι
1901 3173 1993 3237 rit,
2025 3174 2071 3227 is
2105 3175 2158 3226 in
2195 3172 2423 3242 et'llgiem
2462 3174 2589 3228 boni
2637 3176 2902 3244 principis
2938 3180 3254 3233 necessario
3291 3180 3473 3232 incur-

212 3242 375 3311 ροῡσι
416 3244 526 3295 τῶν
574 3251 898 3316 κρειττόνων
956 3251 1036 3320 τῷ
1088 3255 1378 3322 κρείττονι.
1438 3252 1603 3313 Ὀὕτω
1693 3266 1795 3314 κᾶν

216 3334 509 3402 μελίσσαις
572 3340 602 3391 6
653 3340 903 3409 βασιλεὺς
956 3346 1232 3415 αὐτοφυής
1274 3350 1416 3413 ἐστι,
1460 3354 1553 3405 καὶ
1584 3357 1689 3407 πᾶν
1738 3357 1797 3408 τὸ

210 3424 427 3491 πλῆθος
488 3428 734 3497 ἡγεμόνα
818 3432 1006 3485 τοῦτον
1088 3438 1403 3508 πεποίηται.
1467 3442 1622 3495 Οὕτω
1700 3446 1798 3513 μὲν

207 3515 367 3587 αὐτῷ
412 3517 479 3570 τὰ
510 3520 607 3588 τῆς
666 3522 943 3591 βασιλείας
996 3529 1288 3596 προαύλια,
1342 3531 1419 3594 ὡς
1472 3534 1634 3603 ἱλαρὰ
1700 3539 1793 3589 καὶ

209 3613 541 3682 εὐπρόσιτα,
571 3618 630 3669 οὐ
659 3618 957 3688 σκυθρωπὰ
1018 3624 1112 3674 καὶ
1146 3624 1530 3677 δυτέντενκτα.
1580 3627 1785 3680 Βαίνωο

213 3720 318 3775 μιν
368 3706 425 3759 δὲ
474 3706 574 3777 ἥδη
639 3711 989 3780 προσωτέρω,
1044 3714 1138 3766 καὶ
1179 3715 1276 3784 τὴν
1328 3717 1605 3788 βασιλείαν
1656 3719 1794 3771 Θεώ-

211 3796 384 3865 μεθα.

1900 3273 2000 3317 ret.
2033 3264 2411 3335 Superaddam
2446 3267 2534 3320 hic
2560 3275 2741 3322 tamen
2788 3269 2936 3323 velut
2964 3268 3029 3322 ad
3080 3271 3472 3325 absolvendmn

1898 3359 2188 3425 picturam,
2222 3360 2437 3427 aliquos
2476 3360 2655 3414 adhuc
2686 3362 2921 3417 colores.
2958 3363 3196 3416 Primum
3229 3365 3472 3418 omnium

1897 3452 2020 3505 vide
2066 3453 2207 3505 hunc
2249 3453 2384 3506 mihi
2430 3469 2618 3508 verum
2672 3471 2853 3525 regem
2905 3457 3117 3511 aditum
3162 3458 3362 3528 ipsum,
3408 3474 3474 3513 ae

1897 3544 2056 3611 quasi
2094 3546 2281 3598 valvas
2313 3546 2528 3615 imperii
2559 3546 2719 3617 longe
2751 3549 2863 3602 alio
2897 3564 3062 3618 quam
3094 3560 3357 3620 tyrannus
3383 3568 3474 3606 so-

1894 3636 2001 3687 lcat
2036 3634 2158 3686 fuco
2185 3636 2516 3690 colorantem
2551 3654 2564 3691 :
2614 3654 2721 3691 non
2751 3640 2894 3692 enim
2918 3654 3015 3707 per
3048 3640 3153 3693 vim
3182 3656 3244 3693 ac
3269 3640 3472 3695 caedem

1902 3726 2157 3795 irrumpit
2185 3726 2237 3779 in
2274 3728 2511 3791 solium;
2551 3744 2651 3782 nec
2697 3730 2866 3794 illam,
2915 3731 3131 3803 insigne
3168 3747 3293 3787 mox
3324 3731 3477 3787 futu-

1900 3828 2015 3866 ram
2054 3816 2361 3883 potestatis,
2406 3831 2609 3873 cruore
2650 3820 2853 3873 civium
2906 3820 3080 3876 inficit
3128 3838 3469 3892 purpuram;

208 3893 307 3947 sed
346 3893 516 3963 gratia
558 3895 865 3966 stutliisque
908 3899 1274 3955 multitudinis
1306 3912 1357 3956 et
1407 3918 1682 3958 concursu
1717 3904 1890 3959 libero
1924 3906 2313 3977 moderatoque
2374 3910 2429 3963 in
2492 3925 2783 3966 commune
2854 3916 3193 3968 consulentis
3258 3918 3469 3985 populi,

209 3984 368 4051 regni
402 3985 609 4053 apicem
657 3988 879 4041 virtutis
933 3990 1157 4057 privata:
1199 3994 1480 4059 przemium
1538 3996 1776 4064 accipit;
1818 3997 2035 4051 nemine
2064 4012 2171 4051 non
2205 4000 2579 4067 aequissimum
2642 4013 2901 4058 censente
2966 4008 3351 4074 pmstantiora
3414 4011 3466 4062 ei

208 4077 416 4145 excipi,
448 4089 712 4148 extraque
740 4091 945 4135 sortem
973 4081 1199 4147 deferri,
1278 4087 1371 4155 qui
1443 4090 1705 4144 omnibus
1776 4087 2016 4159 praeStct.
2076 4092 2217 4159 Ergo
2264 4100 2322 4145 ut
2378 4108 2509 4162 apes
2564 4096 2907 4150 naturalibus
2942 4099 3263 4167 praesignem
3314 4100 3461 4155 notis

211 4186 325 4224 non
378 4179 485 4223 tam
520 4174 729 4243 eligunt
772 4190 935 4245 quam
976 4189 1285 4245 agnoscunt
1322 4182 1625 4252 principem
1662 4203 1674 4239 :
1712 4186 1787 4238 ita
1828 4186 1973 4239 hunc
2007 4188 2240 4255 pepulus
2268 4204 2374 4240 non
2408 4190 2513 4243 nisi
2540 4190 2860 4245 domestica
2933 4192 3113 4247 laudis
3193 4210 3470 4264 praeroga-

210 4268 326 4321 tiva
356 4269 787 4339 velutquadam,
819 4287 1145 4343 morumque
1174 4283 1990 4337 sanctorumcommendatione
2024 4284 2395 4353 designatum,
2466 4285 2743 4357 suffragiis
2787 4298 2949 4342 ornat
3022 4297 3077 4343 ct
3138 4290 3321 4344 evehit
3373 4292 3467 4345 Ισιξ-

209 4371 305 4415 tus
342 4376 407 4414 ac
456 4363 741 4426 gratulans
775 4362 1099 4420 liberrimis.
1137 4365 1286 4421 Talis
1339 4370 1465 4426 huic
1544 4371 1825 4441 ingressus
1898 4375 1951 4427 in
1983 4374 2369 4442 principatum,
2421 4390 2485 4428 ac
2513 4378 2670 4445 quasi
2708 4379 3037 4433 vestibulum
3087 4382 3235 4448 regni
3268 4390 3372 4446 est,
3408 4393 3466 4436 ut

210 4454 495 4516 renidens,
535 4463 592 4505 ut
629 4454 823 4510 blatide
864 4458 1062 4527 pellas,
1101 4469 1160 4514 ut
1208 4462 1339 4513 nihil
1381 4462 1779 4532 inauspicatum
1818 4476 1912 4520 aut
1945 4468 2101 4521 triste
2127 4466 2381 4521 otl'ercns.
2420 4466 2790 4523 Procedamus
2819 4485 2949 4542 ergo
3019 4485 3150 4525 sane
3208 4474 3459 4539 ulterius,

208 4549 471 4616 introque
517 4552 792 4618 progressi
851 4568 1077 4621 regnum
1138 4554 1313 4623 ipsum
1341 4567 1649 4625 spectemus
1694 4561 1965 4614 cominus.

816 4664 1067 4719 ΚΕΦΑᾹ.
1098 4667 1196 4720 IB'.

216 4756 295 4809 Ἣ
313 4757 404 4821 εἰς
434 4754 623 4822 ἄκρον
652 4757 976 4819 θεοσέϐεια.
1004 4756 1085 4821 τῷ
1109 4759 1361 4822 βασιλεῖ
1380 4761 1663 4830 χρειώδης
1690 4764 1787 4817 καὶ

791 4830 1191 4896 καρποφόρος.

284 4914 498 4969 Danai—iv
539 4919 568 4970 6
602 4917 808 4989 ἀληθὴς
861 4920 1115 4989 βασιλεὺς
1159 4923 1335 4987 εἰδὼς,
1394 4926 1475 4977 ὅτι
1533 4927 1785 4999 καθάπερ
1832 4992 1837 4995 _

208 5011 393 5070 οἰκίας
449 5011 541 5059 καὶ
573 5007 710 5071 νεὼς
748 5008 812 5081 [f.
846 5009 975 5083 νεὼ]
1012 5012 1093 5065 δεῖ
1117 5012 1187 5065 τὰ
1225 5015 1373 5067 κάτω
1409 5016 1787 5085 ἀσφαλέστερα

214 5097 381 5162 εἶναι,
409 5100 553 5153 οὕτω
572 5100 635 5169 δὴ
669 5100 763 5151 καὶ
818 5101 917 5169 τὴν
964 5102 1241 5171 βασιλείαν
1287 5108 1552 5177 προσήκει
1584 5109 1787 5180 βαίνειν

210 5191 495 5260 ἁτφαὶῶς,
529 5194 626 5260 τὴν
678 5193 960 5247 εὐσέϐειαν
1006 5198 1237 5249 ποιεῖται
1293 5197 1561 5266 Θεμέλιον.
1631 5202 1788 5255 Οὕτω

213 5285 313 5352 μὲν
337 5282 563 5351 εὐσεὸὴς
587 5284 681 5348 ὢν,
702 5285 773 5346 ὡς
796 5285 928 5354 μηδὲ
947 5290 1056 5348 τοῖς
1087 5288 1288 5356 ἱερεῦσι
1306 5292 1587 5360 πρωτείων
1609 5310 1784 5363 παρα-

210 5394 292 5443 χω
302 5378 435 5444 ρείψ
450 5374 590 5428 οὕτω
608 5375 663 5427 δὲ
684 5376 858 5428 πάντα
875 5377 1040 5429 ποιῶν
1063 5382 1155 5431 καὶ
1166 5380 1358 5447 λέγων,
1378 5382 1449 5445 ὡς
1474 5383 1604 5436 Θεὸν
1629 5386 1781 5451 εἰδὼς

214 5469 438 5519 πάντων
468 5466 661 5538 ἔφορον
685 5471 777 5521 καὶ
802 5472 1018 5523 πάντων
1046 5473 1297 5542 ἐπήκοον.
1328 5473 1575 5539 Φιλόθεος
1602 5477 1656 5529 δὲ
1685 5477 1779 5541 ὢν,

210 5559 647 5625 ἀναγινώσκεται
670 5561 742 5621 ὠς
762 5561 784 5612 ἔ
793 5578 874 5613 στι
897 5563 1169 5634 θεοφιλής·
1203 5565 1371 5632 φιλῶν
1387 5567 1492 5637 γὰρ
1512 5568 1663 5631 Θεὸν,
1682 5570 1783 5621 ὑπὸ

211 5650 351 5704 0:03
372 5651 917 5721 φιληθήσεται.’0οεν
932 5656 1079 5725 αὑτῷ
1096 5656 1163 5710 τὰ
1181 5659 1355 5712 πάντα
1376 5660 1523 5713 ἔσται
1538 5661 1668 5723 Θεὸς
1691 5663 1782 5715 καὶ

212 5742 402 5809 πατὴρ
424 5745 517 5795 καὶ
542 5744 786 5810 ἀδελφὸς,
818 5744 911 5796 καὶ
964 5747 1319 5817 στρατιώτης,
1354 5753 1445 5803 καὶ
1476 5750 1779 5821 σύμμαχος,

215 5834 277 5890 ιν
296 5833 517 5903 πολέμῳ
548 5836 826 5906 κατορθῶν
860 5840 950 5894 καὶ
984 5840 1306 5909 συνεγείρων
1333 5842 1399 5894 τὰ
1427 5843 1683 5912 τρόπαια·
1720 5847 1773 5897 ὲν

2477 4673 2704 4728 CAPUT
2744 4673 2861 4727 ΧΠ.

1996 4766 2170 4831 Quam
2209 4767 2518 4842 necessaria
2550 4782 2810 4842 quamque
2849 4767 2996 4820 utilis
3039 4770 3111 4821 si!
3147 4770 3381 4842 principi

2422 4834 2603 4904 religio
2643 4836 2925 4891 excellens.

1959 4925 2231 4994 Principio
2276 4925 2360 4977 sui
2407 4925 2645 4977 nominis
2682 4925 2916 4980 oliiciuin
2966 4927 3290 4999 Impleturus
3338 4949 3453 4998 rex,

1838 5011 1846 5022 “
1887 5030 2090 5083 gnarus
2124 5024 2180 5067 ut
2215 5013 2410 5066 domus
2442 5029 2505 5067 ac
2536 5014 2716 5079 naris,
2749 5018 2821 5067 ita
2857 5018 3004 5086 regni
3034 5035 3256 5089 quoque
3281 5024 3454 5079 basim

1889 5120 1951 5157 ac
1988 5104 2213 5157 fumium
2242 5114 2361 5158 esSe
2394 5104 2610 5158 tinuum
2644 5106 2988 5177 solidumque
3021 5121 3291 5179 oportere,
3325 5118 3457 5170 reli-

1885 5196 2102 5265 gionem
2131 5197 2355 5264 imperio
2380 5195 2799 5252 fundamentum
2832 5200 3023 5267 ponit;
3059 5203 3137 5257 sic
3168 5204 3354 5259 dirino
3395 5226 3453 5262 se

1885 5292 2202 5359 mancipans
2238 5289 2611 5359 addieensque
2663 5293 2856 5358 cultui,
2908 5302 2964 5345 ut
3014 5309 3079 5348 nc
3133 5298 3450 5354 sacerdotes

1883 5379 2102 5447 quidem
2154 5396 2217 5433 ac
2274 5396 2556 5434 sacrorum
2605 5383 2878 5437 antistites
2936 5384 3133 5453 pietate
3182 5387 3233 5440 in
3281 5388 3447 5442 Deum
3498 5390 3507 5403 '

1883 5488 2009 5525 vera
2060 5473 2162 5525 sibi
2216 5482 2477 5541 praastare
2516 5474 2779 5542 patiatur,
2838 5475 2973 5529 adeo
3023 5478 3186 5530 verbo
3232 5494 3450 5548 semper

1881 5573 2043 5632 atque
2073 5580 2237 5630 opere
2268 5567 2576 5634 religiosus,
2624 5567 2827 5635 ubique
2873 5568 3016 5621 istud
3048 5568 3282 5621 oﬂicium
3326 5580 3449 5625 tue-

1883 5666 1989 5719 tur,
2022 5666 2073 5710 et
2098 5658 2224 5710 illud
2262 5660 2443 5711 omnia
2486 5659 2704 5713 intuens
2736 5660 3024 5725 omniaque
3058 5659 3281 5714 audiens
3315 5676 3449 5717 nus—

1881 5762 2042 5817 quam
2112 5766 2220 5802 non
2268 5758 2471 5818 spectat
2524 5766 2761 5817 prmsens
2816 5766 3033 5803 numen.
3066 5750 3230 5805 Deum
3278 5766 3446 5821 porro

1884 5858 2073 5898 amans
2121 5858 2227 5897 non
2278 5842 2448 5899 deerit
2489 5844 2618 5913 quin
2656 5853 2709 5900 et
2746 5843 2814 5900 sit
2864 5851 2917 5899 ct
2958 5855 3288 5915 agnoscatur
3330 5844 3444 5903 Deo
