4276 6436
770 346 876 411 275
1698 355 2274 414 TIIEOPIIYLAL'I‘I
2314 356 2459 414 lIUl.

1698 356 1743 412 Τ
1750 355 1796 412 II
1810 355 2245 414 EOPIIYLAL'I‘
2255 356 2274 412 Ι
2314 356 2559 414 lIUl.GA
2572 357 2723 414 [{le
2749 357 2790 413 Α
2802 355 3101 415 ΙίιἸΙ-ΙΙΕΡ.

3931 353 4038 414 276

775 468 979 522 charus
1014 483 1026 520 :
1063 481 1186 521 nam
1229 467 1415 536 utique
1457 483 1738 536 nunquam
1774 469 1894 522 sine
1928 481 2242 537 quaestuosa
2276 486 2360 522 re-
2389 481 2429 532 Α
2463 511 2464 514 η

2389 481 2429 532 Α
2463 471 2656 541 εἰρήνῃ
2687 469 2754 523 τὰ
2800 471 2900 539 τῆς
2929 471 3186 540 εὖνομὲας
3217 470 3795 543 συμπροθυμοῦμενος.
3834 470 3928 530 Τίς
3951 468 4048 522 (οὗν

772 557 888 612 diu:
918 559 1106 629 gratia:
1138 560 1432 628 reciprocae
1473 559 1614 613 Deus
1645 561 1940 625 amabitur,
1977 563 2068 629 qui
2103 564 2350 616 omnium

773 653 902 706 inde
959 651 1426 705 necessitudinum
1502 652 1728 708 affectus
1785 652 2011 715 induet,
2070 653 2354 722 olliciaque

773 745 963 797 reddet
993 743 1237 812 diligenti
1269 761 1324 797 se
1358 744 1590 812 principi
1621 761 1634 808 ;
1663 756 1868 814 patrem
1894 762 1952 799 se
1977 747 2125 799 illius
2153 759 2205 801 ct
2241 749 2349 800 fra-

773 847 907 891 trem
939 836 1147 900 ferens;
1184 837 1410 891 militem
1463 839 1595 906 quin
1629 839 1792 891 etiam
1830 851 1888 893 et
1923 840 2155 902 socium,
2189 841 2260 893 ita
2299 840 2350 894 in

773 931 914 982 bello
947 931 1138 982 fortem
1171 930 1247 982 illi
1287 946 1350 982 ac
1380 930 1592 983 felicem
1641 931 1865 983 navabit
1904 947 2125 1000 operam
2163 931 2352 1000 profli-

772 1023 965 1086 gandis
999 1022 1270 1085 hostibus,
1309 1023 1635 1090 tropzuisque
1657 1023 1984 1085 statuendis,
2023 1023 2094 1075 ita
2122 1024 2262 1077 idem
2295 1026 2345 1077 iu

773 1130 905 1181 pace
939 1115 1173 1182 politicze
1195 1117 1606 1182 tranquillitatis
1635 1124 1863 1178 statum,
1897 1114 2338 1182 inolfeusumque

2459 564 2786 633 ὀλϐιώτερος
2819 565 2912 617 τεῦ
2946 565 3035 617 τὶν
3064 565 3196 618 Θεὸν
3227 565 3381 632 φίλον
3432 565 3681 634 ἔχοντοςς
3725 564 3810 625 τίς
3845 563 4050 631 μᾶλλον

2463 661 2520 710 ὲν
2546 661 2662 720 ταῖς
2722 657 2921 727 μάχαις
2959 659 3262 726 ἀήττητοςς
3297 658 3378 720 τίς
3439 657 3714 728 ἐκεχειρία
3759 659 4048 725 εἰρηνικω-

2467 754 2633 821 τέρα;
2661 752 2753 823 Τῷ
2782 752 2896 804 ὃντι
2931 751 3036 820 γὰρ
3070 751 3370 803 κινδυνεύει
3419 751 3579 820 μόνος
3611 743 3765 811 οὗτος
3822 749 3916 801 τοῦ
3949 747 4046 800 κό-

2463 861 2603 912 σμου
2639 843 2940 913 βασιλεύειν
2995 843 3214 904 παντός.
3246 841 3306 894 Εἰ
3350 841 3613 910 γαρθεοῦ
3649 840 3748 907 μὲν
3771 841 3797 891 ὀ
3822 840 4046 908 κόσμος,

2456 938 2662 998 ἐκεῖνος
2700 937 2753 988 δὲ
2791 935 2927 987 Θεοῦ
2981 934 3131 1002 φίλος
3156 933 3596 1002 ἀνωμολόγηται,
3625 934 3695 985 τὰ
3739 933 3794 984 δὲ
3821 931 3929 983 τῶν
3960 933 4048 998 φί-

2459 1025 2566 1076 λῶν
2595 1027 2770 1079 κοινάν
2794 1024 3062 1093 δεσπότης
3114 1023 3267 1076 ἔσται
3310 1023 3404 1075 τοῦ
3435 1023 3647 1092 κόσμον
3711 1021 3982 1092 βασιλεὺς
4017 1023 4046 1073 ὁ

2454 1118 2885 1185 θεοφιλέστατος.

776 1224 954 1258 rerum
997 1223 1217 1262 cursum
1261 1209 1462 1263 ellitaci
1503 1196 1862 1278 providentia
1911 1210 2196 1263 fortunare
2227 1218 2432 1279 perget.
2470 1211 2603 1276 Quis
2649 1211 2752 1265 hoc
2835 1212 3000 1280 igitur
3055 1211 3286 1273 beatior,
3366 1209 3458 1278 qui
3511 1207 3621 1262 Deo
3703 1199 3857 1263 cordi
3925 1206 4047 1260 sit?

771 1302 906 1364 Quis
942 1302 1047 1353 isto
1082 1302 1258 1370 magis
1290 1302 1524 1355 invictus
1558 1301 1718 1372 542
1749 1303 1799 1354 in
1838 1303 2085 1370 pra-liis?
2118 1301 2250 1368 Qum
2282 1305 2526 1357 securior
2563 1305 2771 1374 otiique
2796 1305 3085 1360 fecundior
3147 1305 3436 1358 conventio
3505 1303 3672 1372 pacis.
3734 1301 3836 1354 hac
3901 1301 4039 1353 tanti

773 1395 1046 1461 ndjutoris
1078 1404 1187 1448 tam
1225 1404 1373 1450 certa
1433 1398 1667 1450 fiducia?
1717 1399 2010 1452 Enimvero
2086 1414 2185 1454 nec
2249 1398 2604 1468 jactabunda,
2678 1416 2776 1455 nec
2839 1401 2975 1456 falsa
3035 1400 3301 1455 divinatio
3325 1402 3418 1463 sit,
3453 1399 3497 1452 si
3527 1399 3651 1467 quis
3684 1397 3774 1451 tali
3811 1395 4047 1465 principi

772 1489 960 1540 orbem
1009 1489 1324 1543 universum
1369 1489 1769 1557 subjiciendum
1817 1500 2118 1560 augurctur
2156 1510 2168 1546 :
2209 1507 2332 1547 cum
2372 1493 2518 1545 enim
2549 1494 2720 1548 totius
2755 1493 2943 1561 utique
3003 1493 3155 1546 orbis
3187 1492 3454 1546 Dominus
3501 1490 3643 1545 Deus
3709 1491 3802 1551 sit,
3882 1502 4049 1555 porro

775 1583 917 1634 inter
951 1599 1048 1635 nos
1080 1583 1372 1635 conveniat
1397 1580 1505 1635 Deo
1539 1584 1684 1636 hunc
1710 1586 1947 1637 amicum
1975 1602 2094 1640 esse
2119 1603 2134 1652 ;
2164 1601 2326 1656 quam
2368 1584 2500 1637 illud
2529 1599 2738 1641 certum
2783 1594 2871 1640 est
2913 1585 3058 1653 vulgi
3133 1599 3228 1638 ore
3299 1583 3655 1646 celebratum,
3733 1579 4042 1634 amicorum

774 1678 1085 1729 couunuuia
1120 1691 1240 1731 esse
1271 1678 1474 1740 omnia,
1505 1687 1613 1730 tam
1646 1680 1992 1749 exploratum
2024 1679 2213 1735 haberi
2244 1680 2406 1734 debet
2439 1680 2707 1750 principis
2769 1679 2937 1734 Deum
3007 1678 3241 1734 amantis
3299 1676 3549 1748 imperio,
3601 1675 3803 1730 nullam
3855 1658 4045 1726 mundl

773 1774 1073 1842 quamlibet
1121 1775 1228 1828 Iate
1281 1777 1518 1844 patentis
1575 1788 1782 1844 partem
1835 1791 1959 1832 esse
2014 1777 2471 1833 subtrahendam.

1356 1887 1587 1944 CAPUT
1631 1889 1768 1944 XIII.

856 2003 1274 2059 Instrumcntum
1329 2008 1694 2076 necessarium
1719 2007 1862 2076 regni
1905 2005 2029 2058 bene
2069 2008 2278 2076 gerendi

1368 2077 1526 2129 amici
1568 2075 1768 2144 ﬁdeles.

844 2258 1127 2323 Quomodo
1157 2266 1334 2313 autem
1366 2265 1529 2312 tanta:
1563 2273 1627 2313 ac
1670 2267 1779 2313 tam
1827 2275 1991 2314 vana:
2034 2261 2186 2316 solus
2223 2276 2353 2325 pro-

776 2349 1042 2402 Curationi
1084 2346 1362 2404 sulliciet?
1396 2350 1499 2416 Qui
1553 2352 1756 2420 poterit
1789 2367 1929 2406 unus
1974 2354 2245 2408 universis
2282 2355 2355 2407 ita

777 2455 1032 2508 [)I'iBCSSS,
1093 2451 1150 2493 ut
1201 2441 1405 2494 nemini
1449 2456 1512 2494 ac
1556 2457 1823 2511 nusquam
1879 2443 2056 2498 desit?
2100 2442 2215 2509 Qua
2269 2459 2354 2497 ra-

778 2534 947 2594 tione,
1016 2533 1236 2601 inquam
1292 2532 1460 2602 (quod
1498 2533 1682 2586 omnia
1717 2534 2072 2604 gubernantis
2117 2534 2351 2588 ollicium

779 2627 910 2692 est),
955 2643 1075 2688 qua:
1107 2627 1420 2694 ubicunque
1455 2626 1590 2678 fiunt
1624 2638 1808 2677 coram
1841 2626 2165 2690 iutuiturus,
2203 2643 2353 2680 asse-

778 2733 978 2793 quetur
1022 2733 1072 2774 et
1109 2722 1377 2789 spectabit
1409 2719 1685 2790 pnesens?
1723 2717 1787 2772 Et
1819 2719 1923 2772 hoc
1968 2719 2186 2789 quidem
2221 2735 2351 2786 pro-

3053 1887 3304 1943 ΚΕΦΑΛ.
3333 1888 3432 1942 Il".

2451 2007 2576 2060 ’Ὁτι
2622 2010 2786 2075 φίλοι
2819 2007 3019 2060 πιστοὶ
3078 2003 3184 2070 τῆς
3236 2003 3587 2075 βασιλείας.
3622 1999 3803 2075 dp!)th
3875 2001 4047 2050 πολι-

2521 2073 3188 2144 τεύὲσθαιμελλούσης,
3238 2074 3572 2144 ἀναγκαῖον
3614 2073 3869 2139 ὄργανον
3902 2087 4044 2136 τυγ-

2523 2150 2852 2216 χάνουσιν.

2529 2261 2652 2324 liii);
2678 2259 2772 2313 οὖν
2802 2261 2915 2322 τοῖς
2955 2258 3235 2329 σύμπασιν
3290 2258 3650 2326 ἐπιστήσεται
3682 2274 3694 2318 ;
3749 2255 3865 2316 πῶς
3925 2255 4040 2315 τοῖς

2455 2351 2759 2420 ἑκασταχοῦ
2786 2350 3182 2422 πραττομένοις
3212 2350 3539 2419 παρέψεται.
3591 2348 3685 2400 καὶ
3751 2344 4043 2411 ἐπόψεται,

2460 2447 2553 2498 καὶ
2572 2446 2662 2497 τὶν
2688 2446 2784 2513 μὲν
2803 2444 3098 2507 ἐπαινέσει,
3117 2443 3192 2510 τῷ
3213 2443 3268 2495 δὲ
3287 2440 3728 2510 προσμεμψεται,
3745 2437 3802 2489 τὸ
3823 2436 3876 2488 δὲ
3896 2436 4044 2503 διορ-

2466 2537 2738 2600 οιῦσεταις
2773 2535 2896 2598 Πῶς
2914 2533 3088 2587 ταῦτα
3120 2533 3316 2596 πάντα,
3353 2532 3533 2603 βολίλει
3562 2531 3786 2601 μαθεῖνς
3821 2528 3920 2579 Διὰ
3948 2525 4046 2578 τοῦ

2463 2631 2568 2681 τῶν
2604 2629 2773 2696 φίλων
2806 2625 3083 2696 πτερωτοῦ
3133 2625 3395 2694 ἅρματος,
3435 2625 3605 2686 Αὐτὸς
3648 2624 3745 2692 μὲν
3798 2622 3908 2690 γὰρ
3961 2613 4043 2679 εἷς

2464 2725 2604 2784 ἐστι,
2627 2719 3022 2780 πολλαπλάσιος
3069 2718 3125 2771 δὲ
3161 2717 3246 2770 διὰ
3293 2716 3402 2768 τῶν
3436 2715 3605 2783 φίλων
3647 2715 3879 2780 γίνεται.

779 2818 952 2881 habit,
981 2816 1112 2870 illud
1167 2815 1547 2884 reprehendet,
1605 2813 1752 2868 aliud
1785 2815 2064 2882 corriget?
2145 2813 2240 2868 llis
2268 2822 2382 2867 tam
2426 2817 2639 2881 multis,
2683 2822 2792 2868 tam
2842 2815 3087 2869 diversis
3147 2828 3256 2883 quo
3297 2824 3457 2882 pacto
3503 2825 3646 2864 unus
3692 2807 3940 2862 sufficere
3959 2818 4047 2857 rc-

780 2912 974 2982 gendis
1010 2919 1062 2964 et
1093 2909 1551 2964 administrandis
1583 2920 1770 2978 queat,
1801 2912 1848 2965 sl
1878 2910 2091 2964 discere
2131 2910 2237 2965 vis.
2271 2910 2351 2963 sic
2390 2913 2600 2980 accipe.
2657 2911 2886 2964 Paratus
2935 2919 3135 2980 praesto
3188 2917 3268 2963 est
3314 2908 3458 2962 bono
3534 2905 3767 2976 principi
3843 2917 4044 2959 currus

789 3001 1023 3056 volucris
1061 3010 1502 3070 quoquoversum”
1553 3002 1838 3056 celerrime
1909 3000 2128 3054 mobilis
2192 2999 2422 3053 fidorum
2466 3003 2792 3066 amicorum,
2825 3003 2983 3071 cujus
3019 2999 3285 3055 beneficio
3339 3001 3595 3054 immotus
3642 2998 3760 3068 ipse
3819 3010 4042 3051 cuncta.

786 3110 927 3150 unus
974 3095 1228 3163 idemque
1272 3087 1579 3162 multiplex,
1623 3095 1801 3156 adeat,
1847 3095 2128 3164 inspiciat,
2173 3103 2350 3158 curet,
2389 3107 2584 3164 gerat;
2632 3097 2890 3167 quoniam
2926 3110 3268 3166 quaecunque
3299 3109 3390 3165 per
3421 3092 3609 3148 fideles
3668 3092 3779 3162 agit
3866 3091 4042 3146 admi-

781 3188 1006 3250 nistros,
1039 3201 1135 3256 per
1155 3202 1212 3242 se
1234 3185 1348 3254 ipse
1380 3197 1632 3240 censetur
1652 3200 1834 3255 agere.

1378 3300 1603 3356 CAPUT
1645 3300 1784 3354 XIV.

871 3415 1046 3469 Amici
1086 3415 1375 3466 maximum
1436 3411 1690 3465 bonorum
1731 3413 2025 3480 principum
2063 3415 2255 3467 bonum

1331 3499 1432 3551 quo
1475 3482 1570 3535 alii
1611 3495 1811 3536 carent.

857 3659 954 3713 IIic
1009 3659 1228 3730 quando
1284 3657 1337 3712 in
1397 3659 1699 3712 amicorum
1764 3658 2098 3713 mentionem
2163 3659 2352 3722 incidi,

789 3764 913 3807 utar
962 3753 1251 3806 occasione
1307 3751 1538 3805 docendi
1590 3754 1642 3803 te
1682 3765 1845 3818 super
1886 3751 1989 3804 hoc
2032 3761 2355 3820 argumento

790 3844 1023 3913 plenius.
1071 3842 1177 3898 Res
1221 3843 1368 3898 enim
1417 3853 1500 3897 est
1535 3858 1726 3909 magna
1760 3843 1811 3895 in
1845 3843 2038 3912 primis
2085 3859 2148 3897 ac
2196 3845 2353 3913 plane

791 3943 962 3995 tanta,
996 3941 1053 3985 ut
1085 3947 1207 3986 cum
1241 3934 1293 3985 in
1324 3948 1491 4002 regno
1528 3932 1786 4000 pleraque
1819 3931 2001 4001 ampla
2037 3933 2354 3998 magnifica-

787 4040 896 4092 que
928 4025 1060 4086 sint,
1101 4025 1236 4078 nihil
1271 4033 1454 4078 tamen
1501 4025 1569 4076 ad
1615 4025 1944 4076 mentionem
1990 4024 2351 4092 auspicatius,

789 4115 853 4168 ad
905 4131 1018 4170 rem
1066 4130 1336 4186 usumque
1384 4117 1751 4183 praestabilius
1796 4117 1923 4186 ﬁngi
1961 4118 2133 4186 possit
2177 4118 2355 4171 amico

787 4221 919 4259 vero
952 4207 1308 4274 probatoque.
1341 4206 1450 4260 Nec.
1482 4216 1687 4261 temere
1711 4215 1793 4262 est
1827 4210 1971 4277 quod
2010 4210 2121 4278 regi
2154 4209 2352 4262 bonum

787 4296 936 4350 istud
969 4297 1245 4364 adjudico.
1283 4296 1576 4367 Tyrannus
1613 4297 1733 4364 ejus
1764 4313 1960 4367 expers
1987 4297 2216 4350 omnino
2249 4306 2351 4360 est,

788 4389 992 4457 quippe
1015 4389 1109 4457 qui
1132 4397 1277 4443 metu
1303 4406 1359 4442 se
1391 4404 1453 4443 ac
1486 4389 1775 4442 formidine
1800 4389 2143 4441 succinctum
2168 4397 2354 4442 osten-

789 4486 908 4530 tare
944 4487 1110 4541 amet,
1165 4487 1218 4531 et
1277 4478 1440 4531 minis
1486 4494 1605 4532 sese
1655 4479 1940 4547 plagisque
1983 4494 2047 4532 ac
2095 4479 2352 4540 exulibus,

787 4571 936 4624 velut
971 4571 1145 4625 muris
1183 4570 1376 4625 ferreis
1417 4579 1510 4622 aut
1542 4570 1908 4624 adamantinis
1938 4573 2085 4623 omni
2116 4583 2357 4639 erparte

3066 3291 3318 3348 ΚΕΦΛᾹ.
3349 3294 3444 3346 IA'.

2470 3409 2590 3465 τῶν
2614 3410 2928 3472 ,ϐασιλέων
2957 3409 3024 3461 τὸ
3057 3409 3125 3460 ἐν
3144 3406 3352 3470 καλοῖς
3383 3408 3574 3473 ἄκρον
3608 3405 3704 3458 καὶ
3725 3404 4042 3471 μέγιστον,

2535 3477 2604 3534 οὗ
2634 3479 2750 3532 τῶν
2768 3479 2974 3532 ἄλλων
2998 3482 3051 3532 at
3074 3477 3349 3531 πλεῖστοι
3378 3477 3754 3545 ἀμοιροῦσιν,
3788 3478 3841 3528 οὶ
3863 3476 4040 3542 φίλοι

2536 3551 2936 3618 ὑπάρχουσιν.

2532 3660 2670 3712 Ἀλλ’
2697 3660 2885 3729 ἐπειδὴ
2913 3659 3081 3726 φίλων
3100 3657 3398 3727 ἐμνήσθην,
3422 3656 3715 3719 ἀναδιδάξω
3746 3655 3802 3707 σέ
3826 3673 3880 3706 τι
3905 3657 4036 3724 περὶ

2462 3755 2669 3806 τούτων
2701 3753 3052 3821 πλατύτερον.
3080 3750 3298 3803 Πολλῶν
3352 3749 3462 3819 γὰρ
3489 3747 3658 3800 ὄντων
3680 3751 3742 3815 τῇ
3782 3747 4033 3815 βασιλείᾳ

2464 3842 2665 3907 καλῶν,
2693 3843 2845 3896 οὐδὲν
2870 3842 3112 3895 τοιοῦτον
3139 3843 3213 3904 ῶς
3241 3841 3299 3893 τὸ
3326 3839 3421 3894 τοῦ
3464 3840 3619 3908 φίλου
3671 3840 3904 3908 πρᾶγμα
3934 3840 4031 3891 καὶ

2462 3937 2654 4006 ὀνυμα.
2687 3935 2962 4006 Τύραννος
2993 3935 3092 4004 μὲν
3118 3935 3223 4002 γὰρ
3247 3932 3323 4003 τῷ
3357 3933 3506 4002 φόϐῳ
3538 3932 4038 4001 περιστοιχίζεται,

2463 4029 2555 4079 καὶ
2601 4028 2696 4088 τὰς
2725 4026 2950 4086 ἀπειλὰς
3012 4025 3145 4092 ἔχει,
3177 4025 3270 4076 καὶ
3320 4026 3448 4084 τοὺς
3506 4023 3761 4076 ἑκάστοτε
3815 4020 4038 4088 φόνους,

2467 4119 2692 4189 στερρόν
2714 4137 2766 4170 τι
2790 4118 2884 4168 καὶ
2904 4116 3266 4186 ακαοαίρετον
3300 4114 3607 4185 πρὸὀλημα.
3635 4113 3705 4164 Σὺ
3734 4112 3787 4164 δὲ
3809 4110 3946 4164 ἀλλὰ
3970 4113 4040 4161 τῆ

2464 4211 2615 4278 φιλίᾳ
2645 4209 2900 4276 τειχίζου,
2927 4211 3019 4260 καὶ
3044 4210 3108 4277 τῇ
3137 4207 3319 4276 εὐνοίᾳ
3350 4207 3582 4275 μάλιστα
3614 4206 3829 4256 πάντων
3864 4205 4040 4269 φράτ-

2462 4319 2576 4355 του.
2611 4301 2776 4352 Οὐδὲν
2816 4299 2924 4368 γὰρ
2974 4299 3116 4351 οὕτω
3160 4297 3386 4360 ἀσθενὲς
3418 4298 3491 4359 ὡς
3543 4298 3570 4349 ὁ
3629 4294 3778 4365 παρὰ
3824 4293 4039 4346 πολλῶν

2467 4391 2788 4460 μισούμενος
2820 4390 3100 4460 ἄνθρωπος
3120 4432 3135 4455 ,
3167 4389 3271 4442 κᾶν
3321 4389 3431 4440 ὑπο
3463 4387 3671 4440 πολλῶν
3726 4387 4043 4456 δορυσόρων

2470 4482 2827 4550 φυλάττηται.
2857 4482 3160 4548 Προσκννεῖ
3195 4479 3293 4549 μὲν
3325 4479 3454 4540 ἴσως
3484 4480 3511 4529 ὁ
3545 4477 3787 4542 πολίτης,
3823 4475 3914 4528 καὶ
3944 4491 4043 4542 με·

2465 4573 2683 4639 γαλύνει
2715 4572 2808 4624 καὶ
2835 4573 3092 4640 εὐφημεῖ,
3137 4571 3230 4623 καὶ
3265 4570 3582 4638 προσθήκην
3610 4566 3829 4638 ἡμερῶν
3864 4565 4038 4618 αἱτεῖ-

788 4661 1174 4714 communiat:
1217 4661 1525 4730 cujusmodi
1566 4660 1615 4713 ei
1664 4661 2127 4729 prepugnaculum
2173 4671 2227 4713 tu
2288 4676 2353 4714 ne
2386 4679 2431 4742 ι)
2457 4683 2477 4716 1

2348 4681 2353 4712 ε
2386 4679 2431 4742 ι)
2457 4681 2546 4716 ται
2580 4664 2726 4731 παρὰ
2766 4663 2859 4715 τοῦ
2894 4663 3215 4730 Κρείττονος
3242 4677 3256 4692 ·
3289 4660 3404 4715 ἀλλ’
3450 4663 3482 4729 ή
3515 4661 3737 4728 γλῶσσα
3766 4656 4037 4726 ὀμώμοκ’,

789 4754 1038 4807 invideas
1071 4767 1313 4817 censeo;
1361 4768 1545 4806 verum
1598 4751 1879 4807 affectibus
1932 4763 1981 4807 te
2034 4754 2356 4817 amicorum,

788 4842 1207 4906 concordiaeque
1241 4840 1645 4910 impenetrabili
1701 4850 1876 4906 textu,
1913 4843 2237 4896 munimenti
2267 4859 2358 4912 ge-

786 4945 918 4985 nere
948 4933 1102 5002 longe
1124 4932 1366 4986 omnium
1405 4932 1720 4987 firmissimo
1745 4934 2043 4988 circumda.
2079 4932 2170 4988 Sic
2198 4950 2358 5003 porro

791 5023 930 5077 habe
958 5039 973 5077 :
1005 5024 1143 5077 nihil
1183 5040 1307 5078 esse
1344 5023 1618 5078 infirmius
1642 5040 1726 5088 eo,
1760 5025 2075 5094 quicunque
2118 5039 2223 5087 est,
2255 5039 2355 5079 no-

790 5113 935 5166 mine
965 5128 1124 5182 quem
1178 5112 1415 5166 oderunt
1441 5128 1652 5176 omnes,
1693 5124 1974 5183 utcunque
2006 5114 2097 5169 ille
2158 5115 2351 5170 ferreis

2464 4755 2498 4822 ἡ
2551 4754 2604 4805 δὲ
2643 4755 2784 4823 φρὴν
2834 4753 2943 4806 ἔστ’
2975 4753 3272 4821 ἀνώμοτος⁹
3311 4754 3403 4805 καὶ
3447 4752 3514 4805 τὰ
3539 4751 3692 4820 χείλη
3759 4749 3856 4819 μὲν
3891 4749 4039 4816 ἐδίη-

2454 4862 2567 4906 νεν.
2618 4846 2871 4915 ὕπερώην
2899 4847 2942 4899 δ’
2983 4847 3083 4898 οὐκ
3129 4845 3327 4915 ἐδίηνε.
3363 4846 3472 4898 Καὶ
3522 4845 3726 4897 δέδοικε
3762 4843 3860 4910 μὲν
3889 4840 4035 4903 ἐξει-

2460 4939 2605 5002 πεῖν,
2639 4937 2718 4989 ὄτι
2759 4939 2906 5005 μισεῖ
2968 4938 3064 4989 καὶ
3094 4936 3435 5007 βδελύττεται
3503 4933 3697 5004 καιροῦ
3744 4933 3800 4984 δὲ
3863 4931 4031 4983 1:166-

2454 5046 2636 5098 μενος,
2664 5029 2725 5081 οὐ
2752 5030 2953 5097 λόγοις,
2995 5029 3106 5082 ἀλλ’
3138 5029 3320 5100 ἔργοις
3363 5029 3421 5080 τὸ
3457 5031 3610 5098 μῖσος
3650 5026 3912 5090 δείκνυσι,
3942 5034 4041 5076 καὶ

2451 5120 2558 5172 τῶν
2619 5121 2844 5191 ἡπάτων
2873 5121 3038 5191 ὠμῶν
3088 5121 3438 5189 ἀπογεύεται.

791 5206 1242 5272 ιιταιιοτίειηοτιιηι
1315 5207 1636 5260 cohortibus
1694 5209 2039 5262 custodiatur
2109 5209 2350 5263 assidue.
2399 5210 2480 5264 νει

2346 5250 2350 5262 ,
2399 5210 2704 5266 Veneratur
2754 5213 2904 5266 illum
2953 5212 3169 5282 quidem
3207 5228 3269 5266 ac
3337 5227 3540 5281 pronus
3592 5209 3794 5264 salutat
3874 5207 4035 5269 civis.

744 5337 754 5354 .
790 5300 1084 5371 mirarique
1122 5301 1333 5355 videtur
1376 5317 1438 5356 ac
1467 5303 1731 5367 celebrat,
1765 5312 1890 5356 vota
1937 5303 2112 5373 palam
2150 5303 2356 5356 faciens
2392 5306 2589 5374 quibus
2639 5306 2838 5358 multos
2897 5305 2944 5358 ei
3005 5321 3178 5359 annos
3227 5305 3398 5359 felicis
3435 5303 3648 5373 imperii
3716 5308 3906 5371 optare
3976 5314 4041 5352 se

791 5393 1114 5462 precarique
1142 5406 1168 5444 ιι
1197 5393 1304 5448 Dco
1332 5395 1575 5449 simulat.
1605 5396 1710 5449 Sed
1744 5396 1907 5464 (quod
1979 5396 2139 5450 habet
2209 5397 2434 5449 verbum
2477 5399 2655 5466 Vetus)
2704 5398 2926 5467 jurante
2964 5399 3148 5468 lingua
3201 5398 3438 5467 injurata
3488 5411 3641 5449 mens
3687 5402 3890 5459 manet,
3935 5408 4043 5447 nec

791 5489 963 5554 gratia
1021 5490 1308 5558 compositi
1339 5490 1404 5544 ad
1438 5491 1805 5547 adulationem
1837 5491 1951 5546 oris
1999 5493 2141 5546 ultra
2186 5493 2453 5546 Iabiorum
2495 5495 2876 5555 reuidentiam,
2911 5510 3081 5564 usque
3154 5494 3217 5546 ad
3283 5493 3446 5546 animi
3527 5489 3887 5546 serenandam
3954 5489 4043 5541 in-

794 5587 1109 5652 temperiem
1153 5587 1389 5656 prolicit.
1442 5587 1582 5657 Ergo
1626 5602 1770 5640 nunc
1821 5588 2039 5657 quidem
2099 5603 2354 5655 oppressa
2396 5597 2539 5643 metu
2592 5587 2850 5658 loquendi
2889 5588 3158 5648 libertate,
3224 5602 3331 5656 quo
3373 5585 3527 5640 ardet
3587 5581 4016 5653 ﬂagrantissimo

791 5675 1142 5731 dissimulare
1177 5678 1361 5732 odium
1398 5677 1651 5746 cogitur:
1688 5687 1741 5731 at
1784 5678 1922 5732 idem
1972 5678 2100 5731 olim
2143 5686 2360 5748 captato
2431 5687 2676 5748 tempore
2704 5695 2808 5732 non
2845 5679 3046 5737 verbis.
3075 5680 3168 5732 sed
3202 5679 3362 5732 factis
3397 5678 3446 5730 id
3483 5687 3788 5746 expromet,
3828 5683 3881 5729 et
3912 5675 4037 5743 ejus

793 5771 970 5841 Ipsius
1019 5774 1228 5828 adorati
1267 5775 1556 5844 principis,
1606 5775 1692 5829 cui
1749 5790 1893 5829 nunc
1941 5773 2218 5830 blanditur
2257 5775 2548 5843 obnoxius,
2577 5774 2746 5830 cruda
2783 5774 2970 5830 furens
2999 5774 3254 5831 intestina
3287 5773 3547 5845 gustabit.
