4276 6436
792 356 901 422 983

1007 559 1344 613 Ennimtio
1375 562 1608 630 corporis
1633 561 1864 613 salubris
1901 561 2150 629 principi.

878 648 1025 701 llanc
1070 651 1241 718 legem
1275 653 1374 706 sibi
1409 653 1662 721 princeps
1693 653 1868 706 dicat:
1911 651 2192 719 Nunquam
2221 653 2362 705 vesci

797 745 926 806 quin
958 743 1107 807 prius
1145 742 1443 795 sudaverit.
1482 742 1532 793 ld
1588 744 1629 795 si
1663 742 1847 806 faciet,
1885 751 2082 808 praeter
2135 750 2363 794 caeteros

800 851 919 900 i'jtls
948 835 1362 890 exercitationis
1404 835 1633 899 fructus,
1697 837 1858 887 ctiam
1910 837 2008 888 hoc
2060 850 2365 903 conseque-

798 935 909 987 tur,
943 931 1001 977 ut
1036 941 1267 995 corpore
1329 936 1514 979 utatur
1547 928 1880 982 valentiore:
1917 928 2119 994 quippe
2167 942 2368 980 exone-

801 1025 917 1071 rato
945 1019 1441 1085 superfluitatibus,
1463 1035 1599 1088 quas
1622 1020 1931 1072 sedentaria
1955 1020 2367 1086 voluptariaque

800 1115 907 1157 vta
965 1107 1189 1175 colligit.
1268 1107 1490 1166 Mentis,
1536 1122 1666 1161 vero
1748 1107 2108 1174 intelligentia
2192 1108 2366 1161 multo

1740 357 2308 420 'I'llEUi'llYL.\CTi
2357 358 2764 420 BULGARMS
2801 362 3155 424 ARCHIEP.

1338 469 1568 523 CAPUT
1613 466 1803 521 XXIV.
2394 476 2436 530 Α

3936 357 4047 424 28L

3036 473 3283 525 ΚΕΦΑᾹ.
3317 474 3440 526 KA'.

2551 563 2562 578 '
2581 562 2756 629 Υγιὴς
2782 562 2859 627 τῷ
2883 565 3136 628 ,ϐασιλεῖ
3175 566 3280 619 τοῦ
3312 565 3587 633 σώματος
3628 566 3664 632 ἡ
3687 565 3972 629 ἄσκησις.

2544 655 2653 705 Καὶ
2691 654 2878 706 τοῦτον
2929 657 3097 723 ὲχὲτω
3130 658 3294 726 νόμον
3350 658 3377 708 ὁ
3412 656 3688 725 βασιλεὺς,
3724 657 3782 708 τὸ
3833 673 4047 722 μήποτε

2467 742 2725 808 ἀνιδρωτὶ
2760 746 2906 796 σῖτον
2935 746 3232 814 αἱρεῖσθαι.
3277 748 3372 799 Ἐκ
3417 748 3620 813 ταύτης
3658 748 3765 815 γὰρ
3803 747 3902 813 τῆς
3950 747 4050 797 ἀσ-

2473 838 2686 905 κήσεως
2718 839 2779 890 τό
2817 856 2876 891 τε
2910 839 3069 908 σῶμα
3129 838 3296 892 αὑτοῦ
3330 840 3696 907 ὑγιεινότερον
3745 838 3896 889 ἔσται
3955 839 4050 888 καὶ

2470 927 2894 993 ἀπεριττότατον
2927 945 2940 958 ⁸
2976 933 3070 983 καὶ
3096 931 3156 981 τὸ
3194 930 3408 996 λογικὸν
3449 931 3548 982 οὐκ
3583 927 4054 997 ἐμποδισθήσεται

2471 1019 2684 1081 πολλοῖς
2733 1019 3170 1089 ὲπιχωννὺμενον
3199 1022 3311 1082 τοῖς
3367 1022 3770 1090 περιττώμασι.
3826 1018 3922 1080 Τίς
3955 1015 4052 1070 οὖν

2475 1109 2711 1176 τοιούτῳ
2741 1111 2998 1178 πολέμιος
3022 1111 3382 1180 αὐτοκράτορι
3409 1128 3424 1176 ;

801 1203 1186 1267 (ιιιιει-τιιριίοτί
1235 1205 1414 1272 vigeat
1459 1203 1706 1272 :quippe
1764 1219 1927 1272 quam
1964 1203 2148 1257 minus
2203 1204 2358 1258 multi
2400 1204 2678 1259 obduraut
2725 1218 3093 1275 soporentque
3115 1223 3179 1259 ex
3217 1208 3401 1258 arvina
3432 1205 3652 1273 pinguis
3712 1203 3818 1256 alvi
3874 1201 4057 1268 spisso

804 1308 1125 1364 \ztpttl'alllt‘s
1163 1298 1318 1350 fumi.
1355 1299 1488 1363 Quis
1530 1300 1607 1353 sic
1641 1300 1752 1352 aeri
1789 1298 2000 1368 vigilem
2059 1301 2268 1360 animo,
2299 1301 2379 1354 sic
2457 1311 2710 1370 prompto
2781 1301 2976 1371 agiletn
3025 1315 3279 1372 torpore,
3335 1299 3635 1371 principem
3675 1313 3783 1351 non
3849 1294 4060 1349 exhor-

804 1401 979 1444 rescat
1015 1392 1388 1447 adversarium
1419 1394 1662 1447 habere?

1364 1549 1592 1604 CAPUT
1630 1549 1799 1606 XXV.

807 1683 986 1737 Mimis
1020 1695 1065 1736 et
1100 1688 1298 1738 scurris
1333 1685 1463 1738 dare
1514 1701 1722 1743 operam
1779 1700 1942 1756 regem
1997 1704 2097 1740 non
2155 1687 2376 1752 decere;

911 1757 1000 1808 sed
1034 1757 1216 1808 doctos
1262 1767 1310 1808 et
1345 1757 1626 1823 prudentes
1658 1759 1797 1812 viros
1857 1774 2028 1811 secum
2058 1756 2269 1810 habere.

891 2016 1177 2079 Quomodo
1200 2024 1379 2071 autem
1416 2017 1598 2071 mimis
1631 2027 1684 2070 et
1715 2018 2027 2073 ludionihus
2070 2019 2198 2072 dare
2245 2033 2377 2089 ope-

811 2123 923 2162 ram
965 2111 1091 2162 talis
1123 2110 1365 2177 poterit?
1401 2119 1495 2163 aut
1527 2110 1802 2178 quoutodo
1835 2127 1939 2165 non
1964 2127 2154 2166 omnes
2181 2113 2234 2166 in
2292 2113 2376 2168 sui

811 2213 1050 2250 amorem
1076 2198 1268 2266 rapiet,
1298 2201 1390 2267 qui
1415 2216 1538 2252 eum
1571 2200 1804 2254 viderint
1856 2214 1967 2255 tum
1996 2217 2159 2256 curas
2187 2203 2377 2266 animi,

810 2297 926 2341 tum
961 2291 1340 2342 contentiones
1373 2291 1662 2356 corporis,
1713 2301 1825 2344 tum
1879 2293 2124 2348 actiones
2180 2295 2376 2358 serias,

809 2393 923 2434 tum
955 2384 1373 2439 exercitationes
1408 2384 1645 2438 ludicras
1697 2384 1764 2437 ad
1794 2398 1892 2438 sua
1928 2384 2168 2452 ipsorum
2228 2400 2380 2440 com-

813 2475 973 2527 moda
1015 2474 1428 2529 conferentem?
1485 2477 1540 2528 Si
1593 2491 1720 2529 vero
1781 2477 2062 2530 contrario
2111 2491 2168 2531 se
2227 2486 2380 2548 gerat

811 2565 996 2627 modo,
1037 2567 1080 2617 si
1108 2567 1343 2620 scenicis
1374 2579 1428 2620 et
1462 2567 1748 2636 ﬂagitiosis
1797 2567 1848 2620 id
1879 2582 2050 2636 genus
2104 2567 2379 2637 capitibus

812 2656 975 2723 regiae
1010 2656 1153 2710 fores
1187 2666 1425 2725 pateant,
1479 2659 1524 2711 si
1569 2659 1838 2710 barathro
1882 2656 2075 2725 dignos
2139 2659 2379 2726 palatina

816 2747 1013 2800 domus
1051 2758 1102 2801 et
1125 2750 1362 2818 excipiat
1387 2758 1440 2803 et
1496 2750 1831 2816 penitissime
1875 2749 2150 2816 admittat,
2206 2766 2382 2820 usque

813 2839 878 2892 ad
918 2841 1162 2894 intimam
1199 2845 1656 2897 consuetudinem
1689 2843 1894 2898 domini
1952 2859 2135 2897 rerum
2184 2844 2382 2897 huma-

811 2948 1032 2999 narum,
1063 2937 1295 3004 turpiter
1327 2937 1588 2990 eollusuri
1621 2953 1744 2991 cum
1772 2938 1981 2992 scurris
2007 2937 2380 3008 nequissimia,

812 3035 866 3078 et
894 3028 1190 3096 sacrilegos
1216 3028 1469 3093 infames,
1503 3030 1866 3085 detestatione
1893 3033 2118 3085 obrutos
2143 3026 2380 3099 publica,

819 3131 927 3168 non
952 3119 1111 3170 modo
1160 3120 1375 3175 sodales
1421 3131 1476 3174 et
1533 3123 1896 3177 colloeutores
1956 3122 2231 3184 habituri,
2285 3123 2377 3177 sed

817 3209 982 3261 eiam
1030 3219 1281 3264 auctores
1327 3213 1707 3278 consiliorum,
1745 3229 1978 3283 quorum
2007 3230 2037 3268 e
2095 3190 2453 3268 sententiisc

817 3299 1243 3356 deliberationes
1271 3304 1582 3366 concludat,
1608 3320 1830 3372 remque
1875 3305 2142 3374 gubernet
2202 3306 2382 3375 publi-

816 3407 970 3444 eam:
1003 3392 1225 3446 interim
1279 3394 1407 3447 dum
1444 3396 1577 3450 viris
1629 3395 1804 3451 cuivis
1862 3397 2092 3466 imperio
2145 3399 2383 3451 admini-

819 3483 1067 3548 strando,
1105 3495 1326 3554 propter
1349 3487 1710 3543 excellentem
1745 3489 2100 3558 sapientiam,
2135 3491 2380 3559 paribus,

820 3577 911 3629 ubi
942 3592 1000 3632 se
1031 3579 1112 3632 vel
1160 3578 1228 3632 ad
1261 3580 1494 3649 primum
1547 3580 1713 3636 limen
1761 3581 2078 3645 obtulerint,
2117 3582 2384 3650 janitores

821 3677 1043 3734 repente
1075 3670 1259 3724 valvas
1287 3671 1339 3723 in
1373 3686 1434 3725 os
1466 3671 1781 3726 obtrudent.
1816 3671 1896 3734 Si,
1929 3671 2173 3741 inquam,
2207 3671 2381 3726 hono—

3013 1543 3267 1597 ΚΕΦΔΛ.
3298 1541 3426 1596 κε’.

2493 1677 2622 1752 τοῖς
2647 1677 2991 1752 θυμεζιέκοῒς
3021 1677 3120 1731 καὶ
3162 1676 3584 1752 γεξωτοπρμοῖς
3603 1673 3960 1752 προσέχειν,
3981 1669 4064 1736 τῷ

2551 1743 2806 1810 ,βασιλεῖ
2821 1748 3091 1813 ἀπρεπυν
3111 1764 3122 1776 ·
3151 1743 3389 1816 μᾶλλον
3419 1743 3485 1816 δὲ
3507 1747 3736 1812 πρέπον
3760 1743 3880 1816 τοῖς
3917 1759 4064 1816 ppo-

2550 1820 2747 1884 νίμιιις
2804 1814 3161 1881 συμϐιοῦν(
3221 1817 3316 1870 καὶ
3383 1815 3506 1879 τοῖς
3562 1814 4065 1883 πεπαιδευμένοις

2553 1887 2930 1956 συνομιλεῖν.

2553 2023 2674 2085 Πῶς
2695 2023 2751 2075 δὲ
2775 2022 3024 2092 σχολάσει
3060 2025 3244 2092 μίμοις
3286 2023 3381 2074 καὶ
3425 2020 3810 2089 γελωτοποιοῖς
3832 2019 3860 2070 ὁ
3885 2017 4063 2070 toto-3-

2480 2131 2610 2178 το;;
2649 2115 2680 2184 ἢ
2733 2117 2848 2178 πῶς
2877 2116 2937 2168 οὐ
2969 2116 3174 2178 πάντας
3226 2113 3358 2184 πρὸς
3410 2113 3624 2166 εὔνοιαν
3671 2111 4066 2170 ἐπισπάσεται.

2481 2207 2621 2275 ὑπὲρ
2650 2206 2827 2258 αὐτῶν
2855 2207 3096 2277 ὁρῶντας
3127 2206 3479 2277 φροντίζοντά
3525 2222 3584 2259 τε
3637 2205 3730 2257 καὶ
3785 2203 4068 2270 γυμναζὸο

2485 2315 2674 2368 μενονς
2722 2299 2873 2350 Ἰσῖπεὶ
2901 2299 3236 2363 τούναντίον,
3270 2301 3317 2351 εἰ
3348 2301 3461 2360 τοῖς
3498 2297 3598 2366 μὲν
3631 2300 3908 2366 σκηνικοῖς
3970 2293 4069 2346 καὶ

2481 2393 2594 2451 τοῖς
2641 2389 2926 2459 ἀσελγέσιν
2960 2389 3266 2457 ἀνοίγονται
3309 2390 3376 2442 τὰ
3432 2389 3681 2459 βασίλεια
3709 2429 3723 2449 ,
3797 2389 3889 2441 καὶ
3938 2387 4070 2449 τοὺς

2480 2481 2664 2545 ἀξίους
2698 2483 2990 2553 βαράθρων
3047 2482 3402 2552 ὑποδέχονται
3467 2481 3537 2534 τὰ
3586 2482 3883 2550 ἀνάκτορα,
3941 2496 4072 2530 συν-

2486 2575 2967 2642 ασχημονήσοντας
2991 2571 3068 2640 τῷ
3088 2575 3187 2640 τῆς
3210 2572 3532 2641 οἰκουμένης
3557 2572 3815 2642 δεσπότῃ.
3841 2572 3933 2621 καὶ
3960 2569 4069 2637 βω-

2486 2667 2742 2736 μολόχους
2779 2663 3318 2734 συμφθεγξομένους,
3344 2665 3437 2716 καὶ
3462 2663 3793 2732 διφροῦντας
3816 2663 3877 2714 τὸ
3920 2663 4072 2728 λογι-

2485 2760 2714 2827 ζόμενον
2739 2771 2754 2786 ⁶
2811 2758 2925 2819 τοῖς
2966 2756 3023 2809 δὲ
3083 2757 3176 2809 καὶ
3217 2755 3521 2824 βασιλεύειν
3555 2755 3725 2820 ἀξίοις
3752 2797 3767 2818 9

2486 2849 2714 2922 πρώτην
2745 2847 2923 2918 πύλην
2952 2847 3095 2902 κατά
3146 2847 3255 2900 τῶν
3294 2847 3605 2916 προσώπων
3643 2847 3691 2898 oi
3721 2846 3963 2914 πυλωροὶ
3993 2847 4073 2895 tv-

2482 2945 2792 2995 τινὰσσουσι
2821 2957 2836 2972 ·
2897 2940 2992 2993 καὶ
3039 2941 3067 2992 6
3104 2940 3202 3007 μὲν
3251 2939 3661 3010 τιμηθήσεται,
3713 2939 3770 2999 ὃς
3805 2939 4075 3005 ψιττακον

2486 3033 2843 3103 ὑπεκρίνατο,
2876 3030 2972 3084 καὶ
3000 3030 3076 3094 ὼς
3107 3030 3289 3098 ἀηδὼν
3320 3031 3630 3099 ἐτερέτισεν
3651 3045 3663 3058 ο
3694 3031 3743 3081 οἱ
3771 3029 3824 3080 δὲ
3854 3026 4070 3096 ἀνθρὼ-

2491 3141 2619 3177 πινα
2647 3122 2916 3190 λέγοντες,
2945 3122 3217 3192 μᾶλλονδὲ
3241 3121 3361 3175 θεῖα
3394 3121 3772 3190 φθεγγόμενοι,
3792 3117 4078 3190 περιελεύο

2491 3231 2673 3268 σονται
2711 3212 2895 3282 ἀτιμοι
2916 3252 2931 3278 ,
2967 3211 3122 3265 αὐτοὶ
3146 3210 3245 3279 μὲν
3270 3212 3401 3279 παρ’
3423 3210 3576 3262 οὐδὲν
3595 3209 3938 3278 τρεφόμενοι,
3968 3225 4076 3259 πα·

2491 3309 2603 3376 χεῐς
2623 3306 2679 3359 δὲ
2700 3307 2822 3368 τοὺς
2841 3304 3070 3373 φθεῖρας
3097 3301 3192 3355 τοῦ
3216 3301 3465 3372 σώματος
3488 3304 3889 3373 ἀποτρέψοντες
3915 3340 3925 3358 .
3979 3299 4076 3352 καὶ

2492 3398 2701 3469 ὕϐρεως
2721 3379 2820 3468 μὲν
2837 3391 2976 3448 ἆθλα
2999 3394 3096 3448 καὶ
3120 3394 3506 3465 ἀσχημοσύνης
3524 3395 3926 3464 προκείσονται,
3947 3395 4079 3460 ἀρε-

2489 3489 2624 3560 τὴὸὲ
2649 3488 2881 3563 μάταιον
2936 3486 3128 3556 χρῆμα
3182 3485 3930 3557 καταλειφθήσεταιμύχμοῖ
3981 3488 4078 3536 καὶ

2494 3583 2732 3652 εὐρῶτος
2754 3581 3058 3650 ἀνάμεστος
3077 3595 3093 3613 ο
3114 3580 3231 3642 πῶς
3279 3575 3372 3633 οὖν
3406 3579 3548 3643 ἓξειν
3576 3580 3675 3631 οἴει
3715 3578 3924 3638 τούτοις
3987 3579 4080 3628 τὰ·

2491 3671 2934 3746 πράγματαςἾΙ
2972 3675 3107 3726 πᾶσι
3145 3674 3324 3741 δῆλον,
3359 3672 3460 3725 κᾶν
3489 3673 3648 3742 ἡμεῖς
3693 3670 3767 3740 μὴ
3808 3670 4079 3735 λέγωμεν·

3813 2757 3907 2808 καὶ
3965 2755 4070 2824 τὴν

823 3771 972 3814 retur
1003 3763 1092 3829 qui
1127 3763 1438 3830 psittacum,
1471 3764 1984 3834 quiquelusciniam
2017 3763 2188 3817 fracta
2240 3764 2440 3818 imitari
2492 3781 2624 3821 voce
2685 3768 2941 3837 quiverit,
3002 3765 3170 3838 spreti
3240 3772 3420 3818 autem
3491 3763 3746 3831 irrisique
3811 3759 4072 3829 προηλπι-

823 3861 912 3904 tur
968 3856 1058 3922 qui
1106 3871 1224 3924 quae
1316 3857 1513 3913 decent
1563 3858 1862 3922 hominem,
1931 3857 2014 3910 vel
2100 3857 2282 3924 potius
2335 3873 2454 3927 qua
2495 3860 2744 3914 homines
2775 3859 2844 3914 ad
2877 3862 3045 3915 Deum
3076 3859 3328 3919 evellant,
3365 3857 3682 3926 loquuntur.
3715 3852 3771 3907 Si
3809 3855 3960 3922 probi
4028 3868 4080 3906 ei

822 3949 966 4001 docti
1022 3957 1243 4017 propter
1303 3953 1607 4020 neglectum
1643 3952 1929 4021 principis,
1984 3951 2204 4020 impasti
2255 3954 2360 4022 ipsi
2411 3954 2615 4010 densos
2654 3957 3027 4024 pediculorunt
3069 3970 3259 4024 greges
3335 3959 3592 4021 pascant,
3657 3950 3702 4004 si
3781 3950 4082 4017 petulantia

822 4039 1043 4104 quidem
1076 4049 1128 4092 et
1162 4041 1385 4095 lascivia
1404 4051 1455 4096 et
1481 4044 1812 4096 contumelia
1848 4044 2200 4098 affluentibus
2222 4046 2493 4101 bonorum
2525 4048 2904 4117 bonorumque
2947 4047 3189 4118 praemiis
3261 4046 3450 4098 felices
3513 4042 3878 4108 ﬂorentesque
3947 4040 4073 4091 voli-

827 4145 969 4199 teut;
1031 4137 1200 4191 virtus
1263 4153 1412 4202 vero,
1461 4140 1620 4192 inane
1663 4141 1778 4208 jam
1842 4155 2062 4204 nomen,
2127 4142 2235 4196 situ
2274 4151 2325 4199 et
2366 4145 2622 4212 squalore
2673 4153 2955 4215 cooperta,
2982 4154 3384 4198 consenescere
3441 4140 3657 4192 sinatur
3708 4136 3763 4189 in
3813 4132 4080 4201 angulis:

823 4241 933 4293 quo
984 4227 1102 4280 loco
1161 4228 1341 4281 lutura
1415 4230 1488 4282 sit
1557 4231 1650 4283 tali
1719 4231 1986 4300 regimine
2057 4236 2390 4303 respublica,
2432 4235 2595 4292 facile
2628 4237 2933 4307 intelligere
2959 4235 3141 4306 quivis
3201 4232 3425 4302 poterit,
3464 4237 3522 4284 ut
3549 4243 3650 4282 nos
3687 4240 3990 4282 taceamus.

1319 4366 1474 4437 51.7
1513 4367 1739 4421 CAPUT
1794 4365 1980 4424 xxvv.

1137 4479 1208 4532 De.
1235 4480 1508 4533 clementia
1541 4482 1766 4548 principi
1796 4482 2114 4534 necessaria.

3100 4365 3348 4420 ΚΕΦΑΛ.
3381 4363 3528 4429 καί.

2699 4482 2769 4537 Τὸ
2791 4482 3212 4552 φιλάνθρωπον
3228 4477 3307 4541 τῷ
3317 4474 3573 4541 ,ϐασιλεῖ
3579 4473 3897 4544 χρήσιμον.

899 4590 967 4647 At
999 4594 1304 4648 clementiae
1342 4595 1612 4663 principis
1639 4610 1798 4663 quem
1833 4594 2050 4647 tandem
2088 4590 2396 4659 prmscrihi-
2430 4561 2474 4618 θ
2574 4599 2588 4615 '

2391 4621 2396 4631 .
2430 4561 2474 4618 Ι)
2574 4595 2637 4653 Ἡ
2665 4595 3040 4664 φιλανθρωπία
3058 4594 3111 4646 δὲ
3134 4595 3271 4661 πόση
3290 4608 3371 4652 τις
3389 4591 3540 4643 ἔσται
3559 4590 3648 4642 τοῦ
3666 4590 4080 4659 αὐτοκράτορος

833 4701 954 4738 mus
974 4684 1226 4738 modum?
1258 4684 1519 4738 Volumus
1561 4701 1703 4748 eam,
1730 4683 1908 4754 quoad
1940 4683 2125 4738 licebit
2172 4683 2244 4746 ei,
2271 4697 2394 4736 esse

830 4789 1042 4843 parem,
1078 4789 1242 4843 quam
1267 4775 1412 4829 Deus
1452 4777 1506 4829 in
1540 4776 1790 4830 homines
1821 4784 2057 4830 exercet.
2102 4772 2392 4842 Nunquam

833 4868 1091 4936 princeps
1117 4869 1287 4936 prima
1325 4879 1378 4922 et
1405 4869 1549 4923 ultro
1579 4881 1830 4933 suscepta
1873 4870 2152 4922 voluntate
2209 4876 2398 4921 utetur

831 4961 1034 5027 gladio,
1091 4959 1188 5013 sed
1253 4960 1576 5013 necessitate
1632 4961 1886 5022 adactus,
1946 4969 2237 5028 postquam
2294 4957 2398 5008 alia

835 5061 1091 5119 expertus
1140 5052 1324 5105 omnia
1362 5061 1464 5106 est.
1502 5051 1556 5105 Id
1598 5053 1741 5105 enim
1791 5051 2039 5105 suadebit
2088 5051 2401 5104 obversans

833 5144 912 5197 illi
969 5144 1040 5197 ob
1111 5147 1300 5200 oculos
1344 5147 1650 5215 exemplum
1700 5145 1862 5215 Regis
1921 5145 2188 5205 cmlestis,
2243 5144 2403 5210 cujus

835 5236 1066 5301 exempli
1100 5235 1146 5288 si
1179 5237 1390 5304 pondus
1426 5238 1566 5305 apud
1604 5238 1780 5306 ipsum
1820 5249 1969 5292 esset
1993 5237 2207 5302 minus,
2239 5250 2403 5303 quam

841 5335 903 5374 ut
938 5325 1295 5380 imitationem
1329 5329 1410 5380 sui
1435 5328 1699 5391 traheret,
1721 5328 1871 5397 justo
1910 5329 2121 5396 pudore
2151 5327 2409 5380 obrueret

844 5416 1252 5482 comparatione
1285 5419 1368 5472 sui
1404 5434 1579 5488 regem
1608 5420 1880 5474 hominem
1913 5435 2007 5473 rex
2037 5418 2176 5484 apis.
2210 5417 2407 5485 Regem

2503 4692 2640 4758 Ὀση
2658 4688 2774 4758 Θεῷ
2798 4688 2935 4757 πρὸς
2963 4685 3303 4755 ἀνθρώπους.
3324 4684 3396 4736 Οὐ
3423 4682 3531 4750 γὰρ
3558 4679 3978 4748 προηγουμένως
4010 4680 4082 4746 τις·

2503 4782 2646 4850 ξίφει
2695 4782 2980 4850 χρήσεται,
3027 4777 3141 4830 ἀλλ’
3160 4777 3470 4842 ἀναγκαίως
3488 4775 3581 4826 καὶ
3607 4773 3952 4842 βιαζόμενος
3980 4770 4085 4823 Τὸν

2502 4874 2610 4941 γὰρ
2642 4873 2756 4926 ἀνω
2785 4869 3021 4923 Βασιλέα
3055 4869 3373 4937 μιμήσεται·
3406 4867 3454 4918 εἰ
3481 4866 3537 4917 δὲ
3581 4865 3655 4933 μὴ
3685 4864 3778 4916 τὸν
3823 4864 4082 4923 Βασιλέα.

2504 4965 2601 5030 τὴν
2628 4963 2888 5030 μέλισσαν
2912 4959 3356 5030 αἰσχυνθήσεται,
3384 4957 3450 5025 ἣν
3491 4955 3598 5008 τῶν
3623 4955 3798 5007 ἄλλων
3824 4954 4086 5022 μελιττῶν

2509 5056 2677 5123 μόνην
2705 5056 2738 5122 ή
2767 5053 2932 5122 φύσις
2990 5051 3315 5119 παρήγαγεν
3358 5049 3640 5117 ἇκεντρον.
3679 5047 3867 5106 Ὅστις
3890 5044 3946 5096 δὲ
3980 5047 4078 5112 ρᾳ-

2507 5145 2633 5205 δίως
2649 5146 2953 5212 ἀπογυμνοί
2972 5143 3032 5194 τὸ
3063 5141 3235 5208 ξίφος,
3257 5135 3410 5201 οὗτος
3433 5139 3495 5191 οὐ
3529 5137 3802 5204 βασιλεὺς,
3829 5135 3962 5188 ἀλλὰ
3992 5136 4083 5202 δή-

2513 5251 2632 5302 μιος
2655 5251 2666 5262 ·
2695 5233 2816 5286 οὐδὲ
2862 5233 2995 5285 Θεὸν
3035 5231 3174 5301 ἔχων
3213 5231 3542 5300 ἀρχέτυπον.
3569 5227 3690 5280 οὐδὲ
3718 5225 3854 5294 πρὸς
3881 5226 4082 5276 ἐκεῖνον

2512 5323 2875 5392 τυπούμενος,
2941 5323 3078 5376 ἀλλά
3129 5322 3386 5390 δαίμονας
3445 5319 3749 5387 ἀλάστορας
3782 5314 4084 5384 ἀνθρώπων

2512 5417 2880 5486 τρεφομένους
2909 5417 3131 5485 αἵμασι.

845 5503 1048 5571 quippe
1073 5518 1232 5570 apum
1275 5507 1415 5560 inter
1447 5521 1575 5575 apes
1624 5523 1815 5562 omnes
1861 5523 2026 5560 unum
2071 5508 2188 5560 sine
2215 5505 2406 5559 aculeo
2447 5516 2649 5558 natura
2683 5505 2860 5560 finxit.
2893 5505 3064 5559 Porro
3091 5505 3344 5574 quisquis
3383 5502 3450 5556 ad
3519 5498 3896 5568 stringendum
3967 5499 4085 5566 gla-

843 5594 1001 5646 dium
1083 5593 1257 5650 facilis
1297 5614 1608 5666 pronusque
1692 5608 1792 5661 est,
1853 5598 2096 5653 carnifex
2156 5598 2201 5650 is
2271 5597 2453 5667 potius
2491 5613 2656 5664 quam
2692 5614 2781 5650 rex
2809 5599 3044 5660 dicatur,
3103 5612 3203 5650 nec
3238 5603 3459 5665 putetur
3489 5608 3518 5646 a
3549 5593 3720 5648 divini
3747 5592 4082 5659 principatus

853 5689 1148 5760 archetypo
1190 5694 1416 5746 formam
1450 5696 1732 5761 potestatis
1758 5711 1868 5750 sum
1906 5696 2146 5759 ducere;
2181 5695 2273 5749 sed
2324 5693 2591 5747 luriarum
2636 5695 2950 5746 imunuimn
3019 5693 3399 5756 saiiguinarios
3465 5689 3678 5744 furores
3742 5698 3793 5742 et.
3848 5685 4069 5740 hutnar’

858 5783 1007 5838 sitim
1035 5787 1247 5841 cruoris
1285 5787 1549 5840 aemulari.
