4276 6436
163 376 264 439 293

1169 360 1453 420 ORATIO
1495 361 1577 418 IN
1612 359 1958 420 ALEXIUM
2001 354 2447 416 CUMNENUM.

3322 356 3428 416 ρει

168 481 312 545 πῆςς
364 471 589 540 ἀφορμὴ
661 470 716 521 δὲ
761 466 955 536 βαρεῖά
993 482 1049 518 τε
1100 466 1235 534 ὁμοῦ
1284 467 1640 533 211.1113E1,
1683 467 1743 516 τὸ
1780 479 1814 527 Α
1850 481 1857 515 :

1737 479 1814 527 »Α
1850 464 2306 517 αιιςιιιιιζιιιιιιηιῗ
2374 465 2594 515 Illorum
2654 460 2909 514 incursus
2969 468 3017 513 el
3101 460 3165 512 ad
3255 461 3426 514 instur

172 572 283 640 μὲν,
317 567 396 637 τῷ
431 564 625 633 πλήθει
655 563 752 629 τῆς
788 561 955 621 λείας,
983 559 1043 610 τὸ
1069 559 1149 622 δὲ,
1175 562 1240 627 τῇ
1271 560 1398 628 περὶ
1438 560 1496 610 τὸ
1529 560 1750 626 φθύγ;ιν

493 654 600 707 Ἀεί
642 669 696 704 τε
735 652 842 718 γὰρ
879 651 1121 710 ἐπιόντες
1157 651 1252 718 τὴν
1284 651 1472 718 φήμην
1511 650 1753 717 προφθά-

169 771 340 810 νουσι.
387 752 485 801 καὶ
519 749 794 808 ἀπιόντες,
832 746 938 798 οὐδ’
984 742 1202 796 ἀκούειν
1240 743 1444 794 διδόασι
1494 742 1622 811 περὶ
1653 742 1750 790 αύ-

166 662 388 726 ὀξύτητι
419 674 431 717 ;

170 847 276 898 τῶν
331 845 447 902 τοῖς
488 839 767 891 διώκουσι.
825 839 908 902 'l“0_
942 836 997 886 δὲ
1061 837 1264 903 μεῖζον,
1314 833 1600 901 ἀλλοτρίαν
1656 833 1754 899 μὲν

173 936 594 1002 κατατρέχουσι,
634 930 903 996 σφετέραν
951 928 994 978 δ’
1043 928 1142 979 ούκ
1193 925 1407 992 ἔχουσιν
1437 943 1449 955 ·
1492 924 1626 976 ἀλλά
1654 924 1756 975 κᾶν

175 1045 252 1085 τις
284 1028 375 1091 εἴη
410 1024 638 1093 Δαρείου
680 1022 774 1074 τοῦ
832 1020 1185 1080 Ὑστάσπεως
1234 1019 1649 1086 τολμηρότερος,
1684 1016 1756 1076 ὼς

177 1122 265 1169 καὶ
296 1115 488 1179 ζεῦξαι
517 1117 605 1166 τὸν
647 1113 879 1180 Ἴστρον,
920 1112 1014 1163 καὶ
1034 1109 1242 1169 Σκύθας
1276 1109 1587 1175 ἀναζητεῖν,
1615 1107 1756 1159 τοῦτ’

156 1211 379 1282 βιεῖυο,
404 1206 584 1267 διώξει
625 1201 1007 1271 φρενοὸλαεῶς
1051 1202 1116 1250 τὰ
1156 1201 1411 1266 ἀκίχητα.
1454 1198 1617 1251 Αὐτοὶ
1659 1199 1756 1266 μὲν

177 1305 273 1363 τὰς
331 1301 541 1366 πέτρας
578 1293 1000 1366 περιϐαλοῦνται
1053 1294 1147 1343 καὶ
1172 1294 1291 1354 ταῖς
1343 1291 1569 1358 λόχμαις
1609 1290 1758 1341 ἐνδύ-

181 1409 365 1444 σονται
392 1406 405 1418 ·
440 1390 468 1439 ό
493 1388 548 1438 δὲ
586 1386 739 1438 οὐδὲν
789 1384 968 1446 πλέον,
1012 1384 1042 1453 ἧ
1078 1383 1176 1452 ὅρη
1213 1397 1267 1433 τε
1300 1382 1394 1433 καὶ
1430 1383 1563 1451 δαση
1600 1387 1758 1448 ’περι⁹

179 1484 483 1537 ελεύσπαι,
517 1480 653 1547 μόνα
678 1477 776 1544 τῆς
801 1475 906 1526 τῶν
938 1475 1284 1541 διωκομένων
1317 1474 1531 1540 φύσεως
1555 1471 1760 1540 ἀγριώο

178 1590 339 1640 τερα,
381 1573 477 1623 καὶ
511 1570 610 1634 τῆς
657 1567 853 1632 πέλλῆς
893 1565 947 1618 δὲ
985 1565 1200 1632 ἐκείνης
1245 1565 1351 1616 τῶν
1379 1563 1598 1614 Σκυθῶν
1630 1563 1763 1628 ἐρη-

183 1668 310 1736 μίας
379 1665 549 1732 μόνης
621 1659 815 1727 Θεατὴς
895 1659 1341 1725 καταστήσεται,
1407 1657 1473 1724 ἣν
1537 1653 1657 1704 οὐδὲ
1728 1654 1759 1720 ὴ

182 1756 454 1826 παροιμία
505 1754 760 1821 ἠγνόησε.
812 1749 927 1801 Κᾶν
982 1746 1383 1816 προσὸιὰξηται
1437 1744 1536 1803 τὴν
1599 1742 1761 1812 φύσιν

1859 558 2115 623 fulguris,
2179 569 2431 606 recessus
2477 563 2656 604 autem
2709 551 2893 619 gravis
2921 561 2973 602 et
2998 551 3182 604 celer:
3247 564 3426 617 graus

1854 649 2072 718 quidem
2106 649 2174 698 ob
2228 646 2418 711 praedm
2469 643 2899 706 multitudinem,
2961 643 3105 695 celer
3165 655 3294 694 vero
3349 645 3426 692 oh

2190 737 2726 802 proinptitudinem;
2799 748 3015 800 semper
3069 733 3234 790 enim.
3297 733 3426 786 dum

1857 836 2100 887 veniunt,
2151 829 2346 878 famam
2410 827 2780 892 praeveniunt;
2831 841 2895 877 ac
2949 826 3075 877 dum
3118 825 3428 888 discedunt,

1859 940 2034 988 neque
2069 919 2149 970 sui
2193 919 2478 983 ναιδιὶμὶιιιιι
2514 920 2831 983 relinquunt
2864 919 2926 970 iis
2957 917 3047 983 qui
3091 931 3184 968 eos
3240 931 3428 982 perse-

1857 1021 2120 1081 quuntut'.

1858 741 2088 808 fugiendi

2190 1009 2452 1076 lit,quod
2517 1011 2692 1073 majus
2736 1020 2840 1066 est,
2904 1011 3112 1059 alt-nus
3179 1010 3430 1074 regiones

1860 1112 2218 1174 percurrunt.
2260 1117 2534 1170 propriam
2571 1116 2677 1152 non
2736 1103 2955 1150 habent.
2999 1097 3100 1149 Sed
3139 1114 3236 1149 etsi
3307 1100 3433 1164 quis

1862 1197 2020 1250 Dario
2077 1195 2397 1265 Ilystaspide
2459 1193 2747 1244 audentior
2805 1191 3047 1254 junxerit
3102 1189 3319 1253 istrum,
3379 1198 3437 1241 ut

1862 1288 2091 1355 Scythas
2118 1298 2345 1353 quierat,
2384 1287 2471 1337 ille
2506 1293 2862 1351 persequetur
2912 1283 3128 1339 insane,
3163 1297 3280 1347 qua!
3343 1283 3436 1331 de-

1863 1380 2120 1444 pieliendi
2155 1395 2261 1428 non
2299 1383 2563 1443 possunt.
2605 1375 2684 1425 Illi
2727 1375 2869 1426 cnim
2923 1384 3196 1440 petrarum
3235 1375 3440 1424 cavita-

1866 1483 1946 1524 tes
1980 1472 2269 1530 subibunt,
2301 1479 2354 1520 et
2413 1467 2688 1534 syltartttn
2742 1466 3016 1518 densitate
3081 1481 3138 1517 se
3205 1475 3434 1534 trgcnt;

1863 1561 2021 1631 552
2052 1563 2296 1628 adeoque
2332 1562 2375 1613 is
2414 1569 2626 1612 montes
2693 1560 3068 1611 tantummodo
3120 1568 3173 1610 et
3218 1574 3439 1610 nemora

1863 1653 2192 1714 circumibit,
2265 1668 2383 1718 qum
2441 1653 2555 1704 sola
2609 1661 2734 1704 sunt
2799 1650 2976 1702 indole
3034 1665 3246 1712 eorum,
3306 1665 3443 1716 quos

1868 1747 2232 1813 persequitur,
2259 1745 2540 1812 asperiora
2575 1759 2590 1805 ;
2627 1744 2817 1808 siCque
2873 1752 3038 1794 vasta'
3068 1742 3216 1794 illius
3244 1742 3443 1795 solitu-

179 1811 270 1900 τού
327 1811 674 1915 ﬂigi-.0;
735 1843 894 1906 αὐτὸς
962 1811 1062 1911 μὲν
1109 1811 1418 1901 ἀπολεῖται,
1469 1838 1528 1889 ού
1563 1837 1763 1906 μᾶλλον
1797 1811 1868 1880 Βι

1753 1811 1833 1885 VB
1865 1811 2010 1889 dinis
2044 1811 2340 1905 VScyahicae
2393 1843 2670 1902 spectator
2729 1834 2977 1895 exsistet,
3033 1849 3192 1899 quant
3266 1846 3442 1900 neque

182 1941 505 2006 ἐλεούμενος
539 1939 636 2004 τῆς
670 1936 919 2005 ἀτυχίας,
945 1936 978 2002 ἢ
1010 1933 1103 1984 τοῦ
1136 1931 1371 2000 Θράσους
1409 1930 1756 1998 μισούμενος·

182 2035 227 2084 0i
263 2034 316 2083 δὲ
381 2033 586 2082 Σκύυαι
651 2027 881 2092 δείξουσι
945 2025 1158 2094 πετρῶν
1220 2025 1370 2086 ὄντες
1429 2023 1523 2076 καὶ
1583 2021 1760 2092 δρυιῖν

183 2127 422 2190 ἔκγονοι,
471 2124 566 2173 καὶ
609 2122 863 2187 δράσουσι
908 2118 1086 2188 μόνον,
1131 2116 1246 2170 ἀλλ’
1287 2117 1405 2183 οὐχὶ
1443 2114 1746 2165 πείσονται-

183 2216 319 2265 ὣστε
354 2215 568 2279 ἔμοιγε,
600 2213 646 2261 εί
691 2211 764 2277 μὴ
808 2211 982 2260 πάντα
1012 2209 1124 2268 τοῖς
1165 2205 1352 2273 μύθοις
1383 2204 1762 2271 ἐπιτρεπτέον,

185 2311 273 2358 καὶ
305 2309 333 2357 ὁ
361 2306 542 2371 Γύγης
580 2305 782 2361 ἐκεῖνος
819 2300 1028 2366 Σκύθης
1054 2293 1122 2366 ἦν
1163 2298 1219 2360 ἐξ
1258 2296 1496 2364 ἀφανοῦς
1529 2290 1760 2363 βάλλων,

186 2398 347 2455 αὐτὸς
387 2396 462 2462 μὴ
516 2391 862 2459 βαλλόμενος.
918 2387 1140 2448 Τούτοις
1195 2386 1448 2456 συμφορὰ
1495 2385 1594 2453 μὲν
1652 2373 1764 2451 βίος

187 2491 530 2556 ἀπράγμων,
571 2485 630 2534 τὸ
681 2484 735 2534 δὲ
784 2481 1100 2550 ἡσυχάζειν,
1149 2479 1517 2552 ἀρρώστημα,
1563 2477 1656 2530 καὶ
1699 2476 1766 2529 τὰ

187 2580 284 2642 τῆς
351 2573 706 2640 εὐδαιμονίας
771 2571 915 2638 ἄκρα
973 2571 1170 2623 πατεῖν
1223 2565 1494 2630 δοκοῦσιν,
1547 2567 1674 2616 ὅταν
1729 2566 1760 2633 ἢ

192 2667 436 2730 πολέμου
495 2661 685 2728 καιρὸν
731 2658 955 2724 εὔλογον
988 2658 1205 2725 ἔχωσιν,
1251 2656 1282 2724 ἢ
1346 2659 1465 2716 ταῖς
1515 2653 1765 2714 σπονδαῖς

191 2755 547 2823 ἐνύδρίσωσι.
609 2752 714 2803 Καὶ
757 2744 909 2810 οὗτος
940 2750 1119 2810 αὐτοῖς
1160 2750 1185 2799 ὁ
1222 2744 1679 2814 πολεμικώτερος,
1712 2744 1768 2806 ὃς

193 2850 257 2899 ἂν
319 2846 520 2913 φανείη
591 2840 1065 2911 βαρεαρικώτερός
1123 2856 1181 2890 τι
1237 2839 1330 2890 καὶ
1391 2838 1768 2907 ἀπιστότερος,

198 2937 504 3004 μαινομένῃ
539 2949 595 2983 τε
641 2933 784 3000 χειρὶ
840 2929 1002 2990 Θύων,
1051 2929 1146 2980 καὶ
1197 2925 1423 2996 ἀπονοία
1476 2925 1766 2980 δουλεύων.

197 3026 306 3081 Καὶ
332 3029 391 3078 τὸ
423 3025 716 3093 χείριστον,
742 3023 822 3073 ὃτι
848 3019 926 3089 τῷ
957 3018 1355 3086 πλήθεινικῶσι
1385 3018 1482 3080 τὰς
1510 3016 1770 3087 μελίσσας

199 3118 292 3169 τοῦ
329 3119 517 3183 ἐαρος,
551 3114 641 3165 καὶ
679 3111 848 3172 οὐδείς
886 3126 1014 3161 ποτε
1056 3109 1262 3162 τούτων
1293 3104 1398 3160 εἶδε
1439 3107 1702 3176 χιλιάδαε,
1733 3107 1765 3176 ἢ

203 3207 493 3274 μυριάδας,
548 3201 662 3254 ἀλλ’
718 3200 945 3268 ἀριθμὴς
998 3198 1204 3250 τούτων
1263 3199 1322 3251 τὸ
1375 3197 1768 3266 ἀναρίθμητον.

211 3297 372 3348 Ἀλλὰ
403 3298 510 3361 γὰρ
544 3291 777 3354 τούτοις,
836 3293 949 3350 τοῖς
981 3289 1244 3349 τοιούτοις
1299 3289 1394 3358 τὴν
1429 3289 1629 3358 ὁρμὴν,
1666 3289 1779 3349 τοῖς

198 3391 476 3446 τοσούτοις
506 3385 566 3434 τὸ
597 3383 817 3448 πλῆθος,
861 3383 888 3431 ὸ
917 3380 1004 3442 σὸς
1046 3380 1205 3446 φόϐος
1236 3381 1356 3432 ἀντὶ
1391 3379 1598 3448 μυρίων
1627 3378 1783 3430 πολέ-

207 3498 321 3548 μων
366 3480 594 3549 ῆρκεσε,
631 3479 724 3528 καὶ
768 3475 860 3527 τὸν
894 3473 1059 3524 ἵππον
1087 3473 1184 3542 μὲν
1232 3470 1568 3533 ἀναπαῦσαι,
1611 3488 1780 3523 κατα-

205 3571 374 3638 πῆξαι
425 3571 480 3620 δὲ
529 3570 588 3618 τὸ
638 3566 908 3632 δοράτιον,
946 3563 1106 3614 λῦσαί
1159 3578 1218 3614 τε
1274 3565 1373 3632 τῆς
1412 3561 1635 3625 ἀσπίδος
1688 3562 1780 3613 τὸν

201 3663 464 3730 πόρπακα
496 3659 773 3711 πέπεικεν.

1871 1929 2125 1994 adagium
2191 1927 2484 1992 ignoravit.
2541 1925 2696 1987 Quod
2741 1925 2785 1978 si
2841 1926 3135 1977 violentius
3166 1926 3440 1991 negotium

1870 2019 2016 2072 istud
2050 2034 2244 2088 urgere
2279 2019 2429 2077 velit,
2463 2019 2577 2085 ipse
2610 2017 2828 2086 quidem
2859 2017 3058 2086 peribit
3093 2033 3106 2077 ;
3141 2016 3231 2067 alii
3262 2025 3442 2067 autem

1871 2128 1977 2164 non
2007 2119 2115 2162 tam
2149 2111 2295 2163 illius
2330 2109 2399 2162 ob
2426 2110 2787 2162 inlortuuium
2815 2110 3243 2170 miserabantur,
3277 2121 3443 2174 quant

1869 2223 1991 2260 eum
2047 2207 2114 2259 ob
2171 2207 2455 2260 audaciam
2518 2206 3011 2258 condcmnabunt:
3059 2204 3274 2272 Scytha:
3314 2217 3446 2256 vero

1871 2315 1991 2353 sese
2045 2299 2213 2366 petris
2249 2298 2670 2365 quercubusque
2708 2311 2831 2348 vere
2885 2297 3200 2363 progenitos
3255 2301 3446 2349 osten-

1871 2389 2028 2444 dunt.
2067 2387 2266 2454 quippe
2328 2387 2418 2452 qui
2464 2386 2571 2437 illis
2636 2385 2762 2437 tecti
2791 2385 2993 2436 feriunt
3022 2386 3267 2452 quidem,
3303 2385 3444 2439 nihil

1873 2498 2002 2535 vero
2027 2482 2308 2547 patiuntur
2337 2497 2348 2531 :
2379 2488 2433 2531 ut
2473 2487 2785 2546 propterea,
2843 2479 2886 2530 si
2943 2479 3127 2528 omnia
3161 2491 3266 2528 non
3332 2476 3443 2530 sint

1875 2571 2072 2624 fabulis
2111 2570 2458 2633 ascribenda,
2496 2566 2673 2637 Gyges
2715 2568 2824 2626 ille,
2854 2568 2947 2635 qui
2971 2583 3032 2619 ex
3069 2567 3332 2620 invisibili
3365 2568 3446 2619 lo-

1882 2677 1948 2716 co
2005 2663 2109 2716 tela
2168 2661 2430 2728 jaciebat,
2487 2663 2600 2725 ipse
2652 2666 2858 2718 autem,
2912 2667 3094 2724 utpote
3132 2657 3446 2721 invisibilis.

1879 2753 2067 2822 impcti
2100 2768 2205 2806 non
2237 2761 2471 2820 poterat,
2507 2750 2704 2818 Scytha
2743 2751 2876 2802 mihi
2949 2751 3116 2803 fuisse
3183 2750 3446 2804 videatur.

1877 2844 1970 2897 Eis
2006 2859 2132 2896 vero
2164 2844 2282 2894 vita:
2313 2843 2682 2910 tranquillitas
2721 2841 3009 2894 calamitas
3036 2851 3140 2902 est,
3179 2857 3242 2895 ac
3293 2841 3450 2910 quies

1876 2932 2209 2989 infirmitas:
2243 2942 2480 3000 tuncque
2518 2934 2582 2985 ad
2631 2931 2905 2984 felicitatis
2944 2933 3160 2985 culmen
3225 2949 3284 2987 se
3323 2949 3453 3001 per.

1875 3024 2062 3094 tigisse
2094 3024 2430 3085 existimant,
2455 3039 2574 3077 cum
2608 3023 2691 3076 vel
2743 3023 2868 3074 belli
2925 3037 3224 3090 congruam
3287 3038 3450 3076 oeca-

1874 3117 2083 3170 sionem
2121 3127 2284 3168 nactr
2323 3114 2548 3176 fuerint,
2606 3115 2685 3166 vel
2718 3112 2923 3167 foedera
2961 3128 3024 3165 ac
3079 3122 3236 3182 pacta
3275 3113 3454 3182 impu-

1877 3205 2074 3259 denter
2105 3205 2437 3258 violaverint
2471 3220 2484 3255 :
2519 3205 2720 3271 illeque
2752 3204 2896 3255 inter
2954 3218 3049 3258 eos
3074 3204 3246 3272 magis
3292 3206 3452 3260 helli-

1875 3310 2042 3350 cusus
2073 3309 2137 3347 ac
2189 3304 2449 3350 strenuus
2482 3295 2732 3355 habetur.
2771 3296 2862 3363 qui
2895 3297 3070 3364 magis
3095 3297 3360 3351 barbarus
3383 3312 3448 3351 ac

1877 3387 2119 3455 perfidus
2154 3385 2340 3450 fuerit,
2379 3385 2583 3440 furenti
2621 3401 2784 3441 manu
2814 3387 3075 3455 jugulans
3105 3397 3159 3441 et
3179 3390 3447 3443 vecordia)

1874 3475 2141 3529 serviens.
2165 3475 2299 3529 lllud
2338 3491 2466 3528 vero
2521 3477 2856 3544 pessimum,
2890 3477 3035 3544 quod
3096 3478 3448 3532 multitudine

1876 3581 2008 3633 apes
2058 3565 2204 3618 veris
2255 3573 2550 3633 superent,
2595 3573 2654 3618 ut
2685 3582 2846 3619 nemo
2877 3567 3159 3635 hucusque
3211 3570 3452 3636 ipsorum

1880 3655 2052 3708 millia
2087 3670 2374 3710 numerare
2418 3657 2700 3723 potuerit;
2738 3656 2832 3711 sed
2896 3659 3152 3725 proprius
3207 3661 3454 3726 ipsorum

203 3765 471 3806 numerus
502 3750 573 3802 sit
597 3761 716 3801 esse
741 3744 1191 3800 innumerabiles.
1217 3745 1288 3801 At
1315 3760 1442 3801 vero
1461 3745 1546 3801 his
1578 3745 1779 3801 talibus
1817 3747 2042 3817 impetu,
2069 3759 2257 3818 totque
2277 3751 2624 3806 multitudine
2654 3765 2824 3818 pavor
2880 3753 2958 3804 tui
2996 3767 3092 3820 pro
3131 3752 3455 3806 bellatorum

205 3845 448 3896 millibus
482 3840 585 3894 fuit
615 3856 629 3892 :
655 3840 809 3908 isque
835 3838 945 3892 illis
977 3846 1033 3892 et
1053 3853 1193 3906 equo
1225 3841 1468 3908 requiem
1499 3839 1653 3904 dare,
1683 3848 1737 3892 et
1769 3840 1979 3895 hastam
2015 3843 2181 3895 humo
2212 3844 2467 3911 deligere,
2497 3853 2550 3896 et
2583 3853 2738 3896 scuta
2763 3845 3036 3913 deponere
3074 3846 3366 3913 persuasit.

273 3936 337 3988 δ’.
362 3934 511 3987 Ἀλλ’
538 3927 649 3985 οἷόν
686 3947 751 3997 με
781 3930 900 3982 τόδε
934 3930 1131 3998 μικροῦ
1165 3931 1476 3984 διελάνθανε
1504 3930 1599 3982 τοῦ
1627 3931 1770 3983 Σκύ-

205 4031 297 4082 θου
330 4026 396 4078 τὸ
419 4025 719 4092 τέχνασμα.
750 4021 860 4087 Τῆς
888 4019 997 4090 γὰρ
1031 4021 1251 4090 εἰρήνης
1277 4020 1438 4090 ἐρῶν,
1476 4022 1571 4075 καὶ
1597 4022 1770 4092 ἡδέως

205 4122 270 4173 ἄν
311 4116 456 4185 ὑπὲρ
499 4113 702 4179 ταύτης
732 4110 923 4164 καὶτὰ
957 4111 1192 4181 φίλτατα
1233 4112 1588 4181 ἀποδόμενος,
1647 4114 1674 4164 ὁ
1719 4113 1776 4166 δὲ

211 4205 618 4278 μετεχειρίζετο
651 4202 710 4252 τδ
735 4203 971 4271 πρᾶγμα
1003 4200 1331 4271 σοφώτερον.
1371 4203 1637 4272 Πρέσδεις
1668 4204 1775 4272 γὰρ

209 4295 556 4369 σχηματίσας
581 4294 656 4362 τῷ
678 4291 923 4362 κραταιῷ
942 4290 1173 4363 δεσπότῃ
1197 4292 1606 4361 προσέπεμπεν,
1630 4294 1774 4363 ἐρεῖν

1950 3933 2007 3990 4.
2039 3933 2236 3987 Verum
2272 3935 2551 4002 singulare
2580 3935 2709 3987 illud
2749 3934 2967 4004 Scytha:
2991 3937 3309 3991 rartificium
3372 3953 3459 3992 me

1880 4031 2015 4092 pene
2055 4024 2311 4093 fugiebat.
2382 4024 2578 4077 Pacem
2657 4026 2801 4078 enim
2887 4025 3157 4094 cupiens,
3241 4041 3305 4080 ac
3361 4043 3459 4094 pro

1880 4131 1942 4169 ea
1991 4117 2314 4170 charissima
2372 4130 2600 4184 quaeque
2643 4116 2892 4169 lubenter
2945 4118 3196 4180 daturus,
3239 4125 3297 4171 ut
3330 4132 3450 4170 eam

1881 4207 2087 4273 absque
2149 4205 2370 4258 honoris
2433 4205 2722 4273 dispendio
2781 4207 3072 4268 obtineret,
3133 4208 3237 4261 hoc
3297 4208 3456 4261 calli-

1887 4296 2012 4349 dius
2072 4304 2402 4364 stratagema
2438 4296 2697 4364 arripuit.
2767 4297 2997 4365 Legatos
3049 4297 3114 4350 ad
3179 4306 3455 4365 potentem

210 4368 478 4446 κελεύσας
519 4385 616 4452 οὐχ
643 4386 723 4436 δτι
765 4385 985 4454 εἰρήνης
1017 4383 1249 4447 δέονται,
1282 4383 1397 4434 ἀλλ’
1427 4384 1509 4435 δτι
1537 4384 1778 4453 δεομένῳ
1805 4368 1858 4427 Ῑ)
1884 4403 1899 4440 ι

1771 4368 1858 4432 ιῙ)
1884 4386 2166 4440 dominum
2197 4386 2523 4444 transmisit.
2573 4386 2771 4451 iubens
2835 4387 2962 4450 illis,
3001 4397 3058 4440 ut
3095 4389 3341 4443 dicerent
3399 4402 3460 4443 se

213 4480 438 4544 πάρεισι
469 4474 567 4534 τὰς
597 4472 886 4542 ὁμολογίας
921 4473 1230 4542 θησόμενοι.
1291 4472 1350 4524 Ὀ
1392 4473 1449 4525 δὲ
1493 4473 1586 4524 καὶ
1611 4473 1785 4536 ἄλλως

215 4567 317 4635 μὲν
350 4567 408 4616 ἐν
433 4566 552 4624 ταῖς
598 4563 730 4631 πρὸς
763 4561 1078 4630 Βαρϐἀρους
1118 4561 1359 4629 ὁμιλίαις
1411 4563 1618 4624 πάντας
1654 4564 1786 4616 ἀπο-

214 4655 450 4726 κρύπτει
489 4654 581 4705 καὶ
609 4652 928 4722 φιλοσόφους
963 4654 1056 4702 καὶ
1099 4653 1331 4722 ῥήτορας
1359 4653 1466 4704 τῶν
1491 4653 1777 4722 νοημάτων

211 4751 282 4817 τῇ
319 4745 688 4813 στιϐαρότητι,
725 4743 821 4795 καὶ
862 4743 968 4794 τῶν
1018 4742 1282 4811 ῥημάτων
1330 4747 1396 4812 τῇ
1427 4743 1783 4813 καθαρότητι,

211 4841 448 4906 εὔπορος
492 4835 692 4903 εὑρεῖν,
726 4831 945 4894 εὔκολος
991 4835 1188 4899 εἰπεῖν,
1222 4833 1389 4898 πολὺς
1437 4835 1534 4905 μὲν
1569 4836 1780 4906 νοῆσαι,

211 4929 348 4994 ἡδὺς
390 4926 434 4978 δ’
473 4923 844 4993 ἑρμηνεῦσαι,
887 4922 1364 4993 μεγαλοφροσύνης
1413 4941 1473 4977 τε
1527 4926 1625 4995 τὴν
1668 4926 1782 4979 διά-

213 5016 360 5078 λεξιν
385 5012 695 5078 ἐμπιπλῶν,
748 5011 841 5062 καὶ
898 5009 1206 5078 βασιλικοὺς
1265 5014 1390 5073 τοὺς
1437 5013 1626 5081 λόγους
1684 5015 1780 5065 καὶ

216 5104 651 5172 ἀνατεταμένους
701 5100 1021 5171 ποιούμενος
1050 5119 1063 5132 ·
1124 5102 1242 5154 τότε
1274 5102 1329 5155 δὲ
1359 5105 1450 5156 καὶ
1496 5106 1633 5174 πρὸς
1692 5107 1787 5177 τὴν

215 5197 439 5261 ἀπάτην
480 5193 573 5245 τοῦ
603 5191 881 5262 Βιρϐἀρου
913 5193 1412 5261 ἐμπικρανάμενος,
1448 5197 1575 5257 τοὺς
1618 5195 1786 5265 Ὅμη-

219 5287 408 5356 ρικους
464 5285 700 5346 ἐκείνους
760 5285 1103 5354 δημηγόρους
1150 5285 1322 5349 ἐνίκα,
1373 5287 1530 5340 τοῦτο
1576 5291 1672 5357 μὲν
1711 5293 1789 5340 λι-

217 5380 363 5443 γέως
394 5379 486 5428 καὶ
516 5374 698 5444 παῦρα
730 5378 1183 5445 καταρητορεύων
1211 5377 1306 5430 τοῦ
1341 5378 1628 5444 Σκυθικοῦ,
1660 5382 1787 5434 τοῦ·

214 5483 279 5520 το
318 5468 375 5519 δέ
397 5466 752 5532 νιφάδεσσιν
787 5468 1018 5521 ἐοικότα
1047 5471 1543 5540 χειμερίῃσιν-(Ξ).
1582 5472 1671 5524 Ἐν
1712 5467 1792 5534 οἷς

1885 4478 2100 4539 adesse,
2154 4492 2264 4530 non
2321 4485 2378 4530 ut
2423 4491 2608 4545 pacem
2662 4486 2933 4546 peterent,
2998 4478 3093 4532 sed
3147 4491 3204 4532 ut
3251 4479 3454 4548 petenti

1884 4575 2043 4638 pacta
2079 4575 2132 4620 et
2168 4568 2511 4622 conditiones
2546 4569 2970 4636 prastituerent.
3007 4569 3100 4621 Ille
3131 4581 3335 4631 autem,
3364 4570 3458 4637 qui

1888 4660 2026 4713 alias
2059 4657 2187 4711 dum
2220 4657 2490 4711 Barbaros
2523 4658 2844 4726 alloquitur,
2872 4658 3230 4727 philosophos
3265 4675 3458 4714 omnes

1885 4763 1948 4802 ac
1973 4749 2220 4803 rhetores
2249 4764 2370 4803 cum
2403 4757 2847 4816 argumentorum
2868 4750 3156 4817 gravitate,
3179 4759 3290 4802 tum
3334 4767 3460 4805 ver-

1885 4841 2076 4893 borum
2117 4841 2295 4894 nitore
2323 4839 2481 4908 longe
2512 4848 2734 4910 superat
2769 4839 2989 4910 (quippe
3035 4843 3127 4908 qui
3187 4841 3455 4896 fecundus

1888 4930 1939 4983 in
1976 4929 2319 4994 inveniendo,
2358 4929 2533 4984 facilis
2567 4931 2620 4984 in
2679 4931 2910 4984 dicendo
2935 4973 2948 4996 ,
2981 4932 3035 4984 in
3098 4935 3455 5007 excogitando

1886 5021 2141 5091 copiosus
2171 5062 2185 5085 ,
2215 5023 2268 5076 in
2328 5022 2733 5091 interpretando
2782 5024 2968 5078 suavis
3001 5061 3016 5086 ,
3053 5027 3456 5093 magniﬁcentia

1886 5113 2178 5167 dictionem
2225 5129 2379 5168 suam
2411 5115 2582 5181 replet
2609 5153 2623 5176 ,
2652 5128 2715 5167 ac
2740 5129 3024 5170 sermones
3056 5131 3185 5170 suos
3207 5117 3379 5184 regios
3402 5127 3456 5171 et

1888 5205 2146 5259 sublimes
2173 5205 2344 5274 facit),
2380 5215 2508 5258 tunc
2536 5221 2664 5260 vero
2699 5215 2751 5260 et
2781 5207 2990 5260 detecta
3022 5206 3242 5259 Barbari
3271 5207 3458 5258 fraudo

1888 5297 2261 5357 exacerbatus,
2308 5296 2619 5350 bomericos
2686 5298 2811 5350 illos
2865 5307 3116 5351 oratores
3174 5299 3453 5362 vincebat,

1893 5385 2052 5436 modo
2117 5396 2278 5440 acute
2324 5386 2554 5455 Scythas
2629 5389 3023 5456 perstringens,
3071 5389 3231 5442 modo
3290 5389 3455 5440 verba

1901 5475 2152 5529 imbribus
2220 5478 2478 5531 nivalibus
2513 5548 2523 5555 .
2554 5480 2753 5532 similia
2803 5482 3096 5548 proferens.
3159 5480 3255 5535 Ubi
3310 5480 3456 5536 enim

1413 5627 1611 5689 Varia:
1654 5627 1957 5692 lectiones
2002 5638 2062 5692 et
2108 5640 2294 5692 uotae.

292 5723 372 5792 (Ξ)
407 5721 624 5777 Homer.
658 5723 819 5777 Iliad.
851 5725 940 5780 lib.
983 5743 1063 5790 tu,
1097 5742 1239 5786 vers.
1272 5727 1400 5783 9.29.
