4276 6436
273 393 375 456 291

1256 397 1545 457 ORATIO
1578 397 1656 456 IN
1703 398 2049 456 ALEXIUM
2093 400 2534 461 COMNENUM.

3417 410 3522 472 298

274 510 329 556 τὸ
364 505 519 572 ξίφος
564 505 865 572 ἐπάγοντα·
901 504 1014 556 ἀλλ’
1061 507 1372 561 ἀνέτειλεν
1428 512 1460 562 ό
1512 511 1704 574 ἥλιος,
1752 510 1846 559 καί
1878 512 1916 568 Α

1878 512 1923 568 Λ
1956 525 2024 563 ετ
2065 521 2156 563 tua
2190 528 2288 581 pro
2330 513 2484 564 nobis
2536 512 2805 578 vigilantia
2860 513 3032 582 capit;
3074 531 3246 585 neque
3289 525 3524 591 amplius

272 597 372 648 ἐπὶ
427 596 552 662 τὴν
583 598 875 664 ἐργασίαν
903 600 1088 654 αὐτοῦ
1106 600 1279 667 ἄχρις
1306 601 1569 670 ἑσπέρας
1611 602 1849 670 ἐξέρχε-

271 701 479 735 ται.-
520 688 581 737 ’0
633 686 808 753 ἣλιος
868 690 1022 755 ἔγνω
1060 691 1174 754 τὴν
1210 690 1417 754 δύσιν,
1489 694 1581 744 καὶ
1629 694 1848 744 ἀναλύει

271 776 362 826 τοῦ
391 777 584 845 ἔργου,
608 779 702 830 καὶ
726 779 1006 848 τράπεζαν
1035 782 1158 850 ίστᾷ
1187 785 1250 852 τῇ
1283 784 1485 852 ἀφοῦίᾳ
1514 788 1846 853 κατάκομον,

269 870 362 916 καὶ
389 870 649 938 κρατῆρα
687 869 899 935 πλήσας
941 870 1246 941 ἐλεύθερον,
1295 874 1373 940 τῷ
1405 875 1482 942 σῷ
1525 876 1622 942 μὲν
1657 877 1847 944 κράτει

272 957 593 1026 συνήδεται,
621 960 728 1011 τών
757 961 814 1013 δὲ
877 964 1098 1014 Σκυθῶν
1135 967 1545 1035 κατερεύγεται,
1591 968 1685 1019 καὶ
1738 970 1848 1029 τοῖς

271 1049 557 1110 ςιλτάτοις
587 1054 940 1119 προσπαίζει,
978 1056 1070 1106 καὶ
1099 1057 1270 1123 ἡδέως
1293 1059 1730 1124 ἐναγκαλίξεται,
1762 1060 1848 1111 διὶι

266 1137 360 1190 τὸν
397 1139 574 1206 μέγαν
627 1142 860 1206 Ἀλέξων
920 1147 1050 1214 ὁρᾷν
1093 1147 1282 1206 ταῦτα,
1335 1149 1430 1201 καὶ
1485 1149 1574 1199 ὑπ’
1623 1149 1846 1201 ἐκείνων

267 1229 510 1295 ὁρᾶσθαι
551 1232 971 1304 διατεινόμενος.
1010 1238 1076 1288 Τί
1122 1238 1196 1306 μὴ
1253 1239 1395 1305 λέγω
1453 1241 1578 1302 τοὶς
1634 1242 1696 1291 ὲκ
1750 1242 1846 1308 τῆξ

280 1318 458 1388 Ἐᾠας
487 1339 570 1375 σοι
611 1327 1114 1396 προσχωρήσαντας
1164 1329 1344 1396 (τοῦτο
1376 1330 1472 1397 μὲν
1523 1331 1648 1400 ἰδίᾳ,
1689 1332 1846 1382 τοῦτο

267 1409 325 1460 δὲ
356 1412 455 1463 καὶ
497 1416 708 1482 κοινῇ);
749 1417 848 1468 ’ον
882 1419 1288 1488 ἀμφισϐητοῦσι
1343 1423 1440 1489 μὲν
1487 1423 1708 1490 ἀνδρεία
1755 1425 1846 1472 καὶ

268 1503 541 1570 πραότης,
565 1505 801 1576 ὁποτέρα
840 1510 1222 1576 προσήγαγεν·
1248 1511 1481 1582 ἑκατέρα
1502 1514 1610 1582 γὰρ
1641 1512 1845 1563 τούτων

271 1593 736 1662 μεταπεποίηται.
801 1597 1069 1668 Ὀποτέρα
1121 1601 1166 1652 δ’
1221 1602 1288 1653 ἂν
1327 1602 1537 1671 κριθείη
1590 1606 1777 1672 νικᾷν,
1818 1608 1844 1654 ὁ

267 1684 529 1751 βασιλεύς
571 1689 720 1738 ἐστιν
761 1691 790 1739 ὁ
831 1691 1018 1756 νικῶν,
1072 1693 1220 1755 ὅστις
1260 1695 1604 1764 ἀπορρήτους
1649 1695 1843 1760 ίυγγας

266 1778 404 1842 ἡμῖν
434 1778 788 1847 ἐπετήδευσε,
827 1781 918 1832 καὶ
957 1784 1083 1844 τοὺς
1113 1783 1460 1851 ἀμειλίκτους
1484 1785 1839 1853 μειλίσσεται,

267 1871 368 1923 καὶ
401 1869 465 1923 τὸ
493 1871 788 1939 θειότερον,
830 1874 911 1924 ὅτι
941 1874 1073 1926 Θεὸν
1122 1876 1304 1937 αὐτοῖς
1349 1877 1839 1944 προμνηστεύεται,
1879 1859 1916 1909 υ

267 1962 371 2014 καὶ
401 1961 614 2030 εἰσάγει
641 1963 830 2016 τοῦτον
861 1966 940 2026 είς
963 1964 1059 2035 τὴν
1085 1965 1265 2018 αύτῶν
1296 1967 1596 2034 βασιλείαν,
1622 1970 1714 2021 καὶ
1743 1970 1844 2038 τῆς

267 2052 390 2104 ἐκεῖ
421 2053 726 2123 συγκλήτου
774 2056 944 2123 μέρος
996 2058 1170 2108 ποιεῖ·
1210 2058 1306 2109 καὶ
1359 2058 1560 2125 ἄνδρας
1597 2059 1844 2129 αἱμάτων

267 2142 602 2195 ἀποπλύνων
635 2147 757 2207 ταῖς
787 2144 882 2198 τοῦ
924 2146 1200 2217 Σωτηρίου
1234 2151 1460 2218 πηγαῖς,
1479 2150 1644 2203 τέκνα
1668 2152 1844 2219 φωτὸς

267 2231 536 2296 δεικνύει,
562 2233 659 2288 καὶ
681 2234 742 2288 τὸ
773 2234 875 2304 τῆς
911 2236 1221 2307 ἀφθαρσίας
1250 2238 1468 2309 ἱμάτιον
1499 2240 1840 2310 ἀμφιέννυσι,

272 2325 372 2377 καὶ
407 2324 636 2379 πλάττει
662 2326 885 2388 τούτους
917 2328 1115 2382 πλάσιν
1137 2331 1408 2402 ήμερινὴν
1433 2334 1527 2386 καὶ
1559 2334 1841 2402 σωτήριον,

271 2419 367 2469 ἵνα
403 2419 500 2470 καὶ
523 2420 651 2488 παρ’
685 2419 852 2472 αὑτοῦ
899 2420 999 2491 τήν
1049 2423 1367 2492 προσφορὰν
1400 2424 1509 2476 τῶν
1552 2425 1719 2478 ἐθνῶν
1767 2425 1842 2486 ὼς

268 2511 426 2575 παρά
462 2510 675 2562 Παύλου
707 2511 940 2580 Χριστὸς
989 2513 1368 2584 προσδέξηται.
1413 2515 1553 2566 Ἀλλ’
1576 2516 1733 2583 δρᾶτε
1767 2515 1842 2574 ώς

270 2600 372 2651 καί
418 2599 712 2662 ἀπόστολος
743 2603 875 2669 ⁴ἡμῖν
906 2601 935 2653 ὀ
979 2604 1338 2674 αὐτοκράτωρ
1364 2605 1717 2665 ὲκδέδεικται,
1750 2605 1843 2657 καὶ

267 2691 512 2759 ἀνέκυψε
547 2692 706 2744 τοῦτο
735 2692 828 2747 τοῦ
849 2693 1008 2760 λόγου
1029 2690 1141 2747 οἷόν
1171 2712 1223 2747 τι
1254 2695 1519 2764 πόρισμα.
1544 2696 1614 2746 Σὺ
1643 2696 1696 2746 δέ
1755 2712 1842 2763 μοι

270 2781 402 2848 λέγε
452 2781 744 2852 Προμηθέα
788 2784 883 2834 καὶ
927 2783 1098 2850 μῦθον
1141 2783 1462 2853 ἀνθρώπους
1505 2785 1838 2837 πλάττοντα·

280 2874 393 2923 ἀλλ’
445 2874 553 2936 ἓγιτι
594 2889 674 2922 σοι
726 2872 864 2940 μετὰ
911 2874 1008 2941 τῆς
1043 2874 1299 2944 ἀληθείας
1343 2875 1702 2944 ἀντιπαράγω
1745 2876 1843 2944 τὴν

277 2955 544 3023 βασιλέως
593 2959 939 3027 προμήθειαν
996 2964 1463 3031 μεταπλάττοντος
1527 2963 1840 3033 Ιὶαρεάρους

274 3048 372 3101 ἐπὶ
401 3048 460 3100 τὸ
505 3047 868 3120 ἀνθρώπινον,
897 3052 929 3122 ἢ
959 3053 1249 3124 θειότερον,
1277 3055 1333 3118 ὃς
1365 3073 1427 3122 γε
1464 3055 1555 3107 καὶ
1593 3055 1842 3108 διδασκα-

273 3139 368 3192 λον
393 3140 562 3193 ἐθνῶν
592 3144 1026 3214 ἐγκατέσττισας,
1057 3146 1114 3196 ὲν
1157 3146 1335 3197 πίστει
1367 3149 1460 3198 καὶ
1486 3145 1736 3218 ἀληθεία,
1763 3148 1842 3200 τὰ

275 3232 370 3284 τοῦ
405 3234 618 3286 Παύλου
654 3250 735 3286 σοι
764 3235 902 3303 λέγω
944 3236 1380 3305 ἐρθοτομήσοντα
1411 3236 1504 3288 τοῦ
1537 3238 1695 3306 λόγου
1742 3240 1840 3308 τὴν

273 3320 513 3381 αὔλακα,
536 3323 906 3392 πληθυνοῦντα
938 3325 1056 3394 Θεῷ
1081 3327 1139 3377 τὸ
1175 3327 1462 3396 γεώργιον.

1956 601 2248 655 Barbarum
2293 602 2452 654 niodo
2485 612 2921 670 persequentem,
2973 608 3135 661 modo
3192 611 3520 676 vincentem,

1955 694 2117 743 modo
2143 691 2382 756 gladium
2412 693 2774 745 intentantem
2809 694 3175 764 imaginatur;
3212 702 3306 754 sed
3340 705 3522 758 statim

1953 796 2014 830 ηρ
2055 779 2220 832 Ortus
2252 790 2327 832 est
2564 783 2664 845 sol,
2705 784 2813 835 ι’ίῐίί
2859 788 2926 836 (rd
2970 807 3000 840 υ
3035 792 3326 844 (arationem
3372 810 3524 846 sum);

1952 885 2112 939 usque
2145 872 2212 922 ad
2259 888 2519 934 vesperam
2553 877 2572 905 δ
2607 895 2618 926 -.
2669 894 2789 929 cum
2827 895 2954 930 vero
2983 884 3061 932 sul
3100 885 3336 952 cognorit
3372 901 3524 938 orca-

1951 979 2066 1012 sunt
2097 963 2138 1021 ',
2170 977 2340 1016 cessat
2380 966 2448 1016 ab
2493 982 2675 1034 opere,
2713 977 2766 1018 ct
2820 973 3096 1038 cop’osaut
3148 989 3388 1028 mensam
3440 982 3520 1029 itt-

1950 1055 2112 1105 sn-uit
2150 1071 2405 1119 securus;
2447 1058 2784 1126 lilwruuique
2825 1064 3075 1129 poculum
3123 1069 3361 1133 replens,
3416 1078 3523 1122 tua:

1949 1143 2169 1207 quidem
2227 1144 2529 1198 fortitudini
2585 1149 2813 1214 plaudit,
2871 1153 2922 1202 in
2977 1152 3208 1221 Scythas
3253 1171 3381 1208 vero
3428 1175 3523 1226 pi't'

1949 1244 2315 1304 contemptqu
2351 1246 2584 1298 eructat,
2616 1249 2781 1307 atque
2828 1258 2948 1294 cum
2986 1247 3175 1298 amicis
3209 1247 3362 1305 ludit,
3396 1266 3520 1300 cos-

1950 1344 2054 1394 quc
2088 1331 2327 1382 suaviter
2349 1333 2752 1397 complectitur,
2798 1334 3052 1398 iunucus,
3103 1353 3162 1391 se
3189 1341 3300 1392 haec.
3338 1356 3520 1394 omnia

1948 1421 2018 1472 ob
2073 1437 2326 1488 maguum
2392 1421 2638 1474 Alexium
2697 1425 2991 1489 babere,ct
3046 1431 3114 1482 ab
3161 1431 3267 1484 illis
3305 1449 3522 1499 quoque

1951 1514 2157 1567 haberi.
2202 1513 2305 1567 Sed
2341 1530 2438 1565 cur
2470 1531 2529 1567 ex
2563 1517 2782 1569 Oriente
2820 1520 3049 1586 populos
3082 1535 3140 1574 se
3184 1523 3278 1574 tibi
3315 1523 3522 1575 deden-

1949 1615 2029 1658 tes
2080 1605 2165 1656 hic
2204 1621 2309 1657 non
2386 1606 2636 1659 describo
2698 1608 2851 1674 (illud
2897 1611 3037 1661 enim
3093 1612 3365 1678 privatim,
3419 1616 3521 1666 hoc

1947 1694 2160 1761 publice
2206 1709 2263 1749 se
2309 1695 2532 1765 habet)?
2561 1696 2632 1749 De
2684 1698 2751 1750 iis
2797 1698 3108 1767 disceptant
3165 1701 3428 1755 fortitudo
3467 1713 3521 1755 et

1949 1783 2272 1849 benignitas.
2348 1794 2466 1836 utra
2543 1786 2714 1853 magis
2772 1801 2867 1840 eos
2915 1788 3236 1852 adduxerit;
3291 1798 3522 1859 utraque

1947 1877 2086 1927 enim
2119 1891 2214 1929 eos
2252 1875 2475 1929 devicit.
2517 1875 2712 1930 Verum
2739 1879 2988 1932 alterutri
3027 1882 3252 1937 victoria
3304 1885 3518 1953 adjudi-

1947 1975 2123 2030 cetur,
2161 1967 2454 2034 imperator
2489 1978 2593 2030 est,
2630 1969 2719 2038 qui
2765 1969 2929 2023 viucit
2966 1987 2977 2021 :
3011 1973 3101 2040 qui
3141 1975 3336 2028 tacitas
3361 1977 3520 2029 nobis

1949 2058 2232 2114 illecebras
2304 2061 2690 2129 suppeditavit.
2767 2063 2968 2132 quique
3042 2079 3266 2134 asperos
3338 2067 3521 2121 indole

1948 2150 2262 2204 aﬂabililate
2303 2167 2402 2204 sua
2430 2150 2635 2217 lenivit,
2661 2158 2913 2223 quodque
2943 2161 3186 2213 sanctius
3217 2167 3320 2222 est,
3353 2159 3518 2213 Deum

1947 2240 2053 2292 illis
2082 2241 2416 2303 conciliavit,
2447 2257 2655 2309 eosque
2686 2246 2738 2295 in
2772 2245 2895 2308 ejus
2930 2262 3158 2316 regnum
3189 2249 3517 2313 introduxit,

1946 2330 2228 2399 ipsiusque
2278 2347 2572 2386 consessus
2633 2344 2920 2390 consortes
2992 2338 3210 2404 ctlccit;
3260 2349 3315 2394 et
3362 2343 3512 2395 viros

1947 2423 2272 2490 sanguinqu
2313 2425 2538 2478 salutari
2575 2425 2722 2479 fonte
2752 2427 3002 2494 abluens,
3043 2430 3180 2486 ﬁlios
3213 2435 3349 2489 lucis
3383 2449 3518 2489 con-

1947 2513 2143 2574 stituit,
2195 2525 2248 2567 ct
2298 2516 2435 2568 stola
2488 2518 2913 2573 immortalitatis
2953 2522 3167 2577 induit:
3203 2540 3266 2577 ac
3298 2527 3515 2581 demum

1946 2605 2229 2657 exornavit
2279 2606 2450 2658 forma
2494 2608 2599 2662 diei
2649 2619 2699 2661 et
2731 2610 2947 2674 salutis,
3011 2623 3063 2664 ut
3095 2615 3161 2666 ab
3206 2617 3322 2684 ipso
3353 2621 3516 2672 etiam

1945 2696 2273 2750 oblationem
2349 2700 2612 2766 gentium,
2695 2705 3154 2768 quemadmodum
3236 2725 3264 2762 a
3327 2708 3516 2772 Paulo.

1945 2787 2196 2841 Christus
2235 2791 2480 2857 recipiat.
2539 2790 2614 2844 ΕΙ]
2660 2806 2810 2851 vero.
2853 2797 3126 2862 quomodo
3179 2801 3340 2854 etiam
3388 2819 3519 2872 apo-

1946 2878 2119 2930 stolus
2171 2879 2466 2947 imperator
2515 2892 2698 2934 noster
2724 2893 2978 2937 ostensus
3008 2900 3110 2947 esu
3156 2891 3369 2959 islaque
3394 2911 3518 2947 ora-

1946 2967 2112 3020 tionis
2171 2977 2375 3022 uostrre
2457 2987 2580 3037 pars
2642 2975 2915 3027 corollarii
2988 2977 3270 3044 cujusdam
3343 2984 3517 3037 instar

1945 3059 2175 3110 sulmata
2204 3061 2361 3112 nobis
2401 3062 2490 3116 sit.
2526 3063 2684 3117 \lodo
2714 3081 2842 3119 vero
2867 3068 3016 3121 dicas.
3048 3070 3202 3136 mihi,
3230 3074 3274 3128 si
3316 3077 3514 3144 placet,

1872 3182 1912 3239 C
1945 3148 2250 3204 Iniuriosum
2308 3152 2457 3206 illum
2505 3153 2911 3221 Promethcmn,
2960 3164 3049 3230 qui
3083 3164 3330 3222 homines
3360 3169 3517 3222 eﬂ'or-

1949 3243 2160 3305 malnat,
2217 3257 2318 3310 ego
2350 3260 2559 3298 summa
2586 3261 2706 3298 cum
2741 3251 2963 3305 veritate
2994 3269 3249 3321 reponant
3297 3275 3428 3326 prou
3454 3277 3510 3311 c-

1946 3333 2170 3396 theiaru,
2229 3351 2324 3388 seu
2377 3340 2774 3407 providentiam
2819 3344 3186 3413 inqmratoris,
3241 3352 3513 3408 Barbaros

275 3414 330 3466 in
385 3413 678 3476 humanos,
725 3418 806 3467 vel
865 3417 914 3466 iu
947 3415 1073 3483 quid
1104 3416 1342 3470 divinius
1378 3420 1797 3474 transforinasse
1829 3440 1840 3473 :
1873 3427 2072 3492 quique
2096 3439 2144 3481 et
2177 3446 2296 3484 sese
2335 3432 2576 3500 gentium
2626 3437 2943 3504 magistrum
2980 3441 3031 3492 in
3063 3441 3161 3496 [ide
3190 3457 3243 3498 et
3289 3450 3513 3502 veritate

273 3504 424 3557 verl-i
473 3505 683 3556 sulcum
749 3503 1056 3568 ducentem,
1129 3518 1475 3574 sogetemque
1537 3508 1642 3559 lleo
1703 3511 2150 3581 multiplicantem
2181 3519 2445 3573 exhibuit.

345 3592 421 3655 ς’.
457 3595 520 3644 Τί
563 3611 652 3659 μοι
700 3595 765 3644 τὰ
822 3594 1012 3663 πόρρω
1068 3596 1292 3661 λέγειν;
1347 3597 1410 3647 Τί
1459 3598 1516 3648 δε
1565 3599 1698 3666 πρὸς
1756 3603 1844 3651 τὸν

273 3687 489 3752 Ἴστρον
513 3687 603 3734 καὶ
623 3685 722 3752 τὴν
747 3684 919 3753 Ἐῲαν
943 3686 1259 3752 ἀπάγομαι;
1284 3687 1346 3735 Τί
1371 3686 1426 3736 δὲ
1453 3689 1524 3753 μὴ
1551 3688 1641 3754 ἀφ’
1663 3690 1844 3750 ἑστίας

269 3777 583 3845 ἀρχομένην
607 3777 704 3844 τὴν
739 3775 1150 3844 φιλανθρωπίαν
1173 3775 1266 3828 τοῦ
1297 3777 1698 3847 αὐτοκράτορος
1731 3780 1838 3831 δεί-

270 3954 425 4006 λικοῦ
468 3955 781 4023 σπέρματος
814 3955 1008 4005 ἑαυτὸν
1033 3953 1355 4024 ποιούμενος
1384 3955 1623 4026 ἄσταχυν
1656 3960 1837 4025 (ἐνέρ-

268 4063 439 4117 Teia?
491 4047 731 4111 πλάνης
784 4042 937 4097 εἶπεν
975 4045 1040 4097 ἂν
1091 4048 1254 4099 αὑτὸν
1294 4050 1322 4099 ὁ
1355 4049 1720 4116 Ἀποστόλος),
1780 4049 1836 4111 ὃς

267 4138 493 4204 κούφοις
518 4140 660 4191 τισὶν
694 4137 1001 4206 ἀνθρώποις
1034 4139 1125 4189 καὶ
1158 4139 1513 4208 παρασήμοις
1546 4141 1638 4191 καὶ
1666 4139 1836 4202 ἀξίοις

265 4228 435 4282 αὑτοῦ
464 4230 786 4297 προσφυεὶς,
822 4229 1065 4289 Ἠσίοδος
1100 4229 1359 4296 κηφῆσιν,
1405 4229 1710 4298 Ἀρχίλοχος
1745 4247 1832 4282 πι-

267 4321 481 4389 θήκοις.
531 4321 595 4371 Ὢ
645 4319 932 4386 βασιλείων
975 4319 1106 4386 ὕψος
1141 4319 1234 4370 καὶ
1275 4319 1533 4387 μέγεθος,
1572 4321 1666 4372 καὶ
1706 4325 1834 4373 ἀνα-

269 4411 482 4478 κτόρων
524 4407 867 4476 λαμπρότης,
914 4408 1008 4459 καὶ
1054 4408 1281 4476 θρόνων
1313 4409 1667 4477 μεγαλειότης
1704 4411 1834 4461 ἁσύο

267 4516 515 4567 γκριτος,
551 4494 663 4550 οἷον
704 4499 836 4565 ἡμῖν
864 4497 1166 4567 ἐνυϐρίζειν
1203 4500 1425 4568 ἐτόλμα,
1466 4501 1736 4572 ἀρπαγμα
1766 4503 1833 4555 τὰ

2017 3607 2064 3657 6.
2104 3608 2167 3659 At
2221 3611 2348 3676 qttid
2391 3611 2442 3663 iu
2505 3611 2570 3663 iis
2619 3632 2738 3682 qtae
2774 3622 2963 3686 procul
3012 3634 3158 3688 sunt,
3210 3627 3455 3688 immorer
3486 3635 3512 3687 ?

1947 3698 2056 3747 (Zur
2080 3699 2144 3748 ad
2176 3699 2371 3751 Istrum
2427 3712 2480 3753 et
2525 3701 2800 3760 Orientem
2837 3712 3117 3767 abducor?
3148 3717 3259 3771 Cur
3291 3737 3400 3775 non
3443 3728 3513 3776 al.

1945 3787 2062 3854 ipso
2103 3789 2212 3840 lare
2253 3789 2602 3858 imperatoris
2649 3796 2989 3854 clementiam
3023 3804 3382 3865 demonstro?
3423 3814 3512 3869 lu»-

1942 3875 2181 3926 surrexit
2232 3876 2376 3927 enim
2421 3894 2529 3933 non
2584 3884 2754 3936 multo
2796 3890 3000 3953 pridem
3042 3893 3165 3958 quis
3207 3912 3270 3949 ex
3303 3901 3511 3953 semine

1941 3963 2089 4029 regio
2119 3977 2176 4016 se
2206 3975 2526 4032 prognatum
2550 3974 2855 4030 eruentiens
2887 3979 2903 4038 ί
2919 3985 3271 4045 operationem
3313 3994 3509 4046 erroris

1942 4051 2092 4106 illum
2121 4056 2325 4112 diceret
2363 4057 2653 4125 Apostolus
2690 4064 2758 4132 ⁸),
2801 4068 2894 4135 qui
2929 4071 3138 4129 levibus
3181 4078 3507 4145 quibusdam

1937 4152 2097 4211 atque
2144 4149 2398 4205 obscuris
2480 4153 2790 4211 hominibus
2854 4162 2955 4228 (ex
3018 4177 3207 4218 eorum
3259 4169 3509 4228 videlicet

1936 4251 2154 4303 genere,
2179 4256 2315 4307 quos
2365 4241 2635 4298 Hesiodus
2690 4247 2867 4316 fucos,
2912 4250 3272 4313 Archilochus
3320 4262 3510 4319 simius

1937 4329 2190 4396 appellat)
2235 4346 2356 4386 sese
2405 4335 2731 4405 adiungens,
2769 4342 2916 4394 velut
2955 4343 3000 4397 si
3034 4346 3109 4399 illi
3152 4348 3362 4419 imperii
3410 4370 3509 4408 su-

1944 4417 2182 4473 blimitas
2210 4431 2264 4474 et
2294 4427 2629 4492 magnitudo,
2660 4430 2988 4493 palatiorum
3042 4417 3318 4508 splendor,
3353 4443 3505 4494 thro-

1945 4521 2243 4575 uorumque
2309 4515 2705 4580 magniﬁcentia
2773 4525 3078 4589 comparari
3141 4542 3247 4580 non
3298 4541 3504 4598 posset.

263 4589 419 4657 δῶρα
462 4589 558 4656 τῆς
588 4589 789 4656 ἀρετῆς
837 4587 1202 4657 ἡγησάμενος.
1248 4589 1387 4642 Ἀλλ’
1418 4590 1510 4642 οὖν
1551 4592 1689 4658 μετά
1724 4592 1831 4644 τῶν
1866 4619 1908 4671 D

1872 4619 1908 4671 ι)
1943 4597 2098 4651 nobis
2127 4601 2388 4655 insultare
2419 4618 2589 4660 ausus
2628 4618 2734 4672 est,
2770 4612 3017 4680 rapinam
3059 4618 3336 4676 arbitrans
3383 4639 3505 4679 esse

268 4678 599 4745 συνωμοτῶν
635 4678 663 4728 ὁ
711 4679 893 4746 μωρὸς
950 4678 1208 4740 Ἀδωνίας
1263 4681 1564 4744 ἐϐασιλεία,
1614 4681 1827 4735 καὶτοῦ

267 4769 508 4839 πονηροῦ
526 4771 828 4836 κόμματος.
852 4769 916 4819 Τί
944 4768 998 4820 δε
1017 4787 1032 4834 ;
1068 4770 1132 4822 '0
1151 4770 1594 4823 ἀποκαλύπτων
1613 4772 1829 4836 βαθέα,

267 4862 366 4912 καί
393 4859 715 4928 ἑρμηνεύων
748 4861 1044 4929 μυστήρια,
1077 4861 1397 4929 ἀπεκάλυψε
1427 4862 1504 4931 τῷ
1537 4863 1685 4932 ώτίῳ
1736 4863 1830 4915 τοῦ

267 4950 532 5018 βασιλέως
566 4949 660 5000 τὸν
720 4950 956 5017 πονηρὸν
999 4949 1314 5013 σύνδεσμον,
1368 4952 1550 5003 καὶτὸ
1589 4953 1831 5023 ὀλέθριον

263 5041 569 5096 διαδούλιον
591 5041 992 5108 ἀταλαιπώρως
1020 5042 1271 5111 φωρᾶσαι
1305 5042 1593 5106 πεποίηκε.
1613 5043 1680 5095 Τί
1702 5044 1831 5110 γοῦν

265 5132 502 5186 ἐνταῦθα
518 5135 766 5184 σκοπεῖτε
787 5150 800 5194 ;
829 5133 902 5184 Τὸ
919 5132 1110 5200 πικρὸν
1131 5132 1224 5184 τοῦ
1252 5132 1512 5200 βασιλέως
1530 5135 1622 5185 καὶ
1643 5135 1823 5204 ἀπαρ-

265 5234 522 5292 αίτητον;
561 5224 684 5285 Πῶς
719 5225 844 5285 τοὺς
895 5224 1210 5289 ἀπράκτους
1253 5224 1512 5290 φονευτάς
1543 5223 1825 5292 ήμύνατος

267 5313 392 5374 Πῶς
417 5313 543 5374 τοὺς
583 5313 808 5381 ἄχειρας
840 5313 1175 5381 ξιφηφόρους
1212 5313 1518 5382 ὴμείψατος
1568 5315 1827 5382 Ἐψίλωσε

269 5407 369 5472 μὲν
395 5406 576 5465 αὐτοῖς
597 5406 693 5464 τὰς
723 5405 986 5472 κεφαλὰς,
1023 5404 1116 5456 τοῦ
1145 5405 1375 5471 φυσικοῦ
1407 5407 1613 5472 κόσμου
1639 5408 1827 5475 στερή-

267 5513 391 5559 οας,
426 5495 502 5556 ὡς
530 5496 658 5564 περὶ
691 5494 790 5564 τὴν
821 5496 1063 5564 κεφαλὴν
1102 5497 1594 5566 ἀηημονήσαντάς
1639 5514 1696 5549 τε
1737 5500 1830 5550 καὶ

268 5585 696 5654 ἐξυόρίσαντας·
749 5585 978 5653 ἐψίλωσε
1010 5586 1104 5638 καὶ
1154 5587 1213 5638 τὸ
1243 5587 1468 5654 γένειον,
1522 5588 1607 5651 τὸ,
1652 5585 1825 5657 οἶμαι,

339 5763 680 5821 ‘Psa|.cut.
743 5762 832 5814 93.
908 5764 926 5791 ⁷
961 5761 1092 5817 Ibid.
1150 5764 1235 5818 19.

488 5857 756 5914 ινιτιιοι..
803 5854 920 5917 Gtt.
969 5856 1207 5914 CXXVI

1313 5767 1332 5796 '
1362 5765 1401 5819 ll
1432 5765 1623 5822 Thess.
1647 5784 1708 5834 tt,
1743 5770 1826 5825 l0.

1937 4685 2079 4740 dona
2118 4691 2333 4744 virtutis
2376 4695 2600 4762 :etjam
2636 4713 2759 4751 cum
2794 4702 2911 4758 suis
2947 4708 3273 4776 conjuratis,
3313 4727 3366 4768 et
3401 4717 3503 4770 ini.

1936 4794 2042 4845 qua
2099 4783 2253 4833 turba
2315 4786 2515 4840 stultus
2573 4789 2675 4843 iste
2731 4792 2971 4849 Adonias
3022 4803 3303 4868 regnabat.
3359 4807 3498 4871 Quid

1938 4871 2104 4919 vero?
2150 4868 2240 4921 Ille
2278 4872 2369 4936 qui
2425 4874 2616 4928 revelat
2670 4878 2937 4944 profunda
2988 4884 3030 4945 ³,
3083 4897 3134 4939 et
3187 4868 3501 4948 manifestat

1939 4958 2225 5024 mysteria,
2285 4963 2544 5028 perﬁdam
2622 4969 3080 5036 conspirationem
3155 4977 3498 5044 imperatoris

1939 5049 2056 5100 auri
2109 5049 2332 5118 detexit,
2381 5056 2863 5129 perniciosumque
2927 5067 3214 5121 consilium
3265 5072 3499 5131 feliciter

1933 5137 2259 5204 deprehendi
2293 5140 2440 5196 fecit.
2494 5144 2633 5209 Quid
2686 5147 2850 5216 igitur
2883 5152 2969 5206 hic
2996 5157 3287 5224 cogitatis?
3333 5161 3497 5232 Regis

1935 5228 2185 5281 acerbam
2244 5239 2299 5284 et
2354 5233 2749 5303 implacabilem
2807 5241 2981 5296 iram?
3026 5245 3310 5310 Quomodo
3372 5228 3495 5308 ίιίυς

1940 5319 2086 5373 necis
2119 5323 2519 5379 machinatores
2553 5328 2698 5384 ultus
2737 5333 2859 5385 est?
2903 5334 3042 5400 Quid
3077 5354 3249 5406 pinna:
3286 5343 3496 5413 ignavis

1940 5411 2046 5466 illis
2093 5413 2254 5480 gladii
2301 5420 2667 5484 portatoribus
2717 5427 2999 5494 rependit?
3039 5430 3282 5488 Naturali
3310 5411 3492 5492 crua-

1939 5511 2118 5555 mento
2163 5509 2538 5562 tantummodo
2586 5514 2825 5578 privatis,
2873 5516 3131 5586 depilavit
3176 5522 3334 5595 555
3386 5529 3494 5584 illis

1936 5595 2136 5662 capita,
2175 5603 2358 5664 utpote
2384 5599 2477 5668 qui
2529 5601 2582 5654 iu
2628 5613 2787 5670 caput
2836 5623 2992 5661 suum
3031 5616 3282 5678 turpiter,
3330 5627 3494 5687 atque

1905 5773 1924 5802 ’
1962 5774 2093 5828 Dan.
2129 5790 2188 5840 ll,
2221 5775 2306 5826 22.

3106 5878 3177 5937 ιθ
