  <div class='ocr_page' id='page_1' title='image "/cluster/home/n/w/nwhite01/storage/ocr_20150623/126/nnc1.0046979859/157.png"; bbox 0 0 4276 6436; ppageno 0'>
   <div class='ocr_carea' id='block_1_1' title="bbox 806 386 910 447">
    <p class='ocr_par' dir='ltr' id='par_1_1' title="bbox 806 386 910 447">
     <span class='ocr_line' id='line_1_1' title="bbox 806 386 910 447; baseline 0.01 -1"><span class='ocrx_word' id='word_1_1' title='bbox 806 386 910 447; x_wconf 75' lang='grc' dir='ltr'><strong>Εἶθὶ)</strong></span> 
     </span>
    </p>
   </div>
   <div class='ocr_carea' id='block_1_2' title="bbox 1756 377 3159 440">
    <p class='ocr_par' dir='ltr' id='par_1_2' title="bbox 1756 377 3159 440">
     <span class='ocr_line' id='line_1_2' title="bbox 1756 377 3159 440; baseline -0.003 -1"><span class='ocrx_word' id='word_1_2' title='bbox 1756 382 1857 439; x_wconf 80' lang='lat' dir='ltr'><strong>&#39;th</strong></span> <span class='ocrx_word' id='word_1_3' title='bbox 1872 379 2333 440; x_wconf 68' lang='grc' dir='ltr'><strong>ΕΟῬΙΠΊΛΟΤΙ</strong></span> <span class='ocrx_word' id='word_1_4' title='bbox 2367 377 2779 436; x_wconf 65' lang='lat' dir='ltr'><strong>BUIBARL’E</strong></span> <span class='ocrx_word' id='word_1_5' title='bbox 2806 378 2845 434; x_wconf 76' lang='grc' dir='ltr'><strong>Α</strong></span> <span class='ocrx_word' id='word_1_6' title='bbox 2856 377 3033 436; x_wconf 81' lang='lat' dir='ltr'><strong>RClll</strong></span> <span class='ocrx_word' id='word_1_7' title='bbox 3046 377 3159 437; x_wconf 78' lang='grc' dir='ltr'><strong>ΕΡ.</strong></span> 
     </span>
    </p>
   </div>
   <div class='ocr_carea' id='block_1_3' title="bbox 3940 376 4049 437">
    <p class='ocr_par' dir='ltr' id='par_1_3' title="bbox 3940 376 4049 437">
     <span class='ocr_line' id='line_1_3' title="bbox 3940 376 4049 437; baseline -0.018 0"><span class='ocrx_word' id='word_1_8' title='bbox 3940 376 4049 437; x_wconf 77' lang='grc' dir='ltr'>8οθ</span> 
     </span>
    </p>
   </div>
   <div class='ocr_carea' id='block_1_4' title="bbox 808 489 2497 571">
    <p class='ocr_par' dir='ltr' id='par_1_4' title="bbox 808 492 2497 571">
     <span class='ocr_line' id='line_1_4' title="bbox 808 492 2497 571; baseline -0.007 -16"><span class='ocrx_word' id='word_1_9' title='bbox 808 499 1177 570; x_wconf 83' lang='lat' dir='ltr'><strong>imprudenter</strong></span> <span class='ocrx_word' id='word_1_10' title='bbox 1222 496 1500 568; x_wconf 72' lang='lat' dir='ltr'><strong>egissent:</strong></span> <span class='ocrx_word' id='word_1_11' title='bbox 1553 494 1778 551; x_wconf 81' lang='lat' dir='ltr'><strong>barbam</strong></span> <span class='ocrx_word' id='word_1_12' title='bbox 1827 497 2054 560; x_wconf 76' lang='lat' dir='ltr'><strong>abrasit,</strong></span> <span class='ocrx_word' id='word_1_13' title='bbox 2097 505 2172 559; x_wconf 89' lang='grc' dir='ltr'>ιιι,</span> <span class='ocrx_word' id='word_1_14' title='bbox 2214 503 2367 564; x_wconf 89' lang='lat' dir='ltr'><strong>puto,</strong></span> <span class='ocrx_word' id='word_1_15' title='bbox 2399 514 2443 571; x_wconf 70' lang='grc' dir='ltr'><strong>Α</strong></span> <span class='ocrx_word' id='word_1_16' title='bbox 2472 492 2497 544; x_wconf 79' lang='grc' dir='ltr'><em>ἁ</em></span> 
     </span>
    </p>
   </div>
   <div class='ocr_carea' id='block_1_5' title="bbox 2355 489 4044 571">
    <p class='ocr_par' dir='ltr' id='par_1_5' title="bbox 2355 489 4044 571">
     <span class='ocr_line' id='line_1_5' title="bbox 2355 489 4044 571; baseline -0.002 -27"><span class='ocrx_word' id='word_1_17' title='bbox 2355 534 2367 557; x_wconf 92' lang='grc'><strong>,</strong></span> <span class='ocrx_word' id='word_1_18' title='bbox 2399 514 2443 571; x_wconf 72' lang='grc' dir='ltr'><strong>Α</strong></span> <span class='ocrx_word' id='word_1_19' title='bbox 2472 492 2735 561; x_wconf 79' lang='grc' dir='ltr'>ἁνανδρον</span> <span class='ocrx_word' id='word_1_20' title='bbox 2766 492 2947 545; x_wconf 85' lang='grc' dir='ltr'>αὑτῶν</span> <span class='ocrx_word' id='word_1_21' title='bbox 2976 493 3067 544; x_wconf 78' lang='grc' dir='ltr'><strong>καὶ</strong></span> <span class='ocrx_word' id='word_1_22' title='bbox 3118 490 3311 558; x_wconf 78' lang='grc' dir='ltr'>ἀγενὲς</span> <span class='ocrx_word' id='word_1_23' title='bbox 3361 489 3729 559; x_wconf 81' lang='grc' dir='ltr'>ἐκπομπεύων</span> <span class='ocrx_word' id='word_1_24' title='bbox 3773 489 3863 542; x_wconf 74' lang='grc' dir='ltr'>διὰ</span> <span class='ocrx_word' id='word_1_25' title='bbox 3903 506 4044 554; x_wconf 82' lang='grc' dir='ltr'>συμ-</span> 
     </span>
    </p>
   </div>
   <div class='ocr_carea' id='block_1_6' title="bbox 806 586 2367 656">
    <p class='ocr_par' dir='ltr' id='par_1_6' title="bbox 806 586 2367 656">
     <span class='ocr_line' id='line_1_6' title="bbox 806 586 2367 656; baseline -0.004 -11"><span class='ocrx_word' id='word_1_26' title='bbox 806 590 1076 645; x_wconf 78' lang='lat' dir='ltr'><strong>imbellem</strong></span> <span class='ocrx_word' id='word_1_27' title='bbox 1130 590 1367 656; x_wconf 87' lang='lat' dir='ltr'><strong>ipsorum</strong></span> <span class='ocrx_word' id='word_1_28' title='bbox 1422 587 1664 640; x_wconf 89' lang='lat' dir='ltr'><strong>animum</strong></span> <span class='ocrx_word' id='word_1_29' title='bbox 1714 595 1875 652; x_wconf 88' lang='lat' dir='ltr'><strong>atque</strong></span> <span class='ocrx_word' id='word_1_30' title='bbox 1935 587 2207 652; x_wconf 84' lang='lat' dir='ltr'><strong>ignaviam</strong></span> <span class='ocrx_word' id='word_1_31' title='bbox 2264 586 2367 639; x_wconf 82' lang='lat' dir='ltr'><strong>lioc</strong></span> 
     </span>
    </p>
   </div>
   <div class='ocr_carea' id='block_1_7' title="bbox 805 675 2365 751">
    <p class='ocr_par' dir='ltr' id='par_1_7' title="bbox 805 675 2365 751">
     <span class='ocr_line' id='line_1_7' title="bbox 805 675 2365 751; baseline -0.004 -19"><span class='ocrx_word' id='word_1_32' title='bbox 805 680 1053 751; x_wconf 80' lang='lat' dir='ltr'><strong>symbolo</strong></span> <span class='ocrx_word' id='word_1_33' title='bbox 1084 679 1409 747; x_wconf 87' lang='lat' dir='ltr'><strong>propalaret.</strong></span> <span class='ocrx_word' id='word_1_34' title='bbox 1462 675 1768 729; x_wconf 88' lang='lat' dir='ltr'><strong>Patibnlum</strong></span> <span class='ocrx_word' id='word_1_35' title='bbox 1822 689 1952 728; x_wconf 66' lang='lat' dir='ltr'><strong>vero</strong></span> <span class='ocrx_word' id='word_1_36' title='bbox 1983 675 2144 727; x_wconf 86' lang='lat' dir='ltr'><strong>etiam</strong></span> <span class='ocrx_word' id='word_1_37' title='bbox 2173 675 2365 735; x_wconf 84' lang='lat' dir='ltr'><strong>erexit,</strong></span> 
     </span>
    </p>
   </div>
   <div class='ocr_carea' id='block_1_8' title="bbox 803 762 2365 837">
    <p class='ocr_par' dir='ltr' id='par_1_8' title="bbox 803 762 2365 837">
     <span class='ocr_line' id='line_1_8' title="bbox 803 762 2365 837; baseline -0.008 -12"><span class='ocrx_word' id='word_1_38' title='bbox 803 768 963 837; x_wconf 82' lang='lat' dir='ltr'><strong>eique</strong></span> <span class='ocrx_word' id='word_1_39' title='bbox 994 769 1339 835; x_wconf 87' lang='lat' dir='ltr'><strong>impostorent</strong></span> <span class='ocrx_word' id='word_1_40' title='bbox 1398 766 1545 818; x_wconf 80' lang='lat' dir='ltr'><strong>illuni</strong></span> <span class='ocrx_word' id='word_1_41' title='bbox 1594 762 1875 832; x_wconf 73' lang='lat' dir='ltr'><strong>alligavit:</strong></span> <span class='ocrx_word' id='word_1_42' title='bbox 1922 762 2015 817; x_wconf 89' lang='lat' dir='ltr'><strong>sed</strong></span> <span class='ocrx_word' id='word_1_43' title='bbox 2065 762 2365 829; x_wconf 75' lang='lat' dir='ltr'><strong>patibulum</strong></span> 
     </span>
    </p>
   </div>
   <div class='ocr_carea' id='block_1_9' title="bbox 806 856 2369 928">
    <p class='ocr_par' dir='ltr' id='par_1_9' title="bbox 806 856 2369 928">
     <span class='ocr_line' id='line_1_9' title="bbox 806 856 2369 928; baseline -0.005 -17"><span class='ocrx_word' id='word_1_44' title='bbox 806 862 981 928; x_wconf 77' lang='lat' dir='ltr'><strong>ipsum</strong></span> <span class='ocrx_word' id='word_1_45' title='bbox 1018 856 1217 910; x_wconf 81' lang='lat' dir='ltr'><strong>delusit</strong></span> <span class='ocrx_word' id='word_1_46' title='bbox 1246 856 1568 909; x_wconf 74' lang='lat' dir='ltr'><strong>mitissimus</strong></span> <span class='ocrx_word' id='word_1_47' title='bbox 1601 856 1915 923; x_wconf 85' lang='lat' dir='ltr'><strong>imperator,</strong></span> <span class='ocrx_word' id='word_1_48' title='bbox 1950 864 2000 906; x_wconf 87' lang='lat' dir='ltr'><strong>et</strong></span> <span class='ocrx_word' id='word_1_49' title='bbox 2026 869 2089 907; x_wconf 85' lang='lat' dir='ltr'><strong>eo</strong></span> <span class='ocrx_word' id='word_1_50' title='bbox 2129 862 2369 906; x_wconf 87' lang='lat' dir='ltr'><strong>tantum-</strong></span> 
     </span>
    </p>
   </div>
   <div class='ocr_carea' id='block_1_10' title="bbox 806 945 2368 1018">
    <p class='ocr_par' dir='ltr' id='par_1_10' title="bbox 806 945 2368 1018">
     <span class='ocr_line' id='line_1_10' title="bbox 806 945 2368 1018; baseline -0.003 -16"><span class='ocrx_word' id='word_1_51' title='bbox 806 950 966 1003; x_wconf 82' lang='lat' dir='ltr'><strong>modo</strong></span> <span class='ocrx_word' id='word_1_52' title='bbox 1000 958 1257 1018; x_wconf 82' lang='lat' dir='ltr'><strong>tanquam</strong></span> <span class='ocrx_word' id='word_1_53' title='bbox 1294 947 1547 1003; x_wconf 88' lang='lat' dir='ltr'><strong>terriculo</strong></span> <span class='ocrx_word' id='word_1_54' title='bbox 1583 947 1648 999; x_wconf 90' lang='lat' dir='ltr'><strong>ad</strong></span> <span class='ocrx_word' id='word_1_55' title='bbox 1691 948 1948 1016; x_wconf 77' lang='lat' dir='ltr'><strong>majorem</strong></span> <span class='ocrx_word' id='word_1_56' title='bbox 1998 947 2248 999; x_wconf 84' lang='lat' dir='ltr'><strong>timorem</strong></span> <span class='ocrx_word' id='word_1_57' title='bbox 2283 945 2368 998; x_wconf 92' lang='lat' dir='ltr'><strong>in-</strong></span> 
     </span>
    </p>
   </div>
   <div class='ocr_carea' id='block_1_11' title="bbox 804 1036 2368 1101">
    <p class='ocr_par' dir='ltr' id='par_1_11' title="bbox 804 1036 2368 1101">
     <span class='ocr_line' id='line_1_11' title="bbox 804 1036 2368 1101; baseline -0.001 -10"><span class='ocrx_word' id='word_1_58' title='bbox 804 1040 1118 1093; x_wconf 80' lang='lat' dir='ltr'><strong>cutiendunt</strong></span> <span class='ocrx_word' id='word_1_59' title='bbox 1180 1049 1360 1101; x_wconf 89' lang='lat' dir='ltr'><strong>utens,</strong></span> <span class='ocrx_word' id='word_1_60' title='bbox 1412 1045 1607 1091; x_wconf 76' lang='lat' dir='ltr'><strong>caetera</strong></span> <span class='ocrx_word' id='word_1_61' title='bbox 1651 1038 1983 1089; x_wconf 71' lang='lat' dir='ltr'><strong>existimavit</strong></span> <span class='ocrx_word' id='word_1_62' title='bbox 2029 1036 2267 1088; x_wconf 82' lang='lat' dir='ltr'><strong>alienum</strong></span> <span class='ocrx_word' id='word_1_63' title='bbox 2301 1036 2368 1089; x_wconf 88' lang='lat' dir='ltr'><strong>ab</strong></span> 
     </span>
    </p>
   </div>
   <div class='ocr_carea' id='block_1_12' title="bbox 810 1126 2369 1197">
    <p class='ocr_par' dir='ltr' id='par_1_12' title="bbox 810 1126 2369 1197">
     <span class='ocr_line' id='line_1_12' title="bbox 810 1126 2369 1197; baseline -0.001 -17"><span class='ocrx_word' id='word_1_64' title='bbox 810 1130 982 1182; x_wconf 75' lang='lat' dir='ltr'><strong>Alexii</strong></span> <span class='ocrx_word' id='word_1_65' title='bbox 1019 1129 1239 1197; x_wconf 90' lang='lat' dir='ltr'><strong>imperio</strong></span> <span class='ocrx_word' id='word_1_66' title='bbox 1267 1142 1406 1192; x_wconf 90' lang='lat' dir='ltr'><strong>esse,</strong></span> <span class='ocrx_word' id='word_1_67' title='bbox 1438 1128 1584 1180; x_wconf 81' lang='lat' dir='ltr'><strong>necis</strong></span> <span class='ocrx_word' id='word_1_68' title='bbox 1618 1128 1851 1180; x_wconf 87' lang='lat' dir='ltr'><strong>hominis</strong></span> <span class='ocrx_word' id='word_1_69' title='bbox 1890 1126 2115 1179; x_wconf 76' lang='lat' dir='ltr'><strong>Romani</strong></span> <span class='ocrx_word' id='word_1_70' title='bbox 2152 1135 2369 1194; x_wconf 86' lang='lat' dir='ltr'><strong>specta-</strong></span> 
     </span>
    </p>
   </div>
   <div class='ocr_carea' id='block_1_13' title="bbox 811 1218 2368 1289">
    <p class='ocr_par' dir='ltr' id='par_1_13' title="bbox 811 1218 2368 1289">
     <span class='ocr_line' id='line_1_13' title="bbox 811 1218 2368 1289; baseline -0.002 -16"><span class='ocrx_word' id='word_1_71' title='bbox 811 1234 892 1274; x_wconf 84' lang='lat' dir='ltr'><strong>tor</strong></span> <span class='ocrx_word' id='word_1_72' title='bbox 921 1236 1070 1273; x_wconf 64' lang='lat' dir='ltr'><strong>csso.</strong></span> <span class='ocrx_word' id='word_1_73' title='bbox 1104 1221 1274 1273; x_wconf 84' lang='lat' dir='ltr'><strong>l‘orro</strong></span> <span class='ocrx_word' id='word_1_74' title='bbox 1305 1231 1439 1289; x_wconf 86' lang='lat' dir='ltr'><strong>quot</strong></span> <span class='ocrx_word' id='word_1_75' title='bbox 1480 1219 1712 1274; x_wconf 66' lang='lat' dir='ltr'><strong>heroic-is</strong></span> <span class='ocrx_word' id='word_1_76' title='bbox 1759 1218 2094 1272; x_wconf 77' lang='lat' dir='ltr'><strong>facinoribus</strong></span> <span class='ocrx_word' id='word_1_77' title='bbox 2147 1235 2243 1288; x_wconf 88' lang='lat' dir='ltr'><strong>par</strong></span> <span class='ocrx_word' id='word_1_78' title='bbox 2273 1220 2368 1270; x_wconf 71' lang='lat' dir='ltr'><strong>tibi</strong></span> 
     </span>
    </p>
   </div>
   <div class='ocr_carea' id='block_1_14' title="bbox 808 1310 2367 1379">
    <p class='ocr_par' dir='ltr' id='par_1_14' title="bbox 808 1310 2367 1379">
     <span class='ocr_line' id='line_1_14' title="bbox 808 1310 2367 1379; baseline 0 -18"><span class='ocrx_word' id='word_1_79' title='bbox 808 1316 911 1364; x_wconf 82' lang='lat' dir='ltr'><strong>hoc</strong></span> <span class='ocrx_word' id='word_1_80' title='bbox 940 1325 1059 1364; x_wconf 82' lang='lat' dir='ltr'><strong>esse</strong></span> <span class='ocrx_word' id='word_1_81' title='bbox 1084 1311 1331 1365; x_wconf 76' lang='lat' dir='ltr'><strong>videtur?</strong></span> <span class='ocrx_word' id='word_1_82' title='bbox 1352 1313 1505 1364; x_wconf 88' lang='lat' dir='ltr'><strong>Anne</strong></span> <span class='ocrx_word' id='word_1_83' title='bbox 1523 1310 1648 1379; x_wconf 88' lang='lat' dir='ltr'><strong>quid</strong></span> <span class='ocrx_word' id='word_1_84' title='bbox 1673 1311 1851 1364; x_wconf 83' lang='lat' dir='ltr'><strong>simile</strong></span> <span class='ocrx_word' id='word_1_85' title='bbox 1879 1310 2021 1379; x_wconf 87' lang='lat' dir='ltr'><strong>apud</strong></span> <span class='ocrx_word' id='word_1_86' title='bbox 2054 1320 2261 1365; x_wconf 69' lang='lat' dir='ltr'><strong>veteres</strong></span> <span class='ocrx_word' id='word_1_87' title='bbox 2282 1326 2367 1362; x_wconf 86' lang='lat' dir='ltr'><strong>re-</strong></span> 
     </span>
    </p>
   </div>
   <div class='ocr_carea' id='block_1_15' title="bbox 809 1400 2370 1469">
    <p class='ocr_par' dir='ltr' id='par_1_15' title="bbox 809 1400 2370 1469">
     <span class='ocr_line' id='line_1_15' title="bbox 809 1400 2370 1469; baseline -0.001 -17"><span class='ocrx_word' id='word_1_88' title='bbox 809 1400 1543 1469; x_wconf 83' lang='lat' dir='ltr'><strong>perias?Narrantequidem</strong></span> <span class='ocrx_word' id='word_1_89' title='bbox 1572 1401 1637 1453; x_wconf 84' lang='lat' dir='ltr'><strong>de</strong></span> <span class='ocrx_word' id='word_1_90' title='bbox 1666 1402 2095 1455; x_wconf 72' lang='lat' dir='ltr'><strong>celebratissimo</strong></span> <span class='ocrx_word' id='word_1_91' title='bbox 2111 1402 2370 1456; x_wconf 84' lang='lat' dir='ltr'><strong>Constan-</strong></span> 
     </span>
    </p>
   </div>
   <div class='ocr_carea' id='block_1_16' title="bbox 816 1491 2370 1561">
    <p class='ocr_par' dir='ltr' id='par_1_16' title="bbox 816 1491 2370 1561">
     <span class='ocr_line' id='line_1_16' title="bbox 816 1491 2370 1561; baseline 0.002 -20"><span class='ocrx_word' id='word_1_92' title='bbox 816 1493 953 1556; x_wconf 88' lang='lat' dir='ltr'><strong>tino,</strong></span> <span class='ocrx_word' id='word_1_93' title='bbox 981 1509 1104 1545; x_wconf 84' lang='lat' dir='ltr'><strong>cum</strong></span> <span class='ocrx_word' id='word_1_94' title='bbox 1132 1496 1363 1561; x_wconf 78' lang='lat' dir='ltr'><strong>p0pulus</strong></span> <span class='ocrx_word' id='word_1_95' title='bbox 1390 1492 1610 1561; x_wconf 86' lang='lat' dir='ltr'><strong>quidam</strong></span> <span class='ocrx_word' id='word_1_96' title='bbox 1634 1493 1873 1545; x_wconf 81' lang='lat' dir='ltr'><strong>insolens</strong></span> <span class='ocrx_word' id='word_1_97' title='bbox 1902 1502 1955 1543; x_wconf 89' lang='lat' dir='ltr'><strong>et</strong></span> <span class='ocrx_word' id='word_1_98' title='bbox 1988 1506 2246 1560; x_wconf 77' lang='lat' dir='ltr'><strong>arrogans</strong></span> <span class='ocrx_word' id='word_1_99' title='bbox 2265 1491 2370 1559; x_wconf 89' lang='lat' dir='ltr'><strong>(est.</strong></span> 
     </span>
    </p>
   </div>
   <div class='ocr_carea' id='block_1_17' title="bbox 808 1580 2369 1649">
    <p class='ocr_par' dir='ltr' id='par_1_17' title="bbox 808 1580 2369 1649">
     <span class='ocr_line' id='line_1_17' title="bbox 808 1580 2369 1649; baseline 0 -15"><span class='ocrx_word' id='word_1_100' title='bbox 808 1582 951 1634; x_wconf 89' lang='lat' dir='ltr'><strong>enim</strong></span> <span class='ocrx_word' id='word_1_101' title='bbox 1002 1582 1233 1649; x_wconf 84' lang='lat' dir='ltr'><strong>pOpnlus</strong></span> <span class='ocrx_word' id='word_1_102' title='bbox 1284 1583 1462 1634; x_wconf 83' lang='lat' dir='ltr'><strong>omnis</strong></span> <span class='ocrx_word' id='word_1_103' title='bbox 1517 1580 1771 1648; x_wconf 66' lang='lat' dir='ltr'><strong>nequitia:</strong></span> <span class='ocrx_word' id='word_1_104' title='bbox 1800 1590 1851 1632; x_wconf 87' lang='lat' dir='ltr'><strong>et</strong></span> <span class='ocrx_word' id='word_1_105' title='bbox 1881 1582 2251 1634; x_wconf 81' lang='lat' dir='ltr'><strong>conviciorum</strong></span> <span class='ocrx_word' id='word_1_106' title='bbox 2286 1595 2369 1634; x_wconf 87' lang='lat' dir='ltr'><strong>rc-</strong></span> 
     </span>
    </p>
   </div>
   <div class='ocr_carea' id='block_1_18' title="bbox 808 1671 2366 1741">
    <p class='ocr_par' dir='ltr' id='par_1_18' title="bbox 808 1671 2366 1741">
     <span class='ocr_line' id='line_1_18' title="bbox 808 1671 2366 1741; baseline 0.003 -20"><span class='ocrx_word' id='word_1_107' title='bbox 808 1675 1148 1740; x_wconf 76' lang='lat' dir='ltr'><strong>iteptaculum</strong></span> <span class='ocrx_word' id='word_1_108' title='bbox 1187 1688 1249 1725; x_wconf 87' lang='lat' dir='ltr'><strong>ac</strong></span> <span class='ocrx_word' id='word_1_109' title='bbox 1279 1672 1457 1739; x_wconf 86' lang='lat' dir='ltr'><strong>sedes)</strong></span> <span class='ocrx_word' id='word_1_110' title='bbox 1483 1672 1679 1726; x_wconf 85' lang='lat' dir='ltr'><strong>statuis</strong></span> <span class='ocrx_word' id='word_1_111' title='bbox 1714 1672 1888 1739; x_wconf 83' lang='lat' dir='ltr'><strong>ipsius</strong></span> <span class='ocrx_word' id='word_1_112' title='bbox 1919 1686 1949 1725; x_wconf 88' lang='lat' dir='ltr'><strong>e</strong></span> <span class='ocrx_word' id='word_1_113' title='bbox 1972 1671 2090 1725; x_wconf 85' lang='lat' dir='ltr'><strong>foro</strong></span> <span class='ocrx_word' id='word_1_114' title='bbox 2119 1671 2366 1741; x_wconf 82' lang='lat' dir='ltr'><strong>direptis,</strong></span> 
     </span>
    </p>
   </div>
   <div class='ocr_carea' id='block_1_19' title="bbox 809 1760 2369 1828">
    <p class='ocr_par' dir='ltr' id='par_1_19' title="bbox 809 1760 2369 1828">
     <span class='ocr_line' id='line_1_19' title="bbox 809 1760 2369 1828; baseline 0 -15"><span class='ocrx_word' id='word_1_115' title='bbox 809 1762 973 1815; x_wconf 83' lang='lat' dir='ltr'><strong>facies</strong></span> <span class='ocrx_word' id='word_1_116' title='bbox 1004 1767 1257 1815; x_wconf 72' lang='lat' dir='ltr'><strong>&#39;saxornm</strong></span> <span class='ocrx_word' id='word_1_117' title='bbox 1303 1761 1499 1813; x_wconf 85' lang='lat' dir='ltr'><strong>ictibus</strong></span> <span class='ocrx_word' id='word_1_118' title='bbox 1534 1760 1953 1821; x_wconf 74' lang='lat' dir='ltr'><strong>del‘orinassent,</strong></span> <span class='ocrx_word' id='word_1_119' title='bbox 1988 1760 2150 1828; x_wconf 81' lang='lat' dir='ltr'><strong>idque</strong></span> <span class='ocrx_word' id='word_1_120' title='bbox 2195 1762 2369 1828; x_wconf 86' lang='lat' dir='ltr'><strong>impe-</strong></span> 
     </span>
    </p>
   </div>
   <div class='ocr_carea' id='block_1_20' title="bbox 2466 580 4047 651">
    <p class='ocr_par' dir='ltr' id='par_1_20' title="bbox 2466 580 4047 651">
     <span class='ocr_line' id='line_1_20' title="bbox 2466 580 4047 651; baseline -0.003 -18"><span class='ocrx_word' id='word_1_121' title='bbox 2466 581 2690 635; x_wconf 76' lang='grc' dir='ltr'>ϐολικοῦ</span> <span class='ocrx_word' id='word_1_122' title='bbox 2712 583 2805 634; x_wconf 87' lang='grc' dir='ltr'>τοῦ</span> <span class='ocrx_word' id='word_1_123' title='bbox 2837 584 3249 651; x_wconf 81' lang='grc' dir='ltr'><strong>προσχήματος.</strong></span> <span class='ocrx_word' id='word_1_124' title='bbox 3272 580 3518 634; x_wconf 76' lang='grc' dir='ltr'>Σκόλοπα</span> <span class='ocrx_word' id='word_1_125' title='bbox 3547 581 3893 647; x_wconf 56' lang='grc' dir='ltr'>δένάνέστησε</span> <span class='ocrx_word' id='word_1_126' title='bbox 3925 582 4047 651; x_wconf 81' lang='grc' dir='ltr'>μὲν,</span> 
     </span>
    </p>
   </div>
   <div class='ocr_carea' id='block_1_21' title="bbox 2471 670 4053 741">
    <p class='ocr_par' dir='ltr' id='par_1_21' title="bbox 2471 670 4053 741">
     <span class='ocr_line' id='line_1_21' title="bbox 2471 670 4053 741; baseline -0.003 -16"><span class='ocrx_word' id='word_1_127' title='bbox 2471 675 2565 725; x_wconf 81' lang='grc' dir='ltr'>καὶ</span> <span class='ocrx_word' id='word_1_128' title='bbox 2589 674 2680 725; x_wconf 67' lang='grc' dir='ltr'>τὸν</span> <span class='ocrx_word' id='word_1_129' title='bbox 2708 674 2910 726; x_wconf 77' lang='grc' dir='ltr'><strong>πλάνον</strong></span> <span class='ocrx_word' id='word_1_130' title='bbox 2938 674 3149 725; x_wconf 81' lang='grc' dir='ltr'>ἐκεῖνον</span> <span class='ocrx_word' id='word_1_131' title='bbox 3180 672 3463 741; x_wconf 43' lang='grc' dir='ltr'>ἐπέδτισεν,</span> <span class='ocrx_word' id='word_1_132' title='bbox 3494 671 3728 738; x_wconf 80' lang='grc' dir='ltr'>ἐπεγέλα</span> <span class='ocrx_word' id='word_1_133' title='bbox 3755 671 3810 723; x_wconf 80' lang='grc' dir='ltr'>δὲ</span> <span class='ocrx_word' id='word_1_134' title='bbox 3840 670 3947 739; x_wconf 79' lang='grc' dir='ltr'>ἄρα</span> <span class='ocrx_word' id='word_1_135' title='bbox 3972 670 4053 738; x_wconf 84' lang='grc' dir='ltr'>τῷ</span> 
     </span>
    </p>
   </div>
   <div class='ocr_carea' id='block_1_22' title="bbox 2472 760 4052 834">
    <p class='ocr_par' dir='ltr' id='par_1_22' title="bbox 2472 760 4052 834">
     <span class='ocr_line' id='line_1_22' title="bbox 2472 760 4052 834; baseline -0.004 -17"><span class='ocrx_word' id='word_1_136' title='bbox 2472 764 2694 817; x_wconf 84' lang='grc' dir='ltr'>σκόλοπι</span> <span class='ocrx_word' id='word_1_137' title='bbox 2728 767 2756 819; x_wconf 83' lang='grc' dir='ltr'>ὁ</span> <span class='ocrx_word' id='word_1_138' title='bbox 2813 764 3225 833; x_wconf 65' lang='grc' dir='ltr'>φιλάνθρωπος,</span> <span class='ocrx_word' id='word_1_139' title='bbox 3283 763 3586 834; x_wconf 72' lang='grc' dir='ltr'>φοὸήτερον</span> <span class='ocrx_word' id='word_1_140' title='bbox 3632 762 3697 833; x_wconf 74' lang='grc' dir='ltr'><strong>Η.</strong></span> <span class='ocrx_word' id='word_1_141' title='bbox 3750 760 4052 831; x_wconf 60' lang='grc' dir='ltr'>φόϐητρονί</span> 
     </span>
    </p>
   </div>
   <div class='ocr_carea' id='block_1_23' title="bbox 2470 850 4055 925">
    <p class='ocr_par' dir='ltr' id='par_1_23' title="bbox 2470 850 4055 925">
     <span class='ocr_line' id='line_1_23' title="bbox 2470 850 4055 925; baseline -0.003 -17"><span class='ocrx_word' id='word_1_142' title='bbox 2470 857 2633 909; x_wconf 72' lang='grc' dir='ltr'>αὑτὸν</span> <span class='ocrx_word' id='word_1_143' title='bbox 2660 858 2822 925; x_wconf 86' lang='grc' dir='ltr'>μόνον</span> <span class='ocrx_word' id='word_1_144' title='bbox 2854 856 3047 921; x_wconf 77' lang='grc' dir='ltr'>ὀξύνας</span> <span class='ocrx_word' id='word_1_145' title='bbox 3086 857 3179 909; x_wconf 82' lang='grc' dir='ltr'><strong>καὶ</strong></span> <span class='ocrx_word' id='word_1_146' title='bbox 3211 850 3321 907; x_wconf 74' lang='grc' dir='ltr'>οἷον</span> <span class='ocrx_word' id='word_1_147' title='bbox 3358 854 3752 924; x_wconf 86' lang='grc' dir='ltr'>μορμολύκειον</span> <span class='ocrx_word' id='word_1_148' title='bbox 3779 854 4055 922; x_wconf 68' lang='grc' dir='ltr'>τεκτηνασ-</span> 
     </span>
    </p>
   </div>
   <div class='ocr_carea' id='block_1_24' title="bbox 2473 945 4051 1020">
    <p class='ocr_par' dir='ltr' id='par_1_24' title="bbox 2473 945 4051 1020">
     <span class='ocr_line' id='line_1_24' title="bbox 2473 945 4051 1020; baseline -0.002 -19"><span class='ocrx_word' id='word_1_149' title='bbox 2473 965 2664 1017; x_wconf 87' lang='grc' dir='ltr'>μενος·</span> <span class='ocrx_word' id='word_1_150' title='bbox 2701 950 2825 1003; x_wconf 85' lang='grc' dir='ltr'>οὑδὲ</span> <span class='ocrx_word' id='word_1_151' title='bbox 2879 950 2987 1020; x_wconf 78' lang='grc' dir='ltr'>γὰρ</span> <span class='ocrx_word' id='word_1_152' title='bbox 3028 945 3168 1001; x_wconf 75' lang='grc' dir='ltr'>εἶναι</span> <span class='ocrx_word' id='word_1_153' title='bbox 3206 949 3307 1017; x_wconf 75' lang='grc' dir='ltr'><strong>τῆς</strong></span> <span class='ocrx_word' id='word_1_154' title='bbox 3343 948 3585 1012; x_wconf 84' lang='grc' dir='ltr'>’Λλεξίου</span> <span class='ocrx_word' id='word_1_155' title='bbox 3639 948 3916 1017; x_wconf 77' lang='grc' dir='ltr'>βασιλείας</span> <span class='ocrx_word' id='word_1_156' title='bbox 3952 949 4051 1001; x_wconf 83' lang='grc' dir='ltr'><strong>ἀν-</strong></span> 
     </span>
    </p>
   </div>
   <div class='ocr_carea' id='block_1_25' title="bbox 2468 1040 4050 1110">
    <p class='ocr_par' dir='ltr' id='par_1_25' title="bbox 2468 1040 4050 1110">
     <span class='ocr_line' id='line_1_25' title="bbox 2468 1040 4050 1110; baseline -0.002 -18"><span class='ocrx_word' id='word_1_157' title='bbox 2468 1041 2593 1109; x_wconf 70' lang='grc' dir='ltr'>δρδς</span> <span class='ocrx_word' id='word_1_158' title='bbox 2631 1042 2909 1110; x_wconf 81' lang='grc' dir='ltr'>Ῥωμαίου</span> <span class='ocrx_word' id='word_1_159' title='bbox 2960 1045 3119 1110; x_wconf 74' lang='grc' dir='ltr'>φόνον</span> <span class='ocrx_word' id='word_1_160' title='bbox 3163 1040 3486 1094; x_wconf 79' lang='grc' dir='ltr'>θεάσασθαι.</span> <span class='ocrx_word' id='word_1_161' title='bbox 3523 1040 3694 1093; x_wconf 78' lang='grc' dir='ltr'>Τοῦτό</span> <span class='ocrx_word' id='word_1_162' title='bbox 3752 1057 3832 1092; x_wconf 77' lang='grc' dir='ltr'><strong>σοι</strong></span> <span class='ocrx_word' id='word_1_163' title='bbox 3860 1041 4050 1091; x_wconf 74' lang='grc' dir='ltr'>πόσων</span> 
     </span>
    </p>
   </div>
   <div class='ocr_carea' id='block_1_26' title="bbox 2470 1132 4049 1204">
    <p class='ocr_par' dir='ltr' id='par_1_26' title="bbox 2470 1132 4049 1204">
     <span class='ocr_line' id='line_1_26' title="bbox 2470 1132 4049 1204; baseline -0.001 -20"><span class='ocrx_word' id='word_1_164' title='bbox 2470 1132 2884 1204; x_wconf 75' lang='grc' dir='ltr'>ἀριστευμάτων</span> <span class='ocrx_word' id='word_1_165' title='bbox 2926 1134 3180 1200; x_wconf 75' lang='grc' dir='ltr'><strong>ἀντάξιον</strong></span> <span class='ocrx_word' id='word_1_166' title='bbox 3226 1133 3460 1195; x_wconf 74' lang='grc' dir='ltr'>Τούτους</span> <span class='ocrx_word' id='word_1_167' title='bbox 3508 1134 3560 1184; x_wconf 86' lang='grc' dir='ltr'><strong>τί</strong></span> <span class='ocrx_word' id='word_1_168' title='bbox 3599 1132 3665 1185; x_wconf 81' lang='grc' dir='ltr'><strong>ἂν</strong></span> <span class='ocrx_word' id='word_1_169' title='bbox 3694 1132 3876 1203; x_wconf 84' lang='grc' dir='ltr'>εὖροις</span> <span class='ocrx_word' id='word_1_170' title='bbox 3912 1135 4049 1201; x_wconf 68' lang='grc' dir='ltr'>περὶ</span> 
     </span>
    </p>
   </div>
   <div class='ocr_carea' id='block_1_27' title="bbox 2471 1224 4047 1296">
    <p class='ocr_par' dir='ltr' id='par_1_27' title="bbox 2471 1224 4047 1296">
     <span class='ocr_line' id='line_1_27' title="bbox 2471 1224 4047 1296; baseline -0.003 -19"><span class='ocrx_word' id='word_1_171' title='bbox 2471 1224 2535 1296; x_wconf 69' lang='grc' dir='ltr'><strong>[Γ.</strong></span> <span class='ocrx_word' id='word_1_172' title='bbox 2590 1226 2767 1296; x_wconf 70' lang='grc' dir='ltr'>παρὰ]</span> <span class='ocrx_word' id='word_1_173' title='bbox 2808 1228 2918 1288; x_wconf 90' lang='grc' dir='ltr'>τοῖς</span> <span class='ocrx_word' id='word_1_174' title='bbox 2984 1225 3235 1286; x_wconf 73' lang='grc' dir='ltr'>παλαιοῖς</span> <span class='ocrx_word' id='word_1_175' title='bbox 3304 1225 3638 1288; x_wconf 82' lang='grc' dir='ltr'>ίσοστὰσιον;</span> <span class='ocrx_word' id='word_1_176' title='bbox 3702 1224 3932 1291; x_wconf 79' lang='grc' dir='ltr'>Λέγεταί</span> <span class='ocrx_word' id='word_1_177' title='bbox 3994 1240 4047 1273; x_wconf 90' lang='grc' dir='ltr'><strong>τι.</strong></span> 
     </span>
    </p>
   </div>
   <div class='ocr_carea' id='block_1_28' title="bbox 2472 1313 4052 1384">
    <p class='ocr_par' dir='ltr' id='par_1_28' title="bbox 2472 1313 4052 1384">
     <span class='ocr_line' id='line_1_28' title="bbox 2472 1313 4052 1384; baseline -0.003 -17"><span class='ocrx_word' id='word_1_178' title='bbox 2472 1316 2596 1384; x_wconf 76' lang='grc' dir='ltr'>περὶ</span> <span class='ocrx_word' id='word_1_179' title='bbox 2627 1314 2723 1366; x_wconf 80' lang='grc' dir='ltr'>τοῦ</span> <span class='ocrx_word' id='word_1_180' title='bbox 2757 1315 3118 1384; x_wconf 71' lang='grc' dir='ltr'>πανευφήμου</span> <span class='ocrx_word' id='word_1_181' title='bbox 3163 1313 3603 1377; x_wconf 86' lang='grc' dir='ltr'>Κωνσταντίνου,</span> <span class='ocrx_word' id='word_1_182' title='bbox 3635 1313 3708 1375; x_wconf 84' lang='grc' dir='ltr'>ὼς</span> <span class='ocrx_word' id='word_1_183' title='bbox 3738 1314 3845 1381; x_wconf 78' lang='grc' dir='ltr'>ἄρα</span> <span class='ocrx_word' id='word_1_184' title='bbox 3878 1314 4052 1381; x_wconf 78' lang='grc' dir='ltr'>δῆμος</span> 
     </span>
    </p>
   </div>
   <div class='ocr_carea' id='block_1_29' title="bbox 2473 1403 4051 1477">
    <p class='ocr_par' dir='ltr' id='par_1_29' title="bbox 2473 1403 4051 1477">
     <span class='ocr_line' id='line_1_29' title="bbox 2473 1403 4051 1477; baseline -0.004 -18"><span class='ocrx_word' id='word_1_185' title='bbox 2473 1407 2572 1477; x_wconf 83' lang='grc' dir='ltr'>μέν</span> <span class='ocrx_word' id='word_1_186' title='bbox 2600 1422 2683 1468; x_wconf 90' lang='grc' dir='ltr'><strong>τις</strong></span> <span class='ocrx_word' id='word_1_187' title='bbox 2714 1404 2977 1476; x_wconf 80' lang='grc' dir='ltr'>ὑϐριστὴς</span> <span class='ocrx_word' id='word_1_188' title='bbox 3005 1405 3100 1457; x_wconf 75' lang='grc' dir='ltr'><strong>καὶ</strong></span> <span class='ocrx_word' id='word_1_189' title='bbox 3136 1406 3418 1475; x_wconf 83' lang='grc' dir='ltr'>ἀγέρωχος</span> <span class='ocrx_word' id='word_1_190' title='bbox 3448 1404 3564 1473; x_wconf 77' lang='grc' dir='ltr'>(καὶ</span> <span class='ocrx_word' id='word_1_191' title='bbox 3589 1404 3641 1455; x_wconf 81' lang='grc' dir='ltr'><strong>τί</strong></span> <span class='ocrx_word' id='word_1_192' title='bbox 3683 1404 3789 1473; x_wconf 78' lang='grc' dir='ltr'>γὰρ</span> <span class='ocrx_word' id='word_1_193' title='bbox 3818 1404 3851 1473; x_wconf 78' lang='grc' dir='ltr'><strong>ἧ</strong></span> <span class='ocrx_word' id='word_1_194' title='bbox 3876 1403 4051 1469; x_wconf 67' lang='grc' dir='ltr'>δῆμος</span> 
     </span>
    </p>
   </div>
   <div class='ocr_carea' id='block_1_30' title="bbox 2470 1493 4054 1565">
    <p class='ocr_par' dir='ltr' id='par_1_30' title="bbox 2470 1493 4054 1565">
     <span class='ocr_line' id='line_1_30' title="bbox 2470 1493 4054 1565; baseline -0.004 -15"><span class='ocrx_word' id='word_1_195' title='bbox 2470 1496 2729 1558; x_wconf 76' lang='grc' dir='ltr'><strong>παντοίας</strong></span> <span class='ocrx_word' id='word_1_196' title='bbox 2778 1496 2979 1557; x_wconf 82' lang='grc' dir='ltr'>κακίας</span> <span class='ocrx_word' id='word_1_197' title='bbox 3023 1496 3367 1565; x_wconf 76' lang='grc' dir='ltr'><strong>συμφόρημα</strong></span> <span class='ocrx_word' id='word_1_198' title='bbox 3415 1495 3507 1547; x_wconf 74' lang='grc' dir='ltr'><strong>καὶ</strong></span> <span class='ocrx_word' id='word_1_199' title='bbox 3542 1493 3754 1563; x_wconf 77' lang='grc' dir='ltr'>ὑΰρεως</span> <span class='ocrx_word' id='word_1_200' title='bbox 3789 1493 4054 1560; x_wconf 75' lang='grc' dir='ltr'>τελεστή-</span> 
     </span>
    </p>
   </div>
   <div class='ocr_carea' id='block_1_31' title="bbox 2473 1581 4055 1657">
    <p class='ocr_par' dir='ltr' id='par_1_31' title="bbox 2473 1581 4055 1657">
     <span class='ocr_line' id='line_1_31' title="bbox 2473 1581 4055 1657; baseline -0.006 -16"><span class='ocrx_word' id='word_1_201' title='bbox 2473 1606 2587 1655; x_wconf 92' lang='grc' dir='ltr'>ριον</span> <span class='ocrx_word' id='word_1_202' title='bbox 2610 1589 2675 1657; x_wconf 89' lang='grc'><strong>;),</strong></span> <span class='ocrx_word' id='word_1_203' title='bbox 2714 1587 2914 1656; x_wconf 83' lang='grc' dir='ltr'>στήλας</span> <span class='ocrx_word' id='word_1_204' title='bbox 2939 1586 3102 1640; x_wconf 72' lang='grc' dir='ltr'>αὑτοῦ</span> <span class='ocrx_word' id='word_1_205' title='bbox 3127 1587 3222 1655; x_wconf 71' lang='grc' dir='ltr'><strong>τῆς</strong></span> <span class='ocrx_word' id='word_1_206' title='bbox 3249 1587 3451 1654; x_wconf 79' lang='grc' dir='ltr'>ἀγορᾶς</span> <span class='ocrx_word' id='word_1_207' title='bbox 3483 1585 3863 1645; x_wconf 76' lang='grc' dir='ltr'>κατασπάσας,</span> <span class='ocrx_word' id='word_1_208' title='bbox 3886 1581 4055 1634; x_wconf 83' lang='grc' dir='ltr'>λίθων</span> 
     </span>
    </p>
   </div>
   <div class='ocr_carea' id='block_1_32' title="bbox 2472 1674 4058 1748">
    <p class='ocr_par' dir='ltr' id='par_1_32' title="bbox 2472 1674 4058 1748">
     <span class='ocr_line' id='line_1_32' title="bbox 2472 1674 4058 1748; baseline -0.004 -16"><span class='ocrx_word' id='word_1_209' title='bbox 2472 1679 2654 1748; x_wconf 80' lang='grc' dir='ltr'>βολαῖς</span> <span class='ocrx_word' id='word_1_210' title='bbox 2680 1679 2779 1741; x_wconf 78' lang='grc' dir='ltr'>τὰς</span> <span class='ocrx_word' id='word_1_211' title='bbox 2817 1677 2971 1747; x_wconf 68' lang='grc' dir='ltr'>ὄψεις</span> <span class='ocrx_word' id='word_1_212' title='bbox 2997 1678 3432 1747; x_wconf 75' lang='grc' dir='ltr'>διαλωϐἠσαντο.</span> <span class='ocrx_word' id='word_1_213' title='bbox 3478 1676 3767 1743; x_wconf 73' lang='grc' dir='ltr'><strong>Ἀγγελθὲν</strong></span> <span class='ocrx_word' id='word_1_214' title='bbox 3799 1675 3853 1726; x_wconf 79' lang='grc' dir='ltr'>δὲ</span> <span class='ocrx_word' id='word_1_215' title='bbox 3890 1674 4058 1726; x_wconf 74' lang='grc' dir='ltr'>τοῦτο</span> 
     </span>
    </p>
   </div>
   <div class='ocr_carea' id='block_1_33' title="bbox 2470 1768 4053 1840">
    <p class='ocr_par' dir='ltr' id='par_1_33' title="bbox 2470 1768 4053 1840">
     <span class='ocr_line' id='line_1_33' title="bbox 2470 1768 4053 1840; baseline -0.003 -19"><span class='ocrx_word' id='word_1_216' title='bbox 2470 1770 2547 1840; x_wconf 79' lang='grc' dir='ltr'>τῷ</span> <span class='ocrx_word' id='word_1_217' title='bbox 2584 1770 2814 1839; x_wconf 77' lang='grc' dir='ltr'>βασιλεῖ,</span> <span class='ocrx_word' id='word_1_218' title='bbox 2856 1768 3046 1821; x_wconf 82' lang='grc' dir='ltr'>πολλοὶ</span> <span class='ocrx_word' id='word_1_219' title='bbox 3094 1770 3191 1837; x_wconf 74' lang='grc' dir='ltr'>μὲν</span> <span class='ocrx_word' id='word_1_220' title='bbox 3240 1768 3459 1837; x_wconf 81' lang='grc' dir='ltr'>σχέτλια</span> <span class='ocrx_word' id='word_1_221' title='bbox 3496 1768 3711 1830; x_wconf 79' lang='grc' dir='ltr'>παθεῖν,</span> <span class='ocrx_word' id='word_1_222' title='bbox 3768 1768 3861 1818; x_wconf 70' lang='grc' dir='ltr'><strong>καὶ</strong></span> <span class='ocrx_word' id='word_1_223' title='bbox 3908 1768 4053 1834; x_wconf 77' lang='grc' dir='ltr'><strong>μετᾶ</strong></span> 
     </span>
    </p>
   </div>
   <div class='ocr_carea' id='block_1_34' title="bbox 810 1850 2499 1929">
    <p class='ocr_par' dir='ltr' id='par_1_34' title="bbox 810 1850 2495 1918">
     <span class='ocr_line' id='line_1_34' title="bbox 810 1850 2495 1918; baseline -0.001 -15"><span class='ocrx_word' id='word_1_224' title='bbox 810 1854 972 1903; x_wconf 90' lang='lat' dir='ltr'><strong>ratori</strong></span> <span class='ocrx_word' id='word_1_225' title='bbox 1005 1851 1375 1903; x_wconf 83' lang='lat' dir='ltr'><strong>renuntiatum</strong></span> <span class='ocrx_word' id='word_1_226' title='bbox 1424 1859 1587 1909; x_wconf 85' lang='lat' dir='ltr'><strong>esset,</strong></span> <span class='ocrx_word' id='word_1_227' title='bbox 1623 1850 1886 1918; x_wconf 89' lang='lat' dir='ltr'><strong>multique</strong></span> <span class='ocrx_word' id='word_1_228' title='bbox 1917 1850 2091 1917; x_wconf 84' lang='lat' dir='ltr'><strong>ipsius</strong></span> <span class='ocrx_word' id='word_1_229' title='bbox 2124 1852 2364 1902; x_wconf 90' lang='lat' dir='ltr'><strong>animum</strong></span> <span class='ocrx_word' id='word_1_230' title='bbox 2396 1858 2438 1913; x_wconf 76' lang='grc' dir='ltr'><strong>Β</strong></span> <span class='ocrx_word' id='word_1_231' title='bbox 2467 1879 2495 1913; x_wconf 86' lang='grc' dir='ltr'><strong>τ</strong></span> 
     </span>
    </p>
   </div>
   <div class='ocr_carea' id='block_1_35' title="bbox 2363 1850 4052 1929">
    <p class='ocr_par' dir='ltr' id='par_1_35' title="bbox 2363 1856 4052 1929">
     <span class='ocr_line' id='line_1_35' title="bbox 2363 1856 4052 1929; baseline -0.004 -16"><span class='ocrx_word' id='word_1_232' title='bbox 2363 1893 2364 1899; x_wconf 60' lang='grc' dir='ltr'><strong>η</strong></span> <span class='ocrx_word' id='word_1_233' title='bbox 2396 1858 2438 1913; x_wconf 81' lang='grc' dir='ltr'><strong>Β</strong></span> <span class='ocrx_word' id='word_1_234' title='bbox 2467 1862 2575 1913; x_wconf 84' lang='grc' dir='ltr'><strong>τῶν</strong></span> <span class='ocrx_word' id='word_1_235' title='bbox 2608 1860 2870 1929; x_wconf 74' lang='grc' dir='ltr'><strong>σχετλίων</strong></span> <span class='ocrx_word' id='word_1_236' title='bbox 2919 1860 2978 1912; x_wconf 69' lang='grc' dir='ltr'>τὸ</span> <span class='ocrx_word' id='word_1_237' title='bbox 3039 1860 3273 1928; x_wconf 80' lang='grc' dir='ltr'>πρᾶγμα</span> <span class='ocrx_word' id='word_1_238' title='bbox 3319 1857 3589 1919; x_wconf 82' lang='grc' dir='ltr'>τίθεσθαι,</span> <span class='ocrx_word' id='word_1_239' title='bbox 3619 1857 3714 1911; x_wconf 81' lang='grc' dir='ltr'>τοῦ</span> <span class='ocrx_word' id='word_1_240' title='bbox 3764 1856 4052 1926; x_wconf 73' lang='grc' dir='ltr'>βασιλικοῦ</span> 
     </span>
    </p>
   </div>
   <div class='ocr_carea' id='block_1_36' title="bbox 806 1938 2370 2009">
    <p class='ocr_par' dir='ltr' id='par_1_36' title="bbox 806 1938 2370 2009">
     <span class='ocr_line' id='line_1_36' title="bbox 806 1938 2370 2009; baseline 0.001 -17"><span class='ocrx_word' id='word_1_241' title='bbox 806 1940 1165 2003; x_wconf 87' lang='lat' dir='ltr'><strong>concitarent,</strong></span> <span class='ocrx_word' id='word_1_242' title='bbox 1214 1955 1277 1993; x_wconf 90' lang='lat' dir='ltr'><strong>ac</strong></span> <span class='ocrx_word' id='word_1_243' title='bbox 1331 1940 1500 1992; x_wconf 87' lang='lat' dir='ltr'><strong>malos</strong></span> <span class='ocrx_word' id='word_1_244' title='bbox 1556 1940 1695 1991; x_wconf 88' lang='lat' dir='ltr'><strong>male</strong></span> <span class='ocrx_word' id='word_1_245' title='bbox 1755 1938 2061 2007; x_wconf 80' lang='lat' dir='ltr'><strong>perdendos</strong></span> <span class='ocrx_word' id='word_1_246' title='bbox 2113 1953 2370 2009; x_wconf 81' lang='lat' dir='ltr'><strong>suggere-</strong></span> 
     </span>
    </p>
   </div>
   <div class='ocr_carea' id='block_1_37' title="bbox 808 2028 2368 2093">
    <p class='ocr_par' dir='ltr' id='par_1_37' title="bbox 808 2028 2368 2093">
     <span class='ocr_line' id='line_1_37' title="bbox 808 2028 2368 2093; baseline 0.001 -12"><span class='ocrx_word' id='word_1_247' title='bbox 808 2037 962 2093; x_wconf 85' lang='lat' dir='ltr'><strong>rent;</strong></span> <span class='ocrx_word' id='word_1_248' title='bbox 994 2044 1115 2082; x_wconf 86' lang='lat' dir='ltr'><strong>enin</strong></span> <span class='ocrx_word' id='word_1_249' title='bbox 1150 2029 1342 2082; x_wconf 81' lang='lat' dir='ltr'><strong>faciem</strong></span> <span class='ocrx_word' id='word_1_250' title='bbox 1377 2030 1480 2083; x_wconf 83' lang='lat' dir='ltr'><strong>sibi</strong></span> <span class='ocrx_word' id='word_1_251' title='bbox 1508 2028 1700 2081; x_wconf 87' lang='lat' dir='ltr'><strong>leniter</strong></span> <span class='ocrx_word' id='word_1_252' title='bbox 1724 2037 2103 2082; x_wconf 86' lang='lat' dir='ltr'><strong>attrectantem</strong></span> <span class='ocrx_word' id='word_1_253' title='bbox 2130 2030 2368 2083; x_wconf 79' lang='lat' dir='ltr'><strong>dixisse:</strong></span> 
     </span>
    </p>
   </div>
   <div class='ocr_carea' id='block_1_38' title="bbox 806 2116 2371 2188">
    <p class='ocr_par' dir='ltr' id='par_1_38' title="bbox 806 2116 2371 2188">
     <span class='ocr_line' id='line_1_38' title="bbox 806 2116 2371 2188; baseline 0.003 -19"><span class='ocrx_word' id='word_1_254' title='bbox 806 2116 1077 2188; x_wconf 87' lang='lat' dir='ltr'><strong>Numquid</strong></span> <span class='ocrx_word' id='word_1_255' title='bbox 1129 2128 1316 2173; x_wconf 86' lang='lat' dir='ltr'><strong>contra</strong></span> <span class='ocrx_word' id='word_1_256' title='bbox 1383 2120 1522 2173; x_wconf 86' lang='lat' dir='ltr'><strong>banc</strong></span> <span class='ocrx_word' id='word_1_257' title='bbox 1583 2120 1789 2187; x_wconf 86' lang='lat' dir='ltr'><strong>lapides</strong></span> <span class='ocrx_word' id='word_1_258' title='bbox 1844 2120 2230 2185; x_wconf 83' lang='lat' dir='ltr'><strong>adhibuerunt,</strong></span> <span class='ocrx_word' id='word_1_259' title='bbox 2287 2120 2371 2173; x_wconf 75' lang='lat' dir='ltr'><strong>Vel</strong></span> 
     </span>
    </p>
   </div>
   <div class='ocr_carea' id='block_1_39' title="bbox 808 2209 2371 2279">
    <p class='ocr_par' dir='ltr' id='par_1_39' title="bbox 808 2209 2371 2279">
     <span class='ocr_line' id='line_1_39' title="bbox 808 2209 2371 2279; baseline 0.001 -17"><span class='ocrx_word' id='word_1_260' title='bbox 808 2211 1138 2263; x_wconf 70' lang='lat' dir='ltr'><strong>contumelia</strong></span> <span class='ocrx_word' id='word_1_261' title='bbox 1163 2210 1311 2264; x_wconf 90' lang='lat' dir='ltr'><strong>illata</strong></span> <span class='ocrx_word' id='word_1_262' title='bbox 1348 2210 1400 2263; x_wconf 86' lang='lat' dir='ltr'><strong>iit</strong></span> <span class='ocrx_word' id='word_1_263' title='bbox 1432 2211 1583 2279; x_wconf 82' lang='lat' dir='ltr'><strong>genis</strong></span> <span class='ocrx_word' id='word_1_264' title='bbox 1629 2209 1761 2264; x_wconf 90' lang='lat' dir='ltr'><strong>meis</strong></span> <span class='ocrx_word' id='word_1_265' title='bbox 1808 2210 2071 2278; x_wconf 84' lang='lat' dir='ltr'><strong>impressa</strong></span> <span class='ocrx_word' id='word_1_266' title='bbox 2100 2211 2227 2264; x_wconf 89' lang='lat' dir='ltr'><strong>est?</strong></span> <span class='ocrx_word' id='word_1_267' title='bbox 2266 2210 2371 2263; x_wconf 79' lang='lat' dir='ltr'><strong>lie-</strong></span> 
     </span>
    </p>
   </div>
   <div class='ocr_carea' id='block_1_40' title="bbox 811 2302 2372 2372">
    <p class='ocr_par' dir='ltr' id='par_1_40' title="bbox 811 2302 2372 2372">
     <span class='ocr_line' id='line_1_40' title="bbox 811 2302 2372 2372; baseline 0.001 -19"><span class='ocrx_word' id='word_1_268' title='bbox 811 2304 1138 2370; x_wconf 82' lang='lat' dir='ltr'><strong>poncntibtts</strong></span> <span class='ocrx_word' id='word_1_269' title='bbox 1174 2318 1301 2357; x_wconf 81' lang='lat' dir='ltr'><strong>vero</strong></span> <span class='ocrx_word' id='word_1_270' title='bbox 1338 2302 1467 2365; x_wconf 90' lang='lat' dir='ltr'><strong>illis,</strong></span> <span class='ocrx_word' id='word_1_271' title='bbox 1499 2302 1642 2372; x_wconf 84' lang='lat' dir='ltr'><strong>regia</strong></span> <span class='ocrx_word' id='word_1_272' title='bbox 1671 2302 1722 2353; x_wconf 94' lang='lat' dir='ltr'><strong>in</strong></span> <span class='ocrx_word' id='word_1_273' title='bbox 1757 2303 1893 2356; x_wconf 87' lang='lat' dir='ltr'><strong>facie</strong></span> <span class='ocrx_word' id='word_1_274' title='bbox 1926 2304 2133 2355; x_wconf 92' lang='lat' dir='ltr'><strong>nullum</strong></span> <span class='ocrx_word' id='word_1_275' title='bbox 2160 2302 2372 2370; x_wconf 81' lang='lat' dir='ltr'><strong>injuria:</strong></span> 
     </span>
    </p>
   </div>
   <div class='ocr_carea' id='block_1_41' title="bbox 812 2392 2373 2462">
    <p class='ocr_par' dir='ltr' id='par_1_41' title="bbox 812 2392 2373 2462">
     <span class='ocr_line' id='line_1_41' title="bbox 812 2392 2373 2462; baseline 0.002 -17"><span class='ocrx_word' id='word_1_276' title='bbox 812 2394 1024 2461; x_wconf 71' lang='lat' dir='ltr'><strong>signum</strong></span> <span class='ocrx_word' id='word_1_277' title='bbox 1067 2408 1349 2462; x_wconf 84' lang='lat' dir='ltr'><strong>apparere,</strong></span> <span class='ocrx_word' id='word_1_278' title='bbox 1416 2392 1601 2462; x_wconf 85' lang='lat' dir='ltr'><strong>Igitur,</strong></span> <span class='ocrx_word' id='word_1_279' title='bbox 1651 2393 1981 2459; x_wconf 82' lang='lat' dir='ltr'><strong>subdidisse,</strong></span> <span class='ocrx_word' id='word_1_280' title='bbox 2031 2395 2373 2448; x_wconf 78' lang='lat' dir='ltr'><strong>dimittamus</strong></span> 
     </span>
    </p>
   </div>
   <div class='ocr_carea' id='block_1_42' title="bbox 810 2484 2372 2553">
    <p class='ocr_par' dir='ltr' id='par_1_42' title="bbox 810 2484 2372 2553">
     <span class='ocr_line' id='line_1_42' title="bbox 810 2484 2372 2553; baseline -0.001 -16"><span class='ocrx_word' id='word_1_281' title='bbox 810 2485 1205 2538; x_wconf 71' lang='lat' dir='ltr'><strong>dL‘bJCl&#39;llalllCS</strong></span> <span class='ocrx_word' id='word_1_282' title='bbox 1243 2484 1365 2538; x_wconf 89' lang='lat' dir='ltr'><strong>illus</strong></span> <span class='ocrx_word' id='word_1_283' title='bbox 1404 2500 1417 2536; x_wconf 91' lang='lat'><strong>:</strong></span> <span class='ocrx_word' id='word_1_284' title='bbox 1452 2498 1559 2538; x_wconf 89' lang='lat' dir='ltr'><strong>non</strong></span> <span class='ocrx_word' id='word_1_285' title='bbox 1596 2485 1739 2537; x_wconf 87' lang='lat' dir='ltr'><strong>enim</strong></span> <span class='ocrx_word' id='word_1_286' title='bbox 1772 2484 1928 2537; x_wconf 87' lang='lat' dir='ltr'><strong>nobis</strong></span> <span class='ocrx_word' id='word_1_287' title='bbox 1969 2485 2245 2553; x_wconf 86' lang='lat' dir='ltr'><strong>quidpiam</strong></span> <span class='ocrx_word' id='word_1_288' title='bbox 2287 2487 2372 2536; x_wconf 87' lang='lat' dir='ltr'><strong>iit-</strong></span> 
     </span>
    </p>
   </div>
   <div class='ocr_carea' id='block_1_43' title="bbox 810 2574 2369 2639">
    <p class='ocr_par' dir='ltr' id='par_1_43' title="bbox 810 2574 2369 2639">
     <span class='ocr_line' id='line_1_43' title="bbox 810 2574 2369 2639; baseline -0.002 -9"><span class='ocrx_word' id='word_1_289' title='bbox 810 2578 1053 2630; x_wconf 84' lang='lat' dir='ltr'><strong>lnlerunl.</strong></span> <span class='ocrx_word' id='word_1_290' title='bbox 1088 2576 1255 2639; x_wconf 84' lang='lat' dir='ltr'><strong>ntali;</strong></span> <span class='ocrx_word' id='word_1_291' title='bbox 1302 2574 1393 2629; x_wconf 84' lang='lat' dir='ltr'><strong>sed</strong></span> <span class='ocrx_word' id='word_1_292' title='bbox 1438 2576 1490 2627; x_wconf 83' lang='lat' dir='ltr'><strong>iit</strong></span> <span class='ocrx_word' id='word_1_293' title='bbox 1537 2590 1610 2629; x_wconf 74' lang='lat' dir='ltr'><strong>tes</strong></span> <span class='ocrx_word' id='word_1_294' title='bbox 1645 2576 2018 2629; x_wconf 88' lang='lat' dir='ltr'><strong>tantummodo</strong></span> <span class='ocrx_word' id='word_1_295' title='bbox 2061 2576 2369 2627; x_wconf 68' lang='lat' dir='ltr'><strong>saat&#39;ict‘unl.</strong></span> 
     </span>
    </p>
   </div>
   <div class='ocr_carea' id='block_1_44' title="bbox 813 2662 2372 2736">
    <p class='ocr_par' dir='ltr' id='par_1_44' title="bbox 813 2662 2372 2736">
     <span class='ocr_line' id='line_1_44' title="bbox 813 2662 2372 2736; baseline -0.004 -16"><span class='ocrx_word' id='word_1_296' title='bbox 813 2668 1059 2736; x_wconf 75' lang='lat' dir='ltr'><strong>Magnum</strong></span> <span class='ocrx_word' id='word_1_297' title='bbox 1111 2663 1358 2734; x_wconf 82' lang='lat' dir='ltr'><strong>profecto</strong></span> <span class='ocrx_word' id='word_1_298' title='bbox 1410 2664 1533 2729; x_wconf 87' lang='lat' dir='ltr'><strong>boc,</strong></span> <span class='ocrx_word' id='word_1_299' title='bbox 1570 2679 1601 2718; x_wconf 93' lang='grc' dir='ltr'><strong>ο</strong></span> <span class='ocrx_word' id='word_1_300' title='bbox 1658 2666 1975 2734; x_wconf 85' lang='lat' dir='ltr'><strong>imperator,</strong></span> <span class='ocrx_word' id='word_1_301' title='bbox 2007 2678 2069 2715; x_wconf 91' lang='lat' dir='ltr'><strong>ac</strong></span> <span class='ocrx_word' id='word_1_302' title='bbox 2101 2662 2372 2715; x_wconf 78' lang='lat' dir='ltr'><strong>Cotistan-</strong></span> 
     </span>
    </p>
   </div>
   <div class='ocr_carea' id='block_1_45' title="bbox 813 2753 2375 2824">
    <p class='ocr_par' dir='ltr' id='par_1_45' title="bbox 813 2753 2375 2824">
     <span class='ocr_line' id='line_1_45' title="bbox 813 2753 2375 2824; baseline -0.001 -15"><span class='ocrx_word' id='word_1_303' title='bbox 813 2757 911 2810; x_wconf 91' lang='lat' dir='ltr'><strong>tini</strong></span> <span class='ocrx_word' id='word_1_304' title='bbox 951 2756 1131 2810; x_wconf 87' lang='lat' dir='ltr'><strong>animo</strong></span> <span class='ocrx_word' id='word_1_305' title='bbox 1158 2754 1402 2824; x_wconf 82' lang='lat' dir='ltr'><strong>dignum,</strong></span> <span class='ocrx_word' id='word_1_306' title='bbox 1435 2769 1620 2808; x_wconf 84' lang='lat' dir='ltr'><strong>verum</strong></span> <span class='ocrx_word' id='word_1_307' title='bbox 1652 2754 1717 2808; x_wconf 90' lang='lat' dir='ltr'><strong>ad</strong></span> <span class='ocrx_word' id='word_1_308' title='bbox 1749 2762 1821 2819; x_wconf 84' lang='lat' dir='ltr'><strong>te,</strong></span> <span class='ocrx_word' id='word_1_309' title='bbox 1871 2761 2138 2822; x_wconf 87' lang='lat' dir='ltr'><strong>tuumque</strong></span> <span class='ocrx_word' id='word_1_310' title='bbox 2164 2753 2375 2808; x_wconf 79' lang='lat' dir='ltr'><strong>facinus</strong></span> 
     </span>
    </p>
   </div>
   <div class='ocr_carea' id='block_1_46' title="bbox 811 2858 1290 2913">
    <p class='ocr_par' dir='ltr' id='par_1_46' title="bbox 811 2858 1290 2913">
     <span class='ocr_line' id='line_1_46' title="bbox 811 2858 1290 2913; baseline -0.002 -16"><span class='ocrx_word' id='word_1_311' title='bbox 811 2859 985 2913; x_wconf 77' lang='lat' dir='ltr'><strong>usque</strong></span> <span class='ocrx_word' id='word_1_312' title='bbox 1011 2858 1290 2911; x_wconf 85' lang='lat' dir='ltr'><strong>magnum.</strong></span> 
     </span>
    </p>
   </div>
   <div class='ocr_carea' id='block_1_47' title="bbox 887 2956 2325 3027">
    <p class='ocr_par' dir='ltr' id='par_1_47' title="bbox 887 2956 2325 3027">
     <span class='ocr_line' id='line_1_47' title="bbox 887 2956 2325 3027; baseline 0 -16"><span class='ocrx_word' id='word_1_313' title='bbox 887 2961 952 3011; x_wconf 78' lang='lat' dir='ltr'><strong>At</strong></span> <span class='ocrx_word' id='word_1_314' title='bbox 988 2957 1070 3011; x_wconf 82' lang='lat' dir='ltr'><strong>sol</strong></span> <span class='ocrx_word' id='word_1_315' title='bbox 1103 2957 1332 3009; x_wconf 71' lang='lat' dir='ltr'><strong>surrexit</strong></span> <span class='ocrx_word' id='word_1_316' title='bbox 1374 2956 1607 3025; x_wconf 81' lang='lat' dir='ltr'><strong>linquens</strong></span> <span class='ocrx_word' id='word_1_317' title='bbox 1634 2957 1841 3024; x_wconf 76' lang='lat' dir='ltr'><strong>pulchri</strong></span> <span class='ocrx_word' id='word_1_318' title='bbox 1872 2959 2097 3027; x_wconf 75' lang='lat' dir='ltr'><strong>wquoris</strong></span> <span class='ocrx_word' id='word_1_319' title='bbox 2126 2958 2325 3023; x_wconf 82' lang='lat' dir='ltr'><strong>undas,</strong></span> 
     </span>
    </p>
   </div>
   <div class='ocr_carea' id='block_1_48' title="bbox 821 3111 2373 3183">
    <p class='ocr_par' dir='ltr' id='par_1_48' title="bbox 821 3111 2373 3183">
     <span class='ocr_line' id='line_1_48' title="bbox 821 3111 2373 3183; baseline 0.003 -20"><span class='ocrx_word' id='word_1_320' title='bbox 821 3122 875 3164; x_wconf 88' lang='lat' dir='ltr'><strong>et</strong></span> <span class='ocrx_word' id='word_1_321' title='bbox 911 3112 1116 3181; x_wconf 86' lang='lat' dir='ltr'><strong>reliqua</strong></span> <span class='ocrx_word' id='word_1_322' title='bbox 1170 3121 1315 3164; x_wconf 88' lang='lat' dir='ltr'><strong>astra</strong></span> <span class='ocrx_word' id='word_1_323' title='bbox 1360 3124 1482 3165; x_wconf 86' lang='lat' dir='ltr'><strong>sese</strong></span> <span class='ocrx_word' id='word_1_324' title='bbox 1530 3111 1911 3165; x_wconf 90' lang='lat' dir='ltr'><strong>occuluerunt.</strong></span> <span class='ocrx_word' id='word_1_325' title='bbox 1949 3111 2017 3166; x_wconf 85' lang='lat' dir='ltr'><strong>lis</strong></span> <span class='ocrx_word' id='word_1_326' title='bbox 2060 3114 2231 3179; x_wconf 91' lang='lat' dir='ltr'><strong>enim,</strong></span> <span class='ocrx_word' id='word_1_327' title='bbox 2281 3114 2373 3183; x_wconf 88' lang='lat' dir='ltr'><strong>qui</strong></span> 
     </span>
    </p>
   </div>
   <div class='ocr_carea' id='block_1_49' title="bbox 2474 1948 4048 2021">
    <p class='ocr_par' dir='ltr' id='par_1_49' title="bbox 2474 1948 4048 2021">
     <span class='ocr_line' id='line_1_49' title="bbox 2474 1948 4048 2021; baseline -0.002 -17"><span class='ocrx_word' id='word_1_328' title='bbox 2474 1951 2646 2021; x_wconf 80' lang='grc' dir='ltr'>θυμοῦ</span> <span class='ocrx_word' id='word_1_329' title='bbox 2680 1952 2742 2003; x_wconf 70' lang='grc' dir='ltr'>τὸ</span> <span class='ocrx_word' id='word_1_330' title='bbox 2791 1951 2941 2020; x_wconf 75' lang='grc' dir='ltr'>βέλος</span> <span class='ocrx_word' id='word_1_331' title='bbox 2980 1952 3302 2016; x_wconf 76' lang='grc' dir='ltr'>ὀξύνοντας·</span> <span class='ocrx_word' id='word_1_332' title='bbox 3350 1952 3441 2004; x_wconf 81' lang='grc' dir='ltr'><strong>τὸν</strong></span> <span class='ocrx_word' id='word_1_333' title='bbox 3472 1951 3549 2013; x_wconf 81' lang='grc' dir='ltr'>δὲ,</span> <span class='ocrx_word' id='word_1_334' title='bbox 3609 1950 3800 2020; x_wconf 78' lang='grc' dir='ltr'>πράως</span> <span class='ocrx_word' id='word_1_335' title='bbox 3850 1948 4048 2017; x_wconf 66' lang='grc' dir='ltr'>διαψη-</span> 
     </span>
    </p>
   </div>
   <div class='ocr_carea' id='block_1_50' title="bbox 2473 2042 4048 2114">
    <p class='ocr_par' dir='ltr' id='par_1_50' title="bbox 2473 2042 4048 2114">
     <span class='ocr_line' id='line_1_50' title="bbox 2473 2042 4048 2114; baseline 0.001 -20"><span class='ocrx_word' id='word_1_336' title='bbox 2473 2044 2727 2111; x_wconf 75' lang='grc' dir='ltr'>λαφῶντα</span> <span class='ocrx_word' id='word_1_337' title='bbox 2753 2044 2814 2095; x_wconf 82' lang='grc' dir='ltr'><strong>τὸ</strong></span> <span class='ocrx_word' id='word_1_338' title='bbox 2851 2044 3161 2114; x_wconf 78' lang='grc' dir='ltr'>πρόσωπον,</span> <span class='ocrx_word' id='word_1_339' title='bbox 3198 2045 3285 2108; x_wconf 80' lang='grc' dir='ltr'>Μή</span> <span class='ocrx_word' id='word_1_340' title='bbox 3321 2060 3393 2105; x_wconf 85' lang='grc' dir='ltr'><strong>τι,</strong></span> <span class='ocrx_word' id='word_1_341' title='bbox 3428 2044 3616 2110; x_wconf 69' lang='grc' dir='ltr'>φάναι,</span> <span class='ocrx_word' id='word_1_342' title='bbox 3660 2044 3801 2096; x_wconf 69' lang='grc' dir='ltr'>κατὰ</span> <span class='ocrx_word' id='word_1_343' title='bbox 3850 2042 4048 2095; x_wconf 76' lang='grc' dir='ltr'>τούτου</span> 
     </span>
    </p>
   </div>
   <div class='ocr_carea' id='block_1_51' title="bbox 2474 2135 4054 2207">
    <p class='ocr_par' dir='ltr' id='par_1_51' title="bbox 2474 2135 4054 2207">
     <span class='ocr_line' id='line_1_51' title="bbox 2474 2135 4054 2207; baseline -0.001 -18"><span class='ocrx_word' id='word_1_344' title='bbox 2474 2140 2584 2199; x_wconf 89' lang='grc' dir='ltr'>τοῖς</span> <span class='ocrx_word' id='word_1_345' title='bbox 2608 2137 2777 2200; x_wconf 80' lang='grc' dir='ltr'>λίθοις</span> <span class='ocrx_word' id='word_1_346' title='bbox 2799 2139 3125 2207; x_wconf 78' lang='grc' dir='ltr'>ἐχρήσαντο,</span> <span class='ocrx_word' id='word_1_347' title='bbox 3152 2138 3184 2207; x_wconf 87' lang='grc' dir='ltr'>ἢ</span> <span class='ocrx_word' id='word_1_348' title='bbox 3213 2137 3282 2187; x_wconf 86' lang='grc' dir='ltr'>τὰ</span> <span class='ocrx_word' id='word_1_349' title='bbox 3309 2139 3408 2205; x_wconf 79' lang='grc' dir='ltr'><strong>τῆς</strong></span> <span class='ocrx_word' id='word_1_350' title='bbox 3439 2135 3621 2206; x_wconf 78' lang='grc' dir='ltr'>λώϐης</span> <span class='ocrx_word' id='word_1_351' title='bbox 3645 2139 3763 2198; x_wconf 84' lang='grc' dir='ltr'>ταῖς</span> <span class='ocrx_word' id='word_1_352' title='bbox 3792 2139 4054 2204; x_wconf 77' lang='grc' dir='ltr'>παρειαῖς</span> 
     </span>
    </p>
   </div>
   <div class='ocr_carea' id='block_1_52' title="bbox 2475 2227 4054 2297">
    <p class='ocr_par' dir='ltr' id='par_1_52' title="bbox 2475 2227 4054 2297">
     <span class='ocr_line' id='line_1_52' title="bbox 2475 2227 4054 2297; baseline 0.001 -18"><span class='ocrx_word' id='word_1_353' title='bbox 2475 2228 2909 2297; x_wconf 75' lang='grc' dir='ltr'>ἐνσεσήμανταις</span> <span class='ocrx_word' id='word_1_354' title='bbox 2945 2227 3034 2289; x_wconf 86' lang='grc' dir='ltr'>Ὠς</span> <span class='ocrx_word' id='word_1_355' title='bbox 3065 2228 3111 2280; x_wconf 87' lang='grc' dir='ltr'>δ’</span> <span class='ocrx_word' id='word_1_356' title='bbox 3154 2229 3253 2280; x_wconf 82' lang='grc' dir='ltr'><strong>οὑκ</strong></span> <span class='ocrx_word' id='word_1_357' title='bbox 3306 2228 3511 2295; x_wconf 76' lang='grc' dir='ltr'>ἔφασαν</span> <span class='ocrx_word' id='word_1_358' title='bbox 3540 2229 3740 2279; x_wconf 81' lang='grc' dir='ltr'>ἐκεῖνοι</span> <span class='ocrx_word' id='word_1_359' title='bbox 3783 2230 3859 2297; x_wconf 69' lang='grc' dir='ltr'><strong>τῷ</strong></span> <span class='ocrx_word' id='word_1_360' title='bbox 3898 2230 4054 2297; x_wconf 65' lang='grc' dir='ltr'>βασι*-</span> 
     </span>
    </p>
   </div>
   <div class='ocr_carea' id='block_1_53' title="bbox 2474 2318 4053 2388">
    <p class='ocr_par' dir='ltr' id='par_1_53' title="bbox 2474 2318 4053 2388">
     <span class='ocr_line' id='line_1_53' title="bbox 2474 2318 4053 2388; baseline -0.001 -19"><span class='ocrx_word' id='word_1_361' title='bbox 2474 2318 2612 2388; x_wconf 80' lang='grc' dir='ltr'>λικῷ</span> <span class='ocrx_word' id='word_1_362' title='bbox 2642 2318 2919 2386; x_wconf 82' lang='grc' dir='ltr'>προσώπῳ</span> <span class='ocrx_word' id='word_1_363' title='bbox 2952 2318 3097 2386; x_wconf 76' lang='grc' dir='ltr'>ἴχνος</span> <span class='ocrx_word' id='word_1_364' title='bbox 3145 2318 3354 2386; x_wconf 79' lang='grc' dir='ltr'>ὓϐρεως</span> <span class='ocrx_word' id='word_1_365' title='bbox 3382 2318 3784 2386; x_wconf 81' lang='grc' dir='ltr'>ἐπιφαίνεσθαι,</span> <span class='ocrx_word' id='word_1_366' title='bbox 3814 2319 4053 2382; x_wconf 68' lang='grc' dir='ltr'>Οὐκοῦν,</span> 
     </span>
    </p>
   </div>
   <div class='ocr_carea' id='block_1_54' title="bbox 2476 2412 4055 2482">
    <p class='ocr_par' dir='ltr' id='par_1_54' title="bbox 2476 2412 4055 2482">
     <span class='ocr_line' id='line_1_54' title="bbox 2476 2412 4055 2482; baseline -0.001 -18"><span class='ocrx_word' id='word_1_367' title='bbox 2476 2416 2671 2474; x_wconf 82' lang='grc' dir='ltr'>εἰπεῖν,</span> <span class='ocrx_word' id='word_1_368' title='bbox 2707 2414 2885 2480; x_wconf 82' lang='grc' dir='ltr'>ἐῶμεν</span> <span class='ocrx_word' id='word_1_369' title='bbox 2942 2414 3066 2474; x_wconf 81' lang='grc' dir='ltr'>τοὺς</span> <span class='ocrx_word' id='word_1_370' title='bbox 3114 2413 3587 2482; x_wconf 74' lang='grc' dir='ltr'>παροινήσανταςσ</span> <span class='ocrx_word' id='word_1_371' title='bbox 3637 2412 3697 2464; x_wconf 80' lang='grc' dir='ltr'><strong>οὑ</strong></span> <span class='ocrx_word' id='word_1_372' title='bbox 3734 2412 3843 2481; x_wconf 71' lang='grc' dir='ltr'><strong>γὰρ</strong></span> <span class='ocrx_word' id='word_1_373' title='bbox 3898 2414 4055 2481; x_wconf 51' lang='lat' dir='ltr'><strong>nisi;</strong></span> 
     </span>
    </p>
   </div>
   <div class='ocr_carea' id='block_1_55' title="bbox 2477 2502 4052 2573">
    <p class='ocr_par' dir='ltr' id='par_1_55' title="bbox 2477 2502 4052 2573">
     <span class='ocr_line' id='line_1_55' title="bbox 2477 2502 4052 2573; baseline -0.002 -16"><span class='ocrx_word' id='word_1_374' title='bbox 2477 2522 2644 2558; x_wconf 80' lang='grc' dir='ltr'>κακον</span> <span class='ocrx_word' id='word_1_375' title='bbox 2697 2524 2749 2557; x_wconf 85' lang='grc' dir='ltr'><strong>τι</strong></span> <span class='ocrx_word' id='word_1_376' title='bbox 2796 2505 3055 2568; x_wconf 84' lang='grc' dir='ltr'>διέθεντο,</span> <span class='ocrx_word' id='word_1_377' title='bbox 3096 2504 3231 2557; x_wconf 81' lang='grc' dir='ltr'>ἀλλὰ</span> <span class='ocrx_word' id='word_1_378' title='bbox 3284 2504 3360 2572; x_wconf 85' lang='grc' dir='ltr'><strong>τῷ</strong></span> <span class='ocrx_word' id='word_1_379' title='bbox 3416 2504 3600 2573; x_wconf 81' lang='grc' dir='ltr'>χαλκῷ</span> <span class='ocrx_word' id='word_1_380' title='bbox 3652 2502 4052 2571; x_wconf 79' lang='grc' dir='ltr'>ἐπελύττησαν.</span> 
     </span>
    </p>
   </div>
   <div class='ocr_carea' id='block_1_56' title="bbox 2477 2593 4053 2665">
    <p class='ocr_par' dir='ltr' id='par_1_56' title="bbox 2477 2593 4053 2665">
     <span class='ocr_line' id='line_1_56' title="bbox 2477 2593 4053 2665; baseline -0.002 -19"><span class='ocrx_word' id='word_1_381' title='bbox 2477 2596 2648 2648; x_wconf 80' lang='grc' dir='ltr'>Τοῦτο</span> <span class='ocrx_word' id='word_1_382' title='bbox 2692 2597 2834 2665; x_wconf 77' lang='grc' dir='ltr'>μέγα</span> <span class='ocrx_word' id='word_1_383' title='bbox 2891 2596 3010 2664; x_wconf 86' lang='grc' dir='ltr'>μὲν,</span> <span class='ocrx_word' id='word_1_384' title='bbox 3046 2595 3290 2663; x_wconf 76' lang='grc' dir='ltr'>βασιλεῦ,</span> <span class='ocrx_word' id='word_1_385' title='bbox 3340 2594 3436 2645; x_wconf 77' lang='grc' dir='ltr'><strong>καὶ</strong></span> <span class='ocrx_word' id='word_1_386' title='bbox 3487 2593 3587 2660; x_wconf 78' lang='grc' dir='ltr'>τῆς</span> <span class='ocrx_word' id='word_1_387' title='bbox 3635 2594 4053 2645; x_wconf 79' lang='grc' dir='ltr'>Κωνσταντίνου</span> 
     </span>
    </p>
   </div>
   <div class='ocr_carea' id='block_1_57' title="bbox 2475 2682 4053 2754">
    <p class='ocr_par' dir='ltr' id='par_1_57' title="bbox 2475 2682 4053 2754">
     <span class='ocr_line' id='line_1_57' title="bbox 2475 2682 4053 2754; baseline -0.001 -18"><span class='ocrx_word' id='word_1_388' title='bbox 2475 2687 2649 2753; x_wconf 69' lang='grc' dir='ltr'>ψυχῆς</span> <span class='ocrx_word' id='word_1_389' title='bbox 2680 2685 2924 2750; x_wconf 70' lang='grc' dir='ltr'>ἐπάξιον,</span> <span class='ocrx_word' id='word_1_390' title='bbox 2982 2685 3116 2737; x_wconf 82' lang='grc' dir='ltr'>ἀλλὰ</span> <span class='ocrx_word' id='word_1_391' title='bbox 3166 2684 3330 2754; x_wconf 80' lang='grc' dir='ltr'>μέχρι</span> <span class='ocrx_word' id='word_1_392' title='bbox 3371 2682 3464 2736; x_wconf 83' lang='grc' dir='ltr'>σοῦ</span> <span class='ocrx_word' id='word_1_393' title='bbox 3501 2684 3643 2752; x_wconf 77' lang='grc' dir='ltr'>μέγα</span> <span class='ocrx_word' id='word_1_394' title='bbox 3676 2682 3770 2735; x_wconf 76' lang='grc' dir='ltr'>καὶ</span> <span class='ocrx_word' id='word_1_395' title='bbox 3810 2687 3908 2753; x_wconf 76' lang='grc' dir='ltr'><strong>τῆς</strong></span> <span class='ocrx_word' id='word_1_396' title='bbox 3950 2684 4053 2750; x_wconf 73' lang='grc' dir='ltr'>σῆς</span> 
     </span>
    </p>
   </div>
   <div class='ocr_carea' id='block_1_58' title="bbox 2479 2776 2747 2846">
    <p class='ocr_par' dir='ltr' id='par_1_58' title="bbox 2479 2776 2747 2846">
     <span class='ocr_line' id='line_1_58' title="bbox 2479 2776 2747 2846; baseline 0.004 -19"><span class='ocrx_word' id='word_1_397' title='bbox 2479 2776 2747 2846; x_wconf 79' lang='grc' dir='ltr'>πράξεως.</span> 
     </span>
    </p>
   </div>
   <div class='ocr_carea' id='block_1_59' title="bbox 2598 2971 3922 3039">
    <p class='ocr_par' dir='ltr' id='par_1_59' title="bbox 2598 2971 3922 3039">
     <span class='ocr_line' id='line_1_59' title="bbox 2598 2971 3922 3039; baseline 0 -14"><span class='ocrx_word' id='word_1_398' title='bbox 2598 2971 2830 3037; x_wconf 75' lang='grc' dir='ltr'>Ἠέλιος</span> <span class='ocrx_word' id='word_1_399' title='bbox 2872 2971 2922 3024; x_wconf 80' lang='grc' dir='ltr'>δ’</span> <span class='ocrx_word' id='word_1_400' title='bbox 2971 2972 3272 3039; x_wconf 79' lang='grc' dir='ltr'>ἀνόρουσε</span> <span class='ocrx_word' id='word_1_401' title='bbox 3318 2972 3513 3024; x_wconf 70' lang='grc' dir='ltr'><strong>λιπὼν</strong></span> <span class='ocrx_word' id='word_1_402' title='bbox 3555 2973 3922 3039; x_wconf 71' lang='grc' dir='ltr'>περικαλλέα</span> 
     </span>
    </p>
   </div>
   <div class='ocr_carea' id='block_1_60' title="bbox 3493 3040 3868 3113">
    <p class='ocr_par' dir='ltr' id='par_1_60' title="bbox 3493 3040 3868 3113">
     <span class='ocr_line' id='line_1_60' title="bbox 3493 3040 3868 3113; baseline 0.008 -20"><span class='ocrx_word' id='word_1_403' title='bbox 3493 3040 3742 3113; x_wconf 64' lang='grc' dir='ltr'>[λίμνην</span> <span class='ocrx_word' id='word_1_404' title='bbox 3767 3045 3868 3107; x_wconf 77' lang='grc'><strong>(5),</strong></span> 
     </span>
    </p>
   </div>
   <div class='ocr_carea' id='block_1_61' title="bbox 2483 3129 4057 3201">
    <p class='ocr_par' dir='ltr' id='par_1_61' title="bbox 2483 3129 4057 3201">
     <span class='ocr_line' id='line_1_61' title="bbox 2483 3129 4057 3201; baseline 0.001 -19"><span class='ocrx_word' id='word_1_405' title='bbox 2483 3130 2576 3184; x_wconf 74' lang='grc' dir='ltr'>καὶ</span> <span class='ocrx_word' id='word_1_406' title='bbox 2600 3131 2649 3183; x_wconf 80' lang='grc' dir='ltr'>οἱ</span> <span class='ocrx_word' id='word_1_407' title='bbox 2687 3130 2864 3182; x_wconf 70' lang='grc' dir='ltr'>λοιποὶ</span> <span class='ocrx_word' id='word_1_408' title='bbox 2888 3131 3117 3195; x_wconf 71' lang='grc' dir='ltr'>ὰστεοες</span> <span class='ocrx_word' id='word_1_409' title='bbox 3146 3129 3479 3201; x_wconf 77' lang='grc' dir='ltr'>ἑκρύϐησαν.</span> <span class='ocrx_word' id='word_1_410' title='bbox 3520 3131 3780 3194; x_wconf 79' lang='grc' dir='ltr'>Ἐκείνοις</span> <span class='ocrx_word' id='word_1_411' title='bbox 3815 3132 3913 3200; x_wconf 66' lang='grc' dir='ltr'>μὲν</span> <span class='ocrx_word' id='word_1_412' title='bbox 3944 3133 4057 3200; x_wconf 73' lang='grc' dir='ltr'>γὰρ</span> 
     </span>
    </p>
   </div>
   <div class='ocr_carea' id='block_1_62' title="bbox 817 3201 2506 3293">
    <p class='ocr_par' dir='ltr' id='par_1_62' title="bbox 817 3201 2504 3273">
     <span class='ocr_line' id='line_1_62' title="bbox 817 3201 2504 3273; baseline 0.001 -17"><span class='ocrx_word' id='word_1_413' title='bbox 817 3211 1026 3256; x_wconf 89' lang='lat' dir='ltr'><strong>tantum</strong></span> <span class='ocrx_word' id='word_1_414' title='bbox 1060 3202 1113 3255; x_wconf 90' lang='lat' dir='ltr'><strong>in</strong></span> <span class='ocrx_word' id='word_1_415' title='bbox 1163 3202 1385 3256; x_wconf 89' lang='lat' dir='ltr'><strong>umbras</strong></span> <span class='ocrx_word' id='word_1_416' title='bbox 1419 3201 1739 3255; x_wconf 84' lang='lat' dir='ltr'><strong>debaceltati</strong></span> <span class='ocrx_word' id='word_1_417' title='bbox 1772 3210 1948 3268; x_wconf 87' lang='lat' dir='ltr'><strong>erant,</strong></span> <span class='ocrx_word' id='word_1_418' title='bbox 1986 3217 2197 3271; x_wconf 79' lang='lat' dir='ltr'><strong>pcenam</strong></span> <span class='ocrx_word' id='word_1_419' title='bbox 2243 3219 2374 3258; x_wconf 87' lang='lat' dir='ltr'><strong>con-</strong></span> <span class='ocrx_word' id='word_1_420' title='bbox 2405 3208 2449 3269; x_wconf 75' lang='grc' dir='ltr'>ο</span> <span class='ocrx_word' id='word_1_421' title='bbox 2478 3238 2504 3273; x_wconf 84' lang='grc' dir='ltr'>ε</span> 
     </span>
    </p>
   </div>
   <div class='ocr_carea' id='block_1_63' title="bbox 2367 3201 4056 3293">
    <p class='ocr_par' dir='ltr' id='par_1_63' title="bbox 2367 3208 4056 3293">
     <span class='ocr_line' id='line_1_63' title="bbox 2367 3208 4056 3293; baseline 0.003 -24"><span class='ocrx_word' id='word_1_422' title='bbox 2367 3208 2449 3269; x_wconf 80' lang='lat' dir='ltr'><strong>&#39;C</strong></span> <span class='ocrx_word' id='word_1_423' title='bbox 2478 3223 2558 3283; x_wconf 88' lang='grc' dir='ltr'>εἰς</span> <span class='ocrx_word' id='word_1_424' title='bbox 2605 3222 2702 3284; x_wconf 73' lang='grc' dir='ltr'>τὰς</span> <span class='ocrx_word' id='word_1_425' title='bbox 2753 3219 2909 3281; x_wconf 74' lang='grc' dir='ltr'>σκιὰς</span> <span class='ocrx_word' id='word_1_426' title='bbox 2946 3220 3317 3289; x_wconf 78' lang='grc' dir='ltr'>ἐξυϐρίσασιν,</span> <span class='ocrx_word' id='word_1_427' title='bbox 3366 3223 3426 3274; x_wconf 81' lang='grc' dir='ltr'><strong>οὑ</strong></span> <span class='ocrx_word' id='word_1_428' title='bbox 3477 3222 3731 3276; x_wconf 76' lang='grc' dir='ltr'>τοσοῦτον</span> <span class='ocrx_word' id='word_1_429' title='bbox 3765 3224 3907 3293; x_wconf 82' lang='grc' dir='ltr'>μέγα</span> <span class='ocrx_word' id='word_1_430' title='bbox 3953 3224 4056 3284; x_wconf 71' lang='grc' dir='ltr'><strong>τὰς</strong></span> 
     </span>
    </p>
   </div>
   <div class='ocr_carea' id='block_1_64' title="bbox 819 3292 2375 3361">
    <p class='ocr_par' dir='ltr' id='par_1_64' title="bbox 819 3292 2375 3361">
     <span class='ocr_line' id='line_1_64' title="bbox 819 3292 2375 3361; baseline -0.001 -14"><span class='ocrx_word' id='word_1_431' title='bbox 819 3297 1068 3356; x_wconf 87' lang='lat' dir='ltr'><strong>donasse,</strong></span> <span class='ocrx_word' id='word_1_432' title='bbox 1104 3306 1209 3347; x_wconf 83' lang='lat' dir='ltr'><strong>non</strong></span> <span class='ocrx_word' id='word_1_433' title='bbox 1243 3293 1377 3345; x_wconf 85' lang='lat' dir='ltr'><strong>adeo</strong></span> <span class='ocrx_word' id='word_1_434' title='bbox 1411 3305 1687 3361; x_wconf 82' lang='lat' dir='ltr'><strong>magnum,</strong></span> <span class='ocrx_word' id='word_1_435' title='bbox 1728 3306 1852 3344; x_wconf 91' lang='lat' dir='ltr'><strong>cum</strong></span> <span class='ocrx_word' id='word_1_436' title='bbox 1901 3292 2109 3345; x_wconf 90' lang='lat' dir='ltr'><strong>nullum</strong></span> <span class='ocrx_word' id='word_1_437' title='bbox 2164 3310 2219 3347; x_wconf 89' lang='lat' dir='ltr'><strong>re</strong></span> <span class='ocrx_word' id='word_1_438' title='bbox 2265 3294 2375 3361; x_wconf 89' lang='lat' dir='ltr'><strong>ipsa</strong></span> 
     </span>
    </p>
   </div>
   <div class='ocr_carea' id='block_1_65' title="bbox 820 3382 2378 3449">
    <p class='ocr_par' dir='ltr' id='par_1_65' title="bbox 820 3382 2378 3449">
     <span class='ocr_line' id='line_1_65' title="bbox 820 3382 2378 3449; baseline 0.001 -10"><span class='ocrx_word' id='word_1_439' title='bbox 820 3386 1018 3439; x_wconf 81' lang='lat' dir='ltr'><strong>nialnm</strong></span> <span class='ocrx_word' id='word_1_440' title='bbox 1074 3382 1422 3449; x_wconf 82' lang='lat' dir='ltr'><strong>intulissent;</strong></span> <span class='ocrx_word' id='word_1_441' title='bbox 1488 3392 1541 3436; x_wconf 88' lang='lat' dir='ltr'><strong>at</strong></span> <span class='ocrx_word' id='word_1_442' title='bbox 1593 3384 1827 3439; x_wconf 88' lang='lat' dir='ltr'><strong>scelesta</strong></span> <span class='ocrx_word' id='word_1_443' title='bbox 1881 3399 1945 3439; x_wconf 90' lang='lat' dir='ltr'><strong>ea</strong></span> <span class='ocrx_word' id='word_1_444' title='bbox 1992 3386 2225 3440; x_wconf 81' lang='lat' dir='ltr'><strong>societas</strong></span> <span class='ocrx_word' id='word_1_445' title='bbox 2284 3394 2378 3441; x_wconf 93' lang='lat' dir='ltr'><strong>tuo</strong></span> 
     </span>
    </p>
   </div>
   <div class='ocr_carea' id='block_1_66' title="bbox 821 3463 2379 3546">
    <p class='ocr_par' dir='ltr' id='par_1_66' title="bbox 821 3463 2379 3546">
     <span class='ocr_line' id='line_1_66' title="bbox 821 3463 2379 3546; baseline 0.001 -18"><span class='ocrx_word' id='word_1_446' title='bbox 821 3463 993 3530; x_wconf 78' lang='lat' dir='ltr'><strong>ferme</strong></span> <span class='ocrx_word' id='word_1_447' title='bbox 1034 3474 1238 3543; x_wconf 83' lang='lat' dir='ltr'><strong>gutturi</strong></span> <span class='ocrx_word' id='word_1_448' title='bbox 1281 3474 1517 3543; x_wconf 82' lang='lat' dir='ltr'><strong>gladium</strong></span> <span class='ocrx_word' id='word_1_449' title='bbox 1566 3474 1793 3528; x_wconf 87' lang='lat' dir='ltr'><strong>intulit:</strong></span> <span class='ocrx_word' id='word_1_450' title='bbox 1845 3474 2065 3543; x_wconf 85' lang='lat' dir='ltr'><strong>quibus,</strong></span> <span class='ocrx_word' id='word_1_451' title='bbox 2102 3491 2224 3529; x_wconf 91' lang='lat' dir='ltr'><strong>cum</strong></span> <span class='ocrx_word' id='word_1_452' title='bbox 2255 3493 2379 3546; x_wconf 62' lang='lat' dir='ltr'><strong>gra-</strong></span> 
     </span>
    </p>
   </div>
   <div class='ocr_carea' id='block_1_67' title="bbox 818 3565 2380 3636">
    <p class='ocr_par' dir='ltr' id='par_1_67' title="bbox 818 3565 2380 3636">
     <span class='ocr_line' id='line_1_67' title="bbox 818 3565 2380 3636; baseline 0.003 -17"><span class='ocrx_word' id='word_1_453' title='bbox 818 3569 946 3620; x_wconf 90' lang='lat' dir='ltr'><strong>tiam</strong></span> <span class='ocrx_word' id='word_1_454' title='bbox 1009 3566 1351 3635; x_wconf 83' lang='lat' dir='ltr'><strong>impunitatis</strong></span> <span class='ocrx_word' id='word_1_455' title='bbox 1411 3565 1625 3631; x_wconf 85' lang='lat' dir='ltr'><strong>feceris,</strong></span> <span class='ocrx_word' id='word_1_456' title='bbox 1689 3565 1896 3619; x_wconf 91' lang='lat' dir='ltr'><strong>nullnm</strong></span> <span class='ocrx_word' id='word_1_457' title='bbox 1954 3570 2380 3636; x_wconf 79' lang='lat' dir='ltr'><strong>comparatioais</strong></span> 
     </span>
    </p>
   </div>
   <div class='ocr_carea' id='block_1_68' title="bbox 820 3655 2382 3727">
    <p class='ocr_par' dir='ltr' id='par_1_68' title="bbox 820 3655 2382 3727">
     <span class='ocr_line' id='line_1_68' title="bbox 820 3655 2382 3727; baseline 0.003 -18"><span class='ocrx_word' id='word_1_458' title='bbox 820 3657 999 3711; x_wconf 89' lang='lat' dir='ltr'><strong>locum</strong></span> <span class='ocrx_word' id='word_1_459' title='bbox 1032 3656 1305 3711; x_wconf 73' lang='lat' dir='ltr'><strong>veteribus</strong></span> <span class='ocrx_word' id='word_1_460' title='bbox 1336 3655 1628 3724; x_wconf 87' lang='lat' dir='ltr'><strong>reliquisti.</strong></span> <span class='ocrx_word' id='word_1_461' title='bbox 1686 3655 1777 3709; x_wconf 90' lang='lat' dir='ltr'><strong>Sic</strong></span> <span class='ocrx_word' id='word_1_462' title='bbox 1831 3656 2018 3722; x_wconf 85' lang='lat' dir='ltr'><strong>doces,</strong></span> <span class='ocrx_word' id='word_1_463' title='bbox 2050 3672 2177 3727; x_wconf 81' lang='lat' dir='ltr'><strong>erga</strong></span> <span class='ocrx_word' id='word_1_464' title='bbox 2205 3658 2382 3713; x_wconf 77' lang='lat' dir='ltr'><strong>offen-</strong></span> 
     </span>
    </p>
   </div>
   <div class='ocr_carea' id='block_1_69' title="bbox 819 3745 2379 3816">
    <p class='ocr_par' dir='ltr' id='par_1_69' title="bbox 819 3745 2379 3816">
     <span class='ocr_line' id='line_1_69' title="bbox 819 3745 2379 3816; baseline 0 -15"><span class='ocrx_word' id='word_1_465' title='bbox 819 3762 974 3801; x_wconf 88' lang='lat' dir='ltr'><strong>sures</strong></span> <span class='ocrx_word' id='word_1_466' title='bbox 1002 3753 1219 3800; x_wconf 81' lang='lat' dir='ltr'><strong>nostros</strong></span> <span class='ocrx_word' id='word_1_467' title='bbox 1252 3746 1409 3799; x_wconf 90' lang='lat' dir='ltr'><strong>mites</strong></span> <span class='ocrx_word' id='word_1_468' title='bbox 1434 3759 1535 3799; x_wconf 90' lang='lat' dir='ltr'><strong>nos</strong></span> <span class='ocrx_word' id='word_1_469' title='bbox 1568 3745 1846 3799; x_wconf 82' lang='lat' dir='ltr'><strong>exhibere.</strong></span> <span class='ocrx_word' id='word_1_470' title='bbox 1883 3745 2203 3816; x_wconf 81' lang='lat' dir='ltr'><strong>Quanquam</strong></span> <span class='ocrx_word' id='word_1_471' title='bbox 2236 3749 2379 3802; x_wconf 91' lang='lat' dir='ltr'><strong>enim</strong></span> 
     </span>
    </p>
   </div>
   <div class='ocr_carea' id='block_1_70' title="bbox 822 3832 2381 3906">
    <p class='ocr_par' dir='ltr' id='par_1_70' title="bbox 822 3832 2381 3906">
     <span class='ocr_line' id='line_1_70' title="bbox 822 3832 2381 3906; baseline 0.003 -19"><span class='ocrx_word' id='word_1_472' title='bbox 822 3836 955 3890; x_wconf 90' lang='lat' dir='ltr'><strong>alias</strong></span> <span class='ocrx_word' id='word_1_473' title='bbox 976 3832 1270 3888; x_wconf 87' lang='lat' dir='ltr'><strong>Salomone</strong></span> <span class='ocrx_word' id='word_1_474' title='bbox 1302 3833 1380 3890; x_wconf 89' lang='lat' dir='ltr'><strong>sis</strong></span> <span class='ocrx_word' id='word_1_475' title='bbox 1399 3833 1618 3903; x_wconf 85' lang='lat' dir='ltr'><strong>justior,</strong></span> <span class='ocrx_word' id='word_1_476' title='bbox 1648 3833 1703 3887; x_wconf 92' lang='lat' dir='ltr'><strong>in</strong></span> <span class='ocrx_word' id='word_1_477' title='bbox 1745 3834 1848 3888; x_wconf 90' lang='lat' dir='ltr'><strong>hoc</strong></span> <span class='ocrx_word' id='word_1_478' title='bbox 1877 3843 2058 3890; x_wconf 86' lang='lat' dir='ltr'><strong>tamen</strong></span> <span class='ocrx_word' id='word_1_479' title='bbox 2093 3846 2285 3906; x_wconf 90' lang='lat' dir='ltr'><strong>sponte</strong></span> <span class='ocrx_word' id='word_1_480' title='bbox 2313 3838 2381 3891; x_wconf 92' lang='lat' dir='ltr'><strong>ab</strong></span> 
     </span>
    </p>
   </div>
   <div class='ocr_carea' id='block_1_71' title="bbox 819 3925 2381 3997">
    <p class='ocr_par' dir='ltr' id='par_1_71' title="bbox 819 3925 2381 3997">
     <span class='ocr_line' id='line_1_71' title="bbox 819 3925 2381 3997; baseline 0.002 -18"><span class='ocrx_word' id='word_1_481' title='bbox 819 3934 1011 3979; x_wconf 76' lang='lat' dir='ltr'><strong>exacta</strong></span> <span class='ocrx_word' id='word_1_482' title='bbox 1062 3939 1319 3980; x_wconf 79' lang='lat' dir='ltr'><strong>mensura</strong></span> <span class='ocrx_word' id='word_1_483' title='bbox 1364 3927 1596 3981; x_wconf 87' lang='lat' dir='ltr'><strong>recedis.</strong></span> <span class='ocrx_word' id='word_1_484' title='bbox 1630 3925 1689 3979; x_wconf 88' lang='grc' dir='ltr'>ιιι</span> <span class='ocrx_word' id='word_1_485' title='bbox 1736 3927 2116 3982; x_wconf 85' lang='lat' dir='ltr'><strong>distribuendo</strong></span> <span class='ocrx_word' id='word_1_486' title='bbox 2162 3929 2381 3997; x_wconf 87' lang='lat' dir='ltr'><strong>quidem</strong></span> 
     </span>
    </p>
   </div>
   <div class='ocr_carea' id='block_1_72' title="bbox 819 4017 2383 4087">
    <p class='ocr_par' dir='ltr' id='par_1_72' title="bbox 819 4017 2383 4087">
     <span class='ocr_line' id='line_1_72' title="bbox 819 4017 2383 4087; baseline 0.004 -19"><span class='ocrx_word' id='word_1_487' title='bbox 819 4019 1002 4085; x_wconf 84' lang='lat' dir='ltr'><strong>jnstns</strong></span> <span class='ocrx_word' id='word_1_488' title='bbox 1034 4033 1116 4080; x_wconf 86' lang='lat' dir='ltr'><strong>es,</strong></span> <span class='ocrx_word' id='word_1_489' title='bbox 1150 4017 1203 4070; x_wconf 91' lang='lat' dir='ltr'><strong>in</strong></span> <span class='ocrx_word' id='word_1_490' title='bbox 1243 4017 1571 4087; x_wconf 84' lang='lat' dir='ltr'><strong>corrigendo</strong></span> <span class='ocrx_word' id='word_1_491' title='bbox 1595 4018 1851 4073; x_wconf 80' lang='lat' dir='ltr'><strong>excellis:</strong></span> <span class='ocrx_word' id='word_1_492' title='bbox 1884 4028 1937 4072; x_wconf 87' lang='lat' dir='ltr'><strong>at</strong></span> <span class='ocrx_word' id='word_1_493' title='bbox 1973 4019 2025 4073; x_wconf 93' lang='lat' dir='ltr'><strong>in</strong></span> <span class='ocrx_word' id='word_1_494' title='bbox 2059 4020 2383 4074; x_wconf 85' lang='lat' dir='ltr'><strong>vindicando</strong></span> 
     </span>
    </p>
   </div>
   <div class='ocr_carea' id='block_1_73' title="bbox 820 4108 2386 4180">
    <p class='ocr_par' dir='ltr' id='par_1_73' title="bbox 820 4108 2386 4180">
     <span class='ocr_line' id='line_1_73' title="bbox 820 4108 2386 4180; baseline 0.002 -18"><span class='ocrx_word' id='word_1_495' title='bbox 820 4108 1153 4163; x_wconf 78' lang='lat' dir='ltr'><strong>mediocrius</strong></span> <span class='ocrx_word' id='word_1_496' title='bbox 1187 4115 1238 4161; x_wconf 92' lang='lat' dir='ltr'><strong>te</strong></span> <span class='ocrx_word' id='word_1_497' title='bbox 1282 4108 1489 4173; x_wconf 90' lang='lat' dir='ltr'><strong>babes;</strong></span> <span class='ocrx_word' id='word_1_498' title='bbox 1534 4110 1723 4178; x_wconf 85' lang='lat' dir='ltr'><strong>visque</strong></span> <span class='ocrx_word' id='word_1_499' title='bbox 1775 4110 1958 4179; x_wconf 79' lang='lat' dir='ltr'><strong>potius</strong></span> <span class='ocrx_word' id='word_1_500' title='bbox 2002 4124 2097 4166; x_wconf 80' lang='lat' dir='ltr'><strong>eos</strong></span> <span class='ocrx_word' id='word_1_501' title='bbox 2128 4113 2217 4180; x_wconf 90' lang='lat' dir='ltr'><strong>qui</strong></span> <span class='ocrx_word' id='word_1_502' title='bbox 2248 4113 2300 4165; x_wconf 93' lang='lat' dir='ltr'><strong>in</strong></span> <span class='ocrx_word' id='word_1_503' title='bbox 2334 4122 2386 4165; x_wconf 88' lang='lat' dir='ltr'><strong>te</strong></span> 
     </span>
    </p>
   </div>
   <div class='ocr_carea' id='block_1_74' title="bbox 828 4201 2382 4268">
    <p class='ocr_par' dir='ltr' id='par_1_74' title="bbox 828 4201 2382 4268">
     <span class='ocr_line' id='line_1_74' title="bbox 828 4201 2382 4268; baseline 0.001 -14"><span class='ocrx_word' id='word_1_504' title='bbox 828 4210 1191 4268; x_wconf 83' lang='lat' dir='ltr'><strong>peccaverunt</strong></span> <span class='ocrx_word' id='word_1_505' title='bbox 1242 4201 1516 4255; x_wconf 87' lang='lat' dir='ltr'><strong>debitores</strong></span> <span class='ocrx_word' id='word_1_506' title='bbox 1547 4216 1849 4267; x_wconf 87' lang='lat' dir='ltr'><strong>remanere,</strong></span> <span class='ocrx_word' id='word_1_507' title='bbox 1879 4212 1957 4265; x_wconf 86' lang='lat' dir='ltr'><strong>ut.</strong></span> <span class='ocrx_word' id='word_1_508' title='bbox 2004 4216 2128 4257; x_wconf 88' lang='lat' dir='ltr'><strong>cum</strong></span> <span class='ocrx_word' id='word_1_509' title='bbox 2155 4204 2382 4258; x_wconf 89' lang='lat' dir='ltr'><strong>multum</strong></span> 
     </span>
    </p>
   </div>
   <div class='ocr_carea' id='block_1_75' title="bbox 824 4291 2384 4364">
    <p class='ocr_par' dir='ltr' id='par_1_75' title="bbox 824 4291 2384 4364">
     <span class='ocr_line' id='line_1_75' title="bbox 824 4291 2384 4364; baseline 0.004 -22"><span class='ocrx_word' id='word_1_510' title='bbox 824 4291 1146 4346; x_wconf 85' lang='lat' dir='ltr'><strong>debentibus</strong></span> <span class='ocrx_word' id='word_1_511' title='bbox 1191 4291 1422 4344; x_wconf 90' lang='lat' dir='ltr'><strong>multum</strong></span> <span class='ocrx_word' id='word_1_512' title='bbox 1481 4292 1810 4359; x_wconf 85' lang='lat' dir='ltr'><strong>dimittatur,</strong></span> <span class='ocrx_word' id='word_1_513' title='bbox 1865 4302 2019 4347; x_wconf 90' lang='lat' dir='ltr'><strong>tanto</strong></span> <span class='ocrx_word' id='word_1_514' title='bbox 2063 4294 2185 4364; x_wconf 88' lang='lat' dir='ltr'><strong>plus</strong></span> <span class='ocrx_word' id='word_1_515' title='bbox 2224 4295 2384 4364; x_wconf 87' lang='lat' dir='ltr'><strong>justi-</strong></span> 
     </span>
    </p>
   </div>
   <div class='ocr_carea' id='block_1_76' title="bbox 825 4380 2384 4453">
    <p class='ocr_par' dir='ltr' id='par_1_76' title="bbox 825 4380 2384 4453">
     <span class='ocr_line' id='line_1_76' title="bbox 825 4380 2384 4453; baseline 0.004 -22"><span class='ocrx_word' id='word_1_516' title='bbox 825 4380 950 4432; x_wconf 87' lang='lat' dir='ltr'><strong>tiam</strong></span> <span class='ocrx_word' id='word_1_517' title='bbox 986 4381 1231 4450; x_wconf 82' lang='lat' dir='ltr'><strong>diligant,</strong></span> <span class='ocrx_word' id='word_1_518' title='bbox 1274 4387 1481 4447; x_wconf 88' lang='lat' dir='ltr'><strong>qnanto</strong></span> <span class='ocrx_word' id='word_1_519' title='bbox 1510 4382 1630 4448; x_wconf 93' lang='lat' dir='ltr'><strong>plus</strong></span> <span class='ocrx_word' id='word_1_520' title='bbox 1658 4381 1767 4435; x_wconf 90' lang='lat' dir='ltr'><strong>illis</strong></span> <span class='ocrx_word' id='word_1_521' title='bbox 1796 4383 2031 4436; x_wconf 87' lang='lat' dir='ltr'><strong>donatur</strong></span> <span class='ocrx_word' id='word_1_522' title='bbox 2072 4384 2140 4438; x_wconf 74' lang='grc' dir='ltr'><strong>ιο.</strong></span> <span class='ocrx_word' id='word_1_523' title='bbox 2174 4385 2384 4453; x_wconf 82' lang='lat' dir='ltr'><strong>Optime</strong></span> 
     </span>
    </p>
   </div>
   <div class='ocr_carea' id='block_1_77' title="bbox 825 4468 2386 4539">
    <p class='ocr_par' dir='ltr' id='par_1_77' title="bbox 825 4468 2386 4539">
     <span class='ocr_line' id='line_1_77' title="bbox 825 4468 2386 4539; baseline 0.004 -16"><span class='ocrx_word' id='word_1_524' title='bbox 825 4469 1092 4539; x_wconf 77' lang='lat' dir='ltr'><strong>siquidem</strong></span> <span class='ocrx_word' id='word_1_525' title='bbox 1129 4468 1271 4524; x_wconf 89' lang='lat' dir='ltr'><strong>nosti</strong></span> <span class='ocrx_word' id='word_1_526' title='bbox 1307 4470 1678 4538; x_wconf 81' lang='lat' dir='ltr'><strong>evangelicum</strong></span> <span class='ocrx_word' id='word_1_527' title='bbox 1711 4471 1842 4524; x_wconf 91' lang='lat' dir='ltr'><strong>illud</strong></span> <span class='ocrx_word' id='word_1_528' title='bbox 1889 4475 2193 4527; x_wconf 90' lang='lat' dir='ltr'><strong>oraculum.</strong></span> <span class='ocrx_word' id='word_1_529' title='bbox 2237 4476 2386 4529; x_wconf 87' lang='lat' dir='ltr'><strong>Solet</strong></span> 
     </span>
    </p>
   </div>
   <div class='ocr_carea' id='block_1_78' title="bbox 2480 3310 4056 3383">
    <p class='ocr_par' dir='ltr' id='par_1_78' title="bbox 2480 3310 4056 3383">
     <span class='ocr_line' id='line_1_78' title="bbox 2480 3310 4056 3383; baseline 0.001 -20"><span class='ocrx_word' id='word_1_530' title='bbox 2480 3312 2751 3381; x_wconf 77' lang='grc' dir='ltr'>τιμωρίας</span> <span class='ocrx_word' id='word_1_531' title='bbox 2784 3310 3112 3381; x_wconf 76' lang='grc' dir='ltr'>χαρίσασθαι</span> <span class='ocrx_word' id='word_1_532' title='bbox 3159 3313 3323 3381; x_wconf 80' lang='grc' dir='ltr'>μηδὲν</span> <span class='ocrx_word' id='word_1_533' title='bbox 3366 3314 3507 3381; x_wconf 79' lang='grc' dir='ltr'>μέγα</span> <span class='ocrx_word' id='word_1_534' title='bbox 3549 3314 3953 3383; x_wconf 74' lang='grc' dir='ltr'>λυμηναμένοις</span> <span class='ocrx_word' id='word_1_535' title='bbox 3985 3316 4056 3365; x_wconf 77' lang='grc' dir='ltr'><strong>τα</strong></span> 
     </span>
    </p>
   </div>
   <div class='ocr_carea' id='block_1_79' title="bbox 2483 3400 4055 3473">
    <p class='ocr_par' dir='ltr' id='par_1_79' title="bbox 2483 3400 4055 3473">
     <span class='ocr_line' id='line_1_79' title="bbox 2483 3400 4055 3473; baseline 0.001 -21"><span class='ocrx_word' id='word_1_536' title='bbox 2483 3400 2823 3471; x_wconf 81' lang='grc' dir='ltr'>πράγματα’</span> <span class='ocrx_word' id='word_1_537' title='bbox 2861 3400 2954 3453; x_wconf 80' lang='grc' dir='ltr'>σοῦ</span> <span class='ocrx_word' id='word_1_538' title='bbox 2994 3400 3052 3452; x_wconf 87' lang='grc' dir='ltr'><strong>δέ</strong></span> <span class='ocrx_word' id='word_1_539' title='bbox 3104 3401 3182 3471; x_wconf 81' lang='grc' dir='ltr'><strong>τῷ</strong></span> <span class='ocrx_word' id='word_1_540' title='bbox 3211 3402 3400 3471; x_wconf 84' lang='grc' dir='ltr'>αὑχένι</span> <span class='ocrx_word' id='word_1_541' title='bbox 3449 3403 3610 3473; x_wconf 79' lang='grc' dir='ltr'>μόνον</span> <span class='ocrx_word' id='word_1_542' title='bbox 3666 3405 3766 3456; x_wconf 86' lang='grc' dir='ltr'><strong>οὑκ</strong></span> <span class='ocrx_word' id='word_1_543' title='bbox 3819 3405 4055 3456; x_wconf 83' lang='grc' dir='ltr'>ἐπικατ-</span> 
     </span>
    </p>
   </div>
   <div class='ocr_carea' id='block_1_80' title="bbox 2483 3488 4058 3563">
    <p class='ocr_par' dir='ltr' id='par_1_80' title="bbox 2483 3488 4058 3563">
     <span class='ocr_line' id='line_1_80' title="bbox 2483 3488 4058 3563; baseline 0.003 -21"><span class='ocrx_word' id='word_1_544' title='bbox 2483 3492 2712 3559; x_wconf 83' lang='grc' dir='ltr'>ήνεγκεν</span> <span class='ocrx_word' id='word_1_545' title='bbox 2741 3491 2772 3561; x_wconf 76' lang='grc' dir='ltr'>ἡ</span> <span class='ocrx_word' id='word_1_546' title='bbox 2807 3491 3020 3561; x_wconf 83' lang='grc' dir='ltr'>πονηρὰ</span> <span class='ocrx_word' id='word_1_547' title='bbox 3038 3492 3241 3561; x_wconf 80' lang='grc' dir='ltr'>φατρία</span> <span class='ocrx_word' id='word_1_548' title='bbox 3274 3492 3363 3544; x_wconf 83' lang='grc' dir='ltr'><strong>τὸν</strong></span> <span class='ocrx_word' id='word_1_549' title='bbox 3386 3493 3623 3563; x_wconf 79' lang='grc' dir='ltr'>σίδηρον,</span> <span class='ocrx_word' id='word_1_550' title='bbox 3659 3488 3739 3556; x_wconf 71' lang='grc' dir='ltr'>οἷς</span> <span class='ocrx_word' id='word_1_551' title='bbox 3762 3495 3924 3563; x_wconf 80' lang='grc' dir='ltr'>χάριν</span> <span class='ocrx_word' id='word_1_552' title='bbox 3954 3496 4058 3563; x_wconf 69' lang='grc' dir='ltr'>τῆς</span> 
     </span>
    </p>
   </div>
   <div class='ocr_carea' id='block_1_81' title="bbox 2485 3579 4056 3654">
    <p class='ocr_par' dir='ltr' id='par_1_81' title="bbox 2485 3579 4056 3654">
     <span class='ocr_line' id='line_1_81' title="bbox 2485 3579 4056 3654; baseline -0.001 -18"><span class='ocrx_word' id='word_1_553' title='bbox 2485 3579 2787 3643; x_wconf 83' lang='grc' dir='ltr'>ἀθωώσεως</span> <span class='ocrx_word' id='word_1_554' title='bbox 2828 3584 2940 3644; x_wconf 86' lang='grc' dir='ltr'>τοῖς</span> <span class='ocrx_word' id='word_1_555' title='bbox 2988 3581 3238 3643; x_wconf 80' lang='grc' dir='ltr'>παλαιοῖς</span> <span class='ocrx_word' id='word_1_556' title='bbox 3275 3583 3338 3635; x_wconf 90' lang='grc' dir='ltr'><strong>οὑ</strong></span> <span class='ocrx_word' id='word_1_557' title='bbox 3386 3583 3543 3645; x_wconf 85' lang='grc' dir='ltr'>δίδως</span> <span class='ocrx_word' id='word_1_558' title='bbox 3592 3584 3776 3654; x_wconf 86' lang='grc' dir='ltr'>χώραν</span> <span class='ocrx_word' id='word_1_559' title='bbox 3823 3588 4056 3653; x_wconf 66' lang='grc' dir='ltr'>συγκρῖ-</span> 
     </span>
    </p>
   </div>
   <div class='ocr_carea' id='block_1_82' title="bbox 2487 3672 4059 3743">
    <p class='ocr_par' dir='ltr' id='par_1_82' title="bbox 2487 3672 4059 3743">
     <span class='ocr_line' id='line_1_82' title="bbox 2487 3672 4059 3743; baseline -0.018 -15"><span class='ocrx_word' id='word_1_560' title='bbox 2487 3691 2644 3736; x_wconf 88' lang='grc' dir='ltr'>σεως.</span> <span class='ocrx_word' id='word_1_561' title='bbox 2686 3672 2842 3725; x_wconf 79' lang='grc' dir='ltr'>Οὖτω</span> <span class='ocrx_word' id='word_1_562' title='bbox 2870 3672 3141 3734; x_wconf 81' lang='grc' dir='ltr'>διδάσκεις</span> <span class='ocrx_word' id='word_1_563' title='bbox 3169 3673 3316 3743; x_wconf 71' lang='grc' dir='ltr'>ἡμᾶς</span> <span class='ocrx_word' id='word_1_564' title='bbox 3356 3674 3469 3735; x_wconf 70' lang='grc' dir='ltr'>τοῖς</span> <span class='ocrx_word' id='word_1_565' title='bbox 3527 3674 3772 3726; x_wconf 60' lang='grc' dir='ltr'><strong>ἀδικοῦσι</strong></span> <span class='ocrx_word' id='word_1_566' title='bbox 3811 3677 4059 3743; x_wconf 36' lang='grc' dir='ltr'><strong>προσὲέ,</strong></span> 
     </span>
    </p>
   </div>
   <div class='ocr_carea' id='block_1_83' title="bbox 2490 3761 4058 3835">
    <p class='ocr_par' dir='ltr' id='par_1_83' title="bbox 2490 3761 4058 3835">
     <span class='ocr_line' id='line_1_83' title="bbox 2490 3761 4058 3835; baseline 0 -18"><span class='ocrx_word' id='word_1_567' title='bbox 2490 3764 2700 3835; x_wconf 87' lang='grc' dir='ltr'>ρεσθαι.</span> <span class='ocrx_word' id='word_1_568' title='bbox 2741 3763 2852 3816; x_wconf 71' lang='grc' dir='ltr'><strong>Καὶ</strong></span> <span class='ocrx_word' id='word_1_569' title='bbox 2893 3763 2996 3831; x_wconf 75' lang='grc' dir='ltr'>γὰρ</span> <span class='ocrx_word' id='word_1_570' title='bbox 3027 3761 3133 3815; x_wconf 73' lang='grc' dir='ltr'>κᾶν</span> <span class='ocrx_word' id='word_1_571' title='bbox 3174 3766 3282 3824; x_wconf 87' lang='grc' dir='ltr'>τοῖς</span> <span class='ocrx_word' id='word_1_572' title='bbox 3320 3762 3501 3826; x_wconf 82' lang='grc' dir='ltr'>ἄλλοις</span> <span class='ocrx_word' id='word_1_573' title='bbox 3541 3764 3846 3833; x_wconf 81' lang='grc' dir='ltr'>Σολομῶνος</span> <span class='ocrx_word' id='word_1_574' title='bbox 3895 3762 3945 3817; x_wconf 79' lang='grc' dir='ltr'>εἷ</span> <span class='ocrx_word' id='word_1_575' title='bbox 3974 3766 4058 3817; x_wconf 81' lang='grc' dir='ltr'>δι-</span> 
     </span>
    </p>
   </div>
   <div class='ocr_carea' id='block_1_84' title="bbox 2486 3850 4056 3924">
    <p class='ocr_par' dir='ltr' id='par_1_84' title="bbox 2486 3850 4056 3924">
     <span class='ocr_line' id='line_1_84' title="bbox 2486 3850 4056 3924; baseline -0.002 -18"><span class='ocrx_word' id='word_1_576' title='bbox 2486 3854 2785 3922; x_wconf 83' lang='grc' dir='ltr'>καιότερος,</span> <span class='ocrx_word' id='word_1_577' title='bbox 2824 3851 2996 3924; x_wconf 83' lang='grc' dir='ltr'>ταύτῃ</span> <span class='ocrx_word' id='word_1_578' title='bbox 3025 3851 3158 3919; x_wconf 81' lang='grc' dir='ltr'>γοῦν</span> <span class='ocrx_word' id='word_1_579' title='bbox 3196 3850 3335 3903; x_wconf 80' lang='grc' dir='ltr'>ἑκὼν</span> <span class='ocrx_word' id='word_1_580' title='bbox 3364 3851 3463 3919; x_wconf 77' lang='grc' dir='ltr'><strong>τῆς</strong></span> <span class='ocrx_word' id='word_1_581' title='bbox 3495 3852 3773 3922; x_wconf 79' lang='grc' dir='ltr'>ἀκριϐείας</span> <span class='ocrx_word' id='word_1_582' title='bbox 3810 3855 4056 3922; x_wconf 56' lang='grc' dir='ltr'>ὑφίεσαι,</span> 
     </span>
    </p>
   </div>
   <div class='ocr_carea' id='block_1_85' title="bbox 2488 3942 4059 4015">
    <p class='ocr_par' dir='ltr' id='par_1_85' title="bbox 2488 3942 4059 4015">
     <span class='ocr_line' id='line_1_85' title="bbox 2488 3942 4059 4015; baseline 0 -18"><span class='ocrx_word' id='word_1_583' title='bbox 2488 3946 2582 3998; x_wconf 70' lang='grc' dir='ltr'>καὶ</span> <span class='ocrx_word' id='word_1_584' title='bbox 2618 3945 2679 3997; x_wconf 82' lang='grc' dir='ltr'><strong>τὸ</strong></span> <span class='ocrx_word' id='word_1_585' title='bbox 2715 3945 2813 4013; x_wconf 80' lang='grc' dir='ltr'><strong>μὲν</strong></span> <span class='ocrx_word' id='word_1_586' title='bbox 2842 3942 3226 4013; x_wconf 70' lang='grc' dir='ltr'>διανεμητικὸν</span> <span class='ocrx_word' id='word_1_587' title='bbox 3258 3960 3337 3995; x_wconf 80' lang='grc' dir='ltr'><strong>σοι</strong></span> <span class='ocrx_word' id='word_1_588' title='bbox 3366 3942 3595 4005; x_wconf 80' lang='grc' dir='ltr'>δίκαιον,</span> <span class='ocrx_word' id='word_1_589' title='bbox 3625 3945 3715 3996; x_wconf 65' lang='grc' dir='ltr'><strong>καὶ</strong></span> <span class='ocrx_word' id='word_1_590' title='bbox 3735 3944 3794 3995; x_wconf 69' lang='grc' dir='ltr'>τὸ</span> <span class='ocrx_word' id='word_1_591' title='bbox 3823 3946 4059 4015; x_wconf 78' lang='grc' dir='ltr'>ἐπανορ-</span> 
     </span>
    </p>
   </div>
   <div class='ocr_carea' id='block_1_86' title="bbox 2490 4033 4058 4102">
    <p class='ocr_par' dir='ltr' id='par_1_86' title="bbox 2490 4033 4058 4102">
     <span class='ocr_line' id='line_1_86' title="bbox 2490 4033 4058 4102; baseline 0.003 -16"><span class='ocrx_word' id='word_1_592' title='bbox 2490 4034 2720 4086; x_wconf 72' lang='grc' dir='ltr'>θωτικὸν</span> <span class='ocrx_word' id='word_1_593' title='bbox 2765 4033 3365 4102; x_wconf 84' lang='grc' dir='ltr'>ὑπερευκατὼρθωται·</span> <span class='ocrx_word' id='word_1_594' title='bbox 3390 4034 3450 4085; x_wconf 81' lang='grc' dir='ltr'>τὸ</span> <span class='ocrx_word' id='word_1_595' title='bbox 3485 4035 3539 4086; x_wconf 84' lang='grc' dir='ltr'>δὲ</span> <span class='ocrx_word' id='word_1_596' title='bbox 3569 4034 3706 4087; x_wconf 72' lang='grc' dir='ltr'>κατὰ</span> <span class='ocrx_word' id='word_1_597' title='bbox 3738 4036 3796 4089; x_wconf 75' lang='grc' dir='ltr'>τὸ</span> <span class='ocrx_word' id='word_1_598' title='bbox 3836 4039 4058 4090; x_wconf 79' lang='grc' dir='ltr'>ἀντιπε-</span> 
     </span>
    </p>
   </div>
   <div class='ocr_carea' id='block_1_87' title="bbox 2488 4123 4056 4197">
    <p class='ocr_par' dir='ltr' id='par_1_87' title="bbox 2488 4123 4056 4197">
     <span class='ocr_line' id='line_1_87' title="bbox 2488 4123 4056 4197; baseline 0.004 -22"><span class='ocrx_word' id='word_1_599' title='bbox 2488 4124 2703 4188; x_wconf 83' lang='grc' dir='ltr'>πονθὸς,</span> <span class='ocrx_word' id='word_1_600' title='bbox 2740 4124 2974 4176; x_wconf 76' lang='grc' dir='ltr'>ἐνταῦθα</span> <span class='ocrx_word' id='word_1_601' title='bbox 3002 4140 3082 4175; x_wconf 91' lang='grc' dir='ltr'><strong>σοι</strong></span> <span class='ocrx_word' id='word_1_602' title='bbox 3108 4123 3492 4194; x_wconf 86' lang='grc' dir='ltr'>μετριώτερον.</span> <span class='ocrx_word' id='word_1_603' title='bbox 3519 4126 3625 4177; x_wconf 73' lang='grc' dir='ltr'>Καὶ</span> <span class='ocrx_word' id='word_1_604' title='bbox 3651 4125 3824 4193; x_wconf 85' lang='grc' dir='ltr'>βούλει</span> <span class='ocrx_word' id='word_1_605' title='bbox 3852 4129 4056 4197; x_wconf 80' lang='grc' dir='ltr'>μᾶλλον</span> 
     </span>
    </p>
   </div>
   <div class='ocr_carea' id='block_1_88' title="bbox 2491 4213 4055 4285">
    <p class='ocr_par' dir='ltr' id='par_1_88' title="bbox 2491 4213 4055 4285">
     <span class='ocr_line' id='line_1_88' title="bbox 2491 4213 4055 4285; baseline 0.003 -18"><span class='ocrx_word' id='word_1_606' title='bbox 2491 4216 2768 4285; x_wconf 78' lang='grc' dir='ltr'>ὑπόχρεως</span> <span class='ocrx_word' id='word_1_607' title='bbox 2820 4213 2967 4282; x_wconf 78' lang='grc' dir='ltr'>ἔχειν</span> <span class='ocrx_word' id='word_1_608' title='bbox 3005 4214 3129 4277; x_wconf 70' lang='grc' dir='ltr'>τοὺς</span> <span class='ocrx_word' id='word_1_609' title='bbox 3168 4216 3246 4275; x_wconf 89' lang='grc' dir='ltr'><strong>είς</strong></span> <span class='ocrx_word' id='word_1_610' title='bbox 3303 4213 3361 4265; x_wconf 82' lang='grc' dir='ltr'>σὲ</span> <span class='ocrx_word' id='word_1_611' title='bbox 3418 4216 3942 4285; x_wconf 76' lang='grc' dir='ltr'>πλημμελήσαντας,</span> <span class='ocrx_word' id='word_1_612' title='bbox 3978 4221 4055 4283; x_wconf 81' lang='grc' dir='ltr'>ὡς</span> 
     </span>
    </p>
   </div>
   <div class='ocr_carea' id='block_1_89' title="bbox 2490 4304 4055 4373">
    <p class='ocr_par' dir='ltr' id='par_1_89' title="bbox 2490 4304 4055 4373">
     <span class='ocr_line' id='line_1_89' title="bbox 2490 4304 4055 4373; baseline 0.001 -14"><span class='ocrx_word' id='word_1_613' title='bbox 2490 4305 2625 4359; x_wconf 81' lang='grc' dir='ltr'>πολὺ</span> <span class='ocrx_word' id='word_1_614' title='bbox 2665 4305 2763 4372; x_wconf 83' lang='grc' dir='ltr'>μὲν</span> <span class='ocrx_word' id='word_1_615' title='bbox 2792 4304 3128 4373; x_wconf 78' lang='grc' dir='ltr'>ὀφείλοντας,</span> <span class='ocrx_word' id='word_1_616' title='bbox 3162 4304 3293 4356; x_wconf 86' lang='grc' dir='ltr'>πολὺ</span> <span class='ocrx_word' id='word_1_617' title='bbox 3321 4304 3377 4355; x_wconf 81' lang='grc' dir='ltr'>δὲ</span> <span class='ocrx_word' id='word_1_618' title='bbox 3408 4304 3725 4373; x_wconf 68' lang='grc' dir='ltr'>ἀφεθέντας,</span> <span class='ocrx_word' id='word_1_619' title='bbox 3753 4308 3848 4358; x_wconf 79' lang='grc' dir='ltr'><strong>καὶ</strong></span> <span class='ocrx_word' id='word_1_620' title='bbox 3878 4309 3938 4360; x_wconf 79' lang='grc' dir='ltr'><strong>τὸ</strong></span> <span class='ocrx_word' id='word_1_621' title='bbox 3972 4310 4055 4360; x_wconf 78' lang='grc' dir='ltr'><strong>δὶ-</strong></span> 
     </span>
    </p>
   </div>
   <div class='ocr_carea' id='block_1_90' title="bbox 2491 4394 4055 4466">
    <p class='ocr_par' dir='ltr' id='par_1_90' title="bbox 2491 4394 4055 4466">
     <span class='ocr_line' id='line_1_90' title="bbox 2491 4394 4055 4466; baseline 0.002 -17"><span class='ocrx_word' id='word_1_622' title='bbox 2491 4413 2647 4449; x_wconf 84' lang='grc' dir='ltr'>καιον</span> <span class='ocrx_word' id='word_1_623' title='bbox 2673 4396 3069 4463; x_wconf 84' lang='grc' dir='ltr'>ἀγαπήσαντας</span> <span class='ocrx_word' id='word_1_624' title='bbox 3103 4394 3354 4447; x_wconf 79' lang='grc' dir='ltr'>τοσοῦτον</span> <span class='ocrx_word' id='word_1_625' title='bbox 3385 4395 3507 4448; x_wconf 82' lang='grc' dir='ltr'>ὅσον</span> <span class='ocrx_word' id='word_1_626' title='bbox 3533 4396 3857 4466; x_wconf 67' lang='grc' dir='ltr'>ἀφείθησαν.</span> <span class='ocrx_word' id='word_1_627' title='bbox 3894 4396 4055 4463; x_wconf 73' lang='grc' dir='ltr'>Οἶδας</span> 
     </span>
    </p>
   </div>
   <div class='ocr_carea' id='block_1_91' title="bbox 2494 4484 4055 4561">
    <p class='ocr_par' dir='ltr' id='par_1_91' title="bbox 2494 4484 4055 4561">
     <span class='ocr_line' id='line_1_91' title="bbox 2494 4484 4055 4561; baseline 0.003 -23"><span class='ocrx_word' id='word_1_628' title='bbox 2494 4488 2712 4547; x_wconf 76' lang='grc' dir='ltr'>πάντως</span> <span class='ocrx_word' id='word_1_629' title='bbox 2761 4485 2822 4537; x_wconf 76' lang='grc' dir='ltr'><strong>τὸ</strong></span> <span class='ocrx_word' id='word_1_630' title='bbox 2876 4485 3228 4551; x_wconf 77' lang='grc' dir='ltr'>εὑαγγελικὺν</span> <span class='ocrx_word' id='word_1_631' title='bbox 3272 4484 3694 4555; x_wconf 84' lang='grc' dir='ltr'>ἀποθέσπισμα·</span> <span class='ocrx_word' id='word_1_632' title='bbox 3741 4490 3885 4556; x_wconf 64' lang='grc' dir='ltr'>φιλεῖ</span> <span class='ocrx_word' id='word_1_633' title='bbox 3946 4494 4055 4561; x_wconf 68' lang='grc' dir='ltr'><strong>γὰρ</strong></span> 
     </span>
    </p>
   </div>
   <div class='ocr_carea' id='block_1_92' title="bbox 828 4561 2517 4649">
    <p class='ocr_par' dir='ltr' id='par_1_92' title="bbox 828 4561 2517 4632">
     <span class='ocr_line' id='line_1_92' title="bbox 828 4561 2517 4632; baseline 0.005 -16"><span class='ocrx_word' id='word_1_634' title='bbox 828 4564 971 4616; x_wconf 91' lang='lat' dir='ltr'><strong>enim</strong></span> <span class='ocrx_word' id='word_1_635' title='bbox 1007 4562 1170 4615; x_wconf 85' lang='lat' dir='ltr'><strong>homo</strong></span> <span class='ocrx_word' id='word_1_636' title='bbox 1218 4561 1527 4615; x_wconf 82' lang='lat' dir='ltr'><strong>resistentia</strong></span> <span class='ocrx_word' id='word_1_637' title='bbox 1566 4564 1876 4631; x_wconf 77' lang='lat' dir='ltr'><strong>exasperati</strong></span> <span class='ocrx_word' id='word_1_638' title='bbox 1903 4607 1918 4632; x_wconf 91' lang='lat'><strong>,</strong></span> <span class='ocrx_word' id='word_1_639' title='bbox 1972 4566 2166 4622; x_wconf 85' lang='lat' dir='ltr'><strong>cedere</strong></span> <span class='ocrx_word' id='word_1_640' title='bbox 2206 4578 2386 4624; x_wconf 87' lang='lat' dir='ltr'><strong>autem</strong></span> <span class='ocrx_word' id='word_1_641' title='bbox 2422 4571 2517 4631; x_wconf 69' lang='lat' dir='ltr'><strong>Da</strong></span> 
     </span>
    </p>
   </div>
   <div class='ocr_carea' id='block_1_93' title="bbox 2361 4561 4050 4649">
    <p class='ocr_par' dir='ltr' id='par_1_93' title="bbox 2361 4571 4050 4649">
     <span class='ocr_line' id='line_1_93' title="bbox 2361 4571 4050 4649; baseline 0.005 -26"><span class='ocrx_word' id='word_1_642' title='bbox 2361 4586 2386 4623; x_wconf 82' lang='grc' dir='ltr'><strong>ιι</strong></span> <span class='ocrx_word' id='word_1_643' title='bbox 2422 4571 2462 4625; x_wconf 90' lang='lat' dir='ltr'>D</span> <span class='ocrx_word' id='word_1_644' title='bbox 2493 4576 2777 4646; x_wconf 80' lang='grc' dir='ltr'>ἅνθρωπος</span> <span class='ocrx_word' id='word_1_645' title='bbox 2813 4575 2945 4644; x_wconf 71' lang='grc' dir='ltr'>πρὸς</span> <span class='ocrx_word' id='word_1_646' title='bbox 2971 4575 3068 4644; x_wconf 80' lang='grc' dir='ltr'><strong>μὲν</strong></span> <span class='ocrx_word' id='word_1_647' title='bbox 3098 4575 3158 4627; x_wconf 83' lang='grc' dir='ltr'><strong>τὸ</strong></span> <span class='ocrx_word' id='word_1_648' title='bbox 3184 4576 3479 4628; x_wconf 85' lang='grc' dir='ltr'>ἀντιτεῖνον</span> <span class='ocrx_word' id='word_1_649' title='bbox 3508 4578 4050 4649; x_wconf 76' lang='grc' dir='ltr'>ἀντισκληρήνεσθαι.</span> 
     </span>
    </p>
   </div>
   <div class='ocr_carea' id='block_1_94' title="bbox 828 4652 2384 4728">
    <p class='ocr_par' dir='ltr' id='par_1_94' title="bbox 828 4652 2384 4728">
     <span class='ocr_line' id='line_1_94' title="bbox 828 4652 2384 4728; baseline 0.004 -22"><span class='ocrx_word' id='word_1_650' title='bbox 828 4652 1182 4716; x_wconf 72' lang='grc' dir='ltr'>ιίιιιιιιιιροιιιί,</span> <span class='ocrx_word' id='word_1_651' title='bbox 1213 4652 1586 4721; x_wconf 86' lang='lat' dir='ltr'><strong>persuasionis</strong></span> <span class='ocrx_word' id='word_1_652' title='bbox 1617 4654 1930 4721; x_wconf 87' lang='lat' dir='ltr'><strong>pltarmaco,</strong></span> <span class='ocrx_word' id='word_1_653' title='bbox 1963 4667 2221 4728; x_wconf 87' lang='lat' dir='ltr'><strong>tanquatn</strong></span> <span class='ocrx_word' id='word_1_654' title='bbox 2246 4660 2384 4728; x_wconf 83' lang='lat' dir='ltr'><strong>oleo,</strong></span> 
     </span>
    </p>
   </div>
   <div class='ocr_carea' id='block_1_95' title="bbox 833 4744 2388 4820">
    <p class='ocr_par' dir='ltr' id='par_1_95' title="bbox 833 4744 2388 4820">
     <span class='ocr_line' id='line_1_95' title="bbox 833 4744 2388 4820; baseline 0.006 -22"><span class='ocrx_word' id='word_1_655' title='bbox 833 4747 1049 4798; x_wconf 88' lang='lat' dir='ltr'><strong>mollior</strong></span> <span class='ocrx_word' id='word_1_656' title='bbox 1099 4744 1345 4799; x_wconf 79' lang='lat' dir='ltr'><strong>effectus.</strong></span> <span class='ocrx_word' id='word_1_657' title='bbox 1391 4744 1470 4796; x_wconf 82' lang='lat' dir='ltr'><strong>An</strong></span> <span class='ocrx_word' id='word_1_658' title='bbox 1503 4758 1629 4797; x_wconf 78' lang='lat' dir='ltr'><strong>vero</strong></span> <span class='ocrx_word' id='word_1_659' title='bbox 1658 4746 1754 4799; x_wconf 87' lang='lat' dir='ltr'><strong>tibi</strong></span> <span class='ocrx_word' id='word_1_660' title='bbox 1792 4752 2149 4804; x_wconf 90' lang='lat' dir='ltr'><strong>mansuetudo</strong></span> <span class='ocrx_word' id='word_1_661' title='bbox 2189 4752 2388 4820; x_wconf 71' lang='lat' dir='ltr'><strong>hujus-</strong></span> 
     </span>
    </p>
   </div>
   <div class='ocr_carea' id='block_1_96' title="bbox 829 4834 2386 4904">
    <p class='ocr_par' dir='ltr' id='par_1_96' title="bbox 829 4834 2386 4904">
     <span class='ocr_line' id='line_1_96' title="bbox 829 4834 2386 4904; baseline 0.005 -16"><span class='ocrx_word' id='word_1_662' title='bbox 829 4837 973 4890; x_wconf 89' lang='lat' dir='ltr'><strong>modi</strong></span> <span class='ocrx_word' id='word_1_663' title='bbox 1028 4849 1094 4888; x_wconf 79' lang='lat' dir='ltr'><strong>ex</strong></span> <span class='ocrx_word' id='word_1_664' title='bbox 1152 4834 1424 4897; x_wconf 88' lang='lat' dir='ltr'><strong>molliore,</strong></span> <span class='ocrx_word' id='word_1_665' title='bbox 1479 4847 1575 4888; x_wconf 85' lang='lat' dir='ltr'><strong>seu</strong></span> <span class='ocrx_word' id='word_1_666' title='bbox 1630 4835 1814 4890; x_wconf 84' lang='lat' dir='ltr'><strong>minus</strong></span> <span class='ocrx_word' id='word_1_667' title='bbox 1869 4852 2138 4904; x_wconf 83' lang='lat' dir='ltr'><strong>generosa</strong></span> <span class='ocrx_word' id='word_1_668' title='bbox 2208 4841 2386 4896; x_wconf 83' lang='lat' dir='ltr'><strong>indole</strong></span> 
     </span>
    </p>
   </div>
   <div class='ocr_carea' id='block_1_97' title="bbox 830 4926 2390 4995">
    <p class='ocr_par' dir='ltr' id='par_1_97' title="bbox 830 4926 2390 4995">
     <span class='ocr_line' id='line_1_97' title="bbox 830 4926 2390 4995; baseline 0.006 -20"><span class='ocrx_word' id='word_1_669' title='bbox 830 4926 999 4977; x_wconf 87' lang='lat' dir='ltr'><strong>indita</strong></span> <span class='ocrx_word' id='word_1_670' title='bbox 1022 4932 1125 4987; x_wconf 86' lang='lat' dir='ltr'><strong>est,</strong></span> <span class='ocrx_word' id='word_1_671' title='bbox 1175 4932 1233 4975; x_wconf 89' lang='lat' dir='ltr'><strong>ut</strong></span> <span class='ocrx_word' id='word_1_672' title='bbox 1275 4938 1384 4977; x_wconf 91' lang='lat' dir='ltr'><strong>non</strong></span> <span class='ocrx_word' id='word_1_673' title='bbox 1440 4928 1791 4995; x_wconf 64' lang='lat' dir='ltr'><strong>praerogativa</strong></span> <span class='ocrx_word' id='word_1_674' title='bbox 1839 4928 1928 4990; x_wconf 89' lang='lat' dir='ltr'><strong>sit,</strong></span> <span class='ocrx_word' id='word_1_675' title='bbox 1962 4930 2055 4982; x_wconf 87' lang='lat' dir='ltr'><strong>sed</strong></span> <span class='ocrx_word' id='word_1_676' title='bbox 2102 4929 2390 4987; x_wconf 87' lang='lat' dir='ltr'><strong>defectus?</strong></span> 
     </span>
    </p>
   </div>
   <div class='ocr_carea' id='block_1_98' title="bbox 829 5014 2383 5089">
    <p class='ocr_par' dir='ltr' id='par_1_98' title="bbox 829 5014 2383 5089">
     <span class='ocr_line' id='line_1_98' title="bbox 829 5014 2383 5089; baseline 0.005 -20"><span class='ocrx_word' id='word_1_677' title='bbox 829 5016 939 5069; x_wconf 66' lang='lat' dir='ltr'><strong>hos</strong></span> <span class='ocrx_word' id='word_1_678' title='bbox 991 5030 1094 5067; x_wconf 93' lang='lat' dir='ltr'><strong>non</strong></span> <span class='ocrx_word' id='word_1_679' title='bbox 1150 5014 1286 5070; x_wconf 88' lang='lat' dir='ltr'><strong>adeo</strong></span> <span class='ocrx_word' id='word_1_680' title='bbox 1333 5015 1579 5071; x_wconf 84' lang='lat' dir='ltr'><strong>insanire</strong></span> <span class='ocrx_word' id='word_1_681' title='bbox 1617 5033 1928 5086; x_wconf 88' lang='lat' dir='ltr'><strong>possumus,</strong></span> <span class='ocrx_word' id='word_1_682' title='bbox 1966 5029 2025 5073; x_wconf 86' lang='lat' dir='ltr'><strong>ut</strong></span> <span class='ocrx_word' id='word_1_683' title='bbox 2074 5024 2383 5089; x_wconf 87' lang='lat' dir='ltr'><strong>credamus,</strong></span> 
     </span>
    </p>
   </div>
   <div class='ocr_carea' id='block_1_99' title="bbox 830 5104 2389 5178">
    <p class='ocr_par' dir='ltr' id='par_1_99' title="bbox 830 5104 2389 5178">
     <span class='ocr_line' id='line_1_99' title="bbox 830 5104 2389 5178; baseline 0.007 -22"><span class='ocrx_word' id='word_1_684' title='bbox 830 5104 990 5172; x_wconf 64' lang='lat' dir='ltr'><strong>regias</strong></span> <span class='ocrx_word' id='word_1_685' title='bbox 1022 5104 1236 5158; x_wconf 82' lang='lat' dir='ltr'><strong>virtutis</strong></span> <span class='ocrx_word' id='word_1_686' title='bbox 1267 5113 1374 5156; x_wconf 63' lang='lat' dir='ltr'><strong>tum</strong></span> <span class='ocrx_word' id='word_1_687' title='bbox 1401 5105 1590 5160; x_wconf 80' lang='lat' dir='ltr'><strong>faciem</strong></span> <span class='ocrx_word' id='word_1_688' title='bbox 1631 5109 1859 5161; x_wconf 87' lang='lat' dir='ltr'><strong>maculis</strong></span> <span class='ocrx_word' id='word_1_689' title='bbox 1910 5110 2257 5178; x_wconf 79' lang='lat' dir='ltr'><strong>quibusdam,</strong></span> <span class='ocrx_word' id='word_1_690' title='bbox 2296 5123 2389 5167; x_wconf 87' lang='lat' dir='ltr'><strong>aut</strong></span> 
     </span>
    </p>
   </div>
   <div class='ocr_carea' id='block_1_100' title="bbox 830 5194 2387 5268">
    <p class='ocr_par' dir='ltr' id='par_1_100' title="bbox 830 5194 2387 5268">
     <span class='ocr_line' id='line_1_100' title="bbox 830 5194 2387 5268; baseline 0.006 -22"><span class='ocrx_word' id='word_1_691' title='bbox 830 5194 1199 5248; x_wconf 74' lang='lat' dir='ltr'><strong>avulsiouibus</strong></span> <span class='ocrx_word' id='word_1_692' title='bbox 1245 5194 1544 5265; x_wconf 84' lang='lat' dir='ltr'><strong>deturpari.</strong></span> <span class='ocrx_word' id='word_1_693' title='bbox 1826 5198 2041 5256; x_wconf 85' lang='lat' dir='ltr'><strong>lttdoles</strong></span> <span class='ocrx_word' id='word_1_694' title='bbox 2082 5205 2225 5256; x_wconf 85' lang='lat' dir='ltr'><strong>enim</strong></span> <span class='ocrx_word' id='word_1_695' title='bbox 2273 5212 2387 5267; x_wconf 82' lang='lat' dir='ltr'><strong>tua,</strong></span> 
     </span>
    </p>
   </div>
   <div class='ocr_carea' id='block_1_101' title="bbox 831 5283 2390 5361">
    <p class='ocr_par' dir='ltr' id='par_1_101' title="bbox 831 5283 2390 5361">
     <span class='ocr_line' id='line_1_101' title="bbox 831 5283 2390 5361; baseline 0.006 -26"><span class='ocrx_word' id='word_1_696' title='bbox 831 5293 882 5335; x_wconf 88' lang='lat' dir='ltr'><strong>et</strong></span> <span class='ocrx_word' id='word_1_697' title='bbox 913 5283 1077 5352; x_wconf 79' lang='lat' dir='ltr'><strong>regali</strong></span> <span class='ocrx_word' id='word_1_698' title='bbox 1126 5284 1412 5352; x_wconf 86' lang='lat' dir='ltr'><strong>majestate</strong></span> <span class='ocrx_word' id='word_1_699' title='bbox 1457 5287 1678 5351; x_wconf 90' lang='lat' dir='ltr'><strong>eminet,</strong></span> <span class='ocrx_word' id='word_1_700' title='bbox 1721 5298 1773 5341; x_wconf 90' lang='lat' dir='ltr'><strong>et</strong></span> <span class='ocrx_word' id='word_1_701' title='bbox 1816 5291 2137 5344; x_wconf 77' lang='lat' dir='ltr'><strong>suavitatem</strong></span> <span class='ocrx_word' id='word_1_702' title='bbox 2211 5294 2390 5361; x_wconf 86' lang='lat' dir='ltr'><strong>prodit.</strong></span> 
     </span>
    </p>
   </div>
   <div class='ocr_carea' id='block_1_102' title="bbox 832 5375 2390 5455">
    <p class='ocr_par' dir='ltr' id='par_1_102' title="bbox 832 5375 2390 5455">
     <span class='ocr_line' id='line_1_102' title="bbox 832 5375 2390 5455; baseline 0.008 -26"><span class='ocrx_word' id='word_1_703' title='bbox 832 5391 893 5429; x_wconf 91' lang='lat' dir='ltr'><strong>ac</strong></span> <span class='ocrx_word' id='word_1_704' title='bbox 923 5375 1201 5444; x_wconf 87' lang='lat' dir='ltr'><strong>leporem:</strong></span> <span class='ocrx_word' id='word_1_705' title='bbox 1246 5391 1357 5430; x_wconf 86' lang='lat' dir='ltr'><strong>non</strong></span> <span class='ocrx_word' id='word_1_706' title='bbox 1401 5392 1590 5446; x_wconf 87' lang='lat' dir='ltr'><strong>aspera</strong></span> <span class='ocrx_word' id='word_1_707' title='bbox 1639 5386 1724 5435; x_wconf 89' lang='lat' dir='ltr'><strong>est</strong></span> <span class='ocrx_word' id='word_1_708' title='bbox 1755 5381 1849 5436; x_wconf 88' lang='lat' dir='ltr'><strong>tibi</strong></span> <span class='ocrx_word' id='word_1_709' title='bbox 1901 5384 2154 5447; x_wconf 81' lang='lat' dir='ltr'><strong>virilitas,</strong></span> <span class='ocrx_word' id='word_1_710' title='bbox 2213 5400 2390 5455; x_wconf 86' lang='lat' dir='ltr'><strong>neque</strong></span> 
     </span>
    </p>
   </div>
   <div class='ocr_carea' id='block_1_103' title="bbox 906 5502 1373 5571">
    <p class='ocr_par' dir='ltr' id='par_1_103' title="bbox 906 5502 1373 5571">
     <span class='ocr_line' id='line_1_103' title="bbox 906 5502 1373 5571; baseline 0 -9"><span class='ocrx_word' id='word_1_711' title='bbox 906 5508 948 5539; x_wconf 78' lang='grc' dir='ltr'><strong>⁸ο</strong></span> <span class='ocrx_word' id='word_1_712' title='bbox 979 5502 1109 5562; x_wconf 80' lang='lat' dir='ltr'><strong>Luc.</strong></span> <span class='ocrx_word' id='word_1_713' title='bbox 1145 5523 1241 5571; x_wconf 74' lang='grc' dir='ltr'>ιἰι,</span> <span class='ocrx_word' id='word_1_714' title='bbox 1284 5508 1373 5562; x_wconf 67' lang='grc' dir='ltr'><strong>ιδ.</strong></span> 
     </span>
    </p>
   </div>
   <div class='ocr_carea' id='block_1_104' title="bbox 2491 4669 4051 4741">
    <p class='ocr_par' dir='ltr' id='par_1_104' title="bbox 2491 4669 4051 4741">
     <span class='ocr_line' id='line_1_104' title="bbox 2491 4669 4051 4741; baseline -0.003 -17"><span class='ocrx_word' id='word_1_715' title='bbox 2491 4672 2737 4724; x_wconf 82' lang='grc' dir='ltr'>ὑπείκειν</span> <span class='ocrx_word' id='word_1_716' title='bbox 2773 4671 2830 4722; x_wconf 83' lang='grc' dir='ltr'>δὲ</span> <span class='ocrx_word' id='word_1_717' title='bbox 2872 4669 2948 4737; x_wconf 79' lang='grc' dir='ltr'><strong>τῷ</strong></span> <span class='ocrx_word' id='word_1_718' title='bbox 2985 4669 3329 4737; x_wconf 86' lang='grc' dir='ltr'>μαλάττοντι,</span> <span class='ocrx_word' id='word_1_719' title='bbox 3370 4670 3617 4739; x_wconf 74' lang='grc' dir='ltr'>καθάπερ</span> <span class='ocrx_word' id='word_1_720' title='bbox 3648 4671 3811 4741; x_wconf 80' lang='grc' dir='ltr'>ἐλαίῳ</span> <span class='ocrx_word' id='word_1_721' title='bbox 3854 4672 3929 4741; x_wconf 79' lang='grc' dir='ltr'>τῷ</span> <span class='ocrx_word' id='word_1_722' title='bbox 3960 4676 4051 4741; x_wconf 67' lang='grc' dir='ltr'>τῆς</span> 
     </span>
    </p>
   </div>
   <div class='ocr_carea' id='block_1_105' title="bbox 2492 4759 4053 4833">
    <p class='ocr_par' dir='ltr' id='par_1_105' title="bbox 2492 4759 4053 4833">
     <span class='ocr_line' id='line_1_105' title="bbox 2492 4759 4053 4833; baseline 0.001 -18"><span class='ocrx_word' id='word_1_723' title='bbox 2492 4762 2715 4824; x_wconf 80' lang='grc' dir='ltr'>πειθοῦς</span> <span class='ocrx_word' id='word_1_724' title='bbox 2744 4761 3019 4831; x_wconf 79' lang='grc' dir='ltr'>φαρμάκῳ</span> <span class='ocrx_word' id='word_1_725' title='bbox 3059 4759 3341 4827; x_wconf 79' lang='grc' dir='ltr'>γινόμενος</span> <span class='ocrx_word' id='word_1_726' title='bbox 3386 4761 3781 4832; x_wconf 83' lang='grc' dir='ltr'>χαλαρώτερος.</span> <span class='ocrx_word' id='word_1_727' title='bbox 3821 4764 3962 4833; x_wconf 69' lang='lat' dir='ltr'><strong>&quot;Ap:</strong></span> <span class='ocrx_word' id='word_1_728' title='bbox 3990 4766 4053 4833; x_wconf 78' lang='grc' dir='ltr'>δή</span> 
     </span>
    </p>
   </div>
   <div class='ocr_carea' id='block_1_106' title="bbox 2494 4850 4051 4922">
    <p class='ocr_par' dir='ltr' id='par_1_106' title="bbox 2494 4850 4051 4922">
     <span class='ocr_line' id='line_1_106' title="bbox 2494 4850 4051 4922; baseline 0.001 -17"><span class='ocrx_word' id='word_1_729' title='bbox 2494 4870 2576 4905; x_wconf 90' lang='grc' dir='ltr'><strong>σοι</strong></span> <span class='ocrx_word' id='word_1_730' title='bbox 2605 4853 2665 4905; x_wconf 85' lang='grc' dir='ltr'><strong>τὸ</strong></span> <span class='ocrx_word' id='word_1_731' title='bbox 2694 4853 2867 4922; x_wconf 75' lang='grc' dir='ltr'>πρᾶον</span> <span class='ocrx_word' id='word_1_732' title='bbox 2895 4850 3005 4903; x_wconf 83' lang='grc' dir='ltr'>ἀπὸ</span> <span class='ocrx_word' id='word_1_733' title='bbox 3044 4852 3239 4919; x_wconf 78' lang='grc' dir='ltr'>φρενὸς</span> <span class='ocrx_word' id='word_1_734' title='bbox 3269 4851 3664 4919; x_wconf 81' lang='grc' dir='ltr'>μαλακωτέρας</span> <span class='ocrx_word' id='word_1_735' title='bbox 3712 4855 4051 4922; x_wconf 75' lang='grc' dir='ltr'>ἐμπέφυκεν,</span> 
     </span>
    </p>
   </div>
   <div class='ocr_carea' id='block_1_107' title="bbox 2492 4937 4056 5013">
    <p class='ocr_par' dir='ltr' id='par_1_107' title="bbox 2492 4937 4056 5013">
     <span class='ocr_line' id='line_1_107' title="bbox 2492 4937 4056 5013; baseline 0.002 -19"><span class='ocrx_word' id='word_1_736' title='bbox 2492 4942 2567 5004; x_wconf 86' lang='grc' dir='ltr'><strong>ὡς</strong></span> <span class='ocrx_word' id='word_1_737' title='bbox 2622 4941 2697 5011; x_wconf 76' lang='grc' dir='ltr'>μὴ</span> <span class='ocrx_word' id='word_1_738' title='bbox 2737 4937 2876 4996; x_wconf 76' lang='grc' dir='ltr'>εἶναι.</span> <span class='ocrx_word' id='word_1_739' title='bbox 2922 4944 3270 5010; x_wconf 83' lang='grc' dir='ltr'>προτέρημα,</span> <span class='ocrx_word' id='word_1_740' title='bbox 3297 4942 3432 4995; x_wconf 83' lang='grc' dir='ltr'>ἀλλὰ</span> <span class='ocrx_word' id='word_1_741' title='bbox 3481 4944 3713 5011; x_wconf 87' lang='grc' dir='ltr'>νόσημα.</span> <span class='ocrx_word' id='word_1_742' title='bbox 3763 4946 3853 5013; x_wconf 77' lang='grc' dir='ltr'><strong>Μὴ</strong></span> <span class='ocrx_word' id='word_1_743' title='bbox 3884 4944 4056 5007; x_wconf 77' lang='grc' dir='ltr'>οὕτως</span> 
     </span>
    </p>
   </div>
   <div class='ocr_carea' id='block_1_108' title="bbox 2492 5032 4057 5105">
    <p class='ocr_par' dir='ltr' id='par_1_108' title="bbox 2492 5032 4057 5105">
     <span class='ocr_line' id='line_1_108' title="bbox 2492 5032 4057 5105; baseline 0.001 -21"><span class='ocrx_word' id='word_1_744' title='bbox 2492 5034 2652 5101; x_wconf 74' lang='grc' dir='ltr'>ἡμεῖς</span> <span class='ocrx_word' id='word_1_745' title='bbox 2701 5033 2801 5095; x_wconf 84' lang='grc' dir='ltr'><strong>τὰς</strong></span> <span class='ocrx_word' id='word_1_746' title='bbox 2838 5032 3041 5103; x_wconf 79' lang='grc' dir='ltr'>φρένας</span> <span class='ocrx_word' id='word_1_747' title='bbox 3089 5034 3440 5102; x_wconf 82' lang='grc' dir='ltr'>νοσήσαιμεν,</span> <span class='ocrx_word' id='word_1_748' title='bbox 3496 5033 3570 5095; x_wconf 84' lang='grc' dir='ltr'>ὡς</span> <span class='ocrx_word' id='word_1_749' title='bbox 3618 5034 3717 5102; x_wconf 83' lang='grc' dir='ltr'><strong>τῆς</strong></span> <span class='ocrx_word' id='word_1_750' title='bbox 3772 5036 4057 5105; x_wconf 73' lang='grc' dir='ltr'>βασιλικῆς</span> 
     </span>
    </p>
   </div>
   <div class='ocr_carea' id='block_1_109' title="bbox 2503 5123 4056 5193">
    <p class='ocr_par' dir='ltr' id='par_1_109' title="bbox 2503 5123 4056 5193">
     <span class='ocr_line' id='line_1_109' title="bbox 2503 5123 4056 5193; baseline 0.002 -19"><span class='ocrx_word' id='word_1_751' title='bbox 2503 5123 2704 5193; x_wconf 79' lang='grc' dir='ltr'>ἀρετῆς</span> <span class='ocrx_word' id='word_1_752' title='bbox 2754 5124 2850 5193; x_wconf 80' lang='grc' dir='ltr'><strong>τὴν</strong></span> <span class='ocrx_word' id='word_1_753' title='bbox 2905 5123 3121 5193; x_wconf 72' lang='grc' dir='ltr'>μορφὴν</span> <span class='ocrx_word' id='word_1_754' title='bbox 3168 5123 3507 5193; x_wconf 78' lang='grc' dir='ltr'>λελωϐῆσθαι</span> <span class='ocrx_word' id='word_1_755' title='bbox 3552 5125 3828 5178; x_wconf 82' lang='grc' dir='ltr'>πιστεύειν</span> <span class='ocrx_word' id='word_1_756' title='bbox 3876 5127 4056 5190; x_wconf 77' lang='grc' dir='ltr'>οὐλαῖς</span> 
     </span>
    </p>
   </div>
   <div class='ocr_carea' id='block_1_110' title="bbox 2493 5209 4058 5284">
    <p class='ocr_par' dir='ltr' id='par_1_110' title="bbox 2493 5209 4058 5284">
     <span class='ocr_line' id='line_1_110' title="bbox 2493 5209 4058 5284; baseline 0.001 -19"><span class='ocrx_word' id='word_1_757' title='bbox 2493 5229 2603 5266; x_wconf 87' lang='grc' dir='ltr'>τισι</span> <span class='ocrx_word' id='word_1_758' title='bbox 2632 5214 2726 5266; x_wconf 74' lang='grc' dir='ltr'><strong>καὶ</strong></span> <span class='ocrx_word' id='word_1_759' title='bbox 2764 5214 3145 5283; x_wconf 75' lang='grc' dir='ltr'>σπαράγμασι.</span> <span class='ocrx_word' id='word_1_760' title='bbox 3174 5214 3283 5265; x_wconf 70' lang='grc' dir='ltr'>Καὶ</span> <span class='ocrx_word' id='word_1_761' title='bbox 3315 5214 3424 5282; x_wconf 84' lang='grc' dir='ltr'><strong>γάρ</strong></span> <span class='ocrx_word' id='word_1_762' title='bbox 3464 5230 3544 5266; x_wconf 87' lang='grc' dir='ltr'><strong>σοι</strong></span> <span class='ocrx_word' id='word_1_763' title='bbox 3582 5215 3643 5267; x_wconf 82' lang='grc' dir='ltr'><strong>τὸ</strong></span> <span class='ocrx_word' id='word_1_764' title='bbox 3679 5209 3809 5284; x_wconf 76' lang='grc' dir='ltr'>ἦθος</span> <span class='ocrx_word' id='word_1_765' title='bbox 3844 5217 3933 5267; x_wconf 69' lang='grc' dir='ltr'><strong>ἐπὶ</strong></span> <span class='ocrx_word' id='word_1_766' title='bbox 3963 5217 4058 5284; x_wconf 69' lang='grc' dir='ltr'>τῆς</span> 
     </span>
    </p>
   </div>
   <div class='ocr_carea' id='block_1_111' title="bbox 2496 5304 4055 5375">
    <p class='ocr_par' dir='ltr' id='par_1_111' title="bbox 2496 5304 4055 5375">
     <span class='ocr_line' id='line_1_111' title="bbox 2496 5304 4055 5375; baseline -0.001 -18"><span class='ocrx_word' id='word_1_767' title='bbox 2496 5306 2728 5374; x_wconf 83' lang='grc' dir='ltr'>ἀρχικῆς</span> <span class='ocrx_word' id='word_1_768' title='bbox 2774 5304 3188 5373; x_wconf 69' lang='grc' dir='ltr'>μεγαλειότητος</span> <span class='ocrx_word' id='word_1_769' title='bbox 3240 5305 3460 5373; x_wconf 80' lang='grc' dir='ltr'>ἕστηκε,</span> <span class='ocrx_word' id='word_1_770' title='bbox 3496 5304 3677 5358; x_wconf 79' lang='grc' dir='ltr'>καὶτὸ</span> <span class='ocrx_word' id='word_1_771' title='bbox 3711 5306 3807 5374; x_wconf 71' lang='grc' dir='ltr'><strong>ἡδὺ</strong></span> <span class='ocrx_word' id='word_1_772' title='bbox 3842 5305 4055 5375; x_wconf 67' lang='grc' dir='ltr'>προδεὶο</span> 
     </span>
    </p>
   </div>
   <div class='ocr_carea' id='block_1_112' title="bbox 2497 5394 4054 5468">
    <p class='ocr_par' dir='ltr' id='par_1_112' title="bbox 2497 5394 4054 5468">
     <span class='ocr_line' id='line_1_112' title="bbox 2497 5394 4054 5468; baseline 0.002 -23"><span class='ocrx_word' id='word_1_773' title='bbox 2497 5412 2653 5447; x_wconf 79' lang='grc' dir='ltr'>κνυσι</span> <span class='ocrx_word' id='word_1_774' title='bbox 2686 5397 2777 5447; x_wconf 75' lang='grc' dir='ltr'><strong>καὶ</strong></span> <span class='ocrx_word' id='word_1_775' title='bbox 2803 5395 2862 5446; x_wconf 73' lang='grc' dir='ltr'><strong>τὸ</strong></span> <span class='ocrx_word' id='word_1_776' title='bbox 2896 5394 3113 5464; x_wconf 69' lang='grc' dir='ltr'>χάριενο</span> <span class='ocrx_word' id='word_1_777' title='bbox 3149 5394 3243 5447; x_wconf 81' lang='grc' dir='ltr'>καὶ</span> <span class='ocrx_word' id='word_1_778' title='bbox 3263 5394 3386 5448; x_wconf 75' lang='grc' dir='ltr'>οὕτε</span> <span class='ocrx_word' id='word_1_779' title='bbox 3421 5397 3655 5467; x_wconf 70' lang='grc' dir='ltr'>σκληρὸν</span> <span class='ocrx_word' id='word_1_780' title='bbox 3682 5398 3742 5449; x_wconf 72' lang='grc' dir='ltr'>τὸ</span> <span class='ocrx_word' id='word_1_781' title='bbox 3780 5397 4054 5468; x_wconf 64' lang='grc' dir='ltr'>ἁνδρικὶν,</span> 
     </span>
    </p>
   </div>
   <div class='ocr_carea' id='block_1_113' title="bbox 2013 5606 2901 5676">
    <p class='ocr_par' dir='ltr' id='par_1_113' title="bbox 2013 5606 2901 5676">
     <span class='ocr_line' id='line_1_113' title="bbox 2013 5606 2901 5676; baseline 0.014 -12"><span class='ocrx_word' id='word_1_782' title='bbox 2013 5606 2209 5666; x_wconf 73' lang='lat' dir='ltr'><strong>Varia)</strong></span> <span class='ocrx_word' id='word_1_783' title='bbox 2249 5606 2556 5671; x_wconf 81' lang='lat' dir='ltr'><strong>lectiones</strong></span> <span class='ocrx_word' id='word_1_784' title='bbox 2606 5619 2665 5671; x_wconf 73' lang='lat' dir='ltr'><strong>et</strong></span> <span class='ocrx_word' id='word_1_785' title='bbox 2713 5622 2901 5676; x_wconf 75' lang='lat' dir='ltr'><strong>noue.</strong></span> 
     </span>
    </p>
   </div>
   <div class='ocr_carea' id='block_1_114' title="bbox 903 5721 1818 5791">
    <p class='ocr_par' dir='ltr' id='par_1_114' title="bbox 903 5721 1818 5791">
     <span class='ocr_line' id='line_1_114' title="bbox 903 5721 1818 5791; baseline 0.003 -18"><span class='ocrx_word' id='word_1_786' title='bbox 903 5722 976 5790; x_wconf 66' lang='grc' dir='ltr'><strong>(ὅ)</strong></span> <span class='ocrx_word' id='word_1_787' title='bbox 1010 5721 1222 5778; x_wconf 86' lang='lat' dir='ltr'><strong>llumcr.</strong></span> <span class='ocrx_word' id='word_1_788' title='bbox 1261 5722 1452 5791; x_wconf 79' lang='lat' dir='ltr'><strong>Odyss.</strong></span> <span class='ocrx_word' id='word_1_789' title='bbox 1490 5725 1523 5775; x_wconf 92' lang='lat' dir='ltr'><strong>l.</strong></span> <span class='ocrx_word' id='word_1_790' title='bbox 1557 5723 1645 5789; x_wconf 91' lang='lat' dir='ltr'><strong>lll,</strong></span> <span class='ocrx_word' id='word_1_791' title='bbox 1672 5739 1721 5777; x_wconf 80' lang='grc' dir='ltr'>ν.</span> <span class='ocrx_word' id='word_1_792' title='bbox 1773 5726 1818 5776; x_wconf 92' lang='lat' dir='ltr'><strong>l.</strong></span> 
     </span>
    </p>
   </div>
  </div>
