4276 6436
263 401 354 464 301
1238 395 1520 455 ORATIO
1553 396 1630 454 ΙΝ
1671 395 2009 453 ALEXIUM
2042 395 2489 458 COMNENUM.

3390 400 3494 460 302

260 511 379 564 οὔτε
423 508 758 578 κορασιῶδές
794 524 873 559 σοι
904 506 964 559 τὸ
996 505 1238 573 ἐπίχαρι,
1268 507 1344 568 ὡς
1374 509 1508 576 μήτε
1548 509 1607 558 τὸ
1636 508 1830 574 σεμνὶιν
1859 512 1901 566 Λ
1933 522 1949 575 ε

1804 525 1830 559 ν
1859 512 1901 566 Λ
1933 507 2103 575 gratia
2161 508 2431 575 feminea,
2489 524 2667 578 neque
2715 512 2946 565 serietas
2993 519 3084 564 tua
3121 511 3175 564 in
3227 526 3493 581 arrogan-

263 603 336 662 είς
412 598 734 662 ἀλαζονείαν
797 597 1318 665 ἐκτραχηλίζεσθαι,
1370 599 1507 667 μήτε
1561 600 1824 668 καταρρι-

265 692 516 744 πτείσοαι
537 690 600 742 τὸ
625 690 807 758 ἱλαρὸν
837 691 917 750 εἰς
945 689 1240 743 εὐτέλειαν.
1267 691 1338 741 Σὺ
1373 690 1646 760 μαλακίσῃ
1676 693 1825 754 ποτὲ,

258 785 283 836 ὀ
314 783 703 850 ἀδαμάντινος,
757 782 786 833 ὁ
833 781 1134 844 ἀνένὸοτος;
1199 781 1256 841 δς
1301 781 1520 832 ἐπειδὰν
1562 781 1828 852 σχολάζῃς

258 874 363 924 τῶν
397 873 494 925 τοῦ
522 873 759 941 πολέμου
789 874 1076 941 κινήσεων,
1104 873 1201 940 οὐχ
1237 873 1416 923 ἵππων
1447 873 1696 940 ἁμίλλαις
1737 875 1828 925 καὶ

257 966 449 1034 δήμων
503 965 726 1032 μανίαις
763 963 989 1016 σεαυτὸν
1026 962 1404 1031 ἐπνρῤίπτεις,
1450 962 1558 1014 οὐδ’
1601 962 1826 1030 ένΟηλύ-

255 1073 365 1116 νεις
397 1056 500 1124 τὴν
561 1055 728 1124 ἀκοὴν
775 1057 890 1117 τοῖς
921 1055 1020 1123 τῆς
1058 1053 1320 1121 ἀνάνδρου
1364 1054 1627 1119 μουσικῆς
1666 1053 1826 1122 κρού-

259 1164 485 1215 σμασιν,
518 1147 652 1198 ἀλλὰ
681 1147 876 1215 θήραις
904 1147 1000 1198 καὶ
1024 1148 1375 1216 κυνηγεσίαις
1400 1146 1699 1213 ἀνεγείρεις
1731 1147 1824 1198 τοῦ

256 1236 437 1304 θυμοῦ
491 1237 556 1288 τὸ
611 1239 976 1306 κοιμώμενον,
1031 1237 1126 1288 καὶ
1185 1237 1308 1298 τοὺς
1346 1237 1588 1304 εὐγενεῖς
1632 1238 1825 1301 παῖδας

256 1328 437 1394 γεύων
492 1328 602 1381 τῶν
640 1329 739 1398 τῆς
787 1328 1004 1398 ήλικίας
1051 1328 1468 1396 ἀριστευμάτων
1497 1328 1572 1391 ὡς
1627 1329 1824 1382 σκύλα-

257 1437 381 1478 κας.

327 1506 393 1571 ζ’.
440 1508 804 1577 Σωφροσύνης
826 1508 882 1560 δὲ
909 1504 1028 1571 οἷδ’,
1060 1508 1142 1560 ὅτι
1165 1507 1226 1559 ού
1255 1507 1466 1575 ζητεῖτε
1495 1508 1824 1578 μαρτυρίαν,

254 1599 428 1662 οὕτως
461 1601 625 1652 αὑτὸν
655 1601 914 1663 πιέζοντα
965 1599 1027 1651 τὸ
1061 1598 1220 1667 σῶμα
1261 1597 1526 1667 θεώμενοι
1562 1600 1657 1653 καὶ
1707 1601 1825 1661 ταῖς

259 1693 521 1744 ἑκάστοτε
577 1690 939 1760 θυραυλίαις,
989 1691 1083 1742 καὶ
1119 1691 1230 1752 τοῖς
1273 1689 1585 1760 ξηροτέροις
1617 1692 1824 1760 γυμνά-

259 1799 487 1850 σμασιν,
512 1782 569 1844 ὃς
603 1798 666 1849 γε
693 1783 788 1834 καὶ
816 1780 941 1850 μίαν
976 1780 1034 1845 ἐξ
1063 1782 1236 1849 ἀρχῆς
1265 1780 1485 1848 ἔστερξε
1527 1781 1626 1847 τὴν
1657 1781 1824 1848 καλὴν

255 1874 314 1924 ὲν
353 1871 594 1938 γυναιξὶ,
617 1873 714 1940 τὴν
740 1872 1016 1939 βασιλείας
1056 1872 1212 1934 ἀξίαν
1248 1870 1498 1938 σύζυγον.
1533 1870 1696 1925 Ὅθεν
1731 1873 1825 1925 αύ-

255 1963 370 2022 τοῖς
421 1961 773 2030 προσήκοντα
820 1963 887 2030 τῇ
917 1960 1009 2012 τοῦ
1062 1961 1240 2029 γάμου
1277 1961 1400 2030 ῥίζῃ
1431 1962 1524 2012 καὶ
1579 1963 1646 2012 τὰ
1697 1961 1824 2030 βλα-

263 2054 538 2119 στήματα.
571 2052 680 2103 Καὶ
716 2051 812 2104 νῦν
844 2051 1016 2104 τοῖσδε
1067 2052 1249 2121 ἔρταις
1285 2050 1422 2122 [τοῖς
1444 2052 1686 2118 γενέταις
1709 2050 1753 2121 ?]
1799 2054 1825 2104 ὁ

259 2142 446 2207 καλὸς,
470 2145 498 2196 ὁ
531 2142 949 2212 μυριοπόθητος,
979 2143 1039 2194 τὸ
1066 2142 1408 2210 ὀψιμώτατον
1434 2143 1634 2211 θέαμα,
1664 2145 1693 2196 ὁ
1717 2143 1826 2193 τῶν

260 2233 435 2286 ἀετῶν
468 2233 704 2295 νεοττὸς,
737 2231 830 2298 ὀξὺ
863 2232 960 2302 μὲν
993 2231 1135 2300 ὁρῶν
1164 2231 1286 2300 ήδη,
1312 2233 1620 2302 περιμένων
1659 2233 1716 2286 δὲ
1758 2235 1823 2286 τὰ

260 2324 580 2394 ὠκύπτερα.
622 2323 785 2376 Ἀλλά
814 2324 887 2384 τί,
911 2319 955 2375 ὦ
986 2321 1184 2391 πάτερ,
1209 2321 1348 2389 πρὸς
1374 2322 1466 2375 τὸν
1499 2325 1662 2374 παῖδα
1693 2323 1825 2393 βρα-

258 2412 486 2482 δύτερος
545 2413 735 2479 ἐγένου
778 2411 878 2480 τῆς
932 2410 1188 2478 (poscam
1223 2417 1287 2466 Τί
1340 2412 1414 2482 μὴ
1461 2412 1552 2464 τὸν
1599 2411 1824 2480 βασιλέα

257 2503 371 2555 υἱὸν
398 2503 497 2555 καὶ
523 2503 750 2572 βασιλέα
779 2502 1091 2572 γνωρίζεις,
1119 2503 1234 2556 ἀλλ’
1264 2504 1471 2576 ἀναδύῃ
1503 2503 1602 2571 τὴν
1631 2503 1823 2555 ποθον⁴

260 2593 434 2662 μένην
490 2595 830 2664 ἀνάρῤησινς
875 2594 939 2646 Τί
985 2594 1060 2663 μὴ
1109 2595 1404 2662 μεταδίδως
1442 2594 1706 2662 ὀνόματος
1748 2596 1824 2663 τῷ

261 2683 597 2751 μετασχόντι
631 2682 791 2750 φύσει
823 2682 916 2735 τοῦ
947 2685 1306 2755 πράγματος;
1351 2683 1508 2736 Ἀλλὰ
1530 2683 1629 2737 κᾶν
1656 2686 1718 2736 σὺ
1747 2686 1821 2752 μὴ

256 2774 443 2844 θέλῃς,
470 2775 667 2841 θεσμός
697 2776 845 2826 ἐστιν
870 2773 1192 2844 ἀδραστείας
1217 2773 1492 2843 ἀκίνητος,
1525 2775 1713 2828 λέοντα
1733 2775 1825 2827 τὸν

258 2863 501 2933 σκύμνον
527 2860 664 2917 εἶναι
696 2863 790 2916 τοῦ
824 2864 1052 2927 λέοντος.

1931 599 2084 663 tiam,
2135 615 2309 668 neque
2350 601 2597 655 hilaritas
2638 603 2691 655 in
2734 603 2994 656 vilitatem
3043 601 3352 672 degenerat.
3383 604 3493 657 Tu-

1931 705 1997 743 ne
2045 705 2173 745 vero
2225 693 2457 745 molliori
2490 693 2611 746 vita:
2657 700 2709 746 te
2749 698 2930 748 tradas
2960 710 3216 763 unquam,
3249 695 3340 762 qui
3367 694 3492 746 ada-
3554 733 3556 735 μ

1929 782 2205 835 mantinus
2256 799 2319 836 ae
2364 785 2519 850 plane
2571 785 2878 839 indefessus
2916 787 3011 839 es?
3060 786 3162 850 Qui
3194 789 3410 854 quando
3463 801 3493 838 a

1929 874 2050 927 belli
2085 875 2322 929 motibus
2377 885 2428 929 te
2475 891 2669 931 vacare
2719 879 3020 946 contingat,
3071 893 3178 929 non
3223 893 3489 945 equorum

1928 966 2322 1021 certaminibus
2389 969 2844 1039 popularibusque
2904 969 3120 1037 ineptiis
3176 970 3490 1030 oblectaris,

1927 1070 2103 1123 neque
2133 1059 2392 1112 mollioris
2425 1061 2642 1112 musiczn
2677 1059 2906 1114 modulis
2946 1058 3492 1112 aurem’aeeommo-

1927 1145 2059 1209 das;
2122 1162 2308 1198 verum
2373 1150 2623 1216 aucupiis
2687 1159 2738 1201 et
2802 1150 3186 1202 venationibus
3252 1151 3488 1218 sopitum

1926 1236 2140 1290 excitus
2179 1238 2451 1306 spiritum,
2484 1248 2646 1308 atque
2681 1241 2931 1307 ingenuis
2977 1241 3160 1308 pueris
3209 1240 3496 1308 praeclara.

1929 1343 2046 1380 rum
2074 1328 2227 1382 illius
2267 1330 2447 1381 artatis
2480 1331 2755 1384 actionum
2789 1340 3030 1399 gustum,
3063 1332 3220 1400 quasi
3268 1331 3490 1392 catulis,

1928 1419 2196 1472 insinuas.

1995 1509 2051 1562 7.
2081 1510 2477 1578 Temperantia!
2508 1527 2635 1566 vero
2661 1513 2780 1580 ejus
2825 1513 3198 1568 testimonium
3250 1530 3348 1569 vos
3384 1531 3491 1568 non

1925 1614 2192 1670 quaerere,
2249 1602 2383 1655 satis
2441 1604 2588 1662 novi,
2642 1617 2766 1655 cum
2816 1604 3050 1659 videatis
3112 1621 3236 1660 eum
3285 1623 3488 1676 corpus

1925 1707 2086 1746 suum
2159 1700 2213 1745 et
2262 1691 2481 1745 assidua
2538 1692 2642 1746 sub
2685 1693 2777 1747 dio
2820 1694 2949 1758 vita,
3007 1704 3063 1749 et
3124 1698 3495 1764 asperioribus

1925 1781 2202 1836 exercitiis
2263 1783 2616 1850 castigantem
2653 1800 2666 1838 :
2718 1786 3009 1853 quietiam
3048 1786 3117 1840 ab
3167 1787 3324 1843 initio
3368 1791 3490 1842 uni-

1926 1889 2046 1926 cam
2102 1873 2372 1927 adamavit
2426 1872 2757 1928 feminarum
2833 1879 3136 1942 Optimam,
3205 1895 3269 1933 ac
3324 1897 3492 1951 regno

1927 1965 2086 2034 plane
2144 1964 2362 2033 dignam
2405 1971 2718 2018 consortem
2757 1982 2770 2017 :
2828 1967 2974 2021 unde
3026 1976 3081 2022 et
3127 1980 3492 2036 congruentes

1927 2054 2238 2123 nuptiarum
2289 2053 2460 2106 radici
2513 2054 2617 2108 orti
2650 2064 2776 2110 sunt
2820 2058 3027 2112 surculi
3069 2074 3084 2112 :
3136 2075 3198 2115 ac
3246 2062 3355 2126 ille,
3395 2065 3488 2132 qui

1925 2160 2069 2198 nunc
2097 2145 2496 2213 spectatoribus
2527 2146 2701 2210 adest,
2737 2147 2964 2214 pulcher
2997 2163 3061 2202 ac
3109 2151 3307 2206 millies
3344 2153 3492 2207 desi-

1923 2235 2203 2297 derabilis,
2231 2237 2322 2290 sed
2352 2237 2516 2291 nimis
2558 2251 2738 2290 serum
2787 2240 3156 2307 spectaculum
3195 2260 3209 2296 :
3241 2243 3352 2308 ille,
3404 2244 3492 2298 in-

1924 2343 2108 2396 quam,
2150 2328 2454 2394 aquilarum
2506 2326 2706 2396 pullus,
2754 2339 2915 2384 acute
2964 2329 3180 2397 quidem
3233 2333 3344 2402 jam
3409 2336 3493 2389 vi-

1925 2417 2075 2482 dens,
2134 2417 2225 2470 sed
2283 2417 2486 2470 celeres
2539 2417 2720 2471 adhuc
2766 2419 2880 2473 alas
2939 2418 3005 2472 ad
3055 2421 3345 2478 velandum
3397 2444 3493 2483 ex-

1925 2517 2193 2576 spectans.
2242 2506 2440 2559 Verum
2493 2521 2613 2571 cur,
2666 2521 2697 2559 o
2729 2516 2903 2577 pater,
2964 2525 3089 2579 erga
3157 2527 3385 2580 puerum
3438 2527 3493 2571 to

1925 2599 2239 2662 tardiorem,
2273 2614 2433 2668 quam
2481 2607 2672 2653 natura
2726 2600 2976 2668 praabes?
3019 2601 3130 2656 Cur
3166 2620 3274 2659 non
3307 2622 3489 2677 regem

1927 2687 2094 2740 lilium
2131 2688 2436 2751 renuntias,
2465 2698 2518 2740 et
2547 2689 2911 2743 desideratam
2944 2691 3129 2747 differs
3172 2697 3494 2764 appellatio-

1927 2777 2230 2830 nem?Cur
2259 2777 2310 2830 ei
2361 2777 2453 2846 qui
2510 2791 2622 2830 rem
2666 2777 2776 2847 jam
2833 2787 3026 2832 natura
3076 2784 3386 2853 participat,
3439 2795 3494 2839 rt

1925 2881 2120 2921 nomen
2155 2868 2330 2933 ipsum
2383 2881 2490 2919 non
2538 2869 2955 2924 communicas?
2988 2872 3264 2939 Attamen,
3316 2876 3361 2929 si
3410 2879 3492 2931 νει

1926 2958 2090 3020 nolis,
2142 2957 2438 3011 immobilis
2485 2965 2693 3012 naturae
2750 2957 2834 3012 lex
2867 2968 2973 3023 εει,
3025 2962 3266 3016 catulum
3317 2963 3491 3020 leonis

1928 3048 2132 3101 leonem
2161 3061 2301 3101 esse.

329 3136 402 3200 η’.
457 3131 522 3182 Ἢ
553 3130 815 3200 φρόνησις
845 3129 903 3184 δέ
933 3146 1016 3182 σοι
1040 3129 1181 3199 αὓτη
1214 3130 1314 3198 μέν
1352 3145 1415 3196 γε
1447 3129 1540 3182 καὶ
1560 3129 1668 3181 τῶν
1693 3129 1817 3194 ἔξω,
1850 3165 1894 3223 C
1995 3137 2018 3191 ε

1803 3168 1817 3193 ς
1850 3165 1894 3223 C
1995 3137 2052 3191 8.
2106 3137 2402 3190 Prudentia
2468 3153 2597 3192 vero
2653 3153 2713 3192 ea
2752 3141 2977 3204 emines,
3009 3158 3126 3212 quae
3151 3150 3391 3203 externis
3438 3158 3491 3205 et

256 3223 490 3276 καὶτῶν
525 3222 632 3276 έσω
679 3222 1083 3293 μεταποιεῖταιζο
1110 3222 1212 3274 κᾶν
1261 3220 1496 3289 πόλεμον
1545 3220 1823 3287 κατορθώ-

257 3331 380 3383 σῃς,
427 3317 640 3384 μερῖτιν
698 3315 864 3382 ἑαυτῇ
923 3311 1306 3383 παρεντίθησι,
1338 3312 1434 3363 καὶ
1471 3310 1568 3378 τὴν
1619 3311 1824 3378 ταύτης

255 3400 515 3470 ἀδελφὴν,
539 3403 638 3472 τὴν
671 3402 920 3472 ἀνδρίαν,
947 3404 1047 3455 οὐκ
1082 3401 1227 3464 ἀξιοῖ
1270 3399 1628 3469 σχετλιάζειν,
1657 3401 1705 3451 εί
1733 3401 1824 3452 τὸν

257 3495 463 3564 κλῆρον
505 3493 615 3546 τῶν
643 3493 921 3562 τροπαίων
951 3495 984 3562 ὴ
1023 3492 1226 3561 ἀδελφὴ
1277 3489 1674 3560 συμμερίζεται
1704 3493 1824 3552 ταῖς

256 3583 367 3636 τῶν
395 3584 604 3636 πόλεων
629 3583 983 3651 διοικήσεσιν,
1019 3583 1158 3652 αὐτὴ
1204 3582 1337 3651 μόνη
1375 3583 1684 3634 ἐπιστατεῖν
1710 3581 1825 3633 δια-

254 3677 514 3731 τείνεται.
574 3675 789 3742 Ταύτην
822 3679 933 3744 γὰρ
993 3677 1068 3736 ὡς
1112 3674 1277 3736 δντως
1333 3675 1550 3741 νοήμων
1608 3673 1826 3742 ἐκτήσω

258 3768 360 3834 τῆς
443 3768 618 3835 ἀρχῆς
704 3782 798 3817 σου
872 3764 1221 3835 κυϐέρνησιν.
1295 3761 1479 3816 Ταῦτα
1548 3763 1656 3833 ἄρα
1729 3765 1825 3816 καὶ

255 3859 634 3922 διατάττεται,
678 3857 942 3926 ἄρχοντας
982 3856 1080 3924 μὲν
1118 3856 1391 3925 αἱρεῖσθαι
1436 3857 1561 3918 τοὺς
1605 3857 1680 3918 ὼς
1722 3874 1824 3908 πα-

255 3956 416 4022 τέρες
467 3953 675 4003 παίδων
726 3948 1223 4018 ἐπιμελησομένους
1281 3948 1390 4000 τῶν
1442 3949 1716 4016 ὑπηκόων.
1753 3950 1823 4001 Ἢ

257 4045 358 4112 οὐχ
385 4044 538 4111 ὁρᾷς,
573 4041 729 4109 φησὶ,
761 4042 853 4094 τὸν
897 4039 1069 4108 μέγαν
1113 4037 1339 4106 βασιλέα
1372 4039 1467 4092 καὶ
1524 4040 1617 4091 σού
1659 4039 1822 4107 ἀρχέ-

259 4153 455 4198 τυπον,
499 4135 647 4193 ὅπως
691 4133 870 4193 ἄλλοις
931 4131 1102 4198 ὁρίοις
1155 4130 1385 4196 ἄγγελον
1443 4129 1600 4183 ἄλλον
1655 4130 1825 4184 ἐθνῶν

258 4227 565 4292 ἐπέστησε,
615 4223 820 4284 πάντας
877 4222 1012 4290 πρὸς
1077 4222 1281 4273 ἐκεῖνον
1341 4221 1823 4291 ἐπεστραμμένους

258 4317 659 4386 συμφέροντας,
705 4315 769 4366 οὐ
805 4310 1372 4381 καταμαγειρεύοντας
1413 4311 1506 4363 τὸν
1561 4312 1820 4381 ὑπήκοον,

258 4409 380 4460 οὑδὲ
411 4407 608 4462 αὐτοὺς
636 4406 733 4474 μὲν
763 4405 1098 4465 πιαίνοντας,
1129 4405 1252 4465 τοὺς
1275 4403 1331 4454 δὲ
1366 4403 1587 4466 πολίτας
1620 4404 1824 4473 ἰσχναί-

1925 3228 2157 3282 internis
2191 3228 2355 3282 rebus
2399 3242 2550 3296 teque
2597 3231 2882 3299 prospicit.
2931 3231 2997 3286 Et
3040 3234 3252 3301 quidem
3289 3239 3334 3292 si
3374 3240 3492 3294 bei-

1923 3320 2034 3373 lum
2079 3334 2256 3388 geras,
2319 3319 2408 3372 illa
2468 3329 2679 3388 partem
2740 3323 2843 3376 sibi
2900 3324 3137 3392 aliquam
3200 3330 3491 3386 vindicat:

1927 3425 2102 3479 neque
2158 3417 2334 3479 putat,
2401 3423 2646 3463 sororem
2708 3427 2864 3466 suam
2927 3413 3299 3472 fortitudinem
3350 3437 3491 3490 argre

1925 3502 2089 3564 ferre,
2138 3502 2183 3555 si
2231 3502 2402 3555 sortis
2455 3507 2782 3571 tropmorutn
2841 3521 3000 3562 soror
3025 3511 3325 3580 .particeps
3374 3512 3486 3566 ﬁat.

1928 3595 1994 3648 At
2024 3593 2302 3647 civitatum
2331 3593 2712 3661 gubernationi
2748 3597 2865 3664 ipsa
2889 3599 3002 3653 sola
3039 3603 3329 3670 praesidere
3363 3620 3489 3674 per-

1925 3684 2116 3738 tendit.
2168 3681 2320 3736 llanc
2369 3684 2512 3736 enim
2571 3690 2650 3748 tu,
2701 3695 2890 3755 utpote
2943 3690 3104 3758 plane
3157 3693 3490 3763 intelligens,

1927 3773 2175 3842 possides
2233 3773 2444 3841 imperii
2500 3773 2959 3842 gubernatrieem.
3019 3780 3143 3836 llaec
3206 3796 3492 3854 propterea

1921 3865 2097 3934 jubet,
2153 3865 2502 3933 magistratus
2553 3865 2748 3935 eligas,
2794 3869 2886 3938 qui
2953 3884 3240 3940 parentum
3293 3877 3488 3943 inSIar,

1927 3959 2290 4024 subditorum,
2341 3957 2419 4011 uti
2476 3962 2734 4025 ﬁliorum,
2789 3977 2977 4018 curam
3036 3975 3247 4037 gerant.
3304 3969 3494 4026 Nonne

1926 4051 2099 4114 vides,
2129 4053 2303 4122 inquit
2337 4055 2447 4122 illa,
2491 4071 2761 4111 summum
2797 4071 3000 4125 regem,
3047 4060 3389 4129 primumque
3417 4067 3491 4119 tui

1930 4143 2228 4212 exemplar,
2284 4145 2742 4212 quemadmodum
2773 4146 2910 4199 alios
2946 4147 3066 4201 aliis
3093 4151 3343 4217 gentibus
3404 4169 3495 4207 rc-

1932 4234 2295 4303 gionibusque
2344 4236 2646 4305 pratl'eeerit
2675 4237 2919 4304 angelos,
2968 4239 3061 4307 qui
3109 4258 3299 4296 omnes
3338 4245 3490 4298 illum

1931 4324 2284 4392 respicientes
2317 4340 2659 4380 communem
2711 4327 3000 4381 utilitatem
3048 4340 3267 4395 curant,
3308 4334 3496 4386 subdi-

1934 4424 2017 4468 tos
2083 4429 2188 4468 non
2251 4416 2600 4485 opprimunt,
2655 4433 2833 4487 neque
2883 4422 3210 4488 semetipsos
3275 4423 3496 4494 pingue-

255 4516 479 4563 νοντας;
531 4497 817 4565 Ἀνάλωμα
845 4496 901 4548 δὲ
957 4497 1063 4548 πᾶν
1094 4495 1216 4564 μὲν,
1260 4496 1578 4564 βωμολόχοι,
1611 4498 1705 4549 καὶ
1746 4494 1822 4562 τῷ
1857 4497 1898 4551 D
1927 4504 1944 4557 Ι

1806 4494 1822 4547 3
1857 4497 1898 4551 Ι)
1927 4504 2155 4568 faciunt,
2187 4513 2240 4559 et
2274 4506 2419 4559 cives
2485 4509 2829 4561 extenuant?
2881 4508 3081 4565 Omnes
3136 4513 3351 4568 inutiles
3402 4531 3495 4569 ex-

255 4591 469 4659 θεάτρῳ
512 4586 847 4656 τελούμενοι,
882 4585 977 4637 κα)⁵
1020 4585 1156 4654 πρὸς
1195 4584 1256 4637 τὸ
1290 4585 1618 4654 γελασθῆναι
1652 4602 1821 4638 σπου-

253 4682 527 4744 δάζοντες,
585 4678 693 4730 τῶν
728 4677 1012 4746 βασιλείων
1048 4676 1352 4745 ἐλήλανται.
1400 4677 1511 4730 Καὶ
1552 4677 1678 4739 τοὺς
1724 4679 1823 4746 ἀρ-

255 4773 389 4839 γοὺς
416 4772 668 4838 κηφῆνας
699 4769 830 4836 πρὸς
853 4768 914 4820 τὺ
934 4768 1104 4820 κακον
1134 4769 1295 4835 μόνον
1323 4768 1388 4820 τὰ
1409 4768 1610 4837 κέντρα
1634 4767 1823 4838 φέρον-

253 4880 371 4926 τας,
404 4862 628 4923 τούτους
653 4863 681 4913 ὁ
707 4858 958 4929 βασιλεὺς
991 4859 1056 4911 σὺ
1086 4857 1179 4909 τοῦ
1210 4856 1306 4910 σοῦ
1337 4858 1573 4926 σμήνους
1599 4858 1823 4926 ἀπήγα-

252 4974 371 5026 γες,
413 4957 500 5008 ἵνα
541 4953 617 5025 μὴ
654 4952 762 5005 τῶν
795 4951 1113 5022 καμνόντων
1142 4950 1202 5003 τδ
1245 4950 1368 5018 μέλι
1402 4949 1676 5019 βλίττωσι.
1713 4949 1823 5000 Καὶ

257 5052 420 5116 μήνος
452 5045 500 5100 εἷ
539 5048 649 5109 τοῖς
685 5042 994 5112 ἀνθρώποις
1030 5042 1372 5104 διδάσκαλος,
1407 5042 1552 5112 ἔργῳ
1600 5041 1820 5103 τούτους

254 5139 527 5194 παιδεύων
580 5138 656 5200 ὡς
725 5135 812 5188 ἔπ’
873 5135 1056 5204 ἔργοις
1110 5135 1333 5201 ἀγαθοῖς
1389 5132 1816 5202 διεπλάσθημεν.

251 5229 457 5284 Μαθὼν
495 5226 604 5295 γὰρ
634 5225 798 5294 έχεις,
833 5224 914 5276 ὅτι
955 5225 1134 5276 πᾶσαν
1171 5222 1367 5274 κακίαν
1418 5224 1450 5289 ἡ
1505 5221 1672 5290 ἀργία
1712 5221 1816 5274 ἐδί-

249 5319 400 5383 δαξε,
424 5319 522 5369 καὶ
536 5318 609 5378 ὡς
627 5315 828 5368 ἐπίπαν
845 5315 947 5367 ἀνὰ
964 5315 1087 5374 τοὺς
1112 5312 1452 5384 [ἀνθρώπους
1470 5312 1516 5383 ?l
1540 5313 1610 5382 μὴ
1635 5314 1818 5382 βουλο-

254 5412 452 5482 μένους
486 5407 832 5478 ἐργάζεσθαι,
868 5406 935 5458 τὰ
963 5407 1069 5457 τῶν
1102 5407 1303 5475 ἑτέρων
1333 5405 1811 5474 περιεργάζεσθαι.

324 5504 390 5555 θ’.
430 5499 787 5568 Σωφροσύνην
812 5498 868 5550 δὲ
899 5497 993 5549 καὶ
1021 5497 1318 5565 εὐκοσμίαν
1351 5499 1480 5568 περὶ
1510 5498 1638 5560 τοὺς
1663 5497 1817 5567 βασι-

249 5593 389 5655 )έως
410 5592 592 5654 οἴκους
620 5593 751 5660 ὅσην
785 5591 912 5660 περὶ
932 5591 1055 5651 τοὺς
1093 5591 1249 5658 ἱερεῖς
1277 5590 1528 5643 ἀπαιτεῖν
1557 5589 1823 5657 γινώσκο-

257 5703 360 5757 μεν
397 5685 514 5755 (καὶ
563 5686 770 5754 μήποτε
815 5682 1017 5735 τούτων
1067 5683 1181 5734 ἐστὶ
1235 5682 1293 5734 τὸ
1342 5681 1613 5750 βασίλειον
1670 5686 1817 5753 ἱεράο

251 5795 431 5848 τευμα
452 5778 488 5846 ;)
501 5817 515 5832 .
533 5776 850 5846 Ἐθαύμασα
870 5774 1026 5829 τοῦτο
1050 5773 1306 5838 πολλάκις
1324 5774 1433 5842 ἐγὼ
1451 5776 1568 5828 κατ’
1588 5776 1819 5845 ἐμαυτὸν

1927 4610 2131 4663 pensas,
2181 4611 2384 4650 scurra:
2437 4597 2750 4663 theatrales,
2809 4600 2955 4656 risus
3002 4613 3388 4670 provocatorcs
3425 4623 3490 4660 ex

1929 4687 2095 4755 regiis
2142 4686 2350 4740 aedibus
2394 4687 2607 4755 expulsi
2654 4699 2806 4743 sunt.
2855 4692 3078 4760 Ignaros
3117 4695 3278 4748 etiam
3337 4700 3489 4749 fucos

1927 4779 1992 4834 ad
2029 4780 2228 4833 malum
2261 4782 2644 4836 tantummodo
2683 4784 2963 4837 stimulum
3019 4785 3279 4850 ferentes,
3335 4796 3415 4850 tu,
3456 4808 3488 4841 o

1927 4871 2242 4939 imperator,
2277 4887 2306 4925 e
2338 4881 2428 4924 tuo
2460 4873 2662 4927 alveari
2707 4875 2958 4941 abegisti,
3012 4893 3078 4930 ne
3126 4878 3488 4931 laborantium

1929 4961 2033 5015 mel
2065 4972 2348 5033 exsugant.
2386 4963 2448 5016 Et
2491 4965 2708 5034 quidem
2741 4975 2818 5030 tu,
2862 4967 2975 5036 ipse
3023 4967 3334 5023 hominibus
3376 4987 3494 5023 nta-

1927 5054 2095 5121 gister
2128 5071 2208 5121 es,
2238 5071 2333 5110 eos
2375 5057 2518 5110 facto
2548 5059 2824 5123 erudiens,
2858 5060 3000 5128 quod
3032 5060 3098 5113 ad
3143 5063 3277 5114 bona
3326 5077 3491 5130 Opera

1926 5144 2144 5199 formati
2177 5147 2349 5202 simus
2385 5164 2398 5198 :
2447 5149 2615 5216 probe
2645 5150 2790 5202 enim
2829 5153 2992 5215 nosti,
3038 5152 3151 5204 otio
3190 5153 3487 5221 nequitiam

1925 5250 2142 5290 omnem
2178 5236 2416 5302 edoceri,
2465 5251 2529 5292 ac
2563 5240 2860 5307 generatim
2898 5239 3056 5309 557
3086 5256 3204 5306 eos,
3237 5244 3328 5311 qui
3383 5258 3490 5296 tlott

1925 5337 2242 5394 operantur,
2274 5329 2328 5382 in
2355 5329 2587 5384 aliorum
2621 5328 2759 5384 facta
2778 5346 3040 5399 operosos
3069 5347 3211 5386 esse.

1999 5505 2050 5558 9.
2090 5505 2513 5562 Moderationem
2545 5524 2674 5564 vero
2701 5518 2755 5564 et
2789 5511 3091 5566 decentiam
3120 5523 3322 5569 tantam
3345 5517 3490 5570 eirea

1929 5597 2108 5665 regias
2148 5599 2325 5663 aedes,
2358 5611 2617 5668 quantam
2663 5603 2806 5657 circa
2842 5606 3153 5659 sacerdotes
3192 5618 3241 5659 te
3276 5608 3492 5675 exigere

1930 5691 2218 5742 novimus:
2254 5691 2459 5758 (nonne
2486 5692 2631 5744 enim
2673 5703 2726 5746 et
2760 5697 2951 5747 borum
2984 5705 3066 5750 est
3098 5698 3276 5765 regale
3306 5711 3492 5751 sacer-

1926 5779 2195 5847 dotium?)
2221 5780 2351 5836 Rem
2381 5784 2521 5837 hanc
2553 5785 2750 5854 saepius
2784 5803 2995 5840 mecum
3026 5788 3364 5856 perpendens
3393 5788 3488 5843 tui-
