4276 6436
756 381 863 445 303

1752 376 2326 436 THEOPHYLACTI
2370 374 2779 436 BULGARIE
2807 376 3158 437 ARCHIEP.

3903 376 4017 437 30$

761 501 914 546 ratus
946 505 1105 555 sum;
1144 498 1197 543 et
1231 488 1425 542 iterato
1464 485 1517 538 in
1552 498 1669 539 rem
1704 486 1842 539 hanc
1885 484 2165 554 inquisivi,
2200 498 2323 537 cum
2357 491 2400 545 Α
2437 500 2450 535 ‹

2357 491 2400 545 Α
2437 484 2881 553 συσκοπούμενος
2902 502 2915 515 ·
2945 485 3038 538 καὶ
3062 484 3170 555 γὰρ
3201 477 3267 537 αὖ
3286 486 3379 537 καὶ
3408 485 3555 555 αὑτῷ
3569 484 3898 555 διαπορῆσαί
3918 499 4018 555 μοι

760 586 935 655 ipsius
970 582 1339 639 rousideratio
1366 580 1548 632 animo
1578 580 1817 633 occurrit
1843 596 1855 630 :
1894 592 1956 630 ac
1983 578 2071 631 vix
2104 577 2323 630 tandem

757 676 1030 744 comperi,
1079 671 1403 743 prazeipuam
1451 678 1613 721 tanta:
1665 667 2055 721 concinnitatis
2098 680 2324 720 causam

758 783 880 822 esse
910 767 1117 818 beatam
1146 764 1291 816 illam
1315 764 1477 818 vestri
1506 761 1763 823 radicem,
1788 759 2047 830 Optimam
2073 769 2323 813 matrem.

762 857 818 908 Si
853 856 997 908 enim
1042 852 1300 907 delibatio
1332 860 1520 906 saneta
1552 861 1638 904 est
1665 850 1731 915 “,
1778 851 2003 905 omnino
2032 858 2086 904 et
2119 863 2322 903 massa.

764 948 855 1000 Illa
903 946 1069 1015 igitur
1110 952 1194 999 est
1242 944 1394 998 vobis
1437 943 1617 997 omnis
1680 943 1807 996 horti
1859 942 2201 996 conciliatrix
2270 948 2325 995 et

762 1054 947 1092 causa.
996 1037 1091 1090 Illa
1129 1044 1181 1089 et
1217 1036 1477 1087 unitatem
1527 1034 1682 1087 vobis
1726 1035 2033 1102 impertitur
2067 1044 2326 1102 tanquam

760 1130 929 1183 ramis
965 1128 1017 1181 in
1052 1128 1189 1180 duas
1223 1126 1440 1197 quidem
1466 1125 1661 1179 divisis
1697 1140 1982 1195 personas,
2019 1126 2114 1177 sed
2144 1126 2329 1178 radice

758 1219 1101 1288 conjunctis,
1146 1218 1213 1271 ab
1252 1218 1552 1286 eademque
1600 1216 1915 1285 qualitatem
1959 1230 2113 1269 suam
2161 1225 2330 1269 attra-

760 1311 1037 1363 hentibus.
1079 1307 1180 1378 (En
1214 1323 1343 1363 vero
1372 1307 1644 1376 quoume
1674 1306 1851 1360 oratio
1891 1320 2008 1359 mea
2048 1307 2233 1360 statim
2268 1320 2331 1359 ac

762 1401 909 1454 illius
936 1401 1265 1453 mentionem
1298 1400 1496 1466 attigit,
1531 1412 1629 1450 vos
1658 1410 1876 1467 quoque
1929 1396 2095 1450 simul
2154 1411 2329 1464 copu-

763 1495 944 1547 lavite
989 1505 1143 1546 antea
1177 1490 1395 1559 quidem
1437 1489 1769 1542 allocutione
1819 1489 1885 1542 ad
1932 1504 2114 1557 regem
2153 1489 2329 1542 solum

762 1583 1013 1645 fruebar;
1057 1580 1335 1634 mentione
1373 1588 1555 1631 autem
1596 1579 1741 1632 illius
1780 1577 1923 1632 facta
1947 1618 1963 1642 ,
1998 1579 2249 1645 protinus
2278 1587 2333 1631 et

761 1674 942 1743 magni
983 1673 1132 1727 illius
1190 1671 1631 1738 honorabilisque
1679 1669 1811 1721 mihi
1889 1669 2121 1736 capitis,
2172 1667 2328 1734 primi

763 1766 1012 1818 videlicet
1038 1771 1160 1831 post
1193 1760 1452 1829 primum,
1480 1767 1534 1811 et
1567 1756 1855 1810 fortissimi
1886 1755 2029 1825 regis
2067 1763 2191 1824 post
2214 1754 2330 1807 for-

2435 575 2681 644 παρέστη
2705 577 2762 627 ἐν
2794 576 3079 629 ἐπιστάσει
3110 576 3391 645 γενομένῳ
3410 575 3503 628 τοῦ
3534 576 3883 644 πράγματος,
3912 578 4022 629 καὶ

2441 666 2597 734 μόλις
2623 661 2782 732 εὗρον
2804 667 2900 735 τῆς
2922 668 3176 736 τοιαύτης
3205 668 3505 734 εὐκοσμίας
3538 667 3600 719 τὸ
3626 667 4019 737 ἀρχικώτατον

2437 757 2627 821 αἴτιον,
2657 757 2756 826 τὴν
2787 760 3060 828 μακαρίαν
3088 758 3245 826 ῥίζαν
3277 758 3431 827 ὑμῶν
3466 757 3563 827 τὴν
3592 758 3744 810 ὁσίαν
3768 757 4018 827 μητέρα.

2438 847 2497 899 Εἰ
2528 848 2635 917 γὰρ
2669 849 2702 917 ἡ
2724 848 2948 919 ἀπαρχὴ
2981 849 3131 916 άγία,
3162 851 3377 911 πάντως
3401 866 3502 901 που
3536 848 3718 902 καὶτὸ
3751 850 4014 918 φύραμα.

2449 939 2662 1008 Ἐκείνη
2694 940 2895 1003 παντὸς
2930 942 3059 1009 ὑμῖν
3085 940 3253 995 καλοῦ
3285 943 3380 994 καὶ
3414 941 3649 1011 χορηγία
3682 941 3777 994 καὶ
3802 940 4018 1010 πρόξε-

2435 1047 2522 1092 νος
2544 1044 2557 1056 ·
2582 1030 2766 1101 ἐκείνη
2790 1032 2885 1084 καί
2910 1032 3011 1100 τὴν
3031 1031 3225 1085 ἕνωσιν
3257 1032 3386 1100 ὑμῖν
3411 1031 3619 1094 δίδωσι,
3659 1031 3876 1092 κλάδοις
3911 1030 4019 1098 μὲν

2435 1114 2555 1167 οὖσι
2583 1117 2679 1169 καὶ
2707 1118 3051 1188 σχιζομένοις
3085 1122 3164 1183 είς
3194 1120 3429 1191 διάφορα
3458 1121 3748 1191 πρόσωπα·
3782 1123 3848 1189 τῇ
3883 1121 4018 1189 ῥίζῃ

2435 1207 2480 1260 δ’
2521 1208 2855 1278 ἐνουμένοις,
2885 1212 2981 1264 καὶ
3004 1212 3098 1265 ἀπ’
3127 1212 3343 1281 ἐκείνης
3375 1212 3594 1266 ἕλκουσι
3622 1213 3723 1281 τὴν
3748 1212 4020 1280 ποιότητα

2439 1300 2623 1366 (ὁρᾶτε
2664 1298 2817 1367 γοῦν,
2858 1302 2975 1363 πῶς
2999 1302 3092 1355 καὶ
3119 1305 3146 1355 ό
3176 1302 3332 1369 λόγος
3354 1303 3472 1370 ἅμα
3496 1319 3553 1354 τε
3590 1302 3802 1371 ἐκείνης
3840 1304 4021 1369 ἐμνή-

2439 1392 2561 1458 σθη.
2596 1393 2688 1444 καὶ
2706 1393 2848 1460 ὑμᾶς
2872 1393 3050 1462 ἦνωσε
3073 1394 3085 1447 ί
3115 1393 3338 1459 Πρῶτον
3365 1394 3464 1463 μὲν
3491 1396 3598 1463 γὰρ
3630 1395 3725 1461 τῆς
3752 1394 3889 1463 πρὸς
3918 1394 4021 1444 τὸν

2441 1481 2668 1551 βασιλέα
2692 1482 2852 1552 μόνον
2883 1484 3157 1537 ἀπέλαυον
3186 1486 3633 1555 προσφωνήσεως
3661 1500 3673 1513 ·
3722 1484 3942 1552 ἐκείνης
3966 1484 4018 1534 δ’

2440 1573 2822 1643 ἐπιμνησθεὶς,
2860 1574 3021 1637 εὐθὺς
3060 1575 3341 1646 ἐμνήσθην
3363 1578 3463 1642 τῆς
3507 1576 3775 1645 μεγίστης
3806 1575 3901 1627 καί
3927 1592 4018 1625 τι·

2444 1664 2572 1730 μίας
2604 1679 2695 1731 μοι
2720 1662 2990 1731 κεφαλῆς,
3033 1664 3128 1716 τοῦ
3186 1664 3405 1733 πρώτου
3460 1667 3600 1733 μετὰ
3627 1664 3717 1717 τὸν
3765 1663 4015 1734 πρῶτον.

2441 1756 2535 1808 καὶ
2552 1754 2844 1824 κρατίστου
2877 1754 3145 1825 βασιλέως
3183 1755 3322 1825 μετὰ
3366 1756 3464 1809 τὸν
3494 1757 3831 1826 κράτιστον)·
3862 1755 4022 1808 ἐκείο

761 1829 1338 1916 ῑίεεὶιιιιιηι-ιιιριιιίιιὶ.)
1374 1847 1627 1916 Ejusdem
1652 1853 1834 1899 autem
1865 1844 2042 1899 adrem
2081 1845 2335 1915 Iacryma:
2366 1829 2411 1888 Β
2438 1866 2450 1899 ι

2329 1864 2335 1896 ι
2366 1829 2411 1888 Β
2438 1864 2536 1915 νης
2566 1847 2636 1898 τά
2661 1848 2840 1917 χρυσᾶ
2882 1848 3095 1917 δάκρυα
3126 1848 3229 1915 τὴν
3263 1848 3510 1917 ἄδακρυν
3563 1850 3697 1918 ἡμῖν
3738 1849 3899 1918 νίκην
3930 1849 4018 1899 δι-

760 1944 1044 1999 victoriam
1094 1942 1457 2012 lacrymarum
1504 1950 1779 2008 expertem
1831 1937 1990 1992 nobis
2036 1937 2336 1990 donarunt.

765 2036 917 2089 Illius
938 2033 1145 2088 assidui
1173 2048 1267 2101 per
1295 2038 1505 2085 nectent
1528 2030 1785 2099 gemitus,
1814 2028 2199 2082 exsultationis
2223 2026 2338 2079 cla-

770 2143 973 2190 mores,
1020 2134 1073 2178 et
1104 2124 1449 2193 triumphalia
1501 2124 1710 2175 cantica
1761 2122 2201 2191 suppeditarunt.
2246 2118 2338 2172 Illa

773 2225 847 2277 te,
879 2229 913 2267 o
960 2214 1278 2282 imperator,
1326 2220 1529 2277 tropaeo
1552 2216 1741 2261 contra
1769 2205 2003 2277 Scythas
2032 2205 2336 2260 coronavit.

772 2304 890 2359 νειμ
919 2306 1107 2374 igitur,
1158 2310 1215 2355 ut
1262 2301 1355 2353 tibi
1388 2315 1581 2352 canant
1625 2298 1753 2351 illud
1802 2313 1865 2353 ex
1911 2311 2069 2353 sacro
2097 2296 2336 2357 cantico,

767 2394 1208 2468 quandoquidem
1248 2400 1461 2458 tempus
1504 2396 1589 2442 est
1614 2388 1855 2442 victoria:
1886 2396 1939 2439 ct
1959 2385 2290 2440 celebritatis
2324 2402 2336 2437 :

773 2485 1120 2558 Egredimiui,
1153 2492 1200 2535 et
1231 2484 1394 2535 videte
1426 2496 1594 2549 regem
1625 2481 1679 2532 in
1712 2479 2029 2541 diademate,
2061 2494 2161 2546 quo
2190 2492 2341 2530 coro-

768 2580 911 2631 navit
940 2592 1056 2629 eum
1087 2584 1255 2625 mater
1276 2588 1371 2626 sua
1401 2573 1453 2624 in
1492 2570 1577 2623 die
1609 2571 1807 2623 (milia:
1840 2569 2014 2623 cordis
2048 2570 2130 2621 sui
2151 2569 2192 2599 ¹²
2227 2569 2343 2637 (4)?

770 2670 977 2723 Idcirco
998 2669 1099 2720 etsi
1125 2682 1230 2719 non
1256 2667 1469 2726 adsitis,
1496 2664 1656 2718 rebus
1678 2665 1807 2731 ipsis
1830 2664 2064 2728 adestis;
2095 2664 2338 2717 omnium

770 2761 915 2815 enim
948 2775 1132 2818 curas.
1165 2759 1307 2811 sicut
1340 2772 1499 2809 nemo
1530 2758 1692 2808 unius
1726 2762 1958 2817 tantum,
1987 2754 2075 2805 illa
2108 2754 2337 2821 excipit:

770 2862 825 2905 et
851 2851 896 2902 si
939 2848 1163 2909 adestis,
1196 2845 1419 2916 perinde
1449 2852 1555 2908 est,
1584 2859 1647 2897 ac
1676 2845 1721 2897 si
1752 2854 1951 2914 praesto
1980 2858 2089 2897 non
2120 2838 2339 2905 essetis,

776 2956 984 3009 magna:
1031 2938 1153 3007 ejus
1212 2937 1375 2990 menti
1439 2934 1620 2987 omnia
1670 2935 2094 2989 committentes.
2154 2933 2341 2988 Multa:

776 3032 903 3101 ﬁlia:
933 3037 1373 3099 congregaverant
1403 3027 1643 3091 divitias,
1676 3035 1731 3078 tu
1758 3042 2097 3094 supergressa
2135 3043 2189 3079 es
2218 3030 2339 3081 uui-

778 3138 950 3176 rersas
976 3123 1039 3174 ¹³.
1074 3120 1327 3173 Salomon
1363 3128 1516 3170 tuum
1545 3117 1829 3171 nobiscum
1855 3118 2165 3171 cncomium
2200 3118 2341 3170 θυίω-

776 3214 930 3277 brat;
967 3211 1124 3280 cujus
1150 3220 1205 3262 tu
1242 3208 1527 3278 prudentia
1557 3211 1754 3261 mirum
1792 3223 1952 3276 quant
1988 3208 2203 3276 longius
2226 3224 2349 3275 pro-

774 3319 957 3374 gressa
1014 3317 1094 3357 es.
1157 3300 1356 3354 Verum
1405 3306 1459 3351 et
1514 3298 1681 3352 David
1734 3309 1785 3353 te
1834 3307 2061 3353 matrem
2114 3300 2167 3353 iu
2221 3299 2345 3353 filiis

777 3395 1047 3447 laetantem
1085 3390 1269 3460 psallit
1303 3389 1367 3442 “.
1394 3388 1483 3453 At,
1512 3402 1545 3442 ο
1576 3387 1914 3450 beatissime,
1940 3404 2007 3442 ne
2036 3389 2190 3443 dicas
2224 3400 2346 3442 tan-

777 3482 1062 3535 tummodo
1091 3481 1145 3534 in
1176 3479 1336 3546 ﬁliis;
1373 3478 1466 3534 sed
1500 3477 1638 3531 adde
1670 3487 1722 3532 et
1760 3477 1900 3531 natis
1931 3487 2208 3541 natorum,
2240 3478 2349 3531 fur—

776 3581 922 3627 tasse
948 3612 964 3637 ,
1006 3584 1061 3627 et
1089 3572 1181 3640 qul
1224 3581 1519 3625 nascentur
1561 3570 1627 3623 ab
1674 3569 1816 3631 illis,
1851 3577 1911 3623 ut
1958 3570 2348 3624 beatitudinem

778 3664 985 3720 efﬁcias
1029 3663 1341 3717 clariorem.
1394 3660 1439 3716 0
1483 3660 1799 3715 felicissima
1847 3660 1917 3714 ob
1968 3661 2346 3730 inexplebilem

774 3754 1094 3828 aspectum!
1120 3753 1288 3823 magis
1308 3752 1523 3822 quidem
1548 3751 1812 3805 mirabilis
1836 3758 2061 3821 propter
2084 3752 2348 3821 seipsam,

784 3847 955 3917 magis
974 3846 1137 3900 etiam
1166 3852 1387 3913 prepter
1408 3858 1505 3897 eos
1531 3842 1623 3912 qui
1650 3857 1715 3896 ex
1743 3857 1805 3896 ea
1828 3850 1993 3896 sunt:
2023 3842 2115 3913 qui
2140 3842 2351 3912 seipsos

780 3938 1049 3991 ellicacem
1098 3935 1267 4003 legem
1298 3932 1554 3985 omnibus
1604 3931 1915 3985 hominibus
1957 3939 2348 4001 proponentes,

783 4042 846 4079 ex
880 4040 1001 4078 sese
1039 4024 1171 4091 ipsis
1196 4020 1498 4091 praedicant
1539 4019 1832 4074 fraternam
1863 4019 2233 4085 dilectionem,
2267 4021 2350 4074 fa-

781 4116 963 4169 cundo
1012 4113 1231 4168 silentio
1280 4111 1446 4164 vitam
1502 4119 1744 4165 nostram
1798 4110 2168 4166 moderantes.
2213 4110 2349 4165 Cum

781 4207 926 4258 enim
952 4213 1114 4257 antea
1147 4202 1294 4271 regia
1325 4210 1565 4270 potestas
1592 4202 1674 4255 vel
1706 4199 1857 4253 nullo
1890 4200 2070 4265 modo,
2102 4200 2184 4254 vel
2210 4200 2350 4253 ditii-

785 4298 988 4350 cillime
1034 4294 1426 4349 communicari
1465 4301 1650 4362 posset
1689 4292 1841 4360 (hinc
1888 4292 2031 4346 enim
2066 4291 2352 4363 Thyesteae

785 4404 955 4444 caena:
980 4388 1032 4441 in
1062 4385 1409 4456 proverbium
1436 4385 1705 4447 abierunt,
1732 4398 1831 4437 nec
1857 4385 2115 4451 temporis
2139 4384 2355 4437 diutur-

2438 1929 2621 1990 δόασιν
2640 1952 2655 1966 ·
2684 1937 2901 2005 ἐκείνης
2938 1938 2988 1989 οί
3024 1937 3286 2006 πάννυχοι
3344 1940 3639 2008 στεναγμοὶ
3660 1939 3757 2001 τὰς
3782 1942 3881 2007 τῆς
3909 1957 4020 2008 χα-

2443 2030 2543 2100 ρᾶς
2564 2029 2873 2097 ἐκόοήσεις,
2906 2030 3001 2082 καὶ
3035 2030 3105 2083 τά
3128 2030 3370 2082 ἐπινίκια
3422 2031 3677 2101 ᾄσματα·
3713 2030 3899 2100 ἐκείνη
3928 2047 4018 2090 σε,

2442 2118 2687 2188 βασιλεῦ,
2734 2120 2984 2190 τροπαίῳ
3040 2120 3119 2190 τῷ
3164 2121 3305 2173 κατὰ
3358 2122 3581 2175 Σκυθῶν
3637 2122 4015 2190 ἐστεφάνωσε.

2441 2210 2628 2273 Θέλεις
2654 2210 2874 2281 ᾅσωμαί
2908 2228 2990 2264 σοι
3016 2211 3083 2264 τά
3105 2212 3170 2265 ἐκ
3198 2212 3601 2283 τοῦᾏσματος,
3625 2214 3747 2266 ἐπεί
3774 2230 3864 2282 μοι
3897 2232 4024 2266 και-

2445 2302 2537 2372 ρὸς
2566 2302 2664 2355 καί⁵
2687 2303 2846 2371 νίκης
2866 2304 2961 2357 καί¹
2980 2303 3344 2373 πανηγύρεως
3364 2321 3378 2366 ;
3417 2302 3723 2367 Ἐξέλθετε
3741 2302 4023 2372 καῌδετε

2441 2395 2513 2447 ἐν
2539 2392 2619 2458 τῷ
2655 2394 2954 2463 στεφάνῳ.
2986 2390 3035 2462 ᾧ
3082 2395 3504 2463 ἐστεφάνωσεν
3546 2398 3733 2449 αὑτὸν
3756 2398 3795 2461 ἡ
3811 2397 4022 2466 μήτηρ

2441 2484 2629 2537 αὑτοῦ
2654 2484 2725 2536 ἑν
2753 2485 2944 2553 ἡμέρᾳ
2974 2487 3365 2553 εὐφροσύνης
3404 2486 3650 2553 καρδίας
3678 2488 3890 2540 αὐτοῦ.
3912 2489 4020 2538 Διά

2442 2572 2618 2627 ταῦτα
2646 2574 2748 2627 κᾶν
2774 2574 2849 2644 μὴ
2881 2578 3117 2645 παρῆτε,
3146 2580 3257 2636 τοῖς
3285 2576 3579 2645 πράγμασι
3608 2580 3845 2647 πάρεστε
3868 2594 3882 2607 ·
3914 2580 4020 2640 τὰς

2445 2664 2701 2717 ἁπάντων
2743 2667 2852 2733 γάρ
2902 2666 3191 2730 φροντίδας
3221 2668 3297 2727 ὡς
3318 2667 3497 2729 οὐδεὶς
3528 2669 3646 2729 ἐνὸς
3670 2669 4017 2738 ἀναδέχεται.

2445 2755 2562 2807 Κᾶν
2593 2756 2831 2825 παρῆτε,
2863 2758 2923 2808 ού
2954 2756 3213 2824 πάρεστε,
3240 2760 3307 2827 τῇ
3347 2758 3549 2828 ταύτης
3592 2759 3917 2829 μεγαλονοίᾳ
3957 2762 4020 2810 τὸ

2445 2848 2553 2899 πᾶν
2586 2846 2999 2916 ἐπιτρέποντες.
3033 2848 3235 2901 Πολλαὶ
3262 2851 3522 2916 γυναῖκες
3550 2852 3816 2918 ἐποίησαν
3846 2850 4018 2905 δύνα-

2450 2955 2541 3005 μιν
2566 2955 2578 2967 ι
2607 2938 2672 2989 σὺ
2703 2939 2759 2990 δὲ
2800 2938 3130 3007 ὑπέρκεισαι
3160 2940 3255 2993 καὶ
3295 2942 3578 3012 ὑπερῆρας
3616 2943 3817 3006 πάσας.
3857 2942 4025 2995 Σολο-

2450 3028 2567 3095 μῶν
2631 3028 2937 3097 λειτουργεῖ
2967 3047 3049 3083 σοι
3082 3032 3201 3101 μεθ’
3227 3034 3385 3101 ἡμῶν
3419 3034 3479 3085 τὸ
3528 3033 3825 3102 ἐγκώμιον,
3857 3028 3921 3089 οὗ
3956 3036 4022 3086 σὺ

2450 3119 2549 3186 τῆς
2570 3120 2885 3189 φρονήσεως
2919 3121 3084 3190 βαϐαὶ
3111 3123 3243 3175 ὅσον
3273 3123 3648 3192 προὼδευσαςί
3688 3125 3847 3178 Ἀλλά
3874 3127 3969 3178 καὶ
3999 3129 4027 3177 ὁ

2409 3209 2419 3282 έ
2450 3209 2615 3262 Δαόίὸ
2638 3226 2696 3262 σε
2735 3212 2949 3280 μητέρα
2982 3213 3075 3264 ἐπὶ
3104 3215 3313 3276 τέκνοις
3347 3212 3782 3285 εὐφραινομένην
3804 3215 4022 3284 ψάλλει,

2449 3300 2549 3368 οὐχ
2581 3300 2769 3363 ἁπλῶς
2790 3301 3023 3364 τέκνοις,
3045 3294 3091 3353 ὦ
3123 3301 3188 3352 σὺ
3224 3302 3484 3371 μακάριε,
3503 3302 3640 3355 ἀλλά
3669 3302 3906 3373 πρόσθες
3928 3308 4025 3355 καὶ

2450 3390 2662 3452 τέκνοις
2714 3390 2959 3443 τέκνωνο
3025 3389 3168 3459 τάχα
3204 3391 3259 3443 δὲ
3291 3393 3564 3444 κάκείνων
3612 3395 3879 3461 ἐκγόνοις,
3935 3394 4023 3446 ἶνα

2450 3479 2547 3548 τὴν
2568 3480 2917 3549 εὐδαιμονίαν
2938 3484 3264 3555 παραστήσῃ
3283 3487 3645 3557 σαφεστέραν.
3669 3483 3739 3539 Ὦ
3754 3488 4020 3541 πανόλ6ία

2451 3569 2545 3623 τοῦ
2582 3571 2971 3641 ἀνεμπλήστου
3016 3573 3316 3643 ὁράματος,
3369 3577 3570 3644 μᾶλλον
3607 3578 3706 3646 μὲν
3738 3578 4023 3645 θαυμασία

2451 3659 2516 3712 δι’
2548 3660 2767 3729 ἑαυτὴν,
2827 3661 3027 3729 μᾶλλον
3048 3662 3104 3715 δὲ
3132 3662 3219 3715 διὰ
3251 3663 3375 3725 τοὺς
3411 3665 3469 3728 ἐξ
3499 3664 3671 3732 αὐτῆς
3696 3678 3710 3692 ·
3743 3664 3793 3717 οἳ
3858 3665 4022 3733 νόμον

2453 3750 2776 3819 ἔμπρακτον
2809 3752 3035 3816 ἐαυτοίις
3063 3753 3359 3823 προθέντες
3390 3753 3702 3823 ἀνθρώποις
3728 3754 3929 3820 ἅπασι,
3955 3754 4023 3808 δι’

2455 3842 2665 3893 ἑαυτῶν
2696 3841 3027 3914 κηρύττουσι
3061 3844 3124 3895 τὸ
3159 3844 3508 3913 φιλάδελφον,
3544 3845 3691 3915 λάλῳ
3715 3850 3894 3917 σιωπῇ
3932 3849 4022 3899 τὸν

2456 3932 2569 4001 βίον
2592 3932 2750 4001 ἡμῶν
2775 3934 3225 4003 σωφρονίζοντες.
3260 3936 3334 3988 Τὸ
3354 3936 3462 4006 γάρ
3492 3936 3623 4005 πρὶν
3657 3937 4021 4004 ἀκοινώνητον

2455 4024 2515 4076 τὸ
2540 4023 2731 4093 χρῆμα
2777 4024 2878 4093 τῆς
2929 4026 3229 4095 βασιλείας,
3265 4028 3299 4097 ἢ
3330 4028 3761 4096 δυσκοινώνητον
3786 4044 3803 4060 ο
3836 4029 3918 4081 διὸ
3955 4031 4021 4080 τὰ

2455 4111 2724 4164 Θυέστεια
2752 4110 2945 4165 δεῖπνα
2990 4114 3482 4183 πεπαροιμίασται,
3536 4116 3632 4166 καὶ
3658 4114 3767 4166 οὐδ’
3800 4115 3827 4165 ό
3857 4113 4021 4174 πολὺς

2456 4203 2645 4272 χρόνος
2678 4204 2780 4271 τὴν
2842 4205 3042 4275 μιαρὰν
3077 4206 3295 4276 ἐκείνην
3350 4204 3659 4259 συνέστειλε
3720 4205 4018 4274 τράπεζαν.

2468 4294 2612 4347 Ἀλλ’
2663 4288 2814 4349 οὗτοι
2847 4296 2967 4365 μεθ’
3015 4297 3332 4367 ἱλαρότητος
3367 4298 3729 4350 ἐκοινώσαντο
3754 4298 3844 4349 καὶ
3878 4295 4021 4347 δυοῖν

2456 4386 2574 4449 ἐνὸς
2620 4386 2796 4457 μέλει,
2826 4388 2925 4440 καὶ
2946 4388 3023 4457 τῷ
3063 4390 3144 4441 ἐνὶ
3181 4392 3292 4441 τοῖν
3327 4390 3491 4441 δυοῖν.
3525 4390 3598 4441 Οὐ
3630 4390 3740 4457 γὰρ
3767 4388 3875 4456 ἔχω
3906 4387 4018 4447 πῶς

782 4481 1201 4533 nitasinfamem
1237 4476 1382 4529 illam
1415 4488 1662 4529 mensam
1696 4475 1875 4528 delere
1897 4475 2117 4543 potuit),
2153 4475 2205 4527 hi
2237 4476 2345 4528 duo
2380 4490 2421 4540 ι)
2450 4477 2471 4529 d

2333 4492 2345 4527 ι
2380 4490 2421 4540 ι)
2450 4476 2623 4538 ἄλλως
2666 4476 3009 4547 φθέγξωμαι,
3036 4480 3160 4531 ὅθεν
3192 4480 3505 4547 ἐμοὶδοκεῖν
3530 4478 3809 4547 βουληθεὶς
3837 4481 3865 4529 ὁ
3891 4477 4022 4537 Θεὸς

784 4585 997 4624 summa
1039 4583 1163 4622 cum
1211 4568 1486 4622 hilaritate
1511 4582 1629 4620 eam
1670 4580 2015 4621 communem
2046 4566 2152 4620 sibi
2186 4566 2345 4621 fece-

787 4671 954 4725 runt;
986 4670 1041 4713 et
1070 4660 1283 4713 duobus
1317 4672 1446 4711 cura
1486 4665 1570 4711 est
1600 4656 1668 4709 de
1701 4673 1809 4710 uno
1830 4696 1845 4720 ,
1889 4665 1943 4709 et
1975 4658 2067 4710 uni
2093 4656 2161 4710 de
2188 4656 2353 4727 558

788 4753 1004 4805 duobus
1035 4752 1167 4820 (non
1188 4749 1333 4804 enim
1359 4748 1596 4819 suppetit
1626 4748 1755 4801 mihi
1784 4747 2059 4815 quomodo
2084 4748 2243 4801 aliter
2268 4765 2351 4800 me

788 4842 1140 4914 exprimam),
1182 4850 1241 4895 ut
1273 4842 1478 4894 idcirco
1509 4841 1641 4893 mihi
1673 4840 1921 4893 videatur
1949 4838 2091 4893 Deus
2126 4840 2349 4893 alteram

788 4950 1092 5002 novamque
1130 4949 1310 4987 rerum
1355 4931 1723 4986 conditionem
1771 4931 2056 4985 ostendere
2088 4930 2349 4989 voluisse.

789 5031 897 5078 duo
932 5026 985 5077 iu
1022 5025 1231 5094 imperii
1264 5024 1405 5077 curio
1438 5022 1745 5074 Luminaria
1770 5038 1958 5089 magna
1989 5021 2350 5074 constituens.

792 5119 854 5169 lit
892 5120 993 5169 huc
1023 5116 1241 5184 quidem
1276 5116 1556 5183 spectabat
1593 5113 1809 5181 sapiens
1842 5112 1971 5164 illttd
2008 5110 2353 5166 Ecclesiast

790 5212 1031 5263 dictum:
1079 5208 1209 5261 Boni
1247 5216 1366 5260 sunt
1415 5206 1519 5258 duo
1570 5221 1723 5273 super
1752 5219 1913 5255 unum
1943 5203 1982 5233 "
2017 5202 2114 5272 (ὅ).
2171 5202 2216 5256 0
2259 5218 2353 5254 vos

793 5303 894 5355 soli
942 5301 1224 5370 mqualiter
1271 5298 1502 5351 invicem
1554 5294 2007 5351 couuuutabilcs!
2057 5294 2196 5359 soli,
2260 5295 2354 5362 qui

866 5435 907 5468 "
943 5436 1097 5490 Rom.
1139 5452 1213 5500 ιι,
1255 5434 1339 5487 16.
1420 5437 1463 5465 ¹²
1487 5434 1644 5488 Cant.
1679 5448 1759 5497 ιιι,
1794 5433 1877 5485 15.

2457 4570 2567 4622 τῶν
2598 4569 2940 4638 πραγμάτων
2965 4572 3157 4639 ἐτέραν
3192 4569 3368 4621 κτίσιν
3390 4571 3485 4621 καὶ
3500 4570 3769 4638 νεωτέραν
3786 4568 4021 4633 ἐνδείξα-

2460 4662 2585 4713 σθαι
2616 4660 2693 4727 τῷ
2722 4661 2820 4730 τῆς
2847 4660 3127 4729 βασιλείας
3172 4659 3388 4730 ούρανῷ
3420 4660 3544 4722 τοὺς
3584 4660 3677 4712 δύο
3705 4659 4021 4727 φωστῆμις

2458 4748 2599 4813 τοὺς
2623 4749 2928 4817 μεγάλους
2949 4749 3479 4817 ἐγκαταστήσασθαι.
3512 4749 3621 4802 Καὶ
3637 4748 3790 4800 τοῦτο
3816 4743 3883 4815 ἦν
3906 4748 4014 4813 ἀρα

2459 4838 2551 4892 τοῦ
2594 4838 3020 4908 Ἐκκλησιαστοῦ
3048 4840 3109 4892 τὸ
3137 4840 3318 4907 σοφὸν,
3353 4840 3585 4908 Ἀπκιθοί
3618 4840 3672 4891 οἱ
3708 4837 3818 4891 δύο
3869 4837 4020 4903 ὑπὲρ

2459 4930 2565 4983 τὸν
2612 4929 2735 4984 ἕνα.
2780 4928 2850 4982 Ὦ
2874 4931 3024 4999 μόνοι
3050 4932 3163 4992 τοῖς
3198 4930 3331 4993 ῖσοις
3355 4931 3618 4999 ἀλλήλους
3632 4927 4016 4996 ἀμειψάμενοι,

2460 5022 2610 5090 μόνοι
2644 5022 2743 5091 μὲν
2761 5023 3019 5085 νικῶντες
3042 5022 3308 5083 ἅπαντας,
3336 5023 3486 5091 μόνοι
3518 5021 3574 5073 δὲ
3595 5019 3839 5087 ἀλλήλων
3863 5018 4022 5069 νικώ-

2461 5131 2635 5181 μενοι.
2662 5114 2938 5183 Μακάριοί
2968 5131 3027 5167 τε
3057 5115 3153 5167 καὶ
3186 5115 3345 5182 ὑμεῖς
3371 5114 3421 5166 οί
3454 5112 3767 5183 ἀρχόμενοι,
3802 5108 4021 5162 καὶτῶν

2459 5206 2565 5275 πρὸ
2590 5206 2781 5259 τούτου
2814 5206 3241 5276 μακαριώτεροι,
3272 5206 3383 5259 τῶν
3418 5206 3515 5275 μὲν
3548 5204 3635 5270 ὑφ’
3660 5203 3796 5264 ἐνὸς,
3820 5203 3901 5254 ὅτι
3922 5200 4021 5251 ὑπὸ

2455 5296 2550 5347 δύο
2569 5279 2875 5367 ἀρχόμεθα,
2911 5297 3021 5350 τῶν
3053 5298 3108 5351 δέ
3142 5298 3246 5350 ὑπὸ
3266 5297 3383 5359 δύο,
3412 5298 3494 5349 ὅτι
3522 5296 3625 5348 ὑπὸ
3658 5294 3932 5347 τοιούτων.
3961 5292 4021 5342 υί

1957 5431 2001 5462 ⁸³
2030 5432 2194 5484 Prov.
2258 5445 2409 5499 xui,
2435 5430 2525 5486 29.
2603 5433 2651 5464 “
2683 5433 2827 5489 Ps'd.
2863 5438 3069 5502 cxu,9.
3150 5437 3191 5467 "
3225 5436 3428 5492 Eceles.
3463 5453 3538 5501 tv,
3569 5437 3620 5491 9.

1991 5574 2189 5636 Variae
2234 5575 2542 5639 lectiones
2580 5585 2641 5638 et
2685 5587 2876 5641 noue.

862 5715 946 5781 (ὦ)
972 5712 1232 5768 Fortasse
1265 5712 1351 5765 hic
1382 5710 1584 5779 aliquid
1613 5711 1785 5765 deest.

971 5780 1047 5838 Ita
1072 5782 1229 5837 LXX.
1260 5782 1412 5848 Vulg.
1446 5774 1601 5839 habet
1631 5800 1642 5834 :
1701 5780 1889 5836 Melius
1917 5787 1991 5834 est
2043 5792 2152 5833 esse
2208 5776 2337 5830 duos
2370 5774 2531 5830 simul
2556 5788 2713 5843 quant
2741 5788 2922 5825 unum.
