4276 6436
260 376 364 440 305

1243 378 1528 438 ORATIO
1566 380 1646 438 IN
1689 379 2040 438 ALEXIUM
2081 380 2536 442 COMNENUM.

3413 379 3520 441 306

257 491 313 544 δὲ
352 490 484 556 ὑμῖν
516 488 913 558 πλησιάζοντες
950 488 1108 558 ἡμῶν
1168 487 1369 557 μᾶλλον
1395 489 1830 559 μακαριώτεροι,
1862 493 1909 550 Α
1939 508 1946 531 ι

1824 527 1830 549 ,
1862 493 1909 550 Α
1939 491 2392 551 vincantomncs.
2424 505 2490 543 ac
2525 487 2650 552 soli,
2685 488 2775 557 qui
2808 496 3000 542 mutuo
3034 485 3343 541 vincantur.
3376 487 3513 543 Feli-

256 581 338 632 ὅτι
382 579 526 655 τοὺς
554 579 854 650 ὑμετέρους
884 579 1242 649 χαρακτῆρας
1265 583 1383 640 ταῖς
1404 580 1611 631 ἑαυτῶν
1642 580 1838 647 ψυχαῖς

263 672 709 740 ἐνσημαίνονται,
749 672 842 722 καὶ
893 670 1183 739 κατέχουσι
1222 672 1444 733 τούτους
1472 673 1696 740 μᾶλλον,
1732 673 1838 742 ἦοί

257 761 531 816 δακτύλιοι
587 763 656 814 τὰ
677 761 992 831 γλύμματα.
1022 764 1092 814 Ἢ
1118 763 1242 832 οὐχὶ
1294 764 1389 816 καὶ
1421 758 1576 824 οὗτος
1610 766 1638 817 ὀ
1703 763 1832 832 περὶ

268 853 417 917 ὑμᾶς
443 851 645 914 κύκλος
685 853 822 922 πρὸς
853 852 913 904 τὸ
951 853 1117 921 μέσον
1171 854 1270 922 τῆς
1321 855 1523 923 ἀρετῆς
1561 853 1713 922 ὑμῶν
1745 856 1833 904 νέ-

261 956 446 1004 νευκε,
472 940 769 992 κάντεῦθεν
797 943 919 1000 ίσας
936 941 1038 1003 τὰς
1066 941 1280 1004 εὐθείας
1303 942 1525 1009 γνώμας
1544 943 1844 1011 ἐκδέχεταις

261 1032 457 1095 σοψέας
489 1048 548 1082 τε
583 1034 661 1094 εἰς
691 1031 753 1082 τὸ
808 1033 1112 1100 ἀκρότατον
1160 1034 1353 1102 ἥκουσι
1379 1034 1470 1086 καὶ
1513 1033 1840 1101 σεμνότητος

260 1123 463 1185 πάντες
494 1122 707 1175 καὶτοῦ
750 1124 960 1176 δικαίου
1003 1127 1358 1192 κατὰμεστοι.
1416 1121 1553 1180 Εἶτα
1582 1125 1841 1193 τοιαύτην

263 1214 544 1282 βασιλείαν
575 1215 634 1267 ού
674 1215 1088 1284 μαντευσαίμην
1157 1215 1266 1283 ἐγὼ
1322 1217 1414 1268 καὶ
1447 1216 1676 1286 ὀρνίθων
1699 1215 1840 1279 γάλα

260 1306 527 1375 παρέξειν
552 1308 723 1376 ήμῖνς
776 1309 878 1360 κᾶν
926 1325 1012 1368 τις
1036 1326 1104 1375 με
1140 1309 1332 1376 μάντιν
1387 1309 1508 1378 ὲρῇ,
1549 1309 1649 1360 οὐκ
1705 1307 1842 1359 ἁπο-

260 1400 565 1469 τῖοιήσομαι
607 1399 654 1449 τ’
711 1399 939 1468 οὔνομα,
999 1399 1138 1451 ἀλλὰ
1192 1399 1286 1453 καὶ
1343 1399 1628 1466 οἰωνιστὴν
1675 1398 1838 1450 αὑτὸν

258 1491 707 1562 ἀνερυθριάστως
759 1489 1258 1559 προσονομὰσαιμι,
1293 1493 1373 1553 εἰς
1406 1490 1466 1541 σὲ
1528 1489 1619 1542 τὸν
1681 1489 1840 1542 ἀετὸν

261 1580 536 1644 ἐπιδέξιον
585 1578 874 1648 βλέποντα.
927 1580 1222 1632 κάντεῦθεν
1260 1580 1550 1648 δεχόμενον
1617 1579 1717 1645 τῆς
1749 1595 1843 1630 κο-

261 1671 469 1740 σιιικῆς
502 1671 790 1739 εὐετηρίας
815 1669 875 1722 τὸ
893 1669 1158 1739 σύμϐολον
1179 1670 1536 1737 Μελάμποδος
1553 1668 1842 1739 ἀληθέστε-

265 1780 378 1830 ρον,
415 1761 829 1830 Πολυδάμαντος
877 1760 1290 1831 ἀκριϐέστερον,
1343 1761 1573 1831 Βαλαὰμ
1630 1761 1842 1814 εὐσεϐέ-

262 1869 352 1904 στε
360 1863 454 1920 ρον
464 1891 478 1903 .

1943 597 2036 636 ces
2064 592 2117 635 et
2153 597 2269 644 vos,
2303 581 2393 648 qui
2423 579 2626 635 subditi
2660 579 2815 642 estis,
2848 588 2902 634 et
2931 579 3000 634 iis
3029 579 3122 648 qui
3155 593 3252 632 vos
3278 593 3514 646 praces»

1940 681 2152 732 serunt,
2179 671 2490 726 feliciores:
2523 671 2590 724 iis
2613 670 2859 740 quidem,
2889 670 2980 739 qui
3006 671 3110 724 sub
3137 683 3248 722 uno
3271 669 3514 730 fuerunt,

1939 765 2064 834 quia
2091 779 2193 817 nos
2228 763 2441 816 duobus
2472 763 2740 832 regimur;
2773 763 2840 815 iis
2868 777 3018 825 vero,
3045 762 3135 830 qui
3162 761 3266 814 sub
3291 761 3514 815 duobus

1942 857 2114 919 fuere,
2151 855 2294 924 quod
2327 869 2429 907 nos
2475 854 2578 906 sub
2617 853 2816 908 talibus
2861 854 3058 908 simus.
3111 857 3175 907 At
3214 856 3306 922 qui
3347 869 3516 922 pmpc

1939 961 2036 1000 vos
2065 954 2218 1004 sunt,
2249 946 2421 1015 magis
2454 945 2634 998 adhuc
2666 945 2888 1011 felices;
2935 945 3198 1014 quoniam
3233 946 3514 998 characte—

1942 1053 2027 1091 res
2064 1047 2276 1090 vestros
2309 1037 2551 1106 ipsorum
2585 1036 2782 1088 anitnis
2825 1037 3165 1104 imprimunt,
3211 1036 3512 1103 magisque,

1941 1143 2103 1197 quam
2139 1128 2324 1181 annuli
2359 1128 2670 1196 sculpturas
2702 1142 2853 1186 suas.
2897 1137 3139 1180 servant.
3172 1127 3361 1180 Nonne
3387 1143 3518 1180 vero

1940 1227 1992 1271 et
2023 1218 2151 1278 iste,
2182 1218 2274 1284 qui
2315 1219 2460 1271 circa
2495 1231 2593 1271 vos
2621 1225 2730 1279 est,
2762 1217 3008 1270 circulus
3040 1217 3104 1269 ad
3140 1217 3373 1270 medium
3407 1217 3515 1267 vir-

1943 1306 2076 1358 tutis
2101 1316 2296 1359 vestra:
2323 1306 2513 1359 oculos
2549 1305 2802 1367 intendit,
2835 1306 3070 1374 indeque
3101 1317 3283 1360 rectos
3315 1321 3512 1359 sensus

1941 1396 2223 1464 mqualiler
2259 1396 2485 1449 haurit?
2522 1411 2823 1463 omnesque
2853 1395 2918 1448 ad
2969 1395 3253 1460 sapientia:
3298 1396 3514 1449 Cltlmt‘lt

1942 1494 2268 1554 properant,
2324 1500 2534 1539 morum
2593 1486 2886 1540 severitate
2934 1494 2988 1540 ct
3032 1486 3245 1553 jnstitia
3303 1486 3516 1553 repleti.

1943 1578 2071 1630 l’ost
2120 1580 2232 1630 lucc
2266 1591 2394 1631 vero
2443 1591 2550 1630 non
2588 1591 2688 1646 ego
2715 1577 2838 1645 jure
2873 1577 3228 1640 vaticinabor,
3263 1578 3369 1629 tale
3413 1578 3518 1630 iut-

1947 1671 2151 1739 pcrium
2186 1669 2343 1724 nobis
2382 1678 2435 1722 et
2478 1669 2658 1722 avium
2707 1670 2790 1722 lac
2825 1669 3224 1738 praebiturum?
3263 1670 3420 1734 Quod
3471 1672 3514 1723 si

1943 1763 2067 1830 quis
2097 1776 2183 1814 me
2216 1771 2394 1814 vatem
2435 1759 2619 1814 dicere
2653 1760 2803 1828 velit,
2831 1776 3028 1814 nomen
3064 1761 3207 1814 istud
3243 1761 3385 1813 haud
3429 1777 3516 1814 re-

1872 1845 1912 1899 ll
1943 1849 2184 1902 (-usabo:
2220 1848 2352 1916 quin
2380 1856 2433 1902 et
2465 1862 2724 1916 augurem
2753 1865 2839 1902 me
2866 1851 3068 1917 absque
3104 1851 3305 1904 rubore
3335 1850 3517 1918 appel-

263 1947 455 2008 larem,
513 1959 636 1998 cum
688 1952 740 1999 te
791 1944 954 1998 faustl
1005 1946 1207 1999 ominis
1263 1945 1500 2015 aquilam
1555 1945 1826 2016 respicio;
1870 1943 2103 2011 indeque
2147 1957 2307 1994 sumo
2364 1941 2658 1996 mundana:
2741 1943 3125 2011 prosperitatis
3208 1942 3516 2012 symbolum

264 2037 604 2106 Melampode
638 2038 855 2100 verius,
891 2037 1281 2109 Polydamante
1313 2040 1592 2103 exactius,
1625 2055 1688 2094 ac
1732 2039 1988 2092 Balaamo
2027 2035 2359 2102 religiosius.

335 2136 388 2182 ι’.
436 2129 764 2182 Ἀπολαύσει
800 2131 898 2199 μὲν
923 2127 1018 2185 οὖν
1049 2133 1140 2184 καὶ
1167 2135 1318 2202 κοινῇ
1348 2133 1455 2185 τῶν
1475 2133 1670 2184 κοινῶν
1696 2134 1826 2199 ἁγα-

263 2219 375 2271 θὼν
409 2221 444 2289 ἡ
474 2221 786 2290 σοφιστική.
810 2223 881 2273 Συ
918 2222 972 2274 δὲ
1002 2222 1138 2276 ἀλλὰ
1168 2224 1260 2275 καὶ
1297 2224 1404 2290 ἰδία
1435 2223 1606 2292 ταύτῃ
1639 2222 1837 2292 βοήθηο

266 2325 391 2360 σονο
425 2309 729 2363 κινδυνεύει
779 2312 888 2381 γὰρ
911 2313 1009 2365 ούκ
1042 2316 1138 2365 ἐπὶ
1171 2315 1324 2380 γόνυ,
1371 2314 1485 2368 ἀλλ’
1534 2315 1626 2368 ἐπὶ
1669 2314 1840 2382 στόμα

267 2400 478 2450 πεσεῖν.
508 2399 584 2450 Ού
608 2399 835 2469 δέχομαι
864 2402 955 2453 τὸν
985 2402 1116 2471 ἐμὸν
1150 2403 1374 2472 βασιλέα
1417 2404 1714 2475 Ἀδριανῶν
1752 2403 1844 2454 καὶ

264 2488 510 2557 Μαρκων
542 2491 635 2543 καὶ
691 2493 999 2562 Κομμόδων
1042 2496 1503 2567 ἅφιλολογώτερον
1535 2497 1841 2566 φαίνεσθαι,

262 2578 315 2630 οἱ
346 2579 628 2645 δημοσίοις
663 2584 913 2652 σιτήσεσι
943 2588 1262 2653 σοφιστικὴν
1300 2589 1552 2652 γλῶσσαν
1585 2589 1835 2658 ἔτρεφον*

266 2671 329 2720 οὐ
369 2669 602 2736 δέχομαί
649 2687 709 2722 σε
735 2672 844 2724 τῶν
868 2673 972 2742 πρὸ
1004 2674 1097 2726 σού
1140 2676 1409 2744 βασιλέων
1435 2679 1529 2729 καὶ
1561 2678 1636 2748 μὴ
1672 2677 1843 2749 ταύτῃ

267 2757 330 2810 τὸ
353 2761 602 2826 κρεῖττον
651 2760 801 2830 παρὰ
853 2762 1148 2834 δικαζούσῃ
1175 2769 1241 2835 τῇ
1304 2766 1495 2836 Θέμιδι
1559 2768 1840 2836 φέρεσθαι.

281 2849 522 2900 Ἐκεῖνοι
545 2850 647 2918 μὲν
690 2853 795 2922 γὰρ
831 2853 950 2916 ἔθος
982 2856 1202 2919 ἐκλιπὲς
1228 2853 1304 2927 τῷ
1331 2859 1508 2928 χρόνῳ
1551 2859 1844 2927 γενόμενον

269 2940 664 3010 ὲπεισήγαγον,
683 2945 774 2995 καὶ
799 2945 858 2997 τὸ
885 2945 1067 3012 λέγειν
1106 2950 1194 3000 ἐπὶ
1222 2949 1510 3018 βασιλείων
1534 2950 1842 3004 ἀπέδωκαν·

273 3034 341 3084 σὺ
383 3032 463 3095 δὲ,
516 3033 706 3087 καὶτὸ
751 3038 1158 3108 προθυμότερον
1207 3041 1426 3108 λέγειν,
1479 3044 1556 3113 τῷ
1610 3043 1843 3112 θεμελίῳ

272 3123 724 3193 ἑποικοδόμησον.
771 3128 911 3181 Ἀλλ’
941 3131 1051 3197 ἐγὼ
1084 3137 1205 3200 μὲν,
1239 3128 1282 3186 ὦ
1315 3134 1522 3198 παῖδες,
1555 3135 1633 3203 τῷ
1657 3135 1845 3204 πέπλῳ

272 3215 372 3284 τῆς
407 3216 695 3286 βασιλικῆς
736 3219 1007 3290 εὐφημίας
1040 3225 1130 3274 τὸν
1157 3225 1398 3293 στήμονα
1430 3226 1842 3294 προῦπέστησαο

273 3309 435 3376 ὑμεῖς
473 3309 530 3362 δὲ
569 3311 664 3362 καὶ
699 3311 763 3380 δὴ
793 3311 890 3378 τὴν
942 3313 1148 3383 κρόκην
1199 3315 1653 3385 προσεπιϐάλετε.
1702 3315 1846 3384 Ἐγὼ

2020 2129 2108 2184 10.
2151 2127 2421 2181 Gaudebit
2481 2126 2648 2195 igitur
2706 2126 2868 2179 simul
2921 2126 3304 2179 communibus
3361 2125 3520 2178 bonis

1943 2223 2108 2276 ctiam
2158 2219 2420 2272 oratoria.
2474 2218 2554 2271 Tu
2605 2233 2734 2271 vero
2777 2233 2897 2269 eam
2956 2217 3307 2285 peculiariter
3357 2216 3515 2284 iuva:

1947 2311 2248 2381 periculum
2285 2320 2366 2363 est
2410 2309 2591 2372 enim,
2638 2317 2697 2362 ut
2743 2323 2850 2361 non
2885 2310 3062 2362 solum
3101 2309 3152 2360 in
3187 2323 3379 2374 genua,
3422 2307 3518 2360 sed

1945 2411 1996 2455 et
2032 2403 2090 2453 in
2120 2400 2313 2452 faciem
2343 2408 2586 2452 corruat.
2629 2397 2793 2451 Ferre
2829 2413 2928 2466 ego
2960 2413 3094 2451 sane
3135 2413 3239 2450 non
3278 2413 3518 2466 possum,

1946 2496 2326 2560 imperatorem
2368 2504 2546 2541 meum
2575 2488 2850 2553 Adrianis,
2886 2487 3081 2542 Mareis
3123 2497 3176 2540 et
3206 2488 3522 2541 Conunodis

1947 2585 2126 2636 minus
2173 2582 2507 2651 philologum
2547 2580 2758 2643 videri;
2807 2580 2900 2648 qtti
2947 2595 3009 2633 ex
3053 2580 3265 2648 publica
3303 2596 3517 2632 annona

1945 2673 2239 2728 oratoriam
2269 2672 2514 2740 linguam
2543 2671 2914 2724 enutriebant.
2945 2670 3063 2724 Non
3091 2671 3229 2734 fero,
3260 2680 3311 2725 te
3340 2673 3425 2724 vel
3464 2672 3518 2724 in

1950 2765 2049 2819 hac
2081 2773 2238 2833 parte
2265 2763 2531 2816 anteactis
2561 2761 2990 2827 imperatoribus
3021 2764 3286 2830 potiorem
3320 2778 3347 2814 a
3374 2760 3520 2816 Tlte-

1948 2857 2090 2908 niide
2127 2870 2236 2908 non
2269 2855 2526 2925 judicari.
2562 2853 2641 2906 Illi
2679 2855 2824 2907 enim
2873 2869 3109 2918 morem,
3154 2855 3247 2922 qui
3281 2862 3522 2923 tempore

1946 2948 2252 3009 defecerat,
2303 2948 2714 3008 instaurarunt,
2767 2961 2828 2999 ac
2883 2944 3199 3000 facultatem
3263 2945 3317 2998 in
3359 2947 3524 3013 regiis

1945 3041 2152 3094 aedibus
2189 3039 2403 3094 dicendi
2442 3049 2856 3094 concesserunt.
2899 3037 2980 3093 Tu
3028 3047 3086 3094 ut
3130 3039 3436 3110 promptius
3465 3051 3521 3093 et

1947 3130 2187 3185 alacrius
2220 3131 2405 3184 dicere
2439 3131 2620 3194 liceat,
2654 3130 2833 3199 posito
2859 3130 2971 3199 jam
3014 3130 3390 3195 fundamento,
3427 3147 3522 3186 su-

1950 3220 2276 3290 pt-rzedilica.
2322 3226 2389 3274 At
2433 3235 2562 3274 vero
2601 3234 2703 3289 ego
2736 3220 2957 3290 quidem
2980 3258 2996 3282 ,
3038 3235 3072 3274 ο
3103 3224 3285 3289 pueri,
3322 3222 3522 3275 debita:

1952 3311 2262 3379 imperatori
2292 3317 2484 3363 nostro
2515 3309 2705 3364 faustaa
2735 3310 3065 3378 precationis
3108 3325 3172 3364 ac
3204 3313 3380 3368 laudis
3405 3315 3523 3368 tela:

269 3400 374 3466 τὴν
396 3398 590 3471 τέχνην
619 3401 748 3470 ὑμῖν
780 3403 1097 3474 παρέδωκα,
1127 3406 1212 3460 ἶνα
1268 3408 1658 3478 ποικιλώτερος
1686 3410 1714 3462 ό
1743 3408 1841 3460 πέ-
1875 3388 1916 3444 C
1949 3422 1958 3454 ε

1830 3388 1916 3448 .C
1949 3415 2160 3456 stamen
2205 3402 2316 3470 jam
2357 3402 2538 3471 posui.
2593 3399 2701 3456 Vos
2752 3401 3072 3472 subtegmen
3118 3403 3358 3474 adjicite.
3411 3408 3519 3477 Ego

273 3487 408 3552 πλος
439 3491 531 3544 καὶ
558 3491 879 3564 τελεώτερος
910 3495 1154 3564 γένηται.

1953 3494 2108 3548 vobis
2140 3503 2308 3546 artem
2341 3493 2663 3559 monstravi,
2695 3509 2802 3563 qua
2829 3493 3135 3565 elegantius
3162 3495 3303 3565 picta
3353 3505 3520 3568 atque

1955 3585 2244 3656 perfectior
2276 3584 2382 3640 tela
2417 3583 2528 3642 fiat.
