4276 6436
232 405 341 465 31'!

1309 411 1699 473 EPISTOIAZ
1739 414 1840 473 XX
1876 414 1977 476 EX
2009 417 2171 480 COD.
2210 419 2450 482 VATIC.

3389 427 3494 492 318

236 521 400 584 λόγον
455 517 761 588 γινόμενον,
815 519 900 572 ἵνα
959 521 1125 590 μηδὲν
1184 523 1367 585 αὐτοῖς
1421 524 1727 595 ἀτόλμητον
1774 524 1831 597 ᾖ,
1864 534 1903 589 Α

1817 568 1831 589 ,
1864 534 1903 589 Α
1937 544 2097 598 quam
2128 530 2573 589 advocationibus
2605 534 2722 590 suis
2766 535 3035 605 gaudent,
3070 536 3233 593 veluti
3273 539 3319 595 si
3355 556 3495 611 pra:-

233 609 377 677 μηδὲ
406 608 507 675 τῆς
556 610 794 678 ποίμνης
840 612 1261 681 κεραῖζομένης,
1313 614 1489 683 et:th
1536 616 1565 667 ό
1618 616 1822 687 ποιμὴν

226 698 648 751 καταλείποιτο·
689 699 805 752 ἀλλ’
832 700 941 769 avi)
970 702 1179 770 κειραλὴ
1229 704 1367 773 πρὸς
1398 706 1458 756 τὸ
1484 707 1643 775 σῶμα
1675 723 1818 772 γνω-

227 789 460 859 ρίζοιτο,
496 790 598 843 οὐκ
639 792 705 843 ὲκ
746 791 841 845 τοῦ
875 793 1326 847 συναισθάνεσθαι
1367 795 1525 863 μόνον
1570 798 1662 850 τοῦ
1711 797 1822 849 τῶν

223 878 434 932 λοιπῶν
456 882 632 950 μελῶν
663 882 883 948 ἄλγους.
915 883 1049 936 ἀλλᾶ
1080 887 1189 951 γὰρ
1210 885 1305 937 καὶ
1338 887 1401 938 ὲκ
1439 885 1533 939 τοῦ
1564 888 1685 957 μηδ’
1711 888 1810 939 αὖ·

224 974 323 1024 τὸν
349 974 599 1044 ἀμοιρεῖν
632 974 1003 1041 κατάγματος,
1042 974 1118 1035 ὡς
1158 973 1225 1028 ειν
1276 976 1371 1028 καὶ
1418 976 1578 1047 διπλῇ
1624 977 1809 1046 πάσχῃ

228 1060 317 1125 οἷς
378 1079 441 1115 τε
489 1063 559 1115 τὰ
605 1062 714 1115 τῶν
739 1064 911 1118 ἄλλων
940 1063 1257 1131 ἀναδέχεται
1308 1063 1395 1117 διὰ
1448 1066 1548 1133 τὴν
1599 1066 1820 1134 συμπά-

225 1153 410 1212 θειαν,
464 1154 559 1205 mi.
617 1146 697 1215 οἷς
734 1152 870 1220 αὑτὴ
922 1152 1134 1221 δέχεται
1188 1155 1287 1222 τὴν
1334 1156 1659 1224 ὲμπάθειαν.
1722 1157 1821 1209 Διὰ

224 1244 419 1296 ταῦτα
476 1243 590 1311 ἐγὼ
648 1243 856 1306 κλαίω,
919 1246 1082 1315 φησιν
1124 1244 1412 1316 Ἱερεμίας,
1468 1246 1555 1301 διὰ
1618 1249 1815 1310 ταῦτα,

224 1332 305 1392 ὡς
334 1332 445 1386 οὐδ’
471 1334 633 1397 αὐτὸς
658 1334 895 1401 ἀγνοεῖς,
927 1333 1195 1402 ἐγενόμην
1248 1352 1329 1388 σοι
1360 1336 1575 1399 suam.
1604 1338 1681 1389 Οὐ
1707 1335 1817 1405 γὰρ

224 1423 404 1485 οἶτως
434 1423 546 1488 ἐγὼ
580 1424 972 1492 μεγαλόψυχος,
1022 1425 1162 1477 ὥστε
1205 1425 1504 1495 τηλικαῦτα
1542 1426 1681 1496 βάρη
1718 1429 1817 1496 ρᾳυ·

223 1516 355 1576 δ’ως
404 1516 819 1583 ἀποσειόμενος,
862 1518 1108 1586 εὐφόρως
1187 1516 1331 1587 ἔχειν
1377 1520 1511 1589 πρὸς
1556 1520 1624 1571 τὰ
1670 1519 1807 1573 καθ-

227 1603 461 1670 ήκοντα.
500 1604 639 1657 Ἀλλ’
668 1605 945 1674 ὁμολογεῖς
975 1606 1089 1675 (12)
1132 1606 1224 1660 τοῦ
1257 1608 1367 1659 τῶν
1399 1608 1583 1661 κακῶν
1615 1608 1819 1662 τούτων

227 1690 402 1759 ὕψους
447 1693 699 1746 ἵστασθαι
753 1694 1162 1762 ταπεινότερος·
1217 1696 1291 1767 μὴ
1352 1698 1518 1751 λίθων
1568 1700 1720 1767 ἰσχὺς
1776 1699 1809 1768 ἡ

228 1782 388 1850 ἰσχύς
430 1800 569 1851 μους
606 1782 987 1853 Ταλαίπωρος
1007 1786 1121 1853 ἐγὼ
1153 1787 1483 1855 ἅνθρωπος,
1517 1791 1613 1844 καὶ
1642 1790 1818 1845 ἐκτα-

227 1876 355 1939 uel;
393 1874 512 1941 τὴν
538 1874 750 1943 ψυχὴν
779 1876 858 1940 ὡς
885 1876 1135 1944 ἀράχνῃ,
1171 1879 1266 1930 καὶ
1307 1879 1561 1948 δεόμενος
1600 1882 1805 1950 ἀναψύ-
1839 1880 1880 1935 Β

226 1964 392 2027 ξεως.
456 1965 557 2017 Διὰ
598 1965 772 2019 ταῦτα
818 1966 979 2019 πάλιν
1037 1968 1136 2031 τὰς
1169 1968 1363 2033 ὠδίνας
1419 1973 1521 2040 τῆς
1560 1972 1807 2042 γλώττης

226 2053 418 2117 ἔλυσα,
468 2054 744 2118 πεποιθὼς
774 2055 849 2118 ὡς
886 2058 987 2110 οὐκ
1015 2058 1210 2128 ἀπὼσῃ
1266 2059 1393 2122 τοὺς
1441 2060 1631 2128 λόγους
1677 2062 1806 2125 τοὺς

228 2144 443 2209 βιαίους
468 2144 601 2213 (f3),
635 2144 710 2208 ὡς
728 2143 906 2209 οἶσθα,
931 2148 1270 2216 σιγήσαντος.
1298 2148 1462 2211 Εἰδὼς
1490 2151 1546 2203 δὲ
1569 2150 1644 2214 ὡς
1663 2152 1809 2221 ῥᾴων

224 2236 255 2289 ε
291 2254 425 2305 ομαι
449 2238 536 2291 διὰ
551 2239 649 2307 τῆς
666 2238 740 2301 ὡς
763 2239 936 2293 ἔνεστι
952 2239 1059 2292 τῶν
1078 2240 1430 2311 ἐνοχλούντων
1444 2243 1574 2312 ἡμῖν
1596 2242 1811 2311 ἐξερεύ-

228 2324 389 2387 ξίυς.
420 2327 482 2379 τὸ
511 2326 763 2395 μέγιστον
791 2329 866 2390 ὼς
911 2328 1215 2399 λυθήσομαι
1252 2329 1458 2384 τούτων
1488 2332 1605 2394 σαῖς
1624 2332 1809 2399 ἁγίαις

225 2417 441 2482 εὖχαῖς,
492 2418 525 2489 ᾗ
572 2418 936 2490 μετριώτερον
987 2421 1411 2491 πειραθήσομαι,
1459 2420 1492 2491 ἢ
1534 2422 1813 2493 καρτερῶς

225 2507 418 2576 ᾳέρειν
433 2508 907 2580 δυναμωθήσομαι.
932 2512 1021 2581 Μὴ
1041 2512 1131 2564 οὖν
1150 2513 1427 2584 ἀμελήσῃς
1440 2512 1548 2565 τῶν
1571 2513 1706 2582 πρὸς
1722 2513 1813 2565 τὸν

223 2598 434 2663 ἀγαθὸν
459 2598 733 2671 Δεσπότην
759 2602 1271 2673 δυσωπητικὼτερον
1310 2602 1621 2669 ἐντεύξεων,
1651 2602 1813 2669 γινώ-

228 2703 402 2753 σκων,
424 2688 454 2740 δ
478 2690 569 2741 καὶ
599 2690 745 2759 ἡμᾶς
765 2691 1055 2755 διδάσκεις,
1087 2693 1162 2755 ὡς
1186 2692 1279 2746 καὶ
1301 2695 1412 2756 τοῖς
1445 2692 1811 2763 κακουμένοις

229 2780 332 2843 μὲν
363 2780 528 2849 χαριῇ
560 2780 789 2848 μεγάλα,
820 2783 929 2843 τοῖς
949 2781 1005 2833 δὲ
1027 2781 1257 2836 κακοΰσι
1292 2784 1360 2837 τὰ
1392 2784 1632 2851 μείζονα,
1655 2783 1813 2851 εἴπερ

224 2868 462 2930 ἐκείνοις
497 2870 695 2937 μείζων
736 2872 800 2923 ἐκ
827 2872 924 2939 τῆς
976 2871 1188 2933 ἀδικίας
1226 2873 1260 2942 ἡ
1289 2873 1479 2944 βλάϐη,
1533 2873 1613 2937 si;
1638 2872 1815 2941 ψυχὰς

224 2960 683 3026 ἀποσκήπτουσα.
755 2961 863 3012 Καὶ
904 2961 1132 3029 θατέρου
1183 2962 1281 3030 μὲν
1308 2961 1401 3015 οὖν
1432 2963 1811 3032 ὠφελουμένου

229 3052 425 3119 μέρου,
456 3052 670 3121 ἕτοιμος
717 3053 744 3104 ὁ
770 3054 1041 3123 Δεσπότης
1068 3055 1127 3106 τό
1153 3055 1353 3121 ἀγαθὸν
1380 3056 1810 3124 ἐξεργάσασθαι*

226 3140 361 3191 ἔνθα
418 3140 465 3193 δ’
504 3143 748 3212 ἑκατέρῳ
807 3144 900 3196 καὶ
948 3143 1179 3211 μάλιστα
1206 3144 1434 3213 ψυχικὸν
1491 3147 1551 3199 τὸ
1604 3146 1810 3214 κέρδος,

228 3233 356 3295 πῶς
402 3235 465 3286 οὐ
510 3238 718 3299 πάντας
764 3237 861 3305 μὲν
900 3240 1109 3307 κινήσει
1151 3238 1364 3305 λόγους,
1400 3241 1580 3292 πᾶσαν
1604 3240 1651 3292 δ’
1679 3240 1813 3291 ἀνα-

228 3326 406 3377 σεέσει
435 3326 527 3378 τοῦ
557 3327 743 3389 ἐλέους
765 3328 1065 3397 ἱκετηρίαν,
1090 3326 1227 3382 ὥστε
1254 3329 1477 3400 χεθῆναι
1507 3330 1567 3382 τὸ
1589 3329 1817 3395 ἀγαθὸν,

229 3418 332 3468 καὶ
360 3416 575 3469 ὁδεῦσαι
606 3418 734 3470 ἔνθα
760 3419 976 3473 πλείονα
1003 3420 1072 3474 τὰ
1106 3421 1571 3491 εὐεργετούμενα;
1629 3422 1818 3475 Ταῦτά

229 3521 343 3565 σοι,
371 3500 417 3557 ὧ
449 3507 542 3559 τοῦ
565 3508 879 3576 Πνεύματος
908 3511 1067 3576 σοφὸν
1092 3512 1185 3564 καὶ
1211 3511 1449 3580 καθαρὸν
1477 3512 1672 3580 οἰκητή
1682 3529 1815 3579 ριον»

225 3597 527 3665 ἐπιστολῆς
560 3598 661 3665 μὲν
732 3600 862 3661 ἴσως
894 3600 1085 3668 μείζω,
1137 3602 1441 3671 τραγῳδίας
1497 3602 1551 3653 δὲ
1586 3601 1815 3664 ἐλάττω,

222 3684 344 3737 τῶν
376 3686 434 3738 δὶ
468 3687 812 3756 πραγμάτων
844 3690 951 3741 οὐδ’
984 3690 1132 3743 ἐστιν
1169 3693 1341 3744 εἰπεῖν
1388 3691 1513 3743 ὅσον
1566 3691 1811 3762 ὕστερον.

223 3774 355 3842 Δῴη
389 3774 446 3826 δὲ
479 3774 681 3845 Κύριος
734 3778 765 3845 ἢ
793 3778 1287 3847 περιαιρεθῆναι,ἢ
1329 3781 1810 3849 περικερασθῆναι,

225 3862 263 3931 ἦ
309 3865 442 3931 ἡμῖν
470 3864 810 3935 ὲνόρωςιη)
841 3867 1148 3936 ποθῆναετὸ
1175 3868 1274 3935 τῆς
1296 3870 1520 3937 πικρίας
1548 3870 1815 3938 ποτήριον

227 3953 357 4013 ταῖς
403 3954 521 4015 σαῖς
586 3954 728 4023 ὑπὲρ
780 3956 997 4011 πάντων
1044 3958 1380 4025 πρεσϐείαις,
1436 3959 1667 4026 πανάγιε
1734 3958 1819 4010 δέ·

228 4056 267 4091 σ
280 4056 433 4093 ποτα.

1930 620 2093 670 mium
2121 619 2341 687 aliquod
2371 621 2685 676 certaminis
2736 634 2880 678 esset
2908 625 3016 679 illis
3046 629 3408 695 propositum,
3442 632 3492 686 si

1929 711 2046 768 post
2083 718 2304 758 eversas
2335 720 2422 760 res
2455 707 2879 772 ecclesiasticas,
2917 712 3067 779 ipsos
3100 714 3264 768 etiam
3301 718 3493 783 praesi—

1930 790 2027 843 des
2066 793 2395 861 expilarent.
2428 796 2483 849 ln
2519 797 2622 849 hoc
2654 798 2829 852 solum
2863 800 3097 857 fortasse
3126 814 3495 861 consentanea

1927 882 2029 950 ipsi
2062 899 2121 937 se
2152 893 2370 951 gerunt,
2406 895 2464 939 ut
2492 889 2626 943 niltil
2655 904 2847 944 ausum
2881 893 2950 946 ab
2976 892 3111 960 ipsis
3140 910 3246 950 non
3278 897 3369 959 sit,
3402 913 3491 959 ne,

1926 976 2142 1043 direpto
2173 992 2333 1045 grege
2355 1018 2370 1038 .
2406 987 2597 1046 pastor
2633 980 3003 1049 impercussus
3041 999 3353 1047 remaneat;
3396 989 3492 1042 sed

1925 1080 2091 1119 unum
2137 1082 2261 1122 cum
2309 1085 2539 1139 corpore
2592 1086 2694 1126 suo
2745 1084 2907 1141 caput
2953 1090 3075 1131 esse
3118 1078 3493 1147 dignoscatur,

1912 1169 2029 1229 non
2061 1170 2125 1209 ex
2159 1171 2227 1210 eo
2256 1159 2433 1212 solum
2460 1159 2605 1226 quod
2643 1161 2974 1229 reliquorum
3008 1166 3207 1217 sentiat
3241 1167 3487 1221 dolorem

1924 1249 2325 1312 membrorum;
2353 1250 2447 1303 sed
2473 1264 2535 1303 ex
2560 1266 2625 1305 eo
2646 1254 2809 1305 etiam
2831 1253 2976 1322 quod
3004 1270 3178 1323 neque
3206 1256 3493 1324 ipsummet

1924 1338 2141 1405 propria
2172 1349 2356 1392 careat
2388 1338 2662 1394 fractura:
2700 1342 2890 1410 sicque
2913 1343 3208 1413 dupliciter
3230 1346 3491 1416 patiatur,

1920 1434 1972 1478 et
2002 1441 2067 1481 ex
2102 1426 2331 1481 aliorum
2367 1430 2590 1485 vulnere
2639 1430 3034 1496 membrorum,
3063 1449 3183 1503 qua:
3221 1435 3273 1488 in
3305 1451 3364 1490 se
3397 1451 3493 1504 per

1921 1518 2359 1585 compassionem
2408 1519 2637 1586 recipit;
2685 1527 2739 1574 et
2784 1521 2854 1573 ob
2895 1536 2989 1586 ea,
3040 1536 3163 1589 quae
3207 1523 3261 1575 in
3311 1524 3491 1591 seipso

1923 1608 2114 1669 recipit
2163 1621 2256 1673 per
2304 1607 2747 1674 impressionem.
2790 1610 3002 1665 Idcirco
3044 1629 3138 1677 ego
3185 1614 3401 1679 plorans
3422 1614 3488 1678 ³³,

1922 1694 1998 1743 ait
2027 1688 2295 1745 Jeremias
2324 1709 2337 1746 ε
2375 1702 2425 1746 et
2454 1704 2672 1761 propter
2703 1695 2843 1749 lianc
2862 1711 2965 1764 ego
2997 1712 3241 1761 causam,
3268 1698 3411 1767 quod
3440 1709 3493 1752 et

1919 1789 1975 1834 tu
2018 1783 2195 1846 nosi,
2245 1782 2421 1835 factus
2470 1797 2593 1837 sum
2640 1800 2767 1853 erga
2817 1795 2866 1840 te
2916 1795 3138 1842 tuntns:
3190 1804 3298 1841 nun
3343 1790 3486 1842 enim

1913 1873 2025 1941 ipse
2056 1872 2193 1924 adeo
2232 1887 2429 1940 magno
2470 1883 2523 1926 et
2563 1890 2833 1943 generoso
2865 1891 2983 1929 sum
3017 1878 3238 1938 animo.
3282 1885 3343 1929 ut
3380 1886 3488 1930 tam

1909 1960 2147 2028 ingentia
2168 1974 2330 2013 onera
2358 1958 2515 2015 facile
2537 1964 2841 2025 excutiens,
2873 1976 3155 2033 promptus
3184 1965 3253 2018 ad
3306 1966 3489 2020 ofﬁcia

1918 2065 2046 2105 esse
2080 2051 2321 2121 possim;
2356 2052 2451 2105 sed
2492 2051 2665 2105 fateor
2696 2060 2844 2105 tanta
2879 2069 2963 2108 me
2995 2055 3263 2108 malorum
3297 2056 3485 2109 altitu-

1915 2142 2043 2195 dine
2090 2141 2402 2196 inferiorem
2475 2136 2642 2197 esse:
2699 2144 2945 2213 nunquid
2996 2145 3142 2199 enim
3190 2147 3359 2201 silicis
3405 2155 3488 2199 est

1913 2232 2177 2286 fortitudo
2211 2232 2373 2285 mea?
2406 2231 2601 2301 Infelix
2636 2249 2726 2301 ego
2760 2235 2913 2288 homo
2937 2234 2980 2267 “
3015 2237 3027 2288 !
3084 2234 3322 2288 Tabescit
3350 2238 3485 2289 sicut

1916 2339 2115 2375 aranea
2168 2324 2351 2375 anima
2410 2339 2523 2376 mea
2555 2323 2625 2387 ",
2688 2332 2743 2378 et
2800 2338 2965 2392 egens
3019 2340 3138 2378 sum
3194 2325 3481 2394 refrigerii.

1915 2412 2205 2481 Propterea
2240 2428 2433 2468 rursus
2460 2415 2659 2484 lingua:
2702 2430 2833 2467 meae
2869 2416 3082 2470 vincula
3123 2416 3283 2481 solvi,
3315 2417 3486 2470 conli-

1916 2504 2048 2559 dens
2083 2504 2217 2568 fore,
2263 2516 2320 2559 ut
2368 2520 2651 2561 sermones
2702 2522 2851 2561 meos
2904 2523 3009 2561 non
3055 2510 3332 2575 repellas:
3378 2522 3485 2561 non

1916 2596 2059 2648 enim
2110 2605 2339 2663 sponte,
2391 2596 2486 2649 sed
2533 2595 2583 2648 vi
2633 2610 2846 2648 summa
2888 2597 3239 2663 praepeditus,
3282 2604 3337 2648 ιιι
3374 2595 3484 2663 jam

1932 2686 2098 2749 nosti,
2146 2685 2425 2753 hucusque
2451 2685 2712 2738 conticui.
2757 2686 2989 2739 Aliunde
3027 2701 3153 2739 vero
3204 2688 3350 2749 scio,
3399 2700 3487 2737 me

1916 2774 2091 2826 levius
2126 2772 2458 2834 habiturum,
2496 2773 2541 2825 si
2569 2786 2630 2823 ea
2673 2787 2791 2838 qua:
2825 2787 2910 2825 tne
2953 2774 3282 2834 conturbant
3327 2786 3484 2839 eges-

1919 2878 2075 2926 scro;
2108 2872 2184 2925 et,
2213 2862 2358 2930 quod
2388 2863 2682 2914 maximum
2716 2870 2821 2925 est,
2854 2865 3061 2917 sanctis
3089 2865 3196 2917 tuis
3232 2864 3485 2929 precibus

1924 2969 2007 3007 me
2038 2953 2119 3007 vel
2151 2954 2308 3006 malis
2340 2953 2459 3005 istis
2491 2954 2706 3020 penitus
2736 2954 3147 3014 exsolvendum,
3182 2954 3266 3006 vel
3307 2954 3485 3005 minus

1922 3045 2237 3099 tentandum
2273 3045 2424 3109 fore;
2460 3055 2552 3098 aut
2579 3047 2769 3098 saltem
2806 3046 2876 3097 ita
2911 3045 3398 3109 corroborandnm,
3426 3054 3485 3096 ut

1922 3138 1987 3188 ad
2028 3152 2089 3187 ea
2136 3135 2351 3188 fortiter
2393 3134 2713 3199 perferenda
2747 3136 2973 3188 idoneus
3008 3137 3185 3203 magis
3229 3138 3370 3188 liam.
3409 3134 3485 3187 Ne

1919 3227 2086 3293 igitur
2120 3227 2384 3294 negligas,
2421 3224 2761 3277 efﬁcaciores
2797 3226 2862 3277 ad
2897 3226 3161 3294 optimum
3198 3225 3481 3276 Dominum

1919 3317 2195 3371 orationes
2222 3323 2343 3369 tuas
2376 3315 2690 3369 effundere:
2727 3316 2868 3368 nosti
2902 3315 3045 3368 enim
3088 3320 3265 3383 (quod
3302 3323 3356 3367 et
3386 3329 3483 3367 nos

1921 3410 2113 3475 doces)
2148 3408 2250 3460 bac
2289 3417 2341 3460 te
2376 3407 2587 3460 ratione
2615 3413 2668 3459 et
2701 3406 2845 3458 laesis
2880 3405 3205 3459 beneﬁcium
3239 3405 3483 3457 collatu-

1919 3514 2038 3552 rum
2088 3507 2139 3551 te
2190 3496 2521 3554 maximum:
2569 3506 2623 3551 et
2674 3496 2995 3550 lardentibus
3039 3496 3216 3550 adhuc
3269 3496 3480 3560 majus:

1920 3604 2044 3642 nam
2079 3589 2165 3644 isti
2209 3589 2369 3657 565
2413 3589 2485 3641 ob
2535 3588 2859 3654 iniustitiam
2893 3588 3133 3655 majore.
3179 3587 3376 3655 quippe
3414 3586 3481 3637 ad

1921 3680 2133 3734 animas
2166 3689 2467 3747 spectante,
2500 3677 2815 3732 afﬁciuntur
2840 3679 3060 3732 damno.
3094 3680 3155 3732 Et
3181 3680 3397 3747 quidem
3432 3679 3481 3733 si

1921 3772 1989 3825 de
2050 3772 2214 3824 unius
2268 3779 2477 3823 tantum
2540 3771 2713 3839 partis
2777 3772 3144 3824 emolumento
3198 3782 3476 3840 ageretur.

1922 3870 2204 3933 promptus
2238 3862 2373 3915 foret
2404 3860 2663 3915 Dominus
2695 3876 2847 3915 meus
2873 3864 2939 3914 ad
2969 3863 3019 3915 id
3053 3862 3475 3929 perficiendum:

1921 3968 2045 4006 cum
2078 3966 2208 4006 vero
2235 3952 2451 4020 utrique
2486 3953 2625 4021 parti
2658 3968 2910 4019 magnum
2950 3962 3001 4004 et
3039 3954 3336 4021 prmsertim
3367 3954 3479 4021 spi-

1935 4042 2161 4107 rituale,
2209 4044 2571 4096 obventurum
2625 4052 2707 4098 est
2759 4044 3002 4109 lucrum;
3055 4044 3326 4113 quomodo
3369 4058 3477 4098 non

229 4146 430 4186 omnes
464 4132 703 4188 excutiat
742 4134 982 4188 rationes
1004 4173 1019 4197 ,
1048 4148 1345 4204 omnesque
1373 4152 1479 4191 non
1524 4136 1784 4197 insumat,
1818 4132 2022 4201 quibus
2045 4130 2447 4185 commiseratio
2473 4132 2548 4183 uti
2574 4140 2768 4200 potest,
2797 4133 3053 4200 precandi
3100 4133 3386 4197 formulas,
3419 4145 3476 4187 ut

229 4223 576 4277 diffundatur
617 4226 850 4287 bonum,
883 4233 940 4278 et
978 4239 1044 4281 eo
1071 4241 1247 4295 usque
1275 4227 1679 4296 progrediatur,
1744 4224 1835 4279 ubi
1878 4221 2095 4291 plurimi
2139 4220 2404 4275 beneﬁcio
2444 4221 2715 4276 afliciendi
2766 4233 2913 4279 sunt.
2965 4222 3087 4277 Haec
3139 4240 3268 4279 vero
3330 4226 3473 4279 dicta

231 4320 350 4373 sint
380 4316 500 4379 tibi,
527 4331 559 4371 ο
586 4319 827 4386 sapiens.
862 4326 915 4372 et
947 4333 1141 4387 purum
1172 4319 1411 4390 Spiritus
1444 4320 1620 4375 sancti
1699 4318 2074 4373 liabitaCulum
2114 4335 2127 4370 :
2178 4330 2299 4383 qua:
2373 4316 2594 4384 quidem
2642 4317 2885 4385 epistolze
2966 4320 3185 4372 modulo
3242 4318 3476 4372 fortasse

236 4412 372 4455 sunt
415 4407 566 4474 plura
612 4410 891 4477 tragmdiae
931 4426 1059 4465 vero
1085 4412 1380 4479 pauciora;
1421 4413 1585 4466 rebus
1619 4419 1802 4464 autem
1844 4410 1998 4477 ipsis,
2028 4407 2170 4462 haud
2200 4406 2309 4460 dici
2343 4414 2539 4475 potest,
2571 4420 2836 4476 quantum
2870 4409 3149 4462 inferiora.
3213 4409 3285 4462 Dc
3349 4410 3475 4464 reli-

236 4511 352 4561 quo
396 4497 486 4549 det
529 4499 787 4553 Dominus
833 4500 939 4553 tuis
994 4502 1280 4568 precibus,
1332 4502 1677 4556 sanctissime
1708 4499 1968 4561 domine,
2000 4505 2057 4549 ut
2083 4497 2167 4551 vel
2192 4497 2419 4550 omnino
2454 4497 2691 4560 tollatur,
2761 4509 2856 4551 aut
2926 4501 3116 4551 saltem
3210 4510 3473 4570 tempere-

233 4597 348 4650 tur,
384 4587 467 4639 rel
509 4587 725 4643 demum
766 4590 981 4644 facilius
1022 4605 1051 4642 a
1095 4592 1255 4644 nobis
1292 4593 1544 4645 ebibatur
1587 4604 1809 4643 amarus
1847 4587 2117 4659 passionis
2146 4588 2308 4641 calix.

725 4680 799 4733 E’.
821 4711 888 4721 -
912 4681 999 4745 Τῷ
1040 4683 1311 4751 Ῥωμαίῳ.

320 4762 747 4834 Ἐκκεκὼφηκᾶς
779 4785 868 4836 μοι
890 4768 956 4819 τὰ
976 4762 1111 4833 ὦτα,
1141 4773 1169 4822 ό
1189 4772 1350 4833 καλὸς
1367 4771 1638 4839 Ἰωάννης,
1668 4769 1809 4838 λαμ-

234 4855 477 4923 πρότατε
525 4872 614 4923 μοι
638 4858 695 4908 ὲν
753 4858 943 4927 Κυρίῳ
1002 4858 1108 4924 υἱὲ,
1171 4862 1307 4927 μετὰ
1362 4861 1567 4929 κρότων
1623 4860 1695 4910 τὰ
1744 4858 1809 4910 σὰ

234 4944 614 5012 διηγούμενος.
644 4946 711 4997 Ὀ
746 4962 797 4999 τι
836 4947 933 5016 μὲν
966 4948 1075 5019 γὰρ
1114 4948 1261 5018 αὑτῷ
1298 4950 1459 5001 καλὸν
1493 4948 1807 5013 ἐπιδείξαιο,

234 5030 301 5080 οὐ
334 5030 478 5082 πάνυ
506 5047 559 5081 τι
590 5031 773 5098 σαφῶς
825 5033 981 5103 ἴσημι
1010 5050 1026 5066 ·
1049 5036 1096 5086 oi
1121 5034 1164 5086 δ’
1205 5034 1297 5086 οὖν
1326 5036 1514 5088 τούτου
1549 5035 1693 5101 λόγοι
1726 5052 1811 5086 νε-

238 5118 411 5185 ιέέλην
444 5118 660 5189 ἐκείνην
700 5138 759 5173 σε
802 5122 1013 5174 ποιοῦσι
1055 5124 1156 5193 τὴν
1201 5123 1421 5187 Ῥοδίοις
1448 5125 1647 5192 χρυσόν
1676 5140 1804 5175 ποτε

240 5208 545 5273 {conserv
583 5210 709 5263 ὥστ’
742 5212 789 5262 εί
820 5214 894 5279 μὴ
925 5213 1125 5282 σφόδρα
1156 5212 1302 5283 ᾔδειν
1336 5214 1679 5280 πεπνυμένον
1709 5213 1803 5266 καὶ

234 5296 327 5349 δια
355 5296 511 5348 τοῦτο
538 5296 729 5365 ψεῦδος
758 5300 818 5351 οὐ
849 5299 1091 5367 λέγοντα,
1125 5303 1224 5354 οὐκ
1268 5304 1334 5355 ἂν
1376 5302 1713 5355 ἐνεδεδώκειν
1736 5306 1798 5371 τῇ

235 5387 347 5438 τῶν
388 5388 623 5440 ἐπαίνων
663 5390 975 5459 καινότητι·
1018 5392 1403 5464 ὑπερϐαίνουσι
1433 5393 1541 5462 γὰρ
1573 5392 1665 5446 τοῦ
1708 5393 1801 5446 νῦν

2468 4675 2534 4730 V.
2564 4706 2632 4718 -—
2666 4675 2919 4732 Romano.

1988 4764 2195 4820 Surdas
2221 4780 2356 4834 pene
2380 4765 2515 4818 mihi
2546 4780 2707 4819 aures
2760 4764 2966 4830 fecisti,
2996 4765 3368 4821 illustrissime
3397 4768 3468 4820 mi

1915 4855 1969 4912 in
2001 4854 2232 4908 Domino
2264 4854 2358 4919 ﬁli,
2389 4856 2534 4908 velut
2564 4855 2741 4909 bonus
2762 4853 3020 4922 Joannes,
3047 4865 3134 4909 tua
3159 4857 3321 4910 tantis
3346 4872 3468 4910 cum

1916 4943 2197 5009 plausibus
2243 4943 2375 4995 mihi
2434 4942 2724 4999 enarratis.
2768 4943 2874 4999 Sed
2920 4959 2988 4999 an
3037 4945 3245 5000 idcirco
3270 4944 3468 4997 bonum

1915 5041 1967 5084 te
2000 5032 2480 5093 demonstraveris,
2527 5048 2628 5100 ego
2671 5042 2890 5101 quidem
2920 5036 3191 5087 afﬁrmare
3226 5048 3333 5086 non
3366 5048 3466 5085 au-

1913 5119 2055 5182 sim;
2094 5121 2173 5172 tui
2212 5136 2443 5189 namque
2488 5122 2595 5176 hac
2624 5124 2693 5177 dc
2745 5138 2804 5178 re
2856 5138 3139 5177 sermones
3186 5124 3383 5175 nubem
3418 5131 3469 5176 te

1911 5210 2055 5263 illam
2093 5210 2316 5277 iaciunt,
2342 5227 2461 5279 qua:
2507 5211 2734 5267 Rhodiis
2758 5227 2951 5266 aurum
2989 5214 3118 5267 olim
3157 5214 3465 5282 depluebat.

1908 5303 2086 5367 Quare
2106 5306 2152 5358 si
2172 5320 2269 5375 ego
2284 5307 2535 5360 eximiam
2554 5316 2703 5362 tuam
2723 5323 2828 5362 non
2854 5322 3073 5378 nossem
3094 5305 3464 5376 prudentiam,

1911 5404 2071 5462 teque
2102 5398 2238 5451 adeo
2290 5411 2320 5449 a
2360 5400 2679 5454 mentiendo
2733 5399 2971 5454 alienum
3020 5396 3310 5462 nescirem;
3356 5408 3465 5448 non

306 5497 361 5531 ⁸³
385 5496 583 5554 Tluen.
620 5514 660 5564 ι,
696 5498 779 5563 16,
855 5499 901 5531 ⁸⁸
932 5499 1089 5559 Rom.
1128 5502 1330 5571 “1,24.
1407 5504 1454 5537 ⁸³
1489 5501 1630 5557 ΡειιΙ.
1662 5519 1889 5568 xxxviii,
1929 5506 2017 5562 l3.

1422 5597 1617 5658 Varia:
1664 5598 1965 5662 lectiones
2007 5610 2068 5662 et
2113 5611 2298 5665 uota).

310 5698 425 5759 (l2)
457 5697 540 5749 Ῐσ.
563 5698 826 5766 ὁμολογῶ.

311 5768 427 5831 (15)
463 5768 549 5820 ἵιν.
583 5767 675 5820 τοῦ
711 5770 918 5836 {modum

1988 5708 2099 5777 (lii)
2124 5708 2213 5764 ΐσ.
2255 5709 2519 5778 εὐφόρως.
