4276 6436
779 386 889 453 319

1695 376 2277 437 TIIEOPHYLACTI
2303 375 2716 437 BULGARUE
2748 375 3101 437 ARCHIEP.

3918 376 4034 439 320

781 483 1439 556 utiquelaudumtuarum
1465 484 1758 539 novitatem
1779 484 2120 542 admisissem
2151 504 2165 541 :
2191 501 2351 543 exce-
2381 493 2431 550 Α
2460 502 2470 518 ‘

2346 516 2351 526 -
2381 493 2431 550 Α
2460 485 2669 554 γένους,
2718 486 2818 538 οὐκ
2850 483 2965 538 οἶδα
3005 485 3252 553 πότερον,
3286 484 3534 556 σιδηρέου
3567 485 3755 555 φαίην,
3804 485 3837 555 ἢ
3869 502 4035 555 κερα-

776 583 913 635 dunt
951 582 1097 635 enim
1152 577 1434 649 praesentis
1479 578 1677 642 aetatis,
1704 577 1849 631 haud
1886 578 2004 633 scio
2036 594 2107 632 an
2156 578 2349 635 ferrea:

2460 573 2595 643 μέθυ
2630 571 2961 641 ἀγαοότητα.
3012 570 3183 624 Πόθεν
3212 567 3305 624 οὖν
3333 574 3463 641 ἡμῖν
3495 571 3735 634 τοιοῦτος
3766 573 4041 643 ἀνεφάνης

782 671 964 725 dicam
1002 671 1085 725 vel
1107 678 1361 724 testacea:
1388 669 1704 723 bonitatem.
1734 666 1891 722 Unde
1916 669 2083 739 igitur
2103 679 2159 723 tu
2191 672 2351 728 nobis
2459 664 2471 715 ἒ

2459 664 2518 715 ἐν
2566 666 2632 734 τῇ
2679 662 2925 733 παρούσῃ
2974 663 3131 716 νυκτὶ
3181 666 3278 732 τῆς
3324 662 3520 726 κακίας
3563 664 3738 733 ἀστὴρ
3783 664 4040 733 ἀρίζηλος

787 762 1087 830 apparuisti
1122 761 1176 815 in
1210 762 1493 830 praesentis
1529 760 1846 816 vitiositatis
1882 769 2043 816 nocte
2079 762 2233 816 stella
2268 764 2354 817 in-

786 850 959 918 signis
983 848 1136 915 juxta
1160 848 1374 902 Pindari
1409 848 1685 916 pltrasitn?
1716 848 1891 914 Unde,
1915 866 1948 904 ο
1972 850 2129 905 beate
2151 849 2355 906 ?Solve

784 938 1146 992 dubitationis
1176 953 1307 991 mea:
1341 938 1582 993 vincula.
1609 937 1716 992 Sed
1758 938 1811 991 in
1849 949 2103 1008 promptu
2145 948 2230 994 est
2264 955 2357 995 so-

790 1028 946 1082 lutio.
992 1029 1214 1083 Scilicet
1258 1029 1347 1082 illa
1412 1028 1748 1083 benefactrix
1781 1029 2061 1083 hominum
2110 1031 2358 1099 philoso-

790 1121 941 1185 phia.
994 1135 1115 1189 quae
1171 1120 1334 1174 etiam
1405 1120 1689 1189 pecuinos,
1726 1119 2038 1189 [crinesque
2094 1122 2357 1176 humanat

794 1209 1071 1273 homines,
1099 1227 1206 1266 non
1240 1214 1423 1265 minus
1456 1225 1520 1265 ac
1553 1211 1729 1275 Circe,
1766 1228 1889 1267 cum
1932 1213 2148 1284 Ulyssis
2179 1213 2361 1268 socios

792 1314 862 1354 ex
906 1303 1120 1367 suibus,
1163 1305 1384 1373 pr0prio
1437 1303 1636 1374 cuique
1681 1304 1879 1359 collato
1933 1303 2246 1373 pharmace,
2294 1305 2363 1360 ad

796 1391 1095 1443 humanum
1141 1400 1343 1445 statum
1390 1392 1664 1458 restituit;
1696 1393 2060 1463 philosophia,
2113 1396 2361 1464 inquam,

798 1488 861 1531 ut
894 1483 1132 1536 humana
1162 1491 1248 1537 est
1270 1498 1335 1537 ac
1360 1484 1611 1552 benigna,
1642 1484 1782 1537 hanc
1812 1485 1909 1538 tibi
1938 1487 2087 1541 intus
2109 1486 2366 1543 formavit

798 1569 1203 1634 habitudinem,
1237 1579 1291 1626 et
1314 1573 1591 1627 cmlestem
1642 1575 1880 1643 plantam
1916 1576 1969 1629 in
1999 1576 2181 1631 alieno
2212 1592 2364 1646 agro,

793 1659 948 1728 juxta
1002 1660 1248 1717 Platonis
1293 1664 1369 1717 tui
1419 1665 1647 1727 dictum,
1704 1666 1920 1720 insevit.
1976 1667 2138 1722 Arete
2200 1668 2368 1733 igitur

2462 750 2601 803 κατὰ
2624 751 2885 818 Πίνδαρον
2904 750 3051 821 (15)ξ;
3080 750 3270 813 Πόθεν,
3296 744 3343 802 ὦ
3370 751 3640 821 μακάριε;
3670 752 3842 804 Λῦσον
3856 753 3926 804 τά
3940 753 4042 821 τῆς

2465 842 2698 911 ἀπορίας
2743 841 2940 910 δεσμά.
2974 840 3089 895 Καὶ
3131 840 3237 911 μὴν
3263 842 3498 909 ἐγγύθεν
3544 844 3578 913 ἡ
3610 844 3786 906 λύσις.
3838 844 3901 897 ’11
3932 846 4042 914 γάρ

2464 947 2515 983 τι
2547 930 2568 1002 [
2600 931 2640 1000 f.
2675 931 2781 1002 γάρ
2802 948 2881 985 τοι
2910 930 3059 1002 ]τῶν
3083 932 3388 1002 ἀνθρώπων
3420 932 3702 1004 εὐεργέτις
3731 935 4042 1004 φιλοσοφία,

2467 1022 2501 1092 ἡ
2521 1021 2759 1084 καὶτοὺς
2784 1021 3088 1092 θηριώδεις,
3118 1023 3150 1092 ἢ
3183 1024 3479 1094 κτηνώδεις
3540 1026 4043 1095 ἐξανθρωπίζουσα,

2466 1113 2564 1183 οὐχ
2585 1107 2800 1184 ἦττονῆ
2828 1116 3007 1185 Κίρκη
3030 1114 3125 1167 τοῠ
3143 1116 3443 1180 Ὀδυσσέως
3464 1118 3739 1186 ἑταίρους,
3766 1118 3927 1189 ἡνίκα
3949 1120 4047 1172 καὶ

2472 1206 2535 1258 ἐκ
2558 1204 2690 1259 σιὼν
2714 1208 2827 1275 (16)
2850 1208 3193 1261 ἀποκαθίστα
3217 1208 3350 1280 πρὸς
3371 1209 3434 1262 τὸ
3467 1210 3804 1279 ἀνθρώπινον
3829 1212 4047 1281 ἑκάστῳ

2475 1298 2763 1367 φάρμακον
2799 1298 2926 1353 ἄλλο
2965 1301 3498 1369 προσεπαλείφουσα.
3568 1301 3784 1371 Ἐκείνη
3842 1302 3975 1369 γοῦν
4011 1304 4047 1371 ἡ

2477 1387 2857 1458 φιλάνθρωπος
2890 1388 3146 1457 τοιαύτην
3200 1405 3284 1442 σοι
3318 1391 3417 1460 τὴν
3465 1389 3578 1456 ἕξιν
3622 1390 3909 1454 ἐνέπλασε,
3952 1391 4049 1443 καὶ

2478 1478 2644 1546 φυτὸν
2667 1479 2914 1548 οὐράνιον
2931 1480 2988 1531 ἐν
3012 1479 3274 1549 ἀλλοτρίῳ
3292 1478 3452 1550 χώρῳ
3476 1483 3542 1551 τῇ
3565 1483 3635 1552 γῇ
3656 1480 4048 1549 κατεφύτευσε,

2477 1568 2615 1620 κατὰ
2630 1568 2722 1621 τὸν
2751 1569 2920 1637 αὐτῆς
2944 1570 3037 1622 καὶ
3054 1570 3148 1623 σὺν
3172 1572 3345 1623 εἰπεῖν
3369 1570 3651 1624 Πλάτωνα.
3682 1570 3845 1639 Ἕχου
3870 1571 4051 1623 τοίνυν

2476 1659 2575 1727 τῆς
2603 1658 2957 1730 ἀγαθότητος,
2994 1659 3062 1713 δι’
3092 1655 3159 1731 ἧς
3201 1662 3426 1729 ἐγγίσας
3454 1661 3532 1731 τῷ
3560 1661 3681 1731 Θεῷ
3706 1663 3799 1714 καὶ
3835 1661 4053 1731 οὐρανῷ

802 1752 981 1805 retine
1009 1753 1307 1808 bonitatem
1341 1768 1450 1822 qua
1491 1754 1601 1808 Dco
1640 1757 2072 1827 appropinquas,
2116 1758 2369 1827 caeloque
2405 1825 2431 1827 _
2482 1766 2491 1798 ε

2365 1781 2369 1810 ε
2405 1825 2431 1827 _
2482 1748 2755 1819 στηρίζεις
2782 1750 2948 1820 κάρη,
2989 1751 3093 1803 κᾶν
3125 1752 3218 1804 ἐπὶ
3261 1750 3446 1819 χθονὸς
3477 1751 3660 1821 βαίης.
3688 1751 3858 1805 Τοῦτο
3886 1750 3998 1820 γὰρ
4026 1752 4054 1803 ό

800 1850 967 1909 caput
986 1841 1231 1897 innixum
1252 1853 1433 1908 tenes,
1470 1846 1683 1899 tametsi
1708 1846 1886 1900 adhuc
1907 1825 2003 1915 per
2024 1858 2221 1902 terram
2244 1825 2371 1919 gra-
2404 1825 2443 1879 B
2472 1839 2489 1891 ε

2366 1825 2443 1890 ,Β
2472 1838 2639 1902 ὅντως
2684 1840 2993 1909 φιλόσοφος.
3037 1841 3129 1910 Μὴ
3172 1840 3281 1911 γάρ
3328 1858 3419 1911 μοι
3469 1842 3907 1912 μετεωρολέσχης
3938 1842 4055 1911 ἤτω

800 1926 993 1983 diaris.
1028 1929 1143 1984 Hoc
1171 1932 1314 1985 enim
1340 1943 1425 1987 est
1448 1948 1632 1986 verum
1659 1949 1782 1989 esse
1805 1934 2217 2006 pltilOSOphum.
2248 1937 2369 1992 Non

800 2019 946 2073 enim
976 2020 1077 2075 iste
1110 2023 1242 2077 mihi
1272 2024 1343 2078 de
1380 2026 1545 2082 rebus
1587 2025 1913 2083 sublimibus
1964 2036 2029 2083 ac
2060 2028 2376 2085 coelestibus

801 2120 914 2163 tant
928 2114 1187 2168 ummodo
1202 2125 1431 2185 nugetur
1451 2135 1464 2171 :
1492 2132 1669 2187 neque
1689 2119 1818 2172 tnihi
1847 2118 2139 2173 tostionem
2153 2128 2207 2174 et
2224 2135 2380 2175 assa-

810 2200 1014 2255 tionem
1053 2211 1107 2256 et
1155 2205 1505 2260 alixationem
1533 2208 1787 2277 explicet,
1808 2222 1986 2278 neque
2012 2207 2191 2279 majus
2218 2209 2377 2279 alpha

806 2291 1089 2359 rnaguitice
1114 2293 1305 2363 jactet,
1340 2309 1392 2350 et
1421 2298 1620 2353 deinde
1644 2315 1768 2353 cum
1805 2299 2106 2370 quidquam
2149 2300 2370 2370 operari

804 2391 1046 2450 oportet,
1081 2393 1132 2437 et
1179 2386 1246 2439 ad
1290 2385 1344 2440 id
1394 2389 1750 2455 descendere,
1785 2405 1897 2459 quo
1938 2390 2056 2444 usui
2088 2390 2247 2444 nobis
2275 2398 2381 2458 est,

806 2472 1049 2528 ruditate
1088 2477 1450 2531 transcendat
1478 2479 1560 2533 vel
1597 2480 1747 2532 illum
1789 2480 1918 2534 olim
1962 2480 2381 2537 Atheniensium

804 2573 1107 2629 cauponem
1139 2564 1303 2637 566
1332 2566 1624 2622 Sarabum.
1650 2568 1821 2623 Porro
1853 2570 1926 2626 ita
1969 2585 2029 2625 se
2064 2584 2253 2640 gerere
2280 2586 2370 2625 res

2473 1947 2492 2019 [
2540 1930 2583 1999 f.
2621 1931 3128 2002 μετεωρολεσχείτω
3166 1930 3187 2003 ]
3245 1933 3426 2000 μόνον,
3476 1933 3610 2004 μηδέ
3649 1949 3741 2002 μοι
3773 1931 4057 2003 τρανούτω

2474 2022 2717 2086 στάθεσι,
2754 2024 2849 2076 καὶ
2877 2023 3100 2093 δπτησι,
3158 2023 3251 2076 καὶ
3293 2022 3527 2092 έπτησι”
3568 2023 3703 2092 μηδὲ
3750 2024 3813 2076 τὸ
3868 2022 4057 2093 μεῖξον

2476 2111 2620 2178 ἄλφα
2655 2111 3008 2181 κομπαζέτω,
3051 2105 3170 2164 εἶτα
3201 2110 3400 2181 δεῆσαν
3453 2110 3791 2183 ἐργάσασθαί
3839 2128 3913 2177 τι,
3964 2114 4059 2163 καὶ

2477 2202 2781 2270 καταϐῆναι
2804 2219 2819 2233 ο
2854 2202 3011 2255 τοῦτο
3038 2203 3101 2271 δὴ
3132 2203 3193 2254 τὸ
3234 2203 3526 2272 ἡμέτερον,
3584 2203 3831 2273 Σάραῦον
3886 2204 4059 2271 ὑπερο

2477 2292 2709 2345 ϐαινέτω
2737 2293 2826 2347 τὸν
2859 2293 3115 2364 Ἀθήνησί
3146 2310 3274 2345 ποτε
3309 2293 3587 2362 κάπηλον·
3618 2292 3776 2346 τοῦτο
3805 2294 3913 2363 γὰρ
3934 2291 4060 2344 οὔτε

2478 2387 2835 2455 γινώσκοντος
2871 2390 2937 2444 τὰ
2982 2388 3110 2442 ὄντα
3245 2388 3401 2441 ὗντω
3459 2382 3495 2458 ἦ
3546 2387 3655 2457 γὰρ
3703 2387 3769 2440 ἂν
3802 2390 3915 2449 τοῖς
3944 2386 4062 2439 οὖσι

2483 2480 2798 2549 προσέθετο,
2850 2478 2972 2533 οὔτε
3013 2480 3245 2550 μελέτην
3296 2480 3620 2549 ποιουμένου
3668 2479 3758 2531 τὸν
3809 2477 4061 2532 θάνατον.

2483 2572 2646 2627 Ἀλλὰ
2682 2571 2760 2641 μὴ
2795 2572 2860 2626 σύ
2894 2589 2956 2641 γε
2991 2572 3251 2635 τοιοῦτος,
3288 2573 3378 2626 ἵνα
3417 2588 3499 2623 σοι
3536 2571 3630 2622 καὶ
3675 2571 3702 2622 ὁ
3728 2570 3859 2631 Θεὸς
3894 2568 4066 2636 Λόγος

803 2659 891 2704 est
911 2651 1053 2719 ejus,
1120 2655 1214 2722 qui
1258 2671 1359 2709 nec
1407 2658 1689 2727 cognoscit
1743 2674 1870 2712 num
1914 2660 2046 2725 sint,
2081 2675 2202 2729 qua:
2246 2669 2376 2714 sunt
2475 2666 2492 2717 ἱ

2475 2666 2510 2735 ἠ
2539 2664 2744 2735 άληοὴς
2798 2664 2892 2718 τοῦ
2948 2664 3084 2718 Θεοῦ
3119 2664 3307 2732 Σοφία,
3364 2663 3444 2716 ἔτι
3492 2664 3586 2715 καὶ
3626 2662 3707 2715 ἔτι
3747 2661 3971 2729 φωτίζει
4006 2645 4066 2712 τδ

806 2744 972 2810 (alias
1011 2747 1176 2802 rebus
1205 2763 1333 2803 vere
1380 2749 1726 2803 exstantibus
1772 2750 2040 2817 studeret)
2075 2763 2178 2803 nec
2229 2749 2376 2816 ejus,

806 2836 903 2904 qui
936 2836 992 2890 in
1024 2839 1217 2893 mortis
1244 2840 1596 2895 meditatione
1636 2858 1695 2897 se
1747 2851 1985 2897 exercet.
2035 2841 2142 2896 Sed
2176 2849 2233 2895 tu
2271 2856 2380 2896 non

2484 2752 2598 2823 φῶς
2618 2756 2892 2822 γνώσεως,
2915 2753 3009 2808 καὶ
3035 2753 3227 2824 τηροίη
3251 2752 3435 2822 πάσης
3457 2750 3772 2815 κακνύσεως
3797 2749 4068 2821 ἀνώτερον

2486 2845 2582 2899 καὶ
2612 2842 2932 2906 κακώσεως.

811 2928 1002 2997 utique
1030 2930 1158 2987 talis
1178 2946 1257 2986 es.
1296 2931 1370 2987 Ita
1403 2933 1497 2987 tibi
1535 2933 1674 2987 Deus
1726 2932 1987 2996 Verbum,
2030 2942 2085 2987 et
2114 2948 2242 2989 vera
2279 2933 2374 2989 Dei
2413 2932 2693 3007 Sapientia
2716 2951 2933 3008 semper
2956 2935 3126 3005 magis
3161 2946 3224 2988 ac
3249 2933 3425 3004 magis
3490 2932 3822 3004 cognitionis
3888 2932 4067 2988 lucem

808 3021 1079 3087 etl‘undat,
1109 3032 1163 3077 et
1197 3034 1378 3078 servet
1423 3025 1491 3077 ab
1522 3024 1669 3079 omni
1712 3026 1877 3080 malo.

1274 3115 1360 3170 Vl.
1390 3147 1462 3158 --
1490 3116 1932 3187 Mermentopulo.

886 3207 962 3261 De
995 3223 1082 3261 me
1119 3215 1302 3261 autem
1352 3208 1502 3262 nulla
1535 3209 1698 3264 ratio.
1750 3210 2035 3280 lntelligis,
2072 3210 2212 3267 bene
2255 3212 2382 3266 novi

815 3298 1088 3351 comicmn
1139 3297 1242 3352 hoc
1274 3296 1703 3353 hemistichium.
1761 3296 1964 3367 Nempe
2008 3298 2237 3354 facultas
2268 3310 2385 3365 tua,

818 3405 942 3457 qua:
975 3397 1034 3441 ut
1067 3388 1253 3443 multis
1282 3388 1652 3455 benefaceret,
1675 3389 1868 3444 sortita
1888 3397 1994 3454 est,
2030 3390 2083 3444 in
2108 3405 2195 3446 me
2227 3406 2389 3446 suum

821 3479 1103 3547 proprium
1132 3480 1346 3548 ignorat
1377 3480 1743 3548 propositum,
1781 3494 1978 3549 meque
2017 3480 2196 3533 solum
2229 3480 2389 3536 bonis

824 3570 934 3623 tuis
978 3571 1174 3637 privat.
1210 3567 1475 3623 Omnibus
1508 3568 1652 3622 enim
1681 3583 1778 3637 per
1809 3578 1955 3622 tuam
1997 3569 2236 3639 linguam
2302 3569 2390 3624 in.

823 3660 1002 3715 Itillat
1040 3667 1262 3724 nectar;
1293 3673 1381 3713 me
1408 3667 1588 3713 autem
1638 3674 1865 3729 prorsus
1911 3659 2125 3714 aridum
2150 3660 2393 3730 reliquit.

826 3750 942 3806 Hoc
971 3765 1102 3804 sane
1139 3757 1223 3804 est
1242 3750 1374 3803 illud
1399 3758 1681 3819 poetarum
1709 3748 1983 3806 Alibanta.
2019 3749 2192 3816 Quem
2229 3750 2395 3821 igitur

826 3842 1127 3896 constituet
1169 3842 1250 3895 sui
1291 3841 1620 3911 patronum?
1647 3839 1935 3906 Quomodo
1966 3856 2073 3896 non
2114 3841 2185 3896 ab
2214 3841 2396 3895 omni-

830 3934 935 3988 bus
958 3935 1286 3999 revincetur,
1319 3948 1443 3987 cum
1471 3948 1573 4003 ego
1599 3933 1653 3987 in
1686 3933 1833 3987 illam
1857 3949 2052 3991 omnes
2085 3933 2396 3988 concitabo?

830 4025 913 4078 Au
945 4032 1136 4079 contra
1155 4039 1241 4079 me
1271 4024 1473 4079 idcirco
1515 4023 1776 4079 audacior
1803 4032 1910 4091 est,
1933 4023 2078 4093 quod
2097 4023 2240 4078 inter
2269 4024 2399 4078 bar-

832 4116 995 4171 baros
1026 4116 1228 4184 degens
1263 4116 1524 4180 rusticus,
1549 4126 1603 4170 et
1651 4115 1887 4185 agrestis
1916 4115 2228 4169 evaserim?
2256 4114 2385 4178 Sed,

834 4222 869 4262 o
926 4208 1198 4263 mirabilis
1226 4207 1520 4276 judiciaria
1578 4206 1810 4262 facultas
1833 4207 1996 4261 lstuis
2037 4221 2137 4261 nos
2189 4206 2400 4278 legibus

835 4297 1071 4354 instituti
1123 4312 1229 4351 non
1266 4296 1449 4351 verbis
1485 4296 1723 4359 ﬁdimus,
1753 4295 1848 4351 sed
1886 4296 2079 4349 factis:
2112 4295 2225 4349 haec
2271 4310 2400 4351 vero

837 4389 892 4443 in
921 4403 1006 4441 me
1036 4401 1312 4456 nunquam
1340 4385 1546 4439 rustica
1568 4396 1876 4439 evaserunt.
1913 4382 2006 4438 Vel
2038 4383 2205 4453 igitur
2231 4385 2396 4440 etiam

2421 3117 2471 3185 C

2853 3117 2944 3183 ς’.
2974 3147 3037 3156 -
3068 3115 3151 3182 Τῷ
3186 3116 3717 3185 Μερμεντοπούλῳ.

2566 3206 2701 3272 Περὶ
2743 3206 2877 3276 ἐμοῦ
2919 3207 2965 3259 δ’
2999 3207 3175 3270 οὐδεὶς
3206 3207 3384 3275 λόγος,
3438 3206 3679 3271 ξύνοιδας
3719 3206 3778 3258 τδ
3827 3207 4072 3274 κωμικὸν

2490 3296 2549 3350 εὖ
2568 3294 2687 3350 οἰδα
2716 3296 3041 3366 κομμάτιον.
3083 3298 3244 3352 Ἀλλά
3271 3314 3364 3351 σου
3392 3298 3424 3366 ἠ
3449 3298 3593 3367 ἁρχὴ
3628 3296 3766 3364 αὕτη
3798 3297 3832 3366 ἠ
3856 3295 4073 3359 πολλοῖς

2493 3386 2857 3457 ἁγαθουργεῐν
2904 3386 3163 3456 λαχοῦσα,
3215 3386 3301 3440 ἐπ’
3331 3387 3457 3457 ἐμοὶ
3517 3386 3701 3452 ἀγνοεῖ
3746 3382 3845 3453 τὴν
3902 3382 4076 3452 αὐτὴν

2493 3479 2687 3535 ἑαυτοῦ
2716 3477 3058 3548 προαίρεσιν,
3114 3478 3209 3531 καὶ
3255 3479 3417 3547 μόνον
3475 3478 3766 3546 ἀποστερεῖ
3813 3474 3924 3527 τῶν
3967 3474 4076 3527 σῶν

2495 3569 2736 3638 ἀγαθῶν.
2780 3571 2921 3624 nam
2962 3569 3060 3638 μὲν
3089 3569 3197 3638 γὰρ
3242 3568 3330 3621 διὰ
3374 3568 3471 3638 τῆς
3519 3568 3616 3637 σῆς
3668 3564 3914 3636 γλώττης
3953 3568 4074 3618 ἐπι-

2496 3659 2772 3731 κρουνίξει
2800 3658 2859 3711 τὸ
2882 3659 3084 3728 νέκταρ
3105 3673 3119 3688 ·
3157 3657 3256 3727 ἐμὲ
3284 3658 3341 3709 δὲ
3372 3658 3405 3725 ἡ
3437 3656 3660 3725 γενναία
3694 3651 3825 3709 αὖον
3853 3653 4076 3708 ἀπολεί-

2497 3765 2609 3814 πει,
2641 3750 2736 3801 καὶ
2780 3746 2939 3800 τοῦτο
2979 3746 3044 3816 δὴ
3085 3748 3146 3799 τὸ
3183 3746 3292 3798 τῶν
3326 3744 3586 3814 ποιητῶν,
3631 3743 3892 3798 ἀλίὸαντα
3940 3743 4076 3811 (17).

2496 3840 2631 3893 Τίνα
2660 3834 2755 3892 οὖν
2786 3837 2978 3891 ἑαυτοῦ
3033 3839 3399 3906 προστήσεται
3444 3834 3721 3897 σύνδικον;
3786 3833 3911 3895 Πῶς
3956 3834 4075 3901 οὔχὶ

2499 3931 2701 3994 πάσαις
2731 3928 3020 3995 ἁλώσεται,
3053 3927 3270 3981 ἐπειδὰν
3299 3927 3469 3998 αὐτὴν
3497 3926 3742 3979 κακῶσαι
3768 3924 4077 3994 προσκαλέσ-

2499 4036 2715 4091 σωμαι;
2752 4021 2824 4073 Ἦ
2852 4018 3190 4089 καταθαρῤεῖ
3229 4034 3334 4084 μου
3371 4016 3470 4085 τῆς
3499 4018 3556 4069 ἐν
3632 4014 3936 4086 Βαρϐάροις
3988 4014 4077 4078 ἐε-

2496 4109 2885 4181 αγροικίσεως;
2924 4108 3056 4161 Ἀλλ’
3076 4103 3121 4161 ὦ
3142 4107 3420 4175 Θαυμασία
3449 4106 3754 4175 δικαστικὴ,
3773 4107 3884 4168 σοῖς
3917 4105 4078 4172 ἡμεῖς

2499 4199 2684 4269 νῧμοις
2714 4198 3053 4268 ταττόμενοι,
3099 4198 3162 4252 οὐ
3190 4199 3303 4260 τοῖς
3335 4198 3547 4266 ῥήμασι
3580 4195 3910 4268 Θαρῤοὖμεν,
3941 4196 4078 4251 ἀλλὰ

2498 4304 2613 4364 τοῖς
2644 4300 2953 4371 πράγμασι.
2990 4300 3172 4354 Ταῦτα
3205 4299 3262 4353 δὲ
3288 4300 3459 4369 δήπου
3498 4299 3598 4352 οὐκ
3644 4298 4077 4369 ἐξηγροίκισται.

2503 4392 2572 4443 Ἢ
2594 4390 2725 4459 γοῦν
2757 4389 2925 4458 κάμοὶ
2963 4391 3061 4458 τὴν
3095 4389 3341 4457 γλῶτταν
3379 4389 3575 4458 μικρὸν
3603 4388 3908 4456 ὑπόκλεψον
3941 4388 4077 4456 (18),

837 4479 969 4533 mihi
1006 4452 1246 4546 linguam
1290 4492 1579 4547 parumper
1607 4476 1802 4540 irrora,
1831 4484 1885 4529 et
1913 4452 2118 4546 aliquid
2157 4478 2399 4532 nectaris
2426 4452 2476 4511 D
2504 4501 2526 4535 ν

2391 4495 2399 4530 ι
2426 4452 2476 4511 D
2504 4481 2598 4535 καὶ
2632 4480 2894 4545 στάλαξόν
2922 4497 2976 4533 τι
3007 4479 3103 4533 τοῦ
3134 4481 3415 4548 νέκταρος,
3460 4480 3494 4547 ἦ
3530 4479 3669 4547 ὑπὲρ
3704 4480 3908 4546 σαυτῆς
3952 4478 4080 4531 ταυ-

838 4567 1098 4640 inl'uptlc;
1128 4568 1212 4623 vel
1248 4570 1315 4622 ad
1340 4568 1419 4621 tui
1451 4566 1825 4622 defensionem
1853 4581 1973 4622 eam
2009 4567 2246 4634 amplius
2271 4581 2401 4622 exa-

835 4671 976 4721 cue;
1008 4671 1116 4710 non
1154 4656 1299 4711 enim
1330 4668 1432 4725 ego
1459 4656 1561 4710 hoc
1594 4656 1667 4709 ita
1723 4654 1915 4721 teram,
1945 4665 2003 4710 ut
2034 4670 2140 4710 non
2175 4656 2244 4711 de
2278 4656 2402 4711 vio-

840 4747 948 4802 lata
973 4744 1213 4801 amicitia
1243 4752 1296 4800 te
1317 4745 1581 4800 incusem.
1608 4744 1736 4801 Acri
1766 4746 1911 4799 enim
1946 4752 2176 4814 patrono
2196 4744 2402 4800 instru-

840 4846 965 4893 ctus
987 4853 1130 4903 sum,
1162 4851 1359 4908 nempe
1380 4816 1676 4907 operibus:
1703 4852 1766 4892 ac
1803 4838 1908 4892 etsi
1940 4835 2138 4892 debilis
2169 4837 2301 4891 mihi
2334 4838 2405 4893 sit

841 4929 1104 4993 tatnulns,
1137 4944 1438 4998 segnesque
1470 4928 1603 4983 mihi
1646 4928 1794 4999 equi,
1818 4938 2065 5010 attamen
2109 4926 2400 4985 Diomedes

845 5020 995 5073 novit
1020 5031 1241 5074 servare
1267 5015 1572 5074 Nestorem.

2503 4588 2602 4641 την
2630 4571 2727 4625 καὶ
2759 4571 2839 4624 ἔτι
2875 4571 3177 4639 στόμωσον,
3209 4568 3284 4632 ὡς
3333 4568 3468 4638 ἐμοῦ
3497 4585 3560 4637 γε
3612 4569 3713 4621 οὐκ
3754 4567 4078 4637 ἁνεξομένου

2502 4664 2563 4715 τὸ
2639 4664 2714 4733 μὴ
2776 4662 2877 4715 οὐκ
2923 4660 3216 4729 ἐγκαλέσαι
3256 4659 3353 4730 τὴν
3387 4659 3484 4725 τῆς
3537 4658 3719 4727 φιλίας
3763 4658 4078 4728 ὀλιγωρίαν.

2504 4754 2696 4822 Δριμεῐ
2718 4752 2826 4823 γὰρ
2856 4751 3141 4821 συνηγόρῳ
3164 4749 3572 4820 συγκροτοῦμαι
3605 4751 3716 4812 τοῖς
3765 4749 4079 4820 πράγμασι,

2506 4842 2608 4895 κᾶν
2640 4842 2881 4912 ἡπεδανή
2920 4860 3010 4911 μοι
3050 4841 3326 4913 θεράπων,
3371 4840 3593 4911 βραδέες
3650 4839 3709 4892 δέ
3756 4856 3847 4908 μοι
3902 4840 4082 4904 ἵπποι,

2509 4934 2646 4988 ἀλλὰ
2673 4934 2942 5005 Διομήδης
2972 4930 3078 4987 οἶδε
3112 4932 3303 4997 σώζειν
3334 4932 3425 4987 τὸν
3453 4932 3702 5001 Νέστορα
3739 4931 3874 4997 (19).

2040 5154 2240 5218 Varize
2285 5153 2589 5219 lectiones
2627 5166 2690 5220 et
2731 5164 2922 5221 notae.

919 5330 1147 5402 (ιθ)·ισ;
1170 5330 1333 5402 συῶν.

919 5263 1031 5332 (15)
1059 5261 1268 5332 θίξιιιιρξ
1297 5275 1337 5325 t,
1366 5272 1510 5315 vers.
1555 5258 1678 5315 101.

919 5263 1266 5452 (15Ξο1ξιιηρ.
1297 5275 1337 5325 t,
1366 5272 1510 5315 vers.
1555 5263 1678 5315 101.
1815 5312 1829 5326 ,

919 5335 1011 5402 (16
1042 5333 1147 5388 ·ῑσ.
1170 5330 1333 5384 συῶν.

919 5405 1012 5474 (17
1064 5401 1327 5474 Respicit,
1341 5409 1513 5474 puto,
1536 5400 1605 5474 ad
1625 5398 1757 5474 illud
1776 5398 2123 5474 proverbium
2145 5397 2409 5474 :_Muuerq

851 5468 1400 5545 Alybantisﬁospitis,
1435 5470 1540 5545 vel,
1573 5468 1846 5545 Aiybantii
1876 5469 2034 5522 amici
2058 5468 2236 5531 xenia,
2271 5468 2417 5535 quod

854 5540 1079 5597 in'eum
1114 5541 1339 5605 dicitur,
1372 5541 1467 5608 qui
1499 5541 1681 5593 verbis
1724 5540 2010 5602 duntaxat,
2044 5554 2150 5592 non
2196 5552 2263 5608 re
2280 5551 2417 5604 pra:-

854 5620 963 5667 stat
994 5607 1513 5680 beneﬁcitttnLVitle
1544 5611 1755 5680 Adagia
1783 5625 1811 5664 ιι
1850 5608 2131 5664 Manuccio
2163 5607 2415 5673 collecta,

852 5684 959 5738 col.
997 5679 1133 5732 1144
1155 5681 1283 5734 cdit.
1326 5678 1456 5732 \'cu.
1493 5679 1649 5734 1609.

926 5750 1040 5821 (18)
1074 5752 1155 5805 id.
1190 5748 1493 5814 ὑπόλειξον.

2586 5260 2700 5329 (19)
2736 5259 2976 5331 Usurpat
3010 5262 3097 5316 hic
3129 5272 3341 5326 auctor,
3375 5259 3565 5331 paucis
3614 5261 3860 5324 mutatis,
3918 5258 4085 5331 verba

2518 5328 2796 5401 Dicmedis
2853 5328 2994 5401 apud
3040 5331 3335 5386 Homerum
3379 5328 3561 5384 “inde
3622 5346 3699 5395 tx,
3756 5344 3899 5383 vers.
3964 5328 4086 5401 104i,

2554 5400 2717 5455 uibus
2742 5399 2974 5456 Nestora
3007 5401 3324 5469 alloquitur,
3352 5414 3587 5468 eumque
3611 5401 3675 5453 ad
3709 5399 4091 5469 conscenden-

2554 5485 2641 5523 um
2679 5485 2906 5525 currum
2947 5487 3105 5526 suum
3138 5468 3422 5524 hortatur.
3460 5469 3732 5525 Diomedis
3767 5468 3897 5522 inibi
3928 5468 4088 5520 verba

2520 5549 2693 5594 sunt:
2739 5541 3033 5604 Ἥπεδανός
3083 5539 3145 5593 νύ
3208 5557 3290 5592 τοι
3341 5540 3619 5605 θεράπων,
3651 5539 3875 5607 βραδέες
3907 5538 3964 5589 δέ
4007 5553 4090 5607 τοι

2517 5610 2695 5663 ἵπποι.
2761 5611 2903 5664 Ἀλλ’
2958 5611 3045 5677 ἄγ’
3094 5610 3243 5679 ἐμῶν
3300 5609 3470 5678 ὀχέων
3523 5606 3801 5677 ἐπίϐησον,
3850 5625 3904 5659 κ.
3952 5606 4087 5679 τηλ.

2522 5680 2718 5733 Debilis
2777 5683 2938 5735 etiam
2973 5676 3063 5735 tibi
3119 5676 3375 5747 (uitiatus,
3435 5676 3745 5748 segnesque
3778 5680 3867 5731 tibi
3923 5676 4086 5748 equi:

2524 5766 2694 5806 rerum
2734 5768 2850 5822 age,
2905 5767 3042 5808 meos
3068 5767 3256 5805 currus
3294 5747 3536 5817 ascende,
3570 5747 3674 5805 etc.
3713 5747 3846 5802 lliuc
3873 5747 4082 5816 perspi-
