4276 6436
198 413 298 476 321
1236 416 1620 476 ΕΡΙΞΤΟΙΛΞ
1658 419 1760 477 XX
1812 417 1887 477 E.‘

1236 416 1620 476 EPISTOLAZ
1658 419 1760 477 XX
1812 417 1910 478 EX
1954 419 2117 481 COD.
2163 424 2404 485 νΑτῐα.

405 532 556 584 Ζ’.--
570 531 657 597 Τῲ
699 534 859 602 κηρῷ
894 536 1133 604 Μιχαὴλ
1167 536 1246 601 τῷ
1279 537 1610 604 Πίιντεχνῇ.

278 621 544 692 Ἐρωτᾷς,
577 623 692 686 πῶς
724 626 836 695 ἔχει
871 627 941 680 τὰ
970 628 1250 697 ἡμέτερα;
1283 628 1356 678 Οὐ
1390 627 1529 680 πάνυ
1562 629 1772 691 καλῶς·

190 711 354 764 τοῦτο
388 715 494 782 γὰρ
537 717 712 768 εἰπεῖν
764 718 1145 789 μετριώτερον.
1193 720 1431 789 Πυρετδς
1476 719 1778 788 ὑποσμύχει

191 803 257 854 τὰ
294 803 467 866 ἔνδον,
499 806 621 856 ὅσον
648 807 749 878 ήδη
775 809 1062 877 προκὸψων
1100 811 1178 871 είς
1207 810 1568 878 κακοήθειανο
1616 811 1779 880 βηχες

193 895 475 964 ἐνοχλοῦσι
528 897 689 968 ξηραὶ
749 903 842 953 καὶ
895 903 1184 955 ἀπτύελοι·
1262 902 1485 972 ἄλγημα
1542 905 1779 972 πλευρᾶς

191 987 587 1055 πολυχρόνιον·
646 993 673 1043 ὁ
717 991 958 1059 κολοφὼν
994 1011 1085 1063 μοι
1130 994 1238 1046 τῶν
1268 994 1474 1056 κακῶν,
1505 994 1781 1064 φροντίδες

191 1074 493 1145 ἀμύθητοι,
528 1080 624 1129 καὶ
663 1080 1110 1150 ἀπαραμύθητοι,
1162 1084 1291 1151 περὶ
1345 1085 1453 1136 τῶν
1498 1086 1590 1137 τοῦ
1648 1083 1778 1135 λαοῦ

192 1167 416 1229 κοινῶς,
471 1170 603 1239 περὶ
674 1171 1144 1239 ἐκκλησιαστικιῖω
1227 1174 1451 1238 κοινῶς·
1515 1175 1614 1227 οὐκ
1666 1175 1781 1228 ἐστι

191 1258 324 1324 περὶ
374 1257 499 1310 ὅτου
549 1259 624 1329 μὴ
665 1261 772 1314 τῶν
823 1264 1072 1317 ἐνταῦθα.
1119 1265 1257 1336 Ἤδη
1288 1266 1344 1318 δέ
1379 1284 1445 1334 με
1475 1267 1569 1318 καὶ
1617 1267 1787 1336 ὑπερ-

190 1349 318 1418 ορίᾳ
351 1349 630 1418 βάλλουσι,
662 1355 764 1406 κάν
799 1357 861 1424 τῇ
923 1355 1127 1425 Ἀχρίδι
1175 1357 1480 1425 καθήμενος
1509 1357 1615 1409 ἀπὸ
1646 1357 1782 1408 Γλα-

191 1435 454 1505 ϐηνίτζης
483 1438 794 1508 τοξεύομαι,
830 1443 922 1495 καὶ
953 1443 1271 1514 Βηδηνόθεν,
1304 1443 1337 1512 ῆ
1373 1443 1777 1506 ΣΘ).ανιτζόΘεν.

205 1526 404 1599 ’Δνέξῃ
431 1531 540 1600 γὰρ
581 1532 676 1583 καὶ
704 1534 862 1594 αὐτὸς
899 1535 1095 1603 μικρὸν
1123 1536 1223 1603 τῆς
1258 1537 1470 1598 ἀδικίας
1505 1536 1612 1588 τῶν
1642 1536 1777 1605 βαρ-

191 1618 442 1688 ϐαρικῶν
471 1622 772 1690 ὀνομάτων,
806 1627 890 1677 ἵνα
940 1628 1014 1697 μὴ
1062 1629 1243 1682 πάντα
1274 1629 1480 1698 τρυφᾷς
1514 1631 1623 1687 τοῖς
1671 1629 1780 1679 τῶν

201 1711 480 1782 Ἑλλήνων
535 1714 987 1786 ἐνευωχούμενος.
1038 1719 1148 1772 Καὶ
1199 1719 1422 1772 ἄλλοθεν
1455 1720 1582 1773 ἄλλο
1627 1719 1780 1788 βέλος

191 1806 442 1874 ἑνεπάγη
473 1823 571 1874 μου
597 1812 662 1878 τῇ
704 1810 919 1879 καρδία,
961 1812 1056 1863 καὶ
1099 1812 1335 1880 οὐδαμοῦ
1365 1812 1613 1881 Παιήων⁸
1654 1810 1688 1880 ἢ
1721 1809 1781 1860 τό

3349 438 3458 510 39.2

2146 541 2253 595 VII.
2294 575 2360 583 ——
2398 544 2599 599 Damno
2635 548 2883 604 Michaeli
2913 551 3247 610 Pam/rerum.

1968 634 2203 697 Qumris,
2241 644 2298 686 ut
2353 647 2541 690 nostra
2575 652 2632 690 sc
2682 639 2954 696 habeant?
2983 645 3139 699 Haud
3173 648 3465 706 admodum

1895 734 2058 778 recte.
2095 724 2440 779 Mediocriter
2472 731 2613 781 enim
2643 739 2843 784 statum
2874 751 3050 788 meum
3083 738 3178 790 tibi
3206 743 3462 806 pandam,

1894 817 1939 870 si
1973 819 2047 869 ita
2077 820 2305 873 dixero:
2339 818 2505 873 febris
2541 823 2755 876 suburit
2787 824 3022 891 interna,
3056 844 3226 898 eaque
3257 830 3324 883 ad
3352 847 3460 883 rna-

1895 907 2200 974 lignitatcm
2255 910 2462 975 vergit:
2500 923 2696 965 vexant
2747 922 2928 969 tusses
2984 917 3142 970 siccae
3175 929 3227 972 et
3258 921 3466 974 arida:

1898 998 2056 1051 dolor
2089 999 2276 1053 lateris
2310 1001 2627 1056 diuturnus.
2662 1005 2727 1056 At
2760 1008 2977 1059 culmen
3010 1010 3140 1060 mihi
3192 1011 3461 1062 malorum

1894 1101 2021 1143 sunt
2049 1105 2194 1144 curm
2222 1092 2639 1160 inexplicabiles
2699 1103 2753 1147 et
2780 1097 3203 1150 inconsolabiles
3223 1100 3287 1152 de
3312 1114 3464 1151 com-

1895 1181 2152 1235 munibus
2191 1182 2355 1236 rebus
2388 1199 2513 1236 cum
2544 1185 2922 1248 smeularibus,
2965 1204 3090 1240 cum
3126 1189 3466 1241 ecclesiasti.

1893 1269 1994 1333 cis,
2036 1285 2098 1324 ac
2121 1271 2187 1324 de
2215 1272 2471 1324 omnibus
2496 1272 2713 1326 demum
2748 1289 2869 1341 qua:
2906 1276 2991 1327 hic
3019 1282 3273 1345 a‘guntur.
3302 1277 3468 1340 Quid?

1893 1361 2039 1429 quod
2075 1371 2129 1414 et
2163 1363 2417 1430 loginqua
2455 1378 2539 1414 me
2576 1361 2802 1415 feriunt.
2836 1363 2969 1416 Nam
3000 1367 3212 1418 tametsi
3251 1367 3463 1420 Aerida:

1891 1448 2243 1513 resideam,e
2277 1448 2604 1511 Glarinitza,
2663 1459 2715 1502 et
2770 1449 2987 1516 Vidino,
3038 1467 3134 1506 seu
3197 1453 3461 1506 Stlanitza

1889 1540 1994 1610 (fer
2019 1541 2180 1592 etiam
2222 1551 2277 1591 tu
2308 1539 2575 1606 tantisper
2605 1540 2962 1594 barbarorum
3000 1545 3280 1595 nominum
3317 1545 3463 1608 inju-

1893 1632 2053 1692 riam,
2084 1645 2153 1682 ne
2208 1643 2425 1698 semper
2482 1632 2534 1682 in
2578 1629 2891 1683 Graecorum
2938 1631 3204 1685 conviviis
3249 1634 3463 1686 deliciis

1891 1720 2196 1790 indulgeas)
2258 1721 2520 1789 c0ufigor.
2577 1722 2738 1772 Aliud
2779 1723 2942 1774 etiam
3004 1723 3244 1789 jaculnm
3309 1727 3461 1776 cordi

1890 1811 2116 1864 infimum
2137 1820 2220 1864 est
2245 1825 2386 1871 meo,
2416 1812 2547 1878 quin
2583 1811 2727 1864 ullus
2763 1811 2901 1863 adsit
2924 1812 3083 1881 567
3115 1813 3245 1866 mihi
3276 1813 3461 1876 Paeon,

191 1912 253 1959 γε
287 1896 549 1968 δεύτερον
576 1899 838 1968 Μαχάων,
879 1901 911 1971 ἧ
943 1902 1311 1972 Ποδαλείριος,
1356 1902 1442 1954 ἵνα
1485 1902 1575 1953 τὸν
1605 1901 1780 1953 οἰστὸν
1814 1891 1852 1941 Β

1767 1919 1780 1952 ι
1814 1891 1852 1941 Β
1886 1905 1964 1956 vel
2001 1903 2094 1971 qui
2123 1903 2422 1956 secundum
2452 1903 2521 1955 ab
2550 1903 2640 1954 illo
2679 1903 2859 1956 locum
2897 1905 3132 1970 obtinet,
3169 1904 3456 1970 Machaon,

191 1987 394 2051 ἐξελὼν
430 1985 549 2059 αἷμ’
583 1992 896 2062 ἐκμυζήσας
939 1994 1025 2045 ἐπ’
1052 1994 1138 2062 ἄρ’
1169 1995 1306 2064 ήπια
1340 1994 1609 2064 φάρμακα
1638 1994 1781 2044 πάσ-

194 2097 259 2150 σῃ
294 2081 435 2149 ('20),
467 2081 581 2133 ἀλλ’
611 2081 857 2149 ἔγκειται
889 2084 1110 2153 βαρείας
1144 2084 1354 2148 ὀδύνας,
1381 2085 1414 2152 ἢ
1444 2085 1621 2150 ὀξείας
1653 2085 1787 2136 ἁπο-

190 2170 421 2233 γεννών.
462 2171 602 2224 ’Λλλ’
623 2171 735 2240 ἐγὼ
770 2173 866 2242 μὲν
888 2172 1030 2226 οὕτω
1050 2192 1062 2205 ’
1097 2175 1188 2227 καί
1212 2191 1295 2226 τοι
1321 2174 1784 2244 μυριοστημὸριον

194 2262 303 2313 ἴσθι
369 2263 483 2316 τῶν
515 2266 802 2334 ἡμετέρων
851 2267 1265 2336 ὲνωτισάμενος.
1331 2268 1441 2320 Καὶ
1491 2266 1648 2318 τοῦτο
1677 2265 1784 2335 γὰρ

194 2355 339 2421 μετᾶ
366 2354 478 2406 τῶν
506 2355 678 2408 ἄλλων
711 2356 816 2425 ἔχω
844 2358 1052 2422 κακῶς,
1084 2359 1165 2411 ὅτι
1211 2359 1346 2428 μηδὲ
1393 2355 1783 2425 συγχωροῦμαι

191 2447 378 2509 λέγειν
399 2447 476 2510 ὡς
502 2448 627 2518 ἔχω.
661 2450 734 2502 Συ
759 2449 816 2502 δέ
850 2468 939 2519 μοι
971 2451 1087 2520 εἴης
1121 2452 1179 2502 ὲν
1214 2450 1422 2520 ῥᾴοσιν,
1453 2450 1540 2501 ἵνα
1564 2449 1638 2518 μὴ
1669 2465 1782 2499 κοι-

191 2538 299 2589 νῶν
335 2542 394 2590 ἐν
427 2542 654 2592 κοινοῖσι
683 2541 1020 2610 λυπούμενος
1057 2540 1240 2610 (τοῦτο
1273 2541 1336 2610 δὴ
1367 2541 1427 2592 τό
1474 2540 1567 2591 τοῦ
1617 2539 1782 2608 σοφοῦ

193 2631 580 2702 Σοφοκλέους),
602 2633 860 2696 διπλὰξον
878 2634 935 2686 τὸ
956 2634 1122 2686 κακὸν
1140 2633 1489 2701 ὑποδέχομαι.
1517 2631 1637 2701 Δῴη
1674 2629 1780 2682 Κύ-

192 2741 309 2789 ριος
335 2724 367 2773 ὁ
387 2724 546 2790 μόνος
573 2725 860 2795 ζωδὸτης,
892 2727 1112 2787 καὶτοῖς
1134 2725 1317 2794 ξηροῖς
1347 2723 1552 2785 ὀστέοις
1582 2723 1782 2790 ἐμπνέ-

191 2832 266 2864 ων
292 2815 393 2865 καὶ
424 2813 639 2884 κίνησιν
673 2815 1066 2883 παρεχόμενος,
1103 2816 1196 2867 καὶ
1241 2815 1369 2882 ἡμῖν
1417 2813 1644 2882 μετρίαν
1673 2812 1781 2864 τῶν

191 2906 460 2974 λυπηρῶν
490 2907 672 2959 ἄνεσιν
712 2909 804 2960 καὶ
854 2909 936 2959 σοὶ
967 2907 1064 2976 τὴν
1120 2907 1177 2958 ἐν
1222 2907 1386 2957 πᾶσιν
1435 2904 1781 2973 ἱλαρωτέροις

189 3015 530 3052 ανατταυσιν.

1881 1994 1967 2048 vel
2005 1993 2334 2054 Podalirius,
2386 1994 2478 2061 qui
2523 2003 2771 2046 extracta
2837 1996 3054 2064 sagitta,
3099 2004 3152 2048 ct
3197 1996 3462 2064 sanguine

1883 2094 2128 2146 cxsucto,
2158 2083 2296 2136 lenia
2320 2084 3024 2154 medicamentainspergat,
3049 2086 3160 2156 (‘30)
3181 2087 3272 2141 sed
3291 2089 3459 2142 iuba:-

1882 2190 2010 2230 rens
2040 2176 2242 2245 iugiter
2282 2191 2476 2244 graves
2536 2175 2668 2228 mihi
2731 2183 3033 2244 acutosque
3075 2178 3292 2234 dolores
3327 2179 3458 2237 ciet.

1887 2267 1949 2318 lit
1981 2280 2082 2346 ego
2111 2266 2330 2332 quidem
2355 2266 2449 2318 ita.
2483 2265 2635 2320 Scito
2664 2276 2864 2331 tamen,
2899 2283 3077 2337 neque
3113 2269 3458 2323 millesimam

1888 2356 2158 2410 malorum
2191 2372 2437 2412 meorum
2471 2371 2679 2429 partem
2714 2370 2763 2414 te
2792 2361 3089 2416 audivisse.
3114 2359 3249 2414 Nam
3282 2371 3334 2416 ct
3359 2363 3461 2415 hoc

1887 2447 1952 2500 ad
1998 2457 2193 2502 caetera
2232 2449 2372 2501 mala
2409 2449 2611 2518 quibus
2664 2465 2854 2518 angor.
2896 2450 3131 2512 accedit.
3169 2449 3313 2518 quod
3369 2465 3460 2503 ne-

1887 2540 2106 2607 quidem
2142 2541 2447 2610 exprimere
2473 2542 2655 2601 liceat,
2682 2558 2847 2609 quam
2884 2542 3024 2595 male
3079 2556 3164 2595 me
3203 2543 3457 2593 habeam.

1886 2630 1964 2684 Tu
1999 2646 2126 2685 vero
2159 2633 2352 2685 saltem
2397 2641 2520 2686 esto
2567 2632 2699 2685 mihi
2739 2633 2789 2686 iu
2824 2632 3185 2694 felicioribus,
3243 2646 3311 2684 ne
3359 2631 3462 2682 hac

1887 2721 2052 2775 etiam
2076 2722 2142 2774 de
2175 2738 2337 2776 causa
2366 2723 2615 2777 tristatus
2643 2723 2868 2792 (quippe
2911 2724 3184 2776 malormn
3209 2737 3460 2775 commu-

1889 2813 2038 2866 nium
2085 2828 2204 2866 sum
2261 2814 2554 2882 particeps)
2597 2812 2954 2882 duplicatum,
2995 2814 3150 2881 juxta
3188 2812 3320 2865 illud
3377 2828 3461 2862 sa-

1889 2902 2090 2970 pientis
2123 2902 2436 2972 Sophoclis,
2465 2906 2666 2956 malum
2706 2905 3030 2958 sustineam.
3074 2904 3250 2957 Donet
3283 2901 3463 2955 Domi-

1895 3007 2022 3067 ‘nns,
2051 2993 2142 3062 qui
2171 2994 2323 3047 solus
2355 2995 2474 3047 vita:
2524 2993 2751 3063 largitor
2802 3001 2906 3057 est,
2939 3002 2995 3047 et
3041 2994 3211 3047 aridis
3239 2992 3462 3048 ossibus

190 3093 456 3156 spiritum
488 3089 726 3144 infundit
757 3099 812 3144 et
842 3099 1046 3143 motum
1071 3129 1085 3148 .
1146 3090 1305 3143 nobis
1336 3088 1499 3143 etiam
1538 3087 1775 3156 aliquam
1818 3085 2194 3140 molestiarum
2249 3086 2669 3157 mitigationem,
2725 3087 2824 3140 tibi
2858 3101 2990 3140 vero
3019 3089 3073 3140 in
3147 3088 3297 3142 omni
3373 3087 3462 3140 la:-

192 3185 310 3235 titia
347 3184 607 3250 quietem.

464 3299 708 3363 Η¹.-Τῷ
748 3301 997 3367 Σερϐλίᾳ
1035 3299 1195 3368 κυρῷ
1250 3299 1520 3363 Ἰωάννῃ.

263 3390 341 3440 Σὺ
370 3390 448 3452 δὲ,
479 3391 506 3441 ὁ
538 3391 721 3453 καλὸς,
759 3390 820 3443 οῦ
833 3408 930 3453 τως
954 3393 1336 3460 ύπεραγωνιᾷς
1363 3390 1470 3441 τῶν
1513 3387 1657 3457 ἐμῶν
1686 3386 1778 3438 λό-

192 3497 329 3544 γων,
368 3481 448 3541 ὡς
470 3481 536 3532 ἂν
570 3481 643 3548 μὴ
669 3481 892 3548 ψεύδους
925 3482 1117 3549 ἁλῴεν,
1151 3481 1293 3531 ὥστε
1327 3480 1420 3531 καὶ
1449 3480 1560 3539 τοῖς
1593 3477 1773 3546 ἔργοις

192 3573 383 3632 αὑτοῑς
420 3571 668 3638 βεϐαιοῦν
694 3571 914 3634 τούτους
945 3572 1304 3632 ἐσπούδακας.
1369 3571 1479 3622 ’Λεὶ
1509 3570 1616 3636 γὰρ
1648 3565 1776 3636 παρ’

193 3665 376 3731 ἡμῶν,
415 3665 490 3725 ὼς
522 3663 793 3733 ἀμελητὴς
827 3663 1250 3731 ἐγκαλούμενος,
1299 3665 1390 3713 καὶ
1441 3662 1539 3730 τὴν
1585 3662 1774 3728 κλῆσιν

193 3753 652 3821 ἁποττοιοὺμενος,
688 3754 761 3816 ὠς
787 3754 895 3806 οὐδ’
917 3753 984 3806 ἂν
1023 3754 1114 3804 τὸν
1149 3752 1407 3805 Ὀδυσσέα
1438 3750 1775 3810 ’Λυτόλυκος.

207 3845 376 3907 Ἀλλ’,
408 3839 453 3897 ὦ
476 3847 732 3914 μακάριε,
773 3849 848 3916 μὴ
877 3847 1019 3899 οῦτω
1051 3847 1233 3915 φιλίαν
1262 3847 1448 3914 τιμᾷν,
1487 3842 1600 3896 ἀλλ’
1635 3843 1776 3910 ἅπερ

195 3936 260 3988 ἂν
300 3939 488 4008 σαυτῴ
539 3939 739 4007 βούλοι,
773 3939 948 3992 ταῦτα
992 3942 1084 3992 καὶ
1130 3938 1205 4006 τῷ
1233 3938 1476 3989 δοκοῦντι
1510 3936 1778 4004 φιλεῖσθαι

199 4029 510 4089 βούλεσθαι.
545 4031 604 4080 Εἰ
637 4030 732 4097 μὲν
761 4028 853 4081 οὖν
887 4028 1245 4095 ὲτελέσθησαν
1284 4028 1317 4080 ἃ
1353 4027 1609 4091 ὲνεδέξω·
1661 4027 1706 4076 εἰ
1733 4025 1777 4076 δ’

196 4119 311 4180 οὖν,
349 4118 511 4182 ἀλλὰ,
539 4118 695 4170 τοῦτὸ
724 4136 783 4185 γε
813 4118 1073 4187 μεγίστην
1097 4119 1225 4188 ἡμῖν
1256 4117 1551 4186 καταϐήσει
1592 4116 1777 4185 χάριν,

197 4212 257 4261 τὸ
291 4211 368 4280 μὴ
417 4210 818 4279 προσαπολέσαι
865 4211 932 4261 τὰ
975 4209 1234 4277 δεδομένα
1284 4225 1365 4259 σοι
1411 4207 1775 4275 δικαιώματα.

210 4299 357 4365 Ἐγὼ
391 4299 445 4348 δὲ
468 4300 495 4348 ὁ
531 4300 774 4365 μάταιος,
810 4298 903 4350 καὶ
933 4298 1062 4350 ἄλλο
1086 4313 1144 4348 σε
1179 4295 1381 4362 ἠξίουν,
1405 4295 1484 4358 τὺ,
1515 4295 1681 4346 ὲπειδ’
1716 4293 1781 4344 ἂν

199 4393 256 4440 τ’,
293 4389 424 4457 περὶ
459 4388 564 4440 τῶν
599 4388 844 4455 Βοδηνῶν
890 4388 1144 4456 ψήφισμα
1193 4387 1437 4452 γένηται,
1485 4385 1782 4452 ἐμφανίσαι

199 4481 359 4532 τοῦτο
388 4479 464 4547 τῷ
512 4477 660 4546 κυρῷ
697 4475 983 4546 Γρηγορίῳ
1022 4476 1100 4544 τῷ
1130 4475 1466 4550 Ταρωνείτῃ,
1509 4475 1602 4525 καὶ
1654 4475 1781 4540 παρ’

199 4572 412 4622 ἐκείνου
440 4571 718 4622 πιττάκιον
759 4568 977 4636 αἰτῆσαι
1010 4566 1144 4636 πρὸς
1171 4567 1263 4618 τὸν
1297 4567 1351 4616 ὲν
1385 4565 1615 4634 Βερροἱᾳ
1646 4569 1781 4616 διεν-

2176 3286 2309 3339 Vlll.
2353 3317 2423 3331 —
2453 3285 2670 3340 Scrblt'a:
2720 3286 2913 3341 domno
2956 3285 3178 3339 Joamti.

1957 3379 2034 3431 Tu
2063 3394 2212 3440 vero,
2251 3392 2285 3429 o
2334 3377 2494 3437 bone,
2531 3378 2602 3427 ita
2635 3391 2734 3444 pro
2771 3376 2952 3430 verbis
2979 3376 3117 3428 meis
3143 3388 3212 3426 ne
3243 3373 3460 3442 possint

1884 3467 2141 3520 falsitatis
2177 3464 2406 3526 revinci,
2439 3479 2672 3531 pugnas,
2731 3470 2790 3516 ut
2818 3471 2872 3516 et
2919 3478 2980 3517 ea
3023 3463 3185 3516 factis
3234 3461 3461 3516 studeas

1882 3557 2230 3613 confirmare.
2267 3555 2491 3622 Semper
2535 3555 2678 3607 enim
2731 3568 2760 3605 a
2817 3554 2975 3607 uobis
3017 3554 3300 3607 incusatus
3341 3561 3461 3604 tan-

1883 3664 2043 3718 quam
2077 3647 2381 3716 negligens,
2412 3660 2624 3712 semper
2667 3651 2724 3696 tu
2766 3643 3080 3711 huiusmodi
3135 3644 3457 3712 appellatio-

1887 3756 2007 3792 nem
2037 3738 2302 3805 rejecisti,
2332 3744 2390 3788 ut
2438 3751 2613 3803 neque
2667 3733 2804 3786 adeo
2855 3734 3085 3802 Ulyssen
3131 3734 3456 3802 Autolycus.

1890 3831 2108 3887 Verum.
2151 3844 2184 3881 o
2228 3830 2401 3890 beate,
2444 3842 2548 3878 non
2581 3827 2653 3878 ita
2686 3825 2886 3876 colitur
2915 3823 3154 3875 amicitia
3182 3841 3197 3889 ;
3224 3825 3460 3892 sedqua:

1886 3923 1979 3974 tibi
2031 3920 2145 3973 ﬁeri
2195 3919 2458 3979 volueris,
2485 3918 2674 3970 eadem
2729 3916 2829 3979 illi,
2864 3916 2957 3984 qui
3010 3930 3069 3968 se
3117 3915 3289 3967 amari
3332 3928 3360 3964 a
3406 3921 3459 3964 te.

1887 4024 2059 4082 putat,
2095 4013 2232 4064 velle
2267 4011 2456 4062 debes.
2494 4009 2551 4060 Si
2585 4007 2751 4076 igitur
2781 4004 3020 4074 perfecta
3067 4013 3215 4068 sunt,
3247 4022 3368 4074 qua:
3405 4006 3458 4056 in

1886 4113 1958 4166 te,
1993 4112 2048 4155 ut
2077 4102 2305 4160 faceres,
2344 4097 2624 4166 recepisti,
2661 4099 2799 4150 bene
2826 4107 2944 4149 est:
2996 4097 3081 4148 sin
3141 4110 3291 4154 vero.
3328 4097 3458 4147 illud

1886 4209 2113 4248 summa:
2166 4193 2285 4242 lot-o
2327 4190 2514 4258 gratia:
2557 4187 2789 4249 habebo,
2819 4188 2862 4238 si
2909 4201 3015 4236 non
3054 4187 3274 4253 insuper
3301 4187 3460 4238 amite

1889 4297 1970 4338 tas
1996 4300 2114 4352 qua:
2147 4281 2243 4333 tibi
2280 4277 2605 4331 contradiltn
2630 4283 2780 4339 sunt,
2809 4275 3194 4344 probationum
3224 4275 3458 4328 tabulas.

1890 4376 2000 4444 Ego
2031 4388 2178 4434 vero,
2219 4371 2400 4424 inanis
2433 4370 2621 4425 homo.
2663 4366 2808 4418 aliud
2843 4382 3061 4434 quoque
3096 4366 3195 4418 abs
3219 4374 3269 4419 te
3302 4382 3458 4433 roga-

1891 4469 2011 4520 bant
2037 4481 2049 4526 ;
2079 4478 2294 4530 nempe,
2321 4469 2379 4512 ut
2415 4467 2695 4527 postquam
2718 4457 2795 4526 Ide
2823 4455 3226 4509 Vodinensibus
3259 4455 3429 4508 suffra
3449 4487 3461 4494 ο

1890 4559 2035 4625 giuiu
2090 4555 2258 4606 latum
2312 4550 2527 4609 fuisset,
2564 4558 2751 4599 nolunt
2812 4547 2942 4598 illud
2999 4546 3210 4598 faceres
3256 4545 3461 4598 domno

199 4661 491 4729 εργοῦντα,
533 4661 592 4710 τὸ
633 4660 880 4726 ποιητέον
923 4657 1070 4725 αὐτῷ
1128 4657 1536 4724 ὑποτιθέμενον.
1591 4657 1651 4706 Εἰ
1688 4658 1784 4724 μὲν
1819 4653 1858 4706 Β

1765 4677 1784 4705 υ
1819 4653 1858 4706 Β
1891 4645 2149 4715 Gregorio
2188 4641 2485 4701 Tarouitm,
2514 4648 2566 4691 et
2599 4638 2666 4689 ab
2699 4636 2817 4704 ipso
2838 4636 3093 4688 tabellam
3128 4635 3454 4702 postulares,

199 4753 393 4816 γέγονε
421 4753 481 4800 τὸ
501 4749 776 4815 ψήφισμα,
800 4751 946 4815 μένει
979 4748 1057 4799 ἔτι
1102 4748 1134 4816 ή
1165 4749 1292 4816 περὶ
1315 4746 1504 4798 τούτου
1529 4746 1752 4809 ἀξίωσις
1771 4763 1781 4774 ·

202 4846 248 4892 εἰ
279 4843 323 4892 δ’
364 4838 480 4904 οὖν,
531 4839 644 4891 ἀλλ’
679 4841 779 4906 ὅρα
827 4839 902 4905 μὴ
932 4840 1074 4890 οὕτω
1118 4839 1287 4906 ταχὺς
1323 4837 1397 4888 ὢν
1438 4836 1785 4905 κινδυνεύσῃς

203 4937 300 4986 καὶ
335 4932 662 4999 σψαλλεσοαι
683 4947 694 4960 ·
724 4932 912 4998 ἐπειδὴ
947 4932 1008 4981 τὸ
1037 4933 1198 4998 τάχος
1232 4931 1499 4999 σφαλερὸν
1529 4925 1663 4980 εἶναι
1691 4934 1785 4996 τῆς

204 5025 507 5094 παροιμίας
538 5022 835 5091 ἐμάθομεν.
872 5023 1078 5090 Τηροίη
1129 5037 1186 5072 σε
1237 5021 1440 5090 Κύριος
1473 5021 1578 5074 ἀπὸ
1607 5021 1786 5086 πάσης

205 5117 435 5183 παγίδος
462 5115 555 5166 τοῦ
601 5114 871 5177 διαϐόλου,
906 5113 1124 5182 καὶτῆς
1174 5113 1308 5181 πρὶς
1361 5112 1426 5164 τὰ
1460 5111 1598 5163 καλὰ
1646 5113 1784 5177 ἁμε-

205 5211 377 5270 λείας.

1884 4755 2003 4808 qua:
2035 4735 2200 4790 estad
2224 4738 2632 4801 procuratorem
2670 4728 2721 4778 in
2757 4726 2892 4778 urbe
2923 4726 3164 4788 Berrcea,
3195 4739 3299 4793 qua
3328 4725 3458 4792 quid

1885 4828 1960 4879 illi
1987 4824 2253 4893 agendum
2277 4819 2348 4874 sit
2374 4817 2769 4886 prmscribitur.
2826 4814 2881 4866 Si
2902 4814 3118 4882 quidem
3150 4813 3315 4866 latum
3343 4813 3456 4878 jam

1886 4925 1970 4968 est
2003 4912 2350 4978 suffragium,
2385 4915 2568 4960 manet
2601 4906 2777 4958 adhuc
2813 4905 2912 4956 ista
2945 4905 3012 4957 de
3046 4919 3103 4957 re
3140 4905 3458 4972 postulatio.

1889 5005 1984 5058 Siti
2039 5014 2256 5062 autem,
2299 4999 2490 5051 saltem
2543 5010 2672 5048 cave
2729 5010 2816 5056 nc,
2851 5009 2974 5045 cum
3021 4992 3158 5045 adeo
3208 4993 3461 5044 celeriter

1891 5093 2278 5166 progrediaris,
2316 5089 2626 5156 impingas:
2662 5099 2786 5135 nam
2817 5084 3150 5136 celeritatem
3187 5082 3462 5150 periculo-

1893 5201 2007 5237 sam
2046 5198 2190 5244 esse,
2224 5179 2353 5232 trito
2389 5174 2674 5244 proverbio
2704 5173 3020 5226 edocemur.
3052 5170 3242 5225 Servet
3273 5180 3324 5223 te
3352 5169 3459 5222 Do-

1895 5281 2074 5328 minus
2102 5275 2168 5326 ab
2191 5270 2338 5324 omni
2364 5269 2557 5336 laqueo
2585 5265 2787 5318 diaboli
2809 5272 2861 5316 et
2885 5280 2913 5316 a
2940 5266 3207 5317 bonorum
3234 5276 3459 5331 operum

1896 5382 2127 5419 lllt'lll'la.

1405 5572 1606 5634 Varize
1655 5569 1961 5630 lectiones
2008 5572 2067 5625 ct
2097 5571 2282 5623 notae.

221 5759 381 5797 cuium
438 5738 678 5807 lit,qnid
747 5735 848 5789 sibi
909 5734 1034 5807 velit
1100 5730 1397 5807 lineam-to
1449 5726 1790 5807 Theophila-

221 5826 363 5868 ctus.
421 5797 833 5877 ΙιιέιριιιρΙυιὴ
893 5821 988 5874 pro
1021 5801 1283 5873 ἠπεδανὸς
1341 5809 1458 5853 erat
1531 5797 1786 5849 mendose

1898 5724 1930 5787 ὴ
1952 5720 2166 5784 ﬂeor/1'}.

1969 5789 2082 5857 ('20)
2125 5775 2198 5837 Ex
2236 5788 2473 5838 Homero
2501 5779 2665 5833 Iliad.
2696 5793 2766 5843 tv,
2802 5793 2853 5828 ι’.
2885 5775 3010 5830 219.
