4276 6436
183 368 293 431 3ὶὸ

1247 372 1628 433 EPISTOLJE
1666 374 1771 431 XX
1810 372 1911 431 EX
1951 371 2113 431 COD.
2142 372 2379 431 VAT\C.

3337 372 3443 432 3‘26

187 483 341 550 ρὶσαι
366 479 444 548 τῷ
466 481 601 549 πρὸς
616 480 675 534 δν
699 481 934 551 ἐγράφη,
958 482 1275 550 ναρκώδεις,
1296 486 1389 537 καὶ
1408 478 1519 536 οἷον
1536 484 1773 553 ἄχειρες.
1808 488 1856 540 Α

1749 501 1773 538 ς.
1808 488 1856 540 Α
1884 482 2012 536 bent
2050 495 2283 543 manus;
2321 487 2377 531 at
2405 481 2458 531 in
2495 477 2855 547 perferendis,
2889 476 3070 546 eique,
3098 477 3187 531 cui
3220 480 3438 548 scriptae

200 570 342 622 ’Δλϊ
394 570 581 638 ἐπειδὴ
628 572 723 623 καὶ
760 573 867 623 τῶν
893 573 1219 642 Φραγγικῶν
1269 574 1542 643 ὲπηρειῶν
1581 576 1768 637 ἐθάδες

187 662 293 729 ἢδη
330 662 637 727 γεγονότες,
669 663 798 731 ῥᾷον
825 662 856 723 ἢ
898 664 1127 731 πρόσθεν
1166 664 1235 716 τὰ
1265 665 1413 717 δεινὰ
1440 666 1769 734 διαφέρομεν

188 750 409 817 (χρόνος
439 748 546 816 γὰρ
573 749 820 819 εὐμαρὴς
850 752 1102 804 ἁπάντων
1126 752 1499 822 Διδάσκαλος),
1554 755 1649 806 καὶ
1680 753 1768 805 διὰ

186 839 354 890 ταῦτο
392 839 486 890 καὶ
518 838 673 906 ἡμῶν
700 840 877 892 αὐτῶν
908 841 1053 893 ἔστιν
1102 842 1190 894 ὅτε
1232 843 1514 911 γινόμεθα,
1562 846 1652 897 καὶ
1675 844 1768 896 τοῦ

187 930 415 994 γνόντος
447 929 711 998 ὲτύχομέν
738 947 797 982 τε
826 932 1399 1001 γραμματοκομιστοῦ,
1430 934 1523 988 τοῦ
1549 935 1653 986 ὑπὸ
1683 935 1773 989 τὸν

188 1020 489 1073 ὁσιώτατον
530 1022 745 1090 Πατέρα
786 1023 940 1090 κῦριν
981 1026 1201 1091 Συμεὼν
1246 1027 1636 1079 εὐλαϐέστατον
1677 1045 1772 1096 μο-

191 1110 355 1177 ναχὸν
384 1110 544 1181 κῦριν
574 1113 686 1179 (25)
717 1154 730 1167 .
764 1152 783 1168 .
806 1153 819 1166 .
852 1152 867 1167 .
898 1115 1006 1168 ἰδοῦ
1039 1117 1107 1168 τὰ
1134 1116 1282 1186 χείλη
1324 1134 1423 1185 μου
1453 1119 1512 1170 οὐ
1555 1119 1627 1188 μὴ
1653 1120 1773 1171 κολ-

192 1200 366 1268 λήσω,
396 1202 532 1253 ἀλλὰ
581 1203 672 1255 καὶ
703 1204 776 1272 νῷ
806 1205 898 1256 καὶ
934 1205 1075 1274 λόγῳ
1104 1208 1197 1259 καὶ
1222 1208 1528 1278 γράμματι,
1558 1209 1646 1260 τὸν
1680 1208 1774 1261 τοῦ

197 1293 443 1359 μεγάλου
482 1296 578 1345 καὶ
632 1294 721 1345 νοῦ
759 1297 851 1348 καὶ
884 1296 1040 1362 λόγου
1088 1297 1394 1367 λειτουργὸν
1427 1302 1519 1351 καὶ
1552 1300 1684 1369 πρὸς
1715 1300 1776 1351 τὸ

198 1382 425 1451 Πνεῦμα
452 1386 787 1453 χειραγωγὸν
836 1388 901 1438 ἐκ
939 1387 1281 1456 γράμματος,
1328 1390 1775 1458 προσφθέγγομαί

198 1488 259 1523 σε
289 1474 390 1525 καὶ
414 1476 861 1544 κατασπάζομαι,
895 1478 989 1529 καὶ
1023 1476 1138 1540 πῶς
1169 1479 1279 1547 ἔχει
1313 1496 1391 1531 σοι
1413 1480 1478 1532 τὰ
1507 1482 1600 1533 τοῦ
1630 1480 1776 1549 ἱεροῦ

198 1561 294 1611 καὶ
324 1557 663 1629 ήγιασρὶἐνου
710 1564 1047 1633 πυνθάνομαι
1084 1565 1350 1633 σώματος.
1405 1570 1512 1620 Καὶ
1556 1571 1604 1620 εἰ
1647 1570 1720 1636 μὴ
1749 1570 1776 1621 ὁ

199 1651 507 1717 πειραστὴς
542 1651 744 1720 Κυρίου
778 1654 1119 1722 περιχάσκει,
1159 1654 1313 1707 τοῦτο
1344 1658 1589 1726 καθάπερ
1634 1658 1777 1711 λίθον

200 1740 295 1789 τοῦ
329 1738 617 1805 βάλλοντος
646 1739 719 1810 μὴ
748 1740 1070 1810 ἁπτόμενος,
1103 1743 1186 1811 εἴη
1217 1744 1315 1812 μὲν
1362 1742 1455 1796 οῦν
1508 1747 1563 1797 ὲν
1592 1746 1778 1808 δεξιω-

1879 579 2029 633 sunt,
2062 569 2453 624 coutradcndis
2500 582 2693 638 segnes
2740 576 2891 630 sunt,
2939 583 3003 621 ac
3032 568 3178 622 velut
3236 572 3436 624 manci.

1877 663 2032 716 Nunc
2055 677 2202 725 vero,
2230 660 2669 730 quandoquidem
2697 658 3033 713 Francorum
3061 660 3441 717 vexatiouibus

1878 763 2153 821 utcunque
2181 750 2407 813 assueti,
2446 750 2608 820 569
2638 750 2807 803 levius
2834 765 2994 817 quam
3018 759 3198 813 antea,
3220 750 3443 805 ferimus

1882 843 2021 897 mala
2045 851 2232 895 nostra
2262 842 2501 909 (tempus
2516 840 2658 893 enim
2676 839 2905 892 maxime
2923 838 3147 894 idoneus
3159 850 3241 895 est
3263 856 3441 895 rerum

1879 933 2123 985 omnium
2150 931 2430 999 magister)
2454 931 2699 999 adeoque
2722 931 2893 984 nostri
2925 932 3166 999 ipsorum
3190 933 3443 1001 aliquan-

1881 1024 1951 1077 do
1984 1039 2107 1078 esse
2129 1024 2434 1091 coepimus:
2461 1030 2515 1075 et
2550 1032 2809 1090 praeterea
2860 1022 3115 1075 idoneam
3168 1026 3313 1076 nacti
3349 1041 3443 1079 su-

1883 1128 2002 1167 nms
2061 1113 2400 1167 tabellarium
2456 1111 2672 1180 (nempe
2744 1111 3255 1165 revereudissimum
3326 1129 3443 1166 ma-

1882 1204 2114 1257 nacltum
2156 1204 2513 1267 domnum....
2545 1204 2637 1272 qui
2674 1201 2863 1256 subest
2914 1202 3261 1255 sanctissimo
3295 1200 3444 1255 Patri

1883 1296 2085 1349 domno
2117 1292 2382 1361 Simeoni)
2416 1307 2525 1347 non
2567 1293 2800 1361 amplius
2832 1293 2972 1346 labia
3024 1293 3319 1347 constricta
3366 1302 3447 1345 te-

1882 1388 2058 1450 nebo;
2131 1387 2223 1440 sed
2282 1393 2483 1447 mente,
2543 1383 2711 1437 verbo
2760 1391 2812 1436 et
2868 1384 3071 1436 litteris
3131 1395 3180 1436 te
3219 1399 3455 1438 summa:-

1887 1480 2082 1535 mentis
2114 1494 2179 1533 ac
2211 1477 2360 1531 verbi
2390 1476 2730 1530 sacerdotem
2760 1482 2922 1543 atque
2965 1474 3030 1527 ad
3081 1474 3329 1542 spiritum
3378 1490 3443 1526 ex

1884 1571 2065 1623 littera
2126 1570 2577 1620 manuductorem
2627 1575 2680 1618 et
2716 1566 2961 1633 alloquar
2988 1574 3043 1619 et
3089 1567 3440 1633 complectar.

1884 1654 2037 1710 Nunc
2057 1670 2182 1708 vero
2206 1654 2480 1723 quomodo
2506 1666 2721 1705 sacrum
2743 1659 2797 1704 et
2820 1653 3211 1704 sanctiﬁcatum
3245 1666 3443 1720 corpus

1884 1754 2038 1800 tuum
2072 1746 2268 1809 valeat,
2291 1759 2508 1812 quaero:
2540 1752 2594 1798 et
2622 1758 2689 1797 an
2736 1752 2972 1797 tentator
3008 1744 3219 1797 Domini
3252 1744 3444 1809 iuliiet;

200 1828 386 1897 τέροις
404 1847 416 1857 ·
452 1830 501 1880 εἱ
527 1828 571 1880 δ’
599 1831 705 1900 ἄρα
735 1847 791 1882 σε
823 1831 916 1883 καὶ
942 1832 1049 1885 τῶν
1078 1833 1380 1902 ἀριστερῶν
1404 1835 1622 1904 ἐνοχλεῖ,
1648 1835 1782 1888 ἀλλά
1814 1811 1855 1866 Β
1886 1838 1889 1890 i

1752 1835 1782 1888 ἀ
1814 1811 1855 1866 Β
1886 1836 2019 1890 illttd
2050 1846 2229 1889 tamen
2256 1811 2513 1903 tanquam
2539 1834 2770 1901 lapidem
2814 1850 2842 1886 a
2871 1834 3172 1901 jaculatore
3217 1835 3439 1887 missum

202 1921 298 1973 καὶ
326 1920 507 1990 τούτῳ
542 1920 674 1990 (26),
706 1924 846 1976 κατὰ
878 1924 966 1976 τὸν
1006 1923 1096 1978 σὸν
1138 1925 1365 1992 Παῦλον,
1408 1927 1574 1990 ὅπλῳ
1602 1928 1781 1998 χρήσῃ

202 2012 624 2077 δικαιοσύνης,
654 2015 748 2067 καὶ
781 2014 875 2068 διὰ
903 2014 1013 2081 τῆς
1037 2015 1352 2080 ἀσθενείας
1379 2016 1570 2081 δείξεις
1599 2021 1782 2070 τελει-

206 2102 478 2168 ουμὲιεην
510 2103 567 2154 ἐν
597 2105 677 2154 σοὶ
730 2103 844 2170 τὴν
896 2102 990 2156 τοῦ
1030 2103 1163 2156 Θεοῦ
1215 2104 1489 2173 δύναμιν,
1549 2107 1641 2157 καὶ
1668 2106 1783 2171 τὴν

207 2190 365 2258 ζωὴν
382 2193 489 2246 τοῦ
522 2193 724 2259 Ἰησοῦ
748 2195 1108 2262 μανερώοιεις
1135 2196 1204 2248 ἐν
1233 2195 1411 2265 θνητῷ
1441 2196 1532 2249 καὶ
1560 2196 1781 2265 φθαρτῴ

205 2282 461 2351 σώματι.
497 2285 685 2337 Ὅσον
707 2288 739 2338 ό
770 2286 884 2349 ἔξω
916 2285 1221 2352 ἅνθρωπος
1256 2288 1573 2355 φθείρεται,
1596 2286 1781 2340 τοσοῦ-

210 2392 300 2426 τον
338 2376 854 2443 ἀι-ακαινουμένου
884 2377 988 2431 τοῦ
1018 2376 1159 2439 ἔσω,
1190 2379 1287 2431 καί
1313 2378 1499 2437 ζῶντα
1526 2377 1634 2430 τὸν
1667 2378 1778 2444 Ἰησ

210 2465 373 2519 σοῦν
392 2465 744 2528 δεικνύοντος.
780 2466 920 2536 Ἐρῶ
945 2484 1023 2519 σοι
1048 2466 1225 2537 βούλει
1261 2468 1356 2520 καὶ
1377 2469 1441 2519 τὰ
1470 2468 1578 2535 ἐμὰ
1607 2469 1781 2520 πάντα

214 2575 307 2626 μοι
336 2560 393 2610 εν
416 2556 722 2628 ἀριστεροῖς
744 2556 809 2609 τὰ
834 2555 923 2608 τοῦ
947 2557 1216 2625 σώματος,
1238 2558 1305 2608 τὰ
1323 2555 1415 2608 τοῦ
1452 2557 1780 2625 Πνεῦματος.

220 2649 319 2699 Ἕν
354 2648 513 2716 μόνον
540 2665 629 2716 μοι
670 2645 860 2711 δεξιὸν,
904 2646 935 2714 ὴ
964 2647 1097 2713 πρὸς
1130 2647 1226 2708 τὰς
1255 2646 1522 2714 ἡμετέρας
1554 2646 1668 2715 (27)
1696 2647 1785 2697 ab-

215 2740 319 2807 χὰς
350 2740 523 2800 ἐλπὶς,
559 2738 623 2801 ἃς
657 2740 888 2801 ἐκτενεῖς
922 2735 1094 2800 διδούς
1131 2753 1220 2807 μοι
1263 2737 1358 2788 καὶ
1394 2737 1501 2790 τῶν
1542 2735 1784 2805 συνήθων

215 2830 572 2898 θερμότερον,
621 2830 1114 2899 ἀντιπεριστήσεις,
1172 2824 1308 2891 οῖδα,
1348 2828 1415 2881 τὰ
1462 2829 1782 2897 πράγματα.

212 2917 606 2987 Φιλανθρώπου
656 2918 833 2970 τοίνυν
883 2919 977 2969 καὶ
1020 2918 1275 2971 δεσπότου
1327 2917 1423 2971 καὶ
1462 2916 1785 2986 φιλαδέλφου

216 3009 503 3078 ὑπηρέτης
560 3008 655 3072 ὣν,
707 3009 1052 3077 φιλαδελφίαν
1121 3009 1230 3077 (28)
1292 3010 1385 3060 καὶ
1437 3007 1787 3075 φιλαδελφίαν

1887 1924 2108 1981 minime
2165 1925 2538 1994 perstringat?
2595 1923 2816 1978 Utinam
2871 1925 3185 1978 omnimodo
3242 1924 3438 1977 valeat.

1893 2018 2085 2072 Verum
2115 2017 2330 2071 etiamsi
2354 2016 2631 2085 quidpiam
2655 2015 2865 2069 adversi
2895 2030 3091 2084 corpus
3129 2023 3279 2068 tuuut
3310 2028 3443 2067 con-

1888 2109 2091 2171 turbet,
2119 2118 2174 2162 tu
2208 2116 2400 2163 contra
2432 2108 2536 2161 hoc
2581 2121 2802 2175 quoque
2834 2107 2990 2175 juxta
3030 2106 3256 2160 Paulum
3289 2115 3440 2159 tuum

1886 2202 2048 2253 armis
2088 2199 2258 2253 uteris
2279 2199 2513 2267 justitia:
2545 2199 2610 2263 ‘°,
2640 2200 3005 2265 ostendesque
3034 2214 3125 2265 per
3156 2197 3445 2265 inﬁrmita-

1889 2299 1988 2343 tem
2014 2291 2196 2358 perﬁci
2228 2290 2280 2342 in
2309 2297 2360 2342 le
2383 2290 2626 2342 virtutem
2657 2290 2751 2341 Dci
2771 2290 2836 2349 ⁶¹,
2867 2291 3093 2341 εῑυξιαιιι
3117 2286 3245 2340 Jesu
3277 2293 3449 2339 maui-

1888 2379 2101 2448 festabis
2149 2380 2204 2430 in
2252 2380 2465 2432 tnortali
2524 2387 2577 2432 et
2624 2379 2963 2447 corruptibili
2997 2394 3209 2444 corpore
3248 2387 3339 2432 tuo
3366 2379 3445 2431 “z

1886 2481 2137 2539 quantum
2183 2469 2348 2535 enim,
2404 2470 2495 2536 qui
2549 2470 2680 2537 foris
2731 2479 2806 2522 est
2849 2472 3024 2533 homo,
3066 2470 3445 2544 corrumpitur,

1888 2559 2198 2627 tantuquui
2215 2560 2354 2612 intus
2375 2568 2470 2620 est,
2490 2568 2783 2619 renovatur,
2806 2570 2855 2610 et
2877 2559 3102 2612 viverein
3127 2575 3180 2611 se
3200 2557 3233 2609 J
3240 2575 3380 2612 esum
3404 2559 3452 2590 “

1886 2651 2243 2703 demonstrat.
2278 2648 2461 2702 Dicam
2495 2664 2623 2702 vero
2655 2650 2751 2704 tibi
2783 2650 3073 2719 (siquidem
3105 2651 3209 2719 vis)
3263 2650 3445 2703 omnia

1888 2753 2007 2792 mea
2041 2754 2163 2793 cum
2198 2739 2377 2807 quoad
2412 2754 2634 2807 corpus,
2674 2747 2787 2793 tum
2820 2741 2998 2806 quoad
3046 2740 3319 2809 spiritum,
3346 2743 3445 2793 ad-

1888 2845 2043 2883 versa
2089 2830 2219 2883 mihi
2244 2845 2383 2883 esse.
2424 2829 2538 2885 lloc
2591 2831 2766 2884 solum
2822 2831 2957 2884 mihi
3005 2831 3128 2885 boni
3174 2842 3445 2900 superest,

1890 2918 2082 2972 ﬁducia
2112 2919 2164 2971 in
2198 2921 2544 2974 orationibus
2589 2920 2697 2974 tuis
2739 2934 2879 2987 quas
2919 2919 2964 2974 si
2998 2935 3095 2989 pro
3116 2922 3445 2990 mejugiter,

1888 3024 1951 3064 ac
1984 3010 2147 3064 solito
2168 3010 2330 3063 etiam
2360 3009 2660 3065 ferventius
2691 3010 2912 3077 fundas,
2950 3013 3004 3066 in
3034 3012 3195 3065 aliam
3233 3024 3440 3080 partem

217 3098 519 3160 ἐπίδειξαι·
561 3099 646 3150 ἵνα
681 3114 739 3149 σε
762 3098 1011 3158 κάκεῖνος
1039 3096 1105 3150 τά
1129 3113 1187 3149 τε
1215 3095 1350 3150 ἄλλα
1378 3095 1471 3149 καὶ
1500 3096 1635 3167 ὑπὲρ
1662 3094 1787 3148 τού-
1814 3121 1858 3182 C
1890 3098 1906 3151 Ι

1761 3122 1787 3135 -
1814 3121 1858 3182 ρ
1890 3098 2032 3153 haud
2058 3098 2264 3163 dubito,
2290 3113 2379 3153 res
2403 3115 2552 3153 meas
2569 3112 2875 3157 convertes.
2906 3104 3038 3157 Cum
3064 3106 3228 3172 igitur
3255 3120 3446 3159 servus

216 3206 316 3240 του
349 3188 497 3259 δείξῃ
526 3190 575 3240 ἐι
610 3188 874 3257 οὐρανοῖς,
897 3185 1272 3256 ὲντελόμισθον
1306 3184 1510 3255 τηρῶν,
1560 3185 1655 3238 καὶ
1690 3185 1785 3237 νῦν

220 3280 409 3349 πάσης
444 3278 754 3340 κακύνσεως
778 3276 1044 3343 ἀνώτερον
1077 3278 1171 3330 καὶ
1196 3277 1510 3337 κακώσεως.

1891 3188 1968 3243 sis
2016 3189 2358 3257 perhumani,
2392 3199 2447 3244 et
2494 3191 2690 3246 iratres
2750 3207 2879 3245 suos
2935 3194 3131 3248 eximie
3168 3195 3446 3264 diligentis

1888 3279 2118 3341 domini,
2149 3280 2542 3335 humanitatem
2591 3290 2646 3335 et
2693 3283 2993 3337 fraternum
3049 3299 3287 3339 amorem
3319 3300 3446 3353 erga

222 3386 314 3425 me
342 3369 647 3425 ostendito:
668 3378 727 3424 ut
750 3370 911 3424 etiam
936 3369 1024 3423 ille
1049 3369 1143 3422 tibi
1169 3370 1224 3422 in
1248 3368 1402 3423 caelis
1424 3383 1546 3422 cum
1570 3368 1641 3425 ob
1662 3368 1787 3433 alia,
1825 3376 1941 3423 tum
1981 3370 2051 3425 ob
2081 3371 2182 3426 hoc
2211 3372 2387 3440 ipsum
2420 3374 2713 3442 perfectam
2781 3377 3048 3431 retribuat
3118 3380 3446 3444 mercedem,

220 3478 287 3516 ac
315 3462 480 3516 etiam
522 3476 665 3515 nunc
699 3461 766 3514 ab
804 3459 953 3512 omni
995 3460 1137 3513 malo
1161 3468 1214 3513 te
1243 3458 1538 3514 custodiat.

404 3553 505 3606 ΠΥ.
538 3582 606 3593 -
642 3551 725 3616 Τῷ
752 3550 1067 3621 καματηρῷ
1102 3550 1261 3619 κυρῷ
1288 3552 1609 3620 Γρηγορίῳ.

298 3644 505 3714 Καιρὸς
536 3661 624 3714 μοι
649 3644 710 3695 τὸ
746 3645 1081 3713 προφητικὸν
1115 3646 1312 3707 εἰπεῖν,
1363 3642 1557 3710 ἀδελφὲ
1591 3641 1786 3711 τιμιώ-

225 3754 356 3791 τατε
380 3752 396 3766 ·
433 3736 619 3804 Οἷμοι,
652 3735 740 3788 ὅτι
771 3735 889 3802 πῦρ
916 3734 1209 3803 κατέφαγε
1247 3732 1319 3786 τὰ
1347 3733 1529 3800 ὡραῖα
1561 3733 1669 3800 τῆς
1702 3734 1787 3785 οι-

221 3825 528 3894 κουμένης
559 3824 702 3895 (29)!
735 3824 799 3876 Τί
827 3825 936 3892 γὰρ
963 3822 1290 3891 ὡραιότερον
1326 3822 1475 3873 οἴκου
1514 3820 1693 3884 θείους
1736 3820 1789 3871 τί

220 3920 285 3971 δε
312 3916 694 3985 τερπνότερον,
712 3913 764 3966 τί
792 3912 847 3965 δε
871 3913 989 3965 τῶν
1016 3910 1339 3979 ἀγαπητῶν
1358 3910 1449 3962 τοῦ
1482 3908 1614 3962 Θεοῦ
1642 3926 1791 3974 σκη-

222 4006 535 4075 νωμάτων,
562 4005 655 4055 καὶ
680 4002 786 4054 τοῦ
824 4002 1010 4054 τόπου
1029 4001 1137 4067 τῆς
1163 4000 1351 4067 δόξης
1378 3998 1564 4052 αὑτοῦ
1597 4000 1792 4065 εὐπρε-

225 4098 529 4165 πέστερονς
585 4094 742 4161 Οίμοι
783 4092 889 4143 τῶν
941 4092 1086 4159 ὲμῶν
1143 4090 1462 4160 ἀμαρτιῶνι
1530 4088 1587 4141 αῖ
1653 4087 1792 4154 τάχα

224 4184 597 4249 ἐνεπύρισαν
617 4180 688 4233 ἐν
708 4180 847 4247 πυρὶ
875 4181 940 4233 τὸ
957 4178 1344 4246 ἁγιαστήριον
1368 4177 1471 4230 τοῦ
1498 4174 1665 4229 Θεοῦ.
1700 4176 1793 4239 Τίς

227 4275 410 4329 δώσει
446 4271 521 4338 τῇ
549 4271 783 4339 κεφαλῇ
802 4288 919 4339 μου
956 4271 1128 4337 ὕδωρ,
1167 4270 1264 4322 καὶ
1295 4269 1417 4334 τοῖς
1465 4266 1791 4337 ὀφθαλμοῖς

222 4383 348 4435 μου
387 4361 589 4428 πηγὴν
622 4360 936 4427 dux-ptitur;
966 4359 1064 4412 καὶ
1113 4361 1447 4427 κλαύσομαι
1485 4358 1552 4409 τό
1595 4373 1657 4408 τε
1684 4354 1792 4422 τῆς

2137 3552 2253 3605 XII.
2286 3582 2352 3593 --
2390 3551 2593 3604 Damno
2625 3552 2875 3619 Gregorio
2905 3561 3193 3606 camatero.

1963 3642 2339 3710 Opportunum
2373 3651 2457 3696 est
2481 3642 2799 3704 nuncmihi,
2838 3642 3308 3697 venerabilissime
3343 3644 3450 3696 fra-

1894 3741 1997 3795 ter,
2036 3731 2168 3784 illud
2215 3732 2589 3799 propheticum
2638 3744 2944 3798 usurpare:
2978 3730 3090 3783 Ileu
3138 3732 3284 3795 mihi,
3327 3749 3449 3801 qua

1895 3822 2030 3889 ignis
2058 3820 2277 3872 comedit
2327 3820 2563 3885 speciosa
2596 3819 2888 3871 deserti“!
2928 3819 3065 3882 Quid
3104 3820 3247 3872 enim
3290 3821 3451 3873 domo

1897 3910 1986 3963 Dei
2022 3908 2363 3977 speciosius?
2394 3908 2590 3975 quidve
2629 3906 2964 3974 jucundius?
3005 3908 3203 3974 quidve
3244 3908 3451 3961 dilectis

1894 3998 1987 4051 Dei
2020 3996 2392 4058 tabernaculis,
2426 4006 2479 4049 et
2503 3996 2616 4048 loco
2646 3996 2828 4061 gloriw
2866 3995 2978 4062 ejus
3009 3997 3053 4027 ⁵⁸
3084 3998 3255 4065 magis
3286 3997 3450 4049 deau-

1896 4088 2053 4141 rum?
2079 4087 2165 4141 Va:
2204 4087 2359 4151 milii,
2400 4087 2523 4153 quia
2555 4094 2775 4153 peccata
2822 4100 2939 4138 mea
2972 4086 3313 4138 incenderunt
3345 4088 3451 4155 igni

1894 4183 2255 4235 sanctuarium
2285 4181 2377 4233 Dei
2409 4181 2485 4233 “1
2523 4182 2653 4244 Quis
2697 4180 2838 4232 dabit
2887 4181 3047 4245 capiti
3091 4197 3198 4232 meo
3236 4163 3459 4248 aquam:

1896 4283 1944 4325 et
1994 4273 2160 4324 oculis
2204 4272 2329 4323 meis
2368 4273 2565 4338 [autem
2598 4270 2999 4339 lacrymarum?
3028 4281 3076 4323 et
3109 4271 3289 4336 lugebo
3326 4271 3453 4337 ﬁlia:

1897 4363 2075 4430 populi
2104 4364 2199 4415 mei
2233 4362 2603 4414 contritioncm
2634 4362 2703 4425 ‘7,
2742 4375 2932 4428 nempe
2963 4361 3199 4429 parvulae
3236 4370 3289 4413 et
3316 4361 3451 4413 infc-

229 4453 528 4524 θυγατρὸς
552 4451 656 4505 τοῦ
689 4452 841 4504 λαοῦ
863 4468 979 4518 μου
1013 4454 1370 4518 σύντέιμμα,
1410 4449 1506 4516 τῆς
1533 4447 1788 4515 πολίχνης
1821 4477 1867 4534 D
1902 4454 1911 4502 |

1764 4462 1788 4507 ς
1821 4477 1867 4534 D
1902 4454 2016 4504 licis
2045 4452 2201 4503 istius
2233 4450 2383 4503 urbis
2436 4464 2498 4502 ae
2525 4449 2812 4501 cucurbita:
2845 4449 3001 4500 Jama
3026 4450 3168 4516 (qua:
3208 4463 3331 4501 cum
3363 4450 3451 4501 vix

229 4546 462 4613 ταύτης,
504 4543 667 4612 φημἰ,
700 4542 799 4610 τῆς
838 4543 1095 4610 ἐλεεινῆς,
1130 4539 1238 4608 τῆς
1271 4541 1374 4594 τοῦ
1411 4539 1577 4594 Ἰωνᾶ
1615 4542 1791 4592 κολο-

1896 4539 2257 4606 apparuisset,
2286 4536 2599 4605 disparuit),
2635 4547 2708 4593 et.
2741 4534 2887 4603 quod
2916 4534 3324 4602 lacrymabilius
3347 4542 3453 4596 est,

232 4639 487 4703 κύνθης,
521 4635 620 4704 τῆς
657 4636 772 4702 ἆμα
805 4636 897 4685 καὶ
933 4632 1190 4701 φανείσης
1218 4633 1310 4683 καὶ
1347 4630 1666 4699 ιρθαρείσης,
1704 4629 1797 4680 καὶ
1895 4628 1921 4681 ll

1763 4629 1797 4680 ιὶ
1895 4627 2088 4681 Matris
2120 4628 2295 4696 populi
2341 4628 2463 4688 mei,
2510 4625 2604 4679 Dei
2643 4625 2918 4679 Ecclesia}.
2967 4624 3098 4687 Quis
3144 4622 3279 4675 adeo
3324 4622 3452 4674 ada-

234 4732 299 4780 τὸ
328 4727 439 4795 τῆς
468 4730 613 4795 lunt;
635 4725 702 4790 ὸς
758 4724 861 4778 τοῦ
908 4722 1061 4777 ,2αοῦ
1091 4740 1242 4790 μου,
1281 4722 1309 4774 ὃ
1354 4722 1447 4774 καὶ
1491 4722 1799 4788 οίκτότερον
1896 4737 1923 4771 ιι

1765 4736 1799 4771 ιν
1896 4720 2137 4771 mantina
2177 4726 2261 4770 est
2311 4717 2519 4779 auitna,
2566 4716 2686 4783 quis
2736 4714 2873 4766 adeo
2925 4713 3063 4765 duro
3120 4712 3306 4773 corde,
3360 4710 3454 4778 qvi

234 4821 302 4889 Π.
351 4815 617 4886 οἰκτρότ.]
671 4814 909 4882 τίθεμαι,
963 4814 1061 4881 τῆς
1107 4813 1200 4866 τοῦ
1259 4812 1392 4865 Θεοῦ
1435 4811 1796 4881 Ἐκκλησίαςς

235 4910 333 4971 Τίς
357 4907 530 4969 οὕτως
552 4904 886 4975 ἀδαμαντίνη
920 4904 1060 4972 ψυχή
1083 4922 1097 4967 ;
1119 4903 1201 4964 τίς
1227 4903 1398 4965 οὕτως
1432 4902 1529 4971 τὴν
1570 4901 1797 4969 καρδίαν

235 5000 593 5067 ὲσκλήρυται,
644 4997 717 5058 ὡς
770 4996 845 5065 μὴ
896 4992 1300 5062 καταφλεγῆναι
1353 4995 1452 5045 καὶ
1505 4992 1687 5054 αὐτὸς,
1735 4990 1794 5043 οὐ

235 5088 317 5157 τῷ
346 5087 460 5156 (30)
482 5087 715 5155 δράματι
738 5085 902 5152 λέγω,
930 5085 1071 5138 ἀλλὰ
1098 5085 1189 5138 καὶ
1207 5082 1347 5152 ψιλῷ
1362 5083 1439 5152 τῷ
1460 5080 1793 5148 ἀκούσματις

309 5220 358 5250 ⁸⁸
387 5219 429 5270 Il
459 5216 584 5271 Cor.
606 5231 679 5276 vr,
710 5216 764 5269 7.
836 5217 879 5248 ⁶¹
910 5216 953 5269 ll
976 5215 1101 5269 Cor.
1139 5228 1233 5277 xu,
1274 5214 1328 5268 9.
1402 5212 1446 5243 “
1475 5210 1515 5267 ll
1551 5210 1679 5267 Cor.
1712 5226 1785 5274 tv,
1825 5209 1912 5263 20.

238 5291 286 5322 “
306 5288 450 5343 Psal.
485 5300 673 5347 tum,
694 5286 744 5337 7.
853 5286 895 5317 ι’
923 5283 1121 5340 Jerem.
1153 5300 1229 5348 ιι,
1259 5284 1348 5337 11.

1897 4811 2063 4863 hocce
2098 4807 2432 4876 spectaculo,
2462 4805 2546 4857 vel
2584 4806 2744 4858 etiam
2779 4805 2893 4857 sola
2928 4803 3004 4855 rei
3038 4802 3316 4855 auditione
3343 4817 3449 4852 non

1901 4898 2203 4952 exuratur?
2226 4897 2361 4960 Quid
2390 4896 2511 4957 hoc,
2543 4893 2791 4957 Domine,
2829 4892 3046 4959 (iudicio
3076 4892 3214 4943 enim
3246 4900 3454 4941 centen-

1903 4986 2113 5041 tettdam
2142 4988 2333 5051 tecum)
2382 4998 2546 5052 quare
2578 4982 2839 5048 repulisti,
2885 4992 2934 5035 el
2979 4980 3291 5034 destruxisti
3318 4994 3409 5029 nos
3435 4976 3460 5027 ?

1903 5077 2179 5130 ostendisti
2223 5090 2328 5128 nou
2355 5074 2545 5143 populo
2574 5072 2697 5137 soli,
2727 5072 2823 5126 sed
2855 5081 2910 5126 et
2949 5071 3327 5126 sacerdotibus
3360 5068 3460 5118 du-

1993 5209 2038 5240 “
2067 5209 2203 5263 Ibid.
2234 5207 2318 5263 16.
2397 5206 2443 5239 ⁸⁵
2470 5206 2609 5262 Joel.
2646 5221 2685 5273 ι,
2723 5206 2808 5263 19.
2882 5206 2927 5237 ⁸⁵
2959 5204 3099 5259 Psal.
3147 5217 3369 5266 unm,
3406 5202 3454 5253 ί.

1429 5399 1629 5462 νοτίδι
1675 5396 1977 5460 lectiones
2020 5401 2081 5456 et
2124 5402 2309 5456 notua.

315 5526 431 5599 (ξξ)
464 5526 547 5599 ζον.
572 5524 967 5599 ὠλαϐεστὰτου
1006 5528 1241 5599 μοναχοῦ
1264 5522 1453 5599 κυροῖ.

317 5594 432 5658 (‘26)
464 5597 547 5648 ῖσ.
574 5595 750 5647 τοῦτο.

320 5663 433 5729 (‘27)
458 5665 541 5717 ῖσ.
568 5661 860 5730 ὑμετέρας.

321 5731 433 5801 (23)
465 5732 550 5788 ῖσ.
582 5731 1007 5804 φιλανθρωπίαν.

1981 5521 2091 5591 (29)
2124 5522 2207 5576 70'-
2243 5524 2341 5592 τῆς
2374 5524 2587 5594 ἐρήμου
2612 5562 2646 5594 ,ί
2671 5523 2876 5594 saltem
2916 5519 2996 5594 sic
3067 5514 3295 5594 habent.
3320 5507 3459 5565 LXX

1909 5589 2255 5657 interpretes,
2289 5589 2433 5647 sicut
2460 5589 2516 5648 Et
2552 5591 2803 5661 Vulgata,
2840 5589 3080 5658 Speciosa
3108 5589 3315 5637 deserti.

1983 5662 2092 5735 (30)
2123 5661 2209 5717 ῖσ.
2236 5662 2427 5733 τούτῳ.
