4276 6436
788 429 893 494 3‘27

1748 412 2025 474 ΤΠΕΟΡΙ
2039 405 2322 470 [YLACTI
2351 403 2764 466 BULGARHS
2798 404 3148 464 ARClIlEP.

3922 400 4034 463 32S

788 562 851 599 ra
880 544 957 607 ⁸⁸ς
995 541 1190 611 potasti
1226 556 1321 594 nos
1370 538 1490 592 vino
1538 530 2015 602 compunctionis”
2053 543 2068 579 :
2111 524 2274 595 5'70
2301 530 2355 575 et
2385 528 2430 581 Α
2457 538 2477 571 1

2343 530 2355 573 ι
2385 528 2430 581 Α
2457 522 2511 573 τί
2540 519 2698 574 τοῦτο
2748 521 2919 589 Κύριε
2952 520 3219 587 (Κρίματι
3260 518 3369 587 γὰρ
3402 515 3657 583 λαλήσω
3701 515 3851 585 πρὸς
3899 517 4032 583 σέ);

786 633 1057 701 reliquisti
1086 632 1304 686 domum
1332 638 1477 681 tuam
1525 630 1783 680 desertam
1816 637 1833 674 :
1867 630 1920 674 et
1949 633 2154 671 cessare
2185 613 2355 683 fecisti

787 725 1053 777 canticum
1095 719 1313 773 laudum
1345 719 1411 770 ab
1455 718 1592 782 ipsa,
1624 724 1671 768 et
1708 713 1879 766 onmis
1916 710 2004 776 qui
2048 706 2241 759 transit
2270 718 2359 771 per

789 828 907 865 eam
945 810 1180 863 sibilabit
1224 821 1243 858 :
1281 817 1331 860 et
1380 807 1624 858 diadema
1662 800 2075 866 pulchritudinis
2119 793 2360 857 violasti,

789 916 839 956 et
875 916 1120 954 coronam
1167 898 1349 968 gloria:
1380 908 1430 951 et
1460 895 1792 949 laudationis
1820 888 2088 959 dissipasri
2114 887 2182 937 ⁷⁸.
2213 886 2361 951 Quo-

794 992 955 1042 modo
1003 990 1129 1051 ista,
1162 986 1429 1041 Domine?
1463 984 1740 1054 quomodo
1782 978 2081 1047 corripuisti
2124 991 2224 1028 nos
2254 990 2361 1027 non

792 1079 1099 1147 injudicio,
1134 1077 1229 1132 sed
1254 1079 1307 1130 in
1339 1076 1566 1144 furore?
1602 1074 1737 1127 etin
1784 1074 1941 1125 tinem
1970 1071 2050 1122 ira
2082 1078 2171 1121 tua
2203 1066 2363 1119 lami—

794 1171 1023 1226 liaribus
1060 1170 1167 1222 tuis
1201 1179 1457 1236 tanquam
1506 1163 1787 1220 extraneis
1818 1176 1917 1216 usa
1965 1166 2072 1223 est,
2103 1167 2155 1211 et
2190 1156 2364 1210 vindi-

797 1278 927 1316 cans
970 1258 1273 1321 vindicasti,
1311 1264 1365 1310 et
1410 1254 1737 1323 complevisti
1762 1269 1779 1307 :
1821 1259 1875 1306 et
1924 1247 2201 1320 quondam
2244 1247 2369 1314 qui-

796 1356 916 1409 dem
966 1352 1134 1405 altare
1185 1346 1561 1416 Pr0pitiatorii
1610 1342 1821 1398 ctelcsti
1858 1342 1983 1411 igne
2009 1336 2279 1398 evertisti,
2311 1342 2365 1388 et

796 1445 1074 1514 pulverem
1121 1439 1429 1494 ventilabro
1466 1434 1768 1503 dissipasti,
1821 1442 1879 1485 ut
1910 1432 2117 1500 justum
2153 1425 2367 1497 gloriﬁ—

795 1550 973 1590 cares.
1000 1534 1152 1586 Nunc
1184 1540 1363 1583 autem
1408 1536 1658 1582 sanctum
1708 1524 1884 1576 altare
1914 1530 2067 1575 tuum
2105 1518 2213 1589 igni
2254 1525 2367 1570 tra-

795 1624 1004 1683 didisti,
1031 1636 1137 1673 non
1165 1617 1230 1671 ad
1257 1618 1510 1688 gloriam,
1544 1612 1638 1668 sed
1675 1610 1744 1664 ad
1791 1607 2228 1663 humiliatiouem
2260 1619 2363 1658 no-

797 1724 991 1766 stram.
1030 1709 1404 1767 Peccavimus;
1435 1704 1528 1759 sed
1562 1713 1616 1756 tu
1650 1702 1892 1755 clemens
1915 1712 1976 1752 es
2010 1696 2247 1764 :injuste
2265 1694 2373 1764 egi-

800 1821 915 1856 mus
938 1805 980 1834 “
1007 1820 1022 1856 :
1056 1800 1148 1854 sed
1182 1809 1237 1851 tu
1272 1794 1647 1866 paenitentiam
1678 1791 1794 1861 agis
1821 1803 1987 1858 super
2011 1786 2168 1841 malis
2196 1785 2370 1838 homi-

2459 611 2585 677 πῶς
2615 611 2836 666 ἀπώσω
2884 608 3061 676 ἡμᾶς,
3098 609 3198 661 καὶ
3246 606 3518 674 καθεῖλες
3555 606 3751 676 fusae;
3796 607 4034 673 ἔδειξας

2461 705 2532 757 οὐ
2560 701 2641 766 τῷ
2668 699 2796 765 λαῷ
2829 700 3012 768 μόνον,
3056 700 3191 753 ἀλλὰ
3227 700 3321 752 καὶ
3351 699 3463 759 τοῖς
3519 696 3721 768 ἱερεῦσι
3762 699 4032 765 σκληρὰ,

2461 792 2749 857 ἐπότισας
2796 789 2954 859 ἡμᾶς
3003 786 3169 843 οἶνον
3220 786 3629 851 κατανύξεως,
3680 788 3770 839 καὶ
3813 788 4036 855 ἀφῆκας

2463 885 2556 937 τὴν
2611 880 2761 935 οἶκόν
2825 900 2917 934 σου
2972 880 3216 948 ἔρημον,
3276 879 3369 932 καὶ
3430 878 3818 944 κατέπαυσας
3875 878 4036 948 ἦχον

2464 973 2635 1042 ᾠδῶν
2671 974 2774 1027 ἀπ’
2825 973 3033 1034 αὑτοῦ,
3079 972 3178 1025 καὶ
3208 972 3376 1024 ἔσται
3408 967 3525 1035 τὲᾶς
3554 970 3621 1034 ὃς
3664 969 4038 1024 διελεύσεται

2466 1068 2665 1136 συριεῒ
2704 1066 2796 1119 ἐπ’
2845 1065 3025 1129 αὐτῷ,
3070 1065 3166 1116 καὶ
3204 1063 3268 1116 τὸ
3319 1061 3573 1130 διάδημα
3612 1062 3715 1115 τοῦ
3765 1063 4039 1124 intulere

2466 1159 2825 1230 καθύϐρισας,
2881 1156 2980 1210 καὶ
3024 1157 3129 1209 τὸν
3183 1158 3488 1221 στέφανον
3539 1153 3650 1221 τῆς
3702 1153 3887 1220 δόξης
3933 1154 4037 1207 και

2465 1249 2831 1318 ὑμνολογίας
2862 1246 3250 1326 station-race“
3283 1242 3405 1305 Πῶς
3432 1240 3636 1307 τιῦτα,
3673 1242 3875 1312 Κύριε;
3917 1245 4038 1305 πῶς

2467 1340 2832 1405 ἐπαίδευσας
2861 1340 3032 1409 ἡμᾶς,
3063 1337 3163 1389 οῦκ
3194 1335 3263 1389 ἐν
3314 1333 3531 1401 κρίσει,
3571 1332 3687 1386 ἀλλ’
3735 1333 3805 1385 ἐν
3847 1334 4035 1401 θυμῷ,

2472 1434 2564 1485 καὶ
2607 1433 2897 1501 ἀποτόμως
2933 1432 2964 1498 ἡ
3016 1428 3155 1495 ὀργή
3209 1444 3301 1480 σου
3344 1425 3437 1479 καὶ
3481 1426 3773 1494 ἀλλοτρίως
3811 1427 3921 1488 τοῖς
3956 1429 4041 1477 οἰ-

2469 1525 2639 1588 κείοις
2702 1526 2992 1593 ἐχρήσατο,
3054 1520 3149 1574 καὶ
3216 1519 3466 1573 ἐκδικῶν
3531 1517 3891 1582 ἐξεδίκησας
3941 1518 4043 1569 καὶ

2471 1615 2908 1677 συνετέλεσας;
2965 1612 3076 1666 Καὶ
3127 1609 3295 1665 πάλαι
3325 1611 3423 1679 μὲν
3464 1608 3525 1662 τὸ
3557 1608 3650 1662 τοῦ
3699 1604 3880 1660 Ἠλιοῦ
3923 1609 4040 1676 (3|)

2470 1710 2903 1776 θυσιαστήριον
2931 1705 3168 1775 οὐρανίῳ
3202 1703 3336 1773 πυρὶ
3381 1704 3474 1755 καὶ
3497 1702 3589 1754 τὸν
3617 1700 3744 1771 χοῦν
3774 1702 4046 1769 λικμησα-

2476 1801 2621 1870 μένῳ
2650 1798 3045 1869 κατέστρεψας,
3086 1797 3173 1849 ἵνα
3197 1795 3427 1868 δοξάσῃς
3448 1793 3540 1847 τὸν
3570 1793 3790 1847 Δίκαιον
3812 1808 3824 1821 ’
3858 1790 3955 1844 νῦν
3982 1791 4043 1843 δὲ

799 1910 928 1947 num
961 1909 975 1955 ;
1006 1889 1098 1945 sed
1129 1898 1184 1942 tu
1222 1884 1630 1955 supergrederis
1659 1880 1998 1948 iniquitates,
2037 1875 2131 1931 sed
2167 1884 2221 1928 tu
2256 1874 2368 1928 disc
2401 1870 2445 1927 Β
2472 1910 2488 1944 ,ι

2354 1901 2368 1915 ’
2401 1870 2445 1927 Β
2472 1892 2533 1945 τὸ
2572 1890 2732 1958 ἆγιόν
2769 1906 2861 1943 σου
2896 1887 3278 1957 θυσιαστήριον
3316 1886 3449 1949 πυρὶ
3486 1882 3897 1955 παραδέδωκας,
3939 1882 4043 1934 οῦκ

800 1985 1027 2039 simulas
1061 1989 1303 2049 peccata.
1336 1973 1622 2043 Quomodo
1652 1970 1817 2040 igitur
1852 1968 2013 2022 nobis
2060 1969 2240 2035 {.ccem
2282 1972 2369 2019 to-

801 2085 911 2128 tam
954 2072 1061 2125 vini
1110 2069 1239 2122 meri
1284 2066 1403 2135 [clis
1451 2057 1850 2117 exinanisti"?
1900 2055 2007 2110 Sed
2053 2054 2189 2108 heu!
2240 2053 2372 2125 quid

800 2178 998 2232 passus
1020 2161 1175 2216 sum!
1213 2155 1488 2227 quoutodo
1521 2153 1709 2207 dolore
1758 2157 1947 2217 raptus
1976 2144 2189 2200 excessi
2224 2158 2254 2196 a
2285 2158 2373 2198 me

804 2250 957 2322 ipso!
1010 2259 1097 2311 ut,
1147 2246 1290 2317 quod
1340 2244 1546 2300 evenit.
1599 2238 1971 2293 calamitatem
2038 2243 2370 2303 reputarem,

802 2355 924 2410 qua:
962 2339 1166 2393 nullam
1203 2334 1517 2389 admitteret
1546 2328 2006 2384 consolationem.
2058 2323 2127 2378 At
2157 2337 2263 2377 non
2296 2322 2371 2375 ita

804 2448 925 2489 sese
956 2446 1040 2483 res
1072 2428 1255 2482 habet.
1296 2424 1513 2487 Verum,
1546 2422 1639 2490 qui
1691 2417 1945 2487 corripit,
1980 2414 2143 2469 Pater
2172 2423 2278 2478 est,
2320 2422 2374 2467 et

805 2522 1039 2591 correpti
1068 2520 1159 2572 lilii
1191 2525 1339 2572 sunt.
1369 2514 1543 2567 Macte
1571 2512 1736 2579 igitur
1780 2509 1985 2571 animo,
2027 2505 2375 2562 sanctissime

808 2614 996 2668 frater.
1032 2611 1097 2663 Et
1127 2606 1348 2677 quando
1379 2616 1641 2672 unquam,
1678 2600 1765 2654 sin
1816 2597 2001 2660 modo,
2038 2595 2237 2650 mentis
2268 2604 2372 2647 tute

808 2700 1067 2756 oszendes
1096 2696 1433 2753 ﬁrmitatem,
1458 2702 1710 2756 eatnque,
1737 2700 1842 2754 qua
1873 2681 2179 2751 inslgniris,
2207 2680 2376 2733 animi

809 2785 1289 2860 magnitudinem?
1318 2784 1373 2836 Si
1407 2782 1507 2849 ipsi
1560 2781 1632 2831 ita
1668 2776 1939 2838 dolemus,
1969 2784 2024 2828 et
2054 2770 2375 2826 infortuniis

812 2857 1158 2939 enervamur,
1190 2870 1462 2942 quomodo
1500 2867 1565 2921 ad
1599 2861 1974 2919 fortitudinem
2008 2857 2374 2913 excitabimus

813 2985 992 3042 alios?
1022 2984 1100 3039 Ae
1124 2982 1169 3038 si
1204 2980 1308 3050 ipsi
1340 2974 1775 3045 irreparabiliter
1804 2968 2073 3032 cadimus,
2099 2963 2374 3034 quomodo

813 3080 950 3131 alios
979 3073 1236 3129 cadentes
1275 3068 1553 3136 erigemus
1574 3063 1595 3114 ?
1614 3061 1731 3115 Non
1759 3060 1831 3112 ita
1861 3070 2046 3126 quteso
2083 3064 2133 3108 te
2155 3055 2375 3116 habeas,

813 3185 846 3223 0
869 3164 1217 3237 prmpotentis
1241 3159 1334 3214 Dei
1359 3153 1747 3220 sacerdos,’qui
1765 3149 1930 3204 debes
1947 3146 2122 3201 omnia
2142 3143 2376 3211 posse",

816 3261 870 3312 in
891 3272 957 3312 eo
985 3256 1076 3325 qui
1110 3252 1401 3321 confortat,
1429 3246 1651 3302 Christo
1680 3261 1693 3296 :
1728 3257 1793 3295 ac
1830 3240 1998 3295 debes
2039 3247 2217 3303 potens
2246 3250 2376 3299 esse,

818 3359 874 3401 ιιι
906 3347 1153 3401 inﬁrmos
1186 3349 1463 3397 sustentes
1488 3337 1646 3404 juxta
1688 3334 2009 3399 magistrum
2053 3339 2198 3381 tuum
2240 3325 2380 3379 Pau-

819 3440 949 3490 lum.
987 3430 1287 3502 Optandqu
1318 3426 1534 3495 quidem
1567 3430 1734 3485 esset,
1766 3427 1824 3470 ut
1853 3415 1996 3486 quod
2061 3420 2241 3469 evenit
2270 3430 2377 3467 non

816 3527 1109 3581 evenisset.
1144 3520 1277 3586 Quis
1302 3513 1621 3586 negaverit?
1653 3511 1744 3569 At,
1765 3523 1890 3561 cum
1925 3506 2033 3559 Deo
2055 3506 2130 3558 ita
2159 3507 2379 3574 planae-

818 3619 908 3681 rit,
941 3612 1207 3685 quisejus
1255 3608 1473 3662 resistet
1516 3600 1822 3657 voluntati?
1863 3596 2114 3651 Fortasse
2146 3605 2201 3650 et
2234 3596 2377 3663 quo}

821 3712 891 3761 ita
923 3703 1188 3768 evenerit,
1223 3698 1420 3753 melius
1464 3703 1568 3749 est.
1606 3691 1722 3745 Non
1765 3690 1930 3759 igitur
1965 3687 2095 3741 illud
2128 3686 2380 3739 conside-

820 3808 943 3847 rare
974 3797 1212 3861 oportet,
1261 3782 1539 3855 quomodo
1586 3776 2132 3845 tristitiae-pabulum
2178 3774 2383 3846 submi-

822 3885 1118 3939 nistremus
1148 3879 1200 3950 (a
1244 3892 1304 3933 se
1347 3877 1464 3945 ipsa
1506 3871 1653 3927 enim
1686 3870 1793 3922 'illa
1828 3867 2052 3930 crescit,
2083 3879 2259 3934 neque
2286 3862 2382 3915 ad-

818 3991 1006 4059 juncta
1043 4001 1175 4041 cura
1218 3981 1389 4053 eget),
1422 3979 1514 4034 sed
1552 3973 1825 4045 quomodo
1854 3987 1972 4027 eam
1998 3952 2292 4025 evellamus
2327 3975 2381 4021 ct

823 4083 1189 4135 destruamus.
1237 4072 1373 4125 Nam
1437 4071 1491 4123 in
1544 4068 1751 4122 morbis
1792 4063 2063 4132 corporis,
2092 4061 2380 4114 mulierum

825 4190 914 4227 res
972 4180 1057 4225 est
1100 4176 1293 4238 pectus
1334 4161 1586 4224 tundere,
1635 4160 1887 4228 plangere
1936 4163 1991 4208 et
2042 4150 2381 4206 dilacerari:

826 4263 1021 4317 medici
1052 4267 1232 4312 autem
1282 4268 1408 4308 cum
1450 4252 1555 4306 ista
1600 4249 1916 4317 reprimere,
1951 4252 2065 4297 tum
2099 4243 2167 4297 de
2195 4240 2385 4294 morbo

826 4365 1083 4421 solvendo
1131 4361 1392 4431 cogitare.
1429 4355 1532 4410 Sed
1583 4369 1713 4407 cura
1741 4349 1975 4405 dillicilis
2022 4354 2127 4411 est,
2155 4344 2381 4412 inquis;

826 4469 879 4512 et
915 4453 1212 4525 praesertim
1238 4449 1362 4503 istis
1391 4446 1575 4517 pravis
1614 4440 1970 4510 temporibus,
2002 4435 2201 4505 quibus
2233 4443 2381 4486 tanta

826 4556 911 4603 est
942 4557 1165 4615 operum
1194 4552 1484 4606 rerumque
1531 4534 1779 4605 penuria.
1823 4530 1893 4582 At
1935 4528 2029 4582 ubi
2068 4527 2134 4587 is,
2167 4525 2259 4594 qui
2291 4540 2386 4593 po-
2422 4544 2467 4600 υ

832 4645 938 4693 test
968 4635 1149 4690 omnia
1183 4631 1300 4686 solo
1322 4629 1488 4682 verbo
1529 4622 1762 4679 creare?
1787 4621 1909 4691 ipse
1935 4619 2100 4679 dicet,
2132 4626 2186 4672 et
2216 4615 2344 4669 [lem
2372 4632 2386 4679 ;

836 4725 1132 4789 mandabit,
1176 4730 1231 4776 et
1276 4720 1608 4774 creabuntur
1637 4715 1707 4769 ⁷⁵.
1747 4711 2122 4767 Reminiscere
2155 4708 2393 4776 antiquae

832 4819 977 4873 illius
1004 4828 1278 4882 sacrasque
1308 4809 1569 4865 historiae.
1607 4804 1890 4873 'l‘emplum
1924 4801 2057 4854 illud
2090 4798 2387 4853 celeberri-

834 4924 1001 4973 mum,
1042 4908 1235 4975 ingens
1265 4901 1399 4957 illud
1428 4898 1617 4954 mundi
1664 4893 2007 4953 miraculum.
2059 4889 2202 4959 quod
2236 4888 2392 4941 Salo.

834 5016 960 5055 mon
988 4999 1098 5053 Deo
1124 4994 1521 5065 Hierosolymis
1543 4992 1909 5049 exstruxerat,
1939 4998 1966 5036 a
1990 4980 2394 5036 Nabuzardano

836 5092 1116 5142 incensum
1146 5093 1200 5141 et
1222 5097 1468 5140 eversum
1493 5076 1816 5151 jamdudum
1836 5073 2074 5143 jacebat.
2098 5071 2242 5125 Deus
2262 5084 2390 5123 vero

838 5178 1035 5247 populo
1075 5190 1104 5228 a
1139 5173 1457 5244 captivitate
1476 5169 1676 5229 soluto,
1705 5176 1895 5217 omnes
1916 5161 1982 5215 ad
2012 5174 2180 5215 sacrae
2201 5160 2395 5213 domus

839 5265 1312 5321 [aediﬁcationem
1365 5260 1649 5315 incitabat.
1690 5252 1888 5309 Verum
1944 5253 2179 5305 humana
2218 5249 2396 5302 imbe-

838 5357 1035 5412 cillitas
1057 5369 1117 5410 se
1143 5355 1314 5423 ipsam
1340 5350 1651 5412 dimetiens,
1686 5342 1834 5414 Operi
1873 5339 2143 5413 perat-duo
2172 5354 2394 5393 manum

2472 1984 2553 2046 είς
2580 1984 2735 2049 δόξαν
2777 1981 2957 2053 ἡμῶν,
2990 1978 3105 2033 ἀλλ’
3143 1979 3223 2039 είς
3267 1975 3591 2044 κατήφειαν.
3648 1972 4042 2042 Ἠμάρτομεν,

2475 2073 2611 2128 ἀλλὰ
2642 2075 2707 2127 σὺ
2748 2070 3103 2135 ἀνεξίκακος·
3155 2067 3551 2135 ἠδικήσαμεν,
3592 2062 3725 2118 ἀλλὰ
3766 2065 3829 2117 σὺ
3875 2080 4045 2132 μετα⁸

2474 2163 2614 2220 νοῶν
2671 2161 2765 2214 ἐπὶ
2819 2160 3039 2220 κακίαις
3104 2156 3445 2227 ἀνθρώπων·
3510 2152 3626 2207 ἀλλ’
3694 2151 4045 2222 ὑπερϐαίνων

2476 2252 2728 2321 ἀνομίας,
2770 2248 2887 2303 ἀλλ’
2932 2246 3215 2316 ὑπερορῶν
3268 2244 3562 2315 ἁμαρτίας.
3610 2242 3732 2305 ῐΙῶς
3779 2234 3873 2294 οὖν
3911 2240 4048 2310 ὃλην

2474 2344 2607 2412 ἡμῖν
2632 2341 2744 2409 τὴν
2780 2338 3029 2407 τρυγίαν
3055 2336 3165 2404 τῆς
3195 2336 3455 2403 ἀκράτου
3482 2333 3675 2403 χολῆς
3703 2333 4050 2397 ἐκένωσαςς

2488 2433 2670 2494 Ἀλλὰ,
2704 2431 2887 2503 βαϐαὶ,
2918 2423 3027 2483 οἷον
3070 2428 3311 2482 πέπονθα
3346 2426 3422 2496 τῷ
3466 2424 3627 2479 πάθει
3667 2424 4043 2494 παραπρείςί

2488 2524 2742 2592 Ἐξέστην
2768 2521 2931 2583 αὐτὸς
2968 2516 3233 2589 ἐμαυτοῦ,
3275 2515 3373 2572 καὶ
3416 2516 3623 2583 νομίζω
3668 2514 3768 2579 τὴν
3820 2516 4049 2582 ἐπαγω-

2479 2614 2605 2683 γὴν,
2662 2609 2944 2681 συμςιορὲν
2999 2607 3408 2679 ἀπαράκλητον.
3453 2605 3566 2673 Οὐχ
3603 2603 3745 2656 οὕτω
3782 2603 3838 2657 δὲ
3893 2601 4051 2656 ταῦτ’

2480 2704 2595 2773 ἔχει
2633 2702 2815 2762 ποθὲν,
2854 2699 2989 2753 ἀλλά
3038 2700 3133 2752 καὶ
3169 2699 3198 2749 δ
3247 2695 3541 2757 παιδεύσας
3595 2693 3806 2764 Πατὴρ,
3856 2694 3953 2747 καὶ
3999 2692 4053 2744 οἱ

2480 2789 2859 2851 παιδευθέντες
2885 2788 3012 2840 υἱοί.
3047 2787 3279 2841 Ἀνάστα
3306 2786 3503 2849 τοίνυν,
3533 2784 3723 2851 ἀδελφὲ
3762 2780 4048 2851 ἱερώτατε.

2482 2882 2618 2935 Πότε
2668 2880 2856 2934 ἄλλοτε
2892 2880 2991 2950 τὴν
3034 2880 3098 2931 ἐκ
3129 2876 3224 2930 τοῦ
3261 2875 3356 2929 νοῦ
3390 2875 3710 2928 εὐστάθειαν
3740 2871 4054 2935 ἐπιδείξεις,

2483 2972 2580 3026 καὶ
2623 2972 2685 3024 τὸ
2724 2969 3131 3041 χαρακτηρίζον
3181 2985 3238 3020 σε
3294 2965 3754 3034 μεγαλόγνωμονς
3791 2963 3854 3018 Εἰ
3898 2963 4058 3016 αὐτοὶ

2482 3061 2757 3132 ἀλγοῦμεν
2780 3060 2942 3123 οὕτω,
2969 3060 3063 3114 καὶ
3091 3061 3201 3121 τοῖς
3245 3053 3617 3126 προσπεσοῦσι
3664 3054 4053 3124 καταμαλακι-

2482 3152 2707 3222 ζόμεθα,
2736 3152 2865 3205 πότε
2896 3153 3009 3213 τοῖς
3034 3149 3215 3211 ἄλλοις
3239 3147 3301 3200 τὸ
3335 3147 3562 3215 ἄλγημα
3601 3145 4013 3214 θεραπεύσομεν
4038 3158 4056 3208 ;

2489 3242 2607 3304 πῶς
2642 3241 2836 3304 αὐτοὺς
2867 3241 2945 3302 είς
2974 3240 3227 3307 ἀνδρείαν
3260 3236 3573 3305 ἀλείψομεν,
3608 3234 3763 3288 αὐτοὶ
3794 3233 4057 3295 πεσόντες

2488 3331 2803 3402 ἀνόρθωτας
2835 3329 2952 3392 πῶς
2989 3330 3116 3391 τοῦς
3149 3328 3338 3390 ἄλλους
3366 3327 3459 3380 τοῦ
3502 3325 3790 3395 πτώματος
3822 3325 4059 3393 ἀναστή-

2490 3440 2692 3492 σομεν;
2731 3423 2823 3492 Μὴ
2852 3421 3025 3484 οὕτως
3053 3420 3141 3488 ἔχε
3170 3437 3282 3489 μοι,
3308 3421 3337 3472 ὁ
3365 3418 3458 3471 τοῦ
3480 3416 3703 3470 δυνατοῦ
3738 3416 3873 3469 Θεοῦ
3902 3417 3961 3467 λε
3976 3432 4057 3469 ιτ·

2488 3514 2705 3583 ουργὺς,
2742 3514 2770 3566 ὁ
2810 3511 3006 3565 πάντα
3049 3512 3286 3579 ἰσχύειν
3328 3510 3558 3577 ὀφείλων
3595 3510 3653 3561 ὲν
3695 3508 3774 3577 τῷ
3800 3508 4058 3563 ἑνδυνα·

2486 3603 2702 3673 μοῦντι
2760 3600 3001 3673 Χριστῷ,
3060 3604 3155 3655 καὶ
3207 3601 3463 3666 δυνατὸς
3510 3596 3683 3664 εἶναι,
3742 3598 3880 3651 ὥστε
3930 3602 4057 3660 τοὺς

2491 3689 2734 3753 ἀσθενεῖς
2752 3690 3055 3761 ὑπερείδειν
3082 3689 3223 3743 κατὶ
3241 3688 3451 3742 Παῦλον
3478 3689 3569 3740 τὸν
3587 3689 3680 3740 σὸν
3713 3687 4056 3742 διδάσκαλον.

2494 3779 2671 3832 Καλὸν
2721 3779 2819 3848 μὲν
2861 3780 2936 3848 μὴ
2974 3779 3227 3846 γενέσθαι
3263 3778 3325 3831 τὸ
3363 3778 3608 3846 γεγονός.
3656 3778 3755 3840 Τίς
3806 3779 4059 3848 ἀντερεῖς

2505 3868 2658 3921 Ἐπεὶ
2703 3869 2759 3921 δὲ
2805 3869 2882 3938 τῷ
2920 3867 3038 3936 Θεῷ
3093 3867 3260 3931 ἔδοξε,
3298 3868 3378 3936 τῷ
3430 3867 3723 3937 βουλήματι
3775 3866 3941 3920 αὑτοῦ
3975 3868 4061 3929 τίς

2492 3956 2858 4027 ἀνθέστηκενς
2881 3958 3041 4019 Ἴσως
3058 3956 3115 4010 δὲ
3143 3958 3235 4009 καὶ
3262 3958 3325 4009 τὸ
3355 3955 3575 4024 γεγονὸς
3599 3956 3824 4024 βέλτιον.
3845 3954 4061 4008 Οὔκουν

2496 4066 2653 4102 τουτο
2689 4049 2768 4103 δεῖ
2803 4050 3046 4111 σκοπεῖν,
3074 4048 3223 4110 ὅπως
3270 4048 3476 4115 τροφὴν
3510 4048 3576 4115 τῇ
3612 4044 3756 4114 λύπῃ
3786 4060 4061 4114 συμπορι-

2496 4141 2700 4210 σὸμεθα
2745 4138 2992 4209 (αὐτόθεν
3033 4138 3140 4208 γὰρ
3203 4139 3237 4207 ἡ
3298 4138 3442 4208 λύπη
3494 4136 3809 4207 ἀδρύνεται,
3860 4137 3951 4187 καὶ
3993 4135 4057 4188 οὐ

2494 4231 2664 4282 δεῖται
2689 4230 2916 4297 κομιδῆς
2941 4228 3313 4296 ἐπεισάκτου),
3336 4227 3451 4281 ἀλλ’
3475 4228 3624 4290 ὅπως
3651 4226 3744 4279 καὶ
3768 4227 3866 4294 τὴν
3890 4224 4057 4276 οὖσαν

2495 4320 2935 4383 ἀποσπάσαντες,
2969 4319 3254 4391 μαρασμὸν
3282 4319 3417 4388 αὐτῇ
3449 4313 3867 4387 ἐπινοησδμεθα.
3901 4313 4059 4365 Οῦτω

2497 4414 2601 4467 κάν
2631 4413 2743 4476 τοῖς
2767 4415 3095 4481 σωματικοῖς
3117 4412 3532 4483 ἀρρωστήμασι,
3569 4406 3844 4477 γυναικῶν
3877 4405 3976 4473 μὲν
3998 4404 4061 4456 τὸ

2496 4502 2976 4573 στερνοτυπεῖσθαι
3007 4504 3101 4556 καὶ
3142 4501 3462 4565 κόπτεσθαι,
3491 4501 3583 4552 καὶ
3621 4494 4057 4566 σπαράττεσθαι’

2500 4594 2684 4664 ἰατροῦ
2713 4594 2770 4647 δὲ
2793 4592 2853 4646 τὸ
2885 4593 3054 4646 ταῦτά
3086 4609 3143 4644 τε
3177 4591 3581 4650 καταστέλλειν,
3627 4590 3721 4639 καὶ
3758 4586 3912 4637 λύσιν
3942 4584 4065 4636 ἑπι-

2499 4685 2739 4768 νοεῖσθαι
2787 4682 2867 4754 τῷ
2917 4683 3333 4754 ἀρῤωστήματι.
3399 4679 3537 4732 ’Δλλ⁹
3587 4680 3620 4747 ἡ
3671 4676 3936 4747 θεραπεία
3967 4673 4062 4726 τοῦ

2501 4776 2704 4839 πάθους
2745 4775 3031 4844 δυσχερὴς,
3070 4774 3163 4827 καὶ
3197 4774 3430 4842 μάλιστα
3474 4773 3531 4823 ἑν
3563 4769 3704 4821 οὕτω
3747 4767 4062 4837 μισοκάλοις

2501 4870 2713 4937 καιροῖς
2732 4867 2827 4920 καὶ
2852 4866 3085 4937 ἡμέραις
3117 4867 3294 4918 πᾶσαν
3322 4864 3496 4932 ἔργων
3525 4861 3768 4929 ἀνάγκην
3788 4858 4063 4926 ἐχούσαις.

2503 4960 2612 5013 Καὶ
2640 4960 2743 5013 ποῦ
2764 4960 2823 5013 τὸ
2856 4958 3080 5012 δυνατὸν
3109 4956 3201 5010 τοῦ
3234 4957 3412 5010 πάντα
3443 4955 3583 5022 λόγῳ
3611 4947 4025 5018 συστησαμένου
4050 4962 4064 5006 ;

2497 5054 2667 5116 Αὐτὸς
2699 5053 2835 5123 ἐρεῖ,
2858 5052 2951 5104 καὶ
2985 5050 3333 5117 γενήσονται·
3366 5046 3680 5105 ἐντελεῖται,
3717 5041 3809 5094 καὶ
3840 5036 4067 5105 κτισθή-

2500 5143 3039 5213 σονται.’Λναμνήσω
3081 5159 3140 5194 σε
3189 5140 3421 5200 παλαιᾶς
3466 5135 3702 5205 ἱστορίας
3753 5132 3848 5185 καὶ
3879 5129 4058 5187 θείας.

2512 5240 2570 5291 Ὀ
2602 5237 2747 5301 Ναδς
2769 5238 2973 5298 ἐκεῖνος
2999 5237 3027 5288 δ
3056 5232 3399 5303 περιώνυμος
3430 5230 3491 5282 τὸ
3526 5229 3664 5297 μέγα
3686 5229 3783 5293 τῆς
3808 5221 4067 5289 οἰκουμέ-

2504 5347 2600 5399 νης
2636 5329 2843 5398 θαῦμα,
2894 5328 2951 5380 ὃν
2981 5325 3057 5396 τῷ
3108 5324 3229 5393 Θεῷ
3279 5321 3529 5392 Σολομὼν
3564 5322 3621 5371 ἐν
3674 5312 4067 5387 Ἱεροσολύμοις

908 5539 955 5571 ⁸³
977 5538 1172 5599 Jerem.
1192 5550 1253 5601 ιι,
1280 5534 1370 5599 36,
1410 5531 1551 5587 Psal.
1581 5544 1712 5601 χιιι,
1743 5526 1835 5581 ιε.
1908 5522 2113 5601 ἾΑεε.
2140 5537 2180 5587 ι,
2210 5521 2264 5576 9.
2339 5519 2386 5553 "°
2421 5521 2589 5591 Soph.

2373 5519 2386 5551 ³
2421 5521 2589 5591 Soph.
2617 5536 2674 5583 ιι,
2707 5519 2792 5574 l5.
2869 5518 2911 5550 ’¹
2945 5514 3181 5572 Baruch.
3215 5528 3275 5579 ιι,
3318 5510 3405 5565 ιε.
3479 5508 3524 5539 ⁷³
3552 5503 3697 5560 Psal.
3756 5513 3941 5562 Lutv,
3976 5495 4062 5550 18.

842 5596 1146 5677 "Philipp.
1178 5594 1251 5669 tv,
1288 5594 1371 5657 l9.
1474 5601 1521 5633 “
1560 5599 1706 5654 Psal.
1746 5610 1914 5659 xxxu,
1939 5594 1993 5647 9.

2042 5684 2240 5747 Varia:
2262 5683 2568 5744 lectiones
2601 5689 2662 5743 et
2700 5689 2888 5742 noue.

914 5801 1025 5873 (3|)
1049 5803 1133 5855 ῖσ.
1171 5799 1503 5869 ίλαστηριου.
