4276 6436
186 399 295 464 32')

1257 392 1650 458 EPISTOLIE
1678 397 1785 458 XX
1820 394 1925 457 EX
1963 398 2127 460 COD.
2175 401 2416 462 VATIC.

3359 410 3468 472 33.0

183 518 478 586 ἀνέθηκεν,
541 516 652 570 ὑπὸ
699 512 1080 584 Ναϐουζαρδεῖ
1113 513 1493 584 ὲνεπέπρηστο
1527 511 1623 566 καὶ
1651 529 1786 564 κατ·
1820 521 1864 573 Α

1780 540 1786 549 -
1820 521 1864 573 Α
1893 511 2183 570 admovere
2211 532 2318 570 non
2341 515 2597 572 audebat.
2634 516 2742 572 Sed
2767 516 2924 588 571
2950 520 3181 592 Aggteus
3206 525 3469 597 propheta

183 611 488 677 έστραπτο.
531 606 662 661 Εἶτα
708 607 805 660 τοῦ
843 607 974 661 λαοῦ
1025 609 1122 675 τῆς
1143 605 1522 676 αἰχμαλωσίας
1569 607 1780 660 ἀπολυ-

185 703 400 764 θέντος,
435 706 463 754 ὁ
501 702 600 770 μὲν
636 700 771 763 Θεὸς
811 701 970 769 ἐνῆγε
1003 699 1214 760 πάντας
1243 700 1322 761 εἷς
1361 698 1459 767 τὴν
1496 694 1654 758 αὖθτ
1683 696 1776 748 τοῦ

184 794 330 844 (εξου
365 796 522 844 οἴκου
550 793 965 860 ἁνοικοδόμησιν
989 807 1002 819 ³
1031 792 1062 858 ἡ
1100 790 1144 842 δ’
1166 790 1486 860 ἀνθρωπίνη
1521 789 1776 840 ἀσθένεια

184 882 388 950 ἑαυτὴν
413 880 767 950 λογιζομένη,
803 881 903 931 οὐκ
932 879 1153 950 ὲθὰῥρει
1180 880 1240 932 τὸ
1287 881 1447 949 ἔργον
1477 877 1551 940 ὡς
1595 877 1779 942 δυσεξ-

182 976 440 1028 ἁνυστον.
465 974 720 1041 ’Λγγαῖος
742 972 836 1025 οῦν
859 973 886 1023 ό
915 976 1196 1043 προφήτης
1218 974 1320 1024 ὑπὸ
1345 971 1482 1023 Θεοῦ
1511 971 1774 1039 κινηθεὶς,

182 1066 438 1133 ἐντρέπει
469 1069 597 1127 τοὺς
627 1065 1001 1134 μικροψύχους
1033 1067 1130 1119 καὶ
1167 1064 1360 1133 θραύει
1387 1064 1484 1135 τὴν
1514 1065 1613 1133 τῆς
1645 1065 1774 1117 άπι-

183 1154 337 1215 στέας
377 1155 690 1217 ἀσθένειαν,
757 1158 853 1208 καὶ
909 1158 1254 1226 ὑπισχνεῖται
1311 1157 1381 1209 τὰ
1452 1156 1627 1226 μείζω
1681 1160 1776 1211 καὶ

181 1245 558 1316 κοσμιώτερα,
608 1247 843 1312 Ἔσται,
894 1249 1093 1315 λέγων,
1145 1250 1182 1315 ἡ
1217 1247 1448 1316 ἐσχάτη
1489 1249 1639 1313 δόξα
1668 1251 1775 1303 τοῦ

178 1337 352 1389 οἴκου
419 1341 638 1391 τούτου
667 1339 820 1407 ὑπὲρ
874 1341 991 1405 τὴν
1044 1342 1309 1407 πρώτην,
1345 1341 1508 1411 ,λέγει
1567 1344 1778 1409 Κύριος

179 1429 636 1497 παντοκράτωρ.
679 1432 867 1483 Ταῦτά
897 1447 979 1482 σοι
1019 1432 1114 1482 καὶ
1147 1431 1242 1483 νῦν
1277 1434 1464 1502 νόμιζε
1499 1435 1650 1502 παρὰ
1681 1432 1776 1485 τοῦ

178 1521 344 1572 αὐτοῦ
375 1523 693 1590 ἐνηχεῐσθαι
723 1523 1042 1591 live-531.110.;
1065 1543 1080 1556 ν
1106 1526 1280 1579 ταῦτά
1327 1543 1407 1579 σοι
1432 1525 1622 1594 δρόσος
1658 1527 1774 1596 ἤτω

179 1614 331 1682 παρὰ
392 1614 532 1665 Θεοῦ
583 1617 683 1682 τῆς
746 1615 944 1686 πολλῆς
1004 1619 1242 1687 ἀθυμίας
1319 1617 1475 1687 ἴαμα.
1535 1619 1774 1682 Ποσὰκις

178 1705 483 1773 ἐπεθύμεις
521 1705 730 1758 καλλίω
778 1709 905 1761 ναὸν
950 1711 1079 1760 ἰδεῖν
1133 1709 1228 1760 καὶ
1263 1710 1766 1781 ἐπιτερπέστερονῖ

177 1792 293 1847 εἶτα
324 1796 449 1847 τόδε
498 1798 591 1848 καὶ
617 1797 736 1848 τόδε
787 1801 1206 1866 παρεμπῖπτον,
1260 1800 1512 1870 ἀπέψυχέ
1557 1818 1650 1853 σου
1676 1802 1776 1871 τῆς

1893 619 1922 656 a
1957 605 2068 662 Deo
2109 617 2293 664 motus
2328 608 2536 666 hortari
2578 611 2750 681 erepit
2791 612 3169 682 pusillanimes
3211 616 3377 674 illos:
3414 629 3470 675 et

1889 707 1946 750 ut
1990 698 2306 754 dillidentiaa
2357 703 2609 757 morbum
2665 703 3003 773 dispelleret,
3083 709 3336 776 promisit
3385 713 3465 767 eis

1888 807 2011 844 cum
2047 791 2334 859 majorem,
2378 803 2489 846 tum
2533 796 2910 864 pulchriorem
2942 798 3183 853 futuram
3218 802 3464 870 domum,

1887 899 2054 950 quam
2105 883 2209 950 ipsi
2256 884 2636 940 remdificaturi
2677 899 2882 943 essent.
2914 891 2959 921 ⁷⁸
3007 891 3226 960 Magna,
3263 895 3466 966 inquit,

1885 974 1984 1026 erit
2021 974 2190 1044 gloria
2215 975 2403 1030 domus
2433 977 2587 1030 istius
2621 981 2907 1034 novissima
2954 984 3228 1053 plusquam
3254 989 3464 1053 primm,

1886 1067 2015 1118 dicit
2048 1065 2304 1122 Dominus
2348 1071 2700 1123 exercituum.
2740 1070 2866 1125 llrec
2912 1074 3104 1128 eadem
3158 1088 3284 1145 puta
3315 1097 3466 1137 nunc

1888 1154 1985 1207 tibi
2016 1157 2084 1211 ab
2114 1159 2306 1212 eodem
2344 1158 2552 1228 Spiritu
2584 1161 2715 1215 dici.
2746 1161 2984 1232 Haecque
3017 1165 3114 1224 tibi
3147 1168 3258 1222 sint
3289 1171 3464 1224 instar

1888 1247 2030 1302 roris
2066 1262 2096 1301 a
2133 1247 2366 1304 Domino
2398 1253 2450 1304 in
2485 1266 2697 1322 magnae
2724 1254 2960 1309 triStitia:
2993 1266 3101 1312 tua:
3138 1261 3468 1318 remedium.

1888 1336 2063 1402 Quam
2134 1341 2380 1411 impense
2425 1343 2716 1411 pulchrius
2759 1344 3168 1419 jucundiusque
3207 1353 3466 1423 tetnplum

1887 1430 2072 1486 videre
2122 1440 2178 1486 ιιι
2222 1434 2613 1490 desiderabas!
2658 1438 2752 1492 sed
2794 1447 2847 1492 te
2877 1455 3025 1494 nunc
3067 1441 3190 1508 hoc,
3231 1461 3376 1501 nunc
3403 1450 3468 1502 il-

1886 1523 1977 1575 lud
2020 1527 2418 1592 superveniens
2458 1528 2910 1597 impedimentum
2945 1532 3015 1586 ab
3057 1548 3222 1603 opere
3274 1553 3467 1608 aggre-

1885 1614 2089 1668 diendo
2115 1614 2446 1673 deterrebat.
2484 1619 2625 1685 Quid
2672 1623 2841 1692 igitur
2870 1626 3043 1691 nosti,
3081 1643 3214 1682 num
3242 1633 3463 1699 sapiens

1885 1721 2070 1760 rerum
2108 1720 2424 1765 nostrarum
2454 1713 2772 1768 moderator
2800 1732 2906 1771 non
2944 1718 3015 1771 ita
3052 1735 3140 1774 res
3171 1722 3464 1790 disposue-

1884 1801 1957 1854 rit
2005 1811 2150 1867 tuas,
2198 1812 2258 1856 ut
2303 1803 2452 1872 quod
2507 1805 2742 1873 primum
2801 1817 3120 1877 spontaneze
3175 1813 3465 1871 electionis

178 1888 315 1954 πρὸς
340 1887 404 1938 τὸ
422 1886 586 1957 ἔργον
603 1889 961 1960 θερμότητος.
1006 1892 1048 1942 Τ
1055 1892 1069 1942 ί
1090 1893 1270 1945 τοίνυν
1287 1889 1454 1955 οἶδας,
1488 1897 1536 1946 εἰ
1567 1897 1595 1946 ό
1616 1895 1777 1964 σοφὸς
1806 1885 1853 1943 Β

1773 1913 1777 1950 τ
1806 1885 1853 1943 Β
1880 1901 2017 1952 erat,
2053 1906 2198 1944 nunc
2232 1891 2437 1947 factum
2474 1897 2546 1949 sit
2599 1898 2948 1954 necessitatis
2978 1917 2992 1966 ;
3031 1911 3086 1955 et
3124 1917 3286 1973 Opus,
3316 1911 3462 1974 quod

173 1979 470 2049 οἰκονόμος
498 1982 606 2033 τῶν
635 1982 763 2034 καθ’
799 1985 948 2052 ἡμᾶς
980 1982 1124 2037 οὕτω
1169 1986 1236 2036 τὰ
1289 1988 1355 2039 σὰ
1406 1988 1769 2058 περιήγαγεν,

174 2067 318 2122 ὥστε
382 2071 633 2141 ἀνάγκην
693 2074 951 2141 γενέσθαι
1009 2074 1108 2146 τὴν
1162 2078 1509 2148 προαίρεσιν,
1562 2079 1656 2131 καὶ
1713 2080 1774 2130 τὸ

174 2160 340 2229 ἔργον
373 2165 477 2214 οὐκ
508 2163 852 2232 ὲπιποίησιν,
895 2166 1031 2219 ἀλλὰ
1059 2168 1310 2236 ποίησιν;
1352 2169 1413 2220 'O
1450 2169 1581 2236 γοῦν
1612 2168 1772 2222 τοῦτο

183 2256 698 2325 εεχνιτευσὰμενος,
723 2259 932 2320 ἐκεῖνος
959 2259 1054 2311 καὶ
1080 2259 1145 2311 τὰ
1174 2259 1407 2331 δυσχερῆ
1446 2262 1576 2333 ῥᾷον
1609 2266 1768 2333 ποιῇ·

175 2362 285 2406 σει,
317 2347 416 2397 καὶ
445 2346 652 2398 δυνατὰ
684 2347 756 2400 τὰ
779 2348 1038 2403 ἀδύνατα.
1070 2351 1140 2403 Ἢ
1181 2352 1342 2418 σοφὸς
1381 2354 1478 2421 μέν
1508 2356 1677 2419 ἐστιν,
1701 2357 1764 2408 οὐ

173 2435 407 2498 δυνατὸς
437 2437 528 2501 δές
565 2438 596 2508 ἦ
624 2439 851 2501 δυνατὸς
882 2441 1000 2510 μὲν,
1037 2443 1137 2494 οὐκ
1171 2443 1371 2510 ἀγαθὸς
1403 2444 1491 2509 δέ;
1525 2445 1557 2512 ἢ
1588 2446 1768 2497 πάντα

175 2528 280 2597 μὲν
319 2531 522 2594 ταῦτα,
568 2531 668 2598 τῆς
701 2531 758 2583 δὲ
805 2533 1011 2594 οἰκείας
1041 2534 1199 2602 δόξης
1233 2531 1396 2604 ἦττον
1429 2533 1770 2607 [πε]φρὸντι·

172 2634 312 2681 ιιενς
346 2620 462 2671 Οὐκ
499 2619 616 2673 ἐστι
643 2621 840 2687 ταῦτα,
876 2624 975 2674 οὐκ
1004 2624 1184 2676 ἔστιν·
1217 2625 1350 2680 ἀλλὰ
1379 2627 1471 2680 καὶ
1504 2627 1578 2690 ὡς
1605 2629 1768 2696 σοφὸς

172 2709 238 2758 τό
289 2707 504 2776 βέλτιον
550 2712 873 2781 προενόησε,
899 2713 994 2765 καὶ
1029 2713 1105 2776 ὼς
1137 2716 1362 2783 ἀγαθὸς,
1391 2716 1510 2770 οὐδὲ
1544 2719 1602 2769 τὸ
1629 2719 1766 2786 ὴμέ-

169 2815 339 2869 τερον
369 2800 520 2854 εἴασε
543 2817 558 2831 ⁸
608 2801 713 2856 κᾶν
756 2803 830 2864 ὡς
876 2804 1103 2870 ἀγαθὸς,
1128 2805 1156 2856 ὃ
1190 2805 1527 2875 προύνόησεν
1560 2806 1766 2874 ἀγαθὸν

173 2891 276 2940 ναὶ
315 2891 618 2959 συμφέρον,
654 2892 970 2960 ἐργάσεται,
1010 2892 1104 2942 καὶ
1138 2891 1214 2952 ὼς
1247 2891 1417 2942 θέλων
1448 2889 1766 2954 δοξάζεσθαι

169 2983 390 3049 τάχιον.
443 2983 626 3048 Χωρὶς
661 2982 718 3033 δὲ
767 2980 976 3033 τούτων
1023 2982 1271 3051 δοκίμιόν
1302 2999 1382 3034 σοι
1430 2981 1490 3034 τὸ
1550 2983 1766 3053 συμϐὰν

173 3075 356 3133 πάθος
415 3073 744 3142 προέθηκεν,
789 3073 875 3126 ἵνα
931 3075 1024 3124 καὶ
1082 3073 1395 3142 προθυμίαν
1443 3074 1624 3144 δείξῃς
1687 3077 1766 3138 εἰς

172 3163 486 3233 θεραπείαν
516 3164 706 3227 αὑτοῦ,
742 3166 838 3216 καὶ
869 3166 917 3216 τ’
948 3164 1081 3218 ἄλλα
1117 3166 1350 3235 ἐνέγκῃς
1395 3167 1463 3229 ὼιι
1511 3167 1764 3234 δύναμις.

173 3250 338 3306 Οἶδεν
371 3254 453 3305 ὅτι
504 3256 615 3316 τοῖς
670 3254 893 3321 ἀγαθοῖς
936 3255 1198 3317 πολλάκις
1251 3256 1351 3306 οὐκ
1406 3256 1768 3327 ἐγχειροῦμεν

171 3348 524 3417 αὑθαίρετα’
577 3348 667 3400 διὰ
704 3348 862 3399 τοῦτο
911 3349 1006 3402 καὶ
1048 3349 1282 3411 ἄκοντας
1321 3353 1457 3418 πρὸς
1493 3350 1592 3416 τὴν
1627 3352 1764 3417 ἁγα-

171 3439 444 3510 θουργίαν
479 3438 639 3491 ὠθεῖ·
681 3440 776 3491 καὶ
813 3439 974 3491 τοῦτό
1008 3443 1156 3492 ἐστιν
1190 3439 1218 3491 ὃ
1263 3441 1320 3491 ἐν
1365 3442 1477 3502 τοῖς
1522 3441 1764 3508 Εὑαγγε-

167 3531 310 3592 λίοις
343 3531 458 3596 ἐγὼ
493 3532 817 3600 κατενόησα,
847 3531 1369 3600 ἀναγκαζομένους
1389 3536 1540 3592 τινὰς
1565 3536 1764 3587 £168.1-

171 3621 306 3672 θεῖν
336 3625 419 3682 είς
466 3623 560 3673 τὸν
592 3623 826 3674 δεῖπνον.
875 3624 938 3673 Ὢ
971 3624 1071 3691 τῆς
1109 3623 1372 3690 γλυκείας
1420 3626 1762 3694 τυραννίδοςι

168 3715 216 3762 ὣ
262 3716 365 3781 τῆς
402 3713 798 3782 ἐλευθερούσης
835 3713 986 3782 βίαςὶ
1021 3715 1067 3766 ὦ
1119 3717 1310 3786 Πατὴρ
1339 3717 1399 3768 ἐν
1428 3718 1507 3788 τῷ
1549 3718 1763 3771 δάκνειν

171 3805 380 3868 φιὶῷνῐ
417 3803 461 3854 ὦ
491 3804 775 3873 σπλάγχνα
804 3805 883 3874 τῷ
915 3806 1136 3873 φλέγειν
1179 3808 1509 3878 φλεγόμενα,
1543 3811 1636 3860 καὶ⁹
1674 3809 1762 3862 διὰ

169 3895 332 3945 τοῦτο
365 3895 464 3962 τὴν
494 3895 686 3964 δρόσον
726 3898 1042 3966 παραπόδας
1075 3898 1275 3970 δαψιλῆ
1313 3901 1600 3970 ἐπιχέοντα
1627 3902 1641 3956 ι
1669 3902 1763 3972 Μὴ

169 3985 355 4034 τοίνυν
391 3986 820 4056 παροργίσωμεν
873 3989 1039 4041 αὑτὸν
1085 3991 1269 4054 πλέον,
1325 3994 1373 4044 εί
1423 3994 1602 4056 καλῶς
1648 3994 1762 4064 ἔχει

169 4075 719 4145 κλαυθμυριζὸειενοι
753 4080 889 4149 πρὸς
920 4083 1020 4150 τὴν
1053 4083 1317 4153 μάστιγα,
1363 4085 1484 4154 μηδ’
1514 4085 1589 4149 ὡς
1632 4103 1761 4156 γογ-

168 4169 378 4234 γυσταὶ
408 4169 547 4220 κατὰ
573 4169 670 4239 τῆς
709 4171 1086 4242 ἑλαφροτάτης
1112 4175 1370 4243 δευτέραν
1406 4179 1501 4229 καὶ
1538 4178 1763 4246 βαρυτέ-

171 4278 279 4328 ραν
338 4261 468 4322 ἴσως
503 4265 1044 4333 προσκαλεσὼμεθα·
1081 4267 1216 4322 ἀλλὰ
1244 4268 1530 4339 δείξωμεν,
1575 4273 1655 4323 ὅτι
1685 4273 1760 4333 ὡς

171 4351 312 4410 υἱοῖς
345 4351 480 4417 ἡμῖν
517 4353 862 4424 προσηνέχθη
891 4357 955 4408 ὲκ
985 4355 1080 4408 τοῦ
1105 4359 1424 4427 προσελθεῖν
1456 4360 1530 4423 ὼς
1563 4363 1755 4431 Πατρί.

175 4439 589 4508 Ιιροσέλθοιμεν
626 4441 672 4492 δ’
709 4442 774 4494 ἂν
808 4443 1002 4508 οὕτως,
1033 4447 1081 4497 εἰ
1119 4445 1217 4516 τὴν
1249 4447 1424 4513 λύπην
1450 4452 1760 4522 ἀπορραπί-

1885 1983 2139 2051 optabas,
2175 1998 2282 2037 non
2317 1987 2554 2056 amplius
2590 1987 2837 2044 futurum
2869 1991 2941 2045 sit
2965 1991 3339 2061 inaedificatio,
3366 1998 3464 2053 sed

1897 2072 2190 2129 :edifieatio
2213 2075 2236 2128 ?
2263 2075 2367 2142 Qui
2389 2077 2554 2148 igitur
2579 2079 2682 2134 ista
2711 2081 2938 2136 molitus
2965 2092 3069 2149 est,
3095 2087 3257 2139 etiam
3282 2087 3465 2143 facilia

1887 2165 2099 2231 reddet,
2136 2175 2190 2224 et
2218 2183 2341 2238 qua:
2376 2170 2744 2239 impossibilia
2773 2181 2924 2238 sunt,
2964 2176 3249 2243 possibilia
3275 2177 3462 2235 faciet.

1884 2257 1980 2312 Vel
2023 2259 2170 2313 enim
2218 2261 2442 2330 sapiens
2488 2262 2710 2331 quidem
2761 2273 2867 2328 est,
2928 2267 3023 2321 sed
3064 2282 3172 2322 non
3232 2278 3458 2338 potens;

1887 2349 1972 2402 vel
2034 2359 2229 2420 potens
2280 2353 2524 2421 quidem,
2580 2356 2676 2409 sed
2736 2371 2846 2410 non
2903 2359 3125 2418 bonus;
3173 2361 3260 2415 vel
3311 2374 3461 2417 certe

1881 2440 1996 2494 haec
2054 2443 2272 2509 omnia;
2322 2445 2420 2498 sed
2468 2446 2697 2516 gloriam
2754 2464 2910 2504 suam
2963 2464 3074 2504 non
3139 2459 3316 2507 curat.
3389 2456 3461 2510 At

1885 2533 2045 2600 plane
2097 2535 2234 2589 nihil
2287 2537 2483 2592 horum
2551 2539 2663 2594 dici
2717 2549 2921 2611 potest.
2982 2540 3168 2614 Ergo,
3237 2553 3297 2599 ut
3365 2561 3458 2601 sa-

1879 2627 2055 2694 piens,
2103 2629 2249 2697 quod
2299 2631 2494 2685 melius
2533 2639 2671 2698 erat,
2717 2634 2993 2703 providit;
3032 2643 3088 2689 et
3134 2646 3194 2691 ut
3235 2637 3454 2704 bonus,

1881 2734 2059 2787 neque
2107 2723 2255 2791 quod
2306 2732 2555 2777 nostrum
2607 2733 2748 2788 erat,
2807 2726 3048 2796 neglexit
3103 2745 3120 2783 :
3184 2737 3239 2785 et
3298 2731 3343 2786 si
3400 2743 3460 2784 nt

1883 2811 2081 2877 bonus,
2115 2814 2259 2881 quod
2306 2815 2567 2884 providit,
2618 2818 2824 2872 bonum
2863 2828 2917 2874 et
2953 2820 3087 2875 utile
3115 2819 3320 2891 faciet;
3353 2823 3460 2878 uti-

1879 2916 1986 2970 que
2010 2911 2069 2955 ut
2108 2904 2294 2972 glorire
2319 2921 2430 2960 suae
2461 2908 2716 2976 cupidus,
2751 2910 2915 2965 citius
2950 2911 3130 2967 faciet.
3172 2914 3277 2968 Sed
3323 2933 3457 2986 prae-

1881 3003 2030 3048 terea
2065 2996 2377 3061 considera,
2425 3000 2629 3053 malum
2680 3000 2827 3055 istud
2860 3003 2927 3056 ad
2964 3005 3042 3057 tui
3076 3006 3453 3074 probationem

1878 3086 2191 3141 ordinatum
2242 3088 2312 3143 ab
2367 3090 2486 3158 ipso
2547 3106 2710 3159 esse;
2776 3095 2990 3150 scilicet
3044 3105 3105 3150 ut
3151 3100 3321 3154 animi
3373 3103 3453 3155 tui

1878 3179 2369 3248 promptitudineni
2408 3184 2462 3237 in
2491 3185 2612 3254 ejus
2639 3187 2929 3242 curatione
2957 3193 3238 3256 ostendas,
3281 3203 3335 3248 et
3368 3210 3456 3249 re-

1877 3269 2023 3337 liqua
2072 3280 2319 3339 praestes,
2359 3289 2482 3343 quae
2521 3286 2613 3329 tua
2665 3276 2765 3331 tibi
2809 3277 3044 3335 facultas
3088 3287 3452 3340 concesserit.

1872 3359 2036 3414 Novit
2065 3364 2211 3416 cnim
2248 3366 2533 3432 Dominus,
2559 3383 2661 3423 nos
2679 3383 3059 3440 saspenumero
3087 3373 3233 3430 haud
3256 3387 3456 3446 sponte

1876 3454 2015 3506 bona
2047 3456 2273 3526 aggredi
2311 3473 2478 3527 opera
2509 3476 2523 3512 :
2555 3475 2729 3528 quare
2753 3461 3025 3517 interdum
3045 3465 3208 3519 etiam
3238 3484 3337 3523 nos
3364 3469 3454 3524 in-

1874 3547 2018 3601 vitos
2052 3548 2120 3600 ad
2151 3549 2354 3603 bonum
2410 3550 2720 3605 faciendum
2769 3556 3072 3624 compellit.
3105 3557 3170 3610 Et
3204 3559 3308 3613 hoc
3341 3571 3451 3626 est,

1876 3637 2023 3705 quod
2057 3639 2111 3691 in
2141 3638 2439 3711 Evangelio
2471 3643 2780 3706 observavi,
2824 3648 3122 3703 nonnullos
3152 3653 3452 3719 compulsos

1872 3728 2046 3783 fuisse
2084 3731 2287 3785 intrare
2318 3733 2385 3786 ad
2429 3748 2640 3787 caenam
2673 3736 2742 3788 ".
2767 3735 2812 3789 Ο
2843 3737 3058 3792 dulcem
3103 3743 3449 3810 tyrannidem

1872 3819 2074 3873 istam!
2111 3837 2144 3874 o
2179 3822 2520 3890 violentiam,
2556 3841 2674 3894 quae
2719 3825 2812 3880 dat
2836 3827 3175 3885 libertatem!
3207 3848 3240 3885 o
3265 3833 3448 3898 Pater,

1874 3913 1968 3980 qui
2027 3915 2279 3970 mordere
2333 3918 2573 3980 videtur.
2631 3921 2725 3974 sed
2772 3923 3084 3977 osculatur!
3135 3939 3168 3978 o
3214 3926 3449 3994 viscera,

1873 4019 1992 4072 qum
2015 4007 2387 4062 combureudo
2415 4012 2837 4077 comburuntur,
2869 4026 2916 4068 et
2970 4015 3048 4068 sic
3076 4016 3142 4070 de
3174 4034 3232 4070 se
3258 4019 3451 4088 eopio-

1874 4113 1992 4152 sum
2036 4114 2214 4152 rorem
2244 4099 2567 4156 effundunt!
2600 4103 2906 4159 Caveamus
2953 4108 3142 4175 igitur,
3180 4125 3246 4163 ne
3281 4110 3450 4164 nimia

1873 4190 2100 4243 tristitia
2133 4193 2309 4260 magis
2342 4193 2520 4262 ipsum
2567 4195 2871 4263 irriti-mus,
2905 4199 2996 4267 (an
3031 4202 3176 4252 enim
3226 4201 3363 4256 bene
3392 4220 3452 4257 se

1873 4283 2056 4348 habet,
2105 4300 2401 4352 puerorum
2445 4287 2620 4340 instar
2665 4289 2850 4358 vagire
2894 4300 2948 4343 et
2997 4290 3265 4362 cjulare?)
3313 4310 3450 4349 neve

1874 4385 2283 4433 murmurantes
2336 4387 2528 4432 contra
2588 4380 2905 4448 levissima,
2965 4385 3215 4452 graviora
3288 4388 3450 4444 nobis

1873 4465 2315 4526 consciscamus;
2359 4466 2454 4519 sed
2503 4469 2860 4522 ostendamus
2911 4484 3010 4524 nos
3053 4470 3122 4523 ab
3164 4473 3286 4542 ipso
3326 4486 3448 4527 tan-

172 4549 397 4599 σαιμεν,
448 4533 482 4601 ἢ
533 4533 738 4601 πατρὸς
770 4536 957 4605 ἐτέρου
998 4535 1094 4588 τοῦ
1135 4540 1360 4602 σκότους
1417 4544 1510 4594 καὶ
1566 4545 1760 4613 συγχύ.
1791 4566 1838 4622 ι)

1754 4577 1760 4593 ι
1791 4566 1838 4622 ι)
1868 4571 2028 4623 quam
2058 4557 2198 4610 lilios
2241 4557 2456 4611 habitos
2494 4574 2637 4621 esse,
2673 4573 2770 4627 per
2806 4560 2911 4614 hoc
2960 4561 3106 4628 quod
3140 4533 3207 4614 ad
3245 4564 3443 4633 ipsum,

171 4641 317 4686 eam;
358 4624 624 4692 γέννημα,
675 4627 767 4678 καὶ
807 4627 990 4696 δῶμεν
1023 4629 1216 4701 ἐκείνῳ
1261 4635 1356 4694 τὰς
1390 4634 1498 4686 τῶν
1526 4637 1758 4690 ἐλπίδων

169 4719 387 4784 χεῖρας,
429 4717 520 4766 καὶ
553 4717 651 4778 τὰς
687 4719 854 4769 αὐτοῦ
887 4721 983 4788 τῆς
1018 4722 1269 4790 βοηθείας
1296 4727 1390 4778 καὶ
1422 4729 1757 4799 ἀντιλήψεως

171 4808 593 4878 ἐκζητήςωμεν.
639 4811 822 4863 Ταῦτά
861 4829 942 4863 σοι
992 4818 1121 4883 παρ’
1149 4821 1323 4885 ἡμῶν,
1356 4816 1400 4871 ὦ
1443 4823 1534 4874 τοῦ
1581 4829 1756 4892 Λόγου

173 4902 482 4966 ιειτουργὲ,
512 4903 604 4952 καὶ
647 4904 801 4970 ἡμῶν
841 4907 1036 4971 ἀδελφέ
1062 4927 1072 4936 ·
1109 4911 1275 4961 πλείω
1303 4915 1346 4964 δ’
1388 4917 1452 4965 ἂν
1487 4921 1576 4969 καὶ
1608 4923 1760 4988 παρὰ

173 4990 382 5042 σαυτοῦ
420 4995 676 5053 πριασαιο
706 4997 772 5046 δι’
812 4993 887 5049 ὢν
934 4999 1026 5050 τοῦ
1059 5001 1263 5063 πάθους
1294 5009 1628 5077 κατεπᾴδων,
1667 5015 1759 5064 καὶ

174 5081 365 5146 σαυτῷ
397 5084 492 5132 καὶ
527 5087 637 5143 τοῖς
672 5087 852 5149 ἄλλοις
905 5092 1061 5156 ςξ>.ος
1093 5097 1283 5158 γένει’),
1337 5102 1401 5166 τῇ
1450 5100 1546 5151 τοῦ
1583 5103 1761 5173 Παρα-

174 5172 385 5239 κλήτου
419 5176 559 5226 κατὰ
586 5177 681 5244 τῆς
705 5178 876 5247 λύπης
903 5183 1306 5254 δυναμούμενος
1342 5190 1545 5258 χάριτι.

1871 4651 2015 4702 velut
2064 4650 2131 4702 ad
2186 4649 2420 4712 Patrem,
2477 4651 2812 4706 accedimus.
2868 4653 3211 4708 Accedemus
3261 4664 3443 4710 autem

1873 4741 1973 4792 hoc
2004 4750 2185 4808 pacto,
2235 4742 2279 4794 si
2335 4742 2611 4795 tristitiam
2658 4743 2989 4811 repellamus
3023 4746 3168 4798 velut
3216 4745 3444 4803 alterius

1872 4835 2044 4899 patris
2088 4834 2455 4896 (tenebrarum
2480 4834 2691 4890 scilicet
2712 4846 2766 4890 et
2789 4836 3158 4905 confusionis)
3191 4841 3443 4910 propagi~

1872 4941 1992 4978 nem
2023 4943 2036 4988 ;
2071 4928 2282 4996 Ileuqtte
2306 4928 2651 4995 porrigamus
2681 4928 2797 4996 spei
2824 4939 3025 4982 nostra:
3045 4945 3264 4995 manus,
3294 4933 3445 4998 ejus-

1872 5031 1977 5083 quc
2011 5033 2205 5070 manus
2239 5016 2613 5072 auxiliatrires
2643 5027 2695 5072 et
2747 5019 3102 5085 proteclrices
3137 5022 3444 5090 apprehen-

1871 5109 2085 5161 datnus.
2137 5110 2259 5162 IIarc
2297 5125 2324 5160 τι
2358 5109 2535 5172 nobis,
2572 5125 2603 5161 0
2648 5108 2812 5164 Verbi
2863 5112 3036 5165 divini
3085 5113 3344 5168 sacerdos
3388 5126 3443 5170 et

1873 5204 2042 5255 frater
2091 5211 2302 5266 noster,
2359 5204 2513 5270 plura
2546 5216 2672 5256 vero
2699 5217 2728 5254 a
2763 5211 2818 5257 te
2860 5203 2978 5272 ipso
3013 5205 3439 5273 comparaveris,

171 5270 382 5336 quibus
427 5270 706 5326 tristitiam
758 5275 967 5331 leniens
1014 5293 1076 5333 ac
1122 5283 1291 5336 veluti
1349 5284 1663 5357 iucantans,
1692 5305 1745 5348 et
1787 5300 1883 5354 tibi
1918 5307 1972 5352 ct
1996 5299 2120 5351 aliis
2186 5299 2387 5352 cbarus
2429 5298 2546 5364 fies,
2588 5297 2763 5367 gratia
2843 5296 3109 5354 Paraclcli
3177 5300 3441 5356 adversus

169 5377 397 5415 omnem
430 5364 741 5417 mmstitiam
776 5369 1082 5425 roboratus.

623 5462 717 5519 II".
741 5495 810 5506 —
844 5467 927 5531 Τῴ
965 5474 1299 5543 πατριάρχῃ

245 5553 362 5607 Καὶ
394 5558 478 5616 τίς
508 5557 666 5624 ἡμῶν
703 5561 1115 5630 μακαριώτερος
1154 5565 1267 5630 νῦν,
1311 5571 1399 5620 εἴτε
1447 5571 1750 5646 δεσποτικῴ

170 5649 984 5719 κατευλο-ίήοημενγράμματι,
1007 5655 1093 5705 ὅτε
1120 5657 1210 5706 καὶ
1236 5659 1360 5713 νοῦν
1383 5663 1750 5736 ἡγιάσθημεν,

281 5833 326 5862 τ⁵
368 5839 501 5896 Agg.
549 5849 606 5896 ιι,
657 5836 738 5887 Iil.
818 5837 1016 5891 76Luc.
1062 5857 1172 5903 xw,
1224 5843 1310 5896 Si.

463 5928 735 5987 ὶἈτιιυι..
781 5929 899 5989 Gn.
952 5933 1234 5995 CXXVI.

2231 5483 2393 5554 572
2429 5483 2564 5540 XIII.
2595 5513 2664 5523 —
2694 5483 3044 5538 Patriarcliw.

1933 5576 2137 5646 Ecquis
2160 5575 2319 5629 modo
2346 5576 2500 5629 nobis
2535 5575 2768 5640 beatior,
2807 5575 2902 5644 qui
2937 5589 3002 5628 ex
3034 5573 3236 5630 domini
3260 5576 3443 5631 nostri

1870 5669 2070 5724 litteris
2105 5667 2541 5723 benedictionem
2577 5668 2893 5736 accepimus
2930 5682 2995 5722 ac
3032 5678 3271 5722 mentem
3303 5682 3438 5723 san-

2986 5939 3056 5999 11
