4276 6436
227 390 333 452 333

1277 388 1664 448 EPISTULE
1705 389 1812 446 XX
1853 389 1952 446 EX
1987 386 2147 447 COD.
2195 390 2433 447 VATIC.

3365 395 3469 449 334

235 507 530 574 ευχνῖμενος
584 508 650 574 τῇ
705 505 857 574 tua:
887 504 1162 573 ἀθλιότητι
1197 507 1253 557 τὸ
1289 507 1526 576 πραῧναι
1554 509 1646 577 ἀφ’
1673 511 1798 578 ὴμε-
1834 515 1870 569 Α

1836 515 1878 569 Α
1910 508 2148 571 meos”,
2180 507 2272 577 qui
2308 507 2559 559 oculatus
2608 504 2764 558 leSIis
2799 512 2852 559 et
2888 504 3136 558 minister
3178 518 3237 558 es
3282 503 3470 568 Verbi,

231 598 339 664 ρῶν
373 595 649 662 πονηρῶν,
681 595 1012 655 κατάστασις
1043 596 1174 662 ἡμῖν
1207 597 1304 662 τῆς
1336 601 1758 668 συγχωρήσεως.

229 688 424 742 rabilia
477 698 568 738 tua
618 688 938 755 intelligam,
989 688 1150 741 simul
1206 703 1303 757 pro
1340 702 1526 744 nostra
1582 691 1802 746 miseria
1842 707 2027 757 orans,
2061 701 2118 746 ut
2159 691 2372 761 mitiges
2413 691 2571 744 nobis
2619 703 2647 741 a
2724 686 2914 739 diebus
2952 687 3111 740 malis
3142 687 3210 750 “,

231 781 412 838 factus
449 778 888 832 condonationis.

647 871 745 922 Μ’.
763 901 828 910 -
856 868 939 934 Τῷ
980 871 1385 938 Πακουριυνῴ.

298 961 475 1014 Πάλαι
526 959 625 1028 τὴν
658 959 899 1028 ἐμαυτοῦ
951 961 1166 1030 θρηνῶν
1204 960 1414 1028 τύχην,
1464 962 1805 1015 πανσέϐαστέ

241 1072 330 1124 μοι
371 1055 431 1104 ὲν
461 1052 652 1120 Κυρίῳ
684 1051 789 1114 υἱὲ,
818 1053 910 1102 καὶ
941 1051 1238 1121 τελχινώδη
1279 1053 1480 1123 ταύτην
1516 1054 1805 1106 ἀποκαλῶν

227 1145 321 1195 καὶ
363 1141 716 1209 δυσδαίμονα,
756 1140 837 1192 ὅτι
890 1157 957 1208 με
999 1141 1240 1208 φέρουσα
1275 1141 1366 1193 ἐπὶ
1414 1143 1515 1211 τὴν
1550 1142 1805 1211 ἐσχατιὰν

224 1233 435 1302 ταύτην
475 1232 721 1301 ἔρριψεν,
755 1230 883 1281 ἔνθα
915 1230 1110 1297 φθόνος
1143 1233 1298 1293 κότος
1346 1247 1428 1294 τε,
1478 1233 1570 1283 καὶ
1601 1232 1804 1284 ἄλλων

225 1322 405 1374 ἔθνεα
432 1320 652 1386 κηρῶν,
694 1319 820 1371 ἔνθα
869 1320 1026 1386 λόγου
1057 1322 1209 1391 φωνὴ
1249 1324 1510 1389 μισεῖται,
1551 1324 1749 1391 μᾶλλον
1775 1323 1808 1390 ἢ

230 1415 406 1482 μύρον
434 1413 729 1482 κανθάροις
761 1427 775 1440 ·
810 1411 907 1462 νῦν
933 1411 1035 1479 ἤδη
1069 1414 1163 1463 καὶ
1201 1413 1440 1481 χάριτας
1468 1415 1603 1483 αὐτῇ
1641 1415 1809 1481 γινώ-

227 1522 381 1556 σκειν
442 1505 780 1574 προάγομαι,
830 1500 930 1570 τὴν
999 1503 1056 1552 ὲν
1094 1505 1202 1564 τοῖς
1246 1503 1548 1573 Βαρόἀροις
1597 1505 1807 1568 τούτοις

227 1615 298 1647 πα
313 1598 628 1665 ρασχομένῃ
683 1590 1001 1659 κατοίκησιν
1024 1631 1038 1655 ,
1083 1593 1151 1645 δι’
1202 1594 1269 1663 ἣν
1302 1595 1578 1662 ἀκροατήν
1613 1611 1671 1646 σε
1709 1612 1805 1646 πε-

230 1689 538 1754 πλούτηκα.
571 1688 634 1737 '0
666 1688 760 1738 καὶ
792 1687 898 1738 τῶν
936 1687 994 1737 ἐν
1029 1688 1097 1753 τῇ
1135 1685 1349 1754 μεγάλῃ
1396 1685 1549 1736 πόλει
1587 1685 1801 1748 πολλοῖς

224 1779 319 1829 τοῦ
358 1779 563 1839 παντὸς
598 1779 930 1848 τιμώμενον,
969 1777 1121 1847 μόλις
1155 1775 1355 1844 ὀλίγοις
1402 1779 1467 1830 ἂν
1497 1776 1796 1844 ἐξεγένετο.

228 1871 339 1924 Καί
373 1889 465 1942 μοι
513 1874 541 1924 ό
584 1872 747 1934 κύϐος
798 1873 991 1925 ἔπεσεν
1056 1872 1450 1941 εὐτυχέστερον
1485 1871 1518 1941 ἢ
1554 1869 1631 1939 τῷ
1662 1871 1803 1924 Πλά-

224 1981 380 2016 τωνι.
422 1965 664 2025 Ἐκεῖνος
690 1964 799 2034 γὰρ
853 1965 943 2016 ἐπὶ
977 1965 1255 2016 Διονύσιον
1304 1963 1543 2026 πλεύσας
1570 2003 1585 2027 ,
1632 1964 1708 2025 ὼς
1736 1963 1801 2016 ἂν

225 2056 407 2121 εὐφυᾶ
437 2055 557 2106 νέον
603 2054 700 2106 καὶ
743 2055 819 2120 τῷ
863 2054 1298 2125 προσληψομένῳ
1331 2055 1656 2124 εὐχείρωτον
1688 2057 1800 2116 τοῖς

225 2146 324 2198 τοῦ
388 2146 548 2211 λόγου
604 2145 840 2215 χαλινοῖς
895 2149 1240 2216 καταρτύσας
1301 2148 1510 2216 συνάψῃ
1558 2146 1801 2217 βασιλείᾳ

225 2234 574 2304 φιλοποσίαν,
609 2237 703 2288 καὶ
733 2237 811 2304 τῷ
861 2236 1120 2289 δύνασθαι
1168 2238 1234 2289 τὰ
1283 2237 1512 2307 μέγιστα
1543 2238 1800 2308 πράττειν

225 2324 302 2390 δῷ
342 2326 436 2375 καὶ
475 2324 536 2376 τὸ
587 2325 656 2376 τὰ
704 2325 952 2393 βέλτιστα
1004 2325 1306 2394 βούλεσθαι,
1343 2329 1492 2396 παρὰ
1531 2328 1800 2380 τοσούτων

229 2414 294 2481 Π.
337 2413 620 2485 τοσοῦτον]
653 2411 783 2483 ἦλθε
842 2415 948 2466 τῶν
1008 2415 1277 2477 ἐλπίδων,
1327 2415 1467 2468 ὥστε
1526 2417 1801 2479 Διονύσιος

231 2507 402 2571 μήπω
443 2507 609 2574 μηδὲν
638 2507 902 2576 πρότερον
931 2509 1008 2569 εἰς
1029 2508 1349 2576 φιλοσοφίαν
1377 2510 1798 2578 παρανομήσας,

231 2594 376 2661 μετὰ
413 2594 512 2662 τὴν
545 2595 636 2646 τοῦ
673 2595 958 2655 Πλάτωνος
995 2597 1123 2666 περὶ
1152 2597 1247 2648 τοῦ
1271 2595 1480 2649 δικαίου
1515 2600 1799 2650 συνουσίαν

227 2686 327 2734 καὶ
375 2682 472 2734 τοῦ
532 2684 738 2746 καλοῦ,
799 2686 1056 2754 αἰσχιστα
1103 2687 1394 2754 αἰσχίστων
1449 2687 1539 2738 ἐπὶ
1597 2689 1801 2754 ταύτην

228 2772 539 2841 ἐξύϐρισεν.
559 2773 732 2824 Ἰσασι
756 2774 853 2841 τὴν
893 2774 1050 2842 ὓϐριν
1081 2774 1202 2826 ὅσον
1225 2776 1337 2844 (58)
1369 2776 1459 2828 τὸν
1485 2776 1676 2828 Πόλλιν
1701 2777 1800 2827 οὐκ

227 2863 496 2930 ἀγνοοῦσι
525 2864 616 2915 καὶ
638 2863 729 2915 τὸν
775 2865 1126 2934 Ἀννικόριον.
1181 2866 1320 2932 Ἐγὼ
1345 2864 1401 2919 δὲ
1429 2866 1551 2919 οὔτε
1583 2870 1800 2936 μακρὰν

228 2955 423 3023 τεμὼν
488 2955 806 3018 θάλασσαν,
880 2955 1003 3008 οὔτε
1059 2957 1157 3025 τὴν
1229 2957 1393 3028 ὀλοὴν
1458 2959 1800 3029 ἔκμετρήσας

229 3045 534 3114 Χάρυϐδιν,
563 3046 654 3098 τὸν
687 3046 928 3098 οίκίσκον
949 3047 1136 3100 τοῦτον
1155 3048 1343 3112 οίκῶν,
1367 3050 1466 3117 τῆς
1502 3050 1600 3117 σῆς
1630 3067 1798 3119 μεγα-

228 3137 448 3198 λονοίας
477 3137 829 3206 κατατρυφῶ,
881 3139 975 3189 καὶ
1018 3137 1111 3190 σοῦ
1146 3138 1242 3208 τὴν
1265 3140 1432 3208 ἀκοὴν
1455 3142 1799 3204 ὑποτιθέντος

243 3225 573 3281 Ἰππάσιοιι·
609 3227 832 3280 Λύδιον
871 3230 931 3279 τὸ
965 3228 1120 3294 ἅρμα
1159 3246 1260 3296 μοι
1285 3230 1509 3297 φέρειν,
1548 3229 1802 3282 τοσοῦτον
1829 3260 1870 3315 c

231 3315 629 3384 εὐμοιρότερον
656 3314 766 3382 ἐγὼ
806 3316 1110 3377 Πλάτωνος.
1163 3316 1374 3368 Οὐκοῦν
1410 3318 1531 3369 οὐδὲ
1559 3319 1651 3369 τὸν
1679 3318 1802 3383 Βρι-

230 3405 387 3472 άρεω
443 3403 700 3472 δημόσιον
761 3403 1143 3473 ὑποπτήξομεν
1177 3445 1191 3468 ,
1252 3404 1386 3457 ἀλλὰ
1444 3409 1562 3467 ταῖς
1611 3407 1802 3459 ἑκατὸν

234 3495 459 3547 ἐκείνου
517 3495 672 3563 χερσὶ
705 3494 800 3562 τὴν
840 3495 938 3562 τῆς
985 3495 1328 3563 δικαιοσύνης
1357 3496 1536 3561 δεξιὰν
1582 3498 1801 3550 ἀντιτα-

233 3584 450 3646 ξαντες,
511 3583 599 3634 διὰ
651 3584 854 3652 ταύτης
885 3584 1222 3652 ποιήσομεν
1263 3585 1539 3654 δύναμιν.
1590 3587 1664 3638 υύ
1695 3588 1802 3656 γάρ

233 3691 321 3735 σε,
352 3669 398 3725 ὣ
435 3675 884 3742 πανσέὸαστέμοι
904 3673 997 3725 τοῦ
1027 3675 1185 3740 λόγου
1219 3675 1460 3744 μέλημα,
1492 3676 1805 3742 ἀναγκαίως

232 3762 500 3830 ἀξιοῦμεν
560 3764 665 3813 τῶν
722 3761 944 3815 δικαίων
999 3763 1269 3830 ὑφίεσθαι,
1321 3765 1458 3816 ἀλλὰ
1507 3765 1665 3817 τοῦτο
1705 3765 1802 3833 μὲν

230 3854 487 3906 ἑκούσιόν
529 3869 608 3905 σοι
648 3853 984 3922 ποιούμεθα,
1024 3855 1117 3906 καὶ
1155 3855 1483 3924 ἁνατίθεμεν
1533 3857 1732 3924 μᾶλλον
1767 3856 1799 3926 ἢ

233 3945 575 4015 ὲπιτίθεμεν.
633 3945 795 3998 Ἀλλο
825 3946 881 3996 δέ
926 3947 1072 3999 ἐστιν
1122 3945 1150 3998 ὃ
1181 3949 1567 4016 ἀπαραιτήτως
1599 3963 1657 3997 σε
1687 3949 1803 3998 είσ-

232 4036 611 4104 πραττόμεθα,
652 4035 741 4087 καὶ
776 4036 1129 4106 σφοῖρότερον
1163 4036 1196 4105 ἢ
1233 4037 1394 4098 αὐτὸς
1426 4036 1662 4105 ὑποτελῆ
1714 4053 1795 4088 σοι

233 4130 368 4189 τοὺς
400 4128 618 4194 φόρους,
649 4126 710 4178 τὸ
751 4127 993 4196 μηδόλως
1018 4127 1270 4193 ὑφίεσθαι
1301 4129 1443 4180 κατὰ
1473 4128 1568 4180 τοῦ
1591 4129 1800 4182 δικαίου

237 4219 589 4287 νεωτερίζειν
613 4215 707 4268 τοῦ
739 4217 978 4278 πλείονος
1008 4217 1190 4286 ἔρωτι.
1225 4217 1341 4268 Ἵνα
1373 4218 1480 4286 γάρ
1524 4234 1605 4269 σοι
1647 4218 1805 4270 διέλω

236 4313 301 4361 τὸ
349 4311 462 4370 τοῖς
519 4309 730 4369 πολλοῖς
778 4308 1160 4377 ἀγνοούμενον,
1216 4307 1396 4377 ζῶμεν
1442 4309 1717 4378 ἄνθρωποι
1770 4309 1801 4376 ἢ

237 4400 395 4452 κατὰ
428 4399 494 4452 τὸ
527 4398 782 4463 δίκαιον,
818 4401 850 4470 ἢ
880 4402 1039 4467 παρὰ
1069 4403 1133 4454 τὸ
1182 4401 1435 4465 δίκαιον,
1467 4402 1499 4470 ἢ
1551 4402 1703 4467 ὑπὲρ
1738 4403 1804 4454 τὸ

236 4491 508 4544 δίκαιον.
547 4491 656 4542 Καὶ
685 4491 761 4560 τῷ
793 4493 890 4560 μὲν
941 4493 1213 4562 ἄνθρωποι
1269 4494 1643 4562 φυλαττόμεθα
1672 4509 1684 4522 ·
1726 4493 1803 4560 τῷ

1905 609 1962 652 ut
1993 600 2392 654 benefactoretn
2423 607 2476 651 te
2509 595 2885 664 perfectiorem
2914 595 3143 657 habens,
3171 597 3335 649 etiam
3367 598 3471 649 mi-

3286 699 3474 744 πυρίαι-

2370 867 2509 921 XIV.
2549 895 2618 907 -
2651 868 2970 941 Pucurt'ano.

1989 963 2124 1015 Cum
2177 962 2288 1027 jam
2328 959 2532 1012 dudum
2596 972 2770 1010 meam
2806 958 3200 1026 deploraverim
3249 968 3473 1019 sortem,

1914 1051 2310 1119 augustissime
2343 1048 2414 1099 mi
2477 1047 2528 1098 in
2589 1047 2816 1099 Domino
2872 1046 2966 1109 ﬁli,
3015 1062 3245 1116 eamque
3281 1047 3472 1101 duram

1912 1141 2295 1213 appellaveritn
2362 1149 2412 1194 et
2448 1140 2761 1208 malignam,
2788 1140 3045 1208 quoniam
3080 1155 3164 1193 me
3199 1140 3265 1193 ad
3298 1150 3477 1195 extre-

1912 1249 2053 1285 mam
2113 1234 2249 1285 hanc
2306 1239 2516 1300 partem
2589 1232 2838 1299 projecit,
2881 1231 2970 1284 ubi
3010 1232 3145 1285 livor
3205 1236 3369 1303 viget,
3423 1245 3477 1288 ct

1910 1325 2120 1387 odium,
2153 1332 2208 1377 et
2256 1324 2486 1375 aliorum
2527 1324 2682 1375 turba
2727 1324 2996 1387 vitiorum,
3050 1339 3111 1377 ac
3157 1326 3247 1378 ubi
3299 1327 3474 1394 ipsum

1906 1415 2232 1469 eruditionis
2257 1429 2453 1485 nomen
2473 1429 2697 1466 exosum
2719 1416 2888 1482 magis
2907 1423 3012 1477 est,
3047 1430 3206 1483 quam
3228 1433 3441 1484 unguen
3461 1447 3477 1456 -

1909 1511 2023 1555 tum
2065 1502 2468 1563 crabronibus;
2522 1515 2665 1553 nunc
2724 1501 2887 1553 etiam
2935 1501 3140 1566 gratias
3171 1502 3219 1554 ei
3278 1501 3478 1556 habere

1903 1594 2094 1655 debeo,
2153 1594 2280 1663 juod
2327 1594 2668 1648 barbaricam
2719 1593 2857 1644 hanc
2911 1593 3296 1647 habitationem
3345 1597 3476 1648 mili

1909 1685 2160 1749 dederit,
2224 1687 2279 1738 in
2333 1699 2441 1753 qua
2494 1695 2545 1737 te
2601 1684 2945 1747 auditorem,
2985 1685 3129 1736 velut
3158 1686 3474 1738 thesaurum

1908 1788 2099 1832 nactus
2137 1793 2256 1831 sum
2285 1795 2300 1830 :
2330 1776 2477 1844 quod
2512 1775 2728 1844 quidem
2755 1789 2784 1828 a
2819 1777 3005 1828 multis
3030 1777 3194 1827 etiam
3233 1776 3476 1836 illorutn,

1836 1885 1877 1939 Β
1906 1873 1996 1938 qui
2051 1871 2104 1921 in
2148 1883 2341 1937 magna
2381 1875 2671 1922 versantur
2705 1866 2838 1918 urbe
2868 1906 2884 1930 ,
2916 1882 3130 1920 summo
3186 1869 3240 1919 in
3300 1869 3476 1936 pretio

1911 1962 2179 2026 habitum,
2216 1962 2306 2014 vix
2351 1968 2533 2012 tamen
2567 1957 2754 2026 paucis
2802 1957 3122 2026 contingere
3181 1960 3474 2026 potuisset.

1911 2049 1978 2104 Et
2012 2052 2142 2106 mihi
2172 2051 2390 2121 quidem
2417 2066 2535 2105 sors
2565 2050 2799 2114 felicius,
2828 2065 2990 2118 quam
3018 2049 3256 2114 Platoni,
3281 2051 3473 2105 cessit.

1911 2142 2005 2196 llle
2071 2144 2267 2204 enim,
2334 2157 2456 2195 cum
2521 2139 2588 2194 ad
2653 2139 2973 2209 Dionysium
3021 2140 3382 2208 navigasset,
3421 2151 3477 2193 ut

1907 2232 2160 2301 juvenem
2216 2231 2368 2284 home
2425 2229 2705 2298 facilisque
2741 2228 2937 2283 indolis
2972 2228 3235 2283 doctrina:
3299 2229 3473 2283 frenis

1910 2325 2170 2392 dirigens,
2213 2324 2436 2377 doceret
2471 2337 2595 2375 cum
2649 2335 2819 2388 regno
2871 2321 3273 2389 philos0phiam
3338 2337 3471 2373 eon-

1907 2416 2133 2484 jungere
2168 2426 2218 2468 et
2255 2413 2511 2482 potestati
2550 2411 2783 2465 faciendi
2849 2414 3083 2465 maxima
3142 2411 3473 2465 voluntatem

1912 2506 2105 2576 agendi
2161 2505 2368 2573 optima
2425 2502 2863 2572 superadderet;
2929 2505 3066 2556 adeo
3117 2502 3394 2555 aberravit
3445 2518 3476 2554 a

1911 2611 2096 2663 scepo,
2130 2604 2189 2648 ut
2216 2594 2523 2665 Dionysius,
2557 2609 2682 2648 cum
2717 2610 2996 2662 nunquam
3026 2604 3182 2646 antea
3207 2593 3260 2646 in
3297 2594 3476 2662 pltilo~

1911 2688 2160 2755 sophiam
2183 2687 2524 2754 deliquisset,
2559 2695 2682 2753 post
2706 2684 2948 2738 Platonis
2977 2687 3046 2738 dc
3073 2685 3224 2753 justo
3244 2693 3297 2738 et
3327 2697 3475 2737 recto

1919 2779 2319 2832 institutionem
2345 2779 2682 2846 turpioribus
2714 2777 3052 2844 turpissimis
3104 2793 3223 2831 eam
3259 2777 3474 2845 injuriis

1911 2871 2179 2924 all'ecerit.
2241 2869 2456 2922 Norunt
2496 2870 2599 2923 hoc
2634 2869 2948 2937 quicunque
2979 2868 3154 2921 Pollio
3189 2885 3294 2921 non
3322 2871 3474 2939 igno-

1909 2969 2032 3013 rant
2075 2969 2129 3014 et
2157 2959 2535 3013 Annicorium.
2586 2960 2698 3028 Ego
2729 2974 2878 3023 vero,
2905 2960 3034 3027 quin
3063 2969 3275 3013 vastum
3311 2960 3469 3029 traji-

1908 3065 2091 3105 cerem
2131 3064 2278 3102 mare
2309 3089 2323 3113 ,
2382 3049 2464 3103 vel
2525 3049 2886 3118 periculosam
2945 3049 3468 3117 enavigaremea-

1907 3143 2143 3214 rybdim,
2173 3142 2280 3194 imo
2304 3141 2434 3209 quin
2464 3138 2850 3191 domunculam
2878 3152 3050 3192 meam
3084 3139 3469 3205 relinquerem,

1907 3248 2102 3302 magna
2143 3239 2322 3285 mente
2363 3239 2453 3284 tua
2487 3229 2660 3294 fruor,
2704 3240 2865 3297 teque
2897 3229 3142 3282 auditum
3177 3229 3470 3297 praebente,

1908 3324 2192 3392 Equitatus
2220 3321 2420 3391 Lydius
2448 3337 2660 3374 currum
2692 3321 2821 3372 milii
2869 3321 3003 3388 agit.
3049 3320 3201 3374 Adeo
3250 3321 3473 3374 meliore

1905 3427 2050 3470 sorte
2085 3416 2236 3469 fruor
2265 3417 2401 3482 ipse,
2431 3427 2595 3482 quam
2624 3413 2799 3466 Plato.
2829 3413 3000 3481 Igitur
3036 3427 3213 3481 neque
3245 3415 3471 3483 popula-

1907 3523 2020 3561 rem
2065 3508 2216 3560 illum
2269 3506 2550 3560 Briareum
2591 3505 2911 3574 parebimus
2944 3504 3054 3558 ullo
3082 3506 3246 3558 modo
3294 3522 3307 3558 :
3373 3508 3468 3557 sed

1906 3611 2121 3654 centum
2155 3599 2302 3651 illius
2341 3597 2599 3650 manibus
2627 3604 2965 3665 opponentes
2999 3596 3237 3664 justitiaa
3283 3595 3473 3649 deste.

1907 3705 2044 3751 ram,
2101 3689 2200 3740 bac
2245 3689 2498 3754 faciemus
2551 3688 2796 3739 virtutem
2829 3687 2895 3738 ⁸⁵.
2945 3686 3066 3740 Non
3107 3686 3250 3739 enim
3293 3694 3367 3751 te,
3401 3687 3471 3737 mi

1905 3779 2258 3847 pansebaste.
2291 3776 2447 3844 cujus
2473 3775 2764 3830 erudiendi
2811 3776 2947 3829 mihi
2978 3791 3108 3828 cura
3143 3785 3248 3839 est,
3279 3791 3472 3829 neces—

1907 3869 2053 3922 sario
2080 3883 2358 3936 rogamus,
2400 3875 2457 3919 ut
2496 3867 2563 3919 de
2597 3867 2741 3934 jure,
2771 3866 2913 3933 quod
2946 3867 3085 3918 tueri
3121 3879 3336 3933 posses,
3384 3879 3473 3917 re-

1907 3957 2100 4021 cedas;
2137 3957 2231 4010 sed
2266 3957 2369 4009 hoc
2394 3954 2663 4009 voluntati
2694 3963 2801 4008 tua:
2837 3954 3206 4023 permittimus
3254 3959 3309 4007 et
3342 3967 3473 4020 pro-

1911 4048 2166 4117 ponimus
2214 4046 2398 4116 potius
2453 4061 2618 4115 quam
2675 4046 3029 4114 imponimus.
3085 4044 3286 4097 Verum
3323 4043 3470 4095 aliud

1908 4145 2017 4200 est,
2059 4139 2206 4207 quod
2246 4138 2658 4191 inexorabiliter
2701 4137 2800 4191 abs
2839 4143 2891 4189 te
2921 4135 3230 4205 exigimus:
3263 4134 3474 4188 scilicet

1909 4245 1973 4284 ne
1994 4232 2276 4299 permittas
2305 4238 2498 4283 contra
2541 4229 2593 4283 id
2629 4228 2772 4298 quod
2797 4227 3004 4296 justum
3034 4234 3138 4288 est,
3175 4226 3469 4279 novitatem

1909 4321 2090 4374 induci
2120 4322 2308 4386 ullam,
2345 4320 2696 4375 emolumenti
2728 4317 2973 4387 cujusvis
2999 4315 3160 4388 575
3185 4319 3377 4386 gratia.
3405 4315 3473 4367 Ut

1906 4413 2048 4465 enim
2069 4412 2164 4464 tibi
2183 4410 2466 4479 explicem,
2492 4411 2636 4479 quod
2657 4424 2685 4462 a
2718 4407 2905 4487 multis
2931 4409 3235 4476 ignoratur,
3263 4420 3363 4459 nos
3378 4407 3475 4457 lto-

1909 4504 2083 4556 mines
2134 4502 2393 4564 vivimus,
2433 4502 2517 4554 vel
2564 4499 2851 4552 secundum
2883 4499 3112 4567 justum,
3162 4498 3245 4550 vel
3281 4507 3473 4563 prarter

237 4579 322 4644 δὲ,
360 4579 524 4650 Θηρία
555 4581 1044 4648 μεταπλαττόμεθα
1071 4598 1084 4610 ·
1114 4583 1190 4652 τῷ
1220 4584 1297 4646 δὲ,
1332 4583 1444 4636 θεοὶ
1470 4583 1805 4646 ἀπεικονιζὸο
1836 4602 1870 4660 ι]

1836 4595 2128 4663 Djustum,
2161 4594 2244 4648 vel
2277 4609 2437 4661 supra
2466 4596 2668 4658 justum
2694 4607 2712 4645 :
2738 4607 2971 4661 quorum
3006 4591 3182 4658 primo
3220 4590 3470 4643 homines

246 4672 412 4741 μεθα.
440 4672 510 4724 Σὺ
541 4672 723 4726 τοίνυν
765 4674 1044 4740 πάγκαλος
1068 4675 1166 4742 μὲν
1197 4675 1262 4726 ἂν
1287 4677 1427 4744 εἴης,
1463 4677 1510 4726 εἰ
1538 4675 1635 4743 τὴν
1672 4691 1806 4726 σαυ-

237 4763 337 4815 τοῦ
398 4763 578 4834 ψυχὴν
631 4765 982 4835 ζωγραφοίης
1023 4769 1133 4828 τοῖς
1185 4766 1348 4827 θείοις
1401 4769 1498 4834 τῆς
1545 4765 1696 4833 ὑπὲρ
1739 4766 1803 4818 τὸ

240 4855 482 4909 δίκαιον
512 4855 655 4925 ζωῆς
683 4856 956 4925 χρώμασι.
988 4857 1158 4910 Τοῦτο
1183 4857 1239 4909 δὲ
1263 4859 1402 4911 ἔστω
1425 4875 1505 4910 σοι
1542 4859 1678 4911 κατὰ
1705 4860 1804 4928 τὴν

243 4948 424 5018 ἀρχὴν
467 4947 675 5016 ταύτην
721 4948 806 5016 ἐφ’
855 4943 936 5010 οἷς
977 4948 1342 5017 καθέστηκας,
1385 4952 1434 5002 sl
1473 4953 1566 5002 καὶ
1600 4951 1706 5002 τῶν
1741 4954 1804 5003 ὲκ

243 5033 515 5104 βασιλέως
581 5037 885 5104 ἐφειμένων
933 5039 1236 5106 ὑπέροπτος
1292 5034 1431 5091 εἶναι
1492 5040 1706 5103 δύναιο,
1769 5041 1802 5110 ἢ

243 5125 478 5190 βούλοιο.
515 5125 576 5177 El
624 5126 667 5178 δ’
702 5126 810 5195 ἄρα
849 5125 1007 5178 τοῦτο
1037 5129 1110 5196 μὴ
1153 5130 1295 5180 πάνυ
1350 5147 1430 5182 σοι
1474 5131 1718 5193 δυνατὸν,
1769 5133 1802 5199 ἦ

245 5214 326 5284 μὴ
383 5213 662 5282 βουλητὸν,
717 5216 776 5266 οὺ
840 5216 1284 5286 προσϐιασόμεθά
1320 5235 1378 5271 σε
1420 5221 1511 5271 τὸν
1541 5221 1800 5290 ἄπτερον,

241 5305 431 5374 ἀέριον
483 5303 781 5374 φέρεσθαι,
835 5307 930 5359 καὶ
981 5309 1245 5360 κινεῖσθαι
1281 5312 1462 5380 μέντοι
1505 5314 1642 5364 κατὰ
1710 5313 1802 5365 τὸν

323 5493 372 5524 ⁸³
401 5493 543 5548 l’sal.
580 5509 766 5558 cxvm,
808 5493 890 5547 18.

1908 4700 2193 4739 servamur
2217 4702 2231 4749 ;
2265 4683 2436 4738 altero
2462 4686 2515 4736 in
2539 4684 2750 4737 belluas
2775 4681 3269 4736 transformamur:
3307 4679 3470 4730 tertio

1909 4776 2117 4830 similes
2151 4775 2264 4830 Deo
2286 4775 2574 4830 t-ﬂicimur.
2611 4774 2781 4830 Porro
2804 4784 2860 4828 tu
2886 4773 3289 4843 pulcherrimus
3322 4775 3475 4840 equi-

1909 4865 2028 4919 dem
2065 4865 2232 4929 fores,
2259 4867 2302 4921 si
2329 4867 2565 4920 animam
2592 4875 2740 4920 tuam
2764 4867 2964 4920 divinis
2996 4867 3137 4927 vitae,
3156 4879 3277 4932 qua:
3309 4879 3471 4931 supra

1899 4955 2105 5022 justum
2129 4963 2232 5019 est,
2270 4955 2548 5008 coloribus
2587 4970 2906 5009 exornares.
2947 4955 3009 5008 Et
3040 4956 3144 5008 hoc
3178 4969 3310 5008 sane
3339 4967 3474 5024 pra:-

1913 5057 2058 5100 stare
2089 5047 2255 5100 debes
2287 5047 2340 5099 in
2371 5047 2472 5100 hac
2511 5046 2796 5116 dignitate,
2837 5061 3002 5116 quam
3037 5056 3212 5109 tenes,
3245 5047 3288 5100 si
3326 5047 3471 5099 imzr

1909 5151 2025 5198 eos,
2066 5140 2156 5206 qui
2190 5139 2257 5191 ab
2289 5139 2615 5205 imperatore
2651 5139 2963 5203 mittuntur,
3005 5138 3321 5206 praecellens
3344 5152 3468 5190 esse

1910 5229 2042 5280 velis
2071 5243 2134 5282 ac
2170 5219 2370 5298 possis.
2421 5230 2478 5282 Si
2520 5243 2648 5284 vero
2681 5235 2944 5298 praestare
2985 5243 3097 5282 rem
3123 5237 3327 5281 tantam
3357 5243 3465 5279 non

1913 5329 2088 5385 potes,
2149 5335 2246 5375 seu
2279 5335 2388 5375 non
2421 5321 2525 5384 vis,
2580 5321 2724 5375 haud
2786 5334 2920 5376 sane
2956 5335 3056 5376 nos
3113 5327 3166 5375 te
3211 5333 3308 5390 per
3360 5319 3466 5371 vim

967 5494 1010 5526 “
1046 5493 1191 5550 Psal.
1225 5511 1372 5561 κου’,
1417 5498 1468 5550 5.
1544 5499 1588 5530 ⁸⁸
1612 5498 1757 5557 Psal.
1788 5516 1919 5566 cvn,
1957 5503 2041 5556 Us.

1426 5637 1622 5700 Variae
1643 5640 1951 5705 lectiones
1975 5652 2034 5705 et
2075 5651 2260 5706 notae.

318 5763 432 5832 (3i)
460 5762 591 5816 ὅσοι.
