4276 6436
736 382 846 443 343

1629 381 2209 477 TIIEOPHYLACTI
2248 382 2660 445 BULGARI/E
2694 388 3046 449 ARCHIEP.

3894 390 3998 452 3H

737 499 940 562 ferunt,
980 506 1030 552 et
1079 496 1266 552 multis
1316 493 1647 551 olendiculo
1695 507 1868 552 sunt:
1919 499 2084 551 Deum
2136 496 2312 550 solum
2343 494 2426 555 At

2307 515 2312 548 ι
2343 494 2391 555 Α
2419 497 2616 562 αὐτοὺς
2651 498 3042 564 κολακεύοντες
3078 500 3268 570 πικροὶ
3303 500 3412 553 τῶν
3447 501 3624 554 ἄλλων
3677 506 3862 570 κριταὶ
3898 524 3996 556 κα·-

736 590 1014 645 rationum
1046 598 1355 645 exactorem
1384 590 1545 645 nobis
1581 591 2010 660 exspectandum
2040 590 2315 645 arbitran-

735 691 818 736 tes
875 690 930 737 et
974 682 1328 748 aﬂirmantes,
1379 689 1434 737 et
1479 686 1552 737 ita
1595 683 1843 753 persuasi
1883 694 1933 737 ct
1984 683 2317 752 persuadere

733 776 1000 828 volentes.
1065 774 1122 829 Si
1164 786 1344 830 autem
1393 777 1762 844 nosmetipsos
1801 775 2119 844 palpantes,
2155 776 2314 845 rigidi

737 866 970 919 aliorum
1022 868 1196 920 simus
1262 866 1500 935 judices,
1545 867 1843 920 timendum
1904 868 2062 921 nobis
2109 875 2212 924 est.
2249 883 2315 920 nc

736 957 843 1009 illis
874 959 966 1027 qui
996 959 1294 1027 alligabunt
1324 975 1483 1013 onera
1511 961 1694 1026 gravia
1751 968 1803 1012 et
1839 959 2220 1024 impartabiliu,
2254 974 2316 1012 ac

739 1070 802 1105 ne
840 1054 1001 1122 digito
1034 1054 1253 1120 quidem
1284 1069 1384 1108 suo
1424 1071 1627 1108 movere
1657 1054 1890 1107 volebant
1917 1055 1957 1116 ',
1990 1052 2316 1106 adnumere-

736 1160 862 1197 mur
880 1184 894 1206 ,
921 1146 1193 1215 nobisque
1218 1146 1437 1200 dicatur
1461 1164 1472 1200 ε
1511 1146 1793 1199 Inveterati
1817 1145 2021 1199 dierum
2056 1147 2314 1199 malorum

739 1237 976 1304 propriis
1037 1237 1489 1291 condemnamini
1534 1238 1692 1290 labiis
1723 1238 1786 1302 ³;
1842 1238 1920 1290 vel
1962 1258 1973 1290 :
2023 1238 2173 1291 Servi
2219 1255 2315 1292 uc-

739 1345 924 1397 quam,
950 1345 1015 1384 cx
1043 1345 1140 1384 ore
1171 1339 1355 1385 vestro
1389 1331 1710 1398 judicamiui
1743 1333 1763 1362 ⁸
1796 1349 1809 1394 ;
1842 1338 1892 1384 et
1928 1347 2116 1386 rursus
2145 1350 2156 1384 :
2197 1330 2317 1384 Non

737 1421 1010 1474 dimittitis
1043 1423 1325 1482 modicum.
1357 1438 1475 1474 cum
1512 1422 1650 1475 vobis
1675 1422 1952 1474 dimissum
1987 1423 2145 1490 fuerit
2181 1425 2320 1476 mul-

740 1522 872 1566 tum.
919 1511 1042 1565 Ilaec
1078 1512 1199 1578 tibi,
1235 1512 1713 1566 honorandissime
1745 1512 1931 1579 frater,
1971 1514 2116 1581 jacta
2153 1515 2261 1568 sint
2290 1533 2315 1565 ιι

740 1603 899 1656 nobis
926 1603 1183 1669 agricolis
1216 1603 1365 1657 verbi
1409 1603 1619 1655 semina
1659 1622 1670 1656 :
1706 1603 1913 1656 utinam
1949 1618 2078 1657 vero
2112 1612 2168 1657 tu
2201 1613 2320 1658 tan-

738 1711 901 1763 quam
932 1704 1074 1749 terra
1096 1695 1252 1758 bona,
1285 1701 1344 1748 ut
1378 1706 1662 1764 speramus
1688 1705 1740 1750 et
1769 1705 2041 1764 Optamus,
2085 1711 2194 1749 non
2238 1713 2321 1765 pe-

739 1797 907 1854 trosa,
944 1791 1026 1843 vel
1059 1789 1269 1857 spinosa
1300 1787 1697 1852 ',$fructitices
1729 1787 1885 1841 nobis
1928 1787 2314 1851 obedientiam,

739 1880 929 1949 sicque
962 1879 1236 1949 perfectus
1267 1880 1612 1950 dignoscaris
1642 1880 1947 1950 discipulus
1969 1881 2199 1943 Christi.
2224 1883 2315 1951 qui

737 1971 1003 2025 descendit
1036 1970 1101 2024 de
1128 1971 1280 2036 creto,
1315 1987 1418 2024 non
1449 1981 1503 2024 ut
1529 1987 1682 2024 suam
1706 1972 1902 2039 faceret
1941 1973 2266 2027 voluntatem
2299 2014 2314 2038 ,

736 2064 828 2116 sed
869 2064 981 2130 ejus
1026 2064 1116 2132 qui
1165 2064 1309 2116 misit
1340 2079 1481 2124 eum.
1521 2061 1699 2116 Patris
1722 2062 1762 2118 '.
1805 2062 1962 2129 Quod
2009 2066 2054 2119 si
2112 2081 2213 2120 nos
2263 2074 2319 2120 et

741 2154 841 2208 hac
874 2154 992 2208 vice
1029 2154 1311 2221 aspernari
1345 2153 1605 2216 volueris,
1658 2152 1800 2207 nosti
1837 2153 2102 2222 profecto,
2151 2168 2313 2224 quem

741 2245 907 2299 etiam
945 2245 997 2298 in
1042 2246 1200 2298 nobis
1248 2253 1536 2314 spreturus
1574 2246 1682 2311 sis,
1723 2245 1810 2299 cui
1854 2245 2315 2301 terribilissimam

741 2353 962 2406 quoque
989 2353 1048 2391 es
1077 2337 1388 2392 redditurus
1421 2337 1709 2392 rationem.
1741 2337 1983 2407 Spernes
2017 2349 2198 2393 autem
2236 2354 2320 2395 me

742 2429 1011 2497 profecto.
1059 2429 1103 2483 si
1159 2428 1382 2498 quidem
1449 2430 1720 2484 monacho
1763 2430 2154 2485 monaster’um
2209 2448 2317 2486 non

742 2521 1055 2576 restitueris
1090 2535 1248 2576 suum
1276 2522 1444 2592 (quod
1481 2530 1534 2577 et
1571 2521 1868 2590 imperator
1895 2523 2182 2593 decrevit),
2221 2540 2320 2579 ne-

745 2626 853 2682 que
876 2626 1000 2665 eum
1041 2612 1109 2669 ab
1139 2611 1542 2693 interdictionis
1571 2612 1786 2665 vinculo
1819 2611 2142 2666 absolveris.
2176 2614 2323 2677 Quas

751 2719 882 2758 vero
919 2705 1085 2759 babes
1112 2711 1301 2759 contra
1327 2703 1530 2772 ipsum,
1564 2703 1949 2757 accusationes
1993 2703 2202 2758 deferes
2233 2721 2323 2775 sy-

749 2795 915 2861 nodo,
968 2795 1057 2852 cui
1106 2794 1382 2850 intereris.
1432 2794 1668 2849 Omnino
1708 2810 1838 2850 vero
1890 2794 2017 2849 huic
2059 2795 2324 2850 interesse

751 2888 941 2952 debes,
970 2903 1096 2943 cum
1129 2887 1198 2942 ob
1243 2886 1486 2956 pendens
1523 2886 1767 2955 episcopi
1802 2886 2147 2954 Lipanicnsis
2176 2886 2328 2954 judi-

748 2982 919 3044 cium,
961 2979 1104 3049 quod
1161 2978 1344 3049 perfici
1410 2985 1625 3047 oportet
1695 2977 1764 3030 ab
1829 2977 1956 3038 illis,
2003 2977 2094 3046 qui
2145 2978 2322 3046 ipsum

755 3072 1414 3140 intentarunt,equorum
1433 3083 1662 3122 numero
1690 3075 1745 3121 tu
1782 3082 2000 3137 quoque
2033 3081 2092 3122 es
2121 3085 2132 3119 :
2164 3067 2329 3138 579

2419 592 2654 660 Οήμεθα,
2708 591 2822 654 δέος
2869 593 2943 662 μὴ
3002 592 3393 661 συνταχθῶμεν
3448 596 3560 656 τοῖς
3617 593 3992 662 δεσμεύοινσι

2423 686 2522 754 μὲν
2545 685 2757 753 φορτία
2781 685 2976 753 βαρέα
2993 686 3085 737 καὶ
3106 683 3512 749 δυσϐάστακτα,
3537 684 3617 750 τῷ
3639 686 3694 738 δὲ
3713 685 3996 750 δακτύλῳ

2421 776 2600 831 αὐτῶν
2631 779 2714 846 μὴ
2767 778 3174 847 ,βουλομένοις
3203 778 3470 845 κινῆσαι,
3505 779 3598 829 καὶ
3636 779 3986 845 ἀκούσωμεν,

2422 869 2553 927 εἴτε,
2583 868 3070 936 Πεπαλαιωμένοι
3104 867 3308 923 κακῶν
3346 867 3584 936 ἡμερῶν
3635 871 3747 930 τοῖς
3777 869 4002 931 οἰκείοις

2422 958 3018 1029 καταμαρτυρούμενοι
3069 960 3348 1030 χείλεσιν
3389 962 3520 1021 εἴτε,
3560 960 3810 1025 Πονηροὶ
3864 958 4003 1011 δοῦ·

2421 1058 2538 1115 λοι,
2578 1055 2658 1118 τῷ
2703 1058 2900 1126 οἰκείῳ
2951 1055 3295 1122 κρινόμενοι
3343 1054 3626 1120 στόματι·
3665 1053 3755 1104 καὶ
3788 1051 3876 1114 αὖ,
3905 1051 4000 1117 Μὴ

2421 1147 2698 1215 ἀφιέντες
2749 1151 2977 1218 ὀλίγον,
3020 1147 3342 1216 ἀφεθέντες
3396 1145 3467 1198 τὰ
3510 1146 3781 1198 πλείονα.
3813 1145 4004 1196 Ταῦτά

2425 1257 2525 1303 σοι,
2581 1240 2875 1310 τιμιώτατε
2930 1241 3147 1309 ἁδελυρὲ,
3202 1237 3352 1307 παρὰ
3402 1236 3510 1288 τῶν
3558 1236 3821 1304 γεωργῶν
3843 1236 4003 1302 ἡμῶν

2420 1333 2512 1385 τοῦ
2543 1332 2702 1400 λόγου
2741 1333 2806 1385 τὰ
2838 1333 3132 1400 σπέρματα
3153 1345 3168 1360 ·
3204 1329 3414 1396 γένοιτο
3437 1328 3494 1380 δέ
3521 1345 3579 1379 σε
3619 1327 3735 1394 γῆν
3769 1327 4005 1392 ἀγαθὴν

2423 1425 2680 1494 φανέντα,
2743 1426 2817 1488 ὡς
2875 1423 3170 1491 ἐλπίζομεν
3228 1422 3324 1474 καὶ
3369 1417 3674 1490 εὐχόμεθα,
3739 1417 3875 1469 ἀλλὰ
3929 1415 4004 1485 μὴ

2423 1517 2690 1584 πετρώδη
2744 1517 2838 1569 καὶ
2883 1513 3222 1578 ἀκανθώδη,
3255 1511 3677 1582 καρποφορῆσαι
3717 1510 3849 1577 ἡμῖν
3902 1505 4004 1574 τὴν

2424 1608 2756 1672 εὐπείθειαν,
2803 1607 2952 1660 ὡσὰν
2996 1604 3236 1675 Χριστοῦ
3285 1602 3532 1674 μαθητὴς
3573 1601 3866 1670 γνωρίζοιο
3914 1609 4004 1648 τε-

2423 1702 2588 1764 λειος,
2630 1701 2687 1762 ὃς
2739 1698 3144 1764 καταϐέϐηκεν
3182 1697 3250 1748 ἐκ
3282 1695 3388 1748 τοῦ
3424 1693 3711 1761 οὐρανοῦ,
3758 1693 3873 1757 οὐχ
3903 1690 4006 1741 ἵνα

2425 1793 2568 1861 ποιῇ
2594 1795 2657 1845 τὸ
2683 1792 2906 1847 οἰκεῖον
2933 1791 3183 1856 θέλημα,
3207 1789 3371 1842 ἀλλὰ
3394 1786 3503 1840 τοῦ
3520 1785 3874 1853 πέμψαντος
3898 1783 4005 1834 (ιὺ-

2425 1889 2532 1940 τύν
2555 1887 2804 1954 Πατρός.
2833 1886 2895 1937 EI
2922 1884 3088 1936 δὲκαὶ
3112 1881 3208 1934 νῦν
3233 1880 3506 1950 ἀθετήσῃς
3530 1879 3698 1948 ἡμᾶς,
3727 1872 3876 1936 οἶδας
3906 1874 4006 1941 μὲν

2427 1981 2522 2035 καὶ
2541 1982 2600 2034 ὃν
2619 1979 2830 2042 ἀθετεῖς
2853 1978 2918 2030 δι’
2947 1979 2980 2047 ἠ
2992 1976 3128 2046 μῶν,
3147 1974 3282 2044 προς
3298 1973 3357 2026 ὅν
3379 1989 3460 2024 σοι
3476 1971 3570 2024 καὶ
3588 1972 3615 2022 ὁ
3629 1987 3665 2038 φ
3673 1967 4008 2038 ρικωδέσταο

2426 2093 2514 2138 τος
2530 2071 3039 2141 λόγος.Ἀθετήσεις
3059 2067 3136 2133 δὲ,
3159 2069 3207 2119 εἰ
3241 2065 3318 2136 μὴ
3342 2064 3557 2132 πρῶτον
3587 2063 3688 2131 μὲν
3718 2060 4006 2112 ἀποκατα-

2428 2168 2647 2236 στήσεις
2673 2163 2749 2234 τῷ
2776 2160 2995 2233 μοναχῷ
3025 2159 3123 2229 τὴν
3156 2157 3348 2226 μονὴν,
3388 2154 3534 2209 καθὰ
3572 2155 3669 2207 καὶ
3692 2156 3719 2205 ὁ
3751 2148 4010 2221 βασιλεὺς

2427 2257 2740 2327 διωρίσατο,
2774 2254 2958 2314 λύσεις
2991 2252 3046 2304 δὲ
3072 2249 3235 2302 αὑτὸν
3271 2249 3365 2300 καὶ
3392 2245 3489 2298 τοῦ
3516 2244 3615 2313 τῆς
3646 2243 4008 2310 ἀλειτουργη-

2430 2351 2551 2412 σίας
2580 2346 2803 2417 δεσμοῦ.
2837 2342 2970 2398 Εἶτα
3021 2343 3119 2405 τὰς
3166 2341 3296 2395 κατ“¹
3322 2338 3488 2393 αὑτοῦ
3531 2339 3711 2398 αἰτίας
3754 2336 4012 2401 ἐκφανεῖς

2426 2444 2493 2510 τῇ
2530 2440 2733 2509 συνόδῳ
2764 2436 3153 2507 παρουσιάσεις
3183 2433 3422 2502 (πάντως
3446 2430 3501 2483 δὲ
3531 2427 3689 2482 τοῦτό
3722 2444 3803 2479 σοι
3837 2428 4011 2492 ἀναγ-

2431 2532 2602 2595 καίως
2641 2531 2916 2598 ὀφείλεται
2949 2528 3039 2582 διά
3086 2543 3146 2578 τε
3175 2526 3275 2594 τὴν
3309 2523 3634 2593 ἠρτημένην
3674 2521 3767 2572 ἐπὶ
3803 2519 3883 2588 τῷ
3912 2521 4010 2569 Λι-

2432 2625 2647 2679 παινὶον
2676 2624 2786 2695 (47)
2833 2622 3037 2693 κρίσιν,
3087 2620 3156 2689 ἢν
3199 2616 3518 2684 τελεσθῆναι
3563 2615 3644 2666 δεῖ
3700 2613 3853 2681 παρὰ
3903 2611 4011 2663 τῶν

2433 2717 2878 2787 ἁναρτησάντων,
2898 2706 2972 2766 ὧν
2993 2713 3086 2765 καὶ
3119 2709 3281 2772 αὐτὸς
3319 2703 3414 2777 εἷ),
3442 2706 3536 2760 καὶ
3567 2706 3666 2768 τὰς
3688 2705 3923 2773 ψήφους,
3954 2702 4010 2754 αἳ

2440 2812 2671 2880 μάλιστα
2721 2809 2866 2876 ὑμᾶς
2929 2803 3301 2872 ἀναμένουσι,
3357 2799 3506 2854 καθὰ
3541 2798 3635 2850 καὶ
3685 2794 4013 2863 προφθάσας

2435 2899 2651 2968 ἔγραψα
2672 2914 2687 2929 ’
2713 2897 2808 2948 καὶ
2844 2894 2965 2946 τότε
3003 2893 3062 2944 τὸ
3082 2889 3572 2959 παραστησόμενον
3598 2887 3663 2955 τῇ
3687 2881 4016 2949 ἀδελφότητι

2439 2990 2574 3060 μετὰ
2599 2991 2696 3059 τὴν
2716 2987 2962 3053 ἐξέτασιν
2993 2983 3224 3054 ὑποδέξῃ
3251 2998 3262 3008 ·
3287 2978 3631 3048 παροργίτῃς
3665 2977 3762 3043 μὲν
3793 2973 3888 3026 οὗν
3918 2973 4016 3025 καὶ

2437 3081 2549 3140 τὸν,
2589 3067 2664 3140 ὡς
2720 3075 2879 3137 αὐτὸς
2928 3070 3075 3136 εἷπε,
3123 3070 3192 3122 δι’
3240 3067 3399 3138 ἡμῶν
3443 3067 3826 3133 ἁθετούμενον.
3863 3063 4016 3130 Πλὴν

750 3172 869 3220 ιιιιιι
903 3173 1127 3234 propter
1176 3161 1432 3233 suﬂ‘ragia
1455 3205 1468 3227 ,
1502 3175 1623 3231 qua:
1652 3160 1953 3229 praesertim
1995 3174 2091 3214 vos
2139 3174 2334 3228 exspe-
2363 3187 2405 3242 ο

2326 3187 2334 3198 ·
2363 3187 2405 3242 c
2440 3171 2574 3224 ἀλλά
2599 3169 2692 3221 καὶ
2722 3167 2848 3228 τοὺς
2873 3163 3107 3225 κανόνας
3149 3158 3376 3212 αὐτόθεν
3401 3158 3656 3227 εὑρήσεις
3681 3155 3780 3221 οὐχ
3804 3153 4015 3242 ἱλαρὸν,

752 3265 947 3312 ctant:
989 3255 1447 3328 quemadmodum
1490 3263 1544 3309 ct
1602 3253 1736 3307 alias
1773 3252 2012 3321 scripsi;
2076 3261 2129 3305 et
2177 3259 2328 3316 tunc,

751 3350 903 3414 quod
939 3348 1227 3413 fratribus,
1281 3362 1340 3402 re
1376 3347 1650 3408 discussa,
1692 3344 1866 3397 visum
1911 3341 2095 3406 fuerit,
2124 3344 2334 3411 ample-

751 3441 920 3497 cteris
949 3458 963 3496 :
994 3439 1150 3494 aliter
1180 3437 1340 3493 laedes
1368 3451 1514 3499 eum],
1547 3435 1638 3505 qui
1668 3433 1976 3496 allirmavit,
2006 3448 2065 3488 se
2096 3434 2147 3486 in
2175 3434 2332 3488 nobis

759 3536 1014 3606 sperni’.
1075 3531 1218 3600 Quin
1265 3540 1319 3586 ct
1365 3546 1604 3586 canones
1662 3529 1777 3595 ipse
1823 3529 2127 3596 comperics
2189 3526 2329 3581 haud

756 3626 977 3695 placido
1011 3635 1061 3679 te
1094 3623 1242 3676 vultu
1271 3663 1284 3686 ,
1330 3637 1431 3676 nec
1460 3621 1662 3685 taliter,
1692 3627 1748 3671 ut
1780 3618 2089 3686 parvipendi
2120 3619 2330 3687 possint

756 3719 1047 3771 obtuentes
1086 3733 1102 3782 ;
1134 3713 1231 3770 sed
1262 3712 1463 3766 nubem
1497 3710 1777 3778 supercilii
1822 3708 2235 3769 contrahentes,
2268 3722 2330 3761 ac

754 3803 1050 3862 vehemens
1084 3805 1211 3875 quid
1257 3805 1730 3872 impetuosnmque
1781 3800 2207 3859 comminantes.
2233 3813 2328 3852 seu

755 3900 930 3954 imber
962 3897 1096 3952 illud
1126 3897 1197 3952 sit
1229 3895 1355 3950 novi
1383 3893 1666 3960 cujusdam
1699 3893 1936 3961 generis.
1970 3892 2184 3959 qualem
2220 3889 2331 3946 for—

757 4005 910 4048 tasse
975 3991 1153 4045 Moses
1205 3998 1260 4044 et
1322 3987 1507 4042 Aaron
1567 3991 1759 4038 contra
1797 3983 2108 4037 induratum
2150 3997 2332 4051 regem

756 4085 886 4140 olim
936 4082 1244 4145 induxere;
1292 4078 1409 4133 sive
1455 4075 1777 4144 simpliciter
1816 4073 1886 4128 sit
1935 4073 2190 4143 grando:
2240 4073 2333 4141 qui

756 4175 902 4228 cnim
933 4173 1235 4227 bonitatem
1262 4165 1589 4228 contemnit,
1624 4164 1951 4218 thesaurizat
1983 4164 2083 4216 sibi
2123 4164 2261 4216 iram
2287 4161 2330 4226 ⁸,

756 4275 818 4320 ιιι
865 4265 1136 4320 novimus.
1181 4259 1594 4329 Quamprimum
1655 4257 1800 4312 enim
1864 4256 2010 4309 hunc
2049 4263 2105 4307 tu
2161 4254 2335 4308 sacris

757 4355 1116 4414 interdixisti.
1142 4362 1198 4407 et
1215 4361 1306 4406 tua
1331 4351 1554 4421 privasti
1580 4349 1985 4410 communione,
2017 4348 2182 4403 etiam
2237 4348 2336 4402 tibi

756 4444 1342 4504 excounnunicationis
1403 4441 1592 4510 injecit
1649 4440 1928 4494 vinculum
1985 4441 2051 4505 is,
2100 4439 2193 4508 qui
2240 4455 2335 4508 per

758 4540 949 4594 Patres
989 4537 1045 4590 in
1101 4533 1520 4602 Carthaginensi
1560 4533 1770 4602 synodo
1803 4544 2162 4603 congregatos
2182 4534 2334 4587 locu-

763 4643 852 4683 tus
897 4639 1002 4693 est,
1056 4625 1292 4695 Spiritus
1340 4631 1583 4687 sanctus,
1641 4625 1746 4679 nisi
1787 4624 2050 4693 injuslum
2106 4626 2332 4682 solveris

758 4720 1042 4774 vinculum
1094 4733 1189 4788 per
1245 4717 1623 4786 paenitentiam
1677 4715 1859 4783 justus
1916 4717 2160 4771 eﬂ’ectus.
2222 4716 2336 4771 Hoc

762 4813 933 4881 probe
968 4812 1150 4866 sciens
1183 4810 1471 4878 prudentia
1509 4819 1622 4872 tua,
1654 4809 1728 4862 ita
1759 4809 1859 4862 bac
1885 4809 1937 4864 in
1972 4825 2030 4864 re
2069 4825 2129 4864 se
2158 4817 2332 4879 gerat,

2436 3263 2558 3314 οὐδὲ
2611 3254 2722 3312 οἷον
2778 3252 3163 3324 ὀλιγωρεῖσθαι
3190 3246 3638 3319 προσϐλέποντας
3673 3260 3754 3306 σε,
3790 3243 3928 3295 ἀλλὰ
3955 3241 4017 3293 τὸ

2438 3354 2548 3406 τῶν
2573 3350 2790 3420 ὀφρύων
2823 3346 2984 3414 νέφος
3013 3343 3364 3410 συνάγοντας,
3383 3339 3477 3391 καί
3497 3355 3550 3390 τι
3574 3337 3834 3406 ῥαγδαῖον
3864 3351 4008 3385 κατ-

2433 3445 2686 3513 άγοντας,
2749 3439 2859 3492 εἴτε
2901 3436 3108 3507 ὄμϐρος
3166 3431 3327 3486 τοῦτο
3357 3431 3468 3499 εἴη,
3509 3429 3652 3489 οἵους
3683 3427 3888 3493 Μωσῆς
3920 3425 4020 3476 καὶ

2451 3535 2664 3605 Ἀαρὼν
2696 3517 3082 3598 ὲκαινοτδμουν
3113 3525 3279 3579 πάλαι
3316 3521 3456 3576 κατὰ
3483 3519 3744 3590 βασιλέως
3776 3518 4019 3583 σκληρυ-

2440 3627 2693 3695 νομένου,
2730 3624 2842 3677 εῐτε
2907 3621 3005 3674 καὶ
3053 3616 3240 3679 ἁπλῶς
3271 3614 3502 3685 χάλαζα.
3545 3611 3602 3662 '0
3621 3611 3729 3677 γὰρ
3758 3609 3854 3674 τῆς
3876 3623 4017 3675 χρη-

2438 3718 2692 3784 στότητος
2738 3707 3115 3780 καταφρονῶν,
3170 3703 3362 3767 ἑαυτῷ
3410 3697 3749 3767 θησαυρίζει
3806 3695 4018 3763 ὀργὴν,

2439 3808 2516 3870 ὡς
2552 3804 2854 3874 ἐμάθομεν.
2895 3799 3103 3852 Λύτίκα
3140 3796 3248 3866 γάρ
3290 3811 3370 3845 τοι
3407 3789 3596 3860 ἐπειδὴ
3640 3788 3831 3839 τοῦτον
3873 3785 4021 3836 ἀλει-

2437 3897 2745 3967 τουργησίᾳ
2790 3893 3127 3961 ὲδέσμευσας
3180 3888 3275 3940 καὶ
3307 3881 3670 3950 ἀκοινώνητόν
3718 3897 3797 3931 σοι
3829 3876 4020 3967 ἐποιη-

2442 3965 2562 4050 σαςὴ,
2591 3965 2701 4039 νκήαὶ
2733 3982 2884 4051 αὑτῷ
2922 3999 3002 4032 σοι
3051 3980 3141 4032 τὸν
3190 3977 3292 4044 τῆς
3330 3970 3723 4040 ἀκοινωνησίας
3771 3965 4024 4020 ἐπιϐαλεϊ

2442 4078 2664 4148 δεσμὸν,
2694 4077 2754 4128 τὸ
2782 4075 2871 4128 διὰ
2908 4073 3015 4125 τῶν
3050 4072 3107 4122 ὲν
3163 4065 3497 4137 Καρθαγένῃ
3532 4060 3896 4114 συνελθόντων
3921 4057 4021 4108 λα·-

2451 4171 2624 4241 λῆσαν
2661 4167 2913 4236 Πνεῦμα,
2953 4166 3004 4217 εἰ
3042 4163 3118 4232 μὴ
3165 4161 3319 4214 λύσει
3354 4159 3446 4211 τὸν
3471 4157 3655 4212 ἄδικον
3686 4152 3887 4220 δεσμὸν
3919 4167 4020 4220 με-

2445 4261 2682 4331 τάμελος
2742 4258 2968 4317 δίκαιος.
3009 4257 3074 4307 Ὅ
3107 4252 3290 4313 καλῶς
3342 4251 3513 4303 εἰδυῖα
3572 4250 3604 4318 ἠ
3639 4244 3851 4306 σύνεσίς
3880 4259 4003 4302 σου,

2444 4352 2585 4406 οὓτω
2650 4350 2790 4403 κατὰ
2847 4348 2945 4419 τὴν
2999 4345 3261 4398 ὑπόθεσιν
3291 4343 3496 4409 ταύτην
3547 4336 3836 4398 amasset»,
3877 4332 4021 4384 ὥστε

2369 4478 2413 4530 D
2451 4445 2522 4513 μή
2549 4458 2671 4495 τινα
2707 4439 2861 4510 ῥίζαν
2917 4436 3145 4506 πικρίας
3187 4433 3300 4486 ἄνω
3329 4430 3573 4530 φύουσαν
3616 4420 4024 4530 ὲνοζ).ᾖ.η’0,‹ῗὲ

2449 4512 2859 4601 συμὸουλεύσας
2889 4529 3021 4596 ἡμῖν
3051 4524 3144 4576 ἀπ’
3177 4520 3342 4576 αὐτοῦ
3380 4518 3693 4587 μανθάνειν,
3717 4515 3798 4567 ὅτι
3827 4512 4025 4579 "prior;

2446 4627 2562 4693 ειμι
2622 4623 2720 4675 καὶ
2790 4618 3069 4682 ταπεινός
3136 4615 3210 4682 τῇ
3271 4611 3520 4679 καρδίᾳο
3570 4608 3666 4661 καὶ
3717 4608 4027 4672 εὑρίσκειν

2445 4716 2796 4771 ἀνάπαυσιν
2825 4712 2954 4776 ταῖς
2986 4708 3213 4778 ψυχαῖς
3263 4705 3454 4772 ἡμῶν,
3483 4704 3516 4769 ἡ
3572 4702 3785 4770 εἰρήνη,
3838 4699 3866 4749 ὀ
3890 4695 4025 4756 Θεὸς

2445 4806 2544 4874 τῆς
2571 4804 2790 4873 εἰρήνης
2815 4801 2901 4864 εἴη
2933 4799 3069 4870 μετὰ
3096 4795 3188 4850 τοῦ
3213 4783 3523 4862 πνῖύματός
3554 4808 3667 4844 σου.

765 4918 825 4959 ιιι
863 4921 931 4960 ne
965 4905 1119 4958 radix
1162 4904 1379 4974 quidem
1417 4904 1525 4956 ulla
1573 4903 1956 4959 amaritudinis
1996 4919 2118 4973 quae
2156 4904 2336 4958 denuo
2373 4899 2607 4970 gliscere
2646 4895 2839 4966 possit,
2873 4899 3170 4948 remaneat.
3217 4887 3268 4943 Is
3336 4897 3517 4940 autem
3557 4885 3649 4951 qui
3729 4881 4024 4974 consilium

766 4999 924 5054 nobis
964 4997 1114 5052 dedit
1144 4998 1376 5051 dicens:
1419 4996 1614 5049 Discite
1659 5011 1691 5046 a
1732 5012 1811 5049 me
1841 4998 1929 5065 qui
1971 4997 2110 5050 mitis
2142 5013 2258 5048 sum
2319 5003 2368 5049 et
2406 4990 2621 5046 Immitis
2685 4989 2840 5044 corde
2901 5003 2915 5040 :

1085 5106 1210 5160 pax,
1259 5098 1313 5143 et
1349 5089 1391 5120 ¹⁰
1436 5088 1579 5142 Deus
1630 5088 1779 5155 pacis
1830 5089 1901 5141 sit
1955 5088 2323 5157 cum-spiritu
2364 5094 2490 5140 tuo.

765 5093 952 5145 vestris
981 5093 1024 5156 ’,

769 5183 956 5238 XVIII.
1004 5213 1074 5223 —
1111 5182 1296 5235 Eidem
1345 5179 1414 5234 ad
1475 5180 1732 5247 synodum
1783 5177 2025 5232 accedere
2078 5181 2337 5241 renuenti,

1238 5253 1443 5305 nomine
1475 5251 1636 5318 ipsius
1665 5250 1873 5318 synodi.

843 5345 1018 5400 Lecta:
1061 5353 1210 5406 sunt,
1251 5338 1728 5395 honorandissime
1767 5339 1956 5401 frater,
1982 5339 2109 5392 dum
2146 5352 2339 5393 omnes

2978 4994 3027 5038 et
3080 4981 3351 5038 invenietis
3415 4978 3645 5047 requiem
3741 4972 4026 5026 animabus

2448 5170 2722 5236 1Η¹.-Τῷ
2747 5167 2907 5234 αὐτῷ
2925 5168 3044 5223 ἀπὸ
3081 5166 3189 5233 τῆς
3217 5162 3486 5236 συνόδου
3516 5155 4024 5226 παραιτησαμένη)

2649 5262 2655 5284 ι
2692 5235 2700 5236 ί
2956 5240 3074 5304 τὴν
3101 5235 3497 5290 συνέλευσιν.

2526 5333 2869 5405 ’Δνεγνώσθη
2891 5373 2906 5397 ,
2941 5330 3240 5401 τιμιώτατε
3270 5327 3466 5394 assae:
3490 5368 3505 5392 ,
3542 5325 3708 5378 niani
3746 5322 3876 5392 ἡμῖν
3909 5319 4022 5378 τοῖς

843 5483 863 5510 ⁸
888 5478 1080 5533 Matth.
1109 5492 1264 5535 mn.
1306 5476 1358 5529 ι.
1436 5476 1455 5506 ³
1480 5473 1613 5527 Dan.
1653 5490 1770 5536 xm.
1807 5475 1896 5528 52.
1971 5474 1992 5505 "
2027 5473 2215 5527 Matth.
2242 5487 2394 5540 mn,
2424 5472 2512 5526 32.

2337 5489 2394 5540 ιι,
2424 5472 2512 5526 32.
2589 5475 2611 5505 ⁸
2639 5470 2769 5525 [.uc.
2807 5485 2920 5530 νιιι,
2953 5468 3006 5521 8.
3083 5468 3285 5522 ‘Joan.
3329 5481 3404 5533 vr,
3441 5465 3532 5518 38.
3607 5464 3627 5494 '
3666 5461 3798 5517 Luc.
3833 5475 3887 5527 ι,
3929 5458 4019 5515 16.

769 5553 792 5584 ⁸
825 5553 984 5605 liom.
1028 5563 1088 5613 ιι,
1131 5549 1183 5601 5.
1258 5549 1278 5580 ³
1316 5545 1506 5600 Matth.
1542 5560 1592 5607 ι,
1625 5545 1714 5599 29.
1795 5546 1839 5576 ¹⁰
1867 5544 2025 5600 Rom.
2055 5560 2143 5605 xv,
2167 5544 2256 5599 35.

1961 5661 2161 5722 Variae
2187 5659 2492 5723 lectiones
2531 5666 2590 5721 et
2621 5665 2810 5720 notte.

847 5792 963 5862 (47)
1008 5793 1091 5846 ἵσ.
1127 5788 1434 5846 Λιπαινέου.
