4276 6436
250 404 362 468 3ιό

1309 403 1698 468 Εριδτοιλζ
1727 405 1834 464 XX
1864 402 1968 462 ΕΧ
2003 403 2168 463 COD.
2210 403 2449 465 VATIC.

1815 405 1834 463 ἱ
1864 402 1968 462 EX
2003 403 2168 463 COD.
2210 403 2449 465 VATIC.
3399 396 3504 460 διδ

253 517 598 571 συνελθοῦσιν
626 517 872 586 ἀδελφοῖς
908 517 966 570 τὸ
995 518 1228 586 γράμμα
1269 519 1366 586 τῆς
1397 521 1495 589 σῆς
1523 519 1827 589 ῑερότητος,
1859 519 1906 575 Α
1932 538 1942 572 ι

1812 558 1827 580 .
1859 519 1906 575 Α
1932 522 2242 590 congregati
2274 533 2542 581 essemus,
2577 518 2774 574 litterae
2807 514 3120 574 sanctitatis
3145 520 3253 570 tua:
3290 530 3303 567 :
3354 523 3408 568 ct
3433 529 3497 569 ex

251 610 346 659 καὶ
381 611 475 660 ἐπὶ
519 611 587 678 τῇ
633 609 740 661 τῶν
786 611 1087 677 ’Λρμενίων
1123 610 1426 678 ἑπιστροςῇ
1466 608 1721 678 ἥσθημεν
1760 609 1820 659 οὐ

254 698 490 767 μικρῶς.
550 700 612 751 Ol
639 702 748 768 γὰρ
781 701 873 751 κα)⁸
909 700 1006 750 ἐπὶ
1042 700 1128 751 ἐνὶ
1167 698 1502 768 ἁμαρτωλῷ
1554 697 1829 766 ἐπιστρέ-

251 807 426 856 φοντι
470 791 660 856 χαρὰν
692 792 961 860 γίνεσθαι
1011 791 1274 859 μαθόντες
1322 794 1389 845 ἐν
1423 791 1677 859 οὐρανῷ,
1711 791 1826 852 πῶς

249 885 348 934 οὐκ
375 883 674 952 ἐμέλλομεν
704 883 1130 952 ἁγαλλιασθῆναι
1162 886 1254 937 ἐπὶ
1282 886 1553 936 τοσούτων
1579 885 1825 952 σωτηρτᾳ

250 973 478 1042 ψυχιτιν;
531 975 916 1044 Ἐπηυξάμεθα
991 977 1048 1028 δὲ
1103 978 1285 1038 αὐτοῖς
1332 977 1424 1028 καὶ
1478 977 1575 1045 τὴν
1625 977 1682 1027 ὲν
1747 975 1825 1043 τῷ

251 1066 445 1135 ἀγαθῷ
483 1070 866 1138 παραμόνιμον
903 1071 1146 1138 ἵδρυσιν·
1199 1069 1273 1130 ὡς
1303 1069 1367 1120 ἂν
1407 1069 1480 1135 μὴ
1534 1065 1674 1118 κατὰ
1717 1067 1824 1117 τῶν

251 1161 461 1222 φυτῦν,
519 1158 620 1210 ὅσα
685 1160 876 1226 βιαίως
930 1162 1088 1228 χερσὶ
1137 1158 1481 1227 μεθέλκεται,
1538 1159 1697 1209 πάλιν
1747 1159 1824 1218 εἰς

253 1248 484 1307 ἑαυτοὺς
546 1248 908 1301 ἐπανέλθοιεν.
955 1251 1077 1301 Ἐπὶ
1130 1250 1207 1320 τῷ
1259 1248 1705 1315 παραιτήσασθαι
1766 1263 1823 1299 σε

252 1337 349 1403 τὴν
405 1339 546 1404 πρὸς
609 1340 841 1391 ἐνταῦθα
879 1340 1017 1400 ὁδὸν,
1072 1341 1131 1392 οὐ
1178 1339 1416 1409 μετρίως
1459 1339 1556 1400 τὰς
1598 1339 1825 1406 καρδίας

252 1429 583 1496 ἐπήλγημεν
644 1429 706 1498 If.
741 1429 988 1500 ὲπλήγ.],
1031 1432 1220 1498 ὅτιπερ
1275 1431 1308 1498 ἠ
1355 1431 1420 1496 σὴ
1454 1429 1693 1482 ἀπουσία
1730 1427 1823 1480 τοῦ

255 1520 422 1572 πάλιν
475 1507 846 1587 ἁναρτηθῆναι
879 1521 976 1581 τὰς
1005 1523 1305 1589 ὲκκρεμεῖς
1332 1519 1637 1584 ὑποθέσεις,
1674 1517 1824 1572 αἰτία

248 1609 500 1674 γέγονεν.
559 1610 620 1660 Ἦ
649 1611 756 1678 γὰρ
786 1610 850 1679 δὴ
896 1609 1292 1678 ὲγγράμματός
1323 1626 1415 1662 σου
1461 1610 1657 1677 γνώμη
1693 1608 1823 1661 αὐτ·

248 1701 429 1768 ἀρχῆς
467 1703 598 1768 ἡμῖν
637 1701 781 1764 εδοξε
805 1703 940 1772 πρὸς
971 1701 1032 1754 τὸ
1061 1700 1453 1770 ἀναπληρῶσαι
1487 1700 1547 1750 τὸ
1571 1699 1672 1767 τῆς
1711 1699 1822 1751 ἀπ-

246 1792 441 1852 ονοίας
482 1793 769 1862 ὑστέρημα
793 1809 808 1823 ο
867 1793 944 1854 ὡς
977 1792 1077 1860 μέν
1129 1808 1272 1853 τινες
1324 1786 1478 1842 εἷποιν
1507 1789 1616 1841 τῶν
1645 1805 1819 1842 κατα-

249 1885 618 1952 σκεψαμένων
645 1883 817 1958 αὐτὴν
845 1883 1259 1952 ἀκριϐέστερον,
1287 1883 1367 1935 ὅτι
1398 1884 1496 1934 οὐκ
1524 1882 1818 1942 εὐθεῑάτις

244 1972 348 2044 ἦν,
387 1977 512 2028 οὐδὲ
566 1977 975 2044 ἀναμφίεολος,
1035 1975 1168 2027 ἀλλὰ
1231 1972 1678 2042 στραγγαλιὼδης
1726 1971 1820 2024 καὶ

251 2067 636 2129 σχολιαζουσα.
685 2068 780 2118 καὶ
815 2065 1106 2133 πάμπολλα
1175 2064 1274 2133 μὲν
1328 2062 1421 2115 τοῦ
1474 2063 1655 2123 εὐθέος
1714 2065 1825 2114 ἀπα

245 2158 452 2226 ἔχουσα
517 2158 856 2224 Πνεύματος,
894 2159 1012 2218 ταῖς
1043 2156 1099 2208 δὲ
1134 2155 1227 2207 τοῦ
1278 2153 1492 2206 σκολιοῦ
1525 2154 1820 2220 δράκοντος

249 2249 615 2318 προσήκουσα
640 2248 828 2312 ἕλιξιν,
880 2247 964 2314 ἐφ’
992 2246 1051 2298 ὃν
1079 2245 1438 2314 ἐπιϐληθῆναι
1472 2244 1570 2312 τὴν
1619 2244 1820 2314 μάχαι-

249 2359 351 2409 ραν
376 2343 472 2393 τοῦ
503 2341 639 2394 Θεοῦ
669 2341 767 2410 τὴν
797 2341 959 2406 ἁγίαν
982 2341 1010 2391 ὁ
1044 2338 1341 2408 προφητῶν
1370 2337 1820 2406 μεγαλοφωνότα-

245 2449 338 2492 τος
368 2431 708 2484 ἀπεθέσπισε
740 2448 753 2460 ·
785 2433 874 2481 ναὶ
909 2430 1014 2498 μὴν
1043 2430 1179 2482 ἀλλὰ
1215 2429 1308 2482 καὶ
1337 2430 1470 2495 πρὸς
1503 2427 1661 2496 ὓϐριν
1696 2441 1821 2476 συν-

245 2521 578 2589 τεθειμὲνην
610 2519 721 2588 (-38)
748 2508 1051 2589 ὅυνοδικήκι.
1087 2521 1157 2595 ,Εἰ
1184 2521 1293 2589 γάρ
1317 2536 1391 2578 τι,
1437 2517 1624 2586 φησιν,
1666 2519 1824 2568 οἱκο-

244 2611 552 2680 ιὈμήσετε
601 2610 679 2678 μὴ
711 2611 835 2676 τοῖς
869 2612 1045 2674 θείοις
1076 2613 1290 2663 κανόσι
1335 2627 1428 2661 mu
1469 2607 1541 2675 τῇ
1572 2609 1821 2674 ἀληθείᾳ

245 2703 744 2768 ἐναντιούμενον,
773 2699 845 2766 τῇ
875 2701 1115 2753 εὐσεϐεῖ
1142 2701 1330 2765 ταύτῃ
1364 2697 1564 2765 γνώμῃ
1599 2695 1821 2763 στοιχώ

246 2793 347 2843 καὶ
384 2793 589 2854 αὑτός.
661 2792 747 2852 Ὠς
800 2791 942 2841 ἔοικε
1000 2790 1108 2858 γὰρ
1165 2792 1196 2858 ἡ
1250 2791 1347 2856 τῆς
1416 2789 1513 2854 σῆς
1547 2786 1819 2846 ἐντελείας

244 2882 470 2941 ὁσιότης
536 2881 792 2946 τοιαύτην
853 2878 966 2947 ἔχει
1027 2880 1154 2949 περὶ
1201 2878 1358 2946 ἡμῶν
1408 2876 1696 2943 ὑπόληψιν,
1743 2874 1817 2936 ὡς

247 2972 486 3034 κανόνας
525 2971 972 3040 οἱκονομούντων,
1009 2971 1100 3023 καὶ
1128 2969 1556 3036 ἐναντιουμένων
1572 2970 1651 3036 κτῇ
1684 2966 1816 3032 ἁλη-

247 3065 394 3134 θεία,
428 3067 520 3116 καὶ
574 3063 786 3124 ἀσεϐεῖς
834 3061 1059 3131 γνιῖιμας
1103 3062 1488 3130 ὶκτιθεμένων.
1552 3060 1730 3127 ’ὓπερ
1767 3059 1816 3110 ει

1931 614 2115 669 audita
2148 613 2366 682 quidem
2400 611 2785 664 Armeniorum
2819 607 3176 663 conversione
3202 606 3342 660 baud
3383 621 3503 659 mo-

1929 706 2050 759 dice
2081 704 2240 757 laetati
2280 716 2469 754 sumus
2508 717 2520 754 :
2563 701 2654 768 qui
2685 700 2829 754 cnim
2857 700 3022 753 etiam
3063 711 3219 764 super
3255 713 3358 748 uno
3386 713 3502 762 per-

1929 805 2105 847 cntore
2145 792 2503 860 pcenitentiam
2528 767 2728 858 'aéente
2768 787 3021 855 gaudium
3057 801 3176 839 esse
3213 786 3266 838 in
3298 787 3435 838 cmlo
3458 787 3499 816 ¹¹

1928 884 2220 940 didicimus
2243 923 2255 944 ,
2286 881 2560 952 quomodo
2593 896 2699 932 non
2739 882 3142 932 exsultaremus
3175 878 3245 929 ob
3281 888 3358 930 tot
3383 877 3503 928 ani-

1928 991 2141 1030 marum
2177 976 2458 1030 salutem?
2498 973 2764 1042 Optamus
2816 986 2944 1022 vero
2993 972 3126 1037 ipsis
3159 970 3408 1023 stabilem
3445 969 3499 1021 in

1930 1071 2071 1122 lzono
2121 1066 2604 1136 perseverantiam,
2637 1079 2704 1118 ne
2735 1065 2798 1116 ad
2828 1063 3001 1115 instar
3024 1062 3352 1130 plantarum,
3382 1074 3502 1129 qum

1927 1162 2192 1216 violenter
2245 1158 2477 1224 alicujus
2534 1172 2693 1207 manu
2758 1155 3136 1216 inﬂectuntur,
3201 1168 3396 1205 rursus
3447 1155 3500 1204 in

1927 1252 2250 1317 semetipsos
2303 1249 2548 1301 redeant.
2592 1246 2659 1297 At
2720 1245 2864 1311 quod
2901 1258 3123 1296 recusas
3153 1243 3259 1296 huc
3292 1243 3358 1294 ad
3403 1256 3502 1295 nos

1929 1339 2224 1411 proﬁcisci,
2277 1339 2420 1392 haud
2467 1335 2818 1390 mediocriter
2867 1334 3191 1387 doluimus:
3239 1334 3499 1402 quoniam

1927 1432 2174 1486 absentia
2241 1441 2356 1490 tua,
2411 1435 2468 1480 ut
2532 1442 2726 1479 rursus
2773 1426 3096 1479 diﬂ‘craatur
3149 1425 3387 1491 negotia,
3445 1423 3502 1477 iu

1926 1537 2088 1577 causa
2145 1530 2246 1576 est.
2286 1520 2442 1585 Quod
2483 1518 2629 1572 enim
2679 1517 2886 1583 scripto
2933 1517 3148 1570 miseris
3179 1515 3498 1583 suﬂragium

1927 1625 2104 1676 tuum,
2151 1613 2285 1667 satis
2310 1611 2376 1665 ad
2408 1609 2774 1680 supplendqu
2802 1607 3059 1661 absentia:
3095 1615 3199 1660 tuae
3225 1607 3498 1661 delectum

1926 1707 2099 1760 visum
2137 1704 2296 1759 nobis
2328 1719 2434 1757 non
2468 1711 2552 1758 est
2586 1720 2600 1754 :
2653 1701 3043 1774 quoniam,_ut
3093 1699 3313 1768 quidam
3349 1697 3504 1752 dixe-

1927 1806 2075 1858 runt,
2117 1796 2212 1866 qui
2264 1796 2503 1865 penitius
2534 1795 2713 1862 ipsum
2755 1781 3091 1851 discussere,
3143 1804 3243 1843 nec
3287 1797 3498 1842 rectum

1925 1899 2027 1945 est.
2083 1902 2260 1955 neque
2298 1887 2506 1938 clarum
2546 1928 2560 1948 ,
2615 1884 2709 1938 sed
2763 1894 3068 1939 tortuosum
3128 1894 3180 1938 et
3216 1885 3498 1954 obliquum

1927 1978 2330 2046 plurimumque
2380 1962 2576 2030 ab§e~ns
2627 1993 2653 2029 a
2699 1987 2846 2030 recto
2881 1977 3107 2046 Spiritu,
3173 1986 3225 2029 et
3267 1976 3336 2030 ad
3387 1985 3501 2029 tur-

1927 2071 2069 2124 tuosi
2115 2069 2373 2124 draconis
2414 2085 2581 2139 supra
2611 2087 2768 2135 quem
2813 2071 3073 2136 injectum
3123 2080 3371 2122 sanetum
3404 2067 3497 2123 Dei

1925 2164 2162 2231 gladium
2214 2162 2604 2230 prophetarum
2659 2163 3043 2216 vocalissimus
3099 2161 3494 2230 pronuntiavit,

1926 2252 2215 2305 involucra
2247 2253 2515 2304 accedens
2557 2264 2667 2303 :ac
2703 2260 2963 2318 pra'terea
2995 2250 3060 2303 ad
3095 2250 3350 2310 iniuriam
3375 2265 3499 2319 syn-

1924 2341 2013 2393 οιιί
2057 2341 2421 2409 compositum
2493 2338 2727 2393 videtur.
2795 2339 2850 2391 Si
2891 2340 3034 2392 enim
3069 2340 3362 2407 quidpiam,
3410 2340 3497 2392 in-

1925 2433 2070 2502 quis,
2113 2434 2410 2486 statueritis
2465 2433 2674 2484 veritati
2714 2433 2985 2501 sacrisque
3020 2431 3306 2485 eanonibus
3337 2431 3499 2485 mini-

1925 2542 2006 2579 me
2047 2527 2402 2588 contrarium,
2453 2524 2755 2591 huiusmodi
2808 2525 2892 2591 pio
2922 2525 3132 2577 decreto
3162 2525 3418 2576 assentior
3446 2533 3498 2577 et

1922 2630 2058 2682 ego:
2100 2613 2260 2682 quasi
2309 2629 2409 2667 nos
2445 2623 2638 2665 contra
2678 2628 2920 2667 canones
2972 2621 3279 2667 statuamus
3335 2612 3498 2682 580

1924 2705 2241 2774 quidquam,
2269 2711 2361 2756 aut
2385 2703 2599 2756 veritati
2645 2702 3018 2763 adversentur,
3056 2702 3140 2755 vel
3173 2701 3334 2770 impia
3367 2704 3497 2755 eda-

1926 2810 2046 2847 mus
2086 2795 2328 2847 decreta.
2363 2792 2517 2856 Quod
2567 2791 2612 2846 si
2660 2791 2730 2844 ita
2759 2804 2866 2855 est,
2903 2791 3180 2858 quomodo
3221 2797 3275 2841 tu
3312 2789 3496 2842 nobis-

1924 2901 2048 2939 cum
2080 2885 2322 2937 ambulas
2352 2885 2405 2936 in
2435 2884 2590 2934 domo
2628 2881 2719 2935 Dei
2751 2877 2828 2945 ”,’
2844 2889 2897 2934 et
2932 2881 2997 2934 ad
3029 2895 3243 2933 sacrum
3282 2880 3498 2934 accedis

1925 2975 2132 3030 altare?
2161 2973 2395 3029 Omnino
2421 2974 2564 3027 enim
2593 2985 2764 3040 mque,
2793 2971 2902 3025 imo
2929 2970 3098 3036 magis
3115 2985 3275 3038 quam
3304 2968 3497 3034 David,

1925 3069 2107 3122 dicere
2134 3067 2256 3135 jure
2287 3075 2341 3120 et
2372 3065 2602 3120 ﬁdenter
2633 3073 2787 3133 potes
2817 3080 2830 3116 :
2866 3062 3018 3117 Odivi
3071 3062 3348 3115 ecclesiam
3384 3077 3498 3115 ma-

245 3157 424 3217 οῢτως
461 3156 596 3224 ἔχει,
630 3155 681 3208 τί
711 3155 791 3208 δεῖ
817 3171 874 3206 σε
898 3154 1015 3223 μεθ’
1045 3152 1203 3224 ἡμῶν
1231 3151 1442 3205 πατεῖν
1471 3150 1582 3216 τὴν
1609 3149 1812 3216 αὐλὴν
1843 3165 1885 3221 C
1919 3161 1934 3213 ι

1809 3168 1812 3178 ’
1843 3165 1885 3221 C
1919 3159 2261 3228 lignantium,
2300 3166 2350 3210 et
2395 3171 2515 3208 cum
2557 3155 2732 3219 impiis
2763 3170 2868 3206 non
2898 3153 3104 3218 sedebo,
3146 3163 3194 3206 et
3221 3169 3338 3205 cum
3363 3168 3498 3221 prte-

248 3246 357 3298 τοῦ
379 3246 621 3312 Κυρίου,
649 3245 682 3314 ἢ
719 3243 853 3312 πρὸς
874 3244 936 3295 τὸ
970 3241 1113 3294 θεῖον
1141 3244 1371 3294 εἰσιέναι
1395 3241 1822 3309 θυσιαστήριονς

253 3338 481 3395 Πάντως
515 3335 623 3405 γὰρ
649 3334 743 3385 καὶ
771 3335 852 3386 σοι
899 3333 1182 3404 παρρησία
1209 3333 1446 3402 τοσαύτη
1495 3336 1591 3402 ὅση
1627 3334 1722 3386 xa‘t
1747 3333 1824 3402 τῷ

252 3426 439 3489 Δαδὶδ,
475 3423 624 3494 οἶμαι
654 3424 709 3476 δὲ
745 3424 837 3476 καὶ
889 3423 1078 3486 πλείω,
1123 3423 1259 3492 πρὸς
1292 3424 1353 3475 τὸ
1403 3423 1582 3490 λέγειν
1621 3424 1823 3492 σφόδρα

252 3519 601 3588 θαρρούντως
629 3517 990 3583 ἰἝμίσησα
1041 3504 1382 3582 ἐκκλησίαν
1415 3516 1818 3584 πονηρευομέ-

251 3629 396 3671 νων,
426 3612 521 3664 καὶ
544 3610 693 3676 μετὰ
726 3608 962 3663 ἀσεϐῶν
1006 3609 1199 3676 οὑηιὴ
1238 3611 1483 3675 καθισω,
1534 3611 1630 3662 καὶ
1674 3608 1824 3676 μετὰ

251 3706 760 3772 παρανομούντων
808 3704 881 3755 οὐ
930 3701 1014 3769 μὴ
1048 3703 1319 3754 εἰσέλθω.
1350 3702 1542 3754 Καίτοι
1602 3701 1826 3770 γνώμας

256 3797 359 3864 μὲν
406 3796 545 3860 μετὰ
594 3793 912 3856 διαστίξεων
965 3793 1255 3860 γινομένας
1303 3792 1548 3861 οἴδαμεν,
1600 3792 1825 3857 ἀλλ’δέν

253 3891 377 3949 ταῖς
407 3888 703 3949 διαστίξεσι
729 3887 955 3948 ταύταις
989 3886 1082 3938 καὶ
1115 3887 1226 3947 τοῖς
1275 3885 1520 3948 ἀδελφοῖς
1552 3885 1612 3936 τὸ
1653 3900 1823 3952 προσ-

252 3982 389 4049 ῆκον
418 3978 580 4039 σέϐας
616 3977 964 4044 φυλάττεται,
998 3977 1090 4028 καὶ
1119 3977 1215 4044 οὐχ
1246 3976 1416 4036 οὕτως
1454 3974 1825 4044 ἀφροντίστως

253 4071 353 4122 καὶ
387 4066 770 4136 ὑπεροπτικῶς
800 4066 848 4118 οῑ
909 4066 1007 4127 τὰς
1049 4063 1274 4133 γνώμας
1306 4065 1642 4124 συντιθέντες
1688 4065 1827 4117 ἀκο-

253 4160 438 4214 νοῦσι
464 4158 751 4227 γλῶσσαν
793 4156 992 4210 αὐτῶν
1012 4157 1152 4208 ὠσει
1174 4157 1380 4223 ὄφεως.
1424 4157 1577 4217 Τινὲς
1610 4158 1707 4224 μὲν
1735 4155 1826 4209 οὖν

256 4250 594 4303 σκολιώτατά
620 4248 732 4316 (i9)
754 4265 814 4301 τε
844 4248 938 4300 καὶ
968 4246 1123 4317 ὓϐριν
1159 4246 1359 4299 ἐνεῖδον
1384 4248 1448 4314 τῇ
1480 4243 1670 4314 γνώμῃ
1708 4261 1821 4296 σου*

256 4343 459 4402 πάντες
488 4341 542 4392 δὲ
577 4341 760 4402 ἁπλῶς
780 4340 981 4410 ἄκυρον
1004 4337 1398 4406 ἀπεφηνάμεθα
1431 4339 1524 4389 καὶ
1551 4336 1824 4401 ἀϐέϐαιον,

253 4436 338 4488 ὅτι
397 4435 471 4502 μὴ
510 4433 569 4486 τὸ
615 4433 804 4486 πιστὸν
834 4429 946 4500 εἶχε
996 4435 1061 4501 σῇ
1119 4429 1461 4499 οἰκειοχείρῳ
1510 4431 1821 4499 ὑπογραφῇ.

268 4527 714 4594 Ἐπεσημήναντο
768 4523 824 4574 δὲ
883 4523 975 4576 καὶ
1020 4521 1178 4574 τοῦτο
1208 4538 1352 4582 τινες
1403 4520 1512 4572 τῶν
1554 4520 1884 4592 ὀξυτέρωνξ

256 4617 336 4686 τῷ
371 4619 470 4685 τῆς
504 4616 602 4683 σῆς
638 4616 952 4684 τιμιότητος
971 4614 1282 4683 γράμματι,
1304 4614 1383 4664 ὅτι
1411 4612 1604 4664 σαυτὸν
1639 4609 1825 4673 ἔλαθες

259 4708 575 4777 περιπεσὼν
627 4707 868 4776 μεγίστῳ
915 4705 1300 4773 ὲναντιὼματι.
1373 4703 1670 4773 Ἀνώτερον
1718 4701 1825 4771 γὰρ

256 4800 452 4861 εἰπὼν,
493 4798 751 4852 ἀδύνατον
796 4795 932 4851 εἷναί
977 4815 1060 4850 σοι
1105 4797 1202 4866 τὴν
1232 4796 1479 4849 ἐνταυθοῖ
1510 4795 1821 4864 ἐπιδημίαν,

257 4891 336 4949 ὡς
388 4888 524 4956 μετὰ
575 4887 684 4938 τῶν
725 4887 1024 4955 Ἀρμενίων
1086 4888 1167 4948 εἰς
1213 4887 1312 4954 τὴν
1369 4886 1526 4938 πόλιν
1582 4885 1827 4937 ἀνελθεῖν

263 4981 536 5048 μέλλοντι,
602 4979 957 5049 παρακατιὼν
1018 4973 1196 5040 εἴπας,
1255 4981 1335 5031 ὅτι
1396 4979 1575 5048 μένεις
1619 4979 1834 5030 καὶτὸν

256 5073 320 5123 τι
350 5071 492 5138 θέμσ.
539 5071 1012 5139 ἀναγραφόμενον,
1051 5069 1198 5123 ὼσὰν
1240 5070 1314 5138 μὴ
1353 5070 1496 5123 οὕτω
1530 5070 1861 5142 καταλίπῃς

260 5165 332 5214 τὰ
363 5164 685 5231 πραγματα.
731 5161 793 5213 El
830 5162 929 5229 μὲν
959 5163 1066 5229 γὰρ
1092 5164 1219 5223 τοὺς
1261 5162 1584 5230 Ἀρμενίους
1623 5165 1832 5233 μέλλων

260 5255 342 5321 τῷ
369 5253 614 5322 κραταιῴ
645 5255 737 5306 καὶ
766 5255 905 5324 ἁγίῳ
932 5254 1088 5322 ἡμῶν
1117 5258 1505 5324 προσαγαγεῖν,
1544 5257 1619 5317 ὡς
1648 5257 1833 5320 αὐτοῖς

260 5343 688 5412 ἐπιδειξόμενος,
731 5346 1032 5413 παρῃτήσω
1078 5346 1176 5411 τὴν
1232 5344 1294 5396 οὐ
1353 5345 1510 5412 μόνον
1564 5346 1668 5398 ἀπὸ
1719 5346 1829 5398 τῶν

331 5502 370 5531 ⁸⁸
402 5511 537 5568 Luc.
573 5527 682 5574 xv,
735 5512 787 5564 7.
864 5513 906 5544 ¹²
941 5513 1083 5568 Psal.
1128 5528 1235 5580 Ltv,
1261 5516 1344 5572 15.

1426 5517 1468 5548 ¹³
1490 5515 1633 5571 Psal.
1667 5533 1791 5583 xxv,
1817 5517 1870 5572 5.

1926 3249 2280 3303 ruricantibus
2329 3263 2432 3300 non
2467 3244 2697 3328 introibo
2727 3245 2790 3297 “.
2823 3242 2889 3296 Et
2929 3243 3150 3313 quidem
3185 3243 3496 3297 sententias

1929 3351 2092 3408 atque
2127 3338 2383 3405 suffragia
2416 3329 2538 3390 cu‘m
2571 3336 2989 3405 exceptionibus
3029 3335 3188 3388 datas
3225 3335 3494 3387 interdum

1929 3432 2180 3482 novimus
2228 3446 2242 3478 :
2285 3436 2339 3478 at
2381 3426 2433 3478 in
2469 3427 2535 3480 iis
2559 3441 2837 3492 congruus
2873 3425 3196 3493 debitusquc
3237 3423 3498 3476 fratribus

1927 3525 2100 3576 bonos
2135 3527 2390 3575 servatur
2420 3537 2434 3584 ;
2475 3528 2531 3573 et
2572 3522 2678 3570 n'on
2718 3517 2790 3568 ita
2823 3515 3203 3582 contemptim,
3239 3521 3499 3581 tantoque

1923 3629 2049 3667 cum
2111 3613 2276 3673 lastu,
2329 3611 2421 3679 qui
2475 3610 2734 3676 suffragia
2785 3606 3052 3675 ejusmodi
3115 3606 3502 3670 eonscribunt,

1925 3715 2117 3756 acuunt
2152 3705 2359 3771 linguas
2385 3717 2509 3753 suas
2537 3702 2672 3752 sicut
2699 3698 2951 3765 serpentis
2981 3697 3047 3750 “.
3077 3696 3310 3760 Quidam
3331 3695 3501 3766 igitur

1925 3793 2301 3861 obliquitatem
2329 3801 2380 3844 et
2410 3790 2796 3844 Contumeliam
2832 3789 2885 3840 in
2920 3786 3181 3855 suffragio
3209 3794 3302 3838 tuo
3347 3786 3499 3838 vidc-

1923 3894 2053 3938 runt
2089 3903 2101 3937 :
2132 3899 2324 3936 omnes
2378 3898 2508 3935 vero
2557 3881 2850 3934 invalidum
2909 3888 2963 3932 ct
3015 3879 3222 3933 nullius
3280 3879 3497 3932 roboris

1924 3991 2048 4032 esse
2068 3974 2441 4036 dclinivimus,
2465 3988 2589 4026 cum
2635 3971 2867 4041 propriae
2912 3986 3104 4025 manus
3131 3971 3493 4040 subscriptio-

1928 4086 1993 4124 ne
2024 4070 2295 4142 lirmatum
2341 4082 2447 4119 non
2482 4064 2571 4118 sit.
2620 4063 2848 4128 Quidam
2885 4063 3049 4116 etiam
3092 4063 3366 4116 acutiores
3398 4063 3496 4115 ob-

1922 4173 2232 4224 servarunt,
2272 4170 2322 4213 te
2373 4160 2425 4211 in
2478 4159 2709 4227 epistola
2747 4165 2836 4210 tua
2887 4157 2939 4209 in
2989 4157 3301 4218 maximam,
3361 4156 3493 4224 quin

1924 4261 2257 4317 adverteres,
2306 4253 2564 4307 incidisse
2605 4250 3118 4328 contradictionem.
3169 4249 3307 4303 Cum
3347 4251 3491 4304 enim

1936 4348 2096 4401 initio
2133 4346 2390 4408 dixisses,
2433 4344 2545 4398 ﬁeri
2591 4358 2699 4397 non
2735 4358 2917 4412 posse,
2948 4351 3007 4395 ut
3037 4343 3142 4396 huc
3176 4343 3279 4396 iter
3311 4341 3492 4396 susci-

1925 4439 2063 4508 pias,
2114 4437 2373 4506 quoniam
2408 4450 2531 4488 cum
2572 4433 2846 4487 Armeniis
2887 4432 2941 4486 in
2983 4432 3170 4485 urbem
3217 4431 3490 4500 proﬁcisci

1926 4528 2088 4582 debes
2120 4543 2134 4590 ;
2171 4534 2357 4594 postea
2389 4525 2594 4582 dixisti.
2636 4533 2686 4577 te
2718 4528 3039 4592 exSpectare
3088 4537 3234 4584 eum,
3273 4522 3358 4574 cui
3411 4521 3494 4574 in-

1925 4619 2133 4674 cumbit
2179 4619 2232 4671 in
2289 4624 2410 4670 acta
2453 4614 2697 4675 referre,
2740 4629 2808 4668 ne
2850 4613 3159 4667 inordinata
3215 4613 3491 4681 relinquas

1927 4707 2139 4776 negotia
2191 4715 2302 4759 tua.
2340 4703 2396 4757 Si
2436 4691 2604 4764 enim,
2649 4702 2776 4771 quia
2831 4700 3116 4754 Armenios
3164 4697 3372 4766 potenti
3438 4704 3491 4749 ct

1925 4808 2116 4853 sancto
2144 4795 2456 4865 imperatori
2488 4802 2673 4847 nostro
2692 4801 3023 4861 praesentare
3045 4789 3265 4850 debeas,
3295 4797 3348 4841 et
3364 4802 3488 4842 eum

1924 4889 2033 4943 illis
2063 4887 2376 4949 ostendere,
2417 4885 2524 4938 buc
2563 4883 2822 4938 accedere
2861 4898 2969 4937 non
3011 4882 3094 4936 vis
3124 4883 3141 4950 (
3176 4895 3488 4950 quanquam

1927 4979 1978 5032 id
2007 4994 2114 5033 non
2156 4979 2334 5032 solum
2367 4991 2629 5037 canones,
2662 4975 2755 5029 sed
2782 4975 2902 5028 alia:
2931 4976 3091 5028 etiam
3132 4974 3230 5026 tibi
3260 4973 3490 5041 cognitae

1927 5082 2105 5123 causze
2133 5065 2513 5136 postularent),
2549 5080 2657 5118 non
2695 5080 2826 5119 sane
2854 5079 3001 5129 eum,
3028 5065 3121 5132 qui
3158 5063 3211 5116 in
3247 5072 3368 5115 aeta
3405 5077 3493 5115 re-

1926 5161 2141 5214 laturus
2171 5167 2275 5222 est,
2324 5156 2677 5225 praestolaris.
2725 5155 2782 5209 Si
2843 5163 3021 5209 autem
3068 5162 3288 5222 propter
3335 5151 3486 5204 illum

1926 5249 2092 5305 debes
2147 5252 2270 5305 istic
2310 5251 2491 5318 aliquo
2539 5249 2738 5302 morari
2780 5256 3046 5316 tempore,
3076 5261 3145 5300 ne
3192 5243 3489 5312 temporale

1927 5342 2148 5410 aliquod
2188 5342 2572 5396 detrimentum
2621 5337 2850 5409 negotiis
2882 5337 2991 5391 tuis
3027 5336 3332 5390 tabularum
3380 5348 3477 5387 ca-

1949 5517 1991 5548 “
2017 5517 2158 5573 Psal.
2193 5531 2410 5580 cxxxrx,
2451 5515 2505 5568 4.

1452 5653 1649 5716 Varias
1677 5653 1986 5717 lectiones
2014 5658 2075 5714 et
2107 5659 2294 5714 notae.

335 5773 446 5843 (48)
481 5774 564 5826 ῖσ.
605 5773 1005 5845 συντεθειμένη.

2005 5777 2114 5846 (49)
2147 5778 2230 5830 (cr.
2260 5777 2596 5848 σκολιότητα.
