4276 6436
835 376 903 437 {,5
1647 366 2215 426 TIIEOPHYLACTI
2283 366 2686 426 llULtJARLE
2740 367 3093 427 ARCIllEP.

3930 365 4041 428 35ες

799 486 900 548 vit,
935 480 1110 543 aiunt,
1136 476 1330 547 ipsam.
1370 472 1482 527 lloc
1510 487 1609 542 ego
1640 490 1859 543 quoque
1893 473 2120 528 allirmo.
2166 474 2243 529 En
2279 474 2371 544 igi-
2400 485 2443 541 Α
2474 478 2488 528 ῑ

2400 485 2443 541 Α
2474 478 2650 545 λησιν,
2688 480 2843 547 φησὶ,
2872 478 3095 545 ταύτην.
3132 476 3306 544 Κάγώ
3330 494 3490 547 φημι.
3529 476 3653 530 Ἰδὸν
3682 475 3793 546 (59)
3823 473 3914 528 οὖν
3943 474 4070 536 δύο,

793 584 883 626 tur
940 570 1080 625 duas
1128 569 1458 627 voluntates.
1508 581 1707 636 nempe
1772 568 2115 621 dciﬁcantem
2177 584 2366 632 unam,

792 662 1021 716 alteram
1053 660 1384 713 deiﬁcatam.
1421 656 1527 729 Sed
1555 657 1721 729 uyitae
1749 668 1902 719 sunt,
1938 658 2191 727 inquiunt
2221 678 2232 712 :
2270 673 2371 727 ego

791 768 1009 822 quoque
1039 750 1195 837 ,id‘em
1241 750 1349 802 aio.
1408 723 1931 837 At‘i'quidem’per
1958 751 2369 806 unioncmmn-

794 820 934 898 fusa:—
958 820 1167 904 essent,
1199 847 1384 906 posset
1403 838 1526 907 quis
1548 820 1761 903 dicere;
1777 820 2102 893 confusione
2126 840 2179 893 in
2207 856 2368 895 uuam

798 936 1093 999 coaluisse,
1121 947 1216 986 seu
1255 933 1435 1000 potius
1464 938 1714 983 neutram
1750 932 2102 986 remansisse.
2133 934 2200 985 At
2221 949 2374 999 cum,

796 1027 938 1077 facta
966 1026 1192 1088 unione,
1226 1039 1356 1079 suas
1387 1023 1659 1077 retineant
1692 1026 2373 1094 proprietates,quomodo

795 1112 960 1183 585
994 1130 1100 1167 non
1132 1123 1256 1169 sunt
1284 1113 1450 1167 dum?
1478 1112 1603 1179 Sed,
1635 1113 1810 1177 aiunt,
1839 1113 2073 1167 humana
2102 1115 2353 1171 voluntas

798 1218 828 1255 a
858 1204 1039 1256 divina
1082 1202 1393 1269 regebatur,
1426 1202 1561 1255 adeo
1610 1210 1687 1267 ut,
1743 1218 1866 1256 cum
1909 1205 2094 1258 dixina
2137 1206 2375 1273 volebat,

798 1302 929 1347 tunc
964 1293 1210 1347 lnnuana
1238 1303 1428 1347 natura
1456 1294 1638 1358 vellet,
1660 1294 1807 1347 verbi
1837 1310 1916 1363 gr.
1949 1296 2256 1361 comedere,
2284 1306 2378 1351 aut

803 1383 1006 1449 bibere,
1029 1384 1111 1436 vel
1135 1383 1281 1436 aliud
1301 1384 1578 1454 quidpiam
1608 1385 1858 1436 naturale
1882 1398 2061 1452 agere.
2092 1383 2169 1437 Ita
2190 1387 2376 1441 sentio

802 1488 854 1526 t‘t
886 1489 1009 1543 ego.
1043 1476 1111 1527 At
1141 1476 1212 1538 si,
1244 1490 1370 1528 cum
1408 1476 1593 1528 divina
1621 1474 1897 1543 annuebat
1940 1476 2211 1540 voluntas,
2248 1485 2379 1531 tunc

809 1569 1050 1620 humana
1082 1568 1321 1631 volebat,
1366 1566 1477 1634 jam
1516 1566 1806 1635 perspicis,
1840 1566 2135 1621 humanam
2180 1569 2377 1622 volun-

806 1669 972 1711 tatem
1033 1672 1153 1709 esse
1204 1658 1257 1709 in
1310 1655 1575 1719 Christo,
1613 1670 1807 1724 nempe
1843 1671 1966 1725 quae
2008 1657 2245 1712 humana
2290 1661 2381 1713 illa

805 1761 835 1796 v
854 1744 1045 1805 )lebat,
1074 1752 1128 1796 et
1160 1743 1399 1796 divinam
1422 1757 1545 1809 quae
1567 1743 1863 1796 annue-bat.
1886 1741 2081 1797 Nonne
2111 1746 2376 1814 scriptum

2484 570 2543 620 τό
2568 586 2627 621 τε
2658 569 2890 632 θεῶσαν,
2928 573 3024 621 καὶ
3049 570 3109 620 τὸ
3136 568 3357 622 θεωθέν.
3408 568 3549 620 Ἀλλ’
3573 567 3851 638 ἡνωμένα,
3888 566 4065 635 φησί·

2483 658 2652 727 Κάγὼ
2700 659 2870 721 οὕτως
2913 659 3075 726 λέγω.
3118 658 3260 712 Ἀλλ’
3290 660 3338 711 εί
3384 659 3482 728 μὲν
3530 658 3795 710 ένωθέντα
3827 656 4071 724 συνεχὺο

2483 740 2679 817 θησαν,
2715 748 2826 819 εἶχέ
2883 768 2964 813 τις
3001 750 3205 817 λέγειν,
3255 750 3338 802 ὅτι
3390 750 3448 802 ἒν
3482 750 3729 815 ἐγένοντο
3785 764 4071 815 συγκεχυ-

2487 842 2666 910 μένον,
2706 841 2814 893 οὐδ’
2854 841 3042 909 ἕτερον
3088 842 3204 893 ἐστι
3245 838 3468 909 μᾶλλον.
3508 842 3664 893 Ἐπεὶ
3696 840 3753 891 δὲ
3788 837 4069 890 ὲνωθέντα

2482 932 2710 1000 τηροῦσι
2756 932 2855 995 τὰς
2891 931 3094 992 οἰκείας
3129 931 3416 1001 ἰδιότητας,
3460 931 3577 993 πῶς
3624 929 3685 982 οὺ
3726 930 3849 993 δύος
3899 928 4072 979 Ἀλλά

2482 1021 2543 1073 τὸ
2563 1021 2927 1091 ἀνθρώπινον,
2959 1020 3109 1089 φησι,
3157 1020 3372 1089 θέλημα
3420 1018 3524 1071 ὑπὸ
3569 1019 3664 1071 τοῦ
3706 1016 3853 1070 θείου
3901 1014 4073 1083 θελή-

2487 1129 2653 1179 ματος
2680 1114 2866 1183 ἣγετο,
2890 1114 2981 1164 καὶ
3014 1113 3101 1164 ὅτε
3128 1111 3288 1181 ἣθελε
3326 1112 3386 1164 τδ
3416 1111 3559 1163 θεῖον
3597 1108 3831 1176 θέλημα,
3866 1108 3993 1158 τότε
4033 1108 4069 1175 ἠ

2498 1204 2818 1275 ἀνθρωπίνη
2854 1206 3017 1273 φύσις
3059 1204 3217 1275 male
3261 1206 3477 1271 φαγεῖν,
3516 1203 3549 1271 ἢ
3589 1204 3753 1265 πιεῖν,
3788 1200 3820 1268 ἢ
3853 1199 3986 1254 ἄλλο
4018 1215 4071 1250 τι

2486 1294 2713 1363 φυσικὸν
2760 1296 3075 1365 ἐνεργῆσαι.
3112 1294 3282 1362 Κάγὼ
3334 1293 3509 1354 οὕτως
3538 1292 3704 1359 λέγω.
3766 1290 3921 1342 Ἐπεὶ
3970 1290 4069 1341 οὖν

2484 1388 2572 1439 ὅτε
2601 1386 2910 1455 παρεχώρει
2957 1388 2992 1455 ἡ
3045 1385 3166 1438 θεία
3215 1384 3453 1454 θέλησις,
3504 1385 3624 1433 τότε
3672 1379 3863 1449 ἢθελεν
3902 1382 3935 1442 ἡ
3969 1379 4068 1428 ἁν-

2486 1478 2757 1548 θρωπίνη,
2783 1477 2914 1545 ὁρᾷς
2939 1476 3021 1528 ὅτι
3050 1475 3367 1545 ἀνθρωπίνη
3397 1473 3614 1541 θέλησις
3642 1467 3709 1539 ἦν
3729 1472 3784 1521 ὲν
3812 1469 3890 1536 τῷ
3926 1470 4013 1536 Χρ
4042 1496 4060 1506 -

2488 1565 2621 1634 στῷ,
2649 1568 2832 1617 ἐκεῖνα
2858 1564 3090 1618 θέλουσα
3112 1563 3216 1615 τῶν
3248 1562 3605 1631 ἀνθρωπίνων
3634 1559 3668 1612 ἃ
3698 1561 3731 1628 ἡ
3770 1558 3891 1609 θεία
3923 1572 4072 1625 παρ·

2488 1654 2681 1725 εχώρει
2712 1655 2954 1725 θέλησις.
2985 1657 3059 1709 υὺ
3085 1656 3398 1725 γέγραπται
3433 1655 3489 1705 ὲν
3520 1652 3597 1721 τῷ
3620 1649 3957 1716 Εὐαγγελίῳ,
3985 1649 4068 1699 ὅτι

2493 1748 2706 1800 Ἤθελε
2735 1745 2944 1798 λαθεῖν
2968 1747 3066 1797 καὶ
3107 1750 3221 1798 οὐχ
3254 1743 3562 1810 ἡδυνήϐη;
3592 1743 3712 1803 Πῶς
3741 1737 3833 1792 οῦν
3866 1739 4065 1809 ἤθελες

805 1842 892 1888 cst
925 1834 979 1886 in
1022 1832 1318 1899 Exangelio
1354 1849 1368 1885 :
1411 1830 1626 1885 Volebat
1655 1832 1840 1898 latere,
1870 1842 1919 1886 et
1953 1850 2053 1887 non
2078 1837 2249 1904 potuit
2272 1836 2315 1867 ²⁰
2355 1837 2381 1890 7
2406 1833 2454 1892 Β
2487 1840 2494 1885 l

2355 1837 2381 1890 ?
2406 1833 2454 1892 Β
2487 1837 2668 1900 θείως,
2702 1836 3144 1908 ἢάνθρωπίνως;
3201 1836 3300 1887 Διὰ
3331 1833 3489 1887 τοῦτο
3520 1834 3627 1902 γὰρ
3671 1833 3767 1884 καὶ
3802 1831 3905 1882 οὐκ
3939 1830 4040 1897 ἠδυ

808 1927 1095 1993 Quomodo
1118 1927 1279 1995 igitur
1318 1927 1491 1980 voluit
1519 1927 1542 1979 ί
1572 1927 1855 1992 divinitus,
1900 1928 1984 1982 vel
2023 1930 2384 1986 humanitus?

808 2019 1099 2088 Propterea
1126 2019 1271 2071 enim
1300 2032 1409 2071 non
1442 2019 1644 2087 potuit,
1678 2018 1806 2088 quia
1852 2017 1997 2075 Deus
2029 2022 2245 2076 volebat
2278 2024 2382 2077 hu-

810 2125 1026 2163 manam
1059 2109 1300 2179 pateﬁeri
1322 2109 1683 2165 voluntatem.
1707 2110 1990 2176 Quomodo
2020 2120 2199 2167 autem
2228 2121 2383 2183 pate-

812 2201 954 2255 facta
988 2209 1093 2262 est,
1140 2200 1187 2254 si
1236 2200 1291 2254 in
1330 2199 1553 2254 Christo
1586 2213 1696 2253 non
1754 2208 1873 2254 erat
1924 2201 2382 2269 substantialiter,

813 2307 958 2357 vere,
993 2299 1049 2346 et
1084 2291 1291 2360 absque
1330 2290 1817 2345 commutatione?
1857 2291 1976 2346 Non
2002 2294 2149 2348 enim
2188 2310 2387 2349 secun-

812 2383 942 2435 dum
972 2381 1418 2452 imaginationem
1441 2381 1556 2435 haec
1576 2379 1779 2435 ﬁebant
1812 2398 1825 2433 :
1852 2383 2015 2438 absit.
2039 2383 2198 2439 Unita
2223 2388 2389 2455 igitur

815 2474 1048 2526 humana
1099 2472 1299 2524 divina:
1356 2479 1475 2524 erat
1538 2470 1829 2526 voluntati.
1888 2471 2135 2543 Cumque
2179 2478 2389 2547 absque

815 2563 1200 2617 immutatione
1240 2570 1295 2615 et
1344 2562 1671 2617 confusione
1708 2560 1853 2618 facta
1891 2563 2003 2619 haec
2042 2565 2209 2621 fuerit
2255 2584 2391 2621 con-

809 2654 1062 2722 junctio;
1115 2666 1461 2721 consequens
1522 2662 1630 2718 est,
1691 2662 1750 2707 ut
1793 2653 1916 2707 dua:
1970 2653 2173 2710 fuerint
2224 2657 2387 2712 etiam

816 2750 940 2811 post
998 2742 1256 2796 unionem
1308 2741 1647 2796 voluntates.
1702 2741 1823 2797 Non
1876 2744 2022 2797 enim
2056 2745 2203 2800 aliud
2260 2748 2391 2801 unio

816 2836 965 2895 fecit.
1052 2842 1414 2904 praeterquam
1475 2832 1782 2902 gloriﬁcare
1834 2841 1887 2887 et
1946 2836 2219 2890 illustrare
2261 2850 2385 2906 quae

817 2935 976 2979 antea
1010 2924 1269 2992 ignobilia
1303 2931 1357 2978 et
1390 2924 1604 2991 abjecta
1636 2932 1815 2980 erant.
1852 2925 2009 2991 Quod
2048 2942 2177 2980 vero
2216 2928 2387 2996 glori-

820 3015 1031 3079 ﬁeatn-r,
1069 3030 1178 3067 non
1222 3025 1509 3085 propterea
1540 3030 1607 3068 ex
1648 3016 1870 3086 propria
1907 3017 2107 3071 excidit
2150 3027 2387 3085 natura;

820 3106 916 3161 scd
967 3108 1147 3176 potius
1181 3106 1235 3158 in
1274 3106 1547 3175 propriam
1592 3115 1844 3161 naturam
1898 3108 2204 3162 restituitur

822 3198 1041 3267 quidem
1074 3197 1313 3265 abjcctio
1334 3204 1388 3250 ct
1420 3197 1737 3263 ignobilitas
1768 3205 1849 3252 est
1883 3212 1949 3252 ex
1973 3207 2219 3267 peccato,
2247 3201 2390 3269 quod

821 3294 1016 3353 prmter
1068 3296 1321 3339 naturam
1354 3292 1479 3341 est:
1530 3286 1747 3340 tametsi
1799 3286 1929 3339 unio
1966 3302 2091 3340 cum
2143 3286 2251 3355 Deo
2284 3304 2393 3343 non

820 3384 905 3430 est
937 3374 1068 3444 quid
1101 3374 1562 3444 nobisnaturale,
1588 3373 1884 3445 sed.supra
1916 3386 2193 3429 naturam.
2224 3377 2393 3445 Igitur

821 3482 885 3519 ex
925 3481 991 3519 eo
1023 3468 1168 3534 quod
1200 3466 1469 3519 naturalis
1490 3466 1743 3519 voluntas
1765 3466 2066 3536 gloriﬁcata
2098 3476 2202 3530 est,
2239 3484 2300 3520 ac
2328 3481 2392 3521 ea

827 3557 1065 3621 volebat,
1118 3574 1242 3625 qua:
1307 3556 1530 3611 indebat
1584 3541 1755 3621 Deus,“
1808 3572 2151 3627 nequaquam
2205 3559 2388 3628 periit.

822 3646 1023 3714 Quare,
1059 3648 1107 3701 si
1141 3650 1233 3701 illa
1260 3659 1399 3713 erat,
1430 3658 1547 3704 erat
1586 3665 1712 3704 vero
1752 3657 1808 3703 et
1840 3647 2025 3704 divina
2061 3649 2114 3703 iu
2145 3648 2390 3715 Christo,

823 3738 942 3790 duae
982 3739 1153 3808 plauze
1187 3746 1315 3793 sunt
1350 3741 1511 3793 etiam
1548 3746 1670 3809 post
1719 3740 2187 3810 conjunctionem,
2232 3739 2394 3795 ditl'e-

824 3829 1017 3883 rentiis
1054 3829 1167 3882 suis
1198 3829 1489 3897 insignitae,
1527 3830 1838 3886 voluntates
1868 3848 1881 3886 :
1926 3832 2385 3901 quemadmodum

823 3927 875 3973 ct
913 3918 967 3972 in
998 3919 1171 3989 ignito
1202 3919 1370 3984 ferro,
1414 3920 1555 3990 ignis
1582 3920 1726 3976 ferro
1780 3921 1882 3992 ipsi
1946 3923 2159 3976 unitum
2212 3922 2394 3990 habet,

828 4020 885 4060 ut
911 4018 1033 4060 urat
1062 4018 1117 4062 et
1148 4011 1458 4077 splendeat;
1488 4019 1541 4064 et
1563 4010 1767 4065 ferrum
1797 4012 1959 4065 habet
1983 4011 2196 4080 pondus
2214 4028 2394 4076 suum,

828 4095 1021 4148 molem
1056 4105 1111 4150 et
1139 4098 1362 4166 liguram
1401 4115 1415 4151 :
1447 4107 1501 4152 et
1523 4098 2141 4175 quoadusubsistentiam
2176 4102 2391 4170 quidem

830 4201 939 4239 non
985 4199 1313 4257 separamur
1354 4191 1423 4243 ab
1464 4190 1698 4244 invicem
1733 4191 2098 4260 proprietates
2142 4191 2286 4261 ignis
2332 4203 2387 4246 et
2462 4192 2591 4249 ferri

2490 1929 2649 1998 νήθη,
2677 1930 3178 2000 παραχωρήσαντος
3220 1927 3315 1979 τοῦ
3360 1925 3519 1992 Θεοῦ,
3543 1924 3820 1994 δειχθῆναι
3876 1923 3939 1974 τὸ
3969 1924 4069 1973 ἀν-

2493 2017 2764 2084 θρώπινον
2786 2017 3021 2087 θέλημα.
3050 2017 3169 2079 Πῶς
3201 2016 3257 2069 δὲ
3288 2015 3589 2084 ἀνεδείχθη,
3613 2017 3662 2066 εἰ
3691 2014 3766 2083 μὴ
3794 2008 3864 2082 ἦν
3897 2014 3958 2064 ἐν
3992 2011 4072 2079 τῷ

2492 2108 2718 2180 Χριστῷ
2767 2108 3044 2170 οὑσιωδῶς
3071 2108 3166 2159 καὶ⁵
3203 2106 3526 2176 ἀτρέπτως,
3564 2105 3641 2156 Οὐ
3680 2105 3789 2172 γὰρ
3823 2103 3889 2172 δὴ
3925 2103 4073 2153 κατά

2494 2197 2985 2265 φαντασίανταῦτα
3004 2196 3352 2248 ἐπεδείκνυτο
3368 2210 3382 2224 ’
3413 2195 3488 2264 μὴ
3513 2196 3742 2260 γένοιτο.
3758 2193 4072 2258 Ἦνωμένον

2493 2284 2586 2341 οῦν
2618 2284 2685 2359 ἦν
2734 2287 2796 2341 τὸ
2841 2287 3181 2357 ἀνθρώπινον
3237 2284 3449 2355 θέλημα
3499 2284 3578 2353 τῷ
3612 2282 3741 2351 θείῳ
3779 2281 4070 2349 θελήματι.

2527 2383 2667 2435 Επεὶ
2704 2382 2761 2435 δὲ
2811 2383 3097 2452 ἀτρέπτως
3148 2380 3242 2433 καὶ
3286 2378 3610 2448 ἀσυγχύτως
3663 2378 3881 2447 ἦνωτο,
3938 2374 4072 2434 δυὰς

2504 2474 2779 2545 θελήσεων
2817 2476 3095 2542 εἰσάγεται
3148 2475 3244 2526 καὶ
3293 2472 3433 2543 μετά
3465 2471 3563 2542 τὴν
3602 2472 3814 2523 ἕνωσιν.
3854 2469 3919 2521 Ἡ
3963 2467 4072 2535 γὰρ

2496 2568 2689 2629 ’ἐνωσις
2724 2568 2875 2621 οὐδὲν
2922 2568 3052 2621 ἀι.λο
3101 2565 3380 2633 ἐποίησεν,
3408 2566 3455 2615 εί
3488 2562 3563 2633 μὴ
3594 2561 3654 2615 τὸ
3700 2560 3923 2625 δοξάσαι
3978 2561 4071 2610 καὶ

2497 2656 2819 2725 λαμπρῦναι
2848 2657 2917 2709 τὰ
2945 2656 3135 2726 πρώην
3174 2656 3302 2707 ὄντα
3334 2655 3507 2722 ἄτιμα
3552 2653 3648 2705 καὶ
3690 2650 3873 2712 ἄδοξα.
3912 2649 3985 2701 Τὸ
4012 2647 4070 2700 δὲ

2502 2746 2758 2812 δοξασοὲν
2789 2749 2889 2799 οὐκ
2910 2747 3072 2815 ἐξέϐη
3101 2749 3164 2798 ὲκ
3195 2748 3295 2815 τῆς
3336 2745 3471 2806 ιδίας
3495 2744 3731 2814 φύσεως,
3761 2740 3899 2794 ἀλλὰ
3930 2741 4067 2809 μᾶλα

2499 2836 2590 2889 λον
2620 2838 2699 2899 είς
2724 2837 2821 2904 τὴν
2850 2838 3057 2891 οἰκείαν
3083 2836 3246 2901 φύσιν
3284 2834 3654 2902 ἀπεκατέστη.
3700 2833 3765 2884 'll
3806 2830 3914 2900 γὰρ
3948 2829 4069 2883 ὀδοο

2500 2926 2586 2991 ξία
2616 2930 2679 2979 ὲκ
2714 2929 2813 2996 τῆς
2836 2927 3130 2997 ἁμαρτίας,
3160 2928 3280 2997 ἦτις
3306 2926 3456 2996 παρὰ
3486 2925 3645 2993 φύσιν
3676 2923 3821 2976 ἐστίν
3843 2940 3854 2951 ·
3887 2922 3936 2973 εί
3977 2920 4069 2972 καὶ

2497 3020 2531 3087 ἡ
2570 3017 2703 3089 πρὸς
2737 3018 2871 3070 Θεὸν
2915 3018 3111 3080 ἓνωσις
3146 3019 3246 3070 οὐκ
3305 3018 3420 3070 ἔστι
3473 3016 3701 3086 φυσικὸν
3730 3015 3907 3084 ήμῶν,
3952 3014 4066 3066 ἀλλ’

2244 3128 2259 3162 :
2317 3109 2392 3203 εἰῇ
2417 3142 2462 3203 C
2499 3110 2639 3203 ὑπὲρ
2660 3109 3085 3203 φύσινίνίῖἐωςῃδ
3110 3105 3204 3203 οὖν
3224 3108 3478 3203 δοξασθὲν
3502 3107 3805 3203 ’τὸ-φυσικὴν
3833 3105 4063 3203 θὲλέμι,

2501 3203 2594 3252 καὶ
2621 3202 2800 3252 ὲκείνα
2839 3199 2990 3251 θέλον
3012 3190 3052 3252 ’ἂ
3076 3199 3152 3269 τῷ
3172 3199 3291 3266 Θεῷ
3313 3198 3489 3251 ἐδόκει
3520 3199 3619 3249 οὐκ
3645 3189 3910 3248 ἀπώλετο.
3938 3195 4066 3245 ’Ὠσ-

2499 3308 2559 3343 τε
2599 3291 2724 3342 ἐπεὶ
2752 3287 2816 3356 ἦν
2846 3290 3002 3355 αὐτὸ,
3032 3285 3099 3359 ἦν
3121 3290 3178 3342 δὲ
3217 3291 3311 3341 καὶ
3349 3289 3409 3341 τὸ
3441 3288 3584 3341 θεῖον
3616 3289 3673 3339 ὲν
3707 3286 3786 3357 τῷ
3825 3284 4062 3355 Χριστῷ,

2496 3381 2590 3433 δύο
2621 3381 2836 3442 πάντως
2880 3380 2973 3433 καὶ
3007 3380 3147 3447 μετὰ
3182 3379 3279 3449 τὴν
3305 3380 3499 3432 ἕνωσιν
3531 3376 3915 3447 γνωριζόμενα
3948 3376 4063 3435 ταῖς

2498 3472 2731 3532 οἰκείαις
2763 3471 3086 3538 διαφοραῖς·
3119 3468 3307 3538 ὥσπερ
3331 3470 3423 3521 καὶ
3450 3468 3542 3521 ἐπὶ
3574 3468 3668 3520 τοῦ
3702 3482 4063 3535 πεπυρακτω-

2503 3560 2665 3629 μένου
2715 3559 2971 3627 σιδήρου,
3021 3558 3082 3610 τὸ
3132 3556 3243 3627 πῦρ
3282 3558 3480 3609 ἑνωθὲν
3527 3556 3605 3625 τῷ
3632 3556 3835 3624 σιδήρῳ
3864 3554 3977 3623 ἔχει
4007 3553 4065 3603 τὸ

2493 3650 2671 3703 καίειν
2699 3650 2792 3702 καὶ
2814 3654 2875 3702 τὸ
2905 3650 3163 3718 λάμπειν,
3194 3651 3286 3701 καὶ
3309 3653 3335 3702 ὁ
3362 3649 3575 3717 σίδηρος
3594 3647 3654 3699 τὸ
3676 3648 3870 3698 εἰκεῖον
3903 3645 4065 3715 βάρος

2498 3744 2592 3796 καὶ
2621 3745 2713 3796 τὸν
2750 3742 2914 3811 ὄγκον
2945 3743 3038 3795 καὶ
3075 3732 3135 3794 τδ
3170 3742 3390 3810 σχῆμα·
3424 3739 3517 3792 καὶ
3551 3735 3929 3797 ὑποστατικῶς
3970 3734 4062 3803 μὲν

2498 3836 2559 3887 οὐ
2584 3834 2920 3904 διαιροῦνται
2952 3833 3045 3885 ἀπ’
3072 3832 3317 3901 ἀλλήλων
3345 3830 3414 3883 τὰ
3458 3828 3722 3897 ίδιώματα
3751 3826 3843 3877 τοῦ
3875 3842 3933 3876 τε
3966 3840 4064 3874 πυ·

2504 3924 2597 3995 ρὺς
2653 3924 2748 3976 καὶ⁵
2808 3923 2902 3975 τοῦ
2963 3922 3217 3992 σιδήρου,
3268 3923 3365 3984 τὰς
3414 3920 3649 3989 φυσικὰς
3701 3916 3759 3969 δὲ
3806 3913 4063 3982 διαφορὰς

2504 4014 2697 4084 ἔχοντα
2745 4013 3107 4077 δεικνύουσιν,
3149 4017 3231 4068 ὅτι
3282 4013 3442 4081 φύσις
3493 4011 3601 4063 εἰσὶ
3633 4010 3748 4062 ’καὶ
3784 4004 3923 4078 μετὰ
3970 4003 4063 4072 τὴν

2504 4104 2698 4157 ἕνωσιν
2724 4106 2784 4157 τό
2823 4122 2879 4157 τε
2916 4104 3028 4175 πῦρ
3057 4104 3152 4157 καὶ
3179 4106 3207 4157 ὁ
3236 4104 3473 4173 σίδηρος.

2631 4213 2644 4249 :
2700 4204 2775 4262 at,
2838 4211 2960 4249 cum
3054 4196 3330 4251 naturales
3393 4192 3660 4249 retineant
3708 4185 4058 4248 diﬂerentias,

827 4281 1148 4346 ostendunt,
1179 4290 1407 4339 naturas
1441 4282 1582 4354 ignis
1609 4298 1673 4338 ac
1700 4283 1831 4340 ferri
1884 4285 2049 4339 etiam
2084 4293 2205 4353 post
2233 4285 2495 4340 unionem
2522 4289 2750 4343 omnino
2782 4290 3013 4344 servari.

899 4417 945 4447 ’θ
986 4416 1156 4470 Marc.
1203 4431 1301 4483 vn,
1342 4416 1431 4472 24.

2019 4508 2222 4571 Variae
2247 4510 2559 4572 lectiones
2586 4516 2648 4573 et
2688 4516 2875 4573 nove.

901 4609 1009 4675 (so)
1027 4609 1111 4664 ἵσ.
1138 4609 1270 4664 ἰδοὺ.
