4276 6436
821 384 931 451 359

1695 386 2279 454 ῚΗΕΟΡΠΥιΑρΤι
2322 392 2734 455 BULGARIIE
2779 394 3133 456 ARCHIEP.

3989 401 4093 463 360

888 499 955 553 Et
987 511 1111 567 qua:
1132 495 1394 569 deinceps
1430 498 1484 551 in
1514 497 1636 569 ipso
1668 507 1913 556 carmlne
1936 509 2262 570 sequuntur.
2293 501 2399 568 Qui
2432 514 2477 571 Α
2506 503 2577 557 ιπ

2432 514 2477 571 Α
2506 503 2858 575 ιπερῤύησαν
2893 504 3119 577 ρύακες.
3158 505 3317 559 Ἐστι
3362 505 3548 577 μέντοι
3572 505 3778 581 Κύριος
3831 511 3891 566 ὲν
3936 513 4092 583 ἡμῖν,

811 588 959 642 enim
992 589 1247 658 juniores
1281 599 1434 646 sunt.
1465 606 1651 645 secum
1690 594 2028 658 colnrreaut,
2055 601 2108 645 et
2141 593 2207 646 ad
2241 597 2409 649 robur

812 680 1192 734 innectuntur.
1242 682 1515 749 Equidem
1553 682 1765 735 tidetur
1794 691 1850 736 ct
1884 683 1989 737 hoc
2019 683 2093 736 ita
2127 685 2258 737 mihi
2285 700 2410 740 eve-

812 776 982 840 nisse,
1008 775 1160 843 quasi
1190 774 1405 828 furente
1448 776 1561 827 dita
1594 776 1787 829 hiemis
1812 777 2070 845 procella,
2104 776 2408 845 crebroque

811 868 1003 931 imbre,
1051 867 1209 934 cujus
1253 869 1427 922 instar
1479 869 1877 923 calumniarum
1914 871 2048 923 mihi
2101 869 2406 939 praecipites

811 957 956 1009 fluvii
1001 958 1320 1013 illabuntttr.
1381 959 1475 1014 Est
1517 961 1663 1014 enim
1699 962 1981 1016 nobiscum
2020 961 2303 1016 Dominus.
2340 961 2405 1015 Et

812 1064 913 1103 nos
936 1050 1159 1104 efiracta
1189 1061 1241 1105 et
1288 1053 1480 1121 ingens
1516 1068 1785 1122 aquarum
1816 1054 2051 1121 impetus
2088 1053 2323 1106 obruere
2350 1060 2404 1106 ct

809 1140 1134 1212 immergere
1163 1158 1506 1213 nequaquam
1540 1145 1735 1215 poterit
1762 1159 1776 1207 ;
1803 1144 1894 1198 sed
1948 1153 2136 1199 noster
2166 1144 2402 1215 spiritus

809 1232 1067 1286 innoxius
1101 1234 1323 1302 quidem
1398 1252 1599 1289 saeuum
1648 1237 1913 1290 torrentis
1966 1237 2235 1306 gurgitem
2266 1253 2405 1305 prae-

810 1327 1194 1395 tergredietur,
1230 1329 1397 1383 immo
1454 1330 1637 1396 potius
1698 1330 1782 1384 his
1835 1346 2099 1401 aquarum
2143 1330 2403 1387 iiut-tibus

807 1418 1112 1477 abluemur.
1142 1436 1383 1488 pureque
1419 1420 1746 1485 lavabimur,
1783 1431 1837 1476 et
1863 1422 1989 1476 inde
2022 1421 2209 1474 mundi
2235 1436 2403 1490 appa-

807 1510 1049 1564 rebitnus
1081 1521 1134 1564 et
1162 1513 1402 1581 candidi,
1430 1513 1571 1568 unde
1604 1530 1706 1569 n0s
1747 1513 2094 1584 coinquinari
2126 1522 2403 1567 metuera-

807 1618 950 1658 mus.
976 1601 1119 1657 Inter
1166 1604 1296 1673 alia,
1329 1605 1496 1660 frater
1519 1620 1695 1669 meus,
1718 1616 1776 1659 ut
1820 1620 2046 1659 necesse
2090 1613 2195 1665 est,
2224 1617 2399 1657 meam

807 1696 1087 1748 solertiam
1124 1696 1283 1760 Itane,
1311 1705 1366 1749 et
1411 1697 1700 1751 subdolam
1754 1696 2076 1761 versutiam,
2134 1710 2299 1763 quam
2345 1695 2399 1748 in

805 1785 1020 1855 paludis
1039 1787 1164 1855 jura
1192 1789 1470 1857 impendo,
1496 1788 1850 1844 annuntiabit
1877 1806 1891 1843 :
1922 1796 1976 1842 et
2001 1785 2279 1857 quomodo
2300 1801 2401 1855 ego

2513 598 2608 649 καὶ
2633 597 2695 649 οὐ
2726 599 3119 651 καταποντίσει
3151 597 3301 668 ἡμᾶς
3329 600 3389 651 τὸ
3423 598 3567 670 ὕδωρ
3605 600 4094 668 ⁸ιιδ·ἀνυπτ5στειτον,

2512 688 2626 741 ἀλλ’
2666 687 2910 767 ἀϐλαϐὴς
2940 691 2973 758 ή
3016 690 3162 760 ψυχὴ
3220 690 3379 759 ἡμῶν
3408 691 3499 745 τὸν
3527 692 3831 763 χείμαρῤον
3888 693 4096 747 διελεύ-

2512 796 2663 833 σεται
2697 796 2713 811 ·
2738 782 2834 833 καὶ
2873 778 3157 848 νιψόμεθα·
3183 781 3383 851 μᾶλλον
3448 782 3525 851 τῷ
3567 782 3719 836 ὕδατι
3769 783 3950 853 τούτῳ
4004 789 4092 839 καὶ

2511 871 2958 943 πλυνϐησόμεοα,
3018 870 3255 942 καθαροὶ
3293 872 3575 943 φανέντες,
3612 876 3672 940 ἐξ
3704 869 3777 930 ὧν
3809 877 4096 947 ρυπανθῆ-

2510 981 2599 1018 ναι
2638 964 3006 1035 ἠλπίσοημεν.
3041 965 3126 1018 Τά
3177 981 3236 1017 τε
3271 966 3379 1037 γὰρ
3412 965 3546 1019 ἄλλα
3576 968 3672 1023 καὶ
3703 970 3731 1020 ὁ
3761 968 4094 1036 συνάδελᾳός

2510 1072 2639 1124 μου,
2672 1056 2701 1109 ὃ
2730 1057 2812 1110 δεῖ
2839 1055 3141 1124 ἀπαγγελεῖ
3172 1055 3270 1126 τὴν
3289 1056 3430 1126 ἐμὴν
3461 1056 3587 1127 περὶ
3617 1055 3687 1108 τὰ
3748 1058 3848 1133 τῆς
3895 1058 4094 1128 λίμνης

2506 1146 2692 1201 δίκαια
2721 1148 3150 1218 κακεντρέχειαν
3182 1162 3197 1176 ·
3235 1147 3330 1200 καὶ
3400 1148 3549 1211 ὅπως
3611 1148 3721 1218 ἐγὼ
3769 1150 3947 1217 μέγας
4014 1169 4095 1214 τις

2507 1238 2740 1293 ἐνταῦθα
2769 1241 2862 1293 καὶ
2892 1243 3059 1305 πολὺς
3080 1242 3179 1311 τὴν
3211 1241 3385 1312 ἰσχὺν,
3423 1242 3519 1293 καὶ
3548 1242 3731 1312 φέρων
3790 1242 3859 1294 τά
3911 1246 4094 1299 πάντα

2506 1331 2583 1403 τῷ
2618 1333 2827 1404 ῥήματι
2851 1331 2953 1401 τῆς
2980 1333 3284 1401 δυνάμεως.
3319 1334 3415 1395 ’ος
3450 1334 3619 1385 πᾶσιν
3688 1336 3769 1396 εἰς
3804 1334 3965 1405 ὖΰριν
4000 1337 4094 1389 καὶ

2509 1427 2904 1496 περιφρόνησιν
2924 1425 3205 1495 ἐκκειμαι,
3236 1426 3333 1478 καὶ
3368 1426 3693 1497 ὲκωφώϐην,
3724 1430 3820 1481 καὶ
3866 1432 4093 1482 ἐταπει-

2504 1516 2709 1587 νὼοην,
2774 1519 2870 1571 καὶ
2929 1518 3189 1587 ὲσὶγησα,
3240 1516 3345 1580 ἔξω
3403 1520 3602 1583 παντὲς
3654 1520 3861 1587 ἀγαθοῦ
3920 1540 4094 1592 παρα-

2504 1606 2749 1669 καῶντος
2784 1608 2884 1676 (5),
2923 1608 3208 1676 γινόμενος
3238 1609 3332 1660 καὶ
3360 1607 3451 1660 τὸν
3483 1610 3650 1662 νῶτόν
3679 1628 3781 1680 μου
3807 1610 3988 1664 ἔδωκα
4013 1615 4093 1673 εἰς

2507 1698 2800 1765 μάστιγας,
2818 1697 2987 1759 τάςὸὲ
3006 1699 3265 1765 σιαγόνας
3298 1699 3378 1761 εἰς
3409 1698 3750 1768 ῥαπίσματα.
3774 1703 3959 1769 Στόμα
3992 1703 4091 1773 μὲν

2503 1785 2595 1841 οὖν
2640 1788 2944 1843 διαϐάλλειν
2998 1788 3263 1857 πεφυκὸς,
3312 1790 3486 1853 οὐδεὶς
3527 1790 3594 1844 ἀν
3619 1791 3937 1846 ἀποκλεῖσαι
4001 1793 4094 1846 δύ-

807 1892 1039 1947 magnus
1074 1880 1296 1948 quidam
1331 1880 1434 1935 hoc
1468 1890 1627 1952 pacto
1663 1881 1793 1947 sim,
1820 1888 1874 1935 et
1922 1881 2121 1935 robore
2167 1890 2385 1950 potens,
2420 1875 2462 1929 Β
2491 1897 2496 1909 ε

2420 1875 2462 1929 Β
2491 1896 2664 1933 ναιτο.
2683 1879 2789 1933 Τοῦ
2819 1879 2874 1933 δὲ
2904 1880 2997 1934 σοῦ
3027 1880 3191 1950 ὕψους
3214 1880 3280 1934 ἂν
3294 1881 3378 1952 εἴη
3400 1882 3526 1946 τοὺς
3550 1882 3657 1938 τῶν
3686 1884 3913 1938 κολοιῶν
3943 1904 4092 1956 κρω-

804 1980 860 2025 et
890 1973 1055 2026 verbo
1097 1974 1353 2041 potentiae
1386 1984 1586 2030 cuncta
1642 1976 1952 2046 perferens,
1977 1973 2069 2043 qui
2130 1971 2391 2027 omnibus
2490 1988 2493 1996 ί

2490 1970 2739 2039 γμοὺς,ἣ
2780 1970 2888 2022 τῶν
2924 1970 3117 2040 ψαρῶν
3147 1973 3272 2034 τοὺς
3298 1970 3663 2042 ψιθυρισμοὺς
3688 1974 4088 2046 ὑπερκείμενον

806 2066 1108 2133 praesa-tim
1134 2065 1439 2137 despicatui
1474 2082 1620 2129 sum,
1655 2075 1709 2119 et
1733 2065 1974 2118 omnium
2013 2062 2310 2118 calumniis
2338 2070 2392 2117 ct
2493 2112 2495 2127 ,

2493 2059 2568 2131 μὴ
2618 2060 2893 2130 δέχεσθαι,
2938 2062 3075 2117 ἀλλά
3122 2063 3217 2117 καὶ
3246 2064 3406 2117 τοῦτο
3428 2066 3571 2134 ἔχειν
3604 2065 3761 2127 Θεοῦ,
3798 2067 3859 2119 τὸ
3904 2067 4086 2120 πάντα

805 2156 1019 2223 injuriae
1052 2158 1346 2223 obnoxius,
1388 2158 1480 2229 qui
1523 2160 1688 2214 etiam
1737 2158 1893 2228 quasi
1933 2156 2205 2211 obturatis
2239 2153 2392 2208 auri-
2488 2154 2494 2202 λ

2488 2152 2547 2204 ὲν
2593 2150 2772 2221 κρίσει
2835 2151 3241 2225 διηρευνημένα
3297 2157 3478 2227 λέγειν
3507 2174 3568 2210 τε
3620 2158 3717 2209 καὶ
3752 2158 3951 2209 ποιεῖν.
3990 2157 4088 2219 ⁸ος

808 2251 909 2304 bus
943 2260 1147 2319 torpeo,
1176 2262 1227 2305 et
1257 2254 1480 2323 penitus
1508 2252 1700 2307 ltumili
1727 2251 1974 2321 abiectus
1999 2263 2120 2303 sunt
2151 2247 2304 2310 sede,
2336 2254 2391 2299 et
2489 2260 2497 2272 ⁴

2489 2260 2552 2311 γε
2584 2244 2761 2297 πάντα
2800 2242 2955 2309 εἰδὼς
2978 2247 3107 2317 πρὶν
3129 2248 3417 2315 γενέσεως,
3448 2250 3732 2316 Καταεάς,
3763 2248 4087 2316 φησὶν,ὄψο-

811 2342 967 2406 quasi
1004 2341 1289 2397 obstrictis
1338 2342 1506 2396 labiis
1557 2342 1782 2397 omnino
1820 2341 2154 2403 conticesco,
2192 2336 2387 2390 factus-
2498 2383 2500 2398 ,

2498 2349 2619 2402 μαι.
2636 2332 2804 2395 Αὐτός
2824 2349 2884 2385 σε
2905 2334 3099 2407 τηροίη
3121 2339 3179 2389 ὲν
3194 2340 3260 2408 τῇ
3279 2339 3414 2409 πρδς
3437 2340 3603 2392 αὑτὸν
3621 2338 3765 2391 κατὰ
3781 2338 3839 2390 τὸ
3860 2336 4086 2390 δυνατὸν

807 2446 913 2497 quc
936 2448 1080 2496 suat,
1122 2434 1280 2503 quasi
1313 2434 1402 2502 qui
1440 2434 1780 2501 negligenter
1803 2430 1981 2493 audit,
2008 2436 2064 2484 ct
2086 2428 2387 2483 oscitanter
2494 2451 2496 2466 ι

2494 2424 2775 2495 ὁμοιώσει,
2802 2426 2985 2495 πάσης
3004 2429 3325 2491 κακύνσεως
3355 2430 3627 2501 ἀνώτερον
3647 2432 3742 2483 καὶ
3764 2429 4082 2491 κακώσεως.

821 2526 1167 2594 obsequitur,
1206 2527 1387 2579 omnis
1425 2525 1552 2579 boni
1583 2524 1877 2580 infeliciter
1906 2538 2124 2593 expers.
2152 2522 2386 2576 Dorsum
2429 2534 2562 2574 vero
2601 2535 2781 2573 meum
2845 2522 3172 2590 urgentibus
3222 2521 3405 2592 flagris
3472 2520 3672 2591 objeci,
3718 2536 3885 2590 genas
3938 2534 4087 2575 meas

813 2616 1026 2670 crebris
1049 2618 1248 2672 ictibus
1313 2616 1557 2673 obtuli‘.
1625 2616 1694 2669 Et
1739 2629 1803 2670 os
1845 2614 1917 2669 ad
1967 2610 2388 2669 obtrectandum
2452 2618 2508 2665 et
2567 2608 3017 2663 calumnianduut
3071 2619 3259 2664 natum
3321 2611 3577 2665 claudere
3620 2626 3789 2665 ausus
3844 2621 3932 2665 est
3990 2626 4088 2665 ne-

821 2723 929 2761 mo.
956 2708 1086 2763 Tute
1108 2712 1309 2764 etenim
1363 2709 1469 2766 erit
1502 2707 1809 2764 altitudinis
1837 2706 2197 2776 sublimisque
2219 2704 2411 2769 animi,
2452 2703 2631 2769 illum,
2706 2703 2800 2774 qui
2865 2703 2951 2759 bis
2997 2704 3247 2760 confusis
3289 2705 3577 2760 cornicum
3618 2704 3976 2771 stridoribus,
4028 2712 4088 2759 et

814 2801 982 2856 variis
1008 2810 1333 2857 sturnorum
1385 2800 1631 2855 susurris
1705 2798 1920 2863 subest,
1970 2814 2079 2853 non
2134 2799 2439 2865 suscipere,
2480 2812 2592 2851 non
2626 2796 2835 2861 audite,
2878 2796 2990 2851 imo
3027 2796 3191 2852 etiam
3252 2796 3308 2851 in
3366 2797 3470 2852 boc
3500 2806 3552 2852 te
3617 2796 3785 2852 Deum
3856 2799 4086 2864 imitari,

827 2894 1014 2948 omnia
1050 2893 1258 2949 scilicet
1286 2900 1344 2946 ut
1370 2891 1541 2962 probo
1572 2904 1626 2946 et
1670 2900 1862 2946 exacto
1911 2889 2120 2959 judicio
2179 2898 2234 2945 et
2309 2888 2463 2944 dicas
2502 2895 2559 2943 et
2622 2888 2819 2943 facias.
2860 2887 2969 2954 Qui
3018 2890 3226 2954 omnia,
3278 2900 3575 2959 antequam
3627 2889 3757 2945 fiant
3799 2894 4085 2962 cognoscit

832 2997 883 3039 τι
913 2987 967 3040 in
1000 2986 1114 3039 lta'c
1162 2999 1223 3039 se
1254 2985 1574 3048 demittens,
1615 2980 1845 3049 Cuncta,
1883 2983 2081 3054 inquit,
2110 2980 2406 3045 excutiam,
2448 2991 2648 3034 cuncta
2679 2980 3037 3050 prospiciam.
3069 2981 3192 3051 ipse
3222 2996 3354 3051 ergo
3386 2990 3438 3039 te
3476 2984 3604 3048 sibi,
3634 2996 3898 3054 quantum
3960 2987 4077 3039 fieri

830 3085 1031 3151 potest,
1055 3077 1314 3144 similem,
1345 3077 1494 3131 omni
1529 3076 1889 3147 turpitudinis
1928 3075 2162 3131 crimine
2196 3074 2536 3145 seiunctum,
2608 3074 2870 3143 omnique
2924 3074 3212 3130 infortunii
3275 3090 3411 3132 casu
3449 3088 3721 3134 semotum
3795 3086 4088 3136 conservet

835 3186 1001 3240 atque
1028 3180 1254 3224 tutetur.

1446 3262 1665 3319 EPIST.
1702 3262 1768 3317 li.

1211 3354 1439 3406 Domino
1471 3347 1729 3422 magistro
1771 3351 1993 3407 Joanni.

877 3445 1064 3516 Neque
1093 3445 1227 3500 mibi
1268 3444 1361 3498 alti
1407 3455 1493 3499 est
1521 3446 1621 3499 otii
1671 3455 1908 3513 tempus.
1950 3444 2165 3499 Etenim
2198 3446 2253 3499 in
2289 3460 2390 3500 nos

810 3538 1052 3598 illorum,
1092 3536 1145 3589 in
1177 3536 1383 3605 quibus
1423 3533 1635 3590 fuimus
1666 3536 1905 3604 negotia,
1941 3544 1995 3589 et
2057 3549 2237 3588 rerum
2282 3551 2399 3589 mo-

809 3630 909 3693 les,
946 3628 1209 3699 quoniam
1248 3628 1396 3680 illam
1468 3627 1626 3681 nobis
1681 3627 2091 3694 commiseram,
2137 3642 2311 3695 usque
2344 3627 2395 3680 iu

808 3721 1028 3773 anxiam
1061 3718 1234 3773 animi
1290 3718 1574 3773 tristitiam
1607 3717 1848 3788 irrepsit,
1893 3719 2053 3788 quasi
2114 3718 2292 3773 solum
2329 3718 2397 3771 li-

813 3810 1189 3874 cuissettieri,
1246 3810 1399 3878 quod
1470 3809 1678 3863 factum
1737 3808 1957 3878 quidem
2018 3822 2127 3862 non
2188 3815 2293 3863 est.
2330 3811 2401 3862 At

808 3901 1060 3970 equidem
1090 3897 1219 3967 quia
1250 3908 1547 3966 utrumque
1581 3898 1695 3967 jatn
1737 3913 1847 3951 non
1878 3909 1963 3952 est
1995 3908 2197 3953 nostra:
2228 3899 2399 3952 facul-

819 3994 973 4055 tatis,
1006 4002 1157 4043 certc
1191 3989 1418 4043 stultum
1452 3998 1536 4043 est
1559 3998 1613 4043 et
1642 3989 1966 4057 absurdum,
1996 4006 2117 4059 qua:
2145 3990 2257 4059 jam
2286 3990 2403 4044 fieri

808 4099 916 4138 non
941 4093 1174 4153 possunt
1206 4081 1466 4153 indagare
1493 4090 1547 4136 et
1569 4081 1809 4151 aggredi.
1836 4080 2021 4147 Quare
2050 4083 2282 4137 alterum
2311 4094 2401 4137 so-

808 4175 921 4231 lum
959 4189 1061 4229 nos
1093 4176 1282 4229 conari
1315 4175 1491 4228 decet.
1557 4172 1785 4243 Inquam
1840 4173 2082 4243 quidem,
2108 4182 2169 4227 ut
2199 4174 2293 4227 illo
2325 4173 2399 4226 al-

812 4278 929 4325 tero
959 4267 1075 4337 jam
1109 4280 1378 4321 succusso
1402 4274 1455 4321 et
1489 4265 1649 4331 eliso,
1685 4274 1739 4319 te
1768 4264 2035 4335 voluptati
2071 4266 2387 4335 aliquantu-

813 4362 925 4416 lum
985 4369 1040 4415 et
1097 4361 1409 4415 remissioni
1463 4359 1776 4414 submittas.
1847 4358 1953 4413 Sed
2002 4358 2048 4413 si
2102 4360 2203 4412 hoc
2254 4358 2385 4411 illud

809 4454 957 4509 aliud
982 4452 1224 4506 studium
1247 4461 1560 4506 etamoretn
1589 4450 1793 4522 frangit
1816 4460 1870 4506 et
1920 4449 2237 4514 frustratur,
2272 4467 2397 4506 vere

814 4546 1031 4600 illorum
1066 4545 1251 4616 potius
1278 4545 1411 4609 eris,
1440 4544 1532 4614 qui
1561 4544 1665 4599 sibi
1694 4546 1855 4598 nimis
1895 4544 2201 4613 indulgent,
2232 4560 2394 4615 quant

3135 3261 3360 3316 ΕΠΙΣΤ.
3392 3264 3471 3317 B'.

2788 3350 2874 3415 Τῷ
2888 3351 3172 3419 pataram
3204 3354 3391 3421 κυρίῳ
3417 3353 3694 3423 Ἰωάννῃ.

2570 3441 2697 3496 οΰτ⁹
2724 3444 2847 3514 ἐμοὶ
2870 3442 3035 3513 σχολὴ
3055 3445 3243 3513 μακρά
3269 3444 3362 3496 καὶ
3379 3446 3530 3514 ἡμᾶς
3541 3444 3651 3498 τῶν
3671 3446 3728 3498 ὲν
3744 3441 3823 3508 οἷς
3841 3440 3985 3517 ἦμεν
4001 3446 4082 3499 ὅτι

2497 3534 2662 3601 συνῆν
2703 3534 2857 3601 ἡμῖν,
2882 3534 3012 3596 ἴσως
3046 3535 3111 3586 ἀν
3142 3531 3255 3602 εἶχε
3277 3532 3454 3605 λύπην
3475 3533 3535 3586 τὸ
3574 3536 3826 3604 πρᾶγμα,
3856 3536 3933 3598 ὡς
3967 3535 4086 3600 ἐξὸν

2496 3622 2770 3690 γίνεσθαι,
2800 3623 2874 3692 μὴ
2906 3624 3213 3693 γινόμενον.
3264 3626 3418 3678 Ἐπεὶ
3455 3625 3513 3678 δὲ
3545 3626 3857 3695 ἀμφότερον
3898 3626 3975 3697 μὴ
4001 3628 4086 3679 ἰν-

2497 3712 2735 3783 δέχεται,
2767 3714 2999 3786 ἀνόητον
3028 3715 3217 3779 ὅντως,
3242 3717 3302 3768 τὸ
3317 3717 3501 3787 ζητεῖν
3531 3718 3599 3771 τὰ
3628 3718 3890 3773 ἀδύνατα.
3925 3720 4085 3774 Ἄ).λά

2502 3803 2810 3875 Θελήσομεν
2845 3806 3096 3877 θάτερον,
3129 3808 3274 3874 λέγω
3288 3808 3374 3879 δὴ,
3412 3809 3472 3860 τὸ
3498 3809 3711 3862 ἐκείνου
3743 3812 4083 3879 κοπτομένου

2504 3899 2801 3952 ἀπολαύειν
2837 3899 3003 3951 αὐτὸν
3034 3901 3291 3963 ἀνέσεως.
3338 3901 3478 3953 Ἀλλ’
3499 3903 3546 3953 εἰ
3572 3901 3731 3954 τοῦτο
3758 3902 4085 3971 ψευδόμενον

2503 3994 2620 4045 ἐστι
2651 3992 2751 4062 τὴν
2785 3993 2918 4061 πρὸς
2936 3994 3141 4044 ἐκεῖνον
3169 3996 3413 4061 ἀγάπην,
3434 3996 3526 4045 καὶ
3554 3993 3831 4063 φιλαύτων
3860 3993 4081 4060 μᾶλλον,

2504 4084 2925 4154 ἦφιλαδέλφων,
2994 4086 3089 4137 καὶ
3162 4084 3417 4138 τοσοῦτον
3473 4088 3707 4156 ἑχόντων
3773 4086 3876 4155 τῆς
3932 4089 4082 4139 ἐντο-

2501 4176 2621 4243 λῆς,
2686 4178 2719 4244 ἢ
2777 4177 2867 4227 τὸν
2921 4178 3151 4243 πλησίον
3180 4179 3318 4248 ὑπὲρ
3342 4178 3533 4230 ἑαυτὸν
3556 4179 3776 4249 ἀγαπᾷν
3804 4180 4081 4231 διατάττε-

2506 4281 2639 4317 ταιο
2677 4265 2820 4317 ὥστε
2882 4266 3017 4333 μηδὲ
3050 4265 3109 4316 τὸ
3142 4265 3243 4336 τῆς
3292 4266 3526 4337 νομικῆς
3595 4268 3819 4338 ἀγάπης
3883 4268 4080 4339 μέτρον

2504 4358 2767 4428 πληροῦν,
2800 4360 2856 4409 ἐν
2881 4361 2945 4427 τῇ
2972 4358 3106 4427 πρὸς
3137 4360 3284 4426 ἡμᾶς
3316 4360 3515 4421 αὐτοὺς
3558 4361 3765 4428 ἰσότητι
3803 4361 3912 4421 τοῖς
3943 4359 4080 4427 πληο

2504 4452 2619 4504 σίον
2636 4451 3129 4519 ἐπιμετρούμενον.
3170 4452 3281 4502 Καὶ
3302 4448 3476 4503 ταῦτα
3510 4451 3915 4520 πυνθανομένου
3939 4452 4081 4520 υπὲρ

2500 4544 2693 4599 ἑαυτὸν
2727 4544 2871 4610 ἡμᾶς
2900 4545 3325 4613 ἀγαπήσαντος,
3388 4542 3481 4594 καὶ
3541 4543 3700 4595 τοῦτο
3750 4543 4079 4605 δεικνύντος,

811 4637 904 4709 qui
931 4636 1128 4691 fratres
1156 4636 1415 4706 diligunt,
1448 4645 1503 4692 et
1530 4637 1623 4706 qui
1658 4636 1729 4690 ita
1759 4652 1877 4691 eam
1904 4637 2069 4708 633
2098 4639 2267 4707 legem
2293 4638 2395 4691 sibi
2431 4656 2475 4713 ι)

2392 4658 2395 4689 ι
2431 4656 2475 4713 ι)
2503 4631 2580 4697 οἷς
2616 4636 2772 4695 αὖτίς
2800 4635 3038 4702 ἐνείχετο
3087 4634 3503 4702 δαπανώμενος,
3564 4634 3629 4685 ἵν’
3676 4636 3838 4703 ﬁgi;
3896 4639 3953 4686 ὲν
3990 4638 4081 4703 pg.-

812 4730 1116 4793 vindirant,
1159 4744 1281 4799 quae
1313 4730 1625 4799 proximum
1654 4746 1819 4799 supra
1878 4747 1940 4785 se
1999 4734 2178 4799 ipsum
2211 4744 2394 4782 amate

814 4831 870 4875 et
899 4822 1075 4877 colere
1104 4822 1377 4891 praecipit.
1434 4821 1603 4886 Quasi
1638 4820 1862 4891 legitimi
1897 4822 2101 4874 amoris
2134 4835 2389 4873 mensura

815 4928 1163 4983 nequaquam
1196 4914 1402 4968 absolvi
1434 4922 1489 4967 et
1529 4914 1814 4981 adimpleri
1881 4913 2075 4983 possit,
2112 4927 2235 4965 cum
2292 4911 2393 4975 illi,

819 5004 885 5056 ad
934 5005 1224 5072 aequalem,
1270 5004 1324 5056 in
1361 5020 1460 5058 nos
1522 5005 1695 5073 ipsos,
1733 5020 1973 5058 amorem
2024 5013 2078 5055 et
2132 5003 2394 5066 studium,

818 5096 982 5148 etiam
1032 5096 1086 5150 in
1139 5097 1446 5166 proximum
1504 5099 1707 5166 aliquid
1741 5098 1975 5166 amplius
2024 5097 2300 5166 adjicitur.
2331 5094 2399 5149 Et

821 5187 936 5241 haec
975 5188 1064 5241 ille
1106 5207 1133 5241 a
1167 5191 1329 5245 nobis
1355 5193 1623 5261 exposcit,
1656 5193 1748 5261 qui
1782 5209 1947 5262 supra
1995 5194 2259 5261 scipsum,
2297 5207 2399 5246 nos

822 5280 992 5332 multa
1026 5284 1375 5351 prosequitur
1404 5284 1721 5348 dilectione,
1755 5284 1981 5354 haecque
2022 5285 2127 5337 illis
2170 5283 2399 5337 manife-

823 5377 967 5434 stat;
995 5372 1196 5441 quibus
1232 5375 1319 5428 ille
1347 5390 1521 5445 usque
1550 5376 1617 5429 ad
1649 5392 1856 5441 necem,
1893 5378 2296 5446 iuunancmque
2320 5376 2401 5428 in-

896 5547 913 5585 ¹-
946 5545 1047 5600 lsa.
1084 5564 1134 5611 1.,
1153 5550 1207 5604 6.

2506 4729 2682 4795 στω-κζ,
2723 4729 2812 4777 τὶν
2843 4726 2956 4794 βίον
3000 4725 3300 4793 ὃιάγοιμεν.
3336 4724 3564 4775 Ἔπειτα
3597 4724 3712 4785 πῶς
3746 4724 3845 4776 οὐκ
3880 4725 4082 4777 ἄτοπον

2506 4820 2859 4886 περιέχεσθαι
2894 4816 2991 4885 μὲν
3023 4815 3256 4877 ἐκείνου,
3283 4818 3364 4869 ὅτι
3393 4816 3528 4884 πρὸς
3557 4817 3702 4885 ἡμᾶς
3728 4810 3838 4883 εἶχε
3874 4816 4076 4876 πίστιν,

2504 4912 2569 4962 δι’
2603 4914 2666 4979 ἢν
2689 4912 2782 4962 καὶ
2818 4910 2953 4977 πρὸς
2984 4910 3092 4962 τιᾶν
3127 4909 3301 4962 δεινὸν
3339 4908 3711 4977 παρεϐάλλετο
3742 4923 3753 4935 °
3824 4907 3969 4975 ἡμᾶς
4022 4906 4080 4957 δὲ

2511 5004 2584 5073 μὴ
2608 5004 2875 5071 τῷκοινῷ
2928 5001 3175 5072 Δεσπότῃ
3224 5000 3499 5053 πιστεύειν
3559 5000 3653 5051 καὶ
3712 4998 4080 5068 καταθαρῥεῖν

2500 5096 2591 5146 τοῦ
2634 5096 2770 5164 πρὸς
2820 5099 2917 5164 τὴν
2951 5095 3289 5165 λειπομένην
3354 5092 3495 5164 ζωὴν
3543 5095 3674 5162 ἡμῖν
3718 5092 3944 5161 δρόμου,
4002 5090 4077 5151 ὡς

2502 5191 2831 5258 κουφοτέρου
2868 5190 2964 5240 σὺν
3003 5188 3124 5257 Θεῷ
3160 5187 3445 5257 ἐσομένου,
3491 5186 3588 5238 atat
3637 5184 3789 5236 οὐδὲν
3833 5184 4006 5251 τραχὺ
4040 5181 4073 5249 ἦ

2502 5286 2809 5352 πρόσαντες
2844 5282 3059 5346 ἕξοντος
3091 5298 3107 5345 ;
3154 5281 3215 5335 ὐ
3241 5282 3401 5343 αὑτός
3442 5281 3587 5330 ἐστιν
3613 5278 3767 5347 ἡμῶν
3798 5272 4073 5344 κηδεμὼν,

2500 5374 2645 5426 ὁκαὶ
2669 5373 2788 5425 τότε
2848 5374 2915 5427 δι’
2974 5374 3183 5427 ἐκείνου
3249 5372 3581 5442 κηδόμενοςο
3629 5372 3657 5422 ὀ
3716 5367 3877 5429 αὐτὸς
3933 5366 4073 5429 ἐστι,

2025 5689 2227 5749 Variae
2260 5687 2566 5746 lectiones
2604 5695 2661 5746 ct
2709 5697 2895 5747 enim.

898 5802 975 5871 (ἶ)
1008 5805 1433 5875 Ιὶιτέῖιακαῷντος
1479 5808 1679 5875 Malim,
1718 5812 2007 5881 παρακοῷν
2048 5831 2148 5879 τις.
2186 5839 2251 5849 -—
2280 5812 2515 5881 lznulcg.
2549 5831 2587 5863 π

1817 5812 2007 5865 >ακοῷν
2048 5831 2148 5879 τις.
2186 5839 2251 5849 -—
2280 5812 2515 5881 lzttoleg.
2549 5813 3018 5881 παρεγαλεῦητος.
3063 5813 3221 5870 Ευιτ.
3264 5813 3506 5869 Parant.
