4240 6440
214 441 315 497 373

1054 432 1440 497 EPISTOL/‘E
1469 436 1675 497 LXXV
1706 434 1751 492 A
1779 434 1834 494 Ι.
1878 433 2227 494 MEURSI‘O
2257 428 2527 493 EDIT/E.

3350 413 3453 480 374

218 546 423 613 ἔχοντος
449 547 542 618 τὴν
570 548 846 614 ὑπόθεσιν,
874 550 969 601 καὶ
996 550 1087 603 ἐπὶ
1118 553 1428 623 σεμνοτέρῳ
1454 551 1780 621 λεγομένους
1813 569 1851 622 Α
1884 568 1892 602 4

1813 569 1851 622 Α
1884 548 2210 611 examinari,
2243 563 2404 616 qnam
2438 545 2565 599 illos
2619 541 2710 610 qui
2746 541 2798 593 in
2828 534 3132 594 certamina
3174 530 3454 602 Olympica

214 636 510 705 ὀγρέϐαντι.

1892 640 2339 710 proficiscuntur.
2366 637 2433 689 Et
2464 635 2670 687 utinam
2694 631 2826 683 milii
2871 626 3176 695 contingat,
3214 623 3454 677 amicum

215 739 265 780 et
302 728 623 785 familiarem
681 747 860 787 meum
915 732 1347 803 Olympionicam
1382 751 1505 789 esse
1538 737 1730 788 audire
1766 736 1779 786 !
1824 732 2123 787 Confestim
2153 729 2352 783 etenim
2386 729 2437 780 in
2467 737 2588 780 tuas
2621 723 2810 777 laudes
2875 719 3091 789 egregia
3171 714 3458 768 concinam

216 823 470 889 epinicia,
528 825 579 877 in
646 826 849 895 quibus
906 841 1007 882 nec
1070 828 1306 898 inclytos
1394 828 1747 899 Bacchylides
1796 836 1849 880 et
1886 825 2199 879 Simonidas
2252 822 2565 891 superiores
2615 818 2747 872 mihi
2778 828 2903 869 esse
2930 812 3021 865 vix
3068 820 3449 878 agnoscerem-

216 914 275 966 l-Zt
305 916 534 970 fortasse
584 919 647 973 ad
714 919 930 974 Pindari
969 920 1141 992 lyram
1189 922 1278 974 illa
1329 897 1713 975 concinnarem
1756 928 1809 973 et
1844 933 2158 989 pangerem,
2214 916 2266 969 in
2314 928 2433 984 quae
2482 910 2817 980 splendidior
2865 900 3164 959 harmoniae
3223 897 3452 953 dulcedo

218 1020 265 1058 θί
293 1015 599 1078 πενιηνιηιῑ
624 1014 893 1083 elegantia
932 1030 1161 1084 prorsus
1198 1014 1436 1085 aﬂ'ulgct,
1493 1024 1546 1068 ct
1610 1014 1773 1069 etiam
1800 1013 1851 1066 in
1895 1012 2221 1081 gravissimo
2290 1019 2431 1062 C(Bttt
2501 1003 2760 1056 audacter
2828 1009 3124 1066 assurgens
3198 992 3293 1046 illa
3358 991 3457 1045 tibi

219 1102 541 1156 dccantabo.

313 1228 317 1237 γ
834 1195 1055 1249 ΕΠΙΣΤ.
1099 1198 1173 1250 Θθ.

318 1282 407 1346 Τῷ
438 1283 787 1349 διδασκάλῳ
817 1286 1000 1353 κυρίῳ
1028 1288 1252 1355 Nimim
1272 1330 1285 1351 ,
1321 1289 1401 1353 τῷ
1432 1286 1679 1356 saepe».

287 1374 397 1425 Καὶ
442 1375 468 1425 ὁ
514 1370 608 1425 τοῦ
659 1375 991 1443 Εὐαγγελίου
1035 1377 1133 1445 τῆς
1178 1379 1436 1445 ἀληθείας
1482 1380 1789 1449 ἐξηγητὴς.

222 1465 389 1525 ἑάλως
419 1464 836 1534 διαψευδόμενος
856 1482 869 1495 ·
900 1468 931 1537 ἦ
969 1467 1149 1521 ἄλλοτι
1177 1471 1235 1522 τὸ
1270 1470 1362 1521 σὺν
1392 1472 1485 1523 καὶ
1512 1471 1570 1522 οὑ
1600 1469 1792 1539 ψεῦδος

224 1555 532 1624 θησόμεθας
561 1557 875 1625 οἰκονομίαν
905 1558 1105 1628 δηλαδὴ
1140 1562 1592 1632 καταρτισθεῖσαν
1622 1559 1795 1629 σοφώ-

223 1664 409 1713 τερον,
450 1649 543 1699 καὶ
577 1647 665 1700 διὰ
698 1648 805 1700 τῶν
840 1650 1079 1703 ἐπαίνων
1114 1652 1301 1722 ὥσπερ
1338 1654 1535 1723 χειρῶν
1570 1653 1630 1704 τὸ
1667 1669 1793 1704 παι·

223 1738 402 1801 διῶδες
440 1739 595 1807 ἡμῶν
631 1738 1011 1808 βαστάσασαν,
1048 1746 1191 1797 κατὰ
1224 1747 1329 1815 γῆς
1365 1746 1681 1815 κυλιόμενον
1710 1744 1797 1797 διὰ

225 1828 319 1896 τὴν
352 1830 486 1897 πρὸς
522 1832 587 1885 τὰ
626 1832 931 1902 πράγματα
968 1836 1395 1906 δυσαρέστησιν.
1434 1837 1527 1890 καὶ
1560 1840 1668 1899 τοῖς
1702 1836 1797 1890 τοῦ

228 1922 551 1985 ἀγαπῶντος
579 1923 844 1993 στόματος
876 1927 1210 1997 ἱλαροτέροις
1240 1928 1527 1996 φιλήμασι,
1563 1928 1654 1982 καὶ
1682 1932 1798 1991 ταῖς

229 2011 331 2063 τῶν
362 2014 654 2083 ἐγκωμίων
684 2016 1058 2086 καταψήσεσι,
1090 2020 1625 2091 κλαυθμυριζόμενον
1659 2022 1798 2074 staﬁ-

230 2121 409 2160 ουσαν.
449 2107 591 2174 Ἐγὼ
637 2110 735 2178 μὲν
779 2109 919 2163 οὕτω
957 2113 1024 2164 τὰ
1069 2114 1369 2182 πράγματα
1411 2114 1618 2168 διαιτῶ.
1665 2113 1800 2167 Οὔτε

234 2200 335 2266 γάρ
370 2216 427 2251 σε
464 2201 663 2270 ῥᾳδίως
692 2202 833 2256 οὕτω
862 2203 1153 2271 ψεύδεσθαι
1188 2204 1385 2274 θείμην
1417 2208 1506 2257 τὸν
1542 2209 1674 2274 πρὸς
1706 2209 1802 2274 τὴν

230 2292 483 2357 ἀλήθειαν
511 2296 623 2357 τοῖς
654 2295 833 2359 ἄλλοις
866 2297 1197 2367 ᾑγούμενον,
1229 2299 1289 2350 ού
1328 2299 1527 2366 μᾶλλον
1554 2300 1585 2366 ἢ
1622 2300 1800 2351 σκοτί-

234 2385 415 2445 ζεσθαι
450 2388 543 2438 τδν
578 2389 797 2459 ἑτέρους
832 2392 1152 2458 φωτίζοντα.
1206 2391 1342 2444 Οΰτε
1381 2392 1486 2443 τῶν
1520 2393 1804 2461 ἡμετέρων

235 2474 399 2539 οὕτως
431 2478 669 2545 ἀλογεῖν,
697 2479 836 2533 ὥστε
869 2481 942 2550 μὴ
974 2482 1170 2535 ειδέναι
1199 2485 1255 2536 ὲν
1281 2476 1360 2546 OT;
1388 2483 1703 2553 τετάχαται,
1732 2487 1806 2535 εί-

234 2567 353 2619 οετα
389 2574 481 2622 καὶ
520 2571 733 2639 βοηθεῖν
766 2575 1013 2638 πάντως,
1048 2574 1323 2635 λείπεται,
1359 2574 1571 2643 βοηθεῖν
1607 2576 1696 2626 καὶ
1732 2575 1804 2635 ὡς

236 2660 403 2713 [νεστι
425 2679 436 2690 ·
472 2663 533 2715 τὸ
561 2662 616 2715 δέ
649 2667 765 2717 ἐστι
795 2665 881 2717 διὰ
908 2666 1007 2729 τῆς
1032 2665 1123 2719 τοῦ
1155 2667 1312 2734 λόγου
1342 2667 1640 2735 δυνάμεως.
1662 2663 1806 2732 *Αρα

236 2753 285 2803 τί
313 2758 406 2820 τῆς
440 2756 683 2819 είκώτως
715 2759 1038 2819 ὲκνευούσας
1070 2758 1560 2828 παραψηφίζομαι,
1590 2758 1620 2828 ἢ
1652 2756 1807 2808 τοῦτό

238 2860 295 2906 γε
326 2845 488 2911 μόνον
517 2846 868 2899 ἀδυνατοῦσιν
894 2851 939 2900 οἱ
970 2850 1195 2917 πονηροὶ
1225 2848 1646 2917 παρασφαλῆναι
1678 2848 1807 2915 ἡμῖν

239 2934 294 2983 τὸ
326 2936 631 3003 κριτήριον.
675 2937 735 2989 Εἰ
763 2937 818 2990 δέ
846 2955 896 2989 τι
929 2938 1223 3006 βαθύτερον
1252 2938 1377 2991 ἄλλο
1410 2953 1489 2989 σοι
1519 2936 1809 3001 διεσκόπη-

239 3037 342 3085 ται,
381 3027 474 3077 καὶ
516 3026 603 3077 διὰ
634 3026 790 3079 τοῦτο
830 3028 995 3089 πολὺς
1032 3025 1233 3096 ὲρῤύης
1273 3029 1329 3078 ὲν
1362 3029 1473 3087 τοῖς
1512 3024 1631 3077 καθ’
1655 3023 1811 3092 ἡμῶν

243 3116 567 3184 ἐγκωμίοις,
598 3118 696 3187 τὴν
722 3118 819 3187 τῆς
849 3117 1054 3171 ἀνωθεν
1085 3118 1304 3186 ἀγάπης
1335 3116 1579 3169 ἑκούσιον
1610 3115 1809 3185 βροχὴν

2510 1179 2730 1234 EPIST.
2779 1177 2869 1231 IX.

2010 1279 2265 1349 Magistro
2297 1276 2506 1329 domino
2542 1272 2743 1325 Nicena
2774 1270 3054 1324 Serrorum
3078 1266 3343 1335 episwpo.

1966 1374 2136 1428 Etiam
2215 1380 2272 1424 tu
2312 1408 2327 1433 ,
2379 1367 2471 1437 qui
2546 1363 2821 1431 Evangelii
2890 1361 3138 1415 veritatis
3195 1359 3469 1423 interpres

1895 1466 2076 1519 fueras
2116 1504 2129 1526 ,
2210 1459 2493 1515 mendacio
2569 1455 2856 1511 convictus
2927 1467 3025 1512 cs;
3094 1457 3187 1503 aut
3268 1445 3470 1513 aliquid

1892 1556 2035 1610 aliud
2064 1555 2262 1607 drmter
2290 1549 2557 1604 mendacii
2600 1548 2802 1601 crimen
2855 1544 2951 1597 tibi
3011 1538 3402 1609 imputabimus
3449 1535 3473 1587 ?

1894 1648 2118 1702 Scilicet
2182 1653 2329 1698 tuam
2396 1655 2579 1697 rerum
2636 1638 2783 1691 illam
2852 1633 3306 1701 dispositionem,
3368 1628 3468 1680 ab-

1896 1739 2127 1793 solutam
2186 1735 2402 1804 quidem
2458 1740 2512 1786 et
2563 1726 3023 1798 sapientissimam
3061 1764 3077 1786 ,
3116 1737 3239 1791 quae
3300 1719 3474 1773 dulci-

1899 1832 2002 1885 bus
2057 1827 2333 1889 laudibus,
2406 1838 2513 1877 non
2571 1821 2727 1875 aliter
2793 1831 2953 1887 quam
3019 1812 3294 1870 manibus,
3348 1823 3476 1864 nos-

1908 1934 1990 1977 tra
2059 1920 2285 1989 puerilia
2342 1924 2586 1987 pectora,
2656 1920 2709 1966 et
2762 1910 2912 1966 liumi
2958 1909 3173 1979 quidem
3223 1904 3475 1958 devoluta

1908 2022 1961 2065 et
1993 2012 2131 2073 fusa,
2176 2007 2415 2061 nttredio
2447 2013 2510 2058 et
2536 2017 2757 2057 moroso
2800 2009 2892 2054 tua
2931 2012 3102 2067 Opera
3144 1994 3479 2064 effugiebant

1910 2104 2093 2157 animo
2155 2103 2438 2161 eduxerat,
2499 2104 2551 2151 et
2629 2090 2970 2149 suavissimis
3038 2086 3289 2142 amabilis
3352 2086 3465 2139 oris

1908 2193 2331 2265 mosculis,
2390 2199 2444 2244 et
2508 2185 2851 2241 liilarissimo
2902 2182 3283 2237 encomiorum
3347 2192 3479 2231 con-

1912 2295 2097 2349 centu,
2131 2292 2385 2355 repentes
2415 2282 2573 2335 nobis
2606 2280 2876 2349 Iacrymas
2916 2274 3143 2329 detersit
3187 2272 3480 2337 luctusque

1914 2394 2136 2446 asperos
2198 2375 2417 2443 repulit.
2453 2373 2564 2443 Ego
2618 2372 2841 2441 quidem
2890 2369 2991 2421 hac
3043 2366 3255 2419 ratione
3313 2377 3480 2432 opera

1914 2470 2133 2523 enutrio
2164 2476 2217 2521 et
2249 2466 2355 2519 alo.
2388 2464 2576 2533 Neque
2598 2463 2743 2518 enim
2776 2471 2827 2515 te
2859 2459 2935 2513 ita
2966 2456 3219 2512 ementiri
3273 2455 3486 2509 constio

1916 2560 2137 2619 tuerim,
2192 2558 2290 2625 qui
2333 2556 2398 2609 ad
2451 2556 2625 2625 ipsam
2684 2551 2970 2605 veritatem
3019 2547 3142 2600 aliis
3198 2545 3307 2599 dux
3367 2544 3485 2612 ipse

1918 2651 2108 2708 fueris.
2153 2664 2258 2702 non
2293 2648 2466 2717 magis
2508 2660 2671 2715 quam
2719 2640 2961 2698 tenebris
3002 2648 3055 2694 te
3109 2637 3332 2700 involvi,
3390 2636 3484 2703 qui

1917 2742 2041 2796 aliis
2094 2740 2256 2794 etiam
2309 2738 2425 2793 face
2478 2751 2714 2792 accensa
2784 2734 3098 2804 praeiveras.
3158 2729 3350 2797 Neque
3410 2728 3487 2780 ita

1918 2839 2103 2886 nostra
2163 2840 2216 2883 te
2274 2830 2447 2883 multo
2508 2826 2791 2895 aspernari
2853 2823 3134 2887 ludibrio,
3187 2819 3346 2889 quasi
3396 2818 3487 2871 illa

1919 2925 2119 2995 quibus
2152 2931 2282 2979 sunt
2339 2922 2637 2976 constituta
2686 2918 2904 2989 penitus
2936 2930 3045 2969 non
3104 2912 3311 2967 videas.
3344 2910 3488 2963 Tan-

1925 3017 2047 3071 dem
2080 3030 2181 3071 nec
2220 3023 2272 3071 te
2298 3014 2461 3068 talem
2494 3010 2841 3074 existimabo,
2908 3009 3001 3077 qui
3059 3008 3181 3062 aliis
3234 3002 3490 3059 auxiliari

1921 3124 2134 3178 semper
2172 3107 2411 3168 noveris,
2440 3111 2495 3158 et
2519 3104 2641 3173 ipso
2665 3109 2720 3156 tu
2779 3100 3102 3156 destituaris
3149 3096 3376 3156 auxilio,
3410 3102 3487 3157 et,

244 3204 441 3297 ἀθρύαν
468 3185 787 3275 δεξάμενος,
808 3207 1073 3276 ἐξήγησαι
1098 3185 1371 3258 τοῦτοκαὶ
1398 3206 1546 3274 ἡμῖν,
1573 3206 1599 3255 ὁ
1629 3206 1721 3255 καὶ
1748 3203 1812 3255 τά
1843 3240 1884 3297 C

1843 3240 1884 3297 ε
1922 3209 1982 3254 ut
2009 3214 2107 3269 par
2148 3206 2255 3263 est,
2305 3197 2358 3250 in
2405 3196 2492 3250 his
2528 3194 2740 3249 scilicet
2800 3207 2922 3260 quae
2971 3192 3040 3244 ab
3084 3191 3201 3259 ipsa
3240 3185 3491 3257 ,rationis

243 3296 375 3348 Θεοῦ
408 3296 551 3366 βάθη
578 3298 654 3366 τῷ
683 3298 809 3367 θείῳ
839 3298 952 3367 λαῷ
983 3298 1377 3352 ἀνακαλύπτων
1405 3296 1493 3349 διὰ
1520 3295 1613 3348 τοῦ
1645 3293 1815 3348 Πνεύ-

249 3406 431 3455 ματος.
464 3391 533 3441 Π)
547 3390 610 3459 ὴν
640 3391 789 3452 ὅπως
824 3391 890 3442 ἂν
921 3390 1032 3458 ἔχοι
1063 3390 1123 3442 τὸ
1161 3392 1394 3458 πρᾶγμα
1423 3388 1530 3440 τῶν
1558 3386 1653 3438 νῦν
1678 3389 1817 3455 ἡμε-

249 3480 353 3549 ρῶν
401 3481 624 3544 πάντως
673 3481 949 3549 ἀλλότριον
996 3481 1117 3549 ἐμοὶ
1166 3481 1437 3548 φαίνεται,
1487 3480 1576 3531 ὅτε
1624 3479 1711 3529 διὰ
1758 3476 1818 3528 τὸ

249 3572 619 3641 πληθυνθῆναι
666 3573 765 3643 τὴν
814 3571 1063 3642 ἀνομίαν,
1112 3572 1207 3641 τῆς
1262 3571 1482 3641 ἀγάπης
1527 3570 1816 3639 ψυγείσης,

248 3664 511 3733 δέκνομεν
544 3663 829 3731 ἀλλήλους,
863 3662 958 3715 καὶ
990 3661 1349 3730 κατεσθίομεν
1370 3679 1383 3691 ·
1422 3662 1512 3713 καὶ
1552 3660 1822 3727 παγχάλε-

248 3770 345 3806 πλν
366 3755 462 3823 οὐχ
490 3755 639 3816 ὅπως
667 3754 924 3823 ὲπαινέτῃ
955 3756 1289 3822 περιτυχεῖν,
1318 3752 1453 3804 ἀλλὰ
1480 3754 1573 3803 καὶ
1602 3751 1820 3821 λοιδόρῳ

255 3844 459 3912 μετρίῳ
483 3860 498 3876 ·
531 3845 625 3896 καὶ
658 3842 859 3911 ἀγαθὸς
888 3844 1056 3911 ἡμῖν,
1088 3843 1187 3913 ούχ
1213 3845 1240 3896 ὁ
1270 3843 1378 3895 τῶν
1410 3841 1821 3909 κεχαρισμένων

250 3934 542 3996 ιπιδιδοίις.
574 3934 688 3985 ἀλλ’
710 3936 738 3986 ὁ
768 3934 874 3988 τῶν
905 3936 978 4005 μὴ
1009 3934 1324 3988 κακούντων
1358 3933 1779 4001 ἐπιδαψιλευὸμε
1799 3963 1822 3972 ο

250 4042 333 4086 νος
360 4042 374 4053 ·
407 4024 596 4086 ἁπλῶς
626 4041 682 4074 τε
720 4024 1073 4093 μακαριστδς,
1108 4025 1206 4093 οὐχ
1234 4025 1262 4076 ὁ
1293 4024 1391 4094 τὴν
1423 4023 1625 4093 ἀρετὴν
1658 4024 1821 4087 θεῖος,

253 4118 361 4167 ἀλλ’
383 4118 411 4168 ὁ
441 4117 515 4186 μὴ
539 4116 637 4185 τὴν
662 4118 857 4170 κακίαν
881 4117 1262 4187 δαιμονιώδης.
1292 4117 1361 4169 Σὺ
1392 4118 1491 4185 μὲν
1515 4111 1629 4179 οὖν,
1654 4115 1825 4178 οὕτως

252 4209 448 4261 ἔντεινε
482 4210 577 4260 καὶ
613 4209 927 4269 acute-30805,
960 4209 1051 4260 καὶ
1086 4209 1311 4276 διάφερε
1341 4209 1448 4259 τῶν
1480 4208 1665 4258 κακῶν
1689 4222 1700 4235 ·
1733 4204 1821 4268 ἐξ·

254 4318 363 4351 εστι
400 4302 531 4369 γάρ.
569 4301 631 4349 Οἱ
666 4299 721 4351 δὲ
755 4300 879 4369 ἐμοὶ
918 4300 1016 4368 μὲν
1049 4298 1303 4366 ἀδελφοὶ,
1340 4298 1424 4350 σοὶ
1458 4298 1513 4350 δὲ
1555 4297 1825 4365 μαθηταὶ,

254 4390 620 4461 προσκυνοῦσι
653 4392 751 4459 τὴν
786 4392 885 4461 σὴν
916 4392 1230 4460 τιμιότητα,
1268 4394 1360 4441 καὶ
1398 4390 1514 4450 πῶς
1553 4389 1619 4440 ἂν
1653 4388 1830 4449 εἴποις

254 4482 599 4551 γνησιώτατα
630 4480 1101 4545 κατασπάξονται,
1135 4482 1228 4534 καὶ
1257 4481 1316 4534 τὸ
1350 4482 1628 4549 ἐπίταγμα
1659 4496 1830 4532 κατα-

1920 3293 2161 3363 potentia
2218 3290 2465 3346 efﬂuunt.
2498 3286 2710 3355 Quippe
2766 3300 2889 3339 cum
2938 3284 3054 3337 hac
3108 3280 3299 3334 merito
3350 3277 3491 3332 relu-

1920 3394 2124 3449 etatur,
2143 3392 2196 3438 et
2215 3382 2492 3437 declinato
2525 3378 2713 3447 effugit
2743 3374 2951 3437 studio,
2982 3386 3264 3443 perperam
3294 3379 3492 3422 cuncta

1922 3480 2180 3533 decerno.
2249 3476 2352 3528 Aut
2395 3474 2447 3526 in
2499 3474 2600 3526 hoc
2640 3470 2815 3525 solum
2872 3465 3103 3536 improbi
3152 3463 3307 3519 nobis
3357 3460 3491 3514 nihil

1923 3576 2179 3639 possunt,
2237 3566 2316 3619 vel
2379 3562 2648 3633 judicium
2735 3567 2981 3614 evertere
3035 3565 3089 3609 et
3139 3572 3169 3608 a
3240 3552 3487 3607 veritatis

1923 3676 2088 3729 scopo
2123 3657 2405 3713 erroribus
2432 3654 2776 3723 propulsare.
2811 3650 2867 3704 Si
2899 3657 3088 3702 autem
3124 3645 3331 3714 aliquid
3363 3659 3489 3712 pro-

1922 3750 2144 3806 fundius
2175 3748 2270 3801 tibi
2308 3744 2609 3805 meditaris,
2656 3750 2708 3797 et
2760 3750 2983 3811 propter
3035 3738 3139 3792 hoc
3194 3736 3397 3789 mullus
3435 3734 3491 3786 in

1924 3852 2109 3896 nostra
2140 3836 2391 3893 encomia
2428 3834 2750 3897 effunderis,
2781 3830 3116 3886 uberrimam
3141 3838 3193 3882 et
3226 3826 3449 3881 volunta
3472 3855 3487 3865 -

1926 3937 2061 3987 riam
2096 3929 2405 3985 dilectionis
2433 3926 2670 3996 pluviam
2701 3926 2771 3978 ab
2795 3924 2907 3978 alto
2925 3920 3235 3989 suscipiens
3261 3918 3487 3980 aethere,

1924 4023 2057 4078 illud
2120 4032 2173 4075 et
2202 4021 2257 4075 in
2287 4035 2387 4075 nos
2412 4018 2810 4089 aliquantulum
2839 4014 3027 4069 deriva
3055 4020 3110 4066 et
3130 4009 3367 4079 explica,
3397 4009 3492 4076 qui

1924 4116 2088 4171 etiam
2164 4113 2327 4167 altam
2395 4111 2490 4165 Dei
2560 4109 2987 4180 profunditatem
3055 4102 3241 4157 divino
3301 4100 3496 4169 populo

1928 4223 2083 4265 sacro
2115 4206 2355 4276 Spiritus
2389 4203 2515 4257 flatu
2566 4201 2910 4256 manifestas.
2955 4198 3069 4252 Nisi
3122 4195 3270 4266 quod
3302 4192 3496 4256 praeci-

1928 4314 2054 4370 pue,
2082 4297 2359 4351 uthormn
2390 4295 2601 4349 dierum
2634 4306 2804 4361 opera
2855 4296 3005 4353 sunt,
3040 4286 3263 4357 penitus
3319 4282 3495 4336 aliena

1931 4403 1981 4447 et
2044 4390 2336 4461 peregrina
2401 4386 2533 4440 milii
2592 4385 2705 4456 illa.
2734 4383 3010 4447 videntur,
3067 4378 3309 4448 quando,
3370 4373 3497 4441 quia

1935 4480 2234 4550 iniustitia,
2290 4486 2343 4533 et
2376 4477 2587 4533 scelera
2630 4476 2798 4529 nimis
2863 4482 3024 4526 aucto
3050 4474 3371 4524 accrescunt
3406 4481 3489 4518 cu-

256 4574 409 4626 νῦσαί
439 4592 518 4626 σοι
552 4573 1005 4640 ἐπαγγέλλονται,
1041 4572 1199 4641 μόνον
1231 4572 1462 4641 ἐπεύχου
1493 4573 1584 4624 καὶ
1617 4570 1825 4633 τούτοις
1859 4578 1901 4634 ι)

1813 4587 1825 4633 ;
1859 4578 1901 4634 ῐ)
1932 4572 2099 4636 mulo,
2133 4569 2365 4639 frigente
2410 4575 2463 4621 et
2504 4580 2643 4633 pene
2692 4563 2963 4617 exstincta
3024 4559 3337 4620 dilectione,
3388 4568 3487 4609 nos

256 4669 342 4719 καὶ
375 4670 507 4736 ἡμῖν
536 4665 642 4718 τῶν
669 4663 1062 4735 περισπώντων
1088 4662 1407 4733 πειρασμῶν
1435 4662 1682 4717 ἔκϐασιν.

1933 4674 2125 4717 mutuo
2188 4661 2379 4715 rabido
2439 4659 2605 4713 dente
2655 4654 3095 4712 commordemus
3148 4658 3205 4705 et
3255 4647 3501 4701 funditus

256 4760 603 4812 devor'amus.
644 4758 820 4825 Atque
848 4754 1009 4808 ctiam
1049 4755 1149 4809 hoc
1183 4755 1315 4808 mihi
1338 4754 1561 4809 omnino
1596 4752 1814 4808 difficile
1858 4761 1913 4809 et
1948 4753 2286 4807 laboriosum
2311 4750 2526 4804 vidi-tur
2559 4762 2667 4803 non
2712 4747 2766 4799 in
2831 4744 3170 4800 laudatorem
3261 4739 3498 4807 aliquem

257 4853 515 4915 incidere,
543 4851 634 4904 sed
668 4852 722 4904 in
747 4850 1071 4904 maledicum
1107 4847 1399 4902 modicum.
1433 4846 1496 4899 Et
1531 4845 1619 4901 ille
1653 4847 1811 4901 nobis
1889 4848 2093 4916 probus
2154 4845 2279 4909 erit,
2340 4858 2446 4896 non
2480 4842 2570 4910 qui
2621 4839 2879 4895 beneficia
2928 4838 2981 4890 in
3008 4850 3107 4889 nos
3185 4833 3499 4893 contulerit,

262 4946 353 5000 sed
386 4946 478 5015 qui
507 4944 714 5013 aliquid
745 4940 1061 4997 detrimenti
1107 4951 1162 4994 et
1211 4958 1365 4996 noxae
1394 4940 1544 4993 nullo
1572 4940 1736 4995 modo
1768 4940 1822 4993 in
1864 4956 1963 4993 nos
1994 4940 2294 4994 deﬂexerit.
2332 4937 2667 5004 Simpliciter
2710 4933 2929 5002 quidem
2981 4932 3173 4985 beatus
3237 4938 3321 4983 est
3390 4928 3498 4988 ille,

260 5056 366 5095 non
409 5043 501 5111 qui
540 5039 757 5092 virtutis
820 5043 905 5091 est
960 5035 1183 5090 divinus
1231 5032 1568 5103 praestantia,
1606 5032 1698 5085 sed
1760 5030 1853 5100 qui
1891 5030 2041 5084 vitiis
2098 5036 2151 5083 et
2207 5029 2413 5083 scelere
2460 5026 2596 5079 nihil
2630 5039 2817 5077 secum
2894 5021 3293 5076 da'moniacum
3363 5033 3499 5073 con-

262 5134 447 5187 traxit.
496 5130 578 5184 Tu
627 5130 797 5198 igitur
828 5128 910 5183 sic
956 5137 1007 5180 te
1057 5134 1279 5195 praesta,
1350 5134 1403 5178 et
1482 5122 1761 5178 fclicitatis
1818 5121 1898 5177 sic
1937 5121 2081 5174 viam
2110 5133 2325 5191 perage,
2354 5126 2408 5172 et
2443 5133 2473 5171 a
2504 5117 2661 5170 malis
2685 5116 2907 5185 penitus
2941 5123 3059 5168 esto
3088 5113 3356 5165 diversus.
3377 5106 3493 5171 Hoc

260 5226 458 5279 etenim
498 5223 655 5276 decet
684 5220 922 5289 quidem.
956 5218 1057 5272 Mei
1089 5229 1267 5271 autem
1314 5214 1508 5268 fratres
1540 5220 1704 5282 atque
1764 5213 1841 5267 tui
1879 5211 2132 5280 discipuli
2177 5212 2316 5265 lianc
2377 5217 2525 5262 tuam
2554 5206 2838 5261 mirificam
2885 5204 3113 5260 honoris
3173 5201 3497 5274 gravitatem

264 5320 665 5389 amplectuntur
720 5325 772 5371 et
825 5315 1034 5377 colunt,
1095 5324 1150 5367 et
1196 5311 1341 5380 quod
1392 5309 1797 5378 quodammodo
1871 5309 2105 5370 diceres,
2137 5313 2213 5368 te,
2260 5313 2320 5358 ut
2349 5306 2426 5357 tui
2453 5302 2681 5373 legitimi
2715 5298 3146 5361 deosculantur;
3230 5303 3286 5349 et
3344 5292 3499 5362 quid«

265 5413 391 5480 quid
418 5412 529 5465 illis
557 5408 902 5479 praeceperis,
926 5422 985 5460 se
1041 5404 1321 5474 perficere,
1370 5401 1529 5455 facile
1594 5400 1687 5454 tibi
1755 5398 2103 5453 annuntiant.
2136 5398 2313 5465 Atque
2340 5395 2441 5450 boc
2472 5395 2689 5449 tandem
2722 5391 2878 5446 nobis
2894 5390 3211 5457 deprecare,
3241 5393 3300 5440 ut
3323 5393 3502 5440 tenta-

268 5504 442 5557 tiones
470 5515 593 5571 qua!
619 5514 718 5553 nos
751 5498 1179 5562 circumquaque
1231 5493 1570 5555 diatrabnnt,
1609 5490 1825 5559 penitus
1864 5487 2191 5541 evellantur.

893 5587 1116 5640 ΕΠΙΣΤ.
1160 5584 1218 5639 l'.

811 5676 892 5741 Τῷ
922 5677 1283 5745 Ὀερεομάχῳ.

349 5773 490 5841 Ἐγὼ
526 5773 581 5825 δὲ
616 5770 760 5824 τοῦτ’
785 5770 962 5821 ἐκεῖνο
1003 5768 1138 5836 πρὸς
1178 5768 1267 5827 σὲ,
1301 5761 1344 5818 ὧ
1387 5765 1518 5817 καλὲ
1558 5764 1833 5831 Ἰωάννης,

277 5867 545 5934 πέπονθα,
582 5868 719 5934 amp
754 5866 799 5916 οἱ
834 5862 1038 5927 λαγωοὶ
1077 5860 1207 5930 πρὸς
1245 5861 1364 5921 τοὺς
1402 5858 1702 5928 βατρὲχως
1741 5874 1837 5925 μν-

2561 5572 2775 5629 EPIST.
2825 5570 2895 5625 Χ.

2410 5665 2606 5721 Joanni
2642 5661 3013 5731 Ophioniacho.

2020 5760 2130 5830 Ego
2171 5759 2391 5829 quidem
2450 5758 2554 5811 hoc
2589 5756 2733 5810 idem
2760 5754 2961 5808 laboris
3002 5752 3054 5805 in
3102 5757 3155 5804 te
3208 5763 3327 5803 sum
3384 5763 3503 5816 per-

1951 5868 2164 5923 pessus,
2208 5868 2239 5903 o
2275 5851 2501 5922 pulcher
2532 5848 2794 5914 Joannes,
2822 5844 2967 5917 quod
3003 5846 3215 5913 lepores
3240 5842 3294 5897 in
3324 5855 3505 5906 ranas,
