4240 6440
793 394 901 456 εις)

1706 387 2280 450 THEOPHYLACTI
2320 385 2732 447 BULGARl/E
2773 386 3131 451 ARCHIEP.

3919 369 4025 436 330

793 509 953 564 cuive
1002 506 1328 577 eOgitcmus,
1383 503 1474 557 illa
1525 516 1655 556 vero
1709 501 1965 571 quaalibet
2019 500 2353 554 remorantia
2383 501 2467 558 A:

2383 501 2429 558 Α
2460 499 2650 560 σιλέως
2677 499 2926 558 θάνατον,
2953 491 3014 549 οὗ
3041 493 3149 547 τῶν
3176 491 3272 561 τῆς
3297 487 3641 557 άγαθοσύνης
3667 483 3907 555 χαρίτων
3933 483 4033 551 μά-

793 599 1075 651 ulistacula
1129 598 1205 650 illi
1295 595 1489 648 sedulo
1547 608 1912 662 opponamus.
1988 590 2097 646 Sed
2182 591 2359 645 solum

800 689 1102 757 impensius
1129 701 1291 740 omne
1337 685 1415 739 illi
1461 685 1703 753 obiicere
1735 686 1999 747 studium,
2055 699 2120 736 ne
2186 691 2362 737 totum

796 782 971 834 «licam
1000 779 1363 833 ministerium
1389 792 1600 839 eorum,
1652 792 1771 845 qua:
1795 777 2077 831 nobiscum
2098 775 2364 828 diviniora

797 879 948 934 sunt,
979 879 1032 924 et
1063 870 1117 924 in
1155 885 1254 924 nos
1290 868 1486 922 fortius
1544 868 1917 931 dominantur,
1973 875 2026 922 et
2059 867 2203 934 quod
2236 879 2368 919 con-

797 962 1046 1012 stitutum
1098 966 1179 1013 est
1229 958 1501 1012 dominari
1565 957 1725 1028 643
1783 959 1937 1026 prius
1997 972 2189 1011 eorum
2247 972 2367 1022 «tua:

795 1052 1015 1104 ornatui
1061 1050 1220 1103 nobis
1267 1058 1420 1115 sunt,
1487 1050 1682 1102 deinde
1745 1065 1934 1103 eorum
1999 1066 2121 1119 qua:
2188 1050 2364 1117 ipsum

799 1141 1138 1211 participant
1187 1142 1418 1194 rationis
1443 1155 1626 1204 usum,
1661 1148 1715 1194 et
1765 1142 1912 1211 quod
1969 1143 2127 1197 nobis
2186 1141 2364 1195 solum

799 1232 997 1286 stabile
1027 1240 1079 1283 et
1113 1231 1327 1284 firmum
1371 1230 1657 1293 babenms,
1712 1242 1768 1286 et
1808 1237 1966 1301 quasi
2009 1249 2071 1286 ex
2112 1233 2369 1286 interitus

799 1330 1045 1389 experte,
1087 1330 1141 1374 et
1186 1321 1335 1374 nullo
1368 1321 1529 1373 modo
1587 1321 1738 1375 labili
1767 1332 1821 1376 et
1855 1323 2064 1376 caduco
2107 1332 2369 1378 constans

800 1420 853 1464 et
889 1410 1216 1464 immortale.
1271 1410 1337 1462 At
1372 1409 1548 1465 aﬂinis
1598 1413 1682 1464 tui
1738 1413 2088 1481 imperatoris
2138 1424 2367 1468 mortem

800 1500 982 1568 (cujus
1012 1501 1322 1554 sanctitatis
1374 1502 1604 1556 virtutes
1662 1517 1853 1556 omnes
1915 1513 1969 1556 et
2011 1504 2214 1570 gratias
2271 1519 2371 1572 ego

801 1593 919 1656 ipse
947 1591 1295 1658 potissimum
1331 1607 1450 1646 sum
1501 1602 1781 1660 expertus,
1814 1595 1954 1647 unde
2003 1595 2220 1663 planctu
2292 1595 2369 1650 di-

803 1695 942 1747 gnus
992 1691 1045 1734 et
1101 1693 1362 1752 perpetuo
1389 1685 1537 1737 luctu
1567 1685 1697 1738 milii
1733 1685 1823 1739 ille
1851 1685 2082 1747 videtur,
2114 1689 2158 1741 si
2211 1689 2370 1743 alicui

801 1773 962 1826 alteri
1012 1773 1200 1842 etiam)
1226 1775 1396 1839 illam,
1442 1776 1685 1844 inquam,
1740 1780 1902 1833 modo
1951 1781 2004 1832 in
2061 1782 2369 1848 expeditam

802 1864 968 1917 animi
1038 1866 1533 1934 promptitudinem
1609 1868 1873 1938 accipies.
1935 1867 2068 1924 Nam
2143 1885 2369 1940 prorsus

803 1957 1039 2009 arbitror
1069 1966 1140 2020 te,
1191 1956 1375 2023 juxta“
1403 1959 1686 2026 parmmiae
1710 1974 2043 2022 sermonem,
2105 1977 2214 2030 quo
2260 1977 2368 2014 non

802 2049 1071 2099 minorem
1101 2048 1426 2116 sapientiam
1459 2049 1652 2115 habes,
1688 2066 1849 2119 quam
1904 2066 2152 2121 regnum,
2207 2067 2370 2120 opera

801 2146 916 2200 tua,
955 2138 1006 2191 in
1049 2140 1172 2191 vita:
1199 2139 1427 2199 exitum.
1462 2147 1513 2191 ct
1543 2141 1711 2208 ipsam
1745 2142 1820 2194 tui
1848 2142 2094 2209 corporis
2124 2151 2370 2195 naturam

804 2227 1100 2294 disponere
1164 2238 1324 2296 atque
1377 2243 1589 2292 parare.
1666 2228 1731 2281 Et
1785 2231 2106 2298 simpliciter
2152 2231 2371 2300 quidem

807 2334 970 2371 omne
1007 2319 1327 2372 inconstans
1355 2320 1647 2388 judicium,
1689 2323 1830 2390 quod
1883 2322 2058 2376 solum
2096 2322 2373 2375 immobile

803 2421 856 2462 et
889 2408 1106 2470 stabile,
1137 2411 1276 2478 quod
1313 2412 1366 2463 in
1413 2411 1636 2465 assiduo
1662 2421 1744 2465 est
1785 2423 1932 2465 motu
1966 2425 2018 2467 et
2075 2414 2226 2482 lapsu
2263 2413 2377 2465 vol-

803 2501 907 2566 vit,
962 2501 1126 2554 veluti
1192 2501 1456 2570 quosdam
1523 2505 1767 2566 indices,
1829 2513 1885 2557 et
1941 2505 2099 2573 signa
2177 2503 2375 2573 praevia

808 2592 979 2646 futuri
1035 2601 1084 2647 te
1140 2608 1264 2648 esse
1311 2595 1647 2652 existimare.
1701 2597 1932 2653 Maxime
1987 2608 2169 2652 autem
2233 2615 2378 2654 nunc

809 2683 969 2750 quasi
1005 2697 1127 2752 quae
1191 2684 1438 2752 proxime
1497 2701 1860 2753 praecurrant,
1913 2699 1965 2741 et
2020 2697 2078 2742 ut
2122 2691 2379 2758 proprius

807 2775 1003 2842 loquar
1064 2774 1229 2828 veluti
1291 2770 1425 2842 jam.
1468 2775 1640 2831 facem
1716 2780 2092 2848 praeferentem
2164 2780 2376 2856 videas,

809 2864 1002 2932 iTlique
1034 2879 1247 2933 pareas,
1283 2876 1548 2934 quantum
1604 2869 1688 2922 vel
1751 2871 1867 2938 ipse
1900 2878 1953 2922 te
1986 2871 2059 2923 nil
2103 2872 2210 2924 tale
2257 2880 2379 2939 spe-

815 2964 1029 3009 rantem
1063 2956 1257 3033 adesse
1282 2955 1752 3024 animadverterit,
1807 2970 1860 3014 et
1912 2961 1983 3014 ob
2021 2962 2122 3017 lioc
2159 2960 2377 3030 quidem

814 3046 993 3114 magis
1024 3057 1272 3114 paratum
1298 3055 1353 3102 et
1393 3048 1729 3116 expeditum,
1777 3051 1850 3105 ita
1895 3059 1952 3104 ut
1989 3067 2089 3105 nec
2139 3052 2236 3105 tibi
2276 3051 2379 3121 ipsi

813 3138 1016 3191 terrori
1050 3152 1148 3190 nec
1201 3138 1602 3206 perturbationi
1637 3154 1760 3195 esse
1787 3140 2043 3209 potuerit.
2097 3141 2172 3194 Ita
2201 3150 2257 3196 et
2279 3156 2381 3210 ego

2465 590 2619 642 λιστα
2661 590 2877 643 πάντων
2913 588 3074 648 αὐτὸς
3114 583 3477 651 πεπείραμαι.
3502 578 3666 631 ’ὐθεν
3699 577 3792 628 καὶ
3832 577 4035 642 πενθη-

2463 686 2583 746 τέος
2629 685 2752 752 ἐμοὶ
2794 685 3018 744 ἐκεῖνος,
3061 680 3218 746 εἴπερ
3259 677 3402 743 ἄλλῳ
3437 675 3542 727 τινί
3565 692 3579 705 ·
3619 672 3714 725 καὶ
3747 670 3934 724 τοῦτόν
3973 686 4035 737 γε

2466 774 2593 846 δέξῃ
2640 773 3082 842 ἑτοιμαστήριον.
3128 769 3237 821 Καὶ
3282 767 3509 818 πάντοτε
3555 765 3652 832 μὲν
3692 763 3800 829 γάρ
3843 779 3902 813 σε
3946 779 4035 812 πι-

2468 870 2661 929 στεύω,
2695 863 2836 920 κατὰ
2863 865 2954 917 τὸν
2981 861 3075 914 τοῦ
3109 856 3512 928 Παροιμιαστοῦ
3542 857 3720 923 λόγον.
3748 848 3790 921 ᾧ
3816 855 3918 923 τὴν
3948 869 4037 905 σο-

2468 959 2597 1025 φέαν
2625 959 2722 1026 οὔχ
2752 951 2934 1028 ἦττον,
2968 954 3000 1024 ἢ
3031 953 3131 1021 τὴν
3163 951 3442 1021 βασιλείαν
3473 948 3617 1018 ἔχεις
3645 949 3860 1008 ταύτδν,
3898 947 4036 998 ἐτοι-

2473 1046 2665 1114 μάζειν
2690 1048 2755 1099 τὰ
2785 1046 2919 1116 ἔργα
2938 1060 3031 1095 σου
3060 1044 3141 1104 εἰς
3165 1040 3262 1109 τὴν
3292 1039 3490 1106 ἔξοδον.
3511 1038 3604 1090 καὶ
3631 1036 3799 1106 αὐτὴν
3825 1035 3923 1104 τὴν
3948 1034 4041 1087 τοῦ

2472 1137 2722 1205 σώματος
2753 1139 2950 1205 φύσιν,
2985 1134 3079 1188 καὶ
3112 1131 3298 1193 άπλῶς
3321 1170 3334 1193 ,
3371 1131 3549 1183 πᾶσαν
3578 1129 3676 1198 τὴν
3705 1126 4044 1180 άστατοῦσαν

2471 1230 2672 1298 κρίσιν,
2715 1231 2808 1283 καὶ
2853 1228 3013 1298 μόνον
3051 1216 3306 1292 ἀκίνητον
3345 1222 3407 1275 τὸ
3445 1222 3754 1291 ἀεικίνητον
3793 1221 4042 1289 ἔχουσαν,

2471 1315 2581 1374 οἷόν
2609 1337 2762 1382 τινας
2791 1318 3132 1388 προδρόμους
3161 1315 3254 1369 τοῦ
3286 1314 3504 1376 πάντως
3535 1312 3893 1382 ὲλευσομένου
3925 1329 4044 1364 ποι-

2472 1412 2718 1481 ούμενον.
2747 1411 2997 1464 Μάλιστα
3031 1409 3088 1461 δὲ
3120 1408 3214 1460 νῦν
3244 1409 3432 1477 ὥσπερ
3464 1405 3795 1474 ὲγγυτέρους
3827 1404 4046 1472 προδρόο

2477 1522 2637 1574 μους,
2675 1505 2769 1558 καὶ
2812 1503 2875 1555 ἵν’
2900 1501 3232 1571 οἰκειότερον
3266 1501 3434 1560 εἴπω,
3471 1497 3893 1565 λαμπαδηφόρει
3937 1513 4048 1547 πει-

2475 1596 2566 1649 θού
2577 1613 2754 1664 μενον,
2779 1596 2902 1648 ὅσον
2925 1595 3024 1647 οὐκ
3050 1594 3154 1646 ἔδει
3181 1597 3438 1660 παρεῖναι
3463 1593 3553 1646 τὸν
3575 1588 4049 1661 προσδοκώμενον,

2475 1690 2568 1742 καὶ
2606 1688 2693 1740 διὰ
2735 1686 2891 1740 τοῦτο
2939 1687 3138 1756 μᾶλλον
3182 1685 3624 1754 ἑτοιμαζόμενον.
3663 1682 3805 1736 ὥστε
3851 1682 4050 1735 σαυτοῦ

2478 1777 2940 1848 περιποιήσασθαι
2971 1776 3030 1826 τὸ
3064 1776 3358 1845 ἀτάραχον.
3407 1773 3592 1836 Οὕτως
3628 1771 3737 1840 ἐγὼ
3771 1771 3923 1840 παρὰ
3951 1773 4051 1840 τῆς

2405 1847 2445 1900 Β
2480 1870 2757 1940 βασιλείας
2793 1886 2888 1920 σου
2917 1867 3276 1936 λογισάμενος
3299 1908 3310 1925 ,
3343 1861 3430 1919 οἶα
3464 1866 3528 1934 δὴ
3563 1865 3701 1932 αὕτη
3734 1864 4014 1932 ἀμήχανος
4039 1903 4052 1921 ,

2480 1962 2656 2015 πάντα
2683 1960 2981 2014 διατιθεῑσα
3007 1957 3103 2010 καὶ
3129 1957 3195 2009 τὰ
3223 1957 3396 2026 πικρᾶ
3425 1956 3559 2026 πρὸς
3585 1956 3645 2008 τὸ
3670 1954 3840 2024 ἥδιον,
3869 1954 3960 2005 καὶ
3988 1951 4052 2004 τὰ

2477 2053 2763 2122 ἀσχήμονα
2794 2052 2928 2122 πρὸς
2954 2050 3014 2102 τὸ
3044 2049 3284 2102 κάλλιον.
3319 2049 3413 2101 Ἐκ
3438 2047 3532 2099 τοῦ
3560 2048 3666 2098 τῶν
3694 2048 3790 2114 τῆς
3820 2045 4053 2112 ὀθυμῐας

2479 2145 2691 2199 πολλῶν
2720 2142 2925 2197 ὑδάτων
2948 2140 3332 2208 κατακλυσμοῦ
3361 2139 3482 2193 οὐδὲ
3508 2139 3676 2207 πηλὸν
3700 2140 3834 2200 ὅλως
3864 2141 4054 2188 ἐναπνιο

2481 2232 2829 2301 λελειμμένον
2862 2232 2971 2301 ὁρῶ
3006 2235 3068 2301 τῇ
3104 2231 3301 2301 καρδίᾳ
3337 2247 3460 2299 μου.
3496 2229 3678 2281 Πάντα
3710 2229 3817 2295 γάρ
3846 2228 3874 2278 ὁ
3905 2227 4054 2294 ἥλιος

2479 2323 2832 2394 ἁποξηράνας
2881 2323 3156 2392 ἐννοηθείς
3209 2339 3299 2388 μοι
3356 2323 3517 2390 μόνον
3568 2322 3713 2381 ὅπως
3761 2319 4055 2388 διατεθήσῃ

2483 2414 2620 2482 πρὸς
2648 2412 2714 2465 τὰ
2754 2412 3053 2479 συμϐάντα.
3086 2411 3150 2464 Τί
3185 2410 3240 2464 δὲ
3277 2411 3336 2463 οὐ
3377 2410 3589 2480 μέλλεις
3625 2410 3720 2462 καὶ
3755 2411 3862 2460 πᾶν
3897 2407 4056 2475 ἀηδὲς

2482 2505 2651 2570 ἡδέως
2685 2505 2773 2559 διὰ
2800 2505 2862 2557 τὸ
2897 2503 3276 2573 μεγαλόψυχον
3303 2501 3584 2573 δέχεσθαι;
3617 2505 3674 2566 ὃς
3712 2518 3774 2569 γε
3814 2499 4057 2562 καὶτοὺς

2483 2597 2648 2663 ἐμοὺς
2675 2595 2866 2662 λόγους
2890 2595 3034 2657 τίνος
3061 2595 3161 2647 οὑκ
3190 2593 3349 2655 ὄντας
3377 2591 3736 2662 ἀηδεστέρους
3767 2589 3949 2658 ἡδίους
3979 2585 4058 2640 εἷο

2483 2705 2570 2740 ναι
2615 2687 2836 2740 πάντων
2879 2687 3163 2755 ψηφέζεις.
3211 2684 3322 2737 Καὶ
3361 2683 3642 2754 ὁμολογεῖς
3683 2685 3712 2735 ό
3754 2680 3909 2743 ἀετὸς
3947 2681 4058 2740 τοῖς

2485 2781 2766 2849 κρωγμοῖς
2816 2778 2915 2846 τῆς
2964 2779 3212 2847 κορώνης
3259 2774 3570 2844 θέλγεσθαι,
3617 2775 3711 2827 καὶ
3757 2774 3880 2835 τοὺς
3930 2773 4059 2838 παρ’

2485 2872 2619 2940 ἡμῖν
2648 2868 2834 2939 ἰχθύας
2865 2868 3144 2931 πιστεύεις
3172 2867 3365 2937 ἐπίσης
3389 2869 3500 2928 τοῖς
3530 2869 3682 2936 ἐμοῖς
3710 2865 3886 2930 λόγοις
3916 2864 4060 2931 ἡδεῖς

2486 2977 2578 3013 ποι
2613 2959 3019 3028 γεγενημένους
3057 2959 3340 3028 ἁνεγερεῖν
3375 2957 3508 3027 πρὸς
3547 2959 3654 3009 πᾶν
3691 2954 3818 3008 ἄλλο
3855 2970 4050 3022 νεκρωο

2486 3051 2668 3105 θεῖσαν
2695 3050 2795 3120 τὴν
2821 3049 3020 3121 ὄρεξιν.
3050 3050 3122 3102 Σὺ
3156 3049 3253 3118 μὲν
3279 3044 3372 3101 οὖν
3400 3048 3566 3113 ἀξίως
3595 3047 3804 3116 φθέγγῃ
3836 3047 3934 3116 τῆς
3966 3045 4060 3112 σῆς

2487 3143 2877 3214 χρηστότητος,
2913 3142 3108 3193 σαυτὸν
3140 3140 3338 3209 μᾶλλον
3371 3139 3543 3207 ὑψῶν,
3574 3136 3654 3201 οἷς
3690 3137 4062 3205 συγκαταϐαίο

813 3226 1102 3294 imperium
1136 3202 1288 3282 tuum
1338 3229 1550 3283 ratione
1601 3239 1751 3284 certa
1777 3232 2038 3300 expendi,
2095 3241 2148 3286 et
2214 3247 2376 3300 quam
2409 3202 2487 3264 C'

2409 3202 2453 3260 Ο
2621 3202 2796 3303 αἴρεις
2953 3230 3092 3300 ἐμὴν
3119 3202 3528 3298 χθαμαλότητα.
3566 3202 3839 3296 Ἡμεῖςνδὲ
3877 3227 4060 3279 σύνισ-

814 3319 1033 3387 sitejus
1068 3319 1404 3389 magnitudo,
1452 3322 1570 3375 sine
1632 3323 1742 3375 ullo
1795 3321 1920 3378 fuco
1982 3333 2034 3377 et
2095 3332 2211 3376 arte
2250 3325 2386 3378 sim-

813 3411 958 3479 plex,
1024 3425 1148 3478 quae
1197 3413 1401 3473 omnia,
1463 3428 1584 3481 qua:
1636 3428 1824 3468 amara
1881 3424 2007 3468 sunt
2062 3423 2116 3469 et
2164 3417 2382 3480 acerba,

816 3503 1006 3554 suavia
1037 3504 1137 3556 sibi
1166 3504 1501 3571 etjucuntla,
1537 3513 1590 3558 et
1637 3521 1758 3574 quae
1804 3507 2069 3560 deformia
2131 3510 2386 3575 pulcher-

818 3595 1108 3647 I-ima‘csse
1134 3595 1442 3648 constituit.
1494 3593 1570 3647 Ex
1619 3597 1924 3655 illa;antem
1978 3597 2184 3667 ingenti
2223 3598 2387 3652 inun-

817 3683 1064 3748 datione,
1092 3701 1210 3752 quae
1235 3687 1424 3740 multis
1447 3695 1498 3738 et
1522 3687 1728 3756 rapidis
1752 3689 2043 3744 anxietatis
2066 3698 2120 3742 et
2149 3691 2386 3744 tristitiae

823 3777 982 3844 aquis
1017 3779 1276 3838 accrevit,
1343 3792 1410 3832 ne
1451 3779 1624 3832 lutum
1678 3779 1896 3864 quidem
1937 3781 1990 3834 in
2049 3781 2228 3835 anima
2267 3798 2385 3837 mea

815 3867 1072 3921 relictum
1102 3868 1280 3922 video.
1310 3866 1444 3920 Nam
1500 3869 1664 3922 veluti
1707 3871 1786 3923 sol
1825 3871 2006 3923 omnia
2061 3871 2384 3936 essiccasti,

815 3965 871 4010 et
907 3959 1010 4012 lioc
1050 3961 1227 4013 solum
1261 3960 1590 4029 excogitasti
1626 3962 1678 4014 in
1707 3978 1793 4016 me
1824 3964 2100 4030 quomodo
2131 3965 2389 4019 videlicet

819 4049 885 4102 ad
922 4065 1113 4104 omnes
1180 4065 1365 4112 casus,
1415 4050 1725 4121 dubiosque
1773 4068 1954 4107 rerum
2018 4064 2245 4109 eventus
2303 4071 2388 4110 me

817 4140 1202 4194 constitueres.
1242 4140 1384 4206 Quid
1408 4143 1586 4205 enim,
1613 4157 1796 4197 nonne
1822 4157 1983 4198 omne
2028 4143 2385 4212 iniucundum

818 4238 875 4282 et
902 4231 1100 4284 durum
1139 4233 1259 4286 lano
1295 4233 1501 4298 animo,
1528 4242 1585 4286 ut
1620 4242 1701 4286 est
1738 4234 1816 4286 tui
1875 4236 2114 4304 pectoris
2173 4236 2387 4306 magni-

820 4324 976 4385 tudo,
1005 4340 1064 4376 es
1083 4325 1492 4393 suscepturus?
1523 4325 1624 4391 Qui
1674 4327 1838 4380 etiam
1898 4342 2178 4383 sermones
2212 4344 2386 4390 meos,

819 4413 922 4466 etsi
959 4416 1093 4466 nilnil
1130 4415 1393 4469 liabentcs
1441 4418 1775 4480 molestium,
1831 4428 1884 4472 et
1950 4435 2078 4473 acre
2144 4421 2384 4474 omnium

821 4506 1180 4561 saevissimos
1251 4522 1374 4561 esse
1435 4524 1618 4577 voyes.
1673 4510 1851 4577 Atque
1906 4511 2095 4563 fateris
2155 4518 2234 4575 te,
2287 4511 2382 4580 qui

2494 3342 2592 3394 μεν
2627 3327 2756 3394 ἡμῖν
2791 3324 2972 3385 αὐτοῖς
3009 3320 3133 3373 οὔτε
3169 3319 3349 3385 λόγοις
3385 3318 3506 3371 οὔτε
3545 3318 3726 3389 ἔργοις
3759 3318 3910 3371 οὐδὲν
3943 3318 4062 3370 θελ-

2490 3420 2716 3487 κτήριον
2740 3415 2942 3484 ἔχουσι.
2967 3414 3114 3481 Πλὴν
3139 3410 3254 3464 ἀλλ’
3275 3409 3580 3479 ἐστάλησαν
3608 3409 3788 3478 ἰχθύες
3810 3426 3822 3439 ·
3864 3411 3914 3460 οἱ
3945 3410 4062 3476 μὲν,

2489 3508 2648 3577 ἄρτοι
2678 3505 3012 3575 ταριχευταὶ,
3044 3505 3094 3555 οἱ
3123 3503 3200 3565 δὲ,
3232 3503 3489 3569 άρτιδίοις
3522 3501 3925 3572 ὲνωπτημὲνοι.
3959 3502 4064 3552 Καὶ

2487 3597 2739 3669 ήδυνθεὲη
2791 3596 2890 3665 μέν
2936 3613 3018 3648 σοι
3062 3596 3096 3664 ὴ
3139 3593 3358 3663 διαλογὴ
3408 3611 3531 3659 μου,
3573 3593 3641 3663 ἢν
3679 3593 3936 3659 ποιοῦμαι
3980 3592 4064 3645 διὰ

2463 3687 2641 3740 ’τοῦδε
2683 3688 2776 3740 τοῦ
2823 3686 3155 3755 γράμματος
3191 3701 3206 3716 θ
3247 3684 3605 3754 ἠδυνθείηστν
3645 3683 3700 3736 δὲ
3753 3683 3954 3750 μᾶλλον
3997 3685 4063 3750 τῇ

2491 3780 2668 3849 ὀρέξει
2705 3796 2800 3830 σου
2831 3779 2878 3830 οἱ
2919 3778 3130 3847 ἰχθύες,
3166 3776 3241 3840 ὡς
3279 3777 3372 3830 καὶ
3413 3775 3683 3844 ἀποστολὴ
3719 3777 3814 3827 καὶ
3845 3775 4065 3842 εὐλογία

2488 3871 2589 3939 τῆς
2638 3870 2730 3922 τὸν
2783 3868 3053 3938 ζωοδότην
3104 3870 3236 3938 ἡμῖν
3289 3866 3663 3934 άποτεκούσης
3719 3868 3776 3917 ἐν
3827 3865 4062 3933 σώματι.

2503 3962 2911 4026 Ἀνσζωώσαιεν
2959 3960 3206 4028 ταύτην,
3257 3959 3352 4011 καὶ
3401 3958 3676 4026 ἑνίσχυσις
3723 3957 3799 4026 τῷ
3851 3956 4065 4024 σώματι

2490 4057 2752 4122 γένοιντο,
2793 4052 2928 4121 πρὸς
2967 4051 3067 4119 τὴν
3107 4051 3213 4103 τῶν
3255 4051 3399 4102 κατὰ
3441 4050 3601 4117 φύσιν
3641 4048 3936 4116 ἐνεργειῶν
3977 4048 4066 4099 εὓ-

2494 4146 2746 4199 στάθειαν
2778 4143 3172 4208 ἐπαγαγόντες.
3211 4141 3368 4194 Ἐπεὶ
3408 4141 3501 4191 καὶ
3537 4139 3565 4190 ό
3598 4138 3828 4207 ἀριθμὸς
3861 4139 4067 4191 τούτων

2492 4237 2590 4305 τῆς
2613 4239 2753 4288 κατὰ
2778 4233 2938 4304 φύσιν
2962 4233 3300 4303 τελειότητος
3328 4230 3616 4300 σεόμὸολον.
3645 4231 3817 4300 Εἴπερ
3841 4230 4064 4292 δεκάδος

2495 4329 2594 4398 μὲν
2624 4327 2682 4380 τὸ
2713 4326 2917 4379 τέλειον
2943 4341 2955 4353 ·
2992 4326 3024 4394 ἡ
3058 4324 3112 4376 δὲ
3150 4323 3311 4390 φύσις
3347 4322 3642 4391 πενταδικὴ
3675 4322 3763 4374 διὰ
3795 4322 3894 4391 τὴν
3931 4320 4064 4388 ὓλην

2492 4421 2549 4472 ὲν
2579 4421 2641 4488 τῇ
2676 4418 2888 4486 τετράδι
2919 4417 3028 4468 τῶν
3065 4416 3343 4483 στοιχεῐων
3372 4413 3752 4484 θεωρουμένη,
3788 4414 3882 4465 καὶ
3915 4413 3974 4464 τὸ
4015 4407 4064 4463 εἶ

2493 4509 2552 4572 ἐξ
2581 4504 2655 4561 ὧν
2686 4509 2860 4560 πάντα
2892 4507 2960 4558 τὰ
2992 4505 3112 4560 καθ’
3139 4507 3287 4574 ἡμᾶς
3320 4506 3545 4572 ςςυσικά.

820 4603 1039 4665 Negatis
1065 4602 1243 4670 aquila
1281 4618 1362 4665 es,
1407 4613 1460 4656 et
1493 4603 1770 4669 sublimis,
1804 4619 2002 4674 aspero
2052 4606 2387 4660 coruieantis
2430 4605 2592 4658 rostri
2650 4605 2876 4672 strepitu
2965 4599 3286 4661 dcniulceri,
3345 4608 3400 4653 et
3451 4611 3667 4655 nostros
3750 4599 4063 4668 pisciculos,

821 4691 1023 4751 credis,
1062 4707 1183 4744 cum
1211 4694 1345 4746 meis
1377 4695 1722 4748 sermonibus
1745 4711 1898 4765 mque
1921 4697 2110 4753 dulces
2143 4697 2388 4761 effectos,
2466 4697 2744 4764 appetitus
2813 4709 3031 4755 sensus,
3078 4694 3169 4761 qui
3204 4693 3268 4745 ad
3307 4707 3469 4746 omne
3518 4694 3662 4745 aliud
3715 4693 3939 4745 omnino
3970 4693 4068 4745 de-

821 4783 1023 4835 mortui
1054 4791 1204 4847 sunt,
1250 4800 1409 4853 posse
1437 4787 1702 4840 excitare.
1736 4785 1822 4840 Tu
1850 4796 2031 4842 autem
2074 4803 2195 4855 qua:
2221 4789 2385 4857 iligna
2419 4797 2546 4841 sunt
2574 4795 2664 4840 tua
2711 4788 3024 4851 sanctitate,
3057 4794 3110 4838 et
3179 4785 3442 4854 loqueris,
3499 4796 3555 4838 et
3616 4787 3918 4855 excogitas.
3990 4785 4066 4838 Te

824 4876 998 4939 ipsum
1026 4875 1259 4928 maxime
1310 4876 1549 4937 extollis,
1609 4884 1663 4930 et
1713 4879 1915 4946 quibus
1971 4879 2372 4948 aliquantulum
2417 4886 2469 4930 te
2498 4877 2763 4939 demittis,
2792 4893 2964 4931 meam
3003 4876 3366 4930 lmmilitatem
3416 4876 3633 4945 penitus
3698 4879 3749 4931 in
3828 4879 4065 4933 sublime

824 4965 1001 5021 rffers.
1034 4965 1144 5020 Nos
1171 4982 1319 5028 vero,
1358 4982 1532 5035 neque
1578 4971 1948 5034 sermonibus,
1993 4987 2170 5039 neque
2199 4971 2458 5039 operibus
2517 4969 2653 5024 nihil
2722 4969 3060 5024 delinimenti
3131 4977 3185 5022 et
3250 4968 3633 5022 blanditiarum
3717 4969 4065 5032 habentibus,

824 5056 982 5108 nobis
1026 5057 1125 5125 ipsi
1185 5060 1390 5112 conscii
1444 5076 1658 5123 smnus,
1693 5062 1798 5116 nisi
1859 5062 1971 5130 jam
2023 5062 2170 5116 aliud
2218 5061 2374 5116 nobis
2409 5057 2656 5131 pisciculi
2690 5061 3098 5115 instillaverint.
3191 5061 3434 5125 Quorum
3500 5061 3552 5112 lii
3601 5060 3817 5127 quidem
3898 5075 4068 5127 panes

824 5149 1024 5202 conditi
1052 5157 1202 5213 sunt,
1233 5150 1284 5203 lii
1317 5165 1445 5203 vero
1473 5152 1706 5221 panibus
1753 5154 1976 5209 incocti.
2012 5152 2076 5206 Et
2110 5153 2249 5210 forte
2269 5154 2368 5207 tibi
2444 5153 2560 5207 haec
2605 5152 3110 5216 dissertatiuncula,
3174 5160 3229 5206 et
3283 5152 3641 5217 colloquium,
3731 5154 3878 5218 quod
3964 5154 4064 5208 hac

824 5241 1052 5309 epistola
1088 5251 1248 5295 necto
1308 5242 1613 5309 jucundum
1661 5243 1786 5298 erit.
1864 5242 1959 5298 Vel
2023 5247 2299 5315 praecipue
2365 5253 2461 5299 tuo
2501 5243 2763 5313 appetitui
2796 5251 2849 5297 et
2878 5242 3084 5307 sensui,
3119 5243 3371 5311 pisciculi
3400 5244 3554 5296 valde
3587 5243 3799 5296 fuerunt
3843 5259 4062 5304 suaves,

825 5332 980 5398 quasi
1015 5348 1214 5385 munus
1253 5342 1304 5386 ct
1341 5347 1561 5388 sacrum
1606 5334 1930 5388 beneficium
1979 5333 2243 5406 Virginis,
2275 5352 2398 5406 qua:
2427 5338 2551 5390 vita:
2587 5335 2838 5389 Datorem
2880 5335 3042 5389 nobis
3078 5336 3133 5388 in
3191 5349 3422 5403 corpore
3483 5336 3714 5404 peperit.
3772 5335 3884 5390 lloc
3945 5341 4067 5405 qui-

827 5427 947 5478 dein
976 5427 1306 5481 reviviscere
1357 5426 1560 5480 facient
1588 5436 1643 5481 et
1677 5429 1922 5496 corporis
1955 5429 2124 5492 vires,
2186 5438 2242 5484 et
2303 5431 2473 5484 robur
2497 5437 2682 5494 erunt,
2709 5428 2838 5481 illud
2873 5428 2926 5481 in
2948 5435 3291 5482 constantem
3325 5426 3559 5481 efficacis
3601 5443 3782 5496 Opera:
3809 5440 4063 5483 naturam

827 5518 1184 5575 adducentes.
1209 5522 1474 5586 Quoniam
1500 5531 1546 5576 et
1584 5523 1776 5574 borum
1804 5537 2089 5586 numerus,
2115 5522 2407 5589 cujusdam
2435 5530 2645 5576 natura;
2676 5520 3019 5590 perfectioris
3042 5522 3352 5590 symbolum
3382 5528 3485 5573 est.
3558 5519 3836 5589 Siquidem
3892 5523 4030 5576 dena

827 5611 944 5665 iius
972 5627 1183 5666 summa
1218 5623 1301 5667 est
1343 5613 1623 5682 perfectio.
1652 5613 1712 5667 Et
1741 5615 1860 5684 ipsa
1901 5616 2115 5682 quidem
2165 5627 2384 5678 natura,
2427 5615 2499 5670 ob
2529 5615 2802 5683 objectam
2835 5612 3142 5674 materiam,
3176 5626 3339 5680 quam
3397 5611 3450 5664 in
3526 5620 3766 5680 quatuor
3816 5613 4063 5668 elemen-

830 5701 1371 5756 torummcditamur
1405 5705 1751 5773 compagine,
1803 5704 2037 5773 pentade
2069 5714 2306 5768 constat,
2331 5715 2383 5760 et
2413 5706 2666 5774 quinaria
2730 5720 2854 5760 esse
2947 5706 3137 5768 fertur,
3195 5714 3246 5758 et
3309 5719 3492 5768 omne,
3551 5703 3601 5756 id
3654 5715 3740 5759 est
3812 5720 3875 5759 ex
3920 5722 4052 5774 quo,

829 5799 1048 5855 cuncta,
1119 5809 1239 5862 quae
1307 5796 1360 5847 in
1429 5796 1587 5850 nobis
1647 5796 1911 5850 naturalia
1961 5804 2110 5860 sunt,
2172 5805 2600 5866 componuntur.
