4240 6440
235 362 331 420 401

1106 351 1487 411 ΕΡΙΞΤΟΙᾸΞ
1533 352 1727 409 LXXV
1770 355 1809 409 Λ
1852 353 1907 411 J.
1954 355 2294 413 MEURSIO
2334 356 2600 414 ΕυΙΤΕ.

3391 354 3492 417 4C2

233 475 438 540 ἀγαθὸν
488 473 747 539 ἔχουσαν·
784 471 915 523 ἀλλὰ
957 470 1049 522 καὶ
1102 470 1161 520 es
1194 468 1503 537 ἀραχνῶδες
1542 468 1688 517 τουτί
1724 484 1810 534 μοι
1844 481 1886 532 Α

1844 481 1886 532 Α
1918 469 2034 521 dem
2072 469 2248 524 ftedus
2277 486 2397 523 cum
2425 470 2593 525 fratre
2629 472 2913 540 percutiet,
2948 473 3044 527 etsi
3102 473 3214 540 ipse
3250 473 3489 537 cujusvis

236 570 413 636 σῶμα,
467 569 619 634 ὅπερ,
673 566 747 626 ὡς
798 561 962 627 οἶδας,
1007 565 1099 615 καὶ
1130 565 1263 630 πρὸς
1288 562 1464 613 πάντα
1500 563 1595 628 μὲν
1628 560 1808 620 πόνον,

240 660 469 727 μάλιστα
512 658 566 708 δὲ
594 656 686 709 καὶ
751 657 841 706 τὸν
888 657 943 703 ἐν
975 658 1095 717 ταῖς
1127 654 1287 715 ὁδοῖς,
1334 652 1560 713 ἀσθενές
1616 667 1673 700 τε
1719 655 1813 702 καὶ

636 754 695 804 Et
741 754 797 805 δὲ
848 752 911 802 σύ
962 769 1023 818 γε
1068 753 1252 812 δύσαι;
1290 750 1481 818 ἀλκὴν,
1530 747 1625 798 καὶ
1673 746 1813 815 ὑπὲρ

1634 840 1812 892 πάντα

233 756 566 806 εὐδιάλυτον.

234 846 391 915 ἡμῶν
438 848 532 914 τὴν
594 847 701 897 τῶν
750 846 924 915 εὐχῶν
969 844 1247 913 περιζώτῃ
1301 842 1559 910 δύναμιν.

237 934 350 1001 ῥᾴω
383 936 514 1001 ἡμῖν
561 934 872 1000 γενήσεται,
938 934 997 984 es
1052 933 1262 1001 θέλημα
1308 933 1415 982 τῶν
1465 931 1810 998 φοϐουμένων

233 1022 394 1072 αὕτ’,ν
431 1024 707 1084 ποιοῦντος
756 1022 912 1083 Θεοῦ,
961 1022 1329 1083 ὁδοποιοῦντος
1385 1024 1517 1090 ἡμῖν
1568 1022 1651 1073 διὰ
1706 1021 1813 1070 τῶν

239 1109 346 1159 σῶν
378 1112 687 1176 άγγελικῶν
719 1114 917 1181 εὐχῶν,
952 1114 1044 1164 καὶ
1090 1113 1214 1174 τοὺς
1242 1111 1423 1173 λίθους
1472 1112 1533 1162 ἐκ
1562 1111 1657 1178 τῆς
1692 1110 1812 1161 ὁδοῦ

233 1198 672 1269 ὁιαῤῥίπτοντος.

1910 574 2103 627 expers
2136 560 2352 614 foederis
2385 561 2455 615 sit
2482 569 2535 613 et
2563 562 2832 621 amiciti:e.
2880 571 2932 615 ct
2959 563 3369 616 versicoloribus
3411 564 3491 615 di-

1912 652 2142 705 Stinctus
2188 654 2326 704 notis
2358 654 2631 721 persistat.
2660 654 2831 707 Stulte
2871 654 3087 722 quidem
3116 670 3398 719 ageremus
3445 655 3489 706 si

1914 744 2213 796 molestiam
2254 754 2426 796 tecum
2451 754 2504 797 et
2559 745 2775 797 taedium
2802 757 3201 807 excutereuius,
3241 747 3344 797 nisi
3385 748 3488 804 iam

1916 850 2035 899 qua:
2072 834 2322 886 mmroris
2373 845 2424 887 et
2457 836 2689 888 tristitia:
2725 849 2889 887 causa
2939 844 3087 896 Sttnl,
3134 846 3235 887 tua:
3268 849 3491 887 venera-

1925 925 2055 977 tioni
2100 926 2179 977 vel
2221 927 2454 980 obscure
2505 928 2857 980 manifestare
2902 929 3168 987 nolentes,
3227 938 3331 979 tam
3387 928 3487 978 im-

1926 1028 2155 1083 portune
2210 1019 2421 1070 illorum
2454 1020 2815 1073 meminimus.
2844 1021 3198 1085 Quamobrem
3234 1021 3359 1071 mihi
3400 1037 3491 1073 nc-

1922 1110 2221 1163 cessarium
2273 1121 2353 1163 est
2399 1112 2537 1162 viam
2604 1111 2667 1163 ad
2727 1114 3105 1179 imperatorem
3154 1127 3394 1178 carpere,
3439 1120 3489 1162 et

1924 1203 2027 1255 hoc
2078 1201 2217 1254 idem
2268 1202 2339 1253 illi
2376 1204 2575 1261 dicere.
2612 1204 2969 1267 perniciosam
3021 1220 3104 1257 me
3137 1219 3328 1255 rursus
3363 1219 3487 1270 per-

237 1306 419 1344 meare
456 1293 809 1364 Charybdim.
854 1301 906 1348 et
939 1294 1101 1349 latam
1150 1307 1437 1363 peragrare
1502 1291 1827 1361 Egyptum:
1906 1293 2009 1346 iter
2097 1292 2313 1361 quidem
2372 1302 2425 1345 et
2481 1295 2695 1347 difﬁcile
2754 1304 2807 1348 et
2874 1297 3257 1361 periculosum.
3350 1294 3491 1347 Cave

236 1384 519 1438 existimes
572 1402 676 1449 me,
734 1402 766 1439 ο
819 1385 909 1438 Dei
970 1388 1153 1450 homo,
1207 1386 1345 1438 hanc
1373 1387 1514 1438 viam
1589 1385 1842 1437 omnibus
1883 1400 2017 1452 quas
2054 1399 2246 1453 passus
2285 1398 2402 1436 sum
2438 1385 2820 1439 amlClIOIIIbUS
2874 1396 2923 1439 et
2956 1389 3219 1455 angustiis
3285 1387 3485 1438 victam

236 1489 359 1529 esse
402 1477 684 1540 arbitrari,
726 1486 819 1531 aut
862 1479 1104 1532 onmium
1152 1492 1391 1531 mearum
1442 1476 1815 1530 diﬂicultatnm
1848 1488 1899 1531 et
1942 1477 2210 1539 laborum,
2255 1477 2392 1528 hanc
2462 1477 2788 1531 solutionem
2838 1478 3125 1547 quamdam
3173 1494 3313 1539 esse,
3398 1491 3491 1529 aut

238 1569 511 1637 refugium
541 1588 639 1626 nec
678 1572 960 1626 vinculum
998 1572 1378 1625 indissolubile
1440 1587 1560 1625 esse
1627 1586 1875 1625 censere.
1918 1570 1981 1621 Et
2025 1586 2129 1626 non
2190 1572 2365 1625 solum
2423 1570 2524 1625 hac
2581 1573 2812 1634 ratione,
2860 1576 2987 1642 quia
3039 1577 3349 1640 episcopus,
3404 1573 3487 1622 his

239 1674 344 1717 tam
394 1667 681 1719 sceleratis
729 1667 920 1721 diebus
971 1667 1259 1729 exercitui,
1304 1667 1518 1719 invidia:
1568 1667 1810 1733 laqueos.
1851 1675 1904 1717 et
1950 1664 2057 1718 odii
2097 1667 2197 1719 tela
2231 1668 2454 1734 objecit.
2513 1668 2695 1737 Neque
2771 1671 2897 1737 quia
2956 1678 3164 1737 oportet
3248 1667 3491 1735 quidem.

234 1760 393 1812 nobis
423 1774 593 1828 equas
625 1770 703 1814 ter
732 1761 784 1814 in
816 1776 957 1814 anno
998 1778 1185 1830 parere
1218 1763 1399 1831 (quale
1436 1761 1566 1813 illud
1617 1761 1813 1814 fabula:
1856 1761 2094 1830 Elysium
2154 1762 2479 1818 edidicimus
2534 1767 2749 1833 quando
2798 1767 2850 1818 in
2911 1766 3152 1833 pueritim
3203 1760 3485 1814 cunabulis

236 1854 465 1912 ῐιιὶιιιιιε,
516 1852 660 1919 quod
697 1854 860 1906 etiam
912 1864 964 1906 ct
1030 1856 1282 1918 lusimus,
1342 1856 1600 1922 quoniam
1675 1854 1812 1907 alios
1856 1854 2038 1908 fasciis
2093 1854 2462 1921 involvimns),
2502 1866 2555 1909 nt
2585 1874 2773 1910 omnes
2853 1859 2995 1913 illos.
3039 1871 3207 1923 equos
3287 1869 3477 1908 ascen«

234 1943 360 1999 dere
395 1947 724 2011 faceremus,
755 1964 895 2017 quos
932 1959 1123 2005 nostro
1152 1950 1317 2004 ccetui
1368 1959 1420 2003 et
1492 1949 1843 2002 familiaritati
1888 1950 2209 2003 haberemus
2260 1951 2551 2020 ascriptos.
2586 1954 2645 2005 Et
2684 1953 2885 2020 pariter
2918 1953 3041 2017 quia
3088 1950 3261 2021 decet,
3321 1949 3479 2001 nobis

235 2052 359 2091 arva
414 2039 532 2107 ipsa
581 2051 819 2109 segetem
868 2058 1088 2095 auream
1146 2043 1416 2103 emittere,
1450 2049 1502 2094 et
1555 2043 1798 2103 arbores,
1840 2058 2037 2097 aureos
2069 2043 2278 2098 fructus
2340 2046 2623 2114 projicere,
2692 2047 2870 2112 qualia
2925 2043 3276 2111 Hesperidum
3356 2044 3493 2095 mala

238 2139 523 2196 poetarum
558 2135 896 2190 carminibus
938 2151 1057 2190 esse
1106 2135 1369 2188 feruntur.
1409 2136 1475 2187 At
1506 2136 1647 2189 enim
1687 2151 1792 2188 non
1848 2137 1961 2187 haec
2014 2150 2040 2186 a
2098 2137 2337 2203 qnolihet
2387 2139 2692 2204 exigimus;
2724 2146 2775 2190 et
2817 2137 2914 2189 nisi
2964 2139 3031 2189 ob
3084 2146 3131 2186 ta
3159 2150 3215 2188 es
3252 2135 3494 2189 dirortnn

238 2220 522 2275 hominum
608 2228 887 2291 incursus,
943 2231 1144 2297 optatis
1215 2230 1581 2283 delinimentis
1679 2234 1729 2280 el
1829 2226 2130 2280 commodis
2223 2227 2328 2281 illis
2426 2228 2791 2291 inservimus,
2902 2227 3056 2295 quasi
3120 2229 3492 2294 sepulcrorum

233 2310 475 2369 fossores
512 2318 912 2374 maledicimur.
977 2324 1151 2391 Atque
1201 2322 1407 2375 utinam
1455 2322 1507 2374 in
1545 2320 1687 2380 illos,
1721 2318 1812 2385 qui
1855 2318 1980 2370 talia
2015 2318 2066 2371 in
2127 2334 2226 2373 nos
2261 2320 2457 2388 probra
2497 2321 2774 2381 emittunt,
2816 2321 3081 2375 recidant.
3128 2318 3244 2373 Non
3310 2326 3491 2372 autem

236 2405 346 2459 hrc
380 2411 524 2471 sola,
554 2411 715 2482 655
748 2414 843 2467 sed
889 2416 1113 2468 arduam
1150 2426 1203 2469 et
1245 2416 1525 2475 acclivem,
1561 2413 1611 2465 in
1648 2412 1734 2465 illa
1768 2422 1965 2473 castra,
2010 2412 2150 2465 viam
2183 2412 2340 2467 nobis
2382 2423 2594 2483 parant.
2631 2420 2723 2464 aut
2779 2423 3088 2482 angustam,
3120 2421 3213 2465 aut
3251 2419 3484 2473 arctam,

232 2501 322 2555 sel
353 2517 534 2573 neque
564 2507 703 2561 bono
726 2507 932 2563 linitam
958 2512 1211 2563 termino.
1241 2509 1344 2565 Sed
1372 2510 1513 2565 enim
1545 2509 1644 2561 hoc
1670 2507 1800 2560 mihi
1826 2507 2011 2574 fragile
2033 2516 2084 2560 et
2114 2507 2253 2561 exile
2282 2522 2502 2576 corpus,
2540 2508 2681 2576 quod
2718 2516 2772 2560 ut
2796 2508 2958 2570 nosti,
2990 2508 3152 2561 etiam
3176 2505 3240 2558 ad
3279 2517 3494 2559 omnem

236 2598 485 2654 Iabnrum
520 2618 846 2670 occursum,
882 2607 1135 2671 maxime,
1179 2607 1269 2676 qui
1321 2606 1373 2659 in
1423 2604 1642 2659 assidua
1676 2602 1887 2654 viarum
1928 2600 2178 2655 molestia
2234 2601 2543 2665 conficitur,
2598 2602 2927 2654 imbecillum
2980 2609 3098 2661 est,
3153 2607 3206 2651 et
3262 2596 3487 2649 omnino

234 2690 574 2764 languidum.
642 2697 696 2751 Si
754 2713 930 2753 autem
982 2710 1036 2755 et
1102 2713 1156 2755 tu
1217 2702 1383 2755 robur
1435 2697 1699 2759 indueris,
1754 2706 1806 2749 et
1845 2710 2056 2748 omnem
2128 2711 2347 2765 precum
2414 2706 2464 2751 et
2519 2705 2764 2749 votorum
2814 2698 2867 2748 in
2926 2709 3024 2749 nos
3092 2695 3197 2745 vim
3263 2692 3470 2745 circum

234 2784 452 2843 dederis
488 2801 539 2843 et
566 2793 889 2857 accinxeris,
936 2796 1119 2847 omnia
1157 2794 1314 2848 nobis
1384 2792 1630 2845 faciliora
1668 2789 1832 2851 fient;
1880 2792 2178 2855 praesertim
2248 2804 2371 2842 eum
2434 2800 2480 2841 te
2542 2788 2683 2841 Deus
2738 2787 3119 2855 trepidantium
3182 2783 3493 2837 consiliumv

231 2892 284 2935 et
314 2885 560 2954 regimen
588 2888 806 2951 efﬁciat,
838 2897 889 2944 et
917 2891 1074 2945 nobis
1105 2892 1213 2945 tuis
1238 2890 1498 2960 angelicis
1544 2887 1797 2957 precibus
1874 2885 2013 2936 viam
2075 2896 2282 2939 sternat
2336 2885 2542 2938 facilem
2589 2925 2601 2945 ,
2662 2884 2945 2952 lapsosque
2999 2881 3202 2949 lapides
3287 2878 3354 2932 ab
3404 2876 3493 2931 illa

234 2975 395 3046 longo
432 2980 701 3048 projiciat.

803 3072 1027 3127 ΕΠΙΣΤ.
1095 3075 1217 3126 Kl".

883 3162 969 3228 Τῷ
995 3163 1177 3227 αὐτῷ.

308 3255 483 3307 Οὐδὲν
513 3255 635 3323 ἐμοὶ
669 3254 852 3307 λοιπὸν
880 3256 1161 3326 δυσχερὲς,
1223 3257 1305 3308 ὃτι
1350 3256 1445 3323 τῆς
1507 3254 1717 3307 πάντων
1753 3254 1816 3320 ὴ-

238 3345 409 3407 δίονος
433 3347 531 3396 καὶ
561 3344 782 3415 γνώμης
812 3348 906 3398 καὶ
932 3346 1178 3414 γλώττης
1222 3346 1491 3413 ἐδεξάμην
1547 3344 1807 3413 προσφώ-

239 3455 407 3505 νημα,
423 3437 519 3488 καὶ
534 3437 594 3488 οὐ
618 3439 968 3506 πρόσκαιρον,
998 3439 1072 3500 ὡς
1099 3438 1303 3506 ὑψηλὴν
1324 3438 1484 3505 ἀέρος
1503 3436 1715 3504 πληγὴν
1730 3436 1817 3486 δε-

239 3531 476 3599 χομένην
491 3531 609 3597 ἅμα
624 3534 687 3599 τῇ
705 3533 958 3583 συστάσει
977 3533 1067 3582 καὶ
1080 3532 1448 3601 τὴνδιάλυσιν,
1463 3531 1577 3581 ἀλλ’
1592 3528 1816 3595 ὑφεστὼς

241 3624 332 3671 καὶ
376 3622 714 3689 παράμονον.
759 3621 1049 3688 Γράμματι
1084 3622 1191 3688 γὰρ
1230 3619 1595 3688 ἐποχούμενον
1636 3620 1697 3668 ἐκ
1721 3618 1819 3684 τῆς

242 3711 339 3775 σῆς
360 3711 843 3778 μεγαλοπρεπείας
860 3712 1007 3780 διέϐη
1027 3712 1162 3779 πρὸς
1176 3703 1422 3781 τὴνὲμξὴν
1437 3729 1503 3763 τα
1516 3729 1572 3763 πε
1585 3712 1795 3779 ινὸτητα
1811 3752 1823 3776 ,

240 3802 378 3853 ὥστε
403 3802 660 3868 παρεῖναί
701 3820 787 3871 μοι
833 3804 1270 3872 προπφωνεϊσθαι
1304 3804 1451 3869 παρὰ
1484 3802 1597 3864 σοῦ,
1629 3804 1817 3865 ὁσάκις

240 3891 305 3943 ἃν
328 3892 673 3959 ἐθελήσαιμι,
706 3892 765 3943 τὸ
792 3892 1099 3962 εἱλητάριον
1120 3892 1467 3944 ἀνελίττοντι.
1493 3892 1668 3959 Ὅπερ
1704 3892 1819 3943 ἐστὶ

249 3984 372 4049 ῥᾷον
389 3982 552 4043 εὐθὺς
571 3983 713 4049 ἔχειν
732 3984 1211 4051 ἀποτινασσομένῳ
1230 3984 1325 4045 τὰς
1353 3983 1703 4051 ἐπικειμένας
1729 3984 1822 4050 βα-

248 4072 505 4140 ρύτητας.
556 4072 819 4135 Διεξιόντι
876 4074 930 4125 δέ
970 4076 1149 4141 μοιτῇ
1186 4073 1489 4136 ἀναγνώσει
1521 4074 1612 4125 καὶ
1647 4073 1712 4123 τὰ
1754 4072 1819 4123 σὰ

244 4165 504 4233 τρόπαια,
554 4164 703 4216 οὐδὲν
724 4165 837 4217 ἀλλ’
868 4165 898 4233 ἢ
954 4166 1013 4217 τὸ
1052 4165 1355 4231 λαθυμηδὲς
1391 4165 1564 4216 ἐκεῖνο
1592 4164 1821 4216 πίνεται

247 4257 624 4325 φάρμακον,ἦ
658 4258 741 4309 ἵνα
776 4257 836 4309 τδ
861 4258 1183 4325 οἰκειότερον
1220 4259 1374 4321 εἴπω,
1411 4257 1499 4309 διὰ
1555 4257 1653 4325 τὴν
1685 4258 1819 4310 ἀπο-

246 4347 519 4399 λιύουσὰδ
551 4365 643 4399 σου
676 4347 767 4400 νῦν
796 4350 897 4416 γῆν
932 4348 1040 4399 τῶν
1079 4342 1298 4415 Κολχῶν
1328 4351 1390 4417 τῇ
1416 4348 1514 4414 τῆς
1566 4347 1822 4415 Κολχίδος

2495 3063 2711 3116 ΙΡΙᾹΤ,
2742 3062 2928 3115 XXIII.

2622 3153 2823 3206 Eidem.

2004 3245 2144 3298 Nihil
2180 3247 2308 3298 mihi
2338 3246 2600 3299 molestiae
2646 3248 2895 3298 relictum
2928 3254 3038 3307 est,
3082 3243 3341 3313 quoniam
3376 3256 3495 3297 om-

1933 3338 2081 3389 nium
2135 3340 2472 3391 suavissima:
2531 3339 2725 3405 lingtne
2786 3348 2836 3389 et
2887 3337 3220 3390 dulcissimae
3298 3334 3496 3389 mentis

1935 3442 2119 3480 vocem
2154 3438 2205 3479 et
2237 3430 2532 3497 alloquium
2567 3432 2805 3497 suscepi,
2834 3440 2887 3480 et
2925 3446 3031 3483 non
3060 3430 3280 3498 quidem
3343 3422 3514 3481 brevi

1934 3520 2193 3586 tempOris
2248 3524 2424 3586 spatio
2489 3536 2733 3581 mancos.
2792 3529 2848 3572 ut
2888 3530 2972 3573 est
3002 3521 3305 3573 altissimus
3351 3519 3497 3570 acris

1935 3612 2093 3671 ictus,
2127 3609 2216 3675 qui
2256 3612 2413 3664 simul
2447 3611 2556 3666 fere
2614 3620 2669 3666 ut
2702 3614 2826 3676 coit,
2868 3610 3208 3676 dissolvitur,
3248 3611 3341 3667 sed
3363 3626 3495 3665 con-

1928 3703 2093 3759 stanti
2138 3705 2439 3769 persistens
2490 3705 2644 3767 mihi,
2704 3713 2756 3757 et
2805 3705 3067 3757 obnixum
3113 3705 3492 3761 diuturnitate.

1931 3796 2149 3851 Litteris
2182 3797 2328 3850 enim
2380 3795 2480 3848 hoc
2534 3811 2599 3849 ex
2646 3807 2734 3849 tua
2787 3798 3234 3863 magnanimitate
3298 3808 3350 3853 et
3385 3800 3494 3853 cel-

1935 3888 2175 3943 situdine
2211 3886 2527 3945 conﬂatum,
2556 3886 2608 3938 in
2640 3902 2812 3938 meam
2855 3887 3073 3939 devenit
3110 3888 3489 3951 humilitatem,

1934 3979 2090 4047 quasi
2148 3992 2387 4046 prasens
2446 3976 2575 4029 mihi
2630 3977 2760 4030 illud
2811 3978 3046 4040 insonet,
3085 3988 3138 4032 et
3171 3980 3326 4047 quasi
3402 3990 3495 4033 tuo

1934 4080 2236 4140 perstrepat
2261 4085 2374 4131 ore,
2408 4070 2623 4136 quoties
2656 4084 2757 4137 ego
2805 4069 3025 4137 quidem
3060 4070 3244 4130 velim,
3291 4077 3346 4123 et
3400 4085 3496 4125 vo-

1936 4162 2117 4216 lumen
2169 4161 2268 4213 hoc
2324 4162 2661 4229 explicuere.
2724 4160 2879 4224 Quod
2940 4163 3158 4230 quidem
3204 4161 3363 4216 facile
3415 4172 3499 4217 est

1932 4255 2153 4307 obtentu
2211 4253 2283 4306 il.i
2336 4252 2425 4319 qui
2461 4252 2615 4319 longe
2654 4265 2682 4302 a
2738 4268 2795 4305 se
2852 4260 3064 4306 amovet
3107 4253 3268 4307 hasce
3313 4268 3495 4308 rerum

1936 4344 2234 4403 molestias,
2296 4342 2550 4411 gravibus
2623 4340 2940 4394 infortuniis
3000 4344 3234 4411 agitatus
3271 4352 3323 4397 et
3367 4360 3496 4397 con-

249 4436 490 4505 Μηδείας
514 4436 677 4504 τέχνῃ
708 4438 767 4488 τὸ
809 4438 985 4504 γῆράς
1024 4453 1112 4505 μοι
1141 4438 1457 4501 ἁποξύεται,
1504 4438 1598 4488 καὶ⁵
1650 4440 1680 4506 ἡ
1713 4437 1821 4488 νξό-
1851 4425 1892 4481 C

1818 4425 1892 4481 .C
1932 4449 2145 4487 russus.
2203 4435 2270 4485 At
2324 4448 2445 4486 cum
2501 4434 2566 4485 ad
2624 4433 2907 4486 lectionem
2953 4434 3288 4496 accederem,
3335 4444 3390 4488 et
3428 4436 3492 4489 ad

248 4544 344 4595 της
376 4530 810 4590 ἀνακαινίζεται.
852 4522 1018 4596 Ὀρᾷς
1064 4529 1278 4579 ὁπόσων
1338 4533 1393 4581 ἐν
1438 4532 1652 4597 καιροῖς
1687 4530 1821 4581 δυτ-

249 4618 447 4686 τυχιῶι
518 4620 710 4669 κοινῶν
763 4619 922 4680 αὐτὸς
954 4618 1164 4686 εὐτυχῶ
1220 4619 1305 4669 διὰ
1346 4621 1401 4670 σὲ
1459 4619 1553 4670 καὶ
1591 4620 1687 4680 τὰς
1729 4620 1824 4680 σὰς

249 4712 527 4778 εὐτυχίας,
552 4710 605 4762 αἳ
634 4712 727 4763 καὶ
751 4711 848 4772 τὰς
877 4712 1220 4779 ὑμνουμένας
1241 4712 1348 4763 τῶν
1381 4712 1625 4764 παλαιῶν
1661 4713 1825 4781 ὑπερ-

251 4802 579 4867 ϐάλλουσινς
625 4802 763 4867 Ἐγὼ
796 4803 851 4855 δὲ
879 4805 973 4855 καὶ
1002 4803 1094 4854 τὸν
1155 4804 1343 4874 καιρὸν
1396 4806 1493 4871 τῆς
1552 4805 1821 4873 ὑποδοχῆς

250 4895 339 4946 τοῦ
368 4895 828 4965 προσφωνητικοῦ
858 4896 1029 4960 δεξιὸν
1051 4897 1239 4947 οἰωνὸν
1271 4897 1495 4967 ἐθέμην.
1544 4900 1697 4951 Κατὰ
1740 4899 1815 4948 λὸι

252 4998 345 5046 γον
362 4982 546 5044 τοῦτο,
574 4986 695 5035 ἐπεὶ
730 4986 821 5036 καὶ
844 4986 1001 5046 ἀετὸς
1047 4987 1075 5036 ὁ
1129 4988 1489 5054 προσφωνῶν,
1529 4988 1817 5051 ἐπιδέξιος.

264 5076 505 5126 Ἀπιόντι
529 5075 637 5144 γὰρ
665 5076 800 5145 πρὸς
840 5079 928 5129 τὸν
979 5079 1151 5145 μέγαν
1186 5080 1472 5147 ’Ᾱχίλλιον,
1523 5081 1599 5143 ὡς
1646 5082 1709 5133 ἂν
1758 5084 1823 5151 τῇ

258 5167 561 5237 πανηγύρει
588 5170 1031 5239 συνεορτάσαιμι,
1062 5171 1201 5224 κατὰ
1243 5172 1342 5240 τὴν
1391 5174 1509 5225 ὁδὸν
1565 5176 1829 5244 ἐνεχειρί-

253 5258 349 5325 σθη
380 5260 440 5310 τδ
462 5260 696 5328 γράμμα
720 5276 835 5314 σου.
862 5263 933 5314 Σὺ
947 5262 1001 5314 δὲ
1027 5265 1119 5315 καὶ
1144 5265 1327 5316 αὐτόθι
1348 5266 1685 5337 ὲμπικραίνῃ
1712 5271 1821 5329 τοῖς

254 5347 397 5412 ἡμᾶς
457 5348 722 5409 Θλίϐουσι.
781 5354 893 5414 τοῖς
940 5355 1038 5417 τῆς
1095 5353 1395 5422 ἀπληστίας
1437 5354 1819 5423 θεραπευταῖς,

254 5441 362 5499 τοῖς
396 5439 680 5508 πολεμίοις
704 5441 797 5493 τοῦ
834 5442 1210 5511 Εὑαγγελικοῦ
1236 5446 1675 5515 ἐπαγγέλματος,
1710 5452 1820 5511 τοῖς

256 5530 557 5600 ἀλιτηρίοις
603 5532 694 5583 τοῦ
733 5534 1119 5600 Χριστιανικοῦ
1170 5539 1466 5604 τάγματος.
1536 5542 1599 5591 Ὀ
1661 5542 1819 5607 μόνον

259 5620 400 5687 ἔχεις
444 5622 602 5674 τοῦτο
634 5622 785 5689 βέλος
838 5625 1146 5692 ὲπίπιμψον
1200 5630 1310 5688 τοῖς
1365 5630 1711 5696 καταράτοις.
1773 5632 1821 5683 οἳ

257 5713 353 5777 τὴν
388 5715 631 5783 γαστέρα
690 5715 782 5765 τοῦ
822 5716 1127 5784 πανδοχέως
1174 5718 1299 5786 ᾅδου
1354 5720 1542 5789 στενὴν
1604 5722 1819 5772 ἀποδει-

265 5802 536 5866 κνύοντες,
598 5806 955 5872 ὲπιγαυριῶσι
1001 5806 1077 5874 τῷ
1127 5808 1522 5877 προτερήματι.
1593 5809 1824 5874 Τούτους

1928 4536 2018 4579 tua
2043 4526 2187 4578 varia
2219 4536 2564 4577 monumenta
2599 4525 2731 4577 nihil
2757 4524 3091 4592 aliud,qnam
3115 4525 3245 4579 illud
3266 4526 3495 4579 oblivio-

1926 4621 2008 4672 nis
2086 4618 2436 4685 pharmacum
2473 4615 2603 4667 mihi
2629 4616 2918 4669 bibendum
2938 4631 3057 4669 esse
3077 4618 3285 4679 censui,
3306 4628 3419 4680 aut,
3438 4626 3497 4670 ut

1926 4710 2176 4777 prOprius
2235 4708 2445 4775 loquar,
2480 4715 2538 4759 ut
2586 4705 2913 4759 Colchorum
2948 4716 3170 4769 terram,
3203 4723 3307 4775 qua
3341 4724 3487 4761 nunc

1922 4801 2034 4869 ipse
2076 4802 2270 4854 frueris
2317 4797 2592 4853 Colchidis
2640 4798 2834 4851 Medea:
2882 4809 3020 4860 arte,
3053 4808 3307 4852 senectus
3356 4800 3490 4851 mihi

1920 4896 2136 4960 penitus
2184 4890 2507 4951 detrahitur,
2552 4890 2848 4957 viridisque
2882 4876 3137 4957 juventus
3197 4889 3326 4942 flore
3359 4890 3491 4941 mihi

1923 4994 2212 5038 renovatur
2252 4984 2393 5036 vivo.
2417 4980 2532 5034 Jam
2564 4982 2714 5035 vides
2767 4983 2985 5049 quidem
3046 4992 3307 5049 quantum
3341 4980 3493 5034 hisee

1924 5077 2295 5131 communium
2352 5075 2734 5128 infelicitatum
2789 5076 3125 5142 temporibus
3186 5076 3288 5145 ipsi
3350 5075 3491 5128 felici

1930 5171 2078 5223 laeter
2111 5169 2346 5231 fortuna,
2392 5177 2611 5238 propter
2670 5176 2723 5222 te
2788 5178 2841 5223 et
2874 5177 2964 5222 tua
3016 5184 3279 5237 prospera
3340 5178 3490 5235 gesta

1934 5276 2204 5327 casusque
2241 5262 2457 5329 penitus
2492 5260 2863 5323 felicissimos,
2895 5262 2986 5329 qui
3025 5270 3253 5315 cunctos
3283 5262 3491 5329 prisco-

1933 5368 2050 5405 rum
2084 5353 2363 5404 hominum
2398 5360 2623 5406 eventns
2691 5353 2849 5420 longo
2901 5362 3159 5420 superant
3189 5352 3493 5405 intervallo.

1932 5443 2038 5512 Ego
2098 5444 2312 5509 quidem
2369 5453 2578 5511 tempus
2642 5443 2795 5504 illud.
2853 5458 2962 5509 quo
3027 5444 3488 5509 tuamjucundam

1936 5548 2120 5586 vocem
2178 5544 2229 5588 et
2295 5535 2676 5587 allocutionem
2715 5535 2843 5588 mihi
2900 5535 3185 5603 suscipere
3243 5535 3493 5601 contigit,

1932 5624 2210 5679 dexterum
2243 5627 2596 5696 divinumque
2648 5630 2779 5681 Inihi
2835 5629 3136 5698 auspicium
3190 5643 3312 5681 esse
3363 5642 3497 5680 con-

1934 5722 2120 5781 stituo,
2163 5719 2233 5773 ob
2270 5719 2410 5773 hanc
2440 5719 2673 5775 fortasse
2695 5722 2980 5782 rationem.
3004 5720 3260 5789 quoniam
3317 5720 3495 5787 aquila

1934 5812 2070 5866 scite
2103 5819 2155 5867 ct
2194 5812 2470 5882 eleganter
2500 5814 2783 5876 acclamat,
2857 5812 3110 5884 felicique
3158 5810 3353 5881 strepit
3407 5826 3494 5864 ro-
