4240 6440
769 347 873 412 415

1614 345 2189 406 TIlEUPllYLACTI
2233 348 2639 409 BULGARUE
2679 347 3035 407 ARCIHEP.

3904 340 4012 402 “6

771 460 1006 514 maxime
1043 458 1224 517 rebus,
1272 470 1481 507 summa
1519 457 1808 525 prudentia
1848 467 1902 510 et
1953 457 2159 511 efficaci
2202 474 2337 527 pra:-

2457 458 2663 528 ’πτηνὸν
2696 459 2802 527 γάρ
2831 475 2912 511 σοι
2940 457 3098 510 τοῦτο
3128 456 3429 521 ἐλαύνεται)
3466 475 3478 490 ·
3509 459 3537 510 ὃ
3569 457 3612 510 δ’
3641 451 3733 510 οὖν
3762 459 3839 516 είς
3866 459 4012 525 ἡμᾶς

770 551 894 603 sidii
939 547 1305 616 indigentibus
1361 545 1639 610 facultate,
1692 555 1745 600 te
1798 548 1973 614 ipsum
2025 547 2334 614 committit,

769 643 926 710 quasi
966 640 1354 708 peritissimum
1396 649 1451 693 et
1483 638 2004 692 artificiosissimuni
2062 639 2334 693 medicum

769 735 1070 800 desperatis
1097 730 1206 798 jam
1235 731 1436 783 morbis
1469 740 1519 782 te
1547 744 1852 797 opponens,
1876 741 1930 784 et
1960 734 2116 800 quasi
2139 732 2338 800 guber-

773 823 1014 878 u'atorem
1067 825 1424 878 :estuantibtts
1448 821 1703 876 fluctibus
1734 824 2021 890 objicicns.
2062 823 2163 877 Sed
2189 825 2335 878 enim

771 932 870 962 mn-
905 918 1012 965 :-|:e
1050 931 1212 981 opus,
1261 924 1316 969 et
1353 916 1461 977 lex,
1488 914 1702 968 frenum
1738 925 1822 970 est
1864 918 2026 984 plane
2055 931 2117 970 os
2152 916 2336 970 rheto-

773 1005 944 1058 ricum
979 1004 1265 1064 cohibens,
1313 1019 1409 1056 nec
1441 1004 1689 1058 concedit
1735 1005 1951 1075 inclytis
1981 1008 2149 1074 gestis
2211 1007 2336 1061 lun-

768 1098 975 1164 giorcm
1033 1095 1276 1162 obiicere
1331 1098 1657 1149 orationem.
1711 1096 1831 1161 Quo
1877 1098 2094 1165 quidem
2136 1107 2194 1154 et
2239 1115 2339 1168 ego

771 1189 935 1240 animi
985 1188 1322 1243 alacritatem
1358 1200 1410 1242 et
1457 1189 1723 1252 studium,
1773 1191 1838 1244 ad
1883 1192 2036 1260 plura
2083 1193 2337 1257 dicenda,

769 1279 931 1334 veluti
964 1280 1197 1345 quadam
1241 1289 1431 1332 catt-na
1465 1284 1706 1332 retralm.
1744 1280 1799 1333 Et
1834 1283 1990 1350 quasi
2021 1284 2149 1334 mibi
2199 1298 2343 1335 sem-

773 1386 865 1436 per
903 1371 965 1422 ad
1000 1371 1286 1423 dicendum
1318 1383 1506 1440 parato
1538 1375 1812 1433 adessem,
1849 1388 2045 1425 cursus
2082 1373 2175 1426 tibi
2214 1390 2338 1426 ora-

774 1462 945 1514 torios
995 1471 1048 1514 et
1100 1461 1336 1515 disertos
1393 1465 1658 1528 pet-curri,
1712 1471 1805 1516 tuo
1860 1464 2022 1516 celeri
2076 1463 2338 1516 virtutum

771 1567 960 1605 curru.
1002 1551 1119 1606 Non
1168 1554 1310 1606 enim
1341 1555 1422 1605 Vcl
1450 1563 1713 1622 quantum
1753 1554 1835 1608 fas
1869 1563 1953 1608 est
1985 1554 2190 1614 dicere,
2227 1563 2340 1606 tar-

770 1643 951 1698 diores
978 1653 1030 1697 et
1061 1647 1410 1713 posteriores.
1449 1645 1546 1700 llic
1572 1645 1734 1700 dictis
1785 1646 1893 1715 jam
1925 1645 2085 1699 finem
2118 1645 2336 1698 faciam.

773 1733 853 1785 Tu
884 1749 1014 1788 vero
1057 1735 1107 1787 in
1140 1744 1350 1789 montes
1385 1737 1577 1791 oculos
1611 1744 1736 1792 tuos
1767 1737 1972 1799 attolle,
2008 1738 2146 1790 unde
2189 1739 2336 1790 venit

775 1825 1036 1879 auxillum
1070 1827 1167 1880 tibi
1194 1829 1284 1890 "‘,
1319 1839 1369 1883 et
1394 1831 1587 1884 iterum
1621 1841 1784 1897 atque
1821 1831 2014 1884 iterum
2049 1832 2244 1883 vt-niet.
2274 1833 2337 1882 At

773 1918 871 1968 bos
909 1916 974 1970 ad
1007 1919 1114 1971 ima
1150 1919 1390 1988 deprime
1421 1930 1474 1974 ct
1507 1921 1790 1984 submitte,
1837 1936 1937 1974 nec
1972 1923 2022 1973 in
2062 1930 2114 1974 te
2157 1924 2336 1990 ipsum

771 2009 893 2064 illos
943 2021 1251 2067 convertas.
1307 2012 1440 2067 Nam
1496 2030 1605 2069 non
1643 2015 1755 2070 hac
1811 2017 2169 2068 humanarum
2215 2023 2344 2067 sunt

2439 544 2574 622 ἧκον
2604 550 2802 612 ἱκανῶς
2831 549 3075 620 ἔχοντας,
3112 554 3204 603 καὶ
3238 550 3339 604 οὐκ
3368 550 3551 615 ἀξίους
3597 551 3726 613 ἴσως
3765 551 3840 617 τῷ
3883 551 4010 602 θεά-

2438 657 2553 710 τρῳ
2581 641 2675 692 τοῦ
2704 641 2863 704 λόγου
2911 639 3279 708 συρίττεσθαι,
3326 639 3485 692 τοῦτο
3521 640 3678 707 μόνον
3713 639 3883 690 εἰπὼν
3921 642 4017 690 καὶ

2439 731 2504 800 δὴ
2544 732 2848 801 παύσομαι.
2895 726 3026 800 Δῖρέ
3062 750 3154 784 σου
3186 734 3311 796 τοὺς
3343 733 3660 799 ὀφθαλμοὺς
3694 736 3770 790 εἰς
3800 735 3866 784 τὰ
3889 733 4014 799 ὄρη,

2440 822 2562 874 ὅθεν
2593 824 2716 891 ἥκει
2765 840 2846 875 σοι
2892 823 2922 890 ἡ
2978 821 3218 892 βοήθεια,
3270 823 3362 874 καὶ
3416 822 3536 891 ἥξει
3595 823 3696 882 ἔτι,
3743 824 3835 874 καὶ
3891 824 4010 873 ἔτι·

2444 913 2611 986 βάλῃς
2642 914 2864 976 τούτους
2917 915 3085 976 κατω,
3142 916 3214 984 μὴ
3261 915 3464 984 τρέψῃς
3504 915 3640 983 πρὸς
3691 915 3901 966 ἑαυτόν.
3935 915 4012 965 υῦ

2443 1007 2550 1075 γὰρ
2582 1005 2923 1075 ἀνθρωπίνης
2956 1007 3132 1075 ἰσχύος
3163 1007 3228 1058 τὰ
3263 1005 3641 1074 τη>.ικαῦτα,ἢ
3681 1006 3839 1074 μόνον
3880 1006 4018 1058 ἀλλὰ

2441 1099 2501 1149 τὸ
2530 1099 2657 1161 πᾶν,
2694 1097 2807 1163 ἢτὺ
2847 1099 3030 1149 πλεῖον
3078 1097 3176 1166 τῆς
3219 1098 3368 1160 θείας
3409 1100 3652 1166 χάριτος.
3702 1098 3812 1149 Καὶ
3839 1100 3898 1151 ἐν
3941 1099 4017 1164 τῷ

2442 1189 2561 1257 Θεῷ
2588 1192 2758 1250 ποιεῖς
2788 1188 3038 1257 δύναμιν,
3070 1189 3146 1256 τῷ
3177 1191 3300 1251 τοὺς
3332 1189 3621 1257 πολεμίους
3657 1192 4015 1261 συντρίϐοντι.

2449 1281 2551 1331 Ἠν
2595 1279 2774 1347 σαυτῷ
2801 1280 3219 1347 ἐμϐεϐαιώσεις,
3252 1282 3284 1350 ἦ
3317 1282 3412 1334 καὶ
3451 1282 3674 1334 πλείονα
3702 1284 4017 1344 ὲπεσπάτει,

2445 1373 2738 1439 εὐγνώμων
2778 1372 2851 1438 τῷ
2882 1372 3192 1439 χαριτοῦντι
3230 1373 3536 1440 γενόμενος.
3571 1374 3743 1425 Γίνοιο
3871 1373 4019 1442 Γέν.ι

2445 1463 2488 1516 δ’
2519 1463 2606 1524 ἂν,
2647 1465 2690 1513 εξ
2727 1465 2859 1532 πρὸς
2897 1467 3058 1515 αὐτὸν
3086 1463 3170 1514 διὰ
3208 1463 3305 1530 τῆς
3343 1465 3677 1533 ἁγαθὸτητος
3707 1465 4018 1528 είκονίζοιο,

2447 1557 2772 1624 ἐκχεομένης
2814 1557 2904 1606 καὶ
2944 1556 3214 1617 πλουσίοις
3259 1558 3349 1608 καὶ
3397 1560 3611 1626 πένησι,
3659 1559 3768 1618 τοῖς
3803 1556 4018 1608 [ambra-

2449 1666 2538 1716 ρον
2590 1649 2724 1710 ζῶσι
2761 1649 2852 1698 καὶ
2888 1651 2996 1709 τοῖς
3043 1649 3372 1716 κοινότερον,
3409 1651 3586 1700 εῖτουν
3624 1651 3897 1719 Θειοτερον
3930 1653 4021 1700 καὶ

2447 1739 2961 1808 ἀνθρωπικώτερον,
3010 1740 3130 1792 καθ’
3185 1742 3307 1794 ὅσον
3359 1741 3580 1794 ἕκαστος.
3629 1742 3832 1809 ταύτης
3889 1741 4020 1812 χρὴ-

2448 1831 2619 1893 ζουσι.
2649 1829 2726 1881 Δι’
2757 1831 2823 1899 ἢν
2873 1831 2966 1881 καὶ
3003 1831 3258 1900 ῥυσοείης
3299 1831 3407 1884 τῶν
3461 1834 3712 1902 πονηρῶν
3773 1836 3869 1886 καὶ
3927 1832 4019 1886 τοῦ

2450 1923 2713 1992 Πονηροῦ,
2744 1925 2818 1985 ὡς
2855 1924 2987 1993 μήτε
3021 1929 3229 1989 κακοῖο,
3265 1929 3400 1997 μήτε
3437 1929 3711 1982 κακύνοιο.

774 2103 993 2168 vit-ium,
1036 2117 1310 2161 atttoninc
1343 2109 1443 2162 boc
1472 2110 1674 2170 solum,
1722 2117 1779 2164 ut
1820 2110 2111 2178 plurimum
2142 2109 2339 2162 divina:
2366 2117 2448 2163 est
2480 2108 2688 2175 gratiae.
2732 2107 2810 2160 Tu
2848 2124 2974 2162 vero
3008 2110 3061 2163 in
3113 2111 3217 2165 Deo
3296 2113 3589 2180 potentiam
3655 2122 3798 2166 tuam
3852 2113 4021 2166 collo-

773 2209 888 2257 cas,
929 2198 1022 2264 qui
1057 2199 1307 2254 inimicos
1358 2212 1610 2269 potenter
1640 2206 1896 2259 conterit.
1934 2204 2086 2257 Hanc
2119 2203 2337 2271 quidem
2368 2203 2418 2257 itt
2450 2204 2567 2271 ipso
2605 2202 2922 2268 affirmabis,
2948 2213 3000 2257 et
3025 2206 3285 2272 majorem
3331 2221 3457 2260 vere
3509 2208 3763 2261 desumes
3829 2222 4022 2276 aequus

772 2300 826 2345 et
884 2291 1081 2354 bonus.
1133 2299 1358 2361 gratiam
1417 2298 1750 2367 itnpendeuti
1796 2300 2044 2354 effectus.
2090 2298 2153 2351 Et
2205 2299 2331 2353 talis
2362 2299 2582 2369 quidam
2629 2299 2885 2361 exsistes,
2942 2300 2985 2353 si
3037 2299 3091 2352 in
3139 2307 3191 2352 te
3239 2298 3444 2368 ipsum,
3519 2301 3587 2353 ob
3649 2301 3904 2353 virtutem
3967 2312 4024 2355 ct.

773 2387 1091 2450 bonitatem,
1124 2391 1268 2444 illius
1296 2392 1584 2461 imaginem
1617 2396 1897 2464 exprimis,
1926 2411 2046 2464 qua:
2075 2396 2124 2447 in
2147 2409 2437 2463 pauperes,
2471 2401 2524 2446 et
2555 2392 2607 2445 in
2641 2392 2840 2447 divites
2870 2391 3040 2447 effusa
3063 2400 3170 2455 est,
3227 2402 3280 2446 et
3342 2393 3394 2445 in
3443 2392 3539 2446 bos
3587 2394 3678 2462 qui
3731 2392 4018 2450 diviniori.

774 2478 858 2530 vel
903 2481 1267 2535 communiori
1324 2484 1528 2552 degunt
1561 2487 1693 2548 vita,
1737 2488 1850 2540 sive
1893 2488 1985 2555 qui
2027 2487 2230 2541 divinis
2273 2495 2325 2539 et
2371 2483 2730 2538 humanitatis
2761 2483 2996 2552 legibus,
3033 2491 3091 2537 ut
3165 2486 3396 2552 quisque
3459 2486 3549 2538 illa
3609 2486 3932 2553 indiguerit.
3969 2501 4026 2537 se

776 2570 1150 2624 obstrinxerit.
1174 2570 1408 2641 Propter
1434 2590 1593 2643 quam
1631 2585 1682 2630 et
1723 2593 1750 2630 a
1788 2579 1949 2641 malo,
1981 2589 2032 2633 et
2061 2579 2128 2632 ab
2164 2574 2577 2630 imminentibus.
2611 2575 2868 2643 periculis
2907 2576 3261 2640 custodiaris,
3325 2577 3396 2629 ita
3485 2586 3542 2629 ut
3613 2593 3783 2648 ncqttt:

774 2659 1002 2718 affectus
1029 2665 1127 2728 sis,
1157 2681 1327 2734 neque
1359 2669 1549 2722 sceleri
1579 2672 1876 2726 obnoxius.

1323 2782 1542 2836 EPIST.
1589 2785 1798 2837 XXVII.

1092 2873 1339 2927 Michaeli
1380 2875 1726 2931 Chalcedonis
1767 2881 2027 2949 episeopo.

848 2985 1005 3043 Solas
1038 2989 1257 3057 quidem
1303 2989 1670 3045 Eetzlesiarum
1719 3009 1850 3062 opes
1884 3007 2102 3063 ereptas
2151 2998 2345 3063 fuisse,

777 3084 975 3155 inclyte
1016 3083 1187 3139 frater
1219 3097 1267 3139 et
1310 3087 1551 3158 domine,
1604 3105 1746 3159 a‘gre
1782 3105 1910 3144 sane
1943 3094 2189 3148 tulimus.
2223 3095 2340 3147 Nisi

774 3177 920 3245 quod
952 3177 1065 3230 haec
1101 3178 1348 3232 molestia
1401 3181 1558 3235 nobis
1612 3183 1864 3249 utrinque
1926 3186 2056 3239 levis
2099 3202 2160 3238 ac
2208 3187 2345 3242 tole-

778 3268 968 3323 rabilis
1015 3268 1138 3328 fuit.
1194 3287 1315 3323 eum
1368 3273 1524 3339 plane
1573 3274 1874 3339 videamus,
1924 3292 2043 3344 quae
2089 3279 2348 3348 Spirittta-

778 3362 914 3414 liora
951 3371 1101 3427 sunt,
1137 3364 1314 3417 soluta
1348 3376 1398 3413 ρι
1424 3382 1613 3420 eversa
1640 3369 1864 3421 omnino
1887 3386 1996 3423 nou
2020 3387 2159 3423 esse.
2197 3370 2350 3426 Unde

777 3462 833 3505 et
869 3467 992 3516 nos,
1027 3454 1194 3507 veluti
1230 3457 1281 3507 in
1320 3458 1596 3522 maximis,
1638 3459 1740 3511 bac
1781 3461 2158 3514 cousolationc
2188 3463 2350 3515 nimis

777 3546 1060 3615 erigimur.
1098 3546 1248 3600 Nunc
1290 3561 1490 3612 autem,
1534 3553 1660 3619 quia
1693 3551 1804 3605 lure
1832 3555 2011 3605 omnia
2049 3556 2209 3609 nobis
2240 3557 2351 3610 dis-

772 3635 917 3703 jecta
966 3645 1022 3690 et
1076 3640 1253 3692 soluta
1316 3639 1428 3695 fere
1484 3651 1672 3703 ruunt,
1736 3657 1897 3696 omne
1943 3646 2198 3698 solatium
2252 3663 2352 3700 nos

781 3743 1006 3798 prorsus
1066 3733 1348 3802 relinquit.
1401 3733 1634 3798 Quando
1692 3735 1837 3790 enim
1891 3736 2058 3789 divini
2108 3747 2160 3790 et
2209 3739 2348 3792 sacri

776 3836 1016 3877 canones
1051 3825 1182 3877 nihil
1217 3826 1362 3879 aliud
1396 3827 1731 3879 multitudini
1765 3839 2161 3895 prmeeperunt,
2186 3844 2348 3898 quam

780 3923 840 3966 ut
863 3916 1120 3983 quisque.
1149 3917 1298 3968 nullo
1327 3933 1511 3970 rerum
1551 3934 1812 3971 novarum
1855 3921 2056 3981 studio,
2089 3923 2351 3975 terminos

778 4006 880 4058 sibi
919 4007 1270 4074 praescriptos
1308 4017 1616 4071 conservet,
1665 4019 1718 4063 et
1763 4027 1830 4064 tte
1873 4014 2238 4065 bumanarutn
2273 4013 2353 4068 di-

778 4097 1036 4151 vitiarum
1073 4097 1267 4162 fastus,
1315 4099 1720 4170 superbamque
1761 4103 2112 4157 insolentiam
2171 4103 2349 4173 Spiri-

779 4189 919 4242 ritus
955 4190 1150 4257 opibus
1179 4191 1497 4244 admisceat.
1538 4191 1770 4256 Quidam
1814 4209 1944 4248 vero
1973 4197 2274 4263 prvedicare
2298 4207 2352 4252 et

776 4277 1034 4346 cvulgarc
1084 4277 1170 4332 bis
1213 4285 1267 4332 et
1316 4279 1438 4333 aliis
1489 4281 1818 4340 didicerunt.
1866 4291 1924 4336 ut
1976 4293 2029 4337 et
2067 4285 2165 4348 illi,
2212 4301 2351 4354 quos

779 4367 920 4430 forte
964 4369 1285 4438 deceptione
1334 4380 1384 4425 et
1418 4388 1607 4426 errore
1652 4374 1761 4427 labi
1820 4375 2077 4441 viderint,
2110 4379 2349 4449 cori-ige-

3867 2579 4026 2632 malis

3042 2777 3264 2830 ΕΠΙΣΤ.
3301 2777 3425 2830 ΚΖ’.

2661 2867 2743 2933 Τῷ
2773 2869 2880 2936 τῆς
2913 2869 3298 2935 Χαλκηδόνος
3328 2870 3510 2936 κυρίῳ
3551 2869 3807 2937 Μιχαὴλ.

2516 2987 2660 3049 Ἕως
2697 2987 2794 3052 μὲν
2844 2986 2980 3054 μόνα
3032 2985 3099 3037 τὰ
3128 2982 3444 3053 χρηματικὰ
3494 2983 3601 3036 τῶν
3679 2984 4024 3052 Ἐκκὶησιῶν

2445 3081 2832 3148 διηρπὰζοντο,
2875 3078 3168 3146 τιμιώτατε
3195 3075 3399 3143 ἀδελφέ
3433 3078 3524 3128 καὶ
3554 3078 3809 3139 δέσποτα,
3857 3079 4024 3147 ἠχθό-

2455 3172 2590 3241 μεοα
2636 3170 2753 3239 μὲν,
2795 3169 2932 3240 πλὴν
2964 3169 3100 3222 ἀλλὰ
3130 3169 3193 3221 τὸ
3223 3168 3383 3237 ἄχθος
3429 3171 3560 3237 ἡμῖν
3601 3171 3824 3239 ἑτέρωθι
3870 3173 4029 3222 ἐκου-

2452 3263 2654 3330 φὶζετο,
2713 3261 2882 3331 ὁρῷσι
2929 3261 2995 3314 τὰ
3059 3260 3549 3330 πνευματικώτερα
3613 3263 3686 3330 μὴ
3744 3263 4025 3331 λυόμενα.

2453 3353 2749 3407 κάντεῦθεν
2780 3353 3294 3423 παρακα>ουμένοις
3323 3354 3389 3406 τὰ
3422 3354 3672 3423 μέγιστα.
3709 3355 3821 3406 Νῦν
3851 3355 3904 3407 δὲ
3935 3358 4032 3407 xa't

2451 3445 2658 3497 τούτων
2699 3448 2830 3514 ἡμῖν
2875 3445 3174 3514 λυομένων,
3216 3445 3425 3514 οἴχεται
3467 3449 3614 3499 πᾶσα
3663 3449 4027 3516 παράκλησις.

2453 3538 2621 3591 Ὀταν
2653 3540 2761 3605 γὰρ
2788 3539 2836 3590 οἱ
2882 3538 2980 3603 μὲν
3004 3538 3137 3616 θεῖοι
3176 3541 3268 3592 καὶ
3301 3540 3436 3609 ἱεροὶ
3469 3543 3692 3602 κανόνες
3724 3542 3874 3594 οὐδὲν
3902 3542 4030 3596 ἄλλο

2456 3631 2587 3699 περὶ
2617 3628 2863 3688 πλείονος
2889 3630 3219 3697 ἐποιήσαντο
3255 3630 3348 3682 τοῦ
3395 3632 3492 3694 τὰς
3537 3633 3784 3684 ἑκάστων
3815 3633 4032 3700 ἐνορίας

2451 3721 2923 3790 ἁκαινοτομὴτους
2967 3722 3356 3787 φυλάττεσθαι,
3387 3724 3481 3776 καὶ
3517 3723 3591 3793 μὴ
3626 3724 3794 3790 τῦφον
3838 3743 4034 3794 κοσμιο

2453 3815 2554 3880 κῆς
2593 3811 2840 3874 ἐξουσίας
2873 3814 2985 3874 τοῖς
3008 3813 3098 3864 τοῦ
3135 3813 3448 3882 Πνεύματος
3487 3815 3910 3883 παρεισδύεσθαι
3933 3832 3946 3844 '
3977 3819 4029 3869 οἱ

2453 3905 2508 3956 δὲ
2536 3904 2745 3965 τούτοις
2783 3903 2846 3974 [f.
2884 3904 3130 3974 τούτους]
3165 3907 3260 3958 καὶ
3308 3910 3419 3967 τοῖς
3466 3907 3644 3969 ἄλλοις
3691 3908 4033 3973 διαγγέλλειν

2453 4001 2807 4069 διδαχθέντες,
2845 4000 3085 4063 καὶτοὺς
3113 3999 3515 4067 σῳα).).ομένους
3569 3999 4024 4069 ἐπανορθοῦσθαι,

2452 4094 2499 4143 οἱ
2537 4091 2592 4144 δὲ
2622 4091 2842 4154 τούτους
2877 4092 3106 4159 μάλιστα
3139 4092 3356 4144 πάντων
3386 4092 3484 4161 τὴν
3513 4091 3646 4161 πρὸς
3678 4093 3872 4154 αὐτους
3935 4095 4030 4145 ἀν-

2451 4185 2644 4250 ηκοΐαν
2703 4185 2962 4253 τρέφουσι
3010 4185 3102 4236 καὶ
3158 4183 3483 4252 ἁδρύνουσι,
3539 4185 3632 4236 καὶ
3669 4194 3803 4254 προς
3861 4186 4032 4237 ἁλλο-

2450 4280 2605 4346 τρίας
2629 4279 2836 4346 ὲνορίας
2863 4276 3264 4343 εἰσωθιζόμενοι
3292 4276 3469 4327 πάντα
3514 4278 3743 4346 φύρουσι
3790 4279 3881 4330 καὶ
3913 4278 4032 4330 θεῖα

2453 4370 2544 4422 καὶ
2581 4369 2897 4434 ἀνθρώπινα
2926 4369 3109 4420 δίκαια
3144 4367 3279 4419 ὀὒκ
3307 4364 3423 4418 οἴδα
3457 4367 3613 4420 ποὶαν
3652 4368 3816 4436 ἄλλην
3850 4371 4029 4437 παρα-

778 4467 990 4513 rentur.
1031 4459 1263 4524 Quidam
1319 4467 1498 4514 autem
1561 4462 1796 4516 maxime
1851 4464 1949 4518 bos
1996 4479 2253 4532 canones,
2282 4469 2336 4521 in

2457 4463 2646 4529 κλησιν
2681 4462 2892 4530 ἕξομεν,
2927 4461 2956 4528 ἣ
2995 4461 3160 4528 μόνην
3212 4460 3311 4528 τὴν
3357 4459 3460 4511 τῶν
3494 4460 3798 4528 γενομένων
3849 4461 4032 4522 κακῶς

778 4568 932 4604 suam
991 4554 1317 4619 imperitiam
1365 4564 1418 4608 et
1466 4556 1892 4610 inobedientiam
1948 4560 2167 4628 penitus
2215 4575 2347 4613 enu-

732 4664 737 4668 -
774 4644 966 4701 trium,
1000 4652 1052 4692 et
1082 4644 1273 4711 grandi
1308 4645 1544 4711 quodam
1577 4636 1944 4714 multiplicant
1967 4649 2211 4703 cumulo.
2240 4647 2345 4714 Qui

775 4745 837 4804 t'l._
863 4737 914 4786 in
938 4737 1074 4788 alios
1111 4739 1246 4787 lines
1271 4737 1433 4807 663
1461 4740 1755 4808 compulsi,
1792 4749 1845 4795 et
1883 4741 2139 4807 immissi,
2160 4742 2345 4796 omnia

772 4837 828 4879 et
857 4827 1038 4880 divina
1083 4838 1135 4881 et
1181 4829 1415 4884 luunana
1447 4832 1571 4900 jura
1610 4835 1973 4889 confundunt.
2018 4834 2137 4895 Non
2190 4836 2346 4906 equi-

777 4920 896 4972 dem
924 4919 1068 4972 ttori.
1113 4934 1275 4987 quam
1325 4923 1487 4977 aliam
1517 4924 1948 4979 consolationem
1982 4925 2158 4981 simus
2191 4926 2344 4980 babi-

778 5013 909 5072 ttiri,
949 5026 1110 5080 quam
1163 5015 1335 5067 solam
1381 5015 1492 5083 jam
1547 5017 1751 5086 peracti
1804 5017 1933 5072 mali
1968 5028 2022 5074 et
2055 5019 2345 5073 lnfortuuii

776 5106 1197 5162 correctionem.
1232 5109 1286 5160 ltt
1319 5123 1504 5176 quam,
1571 5119 1624 5163 et
1678 5110 1730 5163 in
1775 5119 2023 5164 nostrum
2073 5112 2249 5165 zelum
2295 5122 2350 5165 et

779 5210 804 5247 s
836 5197 1040 5255 udium.
1089 5213 1193 5249 non
1237 5215 1427 5269 parum
1479 5201 1637 5256 nobis
1686 5202 2062 5271 perfectionis,
2102 5206 2345 5273 persuasi

778 5288 992 5339 allatttri
1021 5290 1398 5355 emolumenti,
1427 5301 1532 5347 tua:
1563 5295 1890 5363 objiciemus
1932 5297 2217 5350 sanctitati
2247 5297 2348 5350 ltoc

780 5376 1021 5442 (littaba,
1051 5381 1193 5448 quod
1220 5391 1416 5450 praiter
1448 5399 1686 5440 canones
1724 5395 1806 5440 est
1847 5396 2093 5441 exortum
2121 5398 2173 5440 et
2213 5403 2347 5442 cou-

778 5470 1051 5523 sitututn.
1091 5470 1192 5526 Sed
1227 5481 1286 5528 ut
1335 5491 1403 5530 ne
1450 5477 1630 5531 rideas
1666 5487 1900 5550 prOpter-
1919 5480 2209 5533 barbarum
2252 5495 2349 5532 no.

781 5573 924 5612 men.
961 5559 1057 5613 Est
1094 5563 1315 5629 quidam
1372 5567 1475 5622 lori
1513 5569 1802 5636 terminus,
1841 5579 2031 5626 nostro
2078 5572 2347 5641 at'cbiepi-

859 5759 924 5790 ²¹⁶
957 5758 1093 5812 l'sal.
1121 5773 1208 5824 xx,
1248 5761 1295 5812 l.

2457 4555 2761 4622 διόρθωσιν.
2825 4547 2966 4621 Πρὸς
3006 4556 3071 4622 ἣν
3125 4553 3358 4606 καὶτὸν
3419 4553 3687 4622 ὴμετέρον
3744 4553 3902 4618 ζῆλον
3966 4554 4028 4603 οὗ

2461 4648 2665 4717 μικρὰν
2706 4650 2839 4717 ἡμῖν
2881 4646 3134 4698 εἰσοίσειν
3168 4645 3520 4706 πιστεύοντες
3552 4645 3648 4712 τὴν
3695 4644 4028 4702 συντέλειαν,

2455 4739 2796 4807 γνωρίζομεν
2829 4741 2894 4807 τῇ
2930 4741 2994 4806 σῇ
3027 4737 3263 4806 ἱερότητι
3312 4738 3373 4788 τὸ
3407 4737 3557 4806 παρὰ
3606 4735 3835 4796 κανόνας
3879 4736 4028 4800 γινό-

2458 4849 2616 4901 μενον
2658 4832 2922 4884 Κίτταὸα.
2969 4830 3107 4884 Ἀλλ’
3148 4831 3296 4892 ὅπως
3350 4830 3423 4900 μή
3478 4846 3565 4897 μοι
3615 4828 3850 4897 γελὰσῃς
3896 4827 4032 4894 πρὸς

2454 4925 2513 4978 τὸ
2558 4925 2829 4995 βάρϐαρον
2874 4925 3065 4994 ὄνομα.
3105 4925 3319 4995 Ἐνορία
3347 4923 3427 4985 τίς
3459 4925 3595 4988 ἐστι,
3621 4925 3686 4992 τῇ
3719 4921 3838 4974 καθ’
3876 4921 4030 4989 ἡμῶν

2456 5020 2859 5088 ἁρχιεπισκοπῇ
2898 5018 3248 5088 διαερέρουσα,
3306 5021 3363 5071 ὲν
3491 5015 3599 5068 τῶν
3639 5032 3722 5078 τις
3779 5015 4031 5083 μοναχῷν

2457 5112 2754 5179 ἁνεγείρων
2789 5107 2938 5163 οἷκον
2964 5111 3272 5180 εύκτήριον,
3296 5108 3545 5176 ἐκωλύθη
3573 5108 3699 5176 παρ’
3736 5107 3913 5176 ἡμῶν,
3954 5105 4029 5168 ὡς
4093 5111 4098 5115 ’

2459 5203 2606 5272 παρὰ
2650 5203 2874 5271 γνώμην
2921 5202 3194 5271 ἡμετέραν
3237 5200 3326 5253 τοῦ
3364 5201 3523 5269 ἔργου
3567 5199 3894 5268 ἀρξάμενος,
3939 5198 4030 5248 καὶ

2461 5296 2596 5363 μήτε
2649 5297 2763 5356 τοῖς
2799 5294 3007 5357 κανόσι,
3053 5294 3190 5362 μήτε
3233 5296 3341 5353 τοῖς
3391 5292 3488 5358 τῆς
3530 5291 3803 5351 πολιτείας
3845 5290 4029 5356 νόμοις

2460 5386 2779 5454 ἐγνωσμένα
2820 5385 3008 5437 ποιῶν.
3063 5385 3120 5436 Ὀ
3162 5384 3218 5436 δὲ
3259 5384 3658 5453 σταυροπήγιον
3704 5398 4028 5449 angam"-

2461 5479 2555 5530 κον
2593 5477 2778 5531 λαϐεῖν
2826 5479 2995 5544 ἔφησε
3050 5476 3143 5528 καὶ
3200 5475 3341 5528 οὕτω
3385 5473 3476 5527 τοῦ
3525 5474 3685 5540 ἔργου
3738 5472 4023 5540 ἄρξασθαι.

2471 5571 2710 5630 Ἐκεῖνος
2739 5570 2835 5638 μὲν
2867 5563 2959 5621 οὖν
3001 5566 3392 5635 ἀκοινωνησίας
3444 5566 3571 5633 παρ’
3618 5565 3773 5633 ἡμῶν
3812 5564 4026 5632 ὲνείἑθη
