4240 6440
230 373 327 436 ΗἸ

1119 373 1498 431 1ειιιςτ(›ι..1ῑ
1537 373 1732 430 LXXV
1781 375 1815 424 ,Χ
1861 370 1911 427 J.
1962 369 2303 426 ιιῐειγιςιο
2347 370 2518 426 Ε1)ΞἸ’
2546 372 2586 426 IL

3359 377 3462 439 H8

225 495 456 560 δεσμοῖς,
495 491 561 540 τὰ
593 491 702 549 τοῖς
735 489 974 551 κανόσιν,
1004 488 1077 550 ὡς
1107 485 1285 552 οἶσθα,
1317 490 1649 560 διωρισμένα
1684 491 1797 540 ἐπι·
1832 495 1869 546 Α

1785 517 1797 525 -
1832 495 1869 546 Α
1903 487 2148 554 scapatui
2185 488 2436 555 proprius
2479 487 2691 554 (4t),'in
2723 503 2830 555 quo
2857 504 2978 542 cum
3017 491 3233 556 quidam
3271 510 3459 546 mom-

225 584 492 635 ϐαλὸν-των
523 579 688 648 αὐτῷ.
758 582 946 649 Ἡμεῖς
982 583 1074 633 καὶ
1115 579 1177 651 Η.
1226 580 1304 650 δὲ]
1344 583 1401 633 οὐ
1450 581 1575 651 περὶ
1611 580 1791 648 ἐλαχί-

227 693 346 728 στου
384 677 443 727 τὸ
474 677 706 742 πρᾶγμα
751 673 1044 741 τιθέμενοι,
1086 674 1176 724 καὶ
1223 673 1300 742 τῷ
1343 675 1655 742 τιμιωτάτῳ
1694 673 1793 741 μὲν

226 765 621 836 χαρτοφύ).ακι,
670 765 844 834 κυρίῳ
877 765 1088 835 Πέτρῳ,
1134 767 1263 834 περὶ
1303 766 1494 816 τούτου
1551 751 1828 834 ἑγράψαέ

231 876 345 924 μεν,
385 859 485 908 ὅσα
531 856 592 908 τὸ
649 856 849 924 μέτρον
914 856 1008 921 τῆς
1050 855 1334 922 ἐπιστολῆς
1384 856 1608 907 ἐνεδίδου
1645 874 1657 886 ·
1703 855 1793 906 καὶ

227 952 286 1016 τῇ
322 952 386 1017 σῇ
421 949 477 1000 δὲ
523 947 775 1015 φιλοθέῳ,
818 947 908 999 καὶ
939 947 1027 998 διὰ
1054 945 1213 998 τοῦτο
1246 947 1577 1014 φιλοκάνονι,
1613 947 1793 1016 τιμιό-

225 1057 342 1106 τητι
387 1040 694 1108 γράφομεν,
736 1037 810 1099 ὡς
859 1040 926 1091 ἀν
966 1039 1055 1090 καὶ
1108 1040 1266 1100 αὐτὸς
1317 1041 1441 1108 περί
1483 1041 1670 1091 τοίτου
1719 1040 1795 1107 τῷ

228 1133 375 1198 ἀνδρὶ
424 1133 712 1202 ὁμιλήσῃς,
761 1131 923 1182 εἰδότι
980 1131 1079 1198 μὲν
1118 1130 1326 1192 οὐδενος
1385 1126 1547 1200 ἦττον
1602 1129 1636 1182 ἀ
1686 1134 1796 1192 τοῖς

229 1225 412 1276 κανόσι
460 1223 764 1292 διώρισται,
827 1223 917 1274 καὶ
965 1222 1084 1291 ἥτις
1141 1223 1411 1274 ἐπίκειται
1480 1222 1635 1290 ποινὴ
1685 1224 1796 1283 τοῖς

230 1315 396 1367 ταῦτα
425 1313 726 1381 παραλύειν
753 1313 1022 1376 ἐθέλουσι,
1064 1315 1203 1380 πλὴν
1233 1315 1330 1366 οὐκ
1359 1313 1456 1365 οἷδ’
1484 1314 1628 1375 ὅπως
1667 1331 1797 1380 συγ-

233 1406 495 1472 χωροῦντι
539 1405 761 1456 τοιαῦτα
814 1405 1082 1472 γίνεσθαι,
1129 1406 1217 1467 ὑφ’
1263 1398 1338 1458 ὧν
1384 1408 1530 1456 πᾶσα
1576 1405 1795 1470 εὐταξία

232 1499 319 1548 καὶ
349 1499 540 1565 εἰρήνη
559 1497 666 1548 τῶν
696 1496 1030 1566 Ἐκκλησιων
1056 1498 1435 1562 ἀπελαύνεται,
1463 1498 1551 1550 καὶ
1575 1499 1635 1549 τὸ
1660 1493 1797 1564 αἷμα

231 1589 318 1640 τοῦ
372 1587 610 1656 Χριστοῦ
659 1588 842 1655 χυθὲν,
906 1588 992 1640 ἵνα
1042 1590 1431 1658 εἰρηνοποιήτῃ
1489 1590 1555 1641 τά
1600 1589 1792 1648 πάντα,

233 1679 386 1730 κενὸν
418 1678 818 1731 ἀποδείκνυται.
866 1679 962 1742 Τίς
997 1681 1103 1749 γὰρ
1148 1681 1207 1732 ὲν
1254 1681 1580 1750 Βουλγάροις
1611 1698 1798 1747 μετου-

233 1770 318 1823 σία
344 1769 424 1840 τῷ
447 1771 1070 1834 Κωνσταντινουπόλεως
1091 1773 1427 1843 πατριάρχῃ,
1459 1776 1595 1841 μήτε
1629 1788 1797 1841 χειρο-

1895 579 2032 629 chus
2067 577 2324 644 templum
2357 585 2410 630 et
2454 579 2758 629 sacrarium
2810 591 3177 640 construeret.
3227 598 3253 634 a
3308 588 3461 638 nobis

1898 666 2193 736 impeditus
2219 677 2320 728 est,
2349 682 2413 720 eo
2441 671 2583 735 quod
2625 678 2820 737 printer
2861 682 3102 726 nostram
3137 679 3460 729 sententiam

1896 771 1947 813 et
1977 760 2266 812 consilium
2294 774 2432 825 Opus
2492 761 2773 828 inceperit,
2802 768 2854 813 et
2888 776 3058 830 neque
3094 767 3266 819 sacris
3296 781 3469 819 cano-

1897 851 2084 912 nibus,
2128 866 2304 918 neque
2352 851 2664 917 reipublicae
2709 852 2915 920 legibus
2959 865 3083 906 nota
3128 862 3179 906 et
3224 871 3464 910 coosona

1899 941 2121 993 molitus
2145 942 2326 995 fuerit.
2354 941 2454 1004 Qui
2483 942 2849 1007 patriarchico
2875 942 3012 1010 jure,
3042 958 3258 997 crucem
3283 945 3336 998 in
3374 947 3467 1000 illo

1899 1033 2021 1084 loco
2061 1034 2288 1102 ai'ligens
2316 1033 2470 1096 dixit,
2511 1050 2567 1085 se
2595 1034 2666 1085 ita
2698 1049 2833 1100 opus
2867 1036 2996 1086 illud
3031 1036 3342 1090 inchoasse.
3376 1039 3469 1092 Ille

1899 1136 2080 1176 autem
2148 1141 2176 1176 a
2232 1125 2390 1176 nobis
2454 1125 2813 1177 nihilominus
2879 1129 3470 1182 excommunicationis

1901 1216 2138 1268 vinculis
2165 1224 2246 1266 est
2271 1216 2544 1285 alligatus.
2583 1230 2742 1284 atque
2769 1218 2821 1269 in
2853 1217 3027 1280 illum,
3053 1234 3174 1285 qua:
3201 1234 3465 1283 canones,

1902 1320 1957 1361 ut
1982 1309 2146 1371 nosti,
2180 1307 2446 1360 deﬁniunt
2478 1317 2530 1360 et
2565 1308 2886 1372 decernunt,
2937 1313 3324 1378 protrusimus.
3360 1312 3468 1366 Nos

1900 1410 2077 1454 autem
2107 1416 2244 1469 opus
2275 1399 2405 1452 illud
2437 1415 2540 1453 non
2573 1401 2780 1454 minimi
2812 1403 3102 1466 facientes,
3143 1404 3210 1458 ad
3239 1406 3471 1458 scrinio-

1900 1510 2015 1546 rum
2058 1491 2368 1561 praefectum
2400 1491 2682 1544 dominum
2729 1491 2970 1552 Petrum,
3001 1495 3068 1548 de
3099 1495 3201 1549 hac
3244 1511 3300 1548 re
3329 1497 3469 1549 scri-

1903 1585 2132 1652 psimus,
2177 1592 2439 1651 quantum
2473 1585 2552 1635 vel
2580 1584 2824 1651 epistolae
2857 1584 3048 1637 modus
3078 1590 3341 1649 permisit.
3376 1588 3470 1641 Αι-

1899 1689 2005 1742 que
2034 1675 2193 1727 etiam
2233 1676 2298 1727 ad
2324 1685 2394 1727 te.
2430 1674 2522 1742 qui
2559 1674 2723 1726 Deum
2746 1674 2944 1743 diligis,
2983 1685 3036 1729 et
3070 1679 3139 1730 ob
3167 1678 3268 1732 hoc
3301 1693 3467 1731 eano-

1903 1780 2032 1817 num
2055 1766 2314 1819 observas
2363 1765 2529 1831 leges,
2578 1766 2895 1831 scribimus,
2927 1778 2983 1820 ut
3014 1768 3229 1823 etiamsi
3261 1771 3372 1838 ipse
3405 1773 3469 1824 de

230 1831 406 1926 τονίας
447 1862 535 1916 ἐπ’
564 1864 701 1933 αὐτῇ
732 1863 917 1916 δίκαια
960 1831 1156 1932 ἔχοντι,
1494 1831 1583 1916 ei»:
1616 1831 1797 1935 ἀρχιεο
1827 1831 1872 1888 Β
1902 1881 1904 1907 ι

1791 1895 1797 1904 .
1827 1831 1872 1888 Β
1902 1859 2001 1908 hac
2024 1870 2101 1919 re,
2131 1871 2253 1909 cum
2285 1856 2384 1908 hoc
2411 1857 2526 1909 viro
2557 1871 2861 1912 sermonem
2897 1860 3104 1920 inieris.
3130 1863 3220 1929 qui
3250 1863 3465 1929 quidem

233 1953 498 2005 πίσκοπον
529 1955 921 2022 αὐτοκέφαλον,
978 1953 1105 2023 μήτ’
1153 1953 1279 2007 ἄλλο
1327 1971 1377 2005 τι
1432 1952 1797 2022 διαδεξαμένιιι

232 2049 369 2100 κατά
427 2049 634 2117 ταύτης
701 2047 1045 2118 προνόμιον;
1102 2047 1201 2100 Διά
1261 2047 1403 2109 τίνος
1453 2046 1507 2098 δὲ
1568 2047 1660 2099 καὶ
1729 2046 1798 2098 τὰ

233 2139 523 2206 σφάλματα
568 2138 678 2191 τῶν
719 2139 968 2208 μοναχῶν
1021 2142 1119 2208 τῆς
1159 2140 1302 2191 κατὰ
1359 2139 1583 2206 γνώμην
1631 2135 1794 2190 αὐτοῦ

233 2229 504 2298 συστάσης
555 2230 719 2298 μονῆς
761 2231 1131 2299 τηρηθήσεται
1182 2232 1274 2284 καὶ
1324 2230 1794 2298 διοροωθήσεται;

233 2323 326 2375 Διά
351 2323 447 2375 τοῦ
489 2323 559 2374 τὰ
587 2323 693 2374 τῶν
736 2323 1112 2392 ὑποκειμένων
1152 2323 1314 2376 αὐτοῦ
1346 2323 1519 2376 ἄλλων
1553 2321 1798 2390 μοναχῶν

232 2414 666 2484 ἑπικρατοῦντο,,
702 2415 791 2466 καῖ
827 2414 1215 2478 διευούνοντος,
1243 2414 1300 2465 ὃν
1345 2414 1566 2481 ἔξαρχον
1605 2413 1800 2481 ὀνομά-

233 2507 412 2575 ζομεν.
457 2508 562 2558 Καὶ
603 2509 754 2568 ποῖος
799 2505 943 2557 οὕτω
994 2506 1238 2572 Κρονίων
1281 2507 1417 2569 ὄζων
1446 2505 1799 2572 κεκεσέληνος

237 2599 378 2668 ιερῷ,
435 2600 499 2651 τὸ
547 2599 639 2651 τοῦ
681 2598 925 2665 κωμικού
969 2599 1081 2668 (42)
1133 2601 1189 2648 ὲν
1237 2601 1518 2666 τραγικοῖς
1551 2596 1796 2660 πάθεσιν,

233 2692 288 2755 ὃς
317 2691 953 2745 Κωνσταντινουττολὶτου
966 2692 1268 2759 παρουσίαν
1302 2690 1530 2756 ὲξάρχου
1558 2690 1613 2740 ἐν
1642 2689 1802 2739 8ου).-

235 2784 420 2852 γάροις
462 2782 696 2852 μετρίως
734 2785 890 2844 οἴσει,
929 2784 1021 2834 καὶ
1060 2781 1156 2850 οὐχ
1196 2780 1268 2843 ὡς
1312 2782 1479 2849 μοιχῷ
1517 2782 1798 2849 χρήσεται,

240 2875 431 2942 μεστὸν
465 2873 629 2942 ζήλου
678 2874 867 2940 Ουμὲιν,
905 2875 931 2925 ὅ
975 2890 1105 2941 φησι
1151 2872 1419 2940 Σολομὼν,
1454 2872 1798 2938 ἐνδεικνύμε-

237 2980 361 3028 νοςς
399 2964 542 3030 Ἐγὼ
582 2966 679 3031 μὲν
723 2964 815 3016 οὐν
865 2966 964 3016 οὐκ
997 2959 1170 3030 οἶμαι.
1223 2964 1316 3025 Τίς
1351 2964 1393 3014 δ’
1425 2965 1489 3015 ἂν
1519 2963 1674 3024 ἄλλος
1709 2963 1802 3014 καὶ

238 3057 368 3124 πρὸς
397 3055 569 3125 αὐτὴν
597 3056 693 3124 τὴν
739 3056 1079 3121 ἀπαγγελίαν
1107 3057 1166 3106 οὐ
1191 3056 1529 3124 δυσχεραίνοι
1559 3053 1651 3105 τοῦ
1678 3055 1799 3106 ἀνοο

1901 1948 2262 2001 nihilominus
2298 1958 2504 2011 tamen,
2538 1965 2659 2020 qua:
2691 1965 2934 2004 canones
2978 1962 3226 2006 statuunt
3265 1956 3470 2023 Optime

1901 2040 2163 2107 percepit.
2218 2048 2272 2092 et
2316 2055 2436 2107 qua:
2494 2055 2649 2107 paena
2721 2042 2806 2094 his
2856 2043 3154 2111 proposita,
3211 2045 3302 2113 qui
3356 2046 3470 2098 hace

1900 2132 2181 2200 praeterire
2199 2138 2252 2184 et
2279 2130 2585 2185 dissolvere
2610 2135 2877 2188 nituntur.
2905 2133 3174 2188 (la-terum
3206 2151 3312 2188 non
3347 2138 3469 2189 nm'i

1903 2221 2184 2290 quomodo
2220 2223 2304 2276 his
2345 2238 2452 2276 non
2493 2225 2834 2290 rcclamanti,
2887 2240 2986 2279 nec
3029 2227 3323 2281 obsistenti
3357 2229 3472 2281 han:

1901 2313 2175 2378 accidant,
2210 2329 2237 2366 a
2262 2315 2460 2381 quibus
2486 2317 2665 2369 omnis
2690 2316 2846 2379 ordo,
2877 2328 2928 2370 ct
2963 2318 3330 2372 Ecclesiarum
3367 2338 3466 2389 pax

1903 2407 2205 2473 repellitur,
2238 2418 2291 2459 et
2333 2408 2447 2474 ipse
2495 2407 2704 2462 Christi
2739 2410 2986 2475 sanguis,
3017 2422 3078 2463 ut
3120 2415 3301 2464 omnia
3336 2430 3470 2480 pace

1902 2500 2160 2552 comleret
2208 2500 2436 2560 ell‘usus.
2489 2501 2678 2554 irritus
2721 2501 2939 2568 quidem
2973 2518 3108 2569 pene
3141 2507 3466 2558 ostend.tur.

1902 2590 2032 2654 Qua:
2057 2592 2200 2643 enim
2238 2592 2377 2644 inter
2410 2591 2670 2660 Bulgaros
2699 2593 3043 2661 participatio
3072 2607 3123 2648 et
3156 2599 3470 2650 conminnin

1902 2698 2025 2736 cum
2083 2684 2690 2750 Constantinopolitano
2738 2686 3088 2751 patriarcha,
3149 2689 3239 2756 qui
3296 2704 3471 2757 neque

1905 2775 2162 2842 sitm-agia
2208 2774 2355 2842 jnsta
2398 2776 2448 2827 in
2485 2775 2682 2843 ipsam,
2713 2786 2807 2830 aut
2836 2787 2958 2830 vota
2992 2778 3174 2840 habet,
3216 2796 3338 2848 qua:
3379 2797 3469 2833 ar-

1907 2867 2332 2934 chiepiscopum,
2388 2869 2539 2934 quasi
2595 2867 2696 2920 sibi
2760 2869 3040 2937 proprium
3091 2883 3260 2938 caput
3295 2875 3467 2941 respi-

1912 2961 2079 3020 ciant,
2119 2976 2291 3029 neque
2323 2961 2469 3012 aliud
2505 2962 2849 3028 prhilegium
2888 2963 3034 3015 circa
3087 2964 3260 3032 ipsam
3293 2967 3471 3018 conti-

1906 3052 2058 3104 neat?
2094 3052 2317 3119 Propter
2342 3066 2500 3118 quem
2539 3053 2930 3104 monachorum
2963 3053 3184 3119 delicta,
3225 3064 3280 3108 et
3318 3073 3472 3110 eno-

240 3148 508 3216 μήματος,
569 3146 847 3206 εὐσεϐείας
902 3149 1032 3213 γοῦν
1102 3146 1580 3215 ὲμπεριπατούσης
1648 3147 1914 3220 ἡμῖν,(;ι

1793 3186 1797 3206 ,
1829 3164 1871 3220 C
1908 3159 1992 3196 res
2029 3144 2200 3210 ipsius
2247 3144 2512 3195 sententia
2562 3154 2612 3194 et
2653 3144 3072 3208 constitutione,
3103 3155 3155 3199 et
3185 3148 3467 3203 observari

237 3240 326 3289 καὶ
354 3239 596 3290 κανόνων
629 3238 930 3289 δοκούντων
966 3239 1195 3304 ἐμπνεῖν
1240 3238 1317 3288 ἔτι
1364 3235 1438 3303 τῷ
1491 3234 1610 3285 καθ’
1655 3236 1799 3302 ἡμᾶς

237 3330 592 3398 πολιτεύματι
622 3346 635 3390 ;
688 3329 747 3380 Εἰ
783 3328 881 3396 μὲν
913 3328 1004 3380 οὖν
1041 3329 1131 3379 καὶ
1157 3328 1216 3378 τὸ
1243 3327 1511 3394 ἡμέτερον
1546 3326 1796 3397 γράμμα.

235 3423 324 3473 καὶ
355 3421 382 3472 δ
416 3421 506 3480 σος
539 3421 716 3487 λόγος,
739 3421 800 3472 τὸ
847 3419 1279 3489 σπουδαζόμενον
1315 3418 1611 3481 ὲξανύσειε,
1644 3419 1800 3485 χάρις

240 3513 334 3579 μὲν
354 3513 431 3582 τῷ
465 3512 565 3579 τῆς
591 3511 844 3575 εὐταξίας
873 3511 966 3562 καὶ
996 3511 1218 3578 εἰρήνης
1247 3510 1364 3577 Θεῷ
1392 3525 1406 3539 ⁸
1440 3509 1595 3578 χάρις
1624 3509 1679 3559 δὲ
1710 3509 1801 3560 καὶ

236 3606 295 3670 τῇ
350 3603 593 3671 ὑμετέρᾳ
643 3603 852 3672 ἀγάπῃ,
900 3597 967 3669 ἧς
1024 3602 1114 3652 καὶ
1157 3600 1303 3669 αὐτῷ
1345 3599 1435 3651 καὶ
1481 3599 1640 3660 αὐτὸς
1673 3600 1802 3659 Θεὸς

236 3688 370 3744 εἶναι
411 3696 507 3745 καὶ
539 3694 756 3757 λέγεται
787 3693 879 3745 καὶ
911 3692 1245 3744 πιστεύεται.
1290 3693 1350 3743 Ei
1381 3691 1436 3742 δὲ
1461 3692 1802 3757 κοιφεύσαιεν

240 3786 366 3853 πρὸς
421 3785 596 3837 ταῦτα
637 3786 685 3836 οἱ
739 3784 965 3850 δύναμοι
1016 3784 1127 3852 (45)
1188 3782 1254 3834 τὰ
1314 3782 1496 3842 κακῶς
1547 3782 1802 3848 γινόμενα

242 3876 659 3946 διορθώσασθαι,
698 3877 909 3943 ἀνάγκη
937 3876 1031 3926 καὶ
1067 3875 1370 3942 κοινότερον
1407 3871 1688 3936 ἐκϐοῆσαι,
1711 3871 1802 3924 καὶ

240 3969 368 4036 πρὸς
391 3969 609 4028 πλείους
634 3965 930 4032 ἐκλαλῆσαι
957 3964 1015 4015 τὸ
1040 3964 1259 4032 ἄλγημα
1281 3977 1296 3991 '
1318 3963 1370 4013 ετ
1395 3961 1454 4028 γέ
1484 3978 1624 4021 τινες
1656 3962 1807 4029 εὐρεο

239 4061 375 4112 θεῖεν
403 4062 450 4111 οἱ
479 4060 636 4112 τοῦτο
661 4057 910 4112 ἰάσασθαι
949 4055 1328 4126 βουλησόμενοί
1356 4071 1414 4105 τε
1452 4054 1546 4106 καὶ
1576 4053 1802 4121 δυνησό-

244 4169 410 4220 μενοι.
455 4153 603 4220 Πλὴν
630 4147 915 4217 ἀλλἐὐχου
945 4150 1078 4216 ἡμῖν
1095 4147 1155 4198 τὸ
1177 4146 1689 4213 ἀπραγμονέστερον
1713 4145 1805 4196 καὶ

240 4243 676 4312 ειρηνικώτερον.
701 4241 772 4293 Οὐ
797 4241 1017 4292 πώποτε
1043 4239 1169 4308 γὰρ,
1193 4236 1315 4288 οὔτε
1338 4237 1487 4288 αὐτοὶ
1512 4237 1806 4302 πράγματα

239 4333 394 4402 ἔχειν,
425 4333 548 4384 οὔτε
585 4333 762 4393 ἄλλοις
811 4331 1069 4399 παρέχειν
1119 4327 1564 4396 ἐπεθυμήσαμεν.
1615 4328 1677 4378 Ὂ
1713 4328 1805 4378 καὶ

244 4426 332 4476 νῦν
364 4427 493 4493 ἡμῖν
526 4425 750 4492 προσείη
772 4425 889 4481 ταῖς
915 4423 1033 4481 σαῖς
1071 4419 1277 4487 εὐχαῖς,
1307 4419 1526 4485 πανίερε
1550 4418 1801 4471 δέσποτα.

1906 3233 2138 3299 possint,
2170 3240 2222 3282 et
2257 3231 2399 3296 capi,
2425 3243 2477 3282 et
2500 3229 2652 3296 juxta
2679 3232 2877 3300 corrigi
2899 3233 3177 3299 tequitate,
3204 3235 3275 3289 ob
3297 3236 3470 3300 illum,

1902 3321 1993 3388 qui
2035 3321 2266 3373 aliorum
2309 3322 2730 3384 monachorum,
2766 3324 2856 3391 qui
2895 3324 2995 3392 ipsi
3051 3335 3268 3392 parent.
3304 3343 3469 3394 opera

1904 3422 1954 3465 et
2000 3412 2179 3465 studia
2225 3413 2449 3481 subigit,
2489 3422 2542 3464 et
2587 3414 2821 3480 quadam
2869 3415 3034 3468 veluti
3086 3418 3472 3471 emendatione

1905 3503 2095 3563 reiicit,
2145 3519 2302 3570 quem
2366 3504 2657 3556 exarchum
2715 3521 3117 3578 nuncupamus.
3184 3507 3247 3561 Et
3288 3512 3470 3577 qualis

1904 3597 2138 3648 Cronion
2190 3597 2258 3646 ila
2311 3597 2420 3646 olet
2472 3595 2850 3657 Beceselenus.
2909 3608 2967 3652 ut
3015 3600 3145 3654 illud
3185 3603 3377 3655 comici
3417 3605 3468 3656 in

1908 3690 2129 3756 tragicis
2161 3687 2440 3740 all-ctihus
2472 3687 2669 3741 dicam.
2708 3690 2843 3754 Quis
2879 3689 3470 3762 Constantinopolitani

1904 3781 2121 3834 (ειμι-(τιεί
2149 3782 2485 3846 przcsentiam
2523 3782 2574 3832 in
2625 3781 2888 3850 Bulgaros
2931 3785 3278 3839 mediocriter
3311 3771 3469 3850 feret,

1906 3881 1958 3924 et
2004 3870 2093 3923 iilu
2130 3886 2235 3922 non
2286 3879 2341 3921 ut
2379 3869 2628 3922 adultero
2665 3882 2870 3935 utetur,
2925 3875 3138 3942 plenum
3195 3877 3312 3928 zelo
3353 3879 3472 3930 ani-

1908 3979 2078 4022 mum.
2111 3963 2255 4030 quod
2289 3963 2467 4030 inquit
2500 3959 2779 4026 Salomon,
2830 3965 3189 4020 manifestans
3222 3968 3293 4020 ἠ
3313 3968 3474 4036 Equi-

1907 4056 2051 4119 dem,
2087 4069 2191 4107 non
2235 4054 2492 4115 arbitror,
2541 4053 2664 4121 quis
2695 4054 2836 4106 alius
2870 4056 2934 4108 ad
2972 4058 3142 4124 ipsant
3197 4059 3361 4126 hujus
3392 4061 3470 4114 rei

1907 4143 2500 4206 commemorationem,
2531 4142 2796 4213 ﬂagitium
2823 4149 2922 4202 hoc
2953 4166 3058 4204 non
3093 4167 3235 4221 agre
3277 4153 3470 4216 ferret,

1908 4234 2209 4303 praesertim
2254 4245 2374 4282 cum
2413 4231 2602 4298 religio
2632 4232 2839 4285 circum
2899 4252 3000 4288 nos
3051 4238 3384 4301 obambulet,
3418 4249 3474 4293 et

1910 4326 2014 4394 ipsi
2075 4331 2318 4376 canones
2365 4330 2552 4374 nostro
2591 4322 2802 4376 vivendi
2839 4326 3090 4381 instituto
3138 4343 3352 4397 semper
3384 4327 3466 4381 af-

1908 4415 2038 4468 ﬂare
2072 4413 2376 4467 videantur.
2411 4411 2469 4465 Si
2501 4429 2626 4465 vero
2662 4417 2741 4467 ha:
2769 4429 2971 4470 nostra:
3005 4419 3217 4481 litterae,
3257 4427 3312 4473 et
3345 4430 3472 4473 tuus

246 4533 420 4574 sermo
453 4533 632 4571 rerum
665 4517 807 4569 hunc
845 4524 1102 4568 conatum
1130 4512 1483 4581 perlecerint,
1517 4513 1693 4580 gratia
1723 4511 1794 4564 sit
1834 4508 2112 4564 modestiae
2138 4514 2192 4560 et
2225 4505 2373 4574 pacis
2413 4503 2554 4566 Deo;
2597 4504 2768 4572 gratia
2800 4509 2983 4570 etiam,
3016 4518 3070 4562 et
3138 4521 3331 4564 vestra:
3388 4511 3472 4563 di-

244 4612 476 4668 leCtiOni,
513 4619 564 4660 et
594 4605 868 4667 charitati,
901 4603 1059 4670 cujus
1090 4612 1144 4655 et
1170 4602 1278 4663 hic,
1311 4609 1365 4654 et
1397 4601 1510 4668 ipse
1547 4599 1687 4654 Deus
1714 4601 1914 4653 dicitur
1946 4607 2000 4653 ει
2029 4595 2292 4650 creditur,
2323 4592 2378 4646 Si
2414 4601 2594 4648 autem
2621 4598 2685 4648 ad
2749 4598 2882 4660 hac,
2951 4598 3116 4670 664
3178 4602 3293 4669 qui,
3353 4617 3473 4669 qua:

242 4707 374 4759 male
401 4708 706 4756 evenerunt
734 4697 1010 4765 corrigere
1077 4702 1332 4763 possunt,
1401 4692 1569 4746 veluti
1640 4691 1793 4746 surdi
1861 4693 2044 4751 silent,
2079 4700 2304 4741 necesse
2332 4686 2436 4739 erit
2487 4699 2776 4742 commune
2813 4693 3148 4757 proclamare
3187 4692 3470 4746 auxilium:

241 4813 289 4856 et
321 4803 383 4853 ad
417 4795 678 4867 populum
743 4792 889 4844 hunc
939 4795 1182 4842 nostrum
1232 4786 1485 4854 evulgare
1533 4784 1793 4838 dolorem.
1839 4784 1894 4837 Si
1924 4796 2050 4836 vero
2086 4779 2253 4848 aliqui
2286 4781 2488 4832 inventi
2520 4779 2746 4842 fuerint,
2786 4782 2878 4846 qui
2937 4781 3062 4834 huic
3128 4784 3205 4835 rei
3268 4784 3469 4841 mederi

241 4907 288 4952 et
312 4895 474 4948 velint
505 4905 553 4941 ei
577 4885 812 4956 possint,
842 4889 1215 4935 verumtamen
1242 4888 1297 4932 ιιι
1325 4876 1799 4946 tranquillitatem,
1843 4883 1896 4929 et
1937 4883 2116 4927 tutum
2196 4870 2345 4939 pacis
2387 4878 2589 4923 statum
2640 4872 2799 4927 nobis
2837 4887 3079 4941 precare.
3129 4873 3246 4928 Non
3326 4875 3469 4928 enim

244 5009 410 5062 neque
443 5006 542 5044 nos
571 4989 674 5058 ipsi
716 4982 963 5037 molestia
994 4979 1102 5034 ulla
1135 4978 1297 5042 allici,
1335 4991 1512 5045 neque
1547 4974 1671 5030 aliis
1701 4974 1974 5042 negOtium
2063 4969 2335 5024 facessere
2402 4969 2730 5037 optavimus.
2810 4968 2966 5034 Quod
3026 4970 3243 5038 quidem
3327 4986 3473 5029 nunc

244 5092 343 5143 tuis
385 5086 543 5140 nobis
578 5081 852 5152 precibus.
883 5093 915 5131 o
945 5074 1291 5130 sanctissime
1330 5071 1549 5125 domine
1596 5108 1610 5132 ,
1651 5067 1807 5122 facile
1845 5066 2145 5135 contingat.

804 5167 1032 5223 ΕΠΙΣΤ.
1066 5165 1198 5219 κιιο.

547 5263 630 5327 Τῷ
651 5261 1058 5331 χαρτοφύλακι
1089 5255 1273 5323 κυρίῳ
1308 5254 1554 5321 Νικήτᾳ.

311 5357 592 5412 Διαπτᾶσά
623 5369 705 5417 τις
733 5355 891 5420 φήμη
920 5349 1047 5417 περὶ
1079 5349 1251 5416 ὑμῶν,
1311 5346 1434 5413 ἅγιε
1467 5345 1646 5415 Πάτερ
1705 5344 1800 5396 καὶ

2443 5149 2661 5206 EPIS'I'.
2701 5147 2934 5206 XXVIII.

2256 5249 2474 5300 Domino
2494 5246 2689 5299 Niceten
2709 5242 3120 5313 chartophylaci'.

1975 5340 2108 5394 Cum
2160 5340 2226 5394 ad
2282 5354 2378 5393 nos
2415 5337 2554 5392 fama
2585 5336 2653 5390 de
2678 5335 2876 5389 vestris
2920 5335 3085 5390 rebus
3115 5336 3474 5404 pervolasset,

1398 5456 1602 5517 νεικείω
1650 5455 1957 5516 lectiones
2002 5459 2062 5513 et
2087 5457 2272 5512 notae.

314 5592 419 5659 (ιι)
453 5590 543 5642 Sic
604 5588 914 5659 vertendum
951 5593 1130 5659 monet
1164 5583 1227 5659 ΔΙ).
1253 5579 1446 5659 IIasius
1471 5577 1534 5659 ad
1564 5574 1795 5655 Leonem

251 5649 563 5716 Iliaco'num,
595 5673 645 5723 p.
676 5656 802 5715 255,
836 5653 922 5706 ed.
958 5653 1126 5704 Paris.
1154 5653 1321 5723 Antea
1351 5649 1647 5723 legebatur.
1680 5649 1798 5712 qui.

257 5739 372 5780 nam
398 5730 496 5780 loci
525 5716 775 5778 ter-minus
808 5741 838 5775 a
868 5734 1046 5776 nostro
1070 5721 1520 5784 archiepiscopum
1540 5716 1796 5766 diversus.

255 5797 398 5853 Ευιτ.
429 5797 599 5850 Pun.

323 5887 848 5957 (42)K£xs0'é111r0g
872 5880 1001 5951 ἱερῷ
1030 5883 1090 5934 τὸ
1123 5880 1228 5933 τοῦ
1244 5877 1522 5946 κωμικοῦ.
1553 5876 1800 5930 Restituo

1904 5583 1955 5626 et
2010 5575 2333 5641 interpungo
2398 5568 2843 5641 perecékqvoaiv
2875 5563 3005 5635 ιερῷ
3068 5568 3128 5620 τὸ
3171 5584 3223 5622 τ.
3269 5585 3323 5624 κ.
3369 5567 3474 5626 Re-

1905 5646 2079 5712 spexit
2107 5636 2321 5696 versum
2358 5636 2632 5706 A'rist0ph.
2665 5636 2903 5690 Nubibus
2930 5651 2948 5688 :

1907 5736 2010 5788 Kal
2048 5733 2194 5796 πῶς,
2255 5727 2300 5785 ὦ
2343 5734 2501 5798 μωρὲ
2555 5730 2658 5788 σὺ.
2709 5729 2805 5780 καὶ
2855 5728 3116 5798 Κρονίων
3158 5727 3322 5786 eam.
3372 5732 3469 5782 xui

3055 5796 3442 5866 Ιβεκεσέληνιι
3453 5835 3469 5857 .

1983 5873 2096 5942 (43)
2145 5875 2206 5925 01
2244 5872 2512 5940 otii-apvt.
2553 5869 2728 5924 Strib.
2762 5868 3072 5937 δυνάμενοι.
