4240 6440
228 364 332 428 499

1105 372 1487 433 ΕΡΧΞΤΟῙΛΞ
1522 374 1720 433 LXXV
1760 376 1800 430 Α
1841 372 1894 434 Ι.
1947 373 2297 435 MEURSIO
2334 374 2599 434 ΕΒΙΤᾹΞ.

3356 373 3460 435 430

232 479 425 547 νοῦμξν
456 480 543 532 καὶ
564 481 663 550 τὴν
696 483 1062 552 παράκλησιν·
1099 487 1218 537 ἐπεὶ
1243 489 1334 539 καὶ
1366 488 1565 555 Πατὴρ
1590 487 1795 553 πάσης
1830 500 1865 548 Α
1903 509 1906 556 ι

1786 507 1795 521 ι
1830 500 1865 548 Α
1903 488 2123 556 perfert,
2158 504 2277 557 qua:
2313 491 2378 541 ad
2412 488 2759 542 scribendum
2799 503 2881 542 me
2916 487 3269 557 compellunt,
3306 488 3460 543 l'acne

230 573 663 640 παρακλήσεως
714 573 949 641 λέγεται.
984 577 1152 639 Αὐτὸς
1195 578 1250 629 δὲ
1291 579 1380 631 τὸν
1412 580 1676 648 ’Ὕψιστον
1701 597 1793 632 κει-

227 663 469 732 ταςυγὴν
518 666 713 717 ἑαυτοῦ
756 667 1141 736 ποιησάμενος,
1182 672 1280 723 οὐκ
1308 672 1410 742 ὄψῃ
1445 676 1591 728 κακὰ
1621 693 1789 742 προσ-

229 756 493 823 ερχόμενά
521 774 620 818 σοι,
652 761 742 811 καὶ
770 759 992 826 μάστιξ
1016 764 1124 815 οὐκ
1152 763 1333 831 ἐγγιεῐ
1354 762 1431 828 τῷ
1448 768 1795 835 σκηνώματί

227 863 359 904 σου,
422 850 759 918 τηρουμένου
814 851 995 922 πάσης
1044 854 1318 925 ἁνωτέρου
1351 860 1667 921 κακύνσεως
1700 863 1792 914 καὶ

229 942 542 1003 γακέῖισεως.

1896 579 2193 635 cnarrabit.
2243 579 2377 635 Nam
2431 597 2553 634 cum
2611 591 2798 634 noster
2845 581 2951 643 sit,
2997 589 3050 632 ct
3095 588 3315 648 propter
3362 582 3463 633 lioe

1896 672 2052 725 nobis
2092 673 2255 734 adsit,
2291 682 2348 724 ut
2390 672 2625 741 primum
2666 670 2799 732 hac,
2843 685 2962 732 qua:
2991 669 3057 723 ad
3091 681 3141 723 te
3180 671 3461 724 enuntiata

1894 776 2048 821 sunt.
2084 765 2325 827 audivit,
2357 764 2633 818 communi
2667 764 2957 817 nobiscum
2990 762 3183 830 spiritu
3214 762 3459 831 percepit

1889 870 1943 910 et
1973 859 2107 910 bene
2131 858 2425 919 memoriae,
2461 872 2581 923 qua:
2614 857 2841 917 audivit,
2873 854 3176 915 mandavit,
3211 865 3266 905 ut
3294 855 3336 907 si
3369 854 3458 906 illa

1891 948 2093 1002 referre
2125 956 2177 998 et
2207 948 2387 1015 eloqui
2423 956 2650 1000 coactus
2688 945 2869 1006 fuerit,
2909 947 3172 1014 linguam,
3211 948 3454 1014 magistri

225 1035 438 1088 casibus
477 1044 530 1088 et
572 1039 861 1093 eventibus
906 1041 1255 1109 magistram,
1301 1054 1354 1097 et
1392 1043 1620 1112 peritum
1657 1061 1779 1100 vere
1817 1042 2085 1096 ostendat.
2112 1040 2221 1093 Sed
2254 1042 2396 1093 enim
2432 1056 2531 1093 nos
2591 1039 2772 1107 ﬂagris
2806 1055 2831 1088 ει
2862 1037 3018 1090 Patre
3057 1037 3303 1105 oppressi
3380 1037 3448 1089 al.

228 1122 313 1180 illo
351 1129 780 1183 consolationem
826 1133 1288 1201 exspectabimus,
1360 1136 1616 1203 quoniam
1686 1134 1850 1187 Pater
1909 1132 2076 1184 omnis
2124 1132 2503 1185 consola:ionis
2537 1130 2736 1185 dicitur
2766 1127 2830 1182 ’⁸.
2881 1125 2961 1181 'l'u
3015 1134 3194 1180 autem
3248 1142 3370 1179 cum
3421 1146 3443 1180 ιτ

226 1224 393 1282 tcipso
432 1220 587 1286 longe
616 1219 862 1289 effugies,
900 1222 1040 1275 mala
1083 1239 1202 1291 qum
1230 1226 1328 1277 tilii
1363 1226 1643 1279 imminent
1704 1241 1811 1277 nun
1874 1224 2197 1290 conspicias,
2234 1232 2285 1275 ct
2322 1222 2588 1291 ﬂagellum
2625 1221 2803 1271 domui
2848 1230 2951 1273 tua:
3020 1234 3120 1271 non
3160 1220 3443 1286 appropiiu

221 1314 394 1382 quabil
430 1314 496 1376 ",
541 1312 635 1367 sed
681 1317 829 1369 omni
877 1327 1028 1373 tutus
1076 1321 1282 1374 scelere
1328 1327 1382 1372 ct
1428 1320 1786 1391 oppressione
1824 1319 2179 1372 custodieris.

792 1410 1015 1466 ΕΠΙΣΤ.
1063 1412 1186 1465 AB’.

596 1498 679 1563 Τῷ
699 1501 1013 1567 ἐπισκόπῳ
1052 1503 1402 1570 Ίριαδίτζῒις.

300 1590 635 1655 Ἔδεξάμεθά
666 1608 760 1643 σου
806 1592 902 1662 τὴν
941 1594 1177 1664 γραφὴν,
1209 1598 1504 1663 τιμιώτατε
1564 1598 1781 1665 ἀδελφὲ,

222 1681 276 1730 ὲν
370 1677 693 1748 εὐγνώμονα
712 1680 811 1749 μὲν
832 1682 1024 1735 σαυτὸν
1049 1684 1298 1754 συνίστης
1326 1687 1475 1752 ἡμῖν,
1510 1687 1602 1740 καὶ
1632 1689 1785 1757 ὡμο-

2324 1408 2487 1479 θῖο
2529 1404 2744 1460 msr.
2788 1404 3012 1462 χχχιι.

2374 1499 2664 1552 Triaditzw
2700 1499 2962 1565 episcopo.

1958 1592 2101 1646 Tuas
2144 1593 2351 1645 litteras
2380 1591 2590 1657 accepi,
2634 1590 2835 1659 inclyte
2868 1588 3056 1653 frater,
3087 1590 3143 1643 in
3174 1592 3372 1660 quibus
3403 1604 3455 1649 te

1888 1683 2047 1736 nobis
2077 1681 2399 1736 benevolum
2432 1688 2484 1733 et
2526 1695 2755 1747 pronum
2792 1680 3081 1734 constituis
3116 1689 3170 1734 et
3197 1695 3295 1736 nos
3326 1683 3379 1735 in
3409 1694 3459 1736 te

219 1769 392 1836 λόγεις
418 1771 738 1840 εὐεργέτας,
770 1773 865 1826 καὶ
889 1775 1170 1842 κρείττους
1214 1778 1418 1848 πατρὸς
1448 1780 1540 1830 καὶ
1572 1780 1778 1848 μητρὸς
1817 1814 1857 1871 Β
1886 1794 1893 1823 4

1817 1814 1857 1871 Β
1886 1774 2187 1828 collocasse
2212 1771 2733 1835 beneficia,etpatre
2749 1778 2800 1822 et
2820 1780 2991 1824 matre
3008 1781 3062 1824 et
3086 1772 3313 1841 reliquis
3331 1789 3455 1842 pro-

220 1863 308 1913 καὶ
342 1864 544 1914 λοιπῶν
567 1866 862 1932 συγγενῶν.
905 1868 1114 1933 Ὴξίους
1147 1870 1201 1921 δὲ
1232 1871 1325 1923 καὶ
1354 1870 1447 1923 τοῦ
1472 1872 1670 1941 δεσμοῦ
1690 1872 1783 1925 λῦσ-

222 1970 298 2005 σιν
326 1954 533 2019 λαϐεῖν,
552 1958 607 2019 ὃς
646 1960 793 2027 παρὰ
831 1960 926 2028 τῆς
956 1961 1315 2032 συνελθούσης
1348 1966 1478 2032 ἡμῖν
1496 1966 1787 2035 ἀδελφότη-

219 2063 305 2107 τος
349 2049 578 2119 ἐπετέθη
625 2066 727 2113 σοι,
758 2050 832 2113 ὡς
885 2052 958 2123 μὴ
1016 2054 1109 2108 καὶ
1162 2055 1310 2126 αὐτῷ
1336 2057 1661 2122 συνελθόντι,
1692 2064 1784 2113 καὶ

218 2136 379 2188 ταῦτα
419 2138 691 2208 κληθέντι,
749 2143 1043 2197 κάντεῦθεν
1094 2149 1435 2216 πριγμάτων
1468 2150 1782 2216 ἀναγκαίων

218 2232 527 2301 οἰκονομίας
547 2233 874 2288 κωλύσαντι.
910 2237 1031 2290 Ἐπὶ
1052 2240 1147 2306 μὲν
1165 2244 1230 2310 τῇ
1248 2244 1346 2309 τῆς
1364 2241 1779 2311 εὐγνωμοσύνης

219 2326 601 2392 προσποιήσει,
632 2326 752 2378 καθ’
774 2327 1079 2399 ὑπερδολὴν
1096 2332 1495 2402 ἐϐαρύνθημεν,
1518 2334 1781 2398 amem;

218 2412 494 2465 ἀπόλωλεν
538 2416 600 2466 ἐκ
653 2416 834 2484 μέσων
887 2419 1103 2488 ἡμῶνή
1138 2420 1381 2490 ἀλήθεια,
1435 2426 1530 2476 καὶ
1560 2426 1589 2477 ὁ
1632 2424 1776 2488 δόλος

220 2506 352 2571 μετά
382 2506 482 2575 τῆς
527 2508 695 2560 αὐτοῦ
730 2511 1147 2579 ποικιλοϐαφοῦς
1178 2516 1493 2586 ἀμπεχόνης
1518 2518 1616 2586 τῆς
1645 2520 1777 2573 ὑπο-

219 2594 444 2663 κρίσεως
488 2597 569 2665 τῷ
620 2599 835 2670 θεάτρῳ
897 2604 1056 2671 ἡμῶν
1107 2605 1640 2676 ὲμπαρῤησιάζεται,
1687 2612 1778 2663 καὶ

219 2686 489 2752 σκηνικῶς
518 2688 702 2751 παίζει
730 2690 795 2742 τὰ
825 2693 1026 2762 φρίκης
1052 2693 1199 2759 ἄξια,
1230 2698 1451 2766 εἰρήνην
1482 2700 1583 2766 μὲν
1600 2700 1777 2752 λαλῶν

220 2775 351 2841 pari
382 2775 490 2827 τῶν
515 2778 762 2846 πλησίον,
794 2783 938 2835 κακά
966 2783 1021 2835 δὲ
1052 2787 1349 2839 τεκταίνων
1373 2790 1429 2840 ἐν
1463 2791 1527 2859 τῇ
1558 2791 1774 2861 καρδίᾳ.

217 2866 307 2929 Τίς
354 2869 464 2937 γὰρ
500 2871 601 2923 οὐκ
626 2868 754 2936 οἶδε,
785 2874 933 2937 ὅπως
967 2878 1044 2938 είς
1084 2878 1181 2947 τὴν
1213 2879 1577 2947 μεγαλόπολιν
1605 2886 1775 2937 εἰσελ-

217 2956 376 3009 Θοῦσα
403 2962 434 3027 ὴ
466 2965 714 3032 τιμιότης
747 2980 839 3017 σου
870 2967 1068 3035 μυρίας
1096 2969 1349 3038 ἐπαφῆκε
1380 2970 1479 3034 τὰς
1510 2972 1619 3026 τῶν
1649 2974 1768 3027 δια-

212 3043 381 3097 ϐολῶν
416 3048 631 3116 βολίδας
670 3054 780 3114 τοῖς
833 3052 926 3107 νῦν
948 3056 1423 3127 ἀναγραφομένοις
1456 3063 1771 3131 εὐεργέταις

216 3134 341 3201 ἡμῖν
371 3139 428 3187 ἐν
455 3138 533 3206 τῷ
556 3143 864 3211 γράμματι,
898 3146 987 3197 καὶ
1008 3146 1081 3210 ὼς
1111 3149 1284 3211 οὐδεὶς
1324 3150 1617 3223 ὑπελείφθη
1646 3172 1769 3225 σχεο
1799 3173 1843 3230 c

213 3224 317 3285 δὸν,
344 3226 467 3278 οὔτε
503 3228 728 3297 μείζων,
758 3230 879 3283 οὔτε
913 3234 1102 3301 μείων,
1129 3236 1187 3298 ὃς
1220 3237 1294 3308 μὴ
1322 3239 1440 3302 ταῖς
1493 3243 1641 3311 παρὰ
1674 3224 1770 3313 τῆς

217 3313 310 3381 σῆς
368 3318 616 3388 γλώττης
677 3321 797 3373 καθ’
849 3324 1005 3392 ἡμῶν
1066 3327 1400 3398 δυσφημίαις
1448 3332 1547 3394 τὰς
1601 3335 1772 3399 ἀκοὰς

214 3403 637 3473 ὲκκεκώξωταις
672 3410 885 3463 Τούτων
911 3414 1011 3465 οὐκ
1039 3415 1210 3482 ὀλίγοι
1262 3418 1371 3471 οὐδ’
1403 3420 1770 3485 άναξιόπιστοι

217 3494 509 3563 μάρτυρες.
563 3498 721 3551 Ἀλλά
755 3503 861 3568 γὰρ
888 3503 1059 3555 ταῦτα
1094 3508 1193 3573 μὲν
1226 3510 1317 3561 καὶ
1366 3510 1524 3578 λόγου
1562 3516 1770 3583 μακρό-

215 3599 340 3650 τερα
368 3589 461 3637 καὶ
494 3589 687 3658 καιροῦ
718 3593 1083 3662 ἐκτραγῳδείν
1121 3614 1179 3647 τε
1218 3600 1311 3650 καὶ
1360 3602 1767 3672 ἀνακλαίεσθαι,

218 3674 682 3745 σδλλογιζομένοις
736 3682 986 3735 ἐντεῦθεν
1008 3686 1080 3747 ὡς
1108 3687 1170 3739 οὺ
1203 3691 1401 3757 μακροὶ
1432 3694 1480 3744 ot
1510 3693 1607 3762 τῆς
1637 3695 1771 3746 ἁπο-

217 3767 434 3830 στασὶας
462 3771 668 3838 καιροὶ,
696 3772 813 3825 οὐδὲ
848 3775 1101 3842 μέλλουσι
1138 3778 1207 3829 τὰ
1233 3781 1352 3833 κατ’
1378 3784 1571 3845 αὐτοὺς
1611 3787 1768 3839 ἀπειε

212 3853 462 3923 λούμενοι.
495 3860 586 3910 Διὸ
622 3863 716 3914 καὶ
744 3863 879 3931 πρὸς
913 3866 1003 3916 τὸν
1035 3866 1327 3935 δυνάμενον
1368 3869 1537 3923 ταῦτα
1570 3876 1770 3928 παῦσαι

218 3945 371 4015 μόνον
406 3949 541 4000 Θεὸν
586 3951 710 4012 τοὺς
764 3951 1075 4023 ὀφθαλμοὺς
1131 3958 1381 4027 αἴρομεν,
1423 3962 1675 4031 καὶπρὸς
1705 3966 1770 4017 τὰ

214 4038 306 4101 τῆς
333 4038 545 4089 ἐκείνου
590 4038 935 4110 δικαιοσύνης
970 4045 1092 4113 ὅρη,
1132 4046 1254 4099 ὅθεν
1282 4048 1403 4115 ἥξει
1434 4052 1620 4120 ἠμῖνὴ
1652 4052 1773 4122 βοή-

214 4123 349 4179 θεια.
384 4129 443 4180 '0
470 4130 577 4199 γὰρ
604 4131 818 4196 διδάεις
866 4135 1083 4197 πάντως
1120 4138 1215 4190 καὶ
1241 4134 1322 4201 οἷς
1349 4143 1541 4204 ἐποίει,
1570 4146 1663 4196 καὶ
1686 4140 1767 4208 οἷς

215 4218 406 4284 ἐλάλει,
460 4221 811 4290 εὐχαρίστους
853 4222 991 4276 εἶναι
1034 4228 1179 4295 ἡμᾶς
1218 4229 1289 4297 (τί
1346 4231 1442 4298 μὲν
1480 4231 1571 4287 οῦν
1611 4234 1771 4305 εὐχαο

216 4307 422 4374 ρίσῖους
488 4311 669 4379 λέγως
716 4314 825 4368 Καὶ
874 4319 983 4376 τοῖς
1024 4320 1207 4381 κακῶς
1240 4321 1504 4389 ποιοῦσιν,
1551 4326 1771 4391 ἀγαθῶν

214 4403 523 4471 χορηγοὺς),
548 4397 697 4465 οὗτος
717 4403 749 4473 ἢ
772 4405 1120 4475 διορθώσεται
1144 4410 1210 4461 τὰ
1234 4412 1770 4485 στρεσλά,ἦκλαύσει

1888 1863 2112 1933 pinquis
2137 1863 2390 1917 meliores
2415 1876 2533 1915 esse
2565 1860 2777 1914 fateris.
2806 1859 3149 1931 Dignumque
3170 1864 3281 1930 jam
3308 1864 3455 1930 judi-

1885 1959 2020 2011 casti
2046 1957 2263 2009 vinculo
2295 1955 2386 2009 illo
2423 1961 2477 2008 te
2509 1953 2666 2018 solvi,
2704 1955 2869 2022 quod,
2906 1966 3139 2010 coeunte
3170 1956 3455 2011 nobiscum

1885 2046 2256 2111 fraternitate,
2288 2045 2603 2113 impositum
2635 2044 2757 2098 fuit.
2790 2043 2959 2109 Quasi
2977 2054 3031 2098 tu
3058 2046 3171 2113 jam
3195 2060 3299 2098 non
3323 2047 3453 2099 milii

1885 2142 2082 2195 obvius
2132 2154 2412 2202 occurras,
2440 2152 2615 2206 neque
2658 2138 2770 2191 haec
2793 2152 2913 2205 quie
2946 2140 2997 2190 in
3046 2153 3145 2190 nos
3184 2138 3456 2192 accersita

1883 2238 2041 2295 sunt,
2079 2245 2178 2285 nec
2207 2229 2426 2283 interim
2472 2242 2668 2282 saevam
2712 2236 2874 2282 tanta:
2903 2228 3247 2283 necessitatis
3278 2230 3455 2283 admi-

1883 2317 2267 2375 nistrationem
2299 2328 2353 2373 et
2382 2318 2733 2373 emissionem
2759 2319 2983 2373 omnino
3022 2319 3332 2388 prohibeas.
3371 2318 3453 2375 Ob

1881 2413 2021 2466 lianc
2047 2421 2226 2466 autem
2257 2420 2401 2464 tuam
2428 2410 2851 2478 :equanimitatis
2877 2423 2931 2466 et
2950 2412 3204 2467 candoris
3227 2413 3452 2468 simula-

1881 2506 2108 2568 tionem,
2142 2505 2381 2573 graviter
2413 2513 2467 2557 et
2518 2503 2868 2558 vehementer
2900 2505 3282 2574 opprimimur,
3315 2521 3453 2575 quo-

1880 2598 2026 2651 niam
2078 2599 2151 2650 ita
2202 2597 2253 2649 in
2302 2595 2480 2649 medio
2522 2597 2698 2650 nostri
2737 2598 2855 2665 ipsa
2885 2599 3088 2651 veritas
3123 2608 3237 2652 tota
3268 2599 3451 2668 periit,

1878 2698 1934 2741 et
1965 2687 2124 2742 dolus
2165 2687 2341 2740 malus
2376 2694 2482 2739 tua:
2516 2687 2790 2757 variegato
2826 2688 3146 2743 indumento
3182 2689 3444 2760 hypocri-

1878 2793 2001 2831 seos
2036 2779 2091 2830 in
2121 2789 2366 2831 nostrum
2406 2778 2677 2831 theatrum
2714 2778 2884 2831 libere
2911 2779 3111 2847 prodit,
3147 2790 3200 2833 et
3228 2782 3451 2835 scenice

1878 2871 2039 2931 ludit,
2071 2885 2189 2939 qum
2227 2870 2455 2923 horrore
2483 2870 2647 2939 digna
2681 2871 2863 2939 potius
2892 2872 3226 2939 judicantur.
3255 2872 3448 2927 Pacem

1878 2963 2096 3031 quidem
2141 2978 2265 3017 cum
2309 2964 2734 3033 consanguineis
2783 2965 3062 3033 loqueris,
3107 2979 3161 3023 et
3204 2970 3345 3023 mala
3394 2970 3450 3023 in

1877 3055 2040 3107 corde
2086 3054 2299 3108 moliris
2326 3054 2391 3106 ³ο.
2442 3054 2576 3119 Quis
2626 3057 2769 3110 enim
2812 3072 2920 3110 non
2967 3059 3140 3122 videt,
3176 3062 3450 3128 quomodo

1876 3153 2028 3197 tuum
2059 3144 2258 3208 decus,
2304 3148 2357 3197 in
2414 3161 2664 3214 magnam
2709 3148 2897 3201 urbem
2936 3151 3265 3219 ingressum,
3300 3154 3450 3205 mille

1881 3236 2277 3290 calumniarum
2306 3244 2450 3292 artes
2474 3236 2768 3302 eflinxerit,
2797 3239 2900 3302 liis,
2921 3255 3058 3308 quos
3084 3243 3261 3305 nobis,
3288 3245 3340 3297 in
3364 3244 3450 3296 lit-

1883 3330 2033 3394 teris,
2060 3329 2332 3383 beneficos
2358 3336 2411 3382 et
2446 3330 2804 3397 opitulatores
2837 3332 3127 3399 describis,
3162 3343 3216 3388 et
3239 3337 3445 3389 nullum

1880 3417 1992 3473 fere
2049 3420 2129 3472 vel
2181 3428 2341 3474 aetate
2375 3423 2714 3484 maximum,
2764 3424 2844 3477 vel
2889 3425 3171 3480 minimum
3201 3427 3448 3483 relictum

1879 3509 2064 3573 fuisse,
2085 3511 2175 3579 qui
2206 3512 2400 3576 linguae
2433 3519 2540 3564 tuac
2564 3513 2841 3567 maledicis
2868 3515 2920 3568 in
2959 3531 3057 3571 nos
3080 3520 3308 3573 vocibus
3340 3539 3443 3571 non

1878 3601 2446 3669 olisurduerit?Cujus
2476 3603 2550 3655 rei
2588 3618 2694 3656 non
2726 3607 2884 3672 pauci
2918 3606 3062 3675 iique
3094 3608 3260 3661 multa
3299 3612 3447 3678 digni

1877 3688 1981 3743 (fde
2004 3698 2174 3745 testes
2193 3691 2489 3745 exsistunt.
2512 3691 2615 3745 Sed
2654 3702 2835 3747 tamen
2867 3696 3005 3760 haec,
3029 3706 3080 3750 et
3106 3702 3300 3767 quovis
3319 3712 3449 3754 sunt

1879 3782 2123 3851 longiora
2174 3798 2455 3848 sermone,
2504 3795 2556 3839 et
2600 3801 2697 3853 pro
2766 3794 3011 3855 tempore
3057 3790 3263 3859 ingenti
3316 3804 3447 3846 sunt

1878 3874 2357 3928 commiseratione
2386 3875 2694 3929 enarranda
2725 3886 2777 3932 et
2810 3880 3014 3948 tragice
3046 3880 3157 3935 fere
3186 3883 3440 3949 lugenda,

1878 3979 1909 4041 a
1943 3965 2100 4018 nobis
2125 3966 2415 4033 praecipue,
2445 3972 2538 4035 qui
2570 3968 2721 4031 hinc,
2756 3982 2863 4023 non
2895 3970 3123 4023 multum
3159 3978 3446 4041 apostasia:

1880 4038 2121 4123 tempora
2157 4056 2361 4109 distare
2400 4060 2821 4126 perpendimus,
2863 4071 2917 4114 et
2949 4064 3042 4130 qui
3090 4038 3225 4116 tanti
3272 4066 3446 4120 infor—

1880 4144 2019 4196 tunii
2054 4146 2229 4198 minas
2255 4146 2307 4197 in
2332 4160 2433 4199 nos
2459 4149 2608 4200 nullo
2631 4148 2796 4203 modo
2818 4154 3061 4205 cunctari
3088 4157 3439 4221 percipimus.

1878 4234 2117 4298 Quocica
2161 4236 2214 4287 in
2264 4233 2429 4289 Deum
2465 4238 2661 4299 solum,
2698 4240 2793 4306 qui
2861 4241 2973 4294 lucc
3008 4244 3191 4298 omnia
3224 4248 3442 4302 vincere

1878 4334 2075 4394 potest,
2130 4336 2184 4381 et
2231 4328 2573 4390 abscindere,
2619 4330 2810 4383 oculos
2852 4344 3070 4388 nostros
3113 4339 3439 4403 attollimus,

1879 4426 1933 4470 et
1982 4419 2036 4470 in
2080 4418 2341 4472 sublimes
2378 4420 2496 4487 ejus
2538 4420 2764 4486 iustitiae
2805 4435 3048 4488 montes,
3096 4428 3241 4481 unde
3285 4431 3442 4484 nobis

212 4491 426 4549 πάντως
456 4490 581 4543 ίδὼν
605 4492 929 4561 ἀδιόρθωτα,
960 4494 1148 4566 ὥσπερ
1170 4499 1333 4551 αὑτοῦ
1353 4501 1512 4569 νόμος
1540 4504 1763 4558 ἀνωθεν.
1803 4519 1843 4573 D
1876 4525 1886 4562 :

1803 4519 1843 4573 υ
1876 4509 2136 4562 auxilium
2167 4511 2346 4562 veniet
2368 4510 2433 4562 “.
2469 4508 2569 4564 Hic
2613 4516 2758 4565 enim
2794 4522 2847 4566 et
2898 4515 2984 4571 his
3028 4532 3149 4585 qua;
3188 4518 3317 4573 fecit
3343 4562 3356 4586 ,
3386 4532 3440 4576 et

214 4579 390 4633 Ταῦτα
427 4582 526 4650 μὲν
552 4582 644 4635 οῦν
674 4584 757 4652 ἐφ’
786 4579 872 4647 οἷς
903 4588 1033 4654 ἡμῖν
1060 4590 1260 4651 καινῶς
1278 4607 1337 4643 τε
1368 4594 1460 4646 καὶ
1488 4594 1769 4661 ἀσυνήθως

211 4675 587 4740 ταπεινο>.όγον
618 4677 813 4728 σαυτὸν
841 4677 1168 4745 ὲφάντασας.
1204 4682 1313 4749 Τὴν
1339 4682 1392 4734 δὲ
1422 4683 1614 4758 λοιπήν
1677 4703 1769 4739 σου

211 4760 451 4827 ἀξίωσιν,
481 4766 554 4815 ὡς
587 4765 819 4834 Χριστοῦ
848 4766 1106 4835 μαθηταὶ,
1144 4771 1191 4820 εἱ
1216 4773 1309 4823 καὶ
1333 4773 1557 4837 ἀνάξιοι,
1592 4791 1770 4844 προσ-

211 4853 481 4921 ηκάμεθα·
518 4856 617 4919 Ὃς
656 4856 750 4907 καὶ
777 4855 1257 4925 λοιδορούμενος,
1294 4863 1404 4914 οὐκ
1429 4862 1769 4916 ἀντελοιδό-

206 4957 312 5006 ρει,
337 4942 432 4994 καὶ
467 4941 741 5010 πάσχων.
778 4946 889 4998 οὐκ
942 4947 1177 5013 ἠπείλει
1197 4964 1209 4977 ·
1262 4950 1581 5016 παρεδίδου
1604 4954 1671 5005 δὲ
1696 4952 1773 5018 τῷ

213 5036 469 5099 κρίνοντι
494 5035 737 5100 δικαίως
756 5054 771 5068 σ
798 5038 890 5088 καὶ
919 5038 1017 5107 τὴν
1046 5042 1139 5090 τοῦ
1175 5041 1380 5110 Πέτρου
1419 5045 1770 5111 μικρολογίαν

214 5126 533 5188 κιταγνοὺς,
567 5125 793 5187 ἑπτάκις
834 5127 1048 5192 ἀφιέναι
1112 5128 1446 5191 δικαιοῦντος
1474 5132 1551 5200 τῷ
1591 5133 1765 5202 ἀμαρ-

213 5212 442 5276 τάνοντι,
477 5215 635 5277 αὐτὸς
683 5218 779 5286 τὴν
813 5217 905 5268 τοῦ
950 5219 1413 5287 ἑϐδομηκοντάκις
1458 5223 1597 5275 ἑπτὰ
1621 5224 1770 5291 φιλο-

215 5306 399 5371 τίμως,
422 5307 453 5355 ὁ
473 5308 531 5358 ὲν
558 5308 696 5360 ἐλέει
728 5308 1001 5373 πλούσιος,
1030 5313 1511 5381 ἐπεδαψιλεύσατο.
1560 5314 1769 5377 Ἐδεξά-

217 5397 351 5461 paea
378 5398 529 5464 γοῦν,
568 5399 641 5460 ὡς
664 5401 895 5470 εἴρηται,
931 5404 1028 5471 τὴν
1068 5405 1292 5470 ἀξίωσίν
1327 5423 1445 5468 σου,
1485 5406 1659 5469 ἄλλως
1708 5425 1765 5460 τε

217 5491 305 5538 καὶ
336 5488 531 5560 βαρείᾳ
569 5492 707 5561 νόσῳ
727 5494 1125 5563 πεπεδημένου,
1154 5497 1228 5559 ὡς
1252 5496 1517 5566 ἔγραψας,
1552 5499 1646 5550 καὶ
1676 5499 1765 5550 τὸν

218 5578 306 5630 τοῦ
339 5582 569 5634 θανάτου
599 5584 1061 5656 ἐπανατεινομὲνῃ
1096 5604 1178 5641 σοι
1212 5587 1477 5653 κίνδυνον,
1520 5588 1614 5641 καὶ
1642 5590 1765 5641 ὅσον

292 5760 335 5789 ⁸⁸
366 5758 386 5814 Ι
415 5760 538 5816 Cor.
575 5776 609 5823 ι,
636 5761 689 5814 3.
766 5762 810 5793 ”
848 5762 992 5816 Psal.
1030 5764 1221 5826 ιαμ).

1302 5766 1345 5795 ³⁸
1380 5765 1523 5821 Psal.
1547 5781 1718 5831 xxvn,
1751 5768 1804 5819 5.

1870 4600 1953 4654 liis
1982 4616 2105 4669 quae
2136 4601 2351 4654 locutus
2378 4599 2502 4665 fuit,
2532 4617 2635 4656 nos
2686 4612 2872 4671 gratos
2901 4620 3020 4660 esse
3048 4611 3273 4663 omnino
3302 4612 3440 4664 edo-

1870 4693 2001 4745 cuit.
2059 4690 2164 4745 Sed
2215 4692 2345 4759 quid
2393 4692 2614 4760 inquam
2664 4696 2891 4761 gratos?
2952 4696 3124 4750 Etiam
3184 4702 3289 4765 bis,
3342 4706 3435 4771 qui

1871 4782 1925 4835 in
1975 4796 2075 4835 nos
2122 4781 2262 4833 mala
2309 4781 2581 4845 inferunt,
2632 4782 2899 4838 bonorum
2944 4803 3045 4842 nos
3090 4787 3272 4845 docuit
3313 4807 3437 4847 esse

1873 4871 2039 4923 duces
2089 4883 2254 4940 atque
2304 4873 2608 4927 ministros.
2665 4877 2786 4943 Ipse
2829 4877 3046 4944 quidem
3083 4879 3166 4933 vel
3215 4882 3436 4950 obliqua

1873 4962 1956 5014 vel
1986 4968 2231 5014 tortuosa
2254 4963 2512 5030 corriget,
2543 4975 2639 5017 aut
2660 4980 2781 5033 quae
2806 4965 3151 5021 inemendata
3176 4979 3227 5022 et
3246 4970 3435 5035 incor-

1873 5059 2017 5103 recta
2064 5051 2258 5105 viderit
2305 5052 2565 5107 radicitus
2599 5054 2930 5124 confringet.
2975 5059 3433 5125 quemadmodum

1871 5142 1990 5208 ejus
2021 5142 2089 5195 ab
2116 5143 2225 5195 alto
2255 5142 2340 5195 lex
2372 5142 2492 5196 fusa
2526 5145 2791 5214 praecipit.
2826 5145 3093 5200 Caeterum
3124 5149 3341 5217 quidem
3380 5151 3431 5201 in

1874 5236 2101 5303 nusjam
2137 5252 2301 5301 nunc,
2326 5253 2464 5293 nove
2488 5248 2690 5302 tamen,
2724 5250 2774 5294 et
2801 5251 2998 5309 praeter
3023 5258 3247 5306 morem,
3286 5246 3434 5311 abje-

1876 5332 2023 5376 ctum
2056 5334 2109 5377 et
2143 5326 2397 5379 humilem
2433 5334 2485 5381 te
2514 5330 2688 5396 ipsum
2718 5332 3025 5385 ostendisti.
3059 5335 3121 5385 At
3166 5334 3429 5403 reliquam

1877 5424 2020 5465 tuam
2049 5416 2481 5483 amplitudinem,
2512 5427 2569 5471 ut
2599 5417 2800 5474 Christi
2830 5420 3101 5488 discipuli,
3133 5424 3233 5476 etsi
3278 5426 3387 5475 indi
3412 5454 3433 5463 -

1872 5506 1960 5573 gui
1994 5508 2225 5574 amplexi
2269 5523 2458 5563 sumus
2503 5525 2519 5563 :
2567 5510 2671 5575 Qui
2704 5528 2820 5564 cum
2850 5512 3281 5575 maledicerelur,
3330 5532 3432 5567 nou

1870 5593 2241 5658 maledicebal;
2293 5613 2409 5649 cum
2469 5609 2757 5668 paterelur,
2807 5617 2910 5655 non
2969 5597 3429 5674 comminabalnr;

1884 5768 1923 5797 "
1949 5768 2087 5823 Psal.
2125 5784 2247 5835 cxx,
2293 5773 2340 5827 i.
