4240 6440
761 386 850 448 ὃδῦ

1705 387 2003 445 'l‘llEUl’ll
2017 387 2101 444 YL
2123 387 2269 443 ‘tC'l'l
2313 386 2401 443 ΗΕ
2416 387 2430 442 Ι
2444 391 2471 442 .t
2486 389 2499 437 ἱ
2516 387 2607 443 .\H
2623 387 2634 442 l
2653 385 2711 441 .‘E
2749 389 2788 442 Λ
2803 386 2949 457 ιιριι
2963 389 2974 442 l
2989 386 3082 442 ΕΡ

3873 378 3985 440 410

749 507 1022 565 pcstcrum
1055 498 1298 550 invenire
1332 514 1484 564 posse
1513 500 1826 566 sperabunt,
1853 502 1942 566 qui
1971 503 2039 550 ita
2061 499 2312 552 civilibus
2346 505 2384 556 Α
2418 520 2423 541 ‹

2311 536 2312 545 η
2346 505 2384 556 Α
2418 501 2572 566 auat;
2628 502 2752 562 τινὶ,
2790 501 2888 567 τῆς
2926 500 3250 564 Ἐκκλησίας
3304 500 3467 568 μέρος
3510 499 3985 561 ἐπαναπαύσεται,

748 587 1033 655 praesideat
1066 590 1294 655 negotiis
1321 626 1334 646 ,
1373 596 1427 639 ut
1462 589 1540 641 vel
1575 589 1809 641 hostium
1845 590 1953 642 fere
1991 604 2188 643 nomen
2219 606 2307 657 pe-

753 682 897 732 nitus
950 679 1254 748 ignoretur,
1307 680 1394 744 qui
1425 680 1556 747 ipsis
1599 680 1847 732 hostibus
1887 681 1955 732 ita
2009 682 2208 749 inclyte
2257 695 2310 733 et

750 773 971 823 lmroiee
1012 769 1356 831 commodus,
1405 780 1458 823 et
1510 772 1710 824 decens
1761 773 2014 833 exsist..t,
2045 779 2102 823 ut
2135 787 2310 839 neque

746 863 798 912 irr
843 864 1027 913 urbem
1072 861 1409 927 simplir-iter,
1459 875 1580 913 cum
1620 863 1808 915 ocrrlos
1854 877 2149 931 curamque
2177 879 2307 918 con-

755 961 946 1013 vertet,
983 953 1325 1005 adversarios
1362 954 1487 1016 sibi,
1517 964 1570 1006 et
1606 954 1954 1019 reluctantes,
1999 955 2049 1008 in
2084 971 2313 1024 pauper-

751 1051 914 1096 tatem
939 1045 1166 1111 redigat,
1200 1045 1452 1099 subditos
1482 1061 1610 1099 vero
1634 1047 1837 1100 divitiis
1861 1063 2074 1115 seraper
2095 1048 2310 1100 alliciat.

749 1131 852 1196 Qui
892 1143 944 1185 et
976 1135 1199 1196 milites,
1233 1134 1284 1186 in
1320 1134 1517 1201 bellum
1552 1135 1718 1188 veluti
1744 1135 1840 1187 alis
1875 1134 2001 1187 ferri
2038 1137 2317 1189 velocissi~

753 1223 856 1275 ...ιε
898 1231 1075 1290 coget,
1131 1232 1184 1278 et
1218 1225 1506 1292 opulentos
1553 1235 1604 1279 et
1633 1225 1824 1294 opibus
1874 1239 2101 1280 onustos
2142 1228 2316 1280 redire

750 1329 805 1366 et
846 1315 1172 1367 immobiles.
1221 1315 1353 1367 lllud
1400 1319 1543 1369 enim
1587 1318 1700 1386 spei
1748 1327 1800 1370 et
1851 1319 2148 1372 alacritatis
2203 1319 2315 1386 ipsa

755 1410 1004 1460 celeritas
1042 1416 1282 1475 praestat,
1309 1408 1409 1463 hoc
1429 1426 1556 1462 vero
1575 1412 1727 1478 quasi
1759 1411 1992 1479 quadam
2017 1413 2314 1480 spoliorum

755 1500 1083 1551 abundantia
1145 1509 1197 1551 et
1243 1501 1396 1568 copia
1445 1501 1705 1554 Ecclesiae
1741 1515 1871 1568 Opes
1903 1505 2184 1572 quiescent
2218 1522 2228 1554 :
2267 1512 2320 1555 et

756 1589 945 1648 lilium,
985 1590 1076 1655 qui
1111 1589 1254 1640 illam
1283 1589 1392 1656 jam
1437 1600 1808 1644 senescentem
1844 1592 1972 1652 alat,
2016 1592 2116 1644 illa:
2154 1593 2309 1644 habe-

759 1681 911 1741 bunt,
947 1681 1038 1746 qui
1092 1679 1570 1735 benedictionibus
1603 1690 1652 1733 ct
1685 1683 1854 1750 gratia
1888 1698 1944 1736 se
1976 1684 2179 1736 firmari
2207 1699 2324 1736 cre-

757 1773 870 1832 dat,
903 1781 954 1822 ct
993 1771 1240 1837 corporis
1277 1772 1480 1824 viribus
1522 1782 1574 1826 et
1618 1773 1835 1828 dotibus
1871 1790 1989 1829 sese
2047 1775 2238 1827 fulcire
2271 1785 2323 1826 ct

2421 591 2510 640 καὶ
2543 589 2704 641 παῖδα
2736 589 3046 657 γηροκόμον
3077 587 3206 651 ἕξει,
3271 588 3623 657 στηρίζεσθαι
3678 591 3796 650 ταῖς
3835 590 3987 640 εὐλο-

2418 679 2564 744 γίαις
2596 680 2938 737 πιστεύοντα,
2962 682 3055 732 καὶ
3081 683 3192 741 τοῖς
3227 683 3558 747 σωματικοῖς
3582 679 3989 749 ἀντιστηρίζειν

2421 769 2828 831 σπουδάζοντας
2863 772 3020 832 Τίνος
3073 769 3391 838 σωφροσύνη
3431 771 3524 822 καὶ
3571 771 3699 830 τοὺς
3727 771 3823 836 τῆς
3865 771 3989 836 ἐρη-

2422 863 2548 932 μίας
2579 865 2850 932 μοναχοὺς
2884 864 3238 934 καταπλήξει,
3259 865 3333 927 ὡς
3359 865 3701 934 ἡττωμένους
3727 861 3988 913 τοσοῦτον

2418 959 2483 1021 τῇ
2539 955 2632 1006 τοῦ
2687 955 2937 1025 σώματος
2999 955 3353 1026 καθαρότητι,
3386 957 3493 1024 ὅσῳ
3527 955 3618 1006 καὶ
3648 953 3758 1022 πῦρ
3787 952 3991 1022 ὁρῶσιν

2421 1048 2477 1097 ἐν
2509 1045 2606 1115 ὅλῃ
2631 1046 2866 1116 τοσαύτῃ
2889 1047 2987 1112 τὴν
3011 1046 3170 1111 φύσιν
3192 1045 3557 1114 ἀρνούμενονς
3593 1043 3751 1096 Ἀλλὰ
3786 1043 3987 1111 μικροῦ

2424 1151 2489 1201 με
2549 1135 2642 1184 καὶ
2677 1135 2952 1202 τραγῳδὸν
2987 1135 3045 1185 τὸ
3086 1135 3255 1197 πάθος
3293 1135 3537 1202 ἐποίησε.
3583 1133 3844 1193 Ἐκείνοις
3885 1134 3988 1196 μὲν

2419 1227 2512 1279 οὖν
2545 1227 2743 1288 ἱκανῶς
2765 1229 2859 1279 καὶ
2893 1227 3063 1280 ταῦτα
3089 1228 3174 1280 διὰ
3203 1228 3263 1279 τδ
3293 1228 3612 1294 φιλάδελφον
3641 1227 3983 1293 ἀφωσὶωταιο

2423 1321 2485 1371 σὺ
2510 1319 2553 1372 δ’
2585 1319 2770 1386 ἐπειδὴ
2802 1323 2911 1380 τοῖς
2936 1319 3194 1371 ποθοῦσιν
3226 1320 3478 1389 ῆγγισας,
3506 1317 3601 1370 καὶ
3635 1319 3836 1378 πάντες
3860 1316 3987 1368 καθ’

2422 1415 2545 1465 ὅσον
2578 1413 2784 1463 ἔνεστιν
2833 1411 3188 1475 ἀπολαύουσι,
3229 1413 3322 1464 καὶ
3386 1411 3548 1472 αὐτὸς
3591 1411 3670 1470 δὲ,
3717 1411 3877 1477 εἴπερ
3906 1425 3993 1470 τις

2424 1502 2602 1563 ἄλλος,
2628 1502 2920 1555 ἀπολαύειν
2951 1519 3043 1554 σου
3078 1502 3248 1565 ἄξιος,
3285 1503 3480 1570 μηκέτι
3525 1519 3612 1570 μοι
3650 1504 3712 1553 ὲκ
3745 1499 3992 1567 διαλειμ-

2431 1595 2614 1661 μάτων
2672 1596 2962 1662 ἐπιμέτρει
3010 1594 3107 1656 τὰς
3162 1596 3227 1646 ὲκ
3285 1595 3392 1645 τῶν
3428 1593 3658 1662 Γραφῶν
3714 1593 3989 1660 χάριτας·

2433 1687 2553 1755 μηδ’
2603 1687 2794 1755 ἀνέχου
2851 1686 2996 1739 κατά
3055 1687 3303 1755 στράγγα
3350 1685 3448 1747 τὰς
3496 1688 3596 1753 τῆς
3652 1683 3994 1753 εὐφροσύνης

2434 1776 2746 1838 ἐπιστάξειν
2777 1778 2929 1844 ἡμῖν,
2967 1776 3083 1828 ἀλλ’
3107 1777 3246 1837 ὅλοις
3277 1778 3541 1842 ποταμοῖς
3574 1775 3670 1844 τὴν
3697 1775 3836 1844 ἐμὴν
3870 1774 3992 1825 tuf-

760 1873 1038 1931 protegere
1069 1866 1300 1924 studeat,
1328 1866 1484 1932 cujus
1527 1877 1575 1916 ct
1614 1865 1894 1932 prudentia
1938 1868 2081 1932 ipsos
2119 1867 2320 1920 deserti
2358 1855 2394 1907 Β
2431 1886 2434 1893 ε

2358 1855 2394 1907 Β
2431 1867 2591 1929 κλυζε
2617 1868 3004 1935 ταπεινότητα,
3058 1869 3151 1922 καὶ
3183 1869 3340 1936 δήλου
3373 1885 3460 1936 μοι
3487 1867 3554 1920 τὰ
3582 1867 3648 1920 σά
3672 1866 3747 1933 τῷ
3774 1865 3906 1932 πρὶις
3936 1864 3993 1915 σὲ

762 1955 1058 2006 monachos
1101 1957 1396 2017 concutirrt,
1451 1957 1602 2022 quasi
1645 1971 1870 2023 corpore
1913 1957 2220 2024 integritate
2265 1965 2318 2009 ct

764 2044 998 2108 puritate
1031 2053 1239 2096 tantum
1284 2053 1572 2112 superatos
1608 2052 1660 2096 tt
1693 2046 1897 2099 evictos
1927 2087 1938 2104 .
1980 2054 2239 2112 quantum
2268 2055 2320 2099 et

762 2136 813 2184 in
858 2133 980 2196 hac,
1013 2135 1388 2201 purificantem
1416 2136 1589 2201 ignem
1629 2134 1812 2187 vident
1845 2135 1946 2186 vim
1973 2151 2123 2188 suarrr
2159 2137 2322 2190 dene-

760 2239 908 2290 gare.
945 2225 1050 2277 Sed
1103 2226 1244 2278 enim
1290 2225 1397 2277 fere
1446 2226 1664 2292 quidem
1716 2226 1906 2293 ingens
1959 2225 2182 2282 affectus
2238 2243 2322 2281 me

765 2318 972 2383 tragico
1013 2314 1137 2368 fecit
1173 2316 1438 2370 insultare
1492 2332 1700 2384 gressu.
1749 2317 1858 2370 Illis
1897 2331 2020 2367 vero
2060 2319 2171 2369 hare
2207 2318 2321 2386 ipsa

767 2415 986 2473 propter
1020 2405 1315 2459 fraternum
1350 2421 1587 2458 amorem
1639 2406 1792 2468 satis,
1828 2421 2100 2475 superque
2130 2422 2323 2461 conse-

764 2506 1007 2547 erantur.
1040 2496 1118 2548 Tu
1159 2511 1302 2557 tero,
1337 2497 1460 2563 quia
1507 2497 1815 2564 optantibus
1857 2498 2322 2568 appropirrquasti,

765 2599 818 2640 r-t
854 2605 1066 2654 omnes,
1118 2597 1382 2656 quantum
1424 2590 1615 2651 decet,
1653 2601 1703 2642 te
1739 2589 2112 2658 perfruuntur,
2141 2600 2194 2644 et
2228 2608 2328 2660 ego

768 2682 1009 2749 quidem,
1037 2692 1094 2734 ut
1129 2683 1171 2736 si
1205 2682 1325 2750 quis
1353 2682 1514 2745 alius,
1538 2681 1732 2750 dignus
1763 2681 1922 2734 etiam
1954 2698 2094 2745 sum,
2119 2683 2209 2751 qui
2238 2695 2328 2737 tuo

769 2776 1032 2842 pra-claro
1095 2774 1284 2842 fungar
1327 2783 1572 2842 aspectu.
1635 2775 1703 2826 At
1753 2789 2093 2843 nequaquam
2156 2775 2328 2837 rrribi,

765 2871 918 2936 juxta
948 2883 1009 2920 ea
1037 2883 1156 2936 qum
1187 2869 1296 2936 jam
1331 2868 1612 2937 inter'tepi,
1648 2869 1837 2920 lrarrrrrr
1873 2869 2173 2922 litterarum
2206 2852 2330 2937 gra-

772 2961 860 3012 tire
909 2976 1219 3012 mensuram
1253 2959 1492 3028 repende
1524 2971 1577 3012 et
1611 2960 1794 3027 injice,
1830 2975 2003 3028 neque
2029 2960 2332 3016 uberrimos

771 3051 970 3104 lauit-te
1014 3066 1204 3104 amnes
1239 3051 1488 3120 guttatim
1533 3051 1586 3104 in
1621 3067 1718 3104 nos
1749 3051 1991 3114 effunde,
2041 3052 2134 3107 sed
2173 3053 2332 3122 pleno

773 3143 1012 3196 tlrrminis
1044 3144 1216 3204 alveo,
1257 3144 1395 3197 hanc
1437 3158 1608 3196 meant
1653 3143 2015 3196 humilitatem
2043 3153 2097 3196 et
2123 3145 2336 3198 medio-

2427 1961 2691 2029 δυσέρωτι
2735 1960 3102 2030 Θαμινώτερα.
3157 1962 3231 2013 Οὐ
3287 1960 3392 2029 γάρ
3435 1960 3606 2028 δήπου
3653 1959 3743 2010 τοῦ
3803 1955 3991 2008 λοιποῦ

2431 2050 2629 2101 Πδντον
2672 2053 2913 2121 αἰτιάσῃ,
2967 2051 3060 2102 καὶ
3121 2051 3395 2118 διάστημα
3445 2049 3850 2102 δυσδιόδευτον·
3901 2048 3994 2097 καὶ

2429 2141 2718 2207 ἀγγέλλοις
2754 2141 2853 2208 μὲν
2883 2142 3012 2210 περὶ
3047 2140 3246 2194 σαυτοῦ
3283 2141 3624 2210 χρηστότερα
3658 2140 3750 2191 καὶ
3777 2139 3992 2207 ἡδίοναο

2430 2233 2494 2284 ἶν’
2528 2232 2667 2284 οὕτω
2716 2233 2843 2298 γοῦν
2890 2232 3223 2301 καταψύχοις
3281 2231 3380 2301 τὴν
3435 2232 3572 2301 ἐμὴν
3619 2231 3868 2296 γλῶτταν
3901 2229 3994 2280 τοῦ

2436 2325 2695 2376 πλουσίου
2735 2329 2854 2386 ταῖς
2895 2325 3087 2377 ἐκτῶν
3136 2326 3486 2392 συκοφαντῶν
3534 2321 3840 2392 ὲπηρείαις,
3905 2323 3998 2372 καὶ

2432 2416 2516 2466 διὰ
2566 2416 2737 2468 ταῦτα
2790 2417 3129 2482 ὀδυνωμένου
3191 2419 3249 2468 ὲν
3294 2418 3359 2485 τῇ
3422 2415 3556 2484 ἄλλῃ
3608 2413 3998 2479 άκατασίῖέστῳ

2433 2507 2606 2577 ταύτῃ
2632 2509 2807 2574 φλογί.
2850 2509 2938 2570 Ὠς
2971 2509 3166 2574 ἔγωγε,
3200 2509 3434 2575 ὁπηνίκα
3457 2506 3633 2558 τιτῶν
3661 2504 3767 2556 σῶν
3790 2503 3996 2562 ἀκούω,

2436 2601 2588 2650 ὑετὸν
2625 2601 2861 2668 ἀτεχνῶς
2899 2601 2931 2668 ἡ
2969 2599 3373 2667 διακεκαυμένη
3410 2597 3478 2665 γῆ
3504 2597 3746 2665 δέχομαι.
3791 2593 4001 2645 Ἀκούω

2434 2693 2490 2743 δὲ
2515 2691 2772 2743 ἑκάστοτε
2797 2692 2881 2742 ἀεί
2915 2709 3004 2760 μοι
3031 2690 3203 2743 ταῦτα
3222 2690 3315 2742 τοῦ
3335 2688 3608 2741 θεοδοσίου
3639 2686 3999 2756 διηγουμένου

2437 2783 2673 2851 γλώττῃ,
2698 2781 3003 2850 εὐγνώμονι
3038 2782 3157 2850 μὲν,
3193 2782 3562 2849 ὲλαττουμένη
3596 2780 3650 2831 δὲ
3693 2779 3790 2844 τῆς
3843 2777 4001 2839 ἀξίας

2439 2871 2716 2939 εὖξημίας
2740 2871 2846 2922 τῶν
2877 2871 3073 2938 ἔργων.
3106 2873 3200 2932 Ὃς
3234 2867 3482 2921 σύνεστιν
3514 2871 3644 2937 ἡμῖν
3673 2869 3740 2919 τὰ
3772 2869 4003 2935 μέγιστα

2440 2963 2825 3029 χαριζόμενος.
2859 2957 2937 3023 οἷς
2966 2961 3189 3029 ἐξυμνεῖ
3211 2977 3305 3012 σου
3334 2961 3432 3028 τὴν
3455 2960 3752 3024 δεξιότητα.
3782 2959 3884 3009 Ίιν
3911 2958 4003 3009 καὶ

2441 3051 2520 3102 ἐτι
2556 3053 2648 3103 καὶ
2695 3050 2773 3102 ἔτι
2836 3051 3148 3120 χαριτώσας
3189 3053 3216 3102 ὁ
3261 3049 3463 3119 Κύριος
3523 3050 3607 3100 ἀεί
3659 3065 3718 3099 σε
3767 3047 4005 3098 δεικνύοι

2447 3142 2824 3210 λαμπρότερον
2878 3143 2935 3193 ἐν
2983 3143 3205 3210 ἀρεταῖς
3258 3141 3481 3206 πάσαις,
3512 3142 3632 3191 ὅσαι
3654 3140 3850 3206 ψυχῆς,
3881 3141 4004 3191 ὅσαι

772 3236 1020 3286 critatern
1069 3235 1296 3287 inunda.
1353 3235 1528 3302 Atque
1578 3237 1737 3287 etiam
1793 3233 2021 3287 ostende
2065 3231 2409 3304 mihi,quiC

2333 3237 2339 3288 i
2368 3231 2409 3287 C
2448 3234 2720 3300 σώματος,
2748 3233 2842 3284 καὶ
2887 3233 3143 3298 φυλάττοι
3179 3232 3357 3298 πάσης
3386 3231 3702 3291 κακύνςεως
3736 3227 4007 3298 ἀνώτερον

772 3341 912 3394 argre
963 3335 1014 3377 et
1070 3325 1277 3393 perdite
1329 3334 1378 3378 te
1439 3341 1581 3387 amo,
1638 3339 1756 3390 quat
1813 3323 2153 3390 frequentius
2200 3326 2252 3378 in
2286 3334 2336 3378 te

774 3419 1102 3472 scaturirrnt.
1164 3417 1279 3470 Non
1337 3417 1480 3470 eninr
1533 3417 1642 3485 jam
1677 3417 1729 3468 in
1772 3426 2070 3484 posterum,
2117 3415 2346 3471 Pontum
2375 3419 2578 3486 ipsum,
2636 3417 3076 3484 irrrrnensumque
3163 3416 3228 3470 ad
3290 3416 3430 3468 viam

2448 3329 2539 3376 καὶ
2571 3323 2886 3384 κακώσεως.

3525 3413 3896 3473 intervallum,
3953 3411 4007 3464 in

775 3513 989 3581 culpam
1021 3525 1071 3565 ct
1099 3512 1508 3566 excusationem
1545 3511 1802 3566 adduces.
1837 3511 2099 3580 Equidem
2132 3527 2347 3576 semper
2385 3513 2491 3581 jam
2517 3527 2634 3579 quae
2670 3511 2768 3566 tibi
2802 3512 3129 3581 jttcundiora
3169 3511 3447 3575 eveniunt,
3518 3521 3570 3565 et
3637 3507 4008 3564 commodiora

779 3619 926 3667 sunt,
977 3611 1169 3664 nuntio
1215 3610 1280 3662 ad
1330 3627 1414 3664 me
1463 3611 1676 3664 deferes
1711 3626 1927 3673 securo,
1997 3617 2054 3662 ut
2126 3608 2195 3658 ita
2247 3619 2419 3657 meam
2463 3605 2700 3672 linguam
2727 3606 2817 3673 qui
2843 3605 2977 3660 adeo
3003 3608 3157 3661 dives
3197 3622 3316 3660 sum
3357 3605 3698 3661 detrimentis
3727 3599 4013 3656 etdamris

781 3701 1234 3756 calumniantium
1271 3703 1437 3756 illatis
1470 3702 1787 3764 acerbitate,
1815 3702 2030 3771 penitus
2063 3697 2349 3765 refr'igcres
2388 3703 2441 3748 et
2477 3693 2711 3750 recrees.
2745 3695 2848 3760 Qui
2889 3705 2940 3749 ct
2971 3697 3039 3751 ob
3075 3699 3215 3752 hanc
3253 3712 3498 3756 causam,
3531 3697 3629 3749 Irae
3683 3694 3787 3746 alia
3856 3693 4008 3744 inex-

780 3794 1085 3864 stingui'uili
1113 3796 1326 3850 flamma
1351 3798 1499 3851 diros
1516 3798 1794 3850 cruciatus
1848 3796 2064 3848 dolores
2106 3790 2396 3860 perpetior.
2437 3790 2694 3857 Equidem
2731 3791 2949 3858 quando
2993 3791 3062 3843 ita
3111 3801 3198 3843 trra
3229 3807 3444 3860 semper
3473 3791 3657 3850 audio,
3702 3790 3843 3840 sicut
3877 3785 4002 3854 plet-

784 3895 924 3947 viam
958 3908 1201 3960 prorsus,
1229 3899 1285 3944 ut
1320 3891 1602 3944 combrrsta
1639 3898 1692 3944 et
1725 3889 1874 3942 arida
1913 3897 2083 3951 terra,
2119 3884 2378 3951 suscipio.
2424 3883 2599 3936 Audio
2629 3885 2828 3937 etenim
2855 3898 3068 3950 semper
3095 3883 3480 3948 Theodosium,
3515 3883 3626 3935 haec
3666 3880 3796 3934 mihi
3835 3894 3998 3933 enat--

788 3994 994 4043 r'antem
1044 3987 1227 4053 lingua
1255 3997 1308 4037 et
1359 3985 1600 4037 benefica
1646 3996 1696 4037 et
1758 3982 2038 4044 benevola,

2115 3978 2208 4031 sed
2249 3977 2410 4045 digna
2459 3989 2684 4042 operum
2719 3977 3119 4029 existimatione
3163 3976 3439 4044 depressa.
3471 3975 3572 4040 Qui
3614 3975 3768 4027 nobis
3795 3989 4013 4041 semper

787 4083 962 4141 adest,
996 4081 1228 4133 maxima
1259 4093 1485 4147 qumque
1517 4079 1662 4145 large
1696 4076 2005 4138 effrrrrdens,
2037 4073 2202 4143 6'76
2233 4069 2435 4138 quibus
2463 4079 2515 4122 et
2543 4070 2618 4121 tui
2663 4069 2865 4138 ingenii
2915 4069 3312 4131 dexteritatem,
3365 4076 3419 4122 et
3477 4067 3798 4122 indrrstriam
3841 4066 4003 4119 nimis

792 4174 1044 4228 celebrat.
1083 4170 1252 4236 Quam
1281 4180 1330 4224 et
1368 4170 1545 4223 adhuc
1589 4168 1731 4222 drrlci
1781 4167 2042 4220 Dominus
2082 4165 2343 4224 alliciens,
2389 4172 2441 4215 et
2481 4161 2832 4216 :rccumulans
2880 4161 3074 4229 gratia,

3151 4170 3199 4214 te
3261 4161 3512 4214 omnibus
3569 4159 3882 4216 virtutibus.
3951 4170 4002 4211 r-t

789 4283 910 4338 qua:
933 4265 1156 4335 spiritus
1203 4275 1351 4328 sunt,
1405 4273 1613 4330 etquae
1661 4259 1913 4329 corporis
1966 4253 2472 4325 splendidissimum
2557 4251 2832 4316 ostendit,
2889 4262 3048 4320 atque
3122 4251 3267 4304 omni
3343 4248 3562 4305 sceleris
3623 4251 3904 4318 contagio,
3951 4259 4008 4303 et

790 4358 991 4413 infelici
1017 4373 1171 4417 casu,
1206 4364 1256 4407 te
1287 4356 1523 4422 rrrrrlique
1547 4353 1780 4406 custodit
1809 4349 2170 4417 superiorem.

1317 4467 1531 4521 EPIST.
1559 4466 1842 4518 XXXVI".

1060 4559 1258 4611 Damno
1297 4556 1467 4609 Nicol.
1522 4553 1756 4617 Callicli,
1803 4554 2089 4606 arclrt'atro.

865 4656 956 4708 Sic
1011 4651 1230 4718 quidem
1281 4659 1467 4702 mutuo
1523 4648 1646 4700 odio
1697 4648 1982 4709 habemur,
2027 4656 2082 4698 ut
2123 4657 2223 4696 nec
2253 4644 2356 4692 ullo

798 4745 1189 4814 compellemur
1219 4755 1469 4794 sermone
1491 4741 1512 4790 ?
1532 4739 1913 4791 Verumtamen
1951 4753 2048 4805 ego
2070 4736 2191 4803 quia
2213 4736 2359 4786 nullo

801 4852 851 4891 te
884 4850 1183 4907 prosequor
1211 4833 1356 4896 odio,
1385 4833 1490 4899 iam
1524 4831 1786 4897 alloquor.
1827 4829 1980 4882 Vales
2008 4829 2190 4896 igitur,
2219 4834 2270 4878 et
2295 4841 2357 4878 ex

801 4940 915 4982 arte
941 4926 1244 4984 medicirrze,
1277 4940 1395 4990 qua:
1415 4922 1766 4974 humanitatis
1797 4920 1979 4973 studio
2007 4919 2277 4980 consistit,
2307 4926 2361 4970 ct

800 5047 810 5070 ι
837 5038 865 5074 x
887 5021 1140 5086 regiotuo
1177 5029 1399 5068 munere
1429 5012 1714 5066 commoda
1735 5014 1828 5064 tibi
1862 5013 2104 5065 vindicas
2128 5024 2358 5063 summa.

802 5118 1203 5178 erazutraque,
1237 5115 1438 5174 quanta
1475 5113 1626 5167 sunt,
1668 5114 1792 5156 sunt
1831 5104 2138 5156 utilissima.
2178 5101 2359 5169 Longe

2391 4441 2431 4489 υ
3041 4453 3262 4504 ΕῐΙΙΣΤ.
3305 4453 3433 4504 ΑΠ’.

2538 4546 2620 4609 Τῷ
2649 4541 2943 4613 ἁρχιατρῷ
2970 4545 3153 4610 κυρίῳ
3196 4541 3469 4608 Νικολάῳ
3502 4541 3579 4603 τῷ
3602 4539 3944 4594 Καλλικλεῖ.

2530 4635 2832 4703 Μισούμεϐ*
2887 4633 3080 4697 οὕτως,
3127 4633 3265 4684 ὥστε
3315 4632 3389 4700 μὴ
3444 4631 3834 4699 προσενέπειν;
3879 4630 4018 4679 Ἀλιῖ

2464 4727 2622 4788 αὐτὸς
2653 4743 2714 4792 γε
2746 4724 3070 4792 προσφωνεῖ),
3128 4727 3200 4791 μὴ
3254 4721 3425 4790 μισῶν
3462 4719 3680 4789 δηλαδή.
3727 4719 4016 4785 Ὑγιαίνοις

2463 4820 2575 4879 οὖν,
2607 4821 2700 4871 καὶ
2733 4817 3023 4878 ἀπολαύοις
3078 4816 3176 4882 τῆς
3211 4831 3268 4865 τε
3321 4811 3703 4884 φιλανθρώπου
3751 4811 4017 4881 ἰατρικῆς,

2467 4915 2557 4965 καὶ
2585 4913 2692 4962 τῶν
2731 4909 3039 4979 βασιλείων,
3067 4909 3165 4959 ὅσα
3204 4907 3301 4958 καὶ
3332 4905 3615 4973 ἀμφότερα
3645 4904 3871 4973 χρηστά.
3898 4903 4020 4953 Τῶν

2468 5007 2509 5058 δ’
2550 5005 2805 5056 ἐναντίων
2837 5002 3022 5070 πόρῤω
3062 4999 3370 5066 φυλάττοιο,
3403 4997 3488 5049 ἵνα
3521 4996 3692 5064 ταύτῃ
3717 4997 3809 5048 καὶ
3839 4995 3916 5062 τῷ
3947 4995 4021 5046 διο

2467 5097 2827 5165 εγγίζοιςία).
2898 5093 2991 5144 καὶ
3051 5091 3143 5142 τοῦ
3208 5087 3472 5159 κεραυνοῦ
3536 5089 3722 5153 τηροῖο
3785 5083 4019 5152 ἀπείρα-

2470 5209 2609 5251 στος.
2667 5187 2827 5239 Ἀλλά
2868 5185 3090 5254 μετάδος
3149 5183 3322 5247 φίλοις
3375 5179 3471 5247 σῆς
3537 5173 3856 5245 εὐπραξίας,
3929 5175 4020 5223 καὶ

2473 5282 2546 5350 μὴ
2579 5280 2734 5348 μόνος
2793 5277 2853 5326 τὺ
2889 5275 3120 5344 χρηστὸν
3171 5267 3458 5322 ἀπολαϐὼν
3487 5267 3596 5336 ἔχε.
3641 5263 3943 5326 Μεταέοίης
3979 5263 4020 5312 δ’

805 5214 983 5253 ιειιιοιιι
1019 5201 1084 5252 ab
1117 5197 1362 5250 adversis
1393 5204 1541 5249 tutus
1572 5202 1688 5246 esto
1728 5203 1779 5246 et
1809 5192 2135 5254 custoditus,
2171 5200 2226 5242 trt
2261 5190 2362 5241 hoc

808 5307 960 5363 par-to
983 5296 1045 5346 ad
1070 5290 1199 5344 illrrd
1229 5291 1416 5343 saltem
1453 5289 1674 5356 prepius
1711 5287 1955 5348 accedas,
1985 5294 2036 5338 et
2062 5285 2127 5337 ab
2161 5283 2361 5354 ingenti

809 5387 1053 5444 fulmine,
1106 5392 1156 5435 te
1208 5381 1351 5432 illius
1389 5379 1604 5448 penitus
1645 5381 1817 5446 irrexp'
1843 5388 1977 5430 rtem
2016 5377 2228 5429 tuteris.
2261 5375 2361 5426 Sed

807 5481 950 5530 r'ltllll
984 5479 1188 5529 amieos
1227 5484 1332 5525 tuae
1358 5471 1632 5524 fclicitatis
1675 5471 1757 5523 fac
1807 5469 2114 5536 partitipcs,
2149 5482 2244 5519 nec
2278 5481 2365 5518 so-

807 5583 894 5623 lrts
927 5569 1151 5635 grandia
1186 5566 1489 5632 srrscipierrs
1519 5562 1934 5623 commoda,tibi
1978 5561 2130 5613 haI.e.
2163 5559 2366 5626 Imper-

811 5665 958 5717 cht-is
989 5663 1101 5715 hzec
1127 5668 1333 5719 autem,
1361 5656 1403 5708 si
1436 5655 1656 5707 fratrem
1687 5671 1861 5707 meum
1895 5652 2153 5707 beneficio
2175 5651 2363 5711 ﬂlllt'l'S,

873 5772 1497 5830 ι.;)(ίιιῖ;·1ι;ιξιιτ(ἲῘιῑηίιιὲΞ.
1531 5769 1634 5816 Ιῗιπ]
1679 5772 1757 5817 δ’..
1785 5769 1845 5825 ιι⁹
1867 5769 1974 5821 δαί)
2002 5765 2116 5830 {(351
2148 5768 2213 5830 τις,
2238 5765 2310 5811 Διί
2337 5766 2529 5824 ("tum

2351 5766 2529 5824 inice“
2574 5775 2633 5807 ex
2661 5757 2846 5820 vulgari
2869 5757 2925 5803 ad
2958 5753 3056 5815 gio,
3083 5751 3248 5811 ιὶόρῤω
3277 5747 3378 5799 Διὸς
3398 5761 3448 5794 τι
3477 5743 3552 5790 ιιαέ
3581 5733 3822 5800 κεραυνοῦ,
3843 5733 3905 5782 de
3927 5746 4025 5796 quo

811 5817 1213 5900 ι-,-ξίιῖιέίμνξ,Αἰ-ιη
1237 5817 1286 5884 εὶ
1311 5831 1547 5896 Syrrcstus
1573 5834 1634 5882 lic
1658 5817 1876 5892 i'cgrto,'[-
1926 5817 1972 5877 ll
2029 5817 2142 5877 fort
2188 5829 2327 5876 l‘Arrr.

2467 5374 2555 5434 ἂν,
2578 5373 2625 5423 εἰ
2658 5370 2733 5438 τῷ
2765 5366 2972 5432 ἀδελφῷ
3006 5381 3104 5430 μου
3135 5359 3514 5428 συνεργήσαις,
3547 5358 3626 5417 εἰς
3651 5356 3683 5408 ἃ
3711 5371 3799 5405 σου
3829 5353 4018 5408 δεῖται,

2468 5467 2540 5527 ὡς
2577 5465 2802 5514 ἕνεςτιν.
2837 5463 2933 5510 Ὃν
2973 5453 3095 5508 ἰδὼν
3143 5453 3199 5502 ὲν
3252 5449 3477 5516 τοιούτῳ
3515 5445 3692 5514 καιρῷ
3738 5445 3871 5511 1:95,-
3906 5458 4022 5492 τοσ-

2471 5558 2638 5622 αύτην
2699 5553 2815 5604 δδδν
2873 5546 3390 5617 παραϐαλλόμενον,
3468 5536 3755 5604 συλλογίσῃ
3805 5535 3867 5585 τ’)
3928 5532 4020 5595 τῆς

2473 5621 2715 5712 ἀνάΐκης
2753 5640 3001 5709 μέγεθος,
3045 5638 3133 5703 ὑφ’
3171 5631 3236 5704 ἧς
3269 5629 3513 5683 ἐντεῦθεν
3541 5621 4023 5694 ἐὶ-ἠλαται..Δεί-Ξον
