4240 6440
212 382 312 446 4;:-
1053 389 1442 450 EPISTOUE
1489 394 1685 453 Lxxv
1727 398 1771 452 Α
1806 397 1866 458 J.
1911 400 2260 463 nsunsm
2298 407 2565 470 sonas.
3343 422 3447 486 4:5

212 492 501 560 ἐπιμελῶς,
558 491 720 555 εἶ’τις
755 495 836 560 εἴη
868 494 988 546 καθ’
1015 495 1168 565 ἡμῶν
1219 499 1312 550 ἐπὶ
1363 501 1570 572 αἱρέσει
1600 520 1768 555 κατα·
1800 509 1845 563 Α
1878 523 1886 560 ι

1800 509 1845 563 Λ
1878 519 1979 573 ret,
2035 513 2172 568 alias
2223 514 2485 585 Bulgaria:
2539 520 2791 590 regiones
2851 525 3145 588 circumiit,
3195 538 3247 580 et
3283 535 3442 588 nimis

212 584 493 650 γνωσθεῖς,
547 583 579 652 ἢ
622 581 696 646 ὡς
743 584 1078 655 πολιῧγαμος,
1135 589 1630 661 ῆὰοεμιτόγαμος,
1679 596 1774 647 ἐκ.
1879 619 1886 656 ι

1769 625 1774 637 ι
1879 605 2119 660 sollicito
2160 608 2444 677 indagavlt
2482 615 2682 675 studio,
2738 615 2782 672 si
2828 616 2963 670 forte
3002 618 3201 686 aliquis
3255 635 3443 677 contra

214 675 617 742 κλησιαστικοῖς
659 675 878 744 δεσμοίς
920 678 1172 741 ἐνδεθεῑς.
1231 680 1422 751 Εὑρὼν
1455 684 1509 735 δέ
1548 686 1775 748 πολλοὺς
1881 708 1888 744 |

1771 705 1775 741 τ
1881 708 1981 744 nos
2030 705 2197 758 esset,
2245 675 2338 767 qui
2392 709 2486 754 aut
2526 703 2595 754 ob
2624 704 3018 765 conditionem.
3062 675 3154 762 aut
3193 675 3445 781 dogmata

211 767 483 827 τοιούτους
529 767 798 835 ἐπάγεται
826 769 1124 841 καθ’ήμᾶς
1142 771 1218 836 ὡς
1254 773 1630 844 Ἀχριδιιὶνιθας⁹
1689 780 1775 831 ἐπ’
1877 801 1885 834 ι

1772 784 1775 796 ’
1877 791 2021 839 esset
2051 786 2470 847 condemnatus.
2510 791 2588 843 vel
2624 793 2749 856 quia
2795 795 3153 864 tnultinugus,
3191 767 3295 854 vel”
3319 804 3446 869 quia

212 861 471 930 ἀρούραις
524 863 618 914 καὶ
680 864 965 931 ἀμπελῶνι
1002 867 1136 937 παρ’
1169 869 1327 936 ἡμῶν
1367 872 1775 939 ήρπασμένους,
1883 899 1886 918 ι

1772 917 1775 932 ,
1883 882 2074 928 contra
2132 877 2279 946 juris
2325 879 2471 949 leges
2515 883 2738 949 nuptias
2771 884 2966 940 fuisset
3010 861 3446 950 niolitus.ecele-

213 952 305 1012 τὰς
329 953 511 1020 ψυχὰς
564 953 1095 1025 διαπεπονημένους.
1125 960 1281 1013 Ἐστι
1307 962 1352 1015 δ’
1379 961 1472 1025 οὓς
1506 966 1595 1017 καὶ
1625 968 1683 1018 ἐν
1708 970 1774 1034 τῇ
1879 984 1887 1020 ι

1768 971 1774 1034 j
1879 968 2119 1024 siastieis
2163 981 2307 1026 esset
2345 973 2643 1030 obstrictus
2673 977 2929 1033 vinculis.
2977 981 3044 1037 At
3073 981 3287 1035 demum
3320 999 3442 1036 cum

213 1046 360 1098 πόλει
389 1042 545 1116 εὗρον
567 1045 679 1116 (59)
733 1051 819 1101 ἐπ’
875 1049 1063 1114 ἄλλαις
1111 1053 1314 1116 αἰτίαις
1371 1056 1656 1126 δεομένους
1683 1060 1777 1112 τοῦ
1883 1074 1887 1111 l

1767 1060 1777 1109 ἱ
1883 1060 2084 1116 multos
2120 1062 2435 1130 huiusmodi
2470 1065 2788 1132 invenisset,
2822 1079 3050 1124 cunctos
3093 1087 3286 1126 contra
3324 1091 3441 1134 nos,

215 1135 472 1206 βασιλέως
533 1139 860 1211 συνεπιόοᾷν
907 1142 1106 1203 πείθει.
1167 1143 1306 1199 ὥστε
1355 1147 1660 1218 δυσφημεῖν
1718 1151 1778 1202 τὸ
1879 1169 1889 1200 ι

1771 1172 1778 1201 ι
1879 1153 2034 1218 quasi
2076 1153 2404 1211 Achridiotaa
2436 1168 2644 1218 essent.
2688 1161 2853 1214 armis
2886 1165 3165 1230 compulit,
3203 1178 3248 1220 et
3291 1167 3445 1220 nobis

213 1230 342 1298 ἐμὸν
397 1230 569 1300 ὄνομα
591 1248 604 1260 ·
657 1227 765 1285 οἶδε
793 1235 924 1303 γὰρ,
953 1237 1093 1288 κατὰ
1126 1236 1237 1288 τῶν
1271 1241 1554 1307 μηνὶγγων
1588 1261 1655 1311 με
1682 1243 1776 1294 τὺο
1879 1260 1887 1291 ι

1768 1274 1776 1281 -
1879 1256 1945 1294 ex
1981 1242 2093 1307 ipsa
2130 1245 2396 1310 aratione,
2427 1254 2480 1299 et
2523 1245 2808 1301 vinearum
2853 1252 3004 1304 cultu
3055 1253 3177 1306 illos
3222 1257 3442 1322 eripuit,

214 1339 382 1382 πτων,
435 1325 483 1375 ει
537 1324 700 1392 μόνον
748 1326 1033 1393 ἐπιϐοήσεις
1065 1331 1270 1382 ποιοῖτο
1329 1334 1470 1385 κατὰ
1500 1334 1593 1386 τοῦ
1621 1336 1778 1404 άρχι-
1880 1350 1888 1385 :

1771 1367 1778 1378 .
1880 1347 2025 1400 agre
2061 1335 2366 1387 animarum
2399 1338 2588 1390 morbo
2613 1338 2946 1395 laborantes.
2972 1341 3035 1394 Et
3063 1359 3200 1410 quos
3232 1346 3285 1397 in
3315 1348 3445 1400 urbe

218 1414 521 1466 επισκόπου
584 1414 676 1466 τὸν
728 1415 950 1481 βασιλέα
986 1417 1418 1489 ἐπικαλούμενος
1454 1437 1467 1452 °
1507 1423 1576 1474 δι’
1619 1416 1693 1476 ὧν
1747 1427 1778 1493 ἠ
1883 1425 1892 1477 i

1771 1445 1778 1493 ι
1883 1425 2106 1483 invenit,
2138 1426 2271 1480 alias
2293 1431 2364 1480 ob
2398 1443 2594 1484 causas
2627 1430 2933 1497 damnatos,
2965 1445 3022 1488 ut
3051 1435 3103 1487 in
3125 1438 3304 1504 ipsum
3342 1440 3445 1491 ini-

214 1506 315 1572 ἐμὴ
356 1505 482 1568 δόξα
514 1509 1054 1577 >ιαταρῤι›·ιτιιένετιιι⁹
1181 1512 1266 1564 ἵνα
1307 1516 1372 1566 τὰ
1403 1513 1495 1566 τοῦ
1531 1516 1782 1583 Πνεῦμα-
1882 1532 1888 1585 1

1767 1546 1782 1558 -
1882 1526 2187 1585 peratoretn
2223 1521 2328 1573 alta
2366 1537 2497 1575 voce
2542 1524 2973 1587 conclamarent,
3023 1531 3288 1594 persuasit
3316 1572 3328 1590 ,
3372 1532 3441 1583 ita

214 1614 295 1656 τος
328 1599 487 1660 εἴπω,
529 1600 608 1660 εἰς
661 1600 788 1668 χοῦν
850 1603 1306 1669 κατασκηνοῦται.
1345 1605 1612 1676 Ἔναγχος
1651 1609 1781 1674 γοῦν
1884 1623 1888 1653 ι

1770 1626 1781 1659 ι
1884 1615 1944 1660 ιιι
1978 1623 2175 1660 nomen
2210 1621 2462 1663 nostrum
2510 1613 2726 1678 probris
2770 1623 2823 1666 et
2862 1617 3164 1671 maledictis
3196 1631 3444 1671 eontem-

216 1690 597 1758 ἐμπρησθῆναι
652 1691 782 1760 παρ’
826 1690 959 1760 ἐμοῦ
1028 1694 1369 1764 ἰσχυρίσατο,
1427 1700 1603 1752 καίτοι
1643 1701 1780 1768 μηδ-
1885 1714 1890 1750 ι

1771 1731 1780 1741 -
1885 1707 2094 1752 tierent.
2139 1698 2297 1753 Novit
2346 1702 2490 1754 enim
2526 1715 2612 1755 me
2641 1705 2836 1772 capitis
2863 1707 3110 1774 periculo
3141 1718 3348 1774 petens,
3388 1721 3445 1762 ut

214 1781 343 1843 ὀλως
387 1782 510 1850 μηδ’
545 1782 635 1849 ὑφ’
665 1777 874 1846 οὗτινος
935 1780 1028 1838 οὖν
1076 1788 1454 1858 ἐμπρησθεὶς,
1493 1791 1614 1858 μηδ’
1640 1793 1776 1862 ἔχων
1805 1837 1851 1896 Β
1884 1808 1888 1839 ε

217 1875 237 1896 2
268 1891 311 1896 Α.
361 1875 452 1896 _-_\
519 1874 768 1896 1.__\l-_..
845 1876 967 1896 "A7,
1058 1878 1070 1896 I
1249 1881 1288 1896 αἱ
1390 1884 1401 1896 ι
1530 1884 1580 1896 ιιι

1768 1811 1776 1838 ι
1805 1837 1851 1896 Β
1884 1789 1928 1842 si
1947 1791 2123 1843 solum
2145 1807 2308 1849 voces
2333 1793 2631 1855 attolleret,
2662 1809 2718 1848 se
2739 1805 2924 1850 contra
2953 1799 3442 1866 areliiepiscomini,

215 1875 317 1924 ὁτι
361 1875 458 1926 καὶ
513 1874 794 1929 ἀπολέσαι.
845 1876 976 1930 "At:
1011 1878 1120 1947 γὰρ
1166 1881 1333 1947 μηδὲν
1386 1884 1773 1953 ἐργαζόμενος,
1805 1874 1889 1934 ’ἰ

1770 1929 1773 1942 ,
1805 1874 1851 1896 ³³
1881 1884 2048 1938 etiam
2074 1885 2247 1951 ipsum
2279 1886 2661 1953 imperatorem
2697 1903 2820 1942 esse
2854 1901 3226 1951 evocatorum,
3251 1892 3444 1958 quibus

216 1967 345 2018 ἀλλὰ
371 1969 891 2039 περιεργαζόμενος,
926 1971 1022 2023 καὶ
1045 1972 1106 2022 τὸ
1143 1975 1256 2035 τοῖς
1287 1975 1589 2044 πράκτορσι
1615 1992 1781 2045 προσ-
1879 1993 1890 2028 ι

1771 2005 1781 2015 -
1879 1975 2101 2044 quidem
2151 1990 2306 2030 meus
2371 1977 2546 2030 honor
2608 1981 2829 2032 sordido
2883 1980 3101 2049 penitus
3151 1981 3445 2034 fa‘daretnr

217 2058 670 2127 αναχρώννυσθαι
723 2061 921 2129 τέχνην
978 2062 1323 2130 ποιούμενος,
1357 2066 1450 2118 καὶ
1496 2067 1634 2119 κατὰ
1671 2066 1778 2118 τῶν
1880 2086 1891 2121 ι

1767 2084 1778 2117 ν
1880 2068 2167 2134 dedecore,
2204 2077 2320 2134 aut,
2345 2077 2406 2122 ut
2431 2085 2553 2137 qua:
2580 2069 2818 2136 Spiritus
2851 2081 3000 2133 sunt,
3039 2073 3254 2137 loquar.
3288 2071 3441 2138 quasi

217 2154 388 2206 κυνῶν
416 2156 544 2215 τοὺς
573 2152 868 2222 τραπεζεῖς
902 2155 994 2206 καὶ
1039 2156 1399 2225 συναμόρους,
1425 2158 1561 2226 πρὸς
1591 2158 1647 2210 ἓν
1683 2160 1780 2226 μό·
1882 2162 1891 2216 l

1773 2186 1780 2196 -
1882 2162 1936 2216 in
1995 2163 2153 2215 busto
2210 2162 2533 2216 collocatur.
2583 2161 2765 2230 Nuper
2813 2171 2992 2216 autem
3025 2179 3052 2215 a
3084 2179 3168 2216 me
3198 2164 3353 2231 quasi
3390 2178 3447 2216 se

220 2263 304 2297 νον
340 2246 509 2313 όρῶν,
563 2246 591 2300 ὃ
624 2264 676 2298 τι
701 2245 767 2298 ἂν
815 2248 1135 2318 ἐπιρῥιφείη
1185 2248 1314 2317 παρ’
1361 2249 1584 2302 ἐκείνων
1608 2250 1776 2320 αὐτῷ,
1882 2261 1894 2306 l

1770 2294 1776 2309 .
1882 2261 2056 2307 ιοιιιιιι
2088 2253 2335 2307 comburi
2359 2263 2412 2307 et
2434 2254 2646 2307 absumi
2673 2255 3048 2317 aﬂirmavit,et
3082 2271 3110 2307 a
3135 2256 3444 2320 neutiquam

219 2335 645 2389 καθυλακτοῦντι
702 2337 799 2405 μὲν
863 2338 1148 2406 πρότερον,
1204 2337 1672 2410 ὑπερυλακτοῦντι
1722 2341 1779 2392 δὲ
1880 2361 1893 2386 ι

1774 2359 1779 2391 :
1880 2345 1966 2398 vel
2008 2360 2038 2397 a
2067 2344 2262 2413 quovis
2310 2359 2577 2400 accensus
2609 2353 2714 2407 est,
2739 2357 2789 2396 et
2816 2345 3048 2399 amictus
3082 2363 3096 2411 ;
3127 2361 3223 2399 nec
3259 2343 3448 2396 habuit

220 2425 458 2496 ὕστερον,
504 2429 830 2498 καρκινάδος
888 2431 1000 2481 ἐστὶ
1053 2430 1410 2500 γυμνότερος.
1460 2434 1568 2485 Καὶ
1619 2434 1669 2485 εἰ
1702 2434 1781 2485 ἐν·
1881 2453 1894 2490 ι

1770 2461 1781 2474 -
1881 2436 2028 2507 quod
2061 2437 2293 2504 amplius
2313 2446 2600 2499 everteret,
2648 2436 2815 2506 679
2860 2453 2983 2490 nam
3016 2452 3138 2490 cum
3193 2450 3251 2489 se
3283 2435 3444 2488 veluti

221 2523 467 2590 επρὴσθη
513 2522 589 2587 δὲ,
619 2521 772 2575 οὐδὲν
801 2523 936 2590 πρὸς
984 2525 1083 2592 ἐμὲ
1115 2525 1290 2589 τοῦτο,
1321 2527 1382 2578 οὐ
1416 2526 1616 2593 μᾶλλον
1649 2525 1680 2595 ἢ
1715 2526 1782 2579 τά
1883 2541 1895 2579 ι

1770 2543 1782 2579 ι
1883 2526 2019 2579 nihil
2062 2525 2324 2593 proficere
2365 2533 2420 2578 et
2463 2541 2626 2595 agere
2665 2529 2890 2590 videret,
2944 2528 3038 2581 sed
3076 2528 3250 2580 solum
3291 2527 3444 2594 quasi

221 2613 476 2685 ἐνΛισὺῃ
501 2614 633 2684 πρὸς
664 2616 789 2676 τοὺς
832 2615 974 2667 κατὰ
1015 2616 1115 2684 τὴν
1147 2616 1369 2670 Νύσσαν
1410 2618 1625 2678 Ἰνδούς.
1668 2619 1783 2687 Τῆς
1882 2634 1895 2671 ι

1774 2636 1783 2680 ς
1882 2617 2117 2686 quadam
2153 2617 2207 2670 id
2245 2616 2560 2671 curiositate
2592 2619 2920 2687 suscepisse,
2950 2620 3112 2671 etiam
3154 2626 3204 2671 ct
3232 2617 3297 2671 ad
3323 2632 3448 2671 exa-

233 2705 472 2771 Ἀχρέδος
509 2704 827 2771 ἀποδημῶν,
872 2705 958 2758 ὅτε
991 2707 1125 2774 φησὶ
1173 2708 1233 2759 τὸ
1272 2708 1444 2760 δεινὸν
1479 2710 1642 2769 αὐτὸς
1679 2728 1782 2763 παο
1884 2723 1907 2762 c

1775 2737 1782 2750 -
1884 2720 2096 2762 ctorum
2149 2717 2320 2762 artem
2360 2715 2416 2761 et
2477 2709 2696 2761 modum
2744 2709 2855 2763 btet:
2900 2708 3079 2763 effecit
3118 2709 3366 2770 conﬂari,
3394 2717 3449 2762 et

221 2797 328 2848 Θεῖν
368 2798 544 2849 ἐκεῖνο
577 2797 636 2850 τὸ
683 2798 1078 2857 ἀνυπόστατον,
1129 2802 1329 2870 τρόπον
1356 2801 1542 2870 ἓτερον
1590 2805 1655 2872 τῇ
1690 2803 1785 2854 Πε-
1886 2818 1895 2849 4

1772 2834 1785 2843 -
1886 2808 2079 2853 contra
2110 2813 2276 2854 canes
2303 2840 2318 2862 ,
2345 2813 2546 2852 mensae
2577 2800 2817 2854 asseelns
2857 2801 3104 2855 exitiales
3131 2811 3183 2853 et
3206 2811 3446 2855 vastato-

222 2889 441 2958 ὶαγονίᾳ
482 2891 756 2958 ἐνεδήμει,
788 2891 932 2960 νόσῳ
965 2890 1157 2962 βαρείᾳ
1192 2895 1541 2963 κατάσχετος.
1576 2891 1705 2948 Εἶτα
1733 2896 1783 2948 τί
1886 2908 1896 2945 ι

1771 2896 1783 2941 ί
1886 2908 1977 2946 res
2014 2891 2232 2959 impios.
2288 2891 2342 2944 in
2384 2907 2552 2944 unum
2602 2892 2776 2944 solum
2811 2893 2945 2945 vidit
2980 2892 3272 2957 conﬂuere,
3315 2901 3371 2945 ut
3403 2894 3445 2945 si

221 2985 315 3036 οὐκ
339 2984 404 3036 ἂν
436 2985 580 3036 εἴποι
614 2983 721 3034 τῶν
749 2983 1109 3053 ἀδηλοτέρων,
1156 2986 1249 3037 καὶ
1276 2985 1555 3054 ἐχεγγύως
1582 2986 1786 3039 πιστὼ-
1887 2986 1895 3038 l

1774 3017 1786 3027 -
1887 2983 2027 3038 forte
2060 2983 2160 3043 illi,
2193 2983 2293 3050 ipsi
2323 2982 2546 3035 latranti
2578 2982 2796 3049 quidem
2835 2983 3008 3048 prius.
3045 2982 3264 3035 tandem
3294 2984 3448 3035 altis-

224 3093 393 3135 σαιτο,
425 3077 452 3126 ό
477 3077 590 3135 τοῖς
619 3073 789 3136 οὕτως
813 3077 1106 3142 ἐναργέσιν
1136 3077 1300 3143 ὁμόσε
1329 3078 1556 3147 χωρῶνς
1591 3080 1696 3130 Τὸν
1728 3078 1783 3130 δέ
1887 3089 1898 3127 ι

1773 3078 1783 3129 Ξ
1887 3075 2028 3128 simo
2053 3072 2367 3126 vociferanti
2391 3074 2611 3135 latratu,
2633 3083 2687 3124 ut
2714 3075 2845 3125 socii
2879 3088 3043 3141 super
3075 3072 3447 3140 injicerentur.

221 3184 279 3234 γε
322 3167 570 3234 βασιλέα,
616 3167 790 3218 καίτοι
849 3167 1256 3232 στεγανώτατον
1304 3168 1587 3236 άνϋρωπον
1630 3168 1781 3230 ὄντα,
1810 3172 1853 3229 C
1889 3166 1895 3220 l

1772 3208 1781 3230 ,
1810 3172 1853 3229 C
1889 3166 1984 3220 Est
2019 3181 2151 3220 vero
2179 3165 2293 3234 ipsa
2324 3164 2630 3219 Carcinade
2662 3165 2922 3217 inermior
2954 3179 3014 3216 ac
3056 3163 3273 3217 nudior.
3315 3164 3378 3216 At
3404 3163 3446 3217 si

226 3262 313 3312 καὶ
339 3261 399 3312 οὐ
435 3259 617 3327 ῥᾴδιον
656 3256 855 3310 διδόναι
897 3257 1290 3325 ψευδολογίαις,
1335 3260 1484 3326 ὅμως
1514 3259 1782 3329 κατεμάλ·
1887 3258 1900 3311 1

1773 3288 1782 3300 -
1887 3257 1977 3311 hic
2035 3256 2434 3324 quodammodo
2488 3257 2814 3324 absumptus
2853 3264 2954 3316 est,
2996 3263 3049 3307 et
3105 3256 3447 3315 combustus,

223 3351 380 3412 θαξεν
410 3352 439 3402 ὁ
465 3349 845 3417 παμπόνηρος,
885 3349 938 3400 τί
982 3350 1079 3416 μὲν
1109 3349 1171 3400 οὺ
1200 3351 1696 3419 σχηματισάμενος,
1728 3351 1779 3403 τί
1886 3365 1897 3402 1

1775 3352 1779 3403 ἰ
1886 3348 2020 3402 nihil
2053 3349 2153 3402 hoc
2194 3347 2260 3400 ad
2293 3363 2381 3401 me
2427 3349 2642 3407 attinet,
2701 3363 2807 3400 non
2851 3351 3022 3414 magis
3051 3360 3212 3415 quam
3239 3361 3300 3399 ea
3330 3363 3449 3414 quae

221 3442 263 3494 δ’
285 3443 382 3494 οὐκ
409 3441 916 3509 ἀνακλαυσάμενος,
953 3443 1096 3502 τίνος
1141 3442 1183 3491 δ’
1226 3442 1389 3511 ὅρκου
1430 3444 1777 3510 φεισάμενος,
1886 3439 1895 3491 i

1886 3439 1940 3492 in
1973 3437 2163 3508 Libya,
2191 3439 2254 3490 ad
2289 3437 2470 3500 Indos,
2500 3439 2593 3506 qui
2625 3436 2854 3505 Nyssam
2891 3439 3152 3500 incolunt,
3179 3453 3451 3508 peragun-

224 3534 288 3585 ἶν’
312 3534 483 3604 ἐξάρῃ
507 3534 601 3584 τὸν
634 3533 981 3600 ἐμπρησμὸν,
1012 3534 1104 3583 καὶ
1141 3533 1323 3605 πείσῃ,
1353 3533 1430 3595 ὡς
1461 3534 1530 3585 τὰ
1559 3533 1780 3585 τοιαῦτα
1887 3539 1898 3582 I

1777 3574 1780 3584 ν
1887 3539 1993 3584 tur.
2043 3529 2304 3597 Equidem
2349 3530 2639 3582 Acbridem
2682 3530 2925 3597 reliquit,
2956 3529 3078 3596 quia
3111 3569 3124 3592 ,
3162 3528 3354 3594 inquit,
3393 3538 3451 3580 ut

223 3629 367 3696 παρὰ
396 3625 498 3679 τοῦ
529 3625 958 3693 ἀρχιεπισκόπου
1021 3625 1246 3694 ὑπέστη,
1294 3629 1393 3694 τῆς
1448 3625 1580 3695 πρὸς
1617 3626 1781 3678 τδν⁶⁶⁶
1884 3637 1897 3690 1

1774 3630 1781 3649 ⁵
1884 3636 2048 3690 grave
2082 3621 2212 3674 illud
2258 3628 2312 3671 et
2345 3620 2682 3673 intolerabile
2710 3635 2767 3673 se
2794 3621 2998 3688 perpeti
3026 3619 3448 3680 incommodum,

223 3720 429 3782 εὐνοεας
467 3717 600 3787 (60),
635 3718 695 3770 ὃν
729 3718 939 3784 ἔκειρεν
973 3720 1198 3779 ἐκεῖνος,
1234 3717 1548 3772 ἀντίποιναο
1580 3719 1658 3772 ἔτι
1688 3722 1783 3771 καὶ
1885 3729 1897 3766 I

1779 3756 1783 3769 .
1885 3714 2143 3781 nulloque
2198 3711 2330 3765 illud
2395 3727 2557 3781 posse
2581 3712 2764 3771 modo.
2824 3711 3119 3769 sustinere,
3176 3719 3230 3762 et
3272 3710 3342 3762 ita
3394 3718 3453 3763 ut

223 3811 440 3877 κέεσθαι
482 3810 666 3877 μέντοι
697 3810 794 3868 τὰς
827 3809 978 3870 ὁδοὺς
1007 3810 1180 3878 τυρῷ,
1206 3810 1276 3861 τά
1316 3809 1373 3861 δὲ
1399 3810 1497 3878 ὅρη
1533 3827 1632 3879 μου
1666 3811 1782 3880 χέε-
1882 3813 1897 3859 1

1776 3841 1782 3851 -
1882 3805 2026 3859 tristi
2074 3808 2368 3871 depressus
2409 3803 2598 3858 morbo
2642 3803 2834 3856 iterum
2865 3803 2968 3855 iter
3008 3802 3072 3854 ad
3106 3801 3450 3871 Pelagoniam

225 3903 342 3954 σθαι
376 3901 632 3967 γάλακτι.
681 3901 786 3953 Καὶ
815 3901 1091 3954 ταλάντων
1120 3902 1220 3952 οὐκ
1261 3897 1359 3952 οἷδ’
1391 3903 1604 3954 ὁπόσων
1640 3918 1782 3970 συμ-
1885 3913 1899 3948 ι

1776 3931 1782 3942 ι
1885 3896 2123 3950 deﬂexit.
2148 3893 2350 3948 Deinde
2383 3894 2513 3962 qttid
2543 3909 2648 3947 non
2697 3895 2900 3947 diceret
2931 3908 3142 3958 eorum,
3172 3909 3290 3960 qua:
3319 3894 3450 3946 nulli

226 3995 514 4060 πορισμοῖς
564 3990 724 4059 ἁδρόν
753 3987 894 4042 εἷναί
952 4007 1017 4058 με
1056 3991 1149 4042 καὶ
1185 3990 1554 4057 βαθύπὶουτον
1581 3992 1783 4061 διωμό-
1887 4005 1900 4042 ι

1773 4021 1783 4032 -
1887 3996 2014 4042 nota
2054 3997 2201 4047 sunt,
2237 3990 2398 4040 etiam
2432 3987 2549 4054 ejus
2579 3987 2907 4040 auctoritate
2949 3986 3241 4054 intercepta
3294 3987 3447 4040 tidem

226 4101 370 4138 σατο.
405 4088 516 4138 Καὶ
549 4085 704 4147 ἄγειν
733 4082 1109 4150 σατραπικῶς,
1146 4081 1346 4148 μᾶλλον
1373 4083 1428 4134 δὲ
1462 4085 1556 4137 καὶ
1591 4102 1783 4152 πικροο
1884 4065 1900 4134 ι

1777 4115 1783 4125 -
1884 4065 2150 4145 exigeret,
2186 4079 2277 4146 qui
2312 4080 2382 4130 ita
2428 4079 2478 4130 in
2515 4078 2764 4131 eumdem
2797 4079 2998 4140 locum,
3033 4094 3154 4130 cum
3188 4077 3318 4137 illis,
3360 4076 3451 4145 qui

225 4179 402 4246 πρεπῆ
437 4176 502 4247 Η.
530 4175 706 4246 μικρ.]
725 4176 953 4243 φανῆναι
978 4176 1042 4228 ἃν
1072 4175 1166 4226 καὶ
1191 4175 1258 4227 τὰ
1279 4176 1522 4244 Μηδικὰ,
1547 4180 1661 4238 τοῖς
1686 4182 1784 4244 ἀρ-
1887 4187 1899 4223 ι

1778 4205 1784 4218 .
1887 4187 2095 4229 secum,
2145 4171 2245 4222 sibi
2292 4171 2488 4222 similia
2540 4177 2884 4238 perpetrant,
2940 4168 3324 4236 proficiscitur.
3385 4170 3452 4219 At

224 4271 598 4335 κιεπισκνίποις
621 4265 683 4336 Π.
705 4265 1240 4335 ἀρχιεπισκοπικοίςΙ
1261 4265 1781 4333 παραθεωρούμενα,
1887 4265 1898 4318 i

1775 4308 1781 4326 ,
1887 4265 2290 4333 imperatorem,
2320 4263 2448 4330 quia
2495 4263 2618 4316 talis
2654 4263 2814 4315 homo
2842 4271 2945 4323 est,
2971 4262 3062 4330 qui
3096 4262 3214 4314 vivo
3255 4276 3449 4313 arcana

230 4361 319 4411 καὶ
346 4360 414 4410 τὰ
438 4362 497 4409 ἐν
524 4358 748 4418 Σούσοις
787 4356 880 4408 καί
920 4355 1272 4417 ’Ἐκϐατάνοις
1313 4354 1560 4423 βασίλεια
1619 4355 1784 4408 καλύ-
1887 4374 1904 4408 ι

1774 4386 1784 4396 -
1887 4371 2120 4425 quaeque
2157 4364 2375 4423 pectore
2405 4353 2610 4416 condit,
2643 4369 2744 4407 nec
2778 4352 2934 4404 facile
2967 4353 3264 4404 mendaciis
3295 4350 3448 4403 fidem

227 4451 322 4510 61;
344 4448 588 4517 ατεχνῶς
616 4448 752 4517 πρὸς
805 4447 871 4498 τά
903 4446 1010 4512 ἐμὰ
1042 4447 1377 4513 πολυόροφα,
1419 4450 1510 4498 καὶ
1537 4447 1660 4506 τοὺς
1704 4451 1783 4516 ῥι·
1818 4509 1852 4517 _
1889 4464 1901 4516 ι

1775 4476 1783 4487 -
1818 4509 1852 4517 _
1889 4455 2138 4516 prxstat,
2173 4456 2353 4498 tamen
2390 4446 2476 4497 ille
2507 4446 2810 4499 sceleratus
2851 4454 2904 4497 et
2933 4446 3176 4498 nefarius
3202 4445 3449 4507 detorsit,

231 4542 448 4601 πιστοὺς
493 4539 697 4599 οἴκους,
745 4531 827 4600 οἷς
875 4537 1184 4602 ὲνθερίξων,
1234 4537 1496 4604 άναψύκω
1532 4538 1630 4607 τὴν
1678 4538 1786 4590 τῶν
1818 4509 1862 4564 D
1889 4563 1905 4596 ε

1775 4557 1786 4589 ι
1818 4509 1862 4564 D
1889 4550 1942 4596 et
1979 4540 2044 4594 ad
2077 4553 2174 4592 sua
2224 4539 2462 4591 facinora
2494 4538 2776 4590 emollit-it.
2818 4537 2972 4600 Quod
3007 4553 3132 4588 vero
3181 4538 3303 4589 ﬂeto
3344 4552 3449 4589 non

233 4629 663 4696 ἐπιφαινομένων
724 4644 814 4695 μοι
862 4627 1082 4694 σαρκῶν
1133 4626 1380 4691 κάμινον.
1420 4628 1482 4677 Ἃ
1510 4627 1573 4694 δὴ
1613 4628 1787 4678 πάντα
1891 4645 1907 4696 ι

1775 4645 1787 4675 ι
1891 4628 2134 4696 praetexit
2175 4628 2376 4688 animo,
2411 4626 2539 4692 quid
2579 4641 2685 4679 non
2739 4628 2909 4678 multo
2940 4627 3151 4679 deﬂevit
3193 4627 3449 4687 Iamento,

232 4723 321 4772 καὶ
349 4721 578 4788 γνώμης
610 4717 995 4787 ὃαιμονιώδους
1026 4715 1458 4785 συμπλάσματα,
1495 4717 1586 4768 καὶ
1612 4715 1790 4782 γλώσο
1890 4738 1906 4776 ε

1775 4746 1790 4758 -
1890 4731 1944 4776 et
1974 4722 2128 4787 cujus
2161 4720 2304 4781 ﬂdei,
2333 4726 2386 4771 et
2417 4718 2772 4786 jurejurando
2801 4720 3056 4787 pepercit,
3095 4728 3151 4769 ut
3184 4727 3335 4770 atrox
3367 4718 3449 4770 af-

235 4829 328 4879 σης
361 4813 680 4875 κακολογεῖν
732 4811 889 4876 μόνον
952 4807 1230 4875 μαθούσης
1273 4809 1556 4874 φάσματα.
1601 4806 1790 4868 Ἐκτδς
1894 4811 1909 4865 Ι

1776 4823 1790 4868 ἶ
1894 4811 2057 4865 ferret
2091 4819 2143 4865 et
2170 4810 2423 4863 educeret
2456 4809 2786 4867 incendium.
2806 4819 2859 4862 et
2880 4817 2934 4860 ιιι
2970 4810 3319 4877 persuaderet
3349 4809 3450 4863 sibi

233 4905 335 4973 γὰρ
361 4906 460 4971 τῆς
510 4902 874 4971 περιλαλήτου
927 4903 1027 4968 γῆς
1073 4899 1226 4951 οὐδὲν
1275 4898 1383 4950 τῶν
1441 4897 1791 4966 δημοσιακῶν
1891 4909 1907 4953 ι

1775 4915 1791 4948 ρ
1891 4902 2020 4953 talia
2063 4901 2131 4952 ab
2170 4898 2582 4966 archiepiscopo
2615 4898 2780 4950 fuisse
2818 4898 3132 4959 substituta,
3167 4905 3224 4950 ut
3268 4901 3449 4951 mitem

233 4996 459 5063 εὐρέθην
495 4995 763 5062 κατέχων,
789 4995 814 5043 ό
848 4991 1009 5051 πολὺς
1047 4989 1158 5056 ἐγὼ
1183 4991 1283 5057 τὴν
1317 4990 1490 5057 ἰσχὺν,
1548 4990 1640 5040 καὶ
1678 4990 1789 5049 τοῖς
1889 5011 1907 5061 ι

1774 5005 1789 5049 ἶ
1889 4993 2134 5061 praefecti
2180 4991 2614 5045 benevolentiam
2665 4989 3003 5048 conciliaret,
3031 5004 3188 5055 quem
3235 4991 3448 5061 penitus

247 5087 536 5147 ’Δλωάδαις
585 5084 917 5151 ἐφάμιλλος·
954 5083 1134 5133 καίτοι
1189 5080 1602 5148 ἐπηρεαστικῶς
1635 5083 1790 5145 ὲρευ-
1890 5085 1921 5134 il

1773 5106 1790 5118 -
1890 5085 1979 5136 ille
2008 5083 2059 5133 in
2092 5081 2382 5132 vindictam
2428 5077 2789 5145 deptipulatns
2837 5077 3030 5128 fuerat.
3065 5078 3256 5131 Adhuc
3287 5080 3447 5130 etiam

235 5179 470 5243 νωμενος
504 5177 597 5229 καί
625 5174 1158 5243 ὶογοπραγούμενος.
1189 5173 1277 5242 Μὴ
1312 5173 1419 5239 γάρ
1468 5173 1532 5239 μέ
1559 5189 1642 5232 τις
1663 5173 1791 5240 ἐρή-
1887 5189 1909 5226 c

1775 5201 1791 5212 -
1887 5181 1940 5226 cl
1991 5170 2277 5225 amt'tuavit
2331 5168 2446 5222 vias
2503 5183 2694 5220 omnes
2724 5182 2883 5221 caseo
2926 5167 3164 5230 clunt-re,
3214 5178 3266 5222 et
3302 5185 3449 5222 meos

241 5285 340 5335 μην
371 5268 591 5333 αἱρείτω
631 5267 726 5326 τάς
754 5266 847 5316 τοῦ
882 5269 1188 5334 πράκτορος
1216 5265 1333 5315 κατ’
1369 5262 1502 5331 ἐμοῦ
1533 5263 1790 5325 διαὸολὰς
1889 5278 1915 5314 ιι

1773 5279 1790 5325 ς
1889 5272 2101 5316 montes
2158 5260 2304 5312 dulci
2352 5269 2566 5313 scatere
2612 5260 2768 5321 lacte,
2824 5267 2876 5311 et
2936 5260 3257 5311 talentorum
3291 5262 3308 5322 (
3342 5277 3447 5313 non

237 5360 425 5418 πιστὰς
457 5357 679 5408 αὐτόθεν
707 5357 1023 5424 δεχόμενον
1057 5356 1193 5407 ἀλλὰ
1215 5355 1349 5424 πρὸς
1375 5355 1520 5423 ὅπερ
1550 5354 1615 5406 ἂν
1650 5356 1790 5405 ἐκεῖ·
1890 5368 1911 5419 q

1776 5380 1790 5391 -
1890 5353 2106 5420 quidem
2159 5351 2282 5404 novi
2314 5359 2471 5418 quot,
2520 5350 2602 5404 vel
2647 5359 2856 5418 quanta
2890 5349 3062 5416 dixit)
3093 5350 3450 5416 acquisitione

1412 5492 1613 5554 Variis
1648 5493 1948 5554 lectiones
1993 5496 2052 5552 et
2096 5499 2282 5551 notae.

302 5618 412 5681 (ἦθ’)
433 5614 645 5686 Εὗρον.
691 5621 871 5675 Sl‘rib.
895 5620 1086 5684 εὑρών.
1890 5621 1964 5686 dit

1890 5618 2243 5686 dit.Apparet
2283 5634 2343 5672 ex
2388 5618 2529 5670 serie
2594 5615 2856 5680 epistolre.
2893 5612 2982 5686 Sic.
3034 5612 3198 5686 etiam
3250 5610 3445 5686 inquit,

305 5688 414 5757 (ϐυ)
445 5681 626 5761 Teii-9‘
657 5692 916 5755 εὐνοίας.
946 5681 1152 5746 Censeo
1177 5691 1553 5761 supplendum.
1581 5693 1668 5742 τὴν
1694 5690 1783 5742 δ·-
1893 5681 1974 5761 ξυρι

1773 5721 1783 5730 -
1893 5681 2031 5752 epist
2055 5681 2140 5743 13.
2163 5689 2268 5740 Καὶ
2299 5688 2466 5761 ταῦτα
2486 5688 2549 5737 τά
2568 5687 2823 5736 πάνδεινα
2845 5684 3034 5737 παθεῖν
3054 5681 3447 5743 ἀνεκλαύσατο,

243 5754 675 5826 μόσιονεὺιοὶας.
738 5764 865 5826 Qme
887 5779 982 5816 vox
1022 5764 1178 5831 paul)
1232 5754 1352 5830 post
1413 5764 1606 5816 iterum
1638 5761 1786 5815 exri-
1892 5761 1917 5812 ὃ

1232 5754 1352 5830 post
1413 5764 1606 5816 iterum
1638 5761 1786 5815 esi'i-
1892 5760 1979 5812 διὰ
2010 5759 2069 5810 τὸ
2107 5758 2291 5822 εὔνους
2327 5754 2463 5810 εἶναι
2491 5758 2565 5824 τῇ
2598 5756 2859 5825 δημοσίῳ.
