4240 6440
173 343 263 404 M9

998 336 1387 398 EPISTOIAE
1435 331 1633 394 ΙᾹίίγ
1678 334 1722 388 Λ
1766 330 1822 390 J.
1867 330 2214 390 MEUBSIO
2250 333 2516 392 EDiT.'E.

3296 344 3398 402 450

173 476 275 521 σιν,
311 457 525 525 μοιαχοί
554 474 611 508 τε
651 458 824 520 ὄντες,
862 456 955 507 καὶ
991 453 1236 521 εὐνοῦχοι
1285 451 1570 521 ἱερωμένοι
1598 462 1610 475 '
1641 448 1718 499 ἔτι
1752 452 1793 508 Α
1823 464 1847 514 ιι

1752 452 1793 508 Α
1823 461 1986 514 quam
2017 456 2126 499 tota
2151 450 2459 499 communis
2487 449 2778 502 tttttltiltltlt)
2798 451 3004 505 multati
3031 464 3176 507 sunt.
3205 454 3264 506 ιιι
3287 459 3394 509 ba-c

171 550 216 599 δὲ
247 549 330 597 καὶ
372 548 547 599 λαῖκοί
588 563 753 611 τινες,
789 548 851 599 οὐ
890 544 1130 606 πλείους,
1182 538 1358 611 οἶμαι,
1390 542 1500 594 τῶν
1531 543 1719 601 πέντε,

170 643 384 701 ἅπαντες
419 640 587 707 μηθὲν
616 638 709 691 τοῦ
757 638 1014 706 δημοσίαν
1062 636 1388 705 νεμόμενοι,
1423 634 1472 685 οἳ
1507 635 1621 695 πῶς
1652 632 1720 686 ἂν

170 731 290 793 ἄξιοι
324 730 622 799 νομισοείεν
666 728 1119 797 φορολογείσθαη
1159 727 1292 779 Οὐδὲ
1324 729 1429 793 γὰρ
1463 727 1581 778 οὐδὲ
1617 726 1720 795 βα-

170 821 331 882 σιλεὺς
360 821 515 873 τοῦτο
560 822 805 874 δύναται.
852 820 979 889 Ἐμὲ
1013 820 1065 871 δὲ
1106 819 1268 871 αὐτον
1306 819 1447 870 οὕτω
1478 819 1714 886 μεγαλο-

168 914 501 982 πλεθέστερον
529 914 912 981 εἰσεπράξατο.
947 912 1021 974 ὡς
1052 918 1123 981 μή
1156 928 1246 980 μοι
1269 911 1604 979 καταισχύνῃ
1629 912 1718 962 τὸν

166 1002 309 1068 (qua;
330 1004 419 1055 τοῦ
446 1003 776 1071 ἀξιώματος.
812 1004 972 1055 Ὥστε
1007 1005 1146 1071 ὑπὲρ
1184 1004 1283 1070 μὲν
1317 1004 1717 1071 καθῃρημένων

167 1094 425 1161 πρόπαλαι
463 1094 644 1164 μύλων
674 1094 853 1147 πάντα
879 1094 1164 1165 ἀπῄτησεν
1184 1110 1197 1123 ·
1229 1094 1368 1162 ὑπὲρ
1393 1096 1445 1146 δὲ
1476 1111 1717 1146 συνισταο

134 1187 331 1252 ,μένων
353 1185 619 1239 διπλασίω
662 1186 696 1256 ἢ
750 1188 877 1247 τοὺς
911 1186 1274 1255 Βουλγάρους-
1328 1186 1434 1237 καὶ
1484 1185 1577 1253 ἐπί
1612 1204 1717 1238 τινι

164 1278 387 1347 τοπαρίῳ
419 1280 676 1349 λιμναίῳ,
720 1280 919 1349 ἰχθύων
968 1280 1144 1348 ἄγραν
1190 1279 1382 1331 διδόντι
1417 1279 1714 1349 πένησσας,

165 1369 497 1435 τρισκαίδεκα
554 1372 867 1439 κεφαλαίων
917 1372 1060 1424 ὀκτὼ
1115 1370 1454 1423 καταθέσθαι
1500 1372 1717 1437 ὲξεδιά-

168 1474 301 1521 οατο,
329 1463 387 1511 οὐ
418 1459 637 1524 πλείους
666 1460 697 1530 ἢ
734 1462 852 1523 ἐνὸς
884 1460 1141 1513 διωϐόλου
1191 1462 1375 1528 ἀξίους
1404 1461 1572 1532 χθύας
1605 1460 1659 1531 (6
1673 1463 1715 1530 ὶ)

166 1547 354 1601 ἐκεῖθεν
387 1549 635 1615 λαῦόντα,
667 1555 758 1603 καὶ
798 1552 971 1604 ταῦτα
1012 1552 1121 1604 τῶν
1170 1553 1344 1605 ἄλλων
1392 1555 1623 1606 ἑκάστου
1660 1553 1717 1603 ἓν

164 1639 397 1692 διώὸολον
433 1644 923 1713 καταϐαλλομένων
970 1645 1062 1696 ἐπὶ
1100 1646 1212 1707 τοῖς
1248 1646 1455 1713 ὁμοίοις
1508 1648 1713 1707 τόποις.

170 1729 271 1781 Ἔτι
311 1731 408 1800 τῆς
453 1734 779 1804 Ἐκκλησίας
838 1734 945 1787 τῶν
992 1735 1147 1799 ζώων
1185 1737 1501 1799 ἐξκουσείαν
1536 1737 1716 1805 ἁδρῶν

164 1839 212 1873 τε
244 1827 328 1876 καὶ
380 1826 591 1878 λεπτῶν
644 1827 874 1897 ἐχούσης
927 1830 991 1880 ὲκ
1042 1828 1250 1898 δωρεᾶς
1310 1829 1615 1898 βασιλικῆς,

169 1916 407 1984 ῥηθέντες
456 1919 733 1990 ἅνθρωποι
784 1921 954 1973 ταῦτα
1014 1922 1446 1993 ὲδεκατῶθησαν,
1500 1924 1580 1990 ἐφ’
1633 1917 1713 1985 οἷς

165 2005 292 2076 εἶχον
315 2012 471 2072 ζώοις
502 2013 703 2078 ὀλίγοις
740 2014 902 2078 πάνυ,
937 2016 1067 2084 παρ’
1094 2014 1230 2084 ἐμοῦ
1274 2014 1507 2067 δοθεῖσιν
1531 2016 1713 2077 αὐτοῖς

164 2105 233 2163 εἰς
259 2104 514 2173 βραχεῖαν
545 2106 909 2177 παράκλησιν.

1664 1792 1791 1881 οίΒ

1828 538 1948 602 pius
1989 538 2096 599 ille,
2130 545 2187 587 nt
2224 538 2484 603 probatus
2515 540 2595 587 vir
2626 539 2740 591 suis
2773 542 3117 594 machinatus
3155 557 3231 595 CSt
3264 556 3398 594 arti-

1826 631 1948 691 bus,
2003 631 2158 696 quasi
2196 630 2268 681 ita
2315 644 2435 696 qua:
2466 630 2645 682 clerici
2680 630 2830 683 lucra
2893 634 3289 701 impenderent,
3345 638 3396 687 in

1825 722 2071 791 pra‘sidis
2129 722 2338 773 invecta
2385 723 2772 783 commodum,
2829 728 3301 793 amplilicarcntur
3344 738 3399 781 et

1820 825 2156 878 crescerent,
2192 825 2354 882 atque
2395 831 2494 882 ego
2544 817 2663 869 idco
2699 818 3010 886 ingentibus
3058 836 3235 874 essem
3272 820 3400 875 atie-

1825 922 1951 963 Ctus
1978 908 2291 971 calumniis,
2325 908 2481 975 quasi
2510 909 3115 964 tantumdctrimcntum
3147 914 3196 964 in
3220 928 3396 965 meum

1819 1005 2207 1075 Opltulatorem
2262 1012 2313 1054 et
2375 1003 2688 1057 muniﬁcum
2722 1014 3091 1059 converterem
3126 1014 3183 1058 ut
3211 1008 3396 1075 ingra-

1820 1110 1928 1165 tus,
1949 1097 2557 1154 etinsatiabiliobrutus
2580 1098 2900 1165 cupiditate.
2924 1098 3047 1152 llzec
3078 1100 3243 1153 etiam
3275 1101 3398 1153 dico

1818 1194 1882 1247 de
1913 1194 2154 1255 tributis,
2184 1204 2307 1260 qua:
2347 1189 2414 1241 ab
2454 1190 2843 1246 ecclesiasticis
2869 1193 3184 1248 hominibus
3214 1204 3399 1247 extor-

1818 1288 1907 1338 sit.
1940 1286 2153 1339 Etenim
2192 1286 2243 1337 bi
2284 1281 2642 1349 injustissime
2675 1296 2801 1336 sunt
2836 1286 2902 1338 ab
2941 1286 3287 1340 exactoribus
3319 1287 3399 1339 al"-

1818 1374 1970 1441 ﬂieti,
2009 1390 2133 1428 cum
2192 1373 2446 1427 mOItat'Ili
2474 1382 2679 1434 essent,
2711 1382 2762 1425 et
2788 1378 3089 1447 consecrati
3137 1377 3395 1431 eunuchi.

1821 1468 1992 1521 Etiam
2022 1476 2073 1522 et
2105 1468 2224 1520 laici
2259 1468 2502 1536 quidam,
2536 1479 2677 1534 quos
2709 1481 2815 1518 non
2840 1467 3023 1535 plures
3052 1483 3215 1534 quam
3239 1470 3399 1536 quiu—

1816 1577 2068 1629 qnoeesse
2102 1561 2357 1621 arbitror,
2398 1557 2492 1628 qui
2536 1556 2670 1609 nihil
2721 1559 2964 1625 praesidis
3000 1561 3300 1627 possident,
3339 1560 3392 1613 bi

1817 1653 2096 1721 quomodo
2131 1654 2290 1721 digne
2341 1652 2461 1719 cogi
2496 1657 2744 1719 possunt,
2784 1661 2840 1702 ut
2874 1651 3075 1703 tributa
3118 1652 3395 1720 pendant?

1818 1726 1936 1795 Non
1967 1745 2133 1806 enim,
2163 1757 2291 1797 non.
2322 1742 2566 1811 inquam,
2598 1739 2895 1806 imperator
2928 1741 3030 1793 hoc
3055 1742 3275 1795 efﬁcere
3301 1758 3396 1810 po-

1823 1842 1949 1886 test.
1985 1834 2052 1886 Αι
2096 1848 2181 1886 nte
2224 1834 2431 1902 ipsum,
2464 1835 2557 1902 qui
2585 1832 2657 1886 ita
2686 1846 2806 1884 sum
2855 1834 2953 1887 hac
2979 1836 3201 1890 honoris
3230 1839 3395 1890 cohoo

1823 1933 2067 1977 nestatus
2118 1923 2513 1992 magnitudine,
2568 1924 2750 1975 multm
2798 1923 2903 1973 alia
2966 1939 3123 1992 plena
3172 1928 3393 1990 invasit,

1820 2018 1975 2087 quasi
2008 2017 2151 2068 hunc
2183 2016 2313 2067 nihil
2350 2031 2479 2067 mea:
2507 2014 2785 2083 dignitatis
2836 2016 3146 2081 prmstantia
3173 2016 3397 2082 pudefa-

1820 2118 1987 2164 ceret.
2019 2108 2092 2161 Ita
2130 2109 2345 2178 quidem
2382 2121 2544 2172 super
2576 2107 2685 2175 jam
2715 2106 2920 2175 pridem
2951 2107 3192 2160 detracta
3228 2108 3393 2159 mola-

163 2212 268 2252 rum
305 2204 533 2264 ιωιιοιτι,
571 2205 750 2257 onniia
786 2208 982 2273 exeg‘t,
1014 2216 1066 2259 et
1093 2208 1146 2259 in
1193 2220 1252 2261 ea
1271 2222 1390 2276 qua:
1421 2210 1720 2261 constituta
1757 2210 1974 2264 fuerunt
2006 2217 2058 2262 et
2096 2206 2370 2273 imposita,
2434 2220 2534 2259 nos
2588 2204 2755 2273 duplo
2794 2207 2962 2274 magis
3042 2220 3203 2273 quam
3269 2203 3395 2257 Bul-

165 2306 329 2357 garos,
361 2295 653 2347 divesavit.
688 2296 752 2349 Et
781 2299 851 2351 ob
878 2300 1163 2364 quemdam
1224 2301 1517 2367 palustrem
1559 2301 1759 2370 locum,
1801 2303 1955 2369 cujus
1988 2301 2216 2369 piscium
2257 2307 2374 2352 erat
2409 2313 2602 2367 magna
2636 2299 2889 2366 inopiaet
2974 2314 3017 2349 vi
3040 2302 3188 2350 natio
3220 2299 3415 2361 rarior,

162 2399 217 2437 ex
245 2386 519 2450 tredecim,
546 2400 670 2443 octo
696 2390 967 2459 deponere
997 2401 1050 2444 et
1082 2393 1317 2448 tribuere
1333 2394 1510 2460 coegit
1540 2394 1714 2460 illum,
1741 2396 1834 2464 qui
1864 2410 1971 2448 non
2009 2395 2181 2463 pluris
2210 2392 2282 2445 ibi
2324 2392 2522 2461 pisces.
2552 2405 2714 2459 quam
2771 2392 2931 2445 unius
3030 2391 3233 2445 dioboli
3274 2406 3396 2461 pre-

162 2476 230 2526 tio
272 2477 429 2547 681
484 2482 678 2549 dignos
707 2485 1037 2551 suscepisset
1100 2492 1152 2538 et
1185 2485 1388 2539 interea
1423 2488 1584 2540 etiam
1646 2498 1705 2540 ut
1743 2488 1856 2550 alii,
1884 2488 1936 2540 in
1966 2487 2234 2540 similibus
2286 2485 2441 2546 locis.
2494 2499 2660 2537 unum
2688 2484 2978 2551 [diobolum
3050 2500 3148 2553 pro
3205 2487 3395 2553 quovis

168 2568 306 2635 pisce
332 2574 618 2639 objicerct.
655 2577 903 2645 Cumque
935 2578 1097 2630 etiam
1131 2576 1371 2632 Ecclesia
1410 2579 1752 2647 imperatoris
1792 2580 2002 2633 licentia
2034 2588 2087 2633 et
2123 2592 2367 2638 munere,
2399 2577 2465 2630 ab
2480 2578 2765 2646 erogandis
2800 2578 3037 2644 piscibus
3108 2587 3215 2630 tam
3248 2593 3395 2631 cras-

163 2667 381 2721 si0ribus
417 2679 471 2722 et
525 2672 816 2739 pinguibus
868 2688 1028 2741 quam
1094 2674 1397 2737 minutulis,
1432 2677 1690 2728 immunis
1746 2684 1799 2728 et
1838 2677 2005 2728 libera
2042 2673 2494 2740 exstitisset,jam
2527 2672 2767 2738 praedicti
2812 2674 2932 2734 viri,
2958 2680 3017 2724 nt
3076 2673 3396 2726 decimatio-

165 2771 273 2809 nem
312 2760 397 2810 illa
423 2762 748 2825 exsolveret,
784 2773 1096 2832 c0cgernnt,
1126 2767 1392 2835 pra-cipue
1422 2782 1487 2820 ex
1534 2766 1722 2835 paucis
1759 2768 2085 2821 animalibus
2126 2780 2245 2836 qua:
2279 2764 2463 2831 habui,
2525 2773 2581 2816 ut
2621 2766 2672 2817 in
2708 2764 2867 2819 breve
2929 2766 3036 2818 illis

163 2851 458 2921 vii-tumque
494 2854 773 2909 donarem.

227 2946 330 2997 Καὶ
361 2948 448 3000 ἵνα
483 2948 550 3001 τὰ
578 2951 745 3003 πλείω
768 2953 1058 3024 παρῶ,·μὴ
1097 2956 1190 3006 καὶ
1224 2954 1531 3023 λογισθείη-δ
1564 2959 1588 3008 ό
1622 2956 1718 3026 τῆς

164 3040 471 3107 παρῤημίας
532 3042 643 3112 (65)
702 3046 956 3110 Ἀράϐιος
1005 3047 1295 3114 αὑλητὴς,
1346 3050 1443 3117 τὴν
1485 3049 1710 3117 ἔναγχος

163 3128 504 3182 ἁποῗιυθεῖναι
540 3132 652 3199 (66)
704 3132 800 3199 τῆς
833 3135 1165 3202 ἀγαθότητος
1216 3138 1369 3205 ὑμῶν
1398 3136 1712 3206 πρόσταξιν,

163 3218 407 3284 ἂχριστον
436 3220 550 3289 (67)
584 3223 674 3272 ἐπὶ
706 3224 870 3275 πᾶσιν
911 3224 1196 3290 ὲποίησεν’
1236 3227 1329 3278 ἐπὶ
1375 3228 1471 3295 μὲν
1503 3229 1578 3295 τῷ
1611 3246 1718 3297 χω-

166 3308 257 3376 ρίῳ
296 3311 677 3380 μυριοτρόπως
735 3312 983 3378 ὲκφοὸῶν
1033 3330 1091 3365 τε
1151 3317 1274 3377 τοὺς
1334 3317 1590 3387 χωρίτας,
1645 3318 1720 3379 ὡς

163 3398 428 3466 ἐπιθήσων
467 3403 652 3463 αὐτοῖς
702 3402 831 3471 τέλη
871 3406 1106 3473 ἑκάστῳ,
1148 3405 1369 3475 μείζονα
1412 3407 1510 3475 τῆς
1561 3408 1721 3459 δυνά-

166 3505 319 3556 μεως,
372 3493 419 3541 εί
474 3493 575 3559 τὴν
608 3496 1039 3565 ἀρχιεπισκοπὴν
1072 3491 1224 3557 αὖθις
1262 3496 1527 3566 δεσπότην
1566 3500 1720 3566 αίρὴο

164 3597 356 3634 σονται.
391 3585 504 3635 Καὶ
540 3585 665 3637 ἄλλο
694 3586 747 3637 δὲ
796 3588 1121 3653 κακουργῶν
1150 3589 1210 3639 τὸ
1260 3588 1332 3657 μὴ
1375 3589 1721 3657 παραδιδόναι

161 3675 221 3740 τῇ
262 3674 560 3745 Ἐκκλησία
612 3678 734 3738 τοὺς
777 3681 835 3728 ὲν
870 3678 945 3745 τῷ
978 3680 1162 3749 χωρίῳ
1205 3681 1529 3749 περισσούςο
1583 3681 1722 3749 ὑπὲρ

162 3758 229 3815 ὧν
266 3766 469 3833 ὀφείλει
519 3768 692 3819 τελεῖν
745 3769 1001 3838 τοιαύτην
1060 3770 1344 3839 βασιλικὴν
1405 3771 1718 3839 πρόσταξιν.

163 3855 469 3921 Ζητούντων
515 3859 621 3927 γὰρ
670 3860 825 3927 ἡμῶν
876 3861 1254 3929 ἀναγραφῆναι
1294 3862 1537 3925 τούτους,
1580 3861 1721 3913 καθὰ

163 3946 382 4010 ἕκαστος
436 3950 686 4019 εὐπορεῖ,
748 3947 863 4003 εἶτα
918 3953 1288 4021 παραδοθῆναι
1343 3955 1507 4022 ἡμῖν,
1561 3955 1723 4016 αὐτὸς

162 4039 475 4107 ἀγριαίνων,
520 4042 615 4092 καὶ
668 4043 801 4109 πρὸς
848 4044 1014 4111 μόνην
1054 4046 1151 4113 τὴν
1196 4045 1469 4113 ἡμετέραν
1502 4044 1723 4107 ἀξίωσιν

159 4129 528 4197 ὑθριοπαθῶν,
584 4132 702 4184 Κᾶν
748 4134 839 4184 τὸν
885 4135 1121 4203 πρῶτον,
1160 4137 1344 4203 φησιν,
1394 4136 1468 4195 ῶς
1498 4136 1723 4203 ἐϋδομον

161 4220 473 4287 τελεσθῆναι
506 4222 657 4291 παρὰ
694 4223 792 4291 τῆς
842 4223 1165 4293 Ἑκκλησίας
1213 4227 1270 4280 ὲν
1309 4226 1485 4295 καιρῷ
1535 4242 1722 4277 συντε-

162 4308 304 4372 λείας
351 4313 587 4381 αίτήσω,
641 4314 735 4364 xui.
783 4315 1004 4377 ἄκοντες
1050 4316 1300 4368 τοσοῦτον
1344 4318 1723 4373 ὑποτελέσετε.

163 4399 253 4462 Τίς
285 4404 395 4472 γὰρ
425 4404 505 4473 τῷ
537 4404 833 4471 βουλήματί
884 4423 983 4473 μου
1036 4406 1364 4474 ἀνθέστηκε;
1421 4408 1502 4469 τίς
1544 4409 1600 4459 δέ
1659 4426 1721 4475 με

164 4496 351 4562 κρινεῖ,
387 4498 436 4547 εἰ
480 4496 573 4548 τὸν
607 4496 762 4547 τόσου
800 4498 949 4561 ἄξιον
978 4497 1196 4550 τοσοῦδε
1223 4499 1504 4568 τιμῶμαι;
1536 4502 1725 4553 Καίτοι

163 4585 255 4653 τὴν
289 4586 614 4653 σοφωτάτην
663 4585 863 4655 Ἰουδὴθ
904 4589 1198 4654 ἐγίνωσκον
1236 4590 1409 4656 ἔγωγε
1443 4592 1587 4659 μόνῳ
1611 4591 1728 4658 Θεῷ

164 4678 534 4746 προσᾴδουσαν
552 4677 633 4739 τὸ,
660 4673 860 4741 Εἷπες,
889 4678 984 4729 καί
1008 4679 1305 4747 ἐγένοντο.
1339 4682 1724 4746 Ἐ’νενόησας,

163 4769 254 4819 καὶ
282 4770 704 4837 παρέστησαν.
770 4771 829 4821 ’0
867 4771 922 4822 δὲ
971 4772 1160 4822 ἑαυτὸν
1213 4772 1438 4841 μερίτην
1489 4776 1723 4824 ποιεῖται

164 4858 255 4928 τῆς
286 4862 693 4928 μακαριότητος
721 4861 943 4928 ταύτης,
991 4864 1019 4914 ό
1054 4864 1166 4926 τίςς
1209 4866 1237 4915 ὁ
1264 4866 1446 4929 ποῖοςς
1473 4865 1501 4915 δ
1524 4866 1684 4927 πότος
1708 4883 1722 4931 ;

164 4954 189 5003 ὁ
234 4953 499 5022 πηλίκος;
538 4948 600 5006 οὗ
646 4953 903 5005 ὑποκάτω
950 4954 1112 5005 αὑτοῦ
1158 4954 1320 5022 σῆψιν
1368 4957 1721 5024 στρῶσουσιν.

169 5044 281 5094 Ι’ίτὶτι
314 5048 406 5096 καὶ
443 5045 616 5095 ταῦτα
651 5045 1022 5113 προστίθησιν.
1073 5049 1153 5098 ὅτι
1203 5050 1295 5098 καὶ
1343 5050 1435 5099 ἐπὶ
1484 5051 1594 5108 τοῖς
1644 5048 1725 5098 δε-

166 5136 501 5203 διινιρημένοις
534 5138 600 5203 τῇ
644 5134 938 5205 Ἐκκλησία
968 5138 1271 5204 παροίκοις,
1292 5140 1384 5200 οὓς
1409 5140 1500 5191 καὶ
1531 5140 1726 5201 αὐτοὺς

167 5223 472 5276 ἀδικώτατα
506 5225 963 5295 ἀναγραψάμενος
1014 5228 1267 5295 ηὔξησεν,
1313 5231 1523 5292 οὐδενὸς
1565 5230 1723 5282 ἄλλον

235 5408 300 5435 ⁸⁸⁸
327 5406 541 5459 Judith.
579 5418 655 5467 lx,
680 5404 732 5457 4.

3143 2766 3396 2821 solatium

1896 2954 1966 3007 At
2002 2966 2109 3005 non
2139 2949 2369 3018 amplius
2392 2950 2502 3017 jam
2550 2948 2883 3017 progrediar,
2917 2963 2983 3002 ne
3007 2949 3098 3003 illa
3132 2953 3394 3019 parmmia

1820 3047 2078 3098 Arabica:
2136 3044 2322 3096 tibicen
2390 3039 2562 3095 dicar.
2625 3040 2716 3094 Ille
2768 3049 2946 3093 autem
2992 3057 3154 3109 quam
3223 3059 3397 3111 nuper

1823 3146 2001 3193 vestra
2044 3138 2307 3189 immensa
2357 3132 2591 3196 bonitas,
2652 3134 2807 3187 nobis
2854 3133 3296 3188 constitutionem
3343 3144 3398 3188 et

1822 3234 2084 3281 statutum
2138 3222 2487 3289 ascripserat,
2520 3235 2747 3288 prorsus
2806 3224 2858 3274 in
2892 3223 3146 3275 omnilms
3202 3223 3396 3279 inutile

1821 3326 1870 3368 ct
1905 3316 2118 3367 irritum
2156 3311 2357 3365 eﬂecit.
2392 3310 2600 3362 Etenim
2642 3314 2691 3362 in
2723 3312 2821 3362 hac
2848 3313 3073 3382 regione
3107 3314 3254 3367 mille
3281 3330 3398 3366 mo-

1822 3406 1905 3458 dis
1932 3404 2080 3474 ipsos
2110 3402 2315 3455 incolas
2350 3400 2688 3463 reformidat,
2721 3403 2876 3469 quasi
2924 3402 3164 3470 ipsorum
3222 3405 3397 3458 cuivis

1823 3499 2043 3558 tributa,
2071 3496 2278 3547 viribus
2299 3504 2350 3546 et
2386 3493 2642 3546 facultate
2673 3494 2903 3562 majora,
2938 3496 3313 3557 constitueret,
3350 3499 3395 3551 si

1830 3584 2348 3653 archiepiscopalem
2404 3583 2698 3649 potentiam
2758 3598 2967 3646 rursus,
3029 3596 3079 3637 et
3113 3585 3393 3637 dominum

1830 3678 2007 3744 ipsum
2039 3677 2371 3728 deturbaret.
2406 3672 2468 3724 Et
2498 3677 2596 3726 bac
2626 3674 2729 3725 alia
2762 3689 2819 3727 se
2862 3676 3085 3729 seelcris
3137 3676 3395 3745 improbi-

1826 3782 1934 3826 tate
1956 3773 2316 3832 contaminat,
2348 3786 2470 3823 eum
2502 3778 2762 3837 perpetuo
2792 3766 2995 3822 efﬁciat
3028 3782 3095 3819 ne
3138 3766 3390 3821 Ecclesia:

1827 3861 1924 3922 illi,
1948 3860 2038 3929 qui
2076 3861 2128 3911 in
2150 3860 2247 3914 hac
2275 3859 2492 3927 regione
2515 3858 2922 3926 praestantiores
2948 3867 3001 3910 et
3024 3858 3392 3925 opulentiores

1824 3962 1972 4017 sunt,
2004 3952 2181 4004 traditi
2220 3960 2269 4003 et
2299 3950 2519 4017 ascripti
2567 3950 2930 4002 innotescant.
2980 3950 3036 4001 lit
3065 3964 3200 4017 quos
3224 3950 3393 4016 impe-

1827 4051 2069 4094 ratorum
2104 4050 2365 4095 statutum
2393 4040 2695 4109 praesertim
2721 4040 2949 4093 debebat
2975 4040 3157 4108 perlici
3198 4049 3252 4092 et
3282 4048 3394 4092 toto

1827 4138 2031 4191 absolvi
2070 4138 2218 4189 nixu.
2249 4135 2381 4189 Nam
2415 4150 2538 4187 cum
2571 4149 2673 4189 nos
2704 4138 3001 4203 impensius
3052 4135 3154 4188 hoc
3193 4134 3392 4188 inscri-

1826 4228 1953 4282 bere
1986 4232 2298 4293 niteremur,
2326 4237 2382 4280 ut
2408 4228 2561 4296 juxta
2592 4242 2729 4295 quas
2757 4228 2988 4295 quisque
3020 4226 3239 4278 divitias
3299 4225 3393 4278 lia-

1827 4320 1999 4379 br-ret,
2028 4322 2097 4371 ita
2132 4320 2287 4371 nobis
2320 4319 2517 4387 singuli
2561 4332 2785 4370 munera
2821 4316 3388 4385 suppeditarent,ipse

1830 4411 2034 4462 rustico
2062 4419 2113 4461 et
2140 4410 2340 4475 agresti
2370 4409 2423 4460 in
2464 4422 2563 4461 nos
2601 4408 3108 4470 insurrexitanimo,
3141 4416 3192 4459 et
3226 4408 3277 4458 in
3308 4422 3394 4458 sn-

1829 4504 1932 4555 lam
1966 4511 2203 4555 nostram
2255 4500 2576 4569 dignitatem
2619 4500 2884 4567 injurioso
2917 4508 2970 4551 et
2999 4498 3393 4552 contumelioso

1827 4593 2049 4646 incessit
2078 4594 2301 4659 impetu,
2336 4602 2518 4661 atque,
2548 4591 2741 4658 inquit,
2767 4592 2930 4643 etiam
2962 4605 3024 4641 ex
3058 4589 3232 4657 primo
3254 4603 3393 4657 quo-

1824 4700 1929 4753 que
1956 4686 2236 4745 tributum,
2269 4685 2424 4751 quasi
2495 4696 2558 4735 ex
2591 4683 2840 4749 septimo,
2876 4681 2943 4734 ab
2972 4681 3229 4743 Ecclesia,
3261 4690 3395 4733 tem-

1825 4790 1953 4842 pore
1974 4774 2173 4826 tributa
2208 4771 2476 4834 solvendi,
2503 4772 2785 4840 vectigalia
2817 4781 3083 4839 repetam,
3118 4780 3278 4838 atque
3308 4770 3392 4823 in-

1825 4865 1917 4917 viti
1946 4872 2093 4916 tanta
2126 4863 2438 4931 pensabitis,
2472 4863 2595 4931 quis
2618 4864 2761 4916 enim
2797 4878 2926 4916 mea:
2960 4864 3221 4915 voluntati
3241 4876 3394 4913 meo-

1822 4967 1927 5020 que
1967 4962 2173 5005 statuto
2202 4953 2469 5006 obsistet?
2501 4951 2636 5015 Quis
2669 4968 2753 5006 me
2790 4953 2998 5020 judicio
3028 4953 3313 5008 convincet
3348 4950 3391 5001 si

1823 5044 1995 5106 illum,
2023 5046 2114 5112 qui
2140 5046 2228 5096 tali
2260 5054 2340 5096 est
2365 5045 2559 5113 dignus
2583 5059 2761 5111 paena,
2790 5048 2959 5096 multo
2983 5043 3173 5110 majori
3206 5040 3397 5107 punio?

1824 5137 2031 5189 Etenim
2060 5137 2515 5203 sapientissimam
2538 5137 2743 5198 Juditb,
2768 5136 2866 5190 soli
2886 5135 2992 5189 Deo
3012 5137 3109 5188 hoc
3132 5135 3394 5187 cecinisse

1824 5229 2053 5296 cognovi
2092 5229 2136 5257 ⁸ο
2171 5246 2182 5278 :
2221 5227 2437 5289 Dixisti,
2492 5236 2539 5279 et
2591 5226 2733 5293 facta
2781 5238 2899 5279 sunt
2932 5244 2949 5279 :
2979 5228 3304 5295 excogitasti,
3344 5234 3392 5277 ct

1344 5493 1536 5554 Varia)
1582 5493 1901 5555 lectiones
1947 5504 2005 5558 ct
2051 5505 2239 5558 nota).

234 5638 341 5696 (ii-5t
368 5640 591 5701 Χθύας.
622 5635 798 5689 διτῖιι.
846 5635 1054 5703 ἰχθύας.

234 5711 342 5775 (θὸ)
376 5711 737 5775 ΙΙαίγῖςςίιιάς.
783 5710 954 5759 Scub.
990 5705 1303 5774 παροιμίας.

1900 5628 2015 5697 (66)
2059 5624 2667 5697 ‘Azo.lv0s7rai.Scrib.
2699 5623 3094 5676 ἁποδοθεῖταιν.

1906 5695 2019 5767 (67⁷)
2048 5700 2376 5765 Ἀγριστον.
2413 5696 2587 5749 Scrih.
2616 5695 2907 5763 ἄχρηστον.
