4240 6440
243 389 341 454 461

1104 384 1484 445 ΕΡιεΤοωι
1529 384 1730 444 LXXV
1769 385 1807 438 Α
1852 381 1909 440 J.
1945 382 2289 441 umnsm
2332 383 2599 444 enim.

3395 392 3504 457 46‘)

245 505 418 570 ἄλλης
456 503 860 570 ἀνομιαςὴμῶν
887 498 1364 570 παραψόμενονυ.
1387 499 1612 569 napo“.
1635 498 1825 557 Αὑτοίς
1860 513 1896 563 Α

1823 516 1825 522 τ
1860 513 1896 563 Α
1931 505 2322 563 exsequantur.
2372 495 2680 550 Periculum
2717 507 2801 551 est
2849 500 3012 553 ctiam
3059 518 3124 557 ne
3159 503 3275 572 ipse
3314 505 3497 573 justus

240 593 422 662 μέντοι
479 592 594 660 χρῶ
648 596 754 654 τοῖς
809 593 904 659 τῆς
943 590 1187 658 γλώττης
1219 589 1452 659 βέλεσιν,
1482 589 1516 640 ἆ
1557 585 1704 654 παρὰ
1729 585 1822 637 τοῦ

239 685 403 750 λόγου
435 683 617 736 λαϐὼν
657 684 800 751 ἔχεις
833 686 910 745 εἰς
955 684 1143 750 καιρὸν
1179 679 1652 748 ἁποτινασσὸμενα
1674 694 1685 707 ⁸
1730 678 1821 728 καὶ

237 777 398 846 βάλλε
445 777 572 840 τοὺς
625 777 882 838 Αἰθίοπας
929 778 956 829 ὀ
1013 777 1140 844 ἐμὸς
1208 775 1530 843 Ἀντίλοχος.
1587 771 1681 823 τοῦ
1727 771 1818 822 σοῦ

237 870 646 938 προϊστάμενος
676 869 965 937 Νέστορος.

1935 598 2291 655 pervcrzatur,
2369 598 2419 639 ιιι.
2495 591 2701 643 ediscat
2785 595 3036 655 crimina,
3090 612 3212 647 rum
3267 612 3497 652 srctcra-

1935 689 2106 728 lornin
2169 695 2324 746 paena
2386 679 2436 731 in
2499 680 2670 746 ipsius
2728 691 2927 734 sort-3m
2987 685 3232 737 severius
3267 685 3496 753 impacta

1954 771 2132 824 fuerit.
2198 770 2320 822 IIa-c
2374 772 2624 838 equidem
2698 773 2771 825 illi
2835 785 2961 828 sunt
3020 776 3348 842 enarranda,
3397 793 3499 830 cu-

1930 860 2021 928 jus
2070 861 2300 926 justitiae
2331 870 2381 913 ct
2421 863 2738 914 humanitati
2774 863 3009 918 fidimus.
3079 865 3308 920 Justitizc
3374 866 3499 934 qui-

232 964 353 1015 dum
384 966 645 1030 quoniam
701 963 834 1013 nihil
892 961 1272 1013 conmisi-nzis
1331 974 1545 1019 eoruzn,
1605 965 1976 1023 propterque
2029 957 2169 1009 male
2213 957 2876 1012 audimus:humanitati
2941 975 3089 1023 vero,
3153 964 3278 1028 quia
3345 963 3496 1013 illum

233 1056 351 1108 suis
423 1054 602 1122 ipsius
686 1053 896 1120 legibus
940 1053 1218 1120 alligatum
1267 1048 1509 1108 scimus,
1571 1057 1621 1100 ct
1687 1047 1809 1102 aliis
1879 1049 2083 1103 nostris
2143 1050 2526 1117 iniquitatibus
2584 1051 2889 1106 deliuitum.
2957 1053 3092 1122 ipsis
3164 1071 3289 1106 vero
3352 1060 3496 1109 nunc

234 1150 435 1219 linguae
510 1159 660 1204 utere
710 1153 850 1213 telis,
908 1164 1027 1217 qua:
1099 1149 1166 1201 ab

234 1245 284 1295 in
325 1240 394 1294 ΑΞ
429 1242 622 1311 biupas
654 1243 809 1310 cjice,
843 1242 934 1309 qui
981 1254 1132 1292 incus
1196 1253 1255 1292 es

809 1396 1032 1449 ΕΠΙΣΤ.
1069 1396 1204 1449 ME'.

559 1506 643 1571 Τῷ
667 1509 985 1576 φιλοσόφῳ
1010 1507 1194 1573 κυρίῳ
1240 1506 1502 1574 Ἰωάννῃ.

303 1603 420 1654 Οὐκ
457 1601 564 1672 ἄρα
628 1602 808 1671 μάτην
835 1601 944 1670 ἐγὼ
1000 1601 1091 1653 τὸν
1154 1603 1306 1669 ἐμὸν,

233 1695 388 1755 Θεοῦ,
430 1696 685 1764 Ἰωάννην
719 1696 935 1747 πάντων
969 1693 1078 1747 τῶν
1106 1694 1409 1762 φιλοσόφων
1434 1695 1519 1746 ἀεὶ
1556 1697 1812 1764 προέκρι-

1378 1603 1576 1670 μᾶλλον
1611 1602 1662 1652 δὲ
1719 1601 1812 1653 τοῦ

1259 1149 1375 1216 ipso
1420 1150 1583 1197 \‘t‘l‘lO
1668 1162 1768 1199 sro
1850 1155 2096 1216 lenporc
2166 1148 2513 1216 propellenda

1345 1239 1684 1301 Antiiocbns,
1730 1237 1844 1305 ipso
1879 1238 2108 1292 Nestore
2141 1241 2502 1305 pr;estauli0r.

2611 1151 2864 1220 suscipis.
2920 1151 3044 1205 ll.cc
3102 1154 3283 1221 itaque
3353 1169 3498 1206 naue

2485 1398 2702 1453 EPIST.
2750 1401 2902 1454 XLV.

2298 1517 2519 1570 Domino
2551 1515 2748 1568 Joanui
2781 1517 3101 1585 philosopho.

1985 1609 2098 1662 Non
2167 1610 2419 1676 equidem
2481 1625 2626 1660 nunc
2662 1607 2868 1661 frustra
2927 1624 3127 1673 meum,
3160 1610 3252 1663 sed
3314 1609 3494 1677 potius

1919 1700 2047 1763 Dei,
2125 1701 2388 1754 Joannem
2459 1702 2713 1754 omnibus
2795 1702 3129 1770 philosophis
3183 1704 3489 1770 anteposui.

236 1806 317 1837 να.
369 1788 473 1847 '0;
527 1804 590 1853 γε
645 1785 897 1838 τοσούτου
926 1785 1109 1853 ἐδέησε
1129 1785 1332 1837 τούτων
1351 1779 1429 1846 εἷς
1456 1787 1691 1852 φανῆναι
1711 1784 1818 1836 τῶν
1853 1790 1893 1848 Β

1812 1790 1893 1848 ΙΒ
1925 1789 2026 1855 Qui
2078 1800 2285 1842 tantum
2341 1789 2536 1851 abfuit,
2603 1797 2659 1841 ut
2726 1790 2918 1842 horum
2993 1806 3130 1843 unus
3177 1795 3486 1856 exsisteret,

242 1878 590 1947 ποιουμένων
645 1877 741 1929 νῦν
801 1877 893 1928 τὸν
937 1877 1258 1945 φιλόσοφον,
1293 1875 1432 1928 ὥστε
1471 1880 1580 1938 τοῖς
1636 1877 1817 1944 ἔργοις

233 1968 403 2032 δεῖξαι
463 1970 563 2038 τὴν
607 1969 744 2038 πρὸς
798 1967 1041 2029 ἐκείνους
1098 1967 1399 2020 ἀπόστασιν
1429 2009 1443 2032 ,
1482 1967 1581 2037 τὴν
1610 1968 1689 2029 δίς
1729 1968 1816 2020 διὰ

241 2060 431 2110 πασῶν
493 2059 636 2126 λόγῳ
690 2057 994 2122 σώζουσαν.
1034 2057 1157 2120 Τοῖς
1195 2058 1293 2127 μὲν
1323 2047 1431 2127 γάρ
1482 2058 1635 2109 οὐδὲν
1680 2059 1820 2110 οὕτω

240 2150 686 2217 σπουδαζόμεκον
731 2151 949 2217 ὁρῶμεν
980 2150 1052 2210 ὡς
1082 2149 1140 2201 τὸ
1172 2149 1522 2219 μισάδελφον,
1543 2149 1628 2201 διὰ
1661 2148 1819 2201 τοῦτο

235 2241 287 2291 δὲ
319 2242 413 2292 καὶ
449 2243 510 2293 τὸ
539 2240 818 2310 μισόθεον
858 2240 935 2308 τῷ
965 2241 1039 2304 δὲ,
1081 2239 1170 2292 τοῦ
1211 2239 1458 2307 φιλοοέου
1507 2240 1817 2308 προύστάθη

240 2331 573 2400 κάτοπτρον,
602 2330 664 2382 τὸ
710 2330 1051 2399 φιλάδελφον.
1111 2331 1288 2398 Ἡμᾶς
1333 2331 1395 2397 γέ
1436 2348 1514 2382 τοι
1555 2332 1718 2392 πολὺς
1756 2330 1814 2394 ἐξ

239 2416 298 2471 οὒ
348 2423 551 2490 ’χρόνος
609 2423 745 2493 μήτ’
801 2422 921 2476 ἰδὼν
971 2424 1094 2492 μήτ’
1117 2425 1176 2474 ἐν
1226 2427 1333 2485 τοῖς
1372 2424 1818 2492 ἀναγκαιοτάτοις

243 2517 418 2580 ἄγων,
447 2516 636 2584 ἐπειδὴ
666 2518 978 2585 συμφοραῖς
1011 2510 1147 2577 εἶδες
1175 2517 1509 2586 χρωμένους,
1543 2519 1634 2569 καὶ
1665 2535 1820 2571 συκο-

246 2607 477 2672 φαντίας
548 2607 780 2676 ἐπηρείᾳ
827 2606 1154 2667 παλαίοντας
1209 2608 1285 2675 (ῆ
1343 2606 1550 2659 πολλῶν
1611 2625 1668 2658 τε
1727 2609 1820 2660 καὶ

242 2699 454 2750 ἐσθλῶν
490 2696 712 2766 γούνατ’
757 2698 970 2763 ἔλυσεν,
1012 2698 1098 2766 ἡδ’
1126 2699 1205 2749 ἔτι
1246 2701 1335 2751 καὶ
1367 2699 1514 2751 λύσει
1547 2715 1558 2728 '
1588 2700 1685 2767 τῆς
1713 2703 1818 2769 γὰρ

244 2793 446 2860 κράτος
477 2791 597 2842 ἐστὶ
636 2790 943 2859 μέγιστον),
977 2790 1168 2855 ἑξίωσε
1208 2788 1288 2860 [Ῑ.
1320 2790 1441 2862 ὴξ.]
1474 2792 1566 2843 τοῦ
1604 2791 1817 2863 πρώτου

245 2884 400 2950 λόγου
428 2901 443 2914 ο
482 2883 577 2935 καὶ
620 2882 697 2943 ὡς
757 2883 918 2944 αὐτὸς
970 2882 1192 2950 πάσχων
1222 2883 1317 2936 καὶ
1346 2884 1478 2952 πρὸς
1511 2883 1634 2944 τοὺς
1664 2883 1820 2934 λῦσαι

247 2976 585 3044 ὃδναμένους
633 2976 730 3036 τὰς
760 2973 1067 3044 συμφορὰς,
1117 2973 1256 3044 ὑπὲρ
1292 2976 1387 3043 τῆς
1415 2974 1618 3025 τούτων
1647 2974 1822 3025 ἀπαλ-

250 3066 420 3135 λαγῆς
472 3070 657 3120 πᾶσαν
714 3067 948 3135 σποδδὴν
980 3065 1360 3134 εἰσηνέγκατο,
1390 3067 1482 3118 καὶ
1514 3066 1614 3132 τῆς
1663 3064 1819 3133 ἡμῶν

256 3159 354 3210 ὑπε
365 3161 678 3228 ρηγόρησεν
712 3159 1024 3224 ἀθλιότητος
1051 3174 1064 3188 ·

248 3263 307 3315 γε
361 3251 692 3318 κατήνυσεν.
725 3249 798 3301 Οὐ
826 3249 1030 3317 ταύτην
1073 3247 1129 3299 δὲ
1164 3247 1323 3316 μόνον
1349 3247 1446 3315 τὴν
1478 3247 1669 3313 σοφίαν
1697 3247 1821 3313 ἐχα·

251 3343 604 3410 ρικτήρισεν,
641 3335 705 3412 ἧς
756 3340 844 3408 ἔχε
907 3338 982 3408 If.
1011 3338 1134 3407 ἔσχε
1164 3337 1180 3407 ]
1220 3337 1423 3404 δηλαδὴ
1471 3339 1569 3405 τὴν
1604 3337 1817 3404 φιλοσο-

249 3433 371 3498 φίας
400 3432 657 3483 ἐπίϐασιν
679 3446 692 3458 ·
743 3430 877 3483 ἀλλὰ
933 3431 1024 3482 καὶ
1073 3429 1248 3494 λόγοις
1283 3428 1562 3497 ἐπέρρωσε
1599 3427 1730 3496 πρὸς
1763 3427 1820 3479 τὸ

249 3524 429 3594 φέρειν
450 3523 688 3584 εὐκόλως
720 3525 818 3590 τὴν
845 3520 951 3572 τῶν
980 3519 1318 3589 βαρυνόντων
1342 3518 1604 3580 ἐπίθεσιν,
1645 3517 1820 3584 λόγοις

251 3616 393 3675 τίνος
423 3615 523 3681 μὲν
552 3614 648 3681 οὐχ
684 3613 960 3680 ἡδυτὲροις
993 3611 1184 3678 κηρίον
1217 3629 1230 3674 ;
1264 3610 1406 3670 τίνος
1429 3609 1484 3660 δὲ
1523 3625 1820 3676 γεωμετρι-

252 3703 346 3769 κῆς
382 3704 443 3754 οὐ
477 3701 929 3770 πειστικωτέροις
958 3699 1240 3766 ἀνάγκης;
1277 3697 1352 3749 Οὐ
1399 3699 1504 3767 γὰρ
1540 3697 1676 3766 πρὸς
1718 3698 1818 3749 αὑ-

250 3794 338 3845 τοῦ
373 3794 431 3846 τὸ
462 3795 536 3863 μὴ
581 3793 699 3861 οὐχ).
721 3793 810 3842 τὸν
838 3790 1001 3856 σοφὸν
1038 3789 1247 3858 φαίνειν
1277 3787 1488 3855 ἄρτιον,
1523 3787 1720 3856 πράξει
1759 3787 1815 3838 δὲ

261 3886 353 3937 καὶ
399 3885 542 3952 λόγῳ
581 3882 1057 3949 συντελειούμενον
1081 3897 1094 3910 ο
1122 3880 1257 3933 ἀλλὰ
1287 3879 1393 3948 γὰρ
1430 3879 1590 3940 αὐτὸς
1620 3878 1718 3946 μὲν
1743 3880 1819 3930 αἰ-

257 3975 452 4041 θέριος,
483 3974 514 4043 ἧ
541 3974 633 4025 καὶ
668 3972 1060 4041 ὑπερουρὰνιος
1093 3971 1308 4027 ἴπτασο.
1350 3970 1624 4039 πτέρυγας
1657 3969 1816 4021 ἀετοῦ

254 4063 764 4134 περιαρειοσάμενος
796 4063 963 4127 (ὅστις
1015 4059 1146 4112 ποτὲ
1204 4054 1355 4120 οὗτος
1395 4060 1422 4111 ό
1460 4058 1634 4120 ἀετὸς,
1666 4054 1817 4126 οἶμαι

252 4156 326 4218 δὲ,
357 4158 385 4208 ό
418 4158 686 4226 κρείττων
713 4154 906 4221 Λόγος,
962 4152 1059 4204 καὶ
1117 4153 1379 4212 Βασιλεὺς
1444 4152 1659 4203 πάντων
1705 4153 1818 4204 ὅσοι

255 4252 384 4317 πρὸς
437 4255 497 4304 τὸ
553 4251 665 4304 ἄνω
715 4247 1152 4318 κουφίζονται)·
1200 4246 1388 4299 τούσδε
1451 4247 1506 4298 δὲ
1554 4246 1685 4314 ἄφθι
1727 4247 1818 4298 νύ-

256 4339 362 4390 θειν
419 4341 531 4408 (7X)
572 4340 666 4390 ’ἐνα
700 4339 732 4408 ἢ
769 4338 861 4388 δύο
887 4354 899 4368 ο
933 4337 1032 4388 κᾶν
1070 4336 1148 4386 ἑτι
1181 4332 1640 4401 βλασφημούντων
1673 4333 1818 4401 ἡμᾶς

1109 3157 1202 3210 καὶ
1236 3160 1343 3210 πᾶν
1371 3157 1492 3208 ὅσον
1517 3156 1623 3208 ἔδει
1657 3155 1816 3216 αὐτός
1843 3140 1886 3196 (ἶ

1923 1882 2016 1950 qui
2050 1896 2194 1934 nunc
2242 1881 2552 1950 pliilosOphi
2580 1893 2778 1933 nomen
2809 1882 2912 1934 sibi
2958 1892 3277 1951 arroganter
3311 1883 3490 1936 vindi-

1921 1981 2082 2038 cant,
2141 1982 2200 2024 ut
2249 1973 2382 2039 ipsis
2431 1973 2710 2039 operibus,
2774 1982 3040 2041 quantum
3094 1975 3160 2026 ab
3225 1976 3332 2031 illis
3387 1975 3492 2031 dif-

1920 2065 2105 2128 ferret,
2165 2063 2330 2133 687
2367 2063 2524 2117 facile
2583 2063 2931 2132 patefaceret,
2979 2077 3031 2120 et
3074 2067 3273 2132 duplici
3319 2068 3371 2122 id
3401 2084 3488 2122 ra-

1919 2156 2084 2208 tionis
2105 2154 2248 2223 jure,
2273 2155 2352 2206 vel
2385 2155 2510 2207 tutis
2543 2155 2752 2208 nisibus
2772 2157 3104 2210 observaret.
3132 2158 3188 2210 lu
3214 2158 3320 2211 illis
3342 2161 3489 2214 enim

1923 2246 2062 2300 nihil
2098 2249 2168 2297 ita
2195 2245 2438 2299 studiose
2467 2246 2740 2297 excultum
2771 2249 3161 2316 conspicimus,
3187 2264 3348 2318 quam
3379 2249 3488 2302 fra-

1922 2347 2138 2391 ternum
2174 2337 2388 2399 odium,
2439 2349 2491 2389 et
2536 2353 2594 2390 ex
2646 2338 2746 2391 hoc
2776 2339 3016 2399 omnino,
3054 2339 3104 2389 in
3147 2341 3343 2393 summi
3394 2340 3484 2394 Dei

1920 2428 2103 2480 odium
2131 2469 2145 2491 ,
2195 2442 2564 2496 progressum.
2620 2427 2757 2480 lluic
2803 2444 2928 2481 vero
2975 2428 3069 2481 Dei
3118 2431 3397 2499 religionis
3430 2440 3486 2487 et

1920 2520 2124 2571 amoris
2155 2518 2460 2587 speculum,
2496 2521 2671 2588 ipsum
2707 2519 3007 2573 fiateruum
3041 2536 3282 2575 amorem
3321 2534 3376 2576 et
3403 2523 3486 2578 di-

1921 2608 2204 2661 lectionem
2250 2618 2375 2662 ante
2433 2611 2621 2662 oculos
2667 2610 2886 2676 objccit.
2933 2612 3002 2664 At
3048 2626 3174 2664 vero
3227 2627 3324 2665 nos
3369 2615 3482 2682 jam

1923 2699 2091 2750 multo
2116 2697 2185 2749 ab
2222 2699 2345 2750 hinc
2369 2707 2612 2767 tempore
2645 2715 2821 2766 neque
2856 2700 3059 2767 vidisti,
3101 2717 3273 2771 neque
3315 2703 3370 2757 in
3398 2720 3487 2759 re-

1921 2788 2024 2842 bus
2053 2790 2380 2842 necessariis
2409 2788 2586 2841 favisti
2612 2790 2792 2852 nobis,
2817 2803 3101 2860 postquam
3129 2795 3311 2847 multis
3330 2803 3485 2851 actos

1921 2879 2349 2942 Calamitatibus,
2399 2889 2453 2932 et
2488 2895 2611 2933 cum
2657 2881 3106 2936 calumniantium
3141 2885 3397 2951 periculis
3430 2895 3484 2940 ct

1921 2971 2261 3024 detrimentis
2329 2972 2496 3024 variis
2549 2971 2924 3039 depugnantes
2976 2988 3077 3028 nos
3136 2976 3481 3045 iuspectasti.

1921 3061 2052 3126 Quae
2096 3062 2313 3130 quidem
2361 3064 2654 3116 multorum
2695 3073 2746 3117 et
2777 3063 2995 3118 fortium
3038 3066 3199 3119 etiam
3252 3082 3483 3123 nervosa

1921 3167 2098 3220 genua
2159 3152 2409 3220 viresque
2436 3153 2830 3218 dissolveruut,
2861 3162 2916 3207 et
2950 3155 3125 3210 adhuc
3153 3156 3314 3210 etiam
3338 3158 3488 3226 disii-

1921 3245 2086 3296 cicnt.
2129 3241 2226 3296 Est
2272 3243 2419 3297 enim
2462 3243 2659 3296 borum
2701 3244 2870 3298 robur
2903 3245 3370 3314 potentissimum,
3403 3249 3485 3302 vis

1922 3336 2278 3390 incredibilis.
2311 3336 2494 3389 Prima
2542 3337 2688 3390 enim
2722 3337 2882 3391 laude
2934 3349 2985 3390 et
3018 3339 3138 3392 loco
3170 3338 3329 3405 digna
3360 3354 3485 3394 esse

1921 3425 2323 3479 existimantur.
2357 3425 2474 3493 Ipse
2508 3434 2712 3485 autem.
2747 3427 2872 3494 quia
2907 3427 3070 3480 multa
3098 3429 3317 3497 quidem
3358 3445 3484 3499 pero

1922 3532 2114 3585 pcssus
2154 3528 2257 3580 est,
2293 3518 2358 3569 ad
2393 3532 2510 3582 eos,
2552 3519 2643 3587 qui
2696 3518 2982 3572 infortunii
3011 3519 3210 3573 damna
3261 3522 3477 3576 tristes-

1921 3622 2024 3673 que
2055 3607 2234 3658 clades
2269 3617 2512 3660 evertere
2555 3617 2829 3676 poterant,
2864 3610 2916 3661 in
2959 3608 3152 3662 harum
3215 3613 3478 3664 auxilium

1920 3711 2082 3748 omne
2111 3698 2348 3750 studium
2399 3712 2726 3764 omnemque
2757 3711 2942 3750 curam
2967 3699 3274 3764 collocavit,
3299 3711 3351 3754 et
3381 3718 3481 3771 pro

1923 3789 2020 3840 hac
2075 3796 2260 3840 nostra
2305 3789 2551 3840 laborum
2608 3787 2823 3840 miseria
2884 3789 3246 3856 patrocinium
3287 3807 3480 3846 susce-

1922 3879 2017 3947 pit,
2056 3887 2106 3930 et
2141 3893 2303 3932 omne
2343 3878 2417 3941 id,
2449 3877 2593 3946 quod
2622 3879 2789 3942 ,illum
2826 3879 3049 3931 deocbat
3074 3883 3315 3950 aggredi,
3344 3885 3480 3939 mire

1921 3969 2167 4041 perfecit.
2211 3968 2324 4022 Non
2355 3968 2497 4022 enim
2541 3968 2714 4022 solum
2749 3969 2995 4024 scientia:
3022 3985 3134 4024 suae
3167 3974 3389 4041 vestigia
3425 3977 3478 4028 in

1922 4040 2022 4110 hoc
2056 4057 2301 4126 reliquit,
2357 4057 2537 4124 cujus,
2581 4058 2790 4112 scilicet
2820 4059 3198 4130 philosophiae,
3232 4062 3477 4119 ultimum

1916 4147 2026 4214 jam
2088 4147 2376 4198 scanderat
2434 4147 2734 4215 fastigium,
2785 4149 2877 4202 sed
2941 4151 3288 4205 srrmonibus
3333 4154 3478 4208 vires

1919 4253 2046 4291 Stlas
2085 4239 2247 4300 acuit,
2296 4238 2495 4306 quibus
2529 4239 2720 4293 duram
2781 4245 3088 4310 urgentium
3138 4246 3476 4300 invasionem

1919 4346 2073 4397 πηιιο
2123 4331 2305 4382 animo
2348 4339 2534 4399 posset
2596 4331 2758 4386 ferre.
2795 4333 3174 4400 Sermonibus,
3231 4337 3475 4406 inquam,

255 4429 357 4480 τῶν
395 4432 492 4496 τῆς
533 4428 791 4498 ἀληθείας
813 4427 1021 4497 ἐχθρῶν
1081 4424 1339 4493 ἀκούσης,
1364 4425 1456 4475 καὶ
1485 4424 1811 4486 κατατοξευ-
1839 4456 1891 4514 D
1921 4437 1929 4469 ι

1801 4452 1891 4514 -D
1921 4420 2121 4486 cujus?
2167 4421 2257 4488 qui
2294 4437 2397 4472 non
2447 4421 2564 4488 ipso
2601 4421 2723 4474 favo
2764 4422 3035 4478 dulciores
3068 4424 3221 4478 sint?
3259 4427 3429 4493 Cuius
3454 4431 3475 4479 ’ί

258 4517 419 4570 όντων
449 4521 508 4570 ἐν
543 4519 872 4588 σκοτομήνῃ,
905 4515 997 4566 καὶ
1028 4514 1102 4582 τῷ
1133 4511 1226 4564 τοῦ
1272 4513 1498 4581 ψεύδους
1519 4514 1814 4581 σκιάσματι

258 4609 377 4670 τοὲς
415 4610 481 4661 τά
508 4626 571 4676 γε
606 4609 737 4678 πρὸς
773 4606 968 4666 αὐτοὺς
1003 4604 1180 4665 ἐσθείς
1215 4602 1294 4674 [Ῑ.
1317 4599 1535 4672 εὐθεῖς]
1576 4605 1641 4670 τῇ
1678 4619 1812 4669 καρο

264 4697 370 4767 δία,
434 4700 509 4768 μὴ
559 4699 756 4766 κάμοις
789 4696 887 4765 τὴν
922 4695 1167 4761 γλῶτταν
1202 4694 1374 4754 διδοὺς
1408 4693 1482 4761 τῷ
1517 4696 1671 4761 Λόγῳ
1727 4693 1817 4744 καὶ

265 4789 393 4859 θεῷ,
418 4792 476 4854 ὃς
510 4792 658 4842 ἐστιν
689 4787 947 4856 ἀληθείας
973 4786 1259 4855 σύμμαχος
1282 4802 1295 4815 ·
1337 4784 1448 4836 ἀλλ’
1477 4787 1504 4835 ὁ
1524 4784 1699 4851 πραῢς
1725 4799 1816 4849 γε-

261 4881 347 4933 νοῦ
376 4883 646 4952 μαχητὴς,
684 4882 779 4932 καὶ
823 4877 1125 4947 περίζωσαι
1152 4877 1249 4945 τὴν
1291 4876 1565 4945 ῥομφαίαν
1597 4891 1692 4926 σου
1727 4875 1818 4924 ἐπὶ

260 4971 346 5022 τὶν
391 4973 568 5042 μηρόν
599 4988 717 5032 σου,
772 4969 868 5022 καὶ
916 4966 978 5020 τὸ
1017 4967 1118 5036 τῆς
1161 4967 1503 5036 ὃιανοητικῆς
1538 4966 1820 5034 δυνάμεως

263 5059 482 5128 γόνιμον
508 5077 520 5088 ⁸
556 5062 648 5113 καὶ
677 5061 803 5119 τοὺς
840 5058 941 5126 μὲν
988 5057 1216 5128 ἐχθροὺς
1260 5056 1569 5119 ἀποκέντει,
1602 5057 1735 5123 ἡμῖν
1764 5054 1819 5106 δὲ

261 5150 353 5219 τὴν
380 5152 484 5204 τῶν
515 5154 572 5203 ὲν
627 5151 954 5220 χρηστότητι
992 5147 1349 5216 παραμίλλων
1375 5144 1388 5216 Ι
1411 5147 1452 5213 f.
1475 5143 1672 5214 ἀπαμ]
1719 5143 1816 5212 βα-

265 5242 449 5293 σιλὶων
478 5241 770 5310 εὐμένειαν
796 5239 1192 5308 σταθηρότερον
1217 5238 1474 5290 ἑκάστοτε
1508 5237 1819 5305 παρεχόμε-

266 5349 367 5394 νος,
418 5334 641 5402 ἐκδέχου
705 5333 853 5402 παρὰ
898 5331 1103 5398 Κυρίου
1150 5330 1244 5390 τὰς
1281 5329 1532 5397 ἀμοιϐὰς,
1564 5326 1655 5378 τοῦ
1710 5327 1820 5386 τοῖς

265 5425 478 5491 ἀγαθοῖς
521 5425 902 5492 ἁγαθύνοντος,
955 5416 1130 5490 ὑφ’οὗ
1178 5422 1270 5473 καὶ
1323 5419 1505 5488 τηροῖο
1559 5421 1615 5469 ἐν
1670 5419 1813 5485 πάσῃ

1918 4511 2090 4580 quiet
2129 4511 2244 4578 ipsa
2292 4512 2616 4580 geometrica
2661 4514 2867 4566 ratione
2909 4513 2974 4564 ad
3017 4516 3474 4583 persuadendum,

1918 4613 1970 4656 ct
2003 4603 2067 4655 ad
2099 4603 2331 4657 dandam
2364 4602 2522 4656 ﬁdem
2555 4619 2659 4657 non
2686 4604 2796 4658 sint
2824 4606 3127 4660 exactiores
3152 4615 3204 4659 et
3231 4607 3476 4661 callidio-

1922 4693 2050 4744 res?
2105 4692 2218 4743 Non
2252 4693 2393 4743 enim
2450 4694 2572 4760 ipsi,
2635 4709 2872 4762 unquam
2943 4695 3243 4764 sapientem
3293 4712 3474 4766 parem

1929 4795 2087 4847 posse
2137 4781 2363 4833 inveniri
2415 4783 2654 4844 dahitur,
2708 4786 2798 4850 qui
2864 4784 2936 4837 ita
3002 4800 3164 4853 opere
3224 4794 3280 4840 et
3362 4802 3476 4840 scr-

1921 4887 2081 4924 mone
2110 4872 2442 4925 adamussim
2466 4874 2534 4926 sit
2569 4874 2875 4929 absolutus.
2908 4875 3119 4930 Etenim
3154 4878 3268 4947 ipse
3305 4879 3476 4930 arthe-

1914 4977 2039 5014 reus
2088 4973 2140 5014 et
2183 4963 2438 5024 (celestis,
2469 4966 2581 5018 alas
2620 4967 2814 5034 aquilae
2863 4967 3188 5034 praecinctus
3221 4971 3470 5024 avolasti.

1915 5052 2017 5117 Qui
2053 5054 2264 5120 quidem
2300 5054 2412 5121 ipse
2437 5057 2614 5124 aquila
2640 5073 2719 5118 es,
2747 5058 2817 5109 ita
2847 5061 3044 5111 etenim
3082 5060 3342 5123 arbitror,
3378 5067 3471 5113 sed

1913 5143 2106 5197 melius
2173 5147 2412 5206 verbum,
2467 5163 2554 5200 rex
2597 5163 2656 5201 es
2717 5150 3006 5214 omnium,
3057 5149 3152 5218 qui
3199 5152 3250 5202 in
3305 5152 3470 5204 altum

1915 5235 2077 5287 celeri
2132 5236 2245 5288 tolli
2303 5238 2513 5304 possint
2577 5241 2780 5292 volatu.
2834 5243 2983 5304 Quos
3036 5249 3090 5294 et
3134 5241 3247 5310 ipse
3286 5242 3474 5295 audies

1922 5341 2114 5387 Unum,
2150 5335 2243 5380 aut
2282 5329 2418 5380 duos
2468 5330 2713 5382 veritatis
2746 5331 2950 5392 hostes,
2984 5333 3078 5400 qui
3113 5333 3168 5384 in
3211 5347 3312 5385 nos
3342 5347 3476 5387 con-

1925 5415 2077 5466 viciis
2107 5431 2296 5484 aspere
2331 5419 2633 5486 insurgunt,
2660 5429 2712 5472 et
2737 5421 2896 5474 veluti
2930 5437 2956 5475 c
2985 5421 3340 5476 tenebricosis
3380 5437 3472 5486 n_c-

1447 5615 1628 5676 Varim
1657 5613 1958 5676 lectiones
2003 5619 2061 5673 et
2107 5622 2292 5676 notae.

340 5769 443 5842 (78)
466 5769 592 5840 ἄξιοι
618 5767 815 5821 νύΟειν.
845 5765 1016 5821 Scrib.
1049 5763 1112 5819 αὖ
1141 5765 1428 5832 φθινύθειν.
