4240 6440
219 381 320 441 465
1105 379 1481 440 ΕΡιδΤΟωΞ
1517 380 1712 437 LXXV
1757 383 1797 433 Α
1841 378 1892 435 3.

1105 379 1481 440 ΕΡιδΤΟωΞ
1517 380 1712 437 LXXV
1757 383 1797 433 Α
1841 378 1892 435 3.
1942 378 2280 436 IsiEURSlO
2321 379 2581 436 Ιίῐιιῖέἰ.

219 496 412 566 προνεῖ
437 511 512 554 σε,
537 494 589 544 εἴ
612 508 663 542 τι
699 492 1045 559 στοχαστικδς
1076 493 1206 558 ιτα.
1235 495 1328 545 καὶ
1357 488 1468 554 οἷος
1499 495 1727 560 τεκμαί-
1759 497 1808 548 A

221 583 426 651 ρεςθαι.
472 580 726 648 Εὔφημος
771 579 909 630 ἔστω
965 595 1045 630 σοι
1100 580 1332 645 γλῶττα.
1408 582 1518 633 Καὶ
1575 581 1776 652 Κύριος

217 675 407 743 τηροίη
454 689 511 725 σε
549 673 731 739 πάσης
771 669 1086 732 κακύνσεως
1138 669 1407 742 ἀνώτερον
1453 673 1547 724 καὶ
1596 676 1777 726 κακώ-

219 780 354 824 σεως
365 804 377 815 .

1973 496 2192 558 Hospes.
2235 509 2264 542 α
2301 503 2539 558 tyrannis
2569 492 2767 543 a..-:..r'.::
2791 505 2807 540 .·

1889 582 2008 635 Non
2037 599 2127 635 rex
2161 583 2436 650 profuerit,
2464 597 2538 632 ret
2561 585 2745 632 summi
2775 597 2927 638 rrcpﬁ
2947 598 2963 630 .·
3013 591 3027 630 :
3055 599 3075 603 ··
3184 579 3213 630 ’Ξ

1888 671 2008 724 11ωο
2039 673 2256 738 quidem
2302 673 2582 723 hactenus.
2616 670 2694 722 'i‘u
2733 686 2792 722 ιε
2889 695 2971 721 nc.
3007 683 3127 721 Cum
3157 673 3222 720 de
3264 680 3434 718 mare

1888 763 2186 831 periculum
2223 765 2410 820 iacies.
2445 761 2667 830 indigno
2697 762 3037 824 torqueberis
3083 759 3297 814 all‘eclu.
3333 759 3435 809 Sed

217 862 356 911 cnim
389 858 731 925 temetipsum
763 857 1062 910 occultanti
1098 857 1314 926 obtege,
1355 865 1414 910 ut
1480 858 1656 921 decet,
1702 859 1917 923 umbra,
1984 867 2036 909 et
2080 872 2252 923 usque
2299 855 2362 906 ad
2442 857 2684 908 ultimum
2740 869 2788 904 ιο
2836 852 3056 918 gradum
3092 850 3337 914 demitte,
3390 860 3440 900 ct

219 951 471 1004 omnibus
496 951 643 1004 mitis
675 959 818 1011 esto,
854 963 908 1004 et
932 953 1226 1021 tranquillo
1248 962 1302 1006 et
1323 969 1514 1007 sereno
1537 963 1776 1023 pectore,
1819 963 1870 1007 ct
1934 956 2090 1022 plena
2134 953 2357 1008 honoris
2424 967 2578 1015 aura,
2631 949 2884 1002 omnibus
2947 950 3278 1015 colloqucre.
3371 945 3435 996 Et

217 1054 364 1096 tuum
425 1043 660 1096 studium
711 1052 967 1112 tuamque
1019 1059 1206 1098 curam
1283 1056 1336 1098 et
1389 1046 1732 1102 sedulitatem
1805 1049 1962 1116 quasi
2033 1049 2338 1102 inermibus
2402 1057 2456 1100 et
2514 1045 2806 1099 imbecillis
2830 1052 3006 1095 ortam
3044 1043 3296 1093 mamlius
3335 1055 3444 1091 tua-

218 1140 430 1192 uifesta.
466 1138 525 1192 Et
573 1138 714 1191 Deus
752 1139 972 1207 quidem
999 1140 1147 1193 claro
1170 1149 1221 1194 te
1262 1140 1506 1196 offundet
1541 1142 1762 1204 lumine,
1801 1144 1846 1196 si
1887 1145 2013 1210 quid
2057 1147 2190 1196 bene
2227 1157 2326 1209 ego
2351 1139 2606 1204 coniicio.
2636 1148 2688 1190 et
2718 1153 2774 1189 ut
2849 1147 3015 1188 certis
3066 1134 3116 1183 id
3185 1133 3440 1184 educitur

219 1234 406 1302 signis.
440 1233 518 1286 Tu
561 1233 793 1301 denique
824 1232 1018 1300 linguae
1051 1231 1168 1288 fave
1216 1243 1269 1288 et
1314 1232 1573 1289 Dominus
1606 1238 1752 1290 omni
1806 1245 1856 1290 te
1888 1253 2067 1290 rerum
2144 1232 2485 1288 incununodo
2513 1232 2826 1291 imumcem,
2877 1243 2931 1281 eg.
2973 1225 3201 1282 crimine
3241 1231 3443 1278 nudum

219 1327 510 1381 custodiat.

795 1420 1014 1474 ΕΠΙΣΤ.
1056 1424 1193 1475 MH'.

324 1513 453 1578 Τοῖς
482 1513 892 1567 παιδευθεῖσιν
925 1514 1025 1568 ὑπ’
1061 1515 1246 1567 αὐτοῦ
1283 1514 1672 1581 Βουλγὰροις.

301 1607 580 1660 Ίίκλείπει
609 1607 704 1674 μέν
741 1625 829 1674 μοι
860 1608 887 1674 ἡ
914 1606 1059 1674 ψυχὴ
1095 1605 1170 1672 τῷ
1211 1605 1356 1672 πόθῳ
1386 1605 1494 1656 τῶν
1523 1605 1616 1656 τοῦ
1646 1603 1778 1654 Θεοῦ

223 1700 598 1766 σκηνωμάτων
619 1714 633 1728 ο
670 1698 764 1749 καὶ
786 1697 872 1749 διὰ
917 1696 1074 1748 τοῦτο
1099 1698 1318 1764 πτεροῖς
1353 1696 1417 1746 ἂν
1446 1695 1784 1763 ἐχρησάμην,

223 1795 266 1842 εἰ
303 1787 418 1843 οἷόν
453 1794 500 1842 τ’
535 1788 624 1859 ἦν,
662 1793 797 1859 πρὸς
851 1791 950 1860 τὴν
1004 1792 1189 1842 αὑτόσ⁹
1243 1790 1476 1849 ἔλευσιν,
1526 1791 1620 1840 καὶ
1676 1787 1781 1838 τῶν

223 1882 570 1950 ποθουμένων
631 1882 954 1934 ἀπόλαυσιν.
1008 1880 1168 1932 Ἀλλὰ
1223 1878 1331 1948 γάρ
1379 1879 1477 1945 τῆς
1550 1878 1782 1946 ἰσχιάδος

2315 1411 2482 1480 639
2517 1407 2721 1462 EPIST.
2762 1405 2987 1458 XLvm.

2237 1505 2485 1573 Bulgaria
2521 1518 2647 1568 quos
2685 1500 2774 1553 ille
2815 1498 3093 1550 instruxit.

1950 1600 2275 1657 Tabescitin
2318 1614 2402 1651 tne
2444 1595 2623 1647 anima
2665 1591 2844 1643 mea"
2889 1588 3102 1642 ardenti
3149 1586 3443 1646 desiderio,

1887 1708 1995 1761 quo
2025 1708 2075 1743 ιιι
2109 1691 2199 1743 Dei
2229 1685 2576 1740 tabernacula
2611 1682 2801 1748 ﬂagro.
2827 1679 2888 1731 Et
2924 1680 2992 1730 ob
3051 1679 3188 1729 itanc
3219 1691 3444 1728 causam

1890 1783 2159 1836 velocibus
2183 1793 2264 1831 me
2287 1775 2477 1844 pennis
2499 1773 2881 1832 accinxissem,
2917 1777 2995 1830 ut,
3022 1770 3064 1821 si
3091 1782 3330 1832 possem,
3357 1767 3446 1818 illa

1891 1874 2225 1940 ingrederer,
2265 1877 2319 1919 et
2357 1869 2440 1918 his
2472 1879 2814 1930 iruercrqum
2849 1874 3192 1917 summovere
3232 1868 3450 1924 empto.

223 1946 441 2026 ἀκούειν
499 1973 642 2026 δοκῶ
696 1972 1002 2038 ὲκῦοώσηςο
1055 1973 1206 2034 Μέν⁹,
1245 1946 1654 2039 ὧνταλαίπωρε,
1679 1973 1788 2030 σοῖς
1823 1946 1860 1996 Β
1893 1968 1897 2014 1

1778 1987 1788 2030 ς
1823 1946 1860 1996 Β
1893 1964 1998 2016 Sed
2026 1962 2166 2014 enim
2190 1956 2470 2025 languidos
2490 1957 2699 2007 lumbos
2723 1967 2869 2005 meos
2891 1951 3073 2003 videor
3089 1950 3452 2002 exclamantes

224 2068 279 2118 ἐν
316 2065 576 2133 δεμνίοις.
627 2062 976 2131 Διαγγείλατε
1014 2061 1107 2114 οὖν
1146 2063 1195 2113 οἱ
1235 2062 1358 2129 ἐμοὶ
1409 2063 1521 2121 τοῖς
1553 2062 1702 2129 ἐμοῖς
1734 2075 1792 2109 τε

224 2159 314 2210 καὶ
344 2158 446 2209 οὐκ
501 2157 653 2223 ἐμοῖς
678 2155 752 2217 ὡς
801 2154 860 2217 ὲξ
907 2153 1040 2221 ἐμοῦ
1087 2155 1376 2222 στόματος.
1411 2153 1654 2205 Μείνατέ
1691 2169 1790 2218 μου

225 2249 358 2315 πρὸς
392 2248 568 2322 βραχὺ
616 2247 715 2315 τὴν
760 2245 1062 2309 ἁσῦένειαν,
1102 2244 1201 2313 ἐμὲ
1233 2245 1329 2312 μὲν
1355 2245 1447 2294 τὸν
1479 2242 1648 2312 βαρὺν
1674 2241 1789 2309 μετ’

223 2340 282 2390 οὐ
314 2338 449 2390 πολὺ
485 2337 635 2390 κάτω
665 2337 956 2405 Θήσουσαν,
990 2336 1134 2404 ὑμᾶς
1167 2337 1221 2388 δὲ
1257 2336 1380 2397 τοὺς
1418 2334 1787 2404 βαρουμένους

225 2430 731 2500 ιὶττνκενορτίσουσαν⁸
767 2430 858 2482 καὶ
903 2429 975 2498 μὴ
1021 2429 1246 2497 δυνάμει
1295 2429 1495 2487 κακίας
1527 2427 1663 2495 πρὸς
1695 2426 1793 2493 τὴν

226 2521 483 2573 ἀπόθεσιν
529 2519 824 2590 γρώμευοι,
862 2522 955 2572 τοῦ
1007 2537 1060 2571 τε
1103 2520 1439 2588 βουλήματος
1471 2516 1793 2586 άποτῦχοιτε

229 2611 524 2683 [Ῑμ-χητε]
561 2613 679 2679 (οὐκ
703 2611 955 2681 εῠκαιρον
988 2612 1138 2682 γάρ),
1169 2610 1262 2664 καὶ
1288 2611 1348 2662 τὸ
1375 2611 1535 2662 κακοὶ
1566 2608 1798 2677 φανῆναι

229 2705 644 2776 προσκτήσεσϐε
677 2704 743 2775 [Ῑ.
769 2734 836 2745 -
874 2703 1060 2774 σησθε]
1085 2718 1098 2733 ·
1138 2702 1431 2756 ἀκόλουθον
1475 2701 1603 2771 γάρ.
1631 2701 1799 2753 Τοῦτο

227 2799 282 2851 δὲ
350 2799 572 2859 πάντως
629 2797 790 2851 ἄλλου
829 2797 1024 2867 βάρους
1056 2797 1165 2864 (80)
1217 2795 1531 2865 βαρύτερον,
1585 2795 1697 2854 τοῖς
1735 2810 1796 2858 γε

227 2891 314 2941 τὸν
371 2890 578 2956 ἀγαθον
653 2888 1146 2957 ἐπονομαζομένοις
1207 2886 1460 2956 Χριστὸν,
1495 2885 1584 2953 ὑφ’
1617 2879 1677 2938 οὗ
1719 2884 1802 2935 δον

231 2980 381 3032 χοῦσι
417 2983 514 3034 καὶ
552 2981 862 3049 πλασθῆναι
887 2980 980 3031 καὶ
1011 2978 1362 3030 πλάττεσθαι.

1891 2055 2112 2108 audire:
2143 2051 2315 2112 Mane,
2347 2064 2377 2100 o
2413 2049 2597 2104 miser,
2635 2060 2687 2095 ιιι
2725 2053 2814 2095 tuo
2846 2051 3160 2093 constratus
3199 2041 3362 2098 lecto,
3403 2045 3458 2090 et

1890 2160 2007 2207 vos,
2032 2144 2121 2213 qui
2159 2159 2222 2195 ex
2259 2156 2342 2194 me
2371 2140 2526 2198 estis,
2583 2144 2637 2188 ct
2672 2135 2828 2188 meis.
2865 2142 2919 2184 et
2944 2131 3140 2198 iiisqui
3197 2130 3300 2181 mei
3350 2144 3455 2180 non

1887 2247 2036 2298 sunt,
2089 2239 2244 2299 quasi
2316 2247 2380 2284 ex
2436 2245 2555 2280 meo
2611 2243 2703 2278 ore
2775 2224 3115 2276 annuntiate.
3179 2222 3458 2273 Sustinete

1885 2328 2080 2397 exiguo
2111 2338 2352 2384 tempore
2391 2335 2560 2373 meam
2596 2318 2958 2370 innrmitatem
2989 2325 3040 2369 et
3090 2315 3336 2366 morbum
3367 2310 3457 2378 qui

1901 2437 1981 2474 me
2010 2426 2322 2488 depressum
2371 2424 2424 2467 et
2457 2413 2780 2471 demissum,
2836 2423 2942 2460 non
3003 2406 3174 2458 multo
3232 2404 3300 2454 ab
3335 2403 3459 2453 hinc

1898 2512 2182 2566 intervnilc
2229 2525 2281 2560 in
2337 2510 2451 2559 luec
2505 2507 2763 2556 interiora
2800 2513 2977 2569 coget,
3023 2513 3120 2550 vos
3176 2510 3304 2548 vero
3359 2494 3462 2545 hoc

1900 2606 2133 2674 agitatus
2184 2600 2519 2670 gravamine,
2568 2599 2730 2650 ctiam
2766 2595 2855 2647 illo
2897 2592 3053 2644 facile
3078 2589 3352 2642 liberabit.
3396 2587 3464 2638 At

1904 2714 1970 2751 ne
2002 2697 2124 2749 mali
2164 2691 2403 2762 potentia
2436 2699 2488 2742 et
2523 2687 2593 2739 τε.
2630 2696 2684 2739 ut
2719 2684 2879 2738 citius
2918 2679 3269 2749 deponamini
3307 2685 3464 2730 uten-

1905 2798 2006 2849 tes,
2036 2800 2063 2837 a
2093 2784 2256 2837 vestri
2303 2779 2516 2834 consilii
2547 2794 2598 2830 οι
2629 2775 2927 2829 voluntatis
2968 2785 3133 2840 scopo
3187 2771 3463 2822 aberratc.

1908 2876 2022 2929 Hoc
2054 2876 2197 2928 enim
2240 2889 2346 2925 non
2379 2874 2603 2929 decens,
2632 2882 2737 2919 non
2758 2873 3124 2933 opportunum
3153 2870 3256 2913 est.
3280 2858 3465 2927 Neque

1914 2968 2087 3023 malos
2144 2965 2312 3018 videri
2360 2969 2415 3016 et
2464 2958 2764 3027 improbos.
2825 2955 2976 3009 vobis
3025 2953 3175 3007 cordi
3203 2954 3296 3014 sit,
3335 2966 3460 3002 nam

233 3072 333 3125 ltoc
371 3081 533 3141 turpe
574 3043 1084 3127 estet-absurdum.
1128 3073 1192 3124 Et
1254 3070 1356 3122 hoc
1409 3069 1571 3122 etiam
1619 3065 1724 3119 alio
1758 3071 1837 3118 est
1878 3059 2141 3113 molestia:
2199 3054 2434 3122 pondere
2492 3047 2883 3104 intolerabilius
2940 3055 2994 3100 et
3078 3045 3316 3113 gravius.
3390 3043 3468 3095 liis

236 3165 528 3234 praecipue,
563 3167 652 3235 qui
681 3181 875 3234 magno
908 3165 1094 3232 optimi
1154 3162 1354 3218 Clit-isti
1391 3163 1606 3215 nomine
1638 3159 2082 3214 coltonestantur,
2161 3164 2188 3201 a
2241 3165 2347 3216 quo
2417 3146 2670 3198 videntur
2692 3150 2744 3195 et
2769 3139 3173 3195 efformatiesse
3194 3147 3247 3192 et
3274 3130 3467 3189 rursi.s

237 3257 454 3312 efl'orma
465 3259 531 3313 ri.

815 3347 1033 3400 ΕΠΙΣΤ.
1076 3345 1209 3399 ΜΘἏ

243 3440 323 3505 Τῷ
356 3439 746 3507 αὐτοκράτορι
795 3439 899 3491 τοῦ
955 3439 1173 3502 δουκὸς
1238 3436 1568 3499 Ἀτταλίας,

666 3510 911 3574 Ἰωάννῃ
943 3507 1022 3572 τῷ
1059 3507 1421 3573 Ἀτταλιάτῃ.

306 3598 475 3672 Οἶμαί
512 3620 568 3655 σε
615 3603 841 3670 χάριτας
881 3599 1116 3666 ὀφείλειν
1162 3600 1304 3668 ἐμοὶ,
1335 3596 1681 3666 λαμπρότατε
1717 3612 1806 3664 μοι

243 3697 297 3747 ὲν
327 3695 518 3763 Κυρίῳ
560 3694 660 3751 υἱὲ,
697 3693 777 3744 ὅτι
816 3708 874 3743 σε
920 3691 1046 3743 νέαν
1099 3691 1180 3742 ἐτι
1216 3693 1314 3758 τὴν
1346 3690 1565 3758 ἡλικίαν
1601 3688 1803 3752 ἄγοντα

244 3788 376 3852 προς
405 3786 506 3847 τὰς
562 3784 671 3836 τῶν
702 3783 934 3836 Μουσῶν
974 3781 1125 3844 θείας
1155 3781 1384 3851 χάριτας
1418 3782 1645 3849 ἤνεγκα,
1679 3779 1808 3843 κάξ-

243 3878 440 3941 έσωσα,
479 3873 925 3942 κάξεθρεψάμην.
956 3873 1064 3924 Καὶ
1104 3873 1260 3923 τοῦτο
1285 3871 1344 3922 τὸ
1392 3870 1554 3939 χρέος
1602 3870 1706 3921 οὐδ’
1743 3869 1808 3922 ἂν

246 3967 400 4027 αὐτὸς
435 3965 807 4033 ἀπαρνήσαιοο
846 3965 878 4031 ἢ
914 3963 1193 4030 ἀλλότριόν
1240 3978 1303 4028 γε
1339 3961 1574 4013 Μουσῶν
1608 3961 1810 4013 ἐπιδεί-

248 4057 352 4121 ξεις
387 4057 606 4110 σαυτόν.
654 4057 802 4106 Ἐπεὶ
855 4050 946 4107 οὖν
991 4055 1288 4123 ὁμολογεῖς,
1318 4052 1461 4106 ἅπαν
1505 4070 1592 4120 μοι
1654 4052 1811 4104 τοῦτο

245 4147 493 4199 διάλυσον
549 4149 604 4197 ὲν
645 4144 723 4213 τῷ
749 4145 839 4197 τοῦ
876 4145 1171 4214 Ξερωτάτου
1213 4147 1608 4214 μητροπολίτου
1652 4143 1810 4211 Σίδης

248 4237 762 4306 ἀντιλαμῆἀνεσθαι.
796 4229 961 4297 Οὗτος
992 4236 1100 4303 γὰρ
1139 4237 1200 4305 δὴ
1232 4235 1481 4288 τοσοῦτον
1506 4236 1634 4304 ἡμῖν
1674 4235 1812 4304 ἧνωο

250 4344 355 4389 ται,
393 4327 536 4380 ὥστε
575 4327 707 4394 μηδὲ
751 4326 905 4388 ἄλλος
950 4326 1127 4378 δοκεῖν
1175 4326 1304 4395 παρ’
1350 4326 1468 4393 ἐμὲ,
1508 4327 1622 4378 ἀλλ’
1653 4326 1813 4386 αὐτὸς

251 4419 358 4484 ἐγὼ
389 4415 553 4471 εἶναι.
594 4419 732 4469 Ὅσα
790 4417 884 4468 οὖν
930 4418 1067 4486 πρὸς
1110 4418 1172 4470 τὸ
1210 4417 1563 4484 ἀγαθοποιεῖν
1615 4417 1815 4469 δέδωκέ.

255 4527 332 4560 σοι
365 4512 393 4560 ὀ
422 4508 629 4575 ἀγαθὸς
662 4507 792 4568 Θεὸς
822 4507 1077 4574 δύναμιν,
1131 4509 1310 4560 πᾶσάν
1355 4524 1444 4574 μοι
1491 4508 1815 4575 συγκίνησον

255 4600 344 4648 ἐπὶ
393 4597 666 4663 ὰταοῆναι
707 4593 770 4663 [f.
825 4592 1030 4662 -θῦναι]
1088 4593 1167 4661 τῷ
1210 4595 1278 4645 τὰ
1322 4593 1500 4645 πάντα
1540 4593 1689 4662 καλῷ
1718 4595 1815 4644 κά-

1624 3434 1802 3500 κυρίῳ

2480 3320 2694 3377 EPIST.
2729 3318 2910 3372 XLIX.

1909 3425 2130 3477 Domino
2164 3418 2361 3473 Joanni
2406 3416 2699 3476 Attaliatu',
2746 3411 2986 3464 ministro
3032 3407 3194 3461 Ducis
3234 3409 3470 3462 Attalitt'.

1976 3581 2248 3636 Existimo
2288 3587 2339 3629 te
2374 3576 2696 3628 innumeras
2731 3571 2860 3624 mihi
2893 3569 3093 3623 debere
3138 3567 3366 3637 gratias.
3410 3566 3475 3619 il-

1908 3674 2232 3727 lustrissinie
2260 3671 2315 3722 in
2348 3667 2572 3720 Domino
2623 3665 2717 3728 fili,
2751 3664 3006 3730 quoniam
3045 3669 3096 3714 te
3140 3675 3261 3712 cum
3297 3659 3473 3711 adhuc

1910 3765 2138 3834 primam
2181 3769 2381 3813 tenera:
2412 3757 2588 3810 aztatis
2628 3769 2818 3823 ageres
2844 3755 3033 3814 vitam,
3071 3751 3124 3804 in
3171 3750 3322 3818 ipsas
3362 3747 3476 3800 Mu-

1910 3871 2092 3912 sarum
2129 3851 2327 3906 adduxi
2362 3850 2585 3918 gratias,
2649 3854 2811 3913 teque
2859 3843 3075 3896 servavi
3118 3841 3472 3897 incolumem,

1908 3953 2069 4004 etiam
2109 3947 2248 4016 pavi.
2304 3944 2367 3996 Et
2414 3943 2516 3995 hoc
2568 3940 2785 4008 quidem
2838 3936 3078 3990 debitum
3127 3948 3476 4002 nequaquam

1912 4040 2028 4108 ipse
2053 4038 2298 4106 negabis,
2323 4036 2426 4087 nisi
2456 4045 2506 4085 le
2534 4034 2708 4099 ipsum
2733 4030 2969 4081 alienum
3001 4041 3031 4080 a
3055 4025 3218 4079 Musis
3250 4026 3476 4078 omnim)

1911 4133 2234 4186 ostenderis.
2269 4127 2564 4192 Quocirca,
2583 4123 2709 4192 quia
2742 4122 2792 4174 id
2816 4120 2970 4174 facile
2995 4119 3290 4178 confiteris,
3314 4132 3477 4170 omne

1913 4227 2014 4279 boc
2069 4225 2282 4276 discute
2328 4232 2382 4274 et
2440 4219 2681 4272 dissolve
2735 4214 2990 4273 ollicium,
3039 4212 3091 4265 id
3141 4211 3380 4264 efﬁciens
3421 4219 3480 4263 ut

1915 4317 2322 4373 sacratissimus
2359 4311 2813 4378 mctropulitauns
2850 4306 3009 4359 Sides
3064 4304 3475 4372 compensatio-

1917 4425 2036 4464 nem
2073 4410 2211 4462 hanc
2242 4413 2294 4459 ct
2330 4405 2758 4457 emolumentum
2808 4401 3062 4466 accipiat.
3099 4396 3194 4449 llic
3225 4398 3369 4447 enim
3407 4398 3478 4446 ita

1919 4503 2048 4554 mihi
2113 4499 2440 4565 coniunctus
2491 4504 2577 4548 est
2635 4505 2955 4557 mecumque
3013 4491 3219 4548 unitus,
3263 4497 3318 4540 ut
3372 4501 3478 4540 non

1920 4595 2059 4647 alius
2095 4607 2122 4644 a
2159 4606 2243 4645 me
2313 4589 2581 4647 videatur,
2643 4585 2736 4639 sed
2793 4584 2932 4637 idem
2988 4580 3132 4648 quod
3177 4594 3276 4647 ego
3333 4593 3474 4630 sum.

255 4686 404 4755 γαθῷ
430 4687 528 4738 τοῦ
562 4685 695 4737 Θεοῦ
725 4685 900 4755 τούτῳ
942 4684 1255 4753 θεράποντι.
1317 4683 1447 4748 Ναὶ,
1485 4685 1816 4754 χρηστότατέ
1852 4670 1893 4723 ί)
1924 4686 1929 4737 1

1803 4685 1816 4735 ἐ
1852 4670 1893 4723 ί)
1924 4686 2107 4749 Itaque
2143 4690 2308 4734 tutam
2363 4681 2500 4731 lianc
2548 4677 2846 4745 p0tentiam
2881 4685 2932 4726 et
2972 4673 3280 4724 facultatem
3318 4685 3477 4736 quam

260 4792 347 4843 μοι
377 4778 479 4839 υἱὲ,
517 4776 690 4838 οὕτως
723 4777 955 4843 ὀναίμην
990 4775 1099 4826 τῶν
1157 4775 1248 4826 ἐπὶ
1286 4775 1369 4827 σοὶ
1419 4776 1613 4840 πόνων,
1651 4775 1820 4836 οὕτως

257 4869 321 4918 τὰ
356 4867 605 4936 θρέπτρα
637 4867 784 4936 παρὰ
826 4865 920 4920 σοῦ
952 4866 1282 4937 ἀπολάϐοιμι
1309 4883 1322 4895 ·
1358 4868 1452 4918 καὶ
1491 4867 1700 4932 γένοιτό
1734 4883 1819 4934 μοι

263 4958 483 5026 μαθόντι
518 4957 608 5010 διὰ
637 4957 853 5026 γραφῆς
887 4958 1074 5022 αὐτοῦ,
1102 4958 1230 5027 ὅσης
1279 4959 1371 5010 καὶ
1402 4957 1521 5018 οῐας
1581 4960 1678 5026 τῆς
1723 4959 1822 5024 ei};

259 5048 522 5101 ἀπολαύει
560 5049 950 5117 χειραγωγίας,
982 5049 1343 5118 ὲπευλογῆσαὶ
1376 5066 1431 5099 σε
1458 5052 1575 5110 ταῖς
1607 5051 1813 5118 εὐχαῖς,

263 5139 309 5189 εἰ
343 5143 414 5207 μή
438 5157 491 5191 τι
515 5138 665 5201 ἄλλο,
687 5142 978 5208 πατρικαῖς
1005 5139 1155 5206 γοῦν,
1188 5142 1282 5192 καὶ
1307 5140 1628 5209 δυναμέναις
1646 5140 1822 5201 οἴκους

264 5229 464 5282 τέκνων
503 5231 801 5299 στηρίζειν.
830 5232 928 5294 Ὃς
960 5249 1023 5300 γε
1059 5234 1152 5284 καὶ
1185 5233 1268 5284 ἀεὶ
1300 5231 1456 5284 τοῦτο
1488 5233 1680 5295 ποιῶν,
1735 5232 1824 5283 εὖ·

269 5339 415 5392 οοιμι
463 5323 559 5374 τὸν
590 5322 683 5374 τοῦ
743 5323 997 5393 ἀληθινοῦ
1036 5325 1212 5393 Λόγου
1280 5324 1528 5394 ἀληθινὸν
1601 5325 1818 5393 Πατέρα

368 5499 415 5531 ⁸⁸
455 5498 660 5554 Tliren.
700 5516 780 5561 ιιι,
813 5500 904 5554 20.

1925 4777 2021 4829 tibi
2051 4783 2107 4828 ut
2158 4784 2212 4826 tu
2263 4771 2538 4824 beneficiis
2575 4769 2710 4821 alios
2754 4765 3188 4834 prosequereris,
3241 4763 3489 4826 optimus

1929 4862 2069 4915 Deus
2115 4868 2197 4912 est
2246 4859 2528 4925 elargitus,
2576 4870 2792 4909 omnem
2838 4854 2969 4907 milii
3023 4854 3270 4914 admove,
3309 4853 3489 4906 inme

1926 4956 2181 5017 deﬂecte;
2231 4962 2287 5005 ut
2334 4951 2479 5004 hunc
2541 4948 2630 5002 Dei
2674 4962 2886 5000 servum
2946 4955 2997 4998 et
3034 4945 3365 5006 ministrum,
3429 4945 3482 4996 in

1924 5046 2177 5099 omnibus
2232 5059 2444 5107 semper
2474 5045 2692 5101 bonum,
2726 5053 2920 5105 magno
2965 5037 3206 5088 beneficii
3263 5053 3485 5088 munere

1926 5140 2210 5192 sublevare
2241 5135 2534 5201 possimus.
2580 5129 2716 5182 Vere
2739 5132 2978 5199 quidem,
3037 5128 3240 5194 optime
3290 5129 3382 5188 fili,
3413 5130 3485 5178 ita

1927 5233 2172 5284 laborum
2211 5243 2348 5296 quos
2383 5227 2433 5276 in
2473 5239 2523 5276 te
2584 5224 2788 5275 contuli
2837 5222 3071 5272 fructum
3104 5225 3162 5272 et.
3195 5219 3481 5270 utilitatem

1925 5336 2157 5390 capiam,
2184 5330 2237 5374 et
2264 5321 2335 5371 ita
2363 5317 2702 5370 educationis
2733 5312 3032 5386 mercedem
3061 5326 3090 5364 a
3119 5319 3170 5365 te
3197 5310 3482 5378 accipiam.

1447 5643 1636 5703 Variae
1667 5643 1964 5702 lectiones
2012 5650 2068 5702 et
2115 5651 2304 5703 nolcc.

339 5770 446 5840 (60)
482 5773 723 5835 Πάντως
783 5771 974 5825 ἄλλοι)
1025 5771 1273 5841 βάρους.
1345 5772 1548 5839 Malim,
1614 5773 1825 5833 πάντως
1855 5772 2007 5824 ἄλλον
2037 5771 2085 5837 β.
