4240 6440
738 397 840 461 467
1619 370 2199 451 THEOPIIYLACTI
2240 378 2649 442 BULGARIE
2692 377 3046 437 aucmsp.
3893 374 3999 438 res

737 519 911 583 Atque
942 514 1137 569 litteris
1168 512 1277 568 tuis
1310 527 1393 567 me
1424 509 1614 574 edoce,
1648 517 1782 577 quot
1824 520 1877 561 et
1930 503 2157 576 quantis
2193 499 2304 553 tuis
2337 507 2381 562 Α
2410 538 2411 543 η

2337 507 2381 562 Α
2410 497 2666 567 ἐπήκοον,
2715 496 2989 566 τηροῦντά
3046 512 3103 549 σε
3176 495 3354 568 πάσης
3404 496 3673 571 ἀνώτερον
3704 496 4002 559 κακώσεως

736 606 925 659 auxilii
962 606 1122 659 donis
1152 603 1541 673 perfungatur.
1578 601 1765 671 Teque
1799 597 2055 668 precibus
2095 593 2212 649 suis
2248 590 2316 645 ad

1227 603 1541 673 rfungatur.
1578 601 1765 671 Teque
1799 597 2055 668 precibus
2095 593 2212 649 suis
2248 590 2316 645 ad
2427 588 2523 639 καὶ
2563 585 2901 649 κακύνσεως.

736 713 1006 751 summam
1058 698 1246 754 evellet
1278 696 1735 758 benedictionem,
1776 707 1897 763 quae
1930 691 1976 745 si
2005 704 2112 743 non
2136 684 2304 745 aliud,
2345 680 2537 736 saltem
2563 694 2801 750 paterna:
2828 690 2977 743 sunt,
3007 694 3127 747 qlia:
3177 680 3410 733 ﬁliorum
3472 681 3667 733 dmum
3726 689 3777 732 et
3810 678 3993 733 sedem

736 792 908 844 sacris
938 791 1151 843 ﬁrmare
1182 788 1547 844 fundamentis
1564 795 1811 855 possunt.
1876 784 1992 839 [loc
2031 781 2100 835 ita
2141 784 2331 831 exacte
2387 770 2673 839 exhibens,
2720 771 2878 826 facile
2898 774 3006 826 veri
3041 772 3326 828 Sermonis
3351 779 3536 828 verum
3568 771 3777 827 Patrem
3810 783 3858 826 te
3880 774 4002 826 sine

735 882 962 936 crimine
989 881 1155 951 690
1180 888 1235 935 et
1263 881 1380 935 sine
1399 878 1716 934 discrimine
1750 884 2055 932 servantem
2094 868 2387 925 inveniam.

1369 973 1585 1029 EPIST.
1620 973 1681 1027 L.

1139 1069 1404 1139 Bryeunio
1446 1069 1567 1120 duci
1602 1066 1904 1136 Dyrrachii.

809 1160 924 1215 Etsi
961 1161 1215 1231 exiguum
1274 1168 1329 1213 et
1394 1158 1675 1212 miuimmn
1735 1157 1864 1209 illud
1922 1153 1989 1208 ad
2043 1165 2313 1208 summam

739 1265 844 1308 tua:
896 1253 1201 1322 majestatis
1255 1250 1596 1306 altitudinem
1637 1247 2023 1316 pisciculorum
2080 1258 2312 1304 munus,

738 1348 855 1417 ipsa
890 1344 1051 1399 Verbi
1107 1344 1279 1397 Mater
1331 1342 1553 1405 emittit,
1599 1339 1852 1407 equidem
1904 1336 2307 1406 aznigmaticum

738 1438 869 1505 quid
907 1445 961 1490 ct
992 1436 1382 1505 symbolicum,
1437 1443 1489 1488 ct
1536 1431 1725 1484 tnultis
1766 1430 1929 1485 rebus
1965 1428 2313 1498 prmstantius

741 1546 795 1588 ct
823 1531 1113 1588 sublimius
1154 1542 1337 1582 secum
1394 1522 1568 1577 aliert.
1605 1522 1833 1589 Oportet
1884 1520 2050 1581 enim,
2086 1527 2141 1569 ut
2190 1531 2312 1584 qua:

749 1622 983 1678 Verbum
1038 1619 1267 1688 peperit,
1321 1612 1468 1684 quod
1517 1614 1698 1666 omnia
1756 1609 2043 1677 sapientia:
2104 1607 2310 1660 viribus

741 1714 982 1781 undique
1026 1716 1265 1779 priestat,
1315 1707 1461 1760 nulla
1501 1706 1554 1758 in
1613 1718 1669 1757 re
1720 1700 2104 1770 imprudentize
2150 1699 2220 1753 sit
2260 1710 2311 1752 et

739 1805 1060 1875 ignorantiae
1110 1800 1349 1854 involuta
1408 1797 1669 1853 tenebris.
1718 1796 1812 1848 illa
1860 1808 1990 1847 vero
2015 1807 2135 1861 quze
2186 1808 2214 1844 ιι
2260 1801 2310 1844 ιο

741 1898 907 1949 missa
959 1906 1108 1957 sunt,
1160 1893 1409 1960 pt-zeviam
1450 1890 1516 1943 ad
1553 1888 1805 1940 Virtutem
1855 1883 2306 1939 Constitutionem

740 1995 794 2040 et
838 1990 977 2040 viam
1030 1984 1384 2055 patefaciunt.
1418 1981 1495 2033 Ex
1543 1994 1647 2048 qua
1682 1989 1735 2033 et
1782 1978 1834 2032 in
1882 1994 1988 2047 qua
2049 1975 2309 2046 quidquid

741 2073 919 2126 anima
953 2072 1200 2126 hutnoris
1235 2070 1417 2133 Labet,
1441 2078 1494 2123 et
1517 2068 1779 2137 quidquid
1805 2068 1857 2120 in
1896 2067 1981 2121 liis
2010 2067 2164 2134 aquis
2193 2079 2312 2132 quae

742 2163 845 2217 sub
878 2165 1019 2217 caelo
1052 2172 1179 2217 sunt
1211 2161 1504 2222 euutritur,
1536 2161 1590 2213 in
1615 2160 1815 2227 quibus
1849 2160 1963 2227 ipse
1990 2157 2307 2211 Leviatliam

741 2253 1006 2321 principis
1060 2253 1286 2321 imperio
1339 2253 1657 2305 horrescere
1720 2250 2095 2318 cognoscitur,
2151 2250 2311 2301 hamo

742 2346 975 2398 rationis
1021 2361 1141 2413 qua:
1198 2360 1256 2399 se
1311 2343 1483 2411 ipsam
1528 2342 1917 2405 circumducit,
1962 2356 2191 2411 quicque
2254 2358 2312 2395 se

742 2434 1108 2503 undequaque
1153 2434 1407 2488 circumit
1469 2432 1774 2487 extraxisti.
1818 2431 1973 2496 Quod
2033 2431 2194 2486 salsis
2258 2431 2311 2485 in

743 2526 905 2580 undis
936 2526 1222 2590 condiens,
1245 2534 1301 2579 et
1332 2524 1477 2594 quod
1524 2525 1578 2577 in
1630 2522 2040 2591 nobismetipsis
2075 2537 2174 2576 nos
2218 2523 2311 2574 lia-

744 2617 868 2670 bcre
892 2616 1005 2685 jam
1037 2618 1316 2670 decretum
1355 2625 1410 2669 et
1462 2618 1821 2669 constitutum
1854 2622 1960 2679 est,
1988 2613 2312 2684 liquefccisti

742 2715 797 2757 et
831 2705 959 2758 salis
1006 2705 1296 2759 conditura
1332 2704 1644 2766 macerasti,
1674 2712 1727 2757 et
1765 2701 1978 2755 aridum
2013 2712 2069 2756 et
2102 2700 2315 2753 levissi.

745 2812 892 2848 mmn
928 2796 1240 2850 ostendisti.
1276 2793 1767 2863 llorum'equidem
1810 2807 2095 2855 numerus,
2134 2793 2313 2862 perle-

743 2885 942 2938 ctionis
972 2901 1093 2953 quae
1112 2885 1165 2938 iu
1190 2885 1346 2939 bonis
1363 2892 1567 2945 est.est
1598 2883 1929 2954 symbolum,
1948 2897 2069 2936 cum
2096 2898 2311 2949 germen

744 2976 817 3029 sit
850 2976 1080 3039 denarii,
1111 2977 1354 3029 omnium
1388 2990 1739 3029 numerorum
1774 2984 1823 3026 et
1856 2972 2312 3043 perfectissimum

743 3076 796 3118 et
819 3075 1142 3119 extremum.
1173 3066 1277 3120 Sed
1310 3066 1455 3121 enim
1505 3054 1578 3119 ita
1624 3067 1839 3135 quidem
1871 3066 2041 3129 vires,
2072 3074 2125 3118 et
2153 3065 2311 3117 talem

744 3172 962 3226 semper
993 3159 1155 3211 vitam
1205 3160 1389 3227 deges,
1422 3160 1474 3211 in
1517 3158 1691 3212 solum
1745 3157 1911 3211 Deum
1962 3157 2155 3210 oculos
2184 3156 2313 3210 deli-
2344 3172 2385 3229 ο

745 3264 902 3315 gens,
938 3248 1031 3317 qui
1060 3248 1127 3301 ab
1159 3249 1269 3299 alto
1305 3248 1358 3299 in
1382 3254 1625 3301 nostram
1670 3245 1809 3299 hanc
1841 3245 2110 3298 inﬁrmam
2144 3245 2320 3297 liuuii-

744 3340 955 3393 litatem
1004 3338 1309 3402 descendit,
1368 3344 1420 3391 et
1473 3352 1667 3391 rursus
1717 3337 1772 3390 in
1826 3336 2055 3391 sublime
2108 3336 2324 3390 aetheris

752 3443 1015 3483 cacumen
1072 3429 1326 3492 evolavit,
1399 3435 1455 3480 ut
1520 3427 1643 3481 illos
1721 3442 1859 3496 quos
1949 3441 2131 3482 secum
2235 3442 2325 3479 su-

744 3521 919 3582 stulit,
979 3522 1295 3582 attralieret,
1371 3531 1427 3572 ut
1478 3519 1747 3588 pollicitus
1790 3519 1905 3589 ipse
1962 3519 2155 3572 fuerat.

744 3624 865 3661 rum
899 3608 1041 3661 enim
1066 3615 1160 3661 aut
1192 3609 1324 3661 nihil
1359 3607 1544 3660 mundi
1596 3606 1855 3674 principis
1924 3620 2111 3659 curam
2158 3606 2316 3673 gerit,

744 3709 799 3754 et
833 3699 1058 3753 multam
1093 3698 1255 3752 etiam
1305 3697 1451 3751 illius
1491 3697 1766 3751 miseriam
1830 3705 1883 3751 et
1924 3705 2299 3766 paupertatem

744 3786 1052 3853 cognoscit,
1086 3785 1191 3841 etsi
1242 3799 1467 3853 regnum
1504 3798 1561 3837 se
1604 3785 1806 3839 habere
1859 3785 2096 3854 superba
2149 3786 2315 3855 iactet

743 3876 979 3937 cervice,
1012 3884 1069 3929 et
1101 3891 1159 3929 se
1180 3886 1376 3929 cuncta
1419 3876 1674 3928 daturum
1708 3876 2013 3944 promittat,
2062 3877 2107 3931 si
2163 3877 2310 3930 illum

743 3977 870 4017 vera
900 3962 1215 4016 adorationc
1235 3973 1656 4031 prosequantur.
1685 3963 1747 4016 Et
1773 3962 1991 4031 quidem
2028 3965 2140 4033 ipse
2163 3971 2309 4025 totus

2227 3520 2328 3571 βει-

3036 951 3262 1006 ΕΠΙΣΤ.
3304 952 3383 1007 N’.

2638 1044 2720 1111 Τῷ
2742 1045 2913 1098 (Somni
2943 1046 3296 1114 Διιρῤαχιόυ,
3328 1044 3407 1110 τῷ
3437 1046 3754 1113 Βρυεννίῳ.

2494 1137 2556 1190 ΕΞ
2582 1139 2677 1189 καὶ
2708 1134 2911 1206 μικρὰν
2941 1137 3033 1188 καὶ
3060 1135 3249 1203 ὀλίγην
3273 1137 3373 1203 τὴν
3397 1136 3506 1188 τῶν
3532 1136 3732 1206 ἰχθύων
3765 1140 3998 1191 ἀποστο·

2416 1227 2514 1297 λὴν
2548 1229 2578 1297 ἡ
2616 1227 2711 1279 τοῦ
2755 1229 2929 1294 Λόγου
2972 1228 3172 1296 Μήτηρ
3216 1230 3449 1281 ποιεῖται
3494 1228 3631 1297 πρὸς
3675 1230 3734 1282 τὸ
3759 1229 3857 1295 τῆς
3904 1231 4002 1299 σῆς

2418 1319 2553 1388 ὕψος
2611 1319 3058 1386 μεγαλειότητος,
3115 1320 3248 1372 ἀλλά
3313 1335 3375 1385 γε
3433 1319 3769 1389 συμϐολικὴν
3816 1320 3909 1374 καί
3949 1340 3999 1375 τι

2422 1411 2679 1482 περιττὸν
2710 1412 2805 1463 καὶ
2837 1410 2948 1461 τῶν
2984 1409 3196 1461 πολλῶν
3230 1411 3563 1481 ὑψηλότερον
3609 1413 3666 1464 ἐν
3710 1413 3877 1481 ἑαυτῇ
3912 1414 3999 1479 (gi-

2420 1519 2642 1571 ρουσαν.
2684 1503 2775 1553 Δεῖ
2816 1502 2923 1570 γὰρ
2961 1503 3027 1570 τῇ
3059 1502 3293 1573 τεκούσῃ
3341 1504 3432 1554 τόν
3482 1503 3675 1569 Λόγον,
3699 1503 3791 1554 τὸν
3821 1503 4001 1556 πάντα

2418 1592 2478 1643 ὲν
2513 1592 2677 1660 σοφία
2727 1593 3054 1658 ποιήσαντα.
3088 1591 3255 1660 μηδὲν
3290 1594 3493 1661 ἄσοφον
3526 1589 3667 1645 εἶναι
3719 1595 3814 1645 καὶ
3869 1593 3995 1647 ἀλο-

2419 1700 2540 1750 γον.
2575 1684 2723 1736 Αὑτά
2762 1683 2861 1752 μὲν
2904 1684 3012 1751 γάρ
3055 1701 3135 1735 σοι
3167 1683 3232 1735 τα
3267 1683 3529 1737 σταλέντα
3560 1683 3659 1754 τὴν
3688 1684 3823 1754 πρδς
3864 1687 3998 1754 ἀρε-

2417 1776 2515 1844 τὴν
2567 1775 2828 1844 ἐμφαίνει
2900 1774 3260 1829 συνδιάοεσιν.
3301 1776 3389 1841 Ἐξ
3433 1772 3502 1845 ἧς
3535 1776 3629 1828 καὶ
3656 1776 3723 1828 δι’
3751 1772 3822 1847 ἧς
3872 1778 3998 1828 ὅσον

2415 1868 2583 1938 ὑγρὸν
2623 1867 2720 1936 τῆς
2743 1866 2947 1935 ψυχῆς,
2983 1866 3074 1919 καὶ
3103 1868 3214 1923 τοῖς
3253 1866 3414 1919 κάτω
3448 1866 3635 1919 ὕδασιν
3665 1867 3999 1936 ἐντρεφόμε-

2414 1979 2521 2027 νον,
2561 1957 2643 2025 οἷς
2668 1964 2694 2015 ὁ
2719 1960 2991 2014 Λεὸιαϐἀν
3062 1960 3463 2014 ἐνδυναστεύων
3524 1960 3874 2029 γινώσκεται,
3903 1962 3998 2014 ἀν-

2414 2052 2659 2113 έσπασας
2682 2068 2737 2103 τε
2767 2051 2844 2117 τῷ
2878 2050 3163 2121 ἀγκίστρῳ
3207 2051 3300 2105 τοῦ
3338 2053 3498 2117 λόγου
3550 2054 3627 2113 εἰς
3655 2053 3847 2105 ἑαυτὸν
3898 2071 3997 2106 πε-

2430 2141 2724 2211 ριηγμένου
2754 2141 2847 2192 καὶ
2898 2141 3315 2209 ἐπιστρέφοντος
3342 2156 3354 2170 ·
3398 2141 3494 2192 καὶ
3531 2140 3608 2211 τῶ
3667 2140 3825 2193 ἅλατι
3860 2159 3999 2195 κατ-

2423 2234 2647 2299 αρτίσας
2772 2231 3080 2302 -τῦσας],
3114 2232 3141 2283 ὃ
3178 2235 3235 2285 ἐν
3283 2234 3495 2294 ἑαυτοῖς
3551 2232 3696 2301 ἔχειν
3753 2232 3999 2303 ὡρίσθη-

2418 2340 2541 2391 μεν,
2576 2323 2833 2391 ἐξέτηξάς
2891 2342 2953 2376 τε
3001 2326 3094 2377 καὶ
3130 2324 3514 2395 ἐταρίχευσας.
3549 2327 3641 2377 καὶ
3697 2325 3863 2395 ξηρόν
3893 2329 3990 2378 καὶ

2420 2412 2623 2482 κοῦφον
2654 2415 2963 2478 ἀπέδειξας.
3005 2416 3063 2468 ’0
3088 2415 3144 2468 δέ
3178 2434 3241 2483 γε
3280 2416 3487 2469 τούτων
3518 2416 3779 2486 ἀριθμὸς,
3809 2419 3909 2485 τῆς
3940 2420 3998 2470 ὲν

2415 2503 2599 2566 καλοῖς
2643 2505 2979 2570 τελειότητος
3041 2506 3331 2575 σύμὸολον.
3388 2509 3634 2577 γέννημα
3687 2509 3745 2562 ὃν
3776 2510 3985 2562 τέλειον

2415 2597 2516 2665 τῆς
2569 2596 2787 2649 πάντων
2859 2599 3110 2669 ἀριθμῶν
3163 2600 3385 2661 δεκάδος
3449 2600 3544 2653 καὶ
3598 2602 3992 2671 περατώσεως.

2429 2687 2594 2741 Ἀλλά
2626 2687 2735 2757 γὰρ
2761 2686 2907 2741 οὕτω
2940 2706 3029 2757 μοι
3073 2690 3239 2758 ζῴης,
3269 2691 3361 2741 καὶ
3395 2692 3637 2744 τοιοῦτον
3670 2693 3754 2745 ἀεὶ
3791 2693 3999 2760 διάγοις

2419 2780 2513 2830 τόν
2549 2777 2684 2847 βίον,
2745 2780 2882 2849 πρὸς
2945 2781 3036 2833 τὸν
3085 2781 3219 2833 Θεὸν
3272 2782 3431 2849 μόνον
3471 2783 3635 2845 ὁρῶν,
3670 2784 3761 2836 τὸν
3799 2784 4000 2853 ὑψόθεν

2422 2872 2518 2936 μὲν
2550 2870 2641 2921 ἐπὶ
2664 2870 2763 2939 τὴν
2787 2873 3067 2941 ἡμετέραν
3099 2872 3516 2941 καταϐεϐηκότα
3551 2875 3835 2944 ἐσχατιὰν,
3864 2878 4000 2929 ἀνα-

2419 2961 2587 3013 ϐάντα
2632 2959 2688 3012 δὲ
2720 2962 2798 3021 εἰς
2835 2960 2988 3029 ὕψος,
3022 2961 3088 3014 ἶν’
3121 2962 3324 3031 ἐλκύσῃ
3379 2963 3507 3024 τοὺς
3561 2965 3999 3035 συγκουφιζομέ-

2420 3065 2570 3112 νους,
2604 3049 2679 3111 ὼς
2712 3049 3041 3117 ὑπόσχεσις·
3088 3050 3260 3118 μικρὰ
3293 3050 3372 3113 δὲ,
3406 3051 3438 3120 ἦ
3497 3052 3649 3105 οὐδὲν
3692 3056 3999 3123 φροντίζων

2420 3139 2511 3192 τοῦ
2540 3141 3006 3210 κοσμοκράτορος,
3036 3144 3129 3193 καὶ
3153 3142 3355 3211 πολλὴν
3384 3142 3534 3213 αὖτῷ
3564 3147 4000 3213 καταγινώσκων

2421 3233 2637 3297 πενίαν,
2670 3231 2769 3285 κᾶν
2809 3232 3085 3300 βασιλείαν
3133 3233 3279 3302 ἔχειν
3331 3235 3745 3305 ἀλαζονεύηται,
3781 3238 4000 3308 καὶτῆς

2420 3323 2617 3383 δόσεως
2678 3323 2885 3375 τούτων
2944 3325 3249 3392 ἀνταπαιτῇ
3300 3324 3397 3391 τὴν
3440 3327 3831 3397 προσκύνησιν.
3887 3330 3999 3383 Καὶ

2424 3415 2536 3476 πᾶς
2568 3414 2668 3483 μὲν
2702 3413 2885 3482 ἱλαρὸς
2917 3414 3013 3466 καὶ
3041 3414 3242 3477 παντὸς
3267 3415 3475 3482 ἀγαθοῦ
3511 3418 3672 3487 δύτης
3710 3421 3802 3472 καὶ
3842 3422 3995 3487 γινό-

2430 3525 2587 3577 μενος
2637 3507 2728 3559 καὶ
2778 3506 3119 3577 φαινόμενος,
3154 3508 3249 3577 οὐχ
3287 3509 3489 3578 ἣκιστα
3538 3509 3595 3562 δὲ
3641 3511 3718 3580 τῷ
3747 3513 3996 3585 λειτουρ-

2426 3600 2566 3670 γικῷ
2594 3601 2688 3653 τοῦ
2713 3598 2849 3653 Θεοῦ
2877 3601 3118 3669 τάγματι
3164 3603 3254 3653 καὶ
3304 3604 3613 3672 συστήματι
3632 3622 3644 3634 ·
3679 3597 3723 3671 ᾧ
3754 3606 3995 3675 σπείρων

2413 3693 2479 3744 τὰ
2539 3690 2799 3760 σαρκικὰ,
2856 3692 3090 3760 θερῐσεις
3150 3694 3217 3745 τὰ
3280 3694 3649 3762 πνευματικὰ,
3709 3698 3852 3749 κατὰ
3901 3700 3994 3751 τὸν

2415 3781 2557 3834 θεῖον
2589 3782 2765 3831 εἰπεῖν
2812 3780 3156 3841 ’Λπόστολον,
3188 3783 3279 3835 καὶ
3312 3783 3445 3835 Θεὸν
3477 3786 3851 3857 ἀντεισοικίσῃ
3880 3786 3991 3838 τῶν

2412 3871 2876 3942 παρατρεχόντων
2935 3870 3024 3922 τὸν
3082 3873 3334 3939 μένοντα.
3386 3872 3507 3941 Ὑφ’
3548 3868 3613 3927 οῦ
3665 3877 3761 3927 καὶ
3797 3880 3987 3947 τηροῖο

2413 3963 2591 4031 πάσης
2623 3961 2934 4020 κακύνσεως
2961 3963 3229 4031 ἀνώτερος
3269 3966 3363 4016 καὶ
3388 3965 3705 4028 κακώσεως.

748 4054 962 4120 hilaris,
995 4065 1049 4109 ct
1103 4058 1255 4110 lactus
1302 4057 1480 4109 omnis
1528 4054 1657 4110 boni
1692 4055 1869 4122 dator,
1928 4066 1981 4110 et
2028 4059 2259 4120 exstitit,
2327 4066 2380 4113 et
2450 4056 2677 4113 eﬁ'ectus
2730 4057 2853 4122 fuit,
2885 4058 2981 4111 sed
3025 4073 3133 4111 non
3173 4058 3391 4127 quidem
3447 4061 3842 4117 ministratorio
3891 4060 3988 4118 Dei

744 4147 919 4202 ordini
951 4156 1114 4216 atque
1146 4149 1379 4201 cohorti.
1407 4146 1461 4200 ln
1495 4147 1861 4216 quacarnalia
1923 4148 2125 4215 terens,
2203 4151 2512 4220 spiritualia
2564 4158 2747 4214 metet,
2805 4158 2862 4203 ut
2915 4149 3136 4203 divinus
3190 4150 3485 4217 Apostolus
3574 4160 3659 4206 est
3743 4154 3980 4208 locutus.

746 4234 918 4289 Etiam
955 4235 1119 4290 Deum
1154 4237 1207 4291 in
1248 4238 1466 4290 domum
1500 4247 1645 4291 tuam
1670 4237 2021 4302 intromittar,
2057 4248 2111 4293 et
2152 4251 2207 4293 ut
2247 4241 2319 4294 ibi
2354 4250 2632 4293 remaneat
2662 4239 2872 4294 insiste.
2903 4242 2945 4291 A
2972 4254 3081 4309 quo
3115 4240 3330 4293 demum
3380 4249 3433 4293 et
3466 4244 3712 4312 corporis
3741 4246 3986 4313 periculo

745 4336 799 4381 et
824 4327 1018 4381 anima:
1038 4328 1297 4382 sordibus
1319 4328 1587 4381 libereris.

1360 4420 1577 4476 EPIST.
1603 4421 1687 4477 ιι.

814 4602 1140 4671 Longiorem
1182 4603 1246 4657 ad
1284 4612 1428 4656 luant
1463 4603 1810 4659 dilectionem
1859 4605 2141 4674 epistolam
2171 4607 2308 4660 scri-

745 4694 893 4757 bere,
928 4694 1298 4748 illustrissime
1331 4693 1497 4747 frater
1528 4703 1581 4749 et
1609 4695 1850 4762 domine,
1889 4698 2028 4751 hanc
2067 4713 2308 4767 pra-sen-

746 4784 817 4836 tis
852 4785 1111 4853 temporis
1139 4786 1501 4852 occasionem,
1526 4797 1580 4842 et
1623 4789 1932 4857 angustiam
1966 4804 2304 4860 nequaquam

747 4878 877 4931 mihi
938 4880 1270 4947 permittere,
1332 4895 1437 4933 non
1496 4896 1639 4949 aegre
1721 4883 1965 4949 quidem,
2022 4897 2120 4936 nec
2181 4898 2304 4935 cum

745 4969 1087 5033 difﬁcultate,
1122 4972 1206 5025 liis
1245 4971 1578 5028 brevissimis
1629 4974 1827 5027 litteris
1853 4989 2168 5043 cognosces.
2204 4972 2302 5027 Ve-

746 5077 865 5113 rum
894 5063 1171 5116 enimvero
1206 5064 1327 5125 has,
1360 5072 1417 5115 ut
1448 5064 1621 5119 multo
1654 5080 1907 5119 versuum
1952 5066 2146 5118 ordine
2173 5081 2307 5119 cou-

750 5152 1003 5219 scriptas.
1049 5161 1103 5205 et
1161 5154 1355 5207 nullibi
1413 5155 1570 5210 amici
1628 5156 1865 5209 animam
1920 5157 2305 5219 delectantem,

749 5240 1022 5295 irridebis.
1057 5243 1339 5307 Quomodo
1368 5243 1531 5311 igitur
1564 5245 1738 5311 vales,
1768 5246 1861 5313 qui
1902 5255 1954 5299 et
1975 5246 2169 5301 salutis
2202 5245 2306 5297 frui

749 5346 974 5385 munere
999 5342 1053 5386 et
1084 5334 1231 5386 nullo
1256 5332 1441 5389 dolore
1466 5334 1602 5388 aliiei
1621 5344 1672 5389 et
1690 5351 1917 5405 corpore
1938 5347 1989 5391 et
2019 5339 2197 5391 anima
2226 5337 2309 5389 di-

750 5436 889 5490 gnus
908 5422 1223 5493 es?Quippe
1250 5426 1437 5477 harum
1475 5425 1633 5495 691
1658 5427 1957 5480 litterarum
1978 5429 2310 5481 tumultuan-

755 5522 834 5563 tes
870 5526 1150 5575 susurros.
1213 5531 1317 5566 non
1351 5515 1525 5579 aliter,
1550 5530 1710 5584 quam
1743 5516 1995 5571 fucorum
2033 5518 2305 5576 examina,

749 5614 894 5670 (egro
946 5605 1129 5658 animo
1177 5603 1339 5667 feres,
1376 5606 1466 5671 qui
1516 5607 1618 5658 inel
1654 5622 1815 5661 omne
1867 5608 2122 5676 pacitirae.
2156 5609 2310 5671 juxta

3005 4422 3225 4477 ΕΠΙΣΤ.
3269 4424 3359 4476 NA
3382 4464 3394 4475 .

2949 4540 2962 4557 ο
3041 4539 3055 4556 ο
3134 4540 3147 4556 ο
3231 4540 3247 4555 ο
3322 4540 3339 4558 ο
3415 4545 3430 4558 I

2486 4609 2816 4677 Μακρότερα
2867 4606 3101 4675 γράφειν
3148 4610 3211 4674 τῇ
3263 4610 3326 4676 σῇ
3371 4609 3582 4680 ἀγάπῃ,
3619 4611 3981 4681 ὑπέρλαμπρέ

2423 4716 2511 4767 μοι
2575 4698 2772 4767 ἀδελφὲ
2835 4699 2929 4749 καὶ
2989 4697 3245 4759 αὖθέντα,
3287 4701 3360 4768 μὴ
3400 4699 3634 4763 διδόντος
3696 4704 3826 4771 ἡμῖν
3884 4705 3979 4756 τοῦ

2418 4788 2634 4859 καιροῦ,
2657 4789 2755 4841 οὐκ
2795 4787 2862 4842 ἂν
2889 4788 3052 4858 δριμὺ
3085 4788 3455 4857 προσόλέιζιαις
3480 4791 3555 4857 τῷ
3583 4792 3775 4862 βραχεῖ
3798 4795 3981 4864 γράμ-

2422 4897 2574 4949 ματι,
2603 4879 2737 4932 ἀλλά
2760 4878 2855 4931 καὶ¹
2911 4877 3088 4947 τούτῳ
3119 4878 3513 4947 προσγελάσεις
3540 4880 3615 4942 ὼς
3646 4881 3978 4952 πολυστίχῳ,

2417 4971 2512 5022 καὶ
2541 4970 2694 5036 φίλου
2730 4967 2906 5038 ψυχὴν
2958 4968 3400 5035 ἐπευφραίνοντι.
3458 4968 3580 5030 Πῶς
3636 4968 3702 5020 ἂν
3748 4969 3841 5021 οῦν
3893 4987 3981 5038 μοι

2416 5059 2581 5129 ἔχοις,
2607 5060 2635 5110 ὁ
2666 5060 2760 5111 καὶ
2791 5058 2957 5125 ὑγιῶς
2992 5058 3134 5127 ἔχειν
3186 5056 3279 5108 καὶ
3309 5057 3529 5119 ἀλύπως
3561 5058 3656 5110 καὶ
3692 5059 3849 5127 σῶμα
3890 5060 3983 5113 καὶ

2418 5151 2637 5221 πνεῦμα
2668 5151 2853 5215 ἄξιοςς
2886 5145 3032 5219 Ἀρα
3066 5148 3440 5217 δυσχεραίνεις
3470 5150 3561 5197 τὸν
3585 5150 3693 5200 τῶν
3721 5151 3983 5220 πραγμά.

2415 5257 2523 5294 των
2538 5240 2693 5311 ὄχλον
2708 5240 2783 5302 ὡς
2805 5241 3062 5308 κηφήνων
3090 5239 3278 5306 ἑσμόν,
3299 5237 3634 5307 βληττόντων
3781 5241 3978 5311 ﬁlum]

2417 5352 2500 5389 co:
2528 5335 2591 5387 τὸ
2623 5334 2743 5404 μέλι
2780 5333 2890 5403 (81)
2937 5333 3035 5402 τῆς
3090 5332 3370 5402 εἰρηναίας
3418 5332 3557 5383 κατὰ
3603 5333 3725 5385 νοῦν
3775 5335 3979 5397 ἓξεωςς

2417 5428 2450 5498 ἢ
2506 5427 2665 5480 τοῦτο
2722 5426 2819 5497 μὲν
2878 5425 2997 5477 οὐδὲ
3050 5427 3345 5493 προσποηῇ.
3388 5424 3487 5475 κᾶν
3530 5424 3839 5494 περιόομεῇ
3878 5427 3979 5490 ἀη-

2418 5516 2692 5585 δέστερον,
2739 5515 2925 5583 τηρεῖς
2979 5512 3034 5564 δὲ
3078 5510 3170 5562 τὸν
3209 5510 3413 5578 γλυκὺν
3466 5511 3659 5563 σαυτοῦ
3706 5510 3981 5580 θησαυρὸν

2414 5607 2611 5659 ἄσυλον
2636 5607 2728 5660 καὶ
2760 5604 3055 5674 ἁμείωτον;
3099 5600 3271 5654 Τοῦτο
3302 5602 3399 5671 μὲν
3429 5597 3519 5655 οῦν
3541 5604 3635 5654 καὶ
3675 5601 3977 5671 βουλόμεθα

2087 5701 2281 5760 ναι-ἰεῦ
2320 5701 2645 5761 lectiones.

823 5793 932 5865 (8i)
960 5796 1350 5864 Βληττόντων
1374 5812 1471 5851 σοι
1497 5798 1560 5851 τὸ
1573 5798 1733 5869 μέλι.
1769 5799 1943 5856 Scrib.
1965 5800 2303 5855 κλεπτόντων
2347 5819 2439 5855 τοι
2473 5819 2522 5855 τ.
2552 5819 2610 5871 μ,
