4240 6440
235 391 296 454 ii9
1060 387 1438 446 EPISTULE
1482 388 1677 446 LXXV
1717 390 1759 445 Α
1799 388 1852 448 .Ῐ.
1897 389 2236 449 MEURSIO
2276 390 2540 449 EDITr'E.

3324 387 3428 456 470

214 507 288 559 καὶ
343 503 615 572 εὗχόμεθα
635 503 704 556 τὰ
729 503 785 555 δὲ
816 503 1061 572 ἡμέτερα
1082 502 1231 555 ’ἀλλ’
1263 502 1373 557 ῐσοι
1415 501 1586 556 ταῦτα
1615 519 1750 570 μυρ-
1798 505 1844 564 Α
1875 519 1888 556 t

1747 532 1750 541 ι
1798 505 1844 564 Α
1875 505 2039 556 animi
2081 506 2398 559 sententiam
2451 505 2587 568 vitm,
2627 503 2724 558 tibi
2781 501 3029 556 furantur
3069 511 3122 557 et
3169 504 3421 572 eripiunt,

211 594 402 663 μηκιάν
447 592 739 661 συμφορῶν
809 593 872 656 ἃς
914 597 971 646 αἱ
1024 591 1292 660 ἁμαρτίαι
1340 590 1497 659 ἡμῶν
1550 592 1754 644 ἐπισω-

210 693 413 757 ρ-ύ·ιυσι
450 686 754 755 καϐημὲναι
784 685 895 756 (89.)
917 687 1156 756 διακόνῳ
1186 686 1263 756 τῷ
1301 685 1571 754 πράκτορι
1605 686 1750 754 χρώ-

210 797 353 847 μεναι
411 778 664 831 Βουκολεῖ
694 779 750 830 δὲ
791 781 936 846 ἡμας
962 781 1081 840 ταῖς
1114 777 1511 848 χοηστοτέραις
1545 777 1760 830 ἐλπίσιν

210 873 229 922 .3
259 871 424 934 μέγας
464 868 668 937 ποιμὴν
701 871 737 917 .‘\
757 870 960 931 οιστόςο
1005 863 1049 936 ᾧ
1084 867 1507 936 ποιμτιυόμενός
1537 885 1620 929 τις
1640 866 1761 920 οὕτε

209 960 300 1009 τίτυέ
326 959 542 1020 ἀγαθῶν
584 959 736 1011 οὐδὲν
771 960 1149 1028 ὑστερήσεται,
1190 959 1283 1012 καὶ
1322 957 1413 1008 ἐπὶ
1442 957 1604 1026 χλόης
1635 958 1764 1009 ἁνα-

208 1052 450 1112 τιαυσεως
485 1051 578 1103 καὶ
605 1049 797 1113 tam.“
819 1050 1080 1114 ζωοῦντος
1102 1048 1616 1115 κατακλινθήσεται.
1638 1046 1762 1114 Ὑφ’

208 1137 256 1193 δῖ
313 1142 408 1193 καὶ
461 1141 624 1204 αὐτὸς
679 1141 970 1210 φυλάττοιο
1016 1142 1126 1194 τῶν
1177 1141 1318 1211 ἀωρὶ
1370 1138 1762 1208 ἐπιτιθεμένων

207 1233 372 1284 λύκων
403 1234 583 1300 πάσης
617 1233 879 1301 ἐπηρείας
912 1230 1202 1302 ἀνώτερος.

1858 605 1912 648 et
1980 595 2079 650 hoc
2136 597 2350 665 quidem
2402 611 2741 664 nequaquam
2814 593 3098 656 condiunt,
3164 595 3266 647 etsi
3335 593 3424 646 iu-

1864 686 2013 739 suavi
2068 688 2359 741 murmuris
2417 687 2610 740 bombo
2654 688 3127 754 circumstrepant.
3157 683 3428 738 Observas

1866 775 2084 844 quidem
2109 778 2486 832 dulcissimum
2505 779 2581 832 tui
2599 778 2769 846 ipsius
2789 781 3125 840 thesaurum,
3149 776 3292 843 quod
3327 791 3425 830 nec

1875 868 1968 922 tibi
1992 870 2126 938 eripi
2161 879 2335 937 potest
2357 872 2597 933 omnino,
2632 885 2806 939 neque
2837 885 3150 939 aquoquan.
3172 868 3424 930 diminui,

1870 958 1960 1013 Sic
2001 962 2164 1013 etiam
2196 969 2249 1013 et
2286 975 2408 1029 quae
2455 971 2640 1014 nostra
2673 970 2824 1024 sunt,
2866 975 2988 1014 esse
3038 975 3323 1030 precamur
3372 969 3428 1014 et

1867 1052 2138 1118 cupimus.
2216 1050 2466 1104 Attamen
2548 1051 2660 1105 hac
2733 1052 3102 1105 calamitatum
3167 1065 3292 1104 esse
3373 1057 3430 1102 et

1863 1137 2096 1192 cladium
2152 1137 2484 1192 domicilium
2563 1150 2619 1192 ct
2681 1154 2891 1206 agrum,
2982 1154 3080 1207 pro
3149 1143 3424 1204 comperto

1869 1229 2026 1293 habe,
2046 1245 2182 1298 quas
2205 1240 2386 1283 nostra
2417 1230 2644 1284 crimina
2670 1230 2818 1283 humi
2850 1231 3110 1298 repentia,
3142 1229 3194 1281 in
3228 1241 3422 1281 cumu-

208 1322 308 1374 lum
333 1321 736 1390 aggerunt,hoc
757 1323 1066 1374 truculento
1085 1328 1358 1380 exactore.
1388 1317 1804 1386 quasiministro
1843 1320 2067 1372 utentia.
2099 1319 2166 1370 At
2190 1333 2419 1387 magnus
2466 1329 2648 1387 pastor
2703 1319 2951 1373 Christus
2987 1335 3086 1372 nos
3156 1335 3261 1372 non
3322 1303 3422 1372 levi

207 1432 296 1484 spe
328 1419 524 1484 pascit.
580 1416 623 1470 A
657 1430 788 1486 quo,
821 1415 912 1483 qui
946 1429 1042 1484 per
1074 1429 1275 1483 pascua
1337 1414 1605 1475 educitur,
1675 1412 1837 1466 nullis
1867 1428 2101 1482 unquam
2134 1412 2438 1481 privabitur
2471 1413 2718 1474 bonis,ct
2741 1427 2904 1479 super
2939 1413 3142 1480 requiei
3176 1411 3419 1479 gramina

208 1506 511 1567 viridantia.
551 1508 682 1560 etin
710 1521 863 1575 aqua:
902 1507 1033 1559 viva
1059 1504 1338 1560 scatebras
1369 1503 1752 1558 declinabitur.
1820 1504 1864 1555 Λ
1927 1519 2038 1572 quo
2079 1503 2194 1571 ipse
2245 1518 2274 1555 a
2321 1503 2566 1572 luporum
2613 1505 2891 1572 inopina-to
2945 1503 3167 1557 incursu
3212 1503 3428 1568 semper

206 1598 431 1652 serveris
470 1596 780 1650 incolumis.

783 1685 1006 1739 ΕΠΙΣΤ.
1049 1683 1175 1738 NB’.

214 1778 279 1842 Τῇ
293 1778 603 1843 δεσποίνῃ,
623 1776 1078 1844 encased-apert)
1099 1774 1258 1838 αὐτῷ
1278 1774 1758 1843 ἁρῤωστήσαντι.

289 1865 649 1932 Ἐγκσινιζεις
683 1866 768 1918 ἀεὶ
811 1868 923 1927 τοῖς
953 1867 1138 1932 ἔργοις
1167 1864 1265 1932 τὴν
1310 1864 1402 1916 τοῦ
1447 1863 1581 1916 Θεοῦ
1613 1867 1762 1917 ἐναν-

211 1958 508 2026 ϐρώπησον,
533 1960 624 2010 καὶ
653 1957 943 2022 δεικνύεις,
980 1959 1036 2009 ὲν
1074 1959 1156 2009 σοὶ
1192 1956 1288 2026 μὲν
1326 1959 1528 2009 ἐκεῖνον
1556 1958 1762 2026 ἀνορων

209 2049 516 2114 πιζόμςνον,
549 2049 607 2100 ὲν
644 2048 834 2110 ἐκεινῳ
873 2048 926 2099 δὲ
962 2049 1053 2098 τὸν
1095 2047 1186 2099 σὺν
1216 2047 1504 2115 θεούμενον
1550 2047 1761 2112 ἄνθρω-

207 2154 333 2188 πον·
380 2139 415 2204 ἦ
463 2155 524 2189 νε
569 2140 700 2188 πᾶσι
742 2135 1275 2202 συγκατασαίνουσα,
1311 2135 1454 2204 κάμὲ
1491 2134 1580 2187 τὸν
1603 2134 1763 2186 αὐτόο

207 2246 389 2297 χρημα
426 2229 529 2297 γῆ)
563 2228 859 2295 εὐδόκησας
891 2225 1310 2294 ἐπισκέψασθαι,
1355 2229 1450 2278 καὶ
1524 2223 1756 2292 μεθῦσαι

2465 1681 2686 1737 EPIST.
2724 1681 2833 1735 LII.

2074 1775 2313 1828 Domina:
2336 1791 2451 1843 qua:
2477 1776 2579 1842 ipsi
2610 1775 2888 1842 egrotanti
2921 1775 3211 1840 prospexit.

1947 1866 2198 1921 Renovas
2237 1882 2449 1934 semper
2482 1867 2741 1933 operibus
2773 1865 2879 1919 tuis
2932 1866 3100 1932 ipsam
3155 1865 3247 1920 Dei
3289 1866 3428 1919 inter

1862 1957 2113 2012 homines
2145 1955 2636 2016 conversationem,
2675 1964 2835 2022 atque
2893 1955 3095 2021 pariter
3153 1955 3421 2016 ostendis,

1865 2049 1917 2100 in
1958 2056 2011 2100 te
2070 2046 2286 2114 quidem
2350 2045 2498 2099 illum
2535 2046 2772 2096 humano
2823 2060 2974 2098 more
3029 2055 3297 2113 agentem,
3368 2046 3421 2097 in

1863 2135 1956 2188 illo
1988 2145 2168 2188 autem
2206 2141 2353 2186 tuam
2391 2133 2788 2186 humanitatem
2822 2133 2978 2200 quasi
3016 2133 3134 2198 ipso
3163 2132 3254 2186 Dei
3283 2133 3424 2186 inte-

1862 2236 2123 2294 gumento
2155 2233 2445 2279 sacratam.
2490 2222 2570 2276 Tu
2622 2232 2801 2276 autem
2833 2223 3092 2277 omnibus
3130 2224 3198 2275 ad
3250 2224 3424 2290 pieta-

203 2322 294 2384 τῆς
329 2320 432 2386 γῆς
490 2320 858 2388 χρηστότητος
920 2319 1055 2387 (85),
1081 2317 1300 2371 καὶτὸν
1354 2317 1446 2370 σὺν
1489 2317 1639 2376 ἴδιον.
1675 2316 1764 2368 τὸν
1861 2325 1876 2367 t

1748 2332 1764 2367 ν
1861 2325 1965 2369 tem
2007 2315 2278 2377 oceurris,
2305 2322 2358 2368 et
2389 2329 2474 2367 me
2504 2328 2689 2367 revera
2722 2314 2959 2367 invisere
2988 2315 3173 2366 animo
3199 2323 3422 2382 reputas

208 2411 377 2473 ἄλλως
409 2412 623 2480 νεκρὸν,
657 2411 980 2475 ἀνεζὼωσας
1007 2410 1103 2463 καὶ
1147 2411 1472 2477 ἀνέστησας.
1521 2407 1663 2459 ‘AVO'
1689 2399 1765 2458 ὧν
1859 2414 1879 2458 ι

1746 2423 1765 2458 ν
1859 2414 1976 2466 ιυο,
2007 2414 2058 2459 et
2086 2413 2192 2459 tua;
2241 2405 2496 2458 bonitatis
2537 2404 2846 2467 commodo,
2902 2410 2957 2456 et
2990 2403 3224 2457 utilitate
3267 2404 3420 2470 quasi

212 2503 261 2553 τί
294 2504 359 2556 ἄν
404 2519 490 2555 σοι
535 2503 872 2570 ἐπευξαέμην
915 2502 1177 2571 μεῖζον,ῆ
1231 2501 1294 2553 τὸ
1341 2500 1413 2570 μὴ
1443 2500 1603 2568 λῆξαι
1635 2515 1764 2551 ποτε
1857 2495 1886 2549 il

1750 2515 1764 2551 ε
1857 2495 2119 2550 inebriari
2151 2504 2204 2548 et
2231 2495 2481 2549 obruere.
2511 2495 2747 2563 Jamque
2772 2504 2826 2549 et
2863 2510 2968 2557 me,
2996 2495 3088 2563 qui
3117 2505 3245 2549 tuus
3284 2509 3424 2548 sent-

207 2594 262 2644 ἐν
301 2596 474 2662 σαυτῇ
507 2594 792 2646 δεικνῦσιν
830 2592 890 2644 τὸ
929 2592 1068 2644 θεῖον
1117 2593 1451 2661 μυστήριον,
1505 2592 1572 2643 ἶν’
1674 2607 1754 2642 σοι

205 2683 260 2733 τὸ
280 2683 410 2735 αὐτὸ
441 2680 773 2750 κατόρθωμά
810 2697 866 2733 τε
892 2681 984 2733 καὶ
1023 2680 1316 2750 μίσθωμας

1861 2602 1956 2658 per
1987 2588 2086 2650 lui,
2123 2602 2265 2642 nunc
2296 2587 2596 2655 praesertim
2630 2586 2742 2640 fere
2772 2597 3072 2650 mortuum,
3098 2586 3424 2639 reviviscere

1863 2676 2062 2740 fecisti,
2093 2684 2147 2731 et
2171 2678 2282 2744 ipsa
2313 2679 2675 2731 resuscitasti.
2703 2675 2808 2729 Pro
2860 2677 3060 2745 quibus
3091 2677 3218 2745 quid
3250 2677 3424 2744 majus

206 2773 292 2824 tibi
329 2772 609 2843 deprecari
641 2779 827 2840 potero
854 2781 907 2825 et
930 2781 1203 2840 expetere,
1260 2769 1366 2825 nisi
1396 2783 1463 2823 ne
1512 2769 1569 2823 in
1605 2776 1654 2823 te
1681 2767 1798 2834 ipsa
1825 2765 1929 2819 hoc
1961 2767 2204 2820 divinum
2237 2766 2555 2836 mysterium
2599 2779 2838 2835 unquam
2878 2766 3168 2821 ostendere
3215 2780 3423 2823 cesses.

207 2881 260 2919 ut
293 2869 364 2922 sit
416 2867 514 2923 tibi
574 2867 677 2921 hoc
723 2866 898 2934 ipsum
936 2873 986 2918 et
1036 2865 1159 2918 felix
1200 2865 1376 2934 palma
1415 2869 1470 2919 et
1492 2862 1758 2918 eximium
1786 2860 2089 2930 praemium.

789 2955 1010 3008 ΕΠΙΣΤ.
1053 2953 1176 3008 NI”.

311 3045 398 3110 Τῷ
427 3046 901 3115 Μακρεμσολίτῃ,
933 3043 1044 3111 τῆς
1072 3043 1348 3111 Πρέσπας
1389 3042 1654 3111 ἆρχοντι.

273 3138 440 3189 Οὔπω
495 3138 592 3203 μὲν
655 3134 910 3204 καθαρῶς
973 3134 1070 3202 τῆς
1123 3133 1564 3202 κατακλινήσεως
1602 3135 1760 3201 ἡμεῖς

2453 2949 2666 3005 EPIST.
2695 2951 2832 3006 LIII.

2166 3043 2574 3097 Hacrembolitcc
2603 3043 2814 3109 Prespw
2843 3043 3090 3112 principi.

1931 3134 2180 3188 Nondum
2215 3135 2466 3204 equidem
2515 3151 2611 3189 nos
2643 3137 2711 3188 ah
2745 3137 2837 3189 illo
2881 3134 3204 3204 gravissimo
3236 3134 3429 3187 morbo

205 3229 600 3296 ἀπηλλάγημεν
655 3227 832 3289 νόσου,
896 3223 1289 3293 ιπιφανέστατέ
1328 3240 1416 3292 μοι
1471 3224 1531 3276 ιν
1574 3222 1761 3293 Κυρίῳ
1857 3225 1872 3280 1

1746 3240 1761 3274 ›
1857 3225 2067 3282 liberati
2096 3237 2147 3281 et
2192 3227 2352 3281 soluti
2399 3242 2610 3289 sumus,
2663 3227 3032 3281 illustrissime
3084 3227 3138 3280 in
3195 3225 3420 3280 Domino

206 3316 281 3369 υἱέ
302 3337 315 3349 ·
340 3318 482 3385 πλὴν
517 3318 630 3368 ἀλλ’
658 3319 690 3385 ή
719 3317 826 3369 τῶν
866 3317 1102 3369 κανόνων
1145 3315 1296 3383 φωνὴ
1340 3313 1755 3382 διακελευομένη

203 3411 296 3476 τὴν
338 3413 491 3476 ὶεραν
537 3410 670 3475 ἡμῖν
725 3405 956 3467 σύνοδον,
1001 3405 1151 3475 φωνὴ
1199 3405 1417 3468 πάντως
1460 3400 1592 3458 οὖσα
1624 3405 1757 3474 Χρι-

207 3497 346 3555 στου,
380 3494 688 3565 ἐξανίστησί
732 3511 793 3546 τε
827 3495 923 3562 τῆς
948 3495 1153 3555 κλίνης,
1186 3495 1276 3546 καὶ
1313 3495 1444 3560 πρὸς
1472 3493 1567 3560 τὴν
1601 3493 1756 3562 κίνη-

209 3601 289 3634 σιν
343 3584 609 3652 ἐνισχάει,
673 3584 768 3636 καὶ
826 3584 908 3635 τὸν
962 3583 1268 3654 κράὀόατον
1315 3582 1501 3652 φέρειν
1548 3582 1748 3637 δίδωσι.

206 3675 508 3742 Προσδέχου
560 3673 737 3724 τοίνυν
792 3673 956 3742 ἡμᾶς,
995 3673 1090 3724 σὺν
1141 3670 1288 3740 αὐτῷ
1343 3688 1407 3738 γε
1467 3674 1630 3738 φάναι
1677 3673 1756 3742 τῷ

200 3762 418 3814 τοιαῦτα
459 3761 954 3831 θαυματουργοῦντι
984 3799 998 3824 ,
1039 3761 1174 3813 κατὰ
1200 3761 1299 3830 τὴν
1353 3761 1609 3829 Πρέσπαν
1641 3759 1754 3827 (ὲν-

199 3850 368 3904 ταῦοι
398 3851 507 3919 γὰρ
546 3852 578 3917 ἡ
622 3851 988 3919 συνέλευσις),
1017 3850 1109 3903 καὶ
1161 3850 1751 3919 περιπλακησομένους,

201 3941 288 3992 κιὶ
315 3941 818 4009 προσωυσομένους,
848 3959 938 3992 και
983 3941 1078 4009 τῆς
1110 3941 1291 4010 υῐῖκῆς
1321 3940 1755 3994 καταπολαύσον-

197 4046 292 4091 τας
322 4030 640 4091 διαθέσεως,
687 4030 825 4082 Ἀλλ’
856 4031 956 4098 ὅρα
990 4031 1062 4098 μὴ
1100 4029 1487 4090 καταλιπόντες
1526 4029 1754 4098 ἁσυνέρο

199 4134 357 4185 γητον
405 4119 500 4169 τὸν
545 4119 680 4187 πρὸς
716 4118 813 4186 τὴν
862 4117 1125 4185 συλλογὴν
1182 4115 1289 4168 τῶν
1328 4115 1602 4184 χρειωδῶν
1646 4116 1753 4168 ἁπ-

200 4210 533 4278 εσταὶμένον
592 4208 1084 4276 ἐκκλησιαστικὸν,
1131 4208 1254 4270 τοὺς
1288 4207 1356 4258 τὰ
1411 4209 1509 4276 τῆς
1566 4208 1755 4276 ἑορτῆς

198 4300 448 4368 ᾇσοιτας,
491 4298 736 4365 τέττιγας
784 4298 1019 4367 ἀτεχνῶς
1055 4297 1392 4365 ἀποδείξητε,
1430 4298 1522 4350 καὶ
1542 4299 1598 4349 έν
1623 4315 1754 4350 παν-

199 4391 390 4457 ηγύρει
461 4385 762 4458 μεθυόντων
820 4380 994 4441 αὐτῶν
1045 4388 1388 4457 λιμώξωμεν.
1452 4385 1602 4449 Εἶτα.
1665 4391 1756 4439 ποῖ

199 4481 475 4548 καταδύσῃ
517 4483 640 4548 γῆς,
670 4480 758 4534 ἵνα
791 4481 889 4542 τὰς
915 4479 1008 4532 τοῦ
1039 4479 1198 4531 λόγου
1224 4479 1399 4548 φύγῃς
1433 4479 1621 4548 βολά;;
1659 4475 1754 4543 Ai;

200 4569 353 4629 αὐτὸ,
392 4571 492 4637 μὲν
539 4568 688 4622 οὔπω
745 4571 837 4622 καὶ
884 4570 1121 4639 τήμερον
1167 4569 1505 4636 ἐμπαρέσχες
1541 4568 1749 4631 σαυτὸν,

199 4658 271 4717 ὡς
312 4658 481 4718 ὅντως
532 4659 669 4710 κατὰ
720 4660 876 4724 λόγον
919 4659 1256 4726 κινούμενος,
1290 4657 1437 4710 ἄλλοι
1478 4657 1534 4709 δὲ
1565 4673 1754 4725 πειραο

200 4750 440 4814 σθέντες,
502 4751 705 4822 πικρὰς
763 4753 933 4815 αὐτὰς
983 4753 1462 4820 καταγγέλλουσιν,
1509 4752 1600 4816 οὒς
1657 4755 1752 4806 καὶ

1865 3317 1960 3380 ﬁli,
2008 3327 2060 3371 et
2117 3318 2226 3386 jam
2290 3332 2444 3372 sacra
2499 3333 2769 3371 canonum
2835 3333 2936 3372 vox
2992 3332 3202 3372 sacram
3264 3318 3424 3372 nobis

1863 3409 2126 3476 synodum
2163 3410 2466 3478 imperavit.
2497 3409 2609 3461 Vox
2663 3409 2882 3477 quidem
2935 3407 3158 3462 omnino
3191 3407 3419 3472 Christi,

1861 3513 1888 3550 a
1923 3500 2057 3552 lecto
2084 3499 2224 3551 enim
2263 3507 2572 3560 resuscitat,
2628 3510 2682 3553 et
2733 3501 2797 3552 ad
2841 3499 3071 3554 liberutn
3122 3509 3329 3554 motum
3365 3509 3420 3554 et

1857 3587 2347 3644 deantbulationetn
2381 3592 2522 3644 vires
2556 3590 2842 3657 impendit,
2892 3591 3181 3659 ipsumque
3230 3591 3419 3644 tollere

1857 3678 2174 3745 grabbatum
2207 3680 2486 3746 permittit.
2527 3677 2606 3732 Tu
2636 3689 2816 3733 autem
2848 3695 2950 3734 nos
2987 3681 3225 3748 suscipe,
3256 3689 3314 3731 ut
3339 3691 3419 3734 tev

1855 3780 1977 3819 cunt
1998 3767 2068 3819 illi
2089 3781 2348 3835 apparere
2373 3769 2512 3834 apud
2539 3765 2813 3836 Prespam,
2840 3769 2931 3836 qui
2960 3770 3088 3822 talia
3102 3769 3418 3821 mirabiliter

1855 3864 2130 3922 Operatur,
2176 3857 2446 3922 possimus
2486 3875 2497 3909 :
2531 3858 2617 3911 hic
2670 3860 2813 3911 enim
2871 3868 3058 3913 noster
3115 3867 3417 3913 conventus

1853 3946 1994 3999 erit:
2025 3961 2142 4005 nos,
2179 3946 2431 4014 inquatn,
2478 3950 2692 4016 suscipe
2737 3950 2938 4004 teneris
2972 3949 3308 4017 amplexibus
3361 3959 3423 4002 et

1857 4033 2332 4096 insumationibus.
2405 4045 2458 4088 et
2483 4038 2616 4097 tuis,
2653 4038 2808 4102 quasi
2859 4039 2976 4102 lilii,
3010 4038 3273 4106 appositis
3301 4053 3419 4090 mu-

1857 4124 2077 4176 nerilnts
2104 4123 2442 4178 obiectando.
2465 4124 2572 4178 Sed
2595 4135 2769 4180 tamen
2800 4127 2918 4181 vide
2943 4141 3027 4190 ne,
3047 4128 3094 4181 si
3126 4128 3273 4180 illum
3299 4127 3414 4194 qui,

1855 4213 2170 4281 colligendis
2229 4215 2620 4270 ecclesiasticis
2681 4218 2988 4272 commodis
3036 4226 3090 4270 et
3142 4217 3416 4270 fructibus

1858 4303 2140 4369 ptra'l'ectus
2185 4313 2290 4366 est,
2319 4319 2377 4358 re
2413 4305 2610 4358 infecta
2645 4307 2968 4374 relinquitis,
3004 4309 3150 4375 ipsas
3175 4307 3413 4368 cicaoas.

1855 4392 2007 4460 quasi
2080 4390 2185 4445 diei
2231 4392 2354 4445 festi
2403 4401 2550 4461 gesta
2590 4404 2752 4448 cantu
2805 4396 3214 4460 obstrepentes,
3248 4395 3411 4464 692

1857 4496 2078 4548 prorsus
2127 4482 2448 4545 ostendatis,
2493 4493 2547 4536 et
2595 4499 2660 4537 ne
2707 4484 2758 4537 in
2822 4485 2940 4552 ipso
3001 4494 3314 4538 saturorum
3362 4494 3419 4536 et

1853 4573 2124 4625 ebriorum
2165 4583 2320 4628 testu.
2353 4588 2450 4626 nos
2478 4575 2659 4627 esurie
2686 4584 2740 4627 et
2764 4574 2902 4629 fatue
2930 4589 3262 4642 premantur.
3286 4575 3406 4627 Ca:-

1855 4673 2025 4716 tetum
2060 4679 2196 4730 quas
2228 4672 2388 4718 terra:
2437 4679 2636 4720 caveas
2681 4666 2881 4728 adibis,
2925 4673 2982 4719 ut
3013 4679 3154 4719 saeva
3201 4665 3413 4716 illorqu

1853 4756 2200 4807 sermonibus
2230 4751 2458 4822 eﬂugias
2488 4755 2715 4821 spicula,
2743 4757 2941 4824 quibus
2973 4765 3026 4808 et
3059 4757 3173 4822 ipse
3195 4753 3412 4820 quidem

197 4841 277 4891 ἔτι
306 4842 532 4903 ταύταις
559 4845 884 4895 ὑποπίπτειν
906 4843 1219 4897 καταλιπὼν
1246 4844 1318 4905 ὼς
1350 4843 1542 4906 ιοὰδας
1577 4860 1633 4895 τε
1659 4844 1751 4896 καὶ
1778 4861 1830 4918 D
1855 4860 1871 4898 t

1739 4847 1830 4918 ιι)
1855 4847 2116 4907 nandum,
2153 4846 2234 4898 vel
2267 4845 2426 4898 hodie
2461 4856 2514 4898 te
2550 4846 2726 4913 ipsum
2773 4847 3009 4912 objicere
3064 4854 3118 4898 et
3171 4846 3413 4912 praebere

197 4931 399 4996 ἀξίους,
454 4932 615 4996 αὐτὸς
679 4935 798 5001 εῐης
853 4934 958 4986 ὑπὸ
1024 4933 1213 4985 τούτου
1273 4931 1744 5001 ἁνθοὸολοῦμενσς.
1846 4952 1871 4988 a

1735 4972 1744 4987 .
1846 4939 2096 4997 auderes,
2121 4937 2211 5004 qui
2241 4951 2361 4990 vere
2391 4937 2608 4990 nonnisi
2639 4939 2862 4990 rationis
2895 4937 3104 4990 insistis
3151 4933 3409 5002 vestigiis.

199 5019 365 5073 Τοῦτο
396 5021 507 5090 γὰρ
527 5023 589 5092 δή
621 5040 700 5075 σοι
735 5024 827 5074 καὶ
861 5023 1205 5089 συμπέφυκε,
1231 5024 1324 5076 καὶ
1354 5022 1703 5091 συνηύξηται.
1841 5023 1873 5077 Α

1841 5023 1944 5077 Alti
1977 5041 2123 5086 vero,
2157 5026 2244 5093 qui
2265 5028 2371 5088 jam
2399 5027 2489 5078 illa
2513 5025 2724 5092 experti
2774 5033 2922 5084 sunt,
2953 5034 3396 5076 venenata-ama-

198 5111 436 5164 ritudine
457 5127 576 5166 esse
605 5113 800 5167 iniecta
840 5115 1183 5178 annuntiaut,
1225 5129 1359 5182 quos
1400 5112 1762 5178 etiazuadhuc,
1806 5117 1849 5168 si
1894 5125 1950 5168 ut
1991 5116 2044 5168 iu
2069 5117 2156 5169 illa
2193 5117 2453 5179 incidant,
2489 5117 2562 5168 ita
2603 5116 2809 5169 deseris
2840 5125 2890 5167 et
2922 5114 3199 5180 relinquis,
3256 5100 3409 5180 quasi

200 5200 392 5268 dignos
431 5203 560 5265 illis,
589 5213 641 5257 et
673 5206 738 5258 ad
768 5206 854 5258 illa
887 5213 1158 5269 assuetos,
1191 5206 1328 5272 ipse,
1349 5207 1418 5258 ob
1446 5206 1566 5268 hoc,
1592 5207 1749 5275 quasi
1795 5207 2017 5264 ﬂoribus
2048 5225 2377 5278 conspersus
2404 5217 2459 5263 et
2484 5221 2776 5264 exornatus
2831 5208 3082 5262 exsistes.
3129 5205 3239 5260 lloc
3263 5206 3406 5260 enim

196 5293 286 5347 tibi
309 5300 418 5364 jaut
453 5305 510 5348 et
542 5298 890 5363 congcnitu-u
923 5303 1026 5360 est,
1055 5305 1109 5350 et
1147 5299 1377 5365 quadam
1416 5305 1591 5350 tecum
1622 5300 1821 5354 coaluit
1849 5311 2065 5354 natura.

788 5385 988 5437 EIIILT
1049 5385 1173 5440 ΝΜ.

645 5480 686 5527 Τ
684 5475 728 5540 ᾧ
753 5475 848 5527 ἐπὶ
884 5473 1003 5528 τῶν
1030 5475 1317 5542 δεήσεων.
2163 5483 2216 5536 Μ
2222 5485 2319 5552 agit

2163 5483 2418 5552 Magistro
2445 5484 2747 5536 iibeliorum
2780 5485 3094 5550 supplicum.

263 5564 336 5616 Σ)
392 5563 492 5634 μὲν
537 5567 672 5633 πρδις
718 5566 886 5632 ἡμᾶς,
921 5565 956 5619 ἃ
990 5567 1126 5637 πρὸς
1162 5568 1420 5638 Ὀρέστην
1466 5573 1514 5623 oi
1559 5573 1749 5639 Μυκη·
1923 5573 1937 5625 Ἴ

1727 5601 1749 5611 -
1923 5573 1998 5626 Ttt
2037 5575 2252 5642 quidem
2295 5577 2344 5628 in
2378 5591 2498 5637 nos,
2545 5577 2692 5643 quod
2743 5578 2792 5628 iu
2825 5578 3067 5627 Orestem
3128 5574 3401 5644 Myccnmi.

1337 5661 1536 5723 Varie:
1578 5661 1878 5725 lectiones
1915 5673 1975 5725 et.
2019 5673 2181 5724 none

269 5757 376 5826 (δέ)
403 5759 753 5822 Ιιάίὶημένιιι.
810 5758 984 5817 Scrib.
1019 5761 1356 5833 καθημέραν.

1951 5770 2058 5836 (8'5)
2095 5771 2206 5837 Τῆς
2236 5771 2347 5836 γῆς
2391 5771 2809 5839 χρηστότητος.
2872 5773 3046 5827 Scrih.
3093 5772 3188 5840 τῆς
3223 5773 3318 5842 σῆς
3347 5791 3397 5841 λ.

2438 5389 2651 5444 EPIST.
2688 5390 2817 5444 LIV.
