4240 6440
256 391 364 454 ιτε

1102 392 1486 455 ΕΡΙὸΤΟΙιβΕ
1526 396 1725 455 LXXV
1765 397 1812 453 A
1849 397 1906 460 J.
1951 400 2294 461 MEURSIO
2341 403 2607 466 EDl'l‘.E.

3380 410 3476 472 4⁸18

251 500 348 550 τὸν
372 497 522 551 κάτω
551 495 665 566 βίον
688 498 928 567 ἁραχνίῳ
954 496 1387 566 διατειχίζονται.
1411 502 1512 557 Διά
1533 501 1705 555 ταῦτά
1734 518 1817 554 σοι
1850 509 1892 564 Α

1854 509 1892 564 Α
1923 507 2099 572 aiunt,
2136 513 2225 576 qui
2258 526 2356 579 per
2385 513 2513 566 illud
2537 515 2796 583 navigant
2825 517 3001 568 solum
3021 515 3174 584 digiti
3215 522 3469 573 crassitu-

255 589 460 643 στελλω
490 588 581 641 τὸν
612 587 860 656 ἀδελφὺν,
891 582 935 656 ᾧ
965 590 1066 658 τὴν
1097 592 1230 660 πρὸς
1260 592 1402 660 ὑμᾶς
1431 594 1643 646 ἐλευσιν
1669 595 1820 648 οὐδέ-

253 698 416 749 τερον
444 679 552 732 τῶν
585 681 874 749 ῥευμάτων
904 681 1168 748 ἀνείργει.
1208 682 1298 750 Τῷ
1325 683 1423 752 μὲν
1450 685 1577 753 γὰρ,
1613 686 1714 738 οὐκ
1745 687 1819 738 ἐτ’

257 771 579 839 ἐνοχλεῖται,
612 770 670 820 ea
691 769 758 832 δ’,
784 769 1037 821 οὐδέποτε
1091 769 1329 822 δέδοικεο
1371 774 1465 822 καὶ
1517 772 1711 825 πολλοῦ
1755 774 1820 843 δὴ

252 862 367 922 νῦν,
385 863 474 914 ὅτε
499 863 609 921 τοῖς
627 859 719 911 τοῦ
744 861 876 928 πρὸς
901 860 1042 928 ὑμᾶς
1063 860 1227 912 πόθου
1246 865 1460 931 πτεροῖς
1482 862 1816 928 κουφίζεται.

254 956 353 1014 ’ος
378 971 435 1019 γε
456 953 574 1005 οὐδὲ
604 952 698 1023 τὴν
723 951 960 1019 σκάφην,
989 953 1201 1020 σκάφην
1225 952 1397 1019 λέγειν
1420 952 1817 1022 (88)ἀνέχεται,

253 1046 446 1115 ὥσπερ
474 1047 636 1113 ἡμεῖς
673 1045 722 1096 οι
759 1047 972 1113 ἀρχαῖοι
1008 1045 1102 1096 καὶ
1129 1044 1397 1112 ἄγροικοι,
1451 1050 1546 1097 καὶ
1587 1046 1685 1107 τῆς
1714 1045 1820 1097 τῶν

255 1135 350 1188 νῦν
391 1135 614 1205 ἡμερῶν
649 1135 860 1202 σοφίας,
912 1134 1089 1187 εἶτουν
1141 1135 1482 1201 σοφιστικῆς,
1544 1134 1817 1200 ἄγευστοι,

254 1228 393 1279 ἀλλὰ
443 1225 774 1294 μυριοφόρον
829 1225 1029 1277 ὁλκάδα
1087 1224 1317 1281 τίθεται,
1348 1228 1440 1277 καὶ
1473 1224 1594 1276 πλεῖ
1621 1225 1822 1295 0:155:51-

254 1316 540 1384 λεώτερον,
569 1316 602 1384 ἢ
627 1318 712 1368 ὅτε
738 1317 877 1368 κατὰ
899 1317 1098 1384 χέρσου
1133 1315 1358 1384 βαδίζει.
1385 1315 1583 1367 Τοῦτον
1611 1315 1824 1368 ἔστειλὰ

257 1427 340 1460 σοι
381 1408 591 1459 οἴκοθεν
636 1407 818 1459 οἴκαδε
862 1406 1024 1474 (οὕτω
1075 1407 1185 1476 γὰρ
1235 1407 1345 1472 ἐγὼ
1405 1407 1577 1475 κρίνω
1599 1407 1668 1458 τὰ
1703 1407 1821 1460 καθ’

256 1498 452 1568 ἡμᾶς),
483 1500 660 1550 πᾶσαν
691 1499 788 1567 τὴν
833 1499 930 1566 τῆς
971 1499 1111 1566 ἐμῆς
1161 1498 1465 1566 παρουσίας
1519 1499 1707 1568 χρείαν
1744 1516 1824 1551 σοι

258 1591 670 1660 ἀποπλήσοντα,
710 1591 802 1641 καὶ
831 1589 1098 1659 ἀντ’ὲμοῦ
1128 1590 1226 1655 τῆς
1253 1590 1467 1659 ἀγάπης
1512 1593 1607 1642 καὶ
1659 1591 1826 1658 σοφῆς

259 1700 352 1732 σου
379 1681 554 1748 ψυχῆς
585 1679 957 1732 ἀπολαύσοντα
1010 1680 1098 1747 (δι’
1124 1680 1189 1747 ἢν
1225 1679 1395 1746 ἔγωγε
1444 1681 1533 1730 τὸν
1589 1682 1646 1729 ἐν
1695 1679 1823 1747 ᾆδον

257 1775 536 1842 τείρεσίαν
586 1772 899 1834 ἀποκαλῶν,
947 1766 1056 1834 οἷος
1101 1771 1370 1824 πέπνυται
1416 1771 1815 1838 ἀναφαίνομαι·

1922 599 2049 653 dine
2075 601 2379 671 unius(87),
2408 620 2436 656 a
2468 608 2698 661 mortuis
2727 607 3096 662 disterminari
3123 617 3178 662 et
3204 609 3394 673 dividi,
3423 622 3479 665 et

1854 743 1861 746 _
1923 691 2023 743 hoc
2045 707 2164 748 esse
2192 695 2337 749 illius
2364 698 2540 766 majus
2589 700 2858 768 latiusque
2884 701 3164 755 tutamenti
3232 702 3458 754 interval

1919 781 2030 834 lum
2064 793 2224 852 atque
2271 790 2569 843 munimen.
2629 789 2729 854 Qui
2763 806 2888 844 vero
2953 792 3095 844 illam
3165 795 3478 859 scaphulani

1921 874 2111 928 audaci
2147 886 2367 944 pectore
2429 882 2704 935 scandunt
2755 885 2820 935 ad
2858 884 3048 944 vitam,
3099 885 3272 936 solum
3323 886 3479 952 quasi

1920 980 2130 1020 araneae
2157 968 2266 1033 filo,
2294 980 2352 1022 ut
2383 986 2538 1027 muro
2571 974 2932 1042 obsepiuntur
2985 984 3152 1043 atque
3183 976 3476 1028 vallantur.

1921 1053 2095 1114 Quare
2157 1055 2376 1111 fratrem
2430 1075 2605 1112 meum
2663 1062 2730 1114 ad
2794 1069 2846 1114 te
2891 1063 3086 1126 mitto,
3127 1062 3252 1126 cui,
3324 1073 3381 1114 ut
3430 1071 3479 1116 te

1922 1149 2099 1209 adeat,
2171 1151 2374 1203 nullum
2424 1152 2615 1206 horum
2657 1153 2938 1208 ﬂuminum
2990 1155 3162 1215 obest.
3204 1155 3339 1207 nihil
3383 1155 3483 1207 iter

1921 1238 2038 1306 ejus
2073 1241 2321 1307 impedit.
2355 1241 2486 1295 Nam
2520 1243 2624 1297 hoc
2671 1260 3010 1312 nequaquam
3061 1247 3204 1301 illius
3240 1247 3480 1297 animum

1923 1331 2130 1394 turbat,
2169 1346 2266 1384 nec
2313 1331 2388 1384 illi
2425 1336 2699 1402 negotium
2746 1335 2999 1402 facessit;
3032 1337 3159 1390 illud
3210 1353 3339 1390 vero
3381 1349 3480 1389 ιιι-ο

1925 1415 2034 1468 ιιΙΙο
2063 1427 2204 1468 metu
2243 1419 2518 1481 exhorret,
2551 1421 2643 1474 sed
2666 1422 3089 1477 multidesiderii
3121 1424 3220 1477 alis
3273 1423 3337 1476 ad
3384 1437 3480 1474 vos

1923 1505 2202 1558 Celerrime
2225 1506 2458 1571 advolat,
2520 1510 2607 1576 qui
2671 1526 2842 1577 neque
2893 1510 3179 1577 Scapham,
3232 1511 3480 1578 scapham

1924 1594 2094 1645 dicere
2121 1594 2229 1657 (88)
2266 1607 2348 1648 :et
2381 1597 2670 1652 inclamare
2707 1615 2813 1667 pra:
2853 1602 3019 1653 animi
3052 1603 3242 1654 ardore
3270 1610 3322 1653 et
3339 1601 3483 1652 desi-

1926 1682 2077 1734 deiio
2100 1684 2334 1748 patitur:
2365 1687 2820 1753 quemadmodum
2854 1705 2951 1745 nos
2979 1692 3155 1758 prisca
3175 1692 3479 1743 rusticitate

1931 1787 2171 1842 agrestes
2221 1787 2268 1830 et
2312 1780 2507 1839 timidi,
2541 1789 2594 1832 et
2627 1782 2718 1848 qui
2757 1784 2993 1835 nondum
3027 1783 3219 1833 horum
3271 1794 3481 1847 tempo-

256 1862 338 1910 τοὶ
380 1861 459 1921 δὲ,
509 1861 658 1911 σκιαὶ
709 1862 1007 1924 ἀΐσσουσιν,
1053 1861 1222 1930 Ἀτης
1289 1862 1346 1912 ἐν
1395 1860 1619 1928 λειμῶνι
1687 1859 1825 1911 κατὰ
1854 1832 1897 1890 Β

1854 1832 1897 1890 Β
1929 1884 2046 1919 rum
2076 1868 2396 1934 sapientiam
2428 1871 2891 1939 sepliistieamque
2935 1873 3282 1925 calliditatem
3315 1872 3470 1940 drgu-

261 1953 454 2002 σκότον
524 1953 867 2020 ἠλάσκοντες.
937 1952 1106 2004 Τοῦτο
1178 1953 1286 2020 γὰρ
1367 1953 1486 2020 ἐμοὶ
1579 1949 1650 2002 τά
1714 1954 1826 2013 τοῖς

259 2045 475 2105 πολλοῖς
511 2047 755 2112 μακάρια
783 2048 875 2097 καὶ
909 2048 966 2097 οὐ
998 2048 1224 2114 δαίμονα
1261 2044 1405 2115 (89)·
1440 2047 1475 2114 ἢ
1499 2045 1592 2097 καὶ
1613 2045 1826 2113 τηροίτό

261 2153 354 2186 σου
384 2133 447 2204 If.
481 2135 584 2206 σοι]
605 2137 710 2187 ὑπὸ
727 2137 819 2188 τοῦ
856 2136 1019 2203 σοφοῦ
1040 2153 1101 2187 τε
1123 2137 1216 2188 καὶ
1246 2135 1457 2202 ἀγαθοῦ
1483 2136 1616 2188 Θεοῦ
1649 2138 1826 2205 πάσης

261 2228 537 2296 ἀνώτερον
585 2230 883 2290 κακώσεως
920 2229 1013 2280 καὶ
1060 2229 1396 2288 κακύνσεως.

259 2322 404 2372 enim
462 2337 559 2390 ego
609 2323 880 2375 existimo.

1925 1956 2208 2010 stavimus.
2237 1957 2340 2010 Sed
2378 1960 2487 2027 jam
2520 1962 2630 2023 ille,
2663 1971 2722 2013 ut
2747 1964 3052 2016 onerariam
3087 1977 3301 2022 navem,
3341 1962 3485 2014 mille

1926 2045 2169 2102 ferundis
2199 2049 2511 2105 hominibus
2538 2062 2739 2120 aptam,
2777 2056 2919 2106 illam
2942 2070 3062 2107 esse
3107 2054 3385 2106 existimat
3433 2063 3486 2104 et

1936 2142 2482 2212 audentiusnavigat,
2518 2162 2678 2212 quam
2706 2162 2828 2198 rum
2853 2163 2951 2216 per
2989 2159 3188 2200 terrain
3218 2147 3480 2214 graditur.

1928 2230 2080 2284 llunc
2102 2247 2230 2300 ergo
2261 2236 2357 2287 tihi
2397 2251 2426 2288 e
2457 2237 2590 2290 meis
2639 2239 2843 2293 aedibus
2902 2241 2965 2291 ad
3025 2249 3144 2292 tuas
3197 2238 3342 2292 misi.
3404 2235 3478 2289 Ita

967 2319 1089 2374 llazc
1138 2337 1257 2388 quae
1307 2337 1392 2374 me
1446 2322 1807 2383 rircumdant,
1867 2341 2077 2377 omnem
2127 2342 2256 2379 mea:
2318 2332 2615 2396 praascntize
2688 2334 2968 2385 utilititem
3047 2336 3139 2385 tihi
3193 2334 3351 2399 plane
3393 2334 3485 2384 ad-

263 2414 587 2482 implebunt,
625 2423 677 2466 et
701 2414 789 2465 illa
816 2429 910 2483 pro
926 2415 1242 2481 memetipso
1277 2423 1422 2468 tuam
1468 2417 1838 2476 dilectionem,
1880 2428 1931 2469 et
1960 2417 2280 2487 tuiSpiritus
2319 2425 3038 2493 assequentursapientiam.
3067 2423 3290 2493 Propter
3309 2440 3470 2494 quam

263 2521 364 2572 tgu
397 2501 663 2557 Tiresiam
696 2502 835 2572 apud
866 2502 1067 2556 inferos
1103 2502 1403 2557 inclamans
1443 2505 1681 2572 comperi
1707 2503 1815 2577 (90)
1855 2521 1868 2556 :

1114 2625 1214 2678 Ille
1248 2627 1383 2687 sapit
1414 2625 1578 2683 solus.
1622 2623 1809 2691 reliqui
1842 2624 2058 2678 volitant
2088 2629 2224 2679 velut
2257 2630 2483 2693 umbra’,

1119 2697 1184 2750 In
1218 2702 1370 2761 prato
1399 2693 1913 2747 Noxwtcucbrarum
1936 2699 2150 2748 horrore
2176 2710 2442 2766 vagantes.

273 2786 388 2840 llnc
443 2788 586 2842 enim
636 2787 788 2848 mihi,
843 2796 902 2840 ut
946 2802 1066 2853 qum
1115 2787 1299 2840 multis
1349 2786 1504 2839 beata
1564 2792 1692 2837 sunt
1745 2795 1798 2838 et
1863 2786 2041 2840 felicia
2112 2801 2260 2856 puto.
2311 2790 2541 2861 Jamque
2599 2793 2706 2855 ille,
2756 2809 2850 2860 per
2917 2803 2987 2856 te,
3041 2808 3068 2843 a
3134 2790 3376 2859 sapiente
3434 2803 3488 2845 et

270 2881 479 2948 optimo
521 2881 650 2942 Deo,
684 2878 832 2933 oznni
859 2879 1062 2930 seelere
1093 2887 1145 2930 et
1168 2878 1313 2929 omni
1339 2878 1482 2929 malo
1506 2876 1639 2929 liber
1678 2888 1952 2932 servetur.

870 2972 1089 3026 ιειιιετ.
1118 2971 1259 3038 Ne".

488 3065 576 3128 Τῷ
615 3064 794 3131 κυρίῳ
842 3062 1112 3126 Νικολάῳ
1149 3060 1228 3126 τῷ
1274 3060 1614 3115 Καλλικλεῖ.

358 3159 516 3211 Ἀλλὰ
554 3159 615 3208 σύ
645 3174 731 3224 μοι
787 3157 1079 3223 δραστικὰς
1138 3155 1236 3211 τάς
1291 3154 1593 3215 ἀντιδότους
1649 3152 1836 3204 ἐπὶτά

275 3248 686 3317 προσϐάλλοντα
713 3247 1011 3312 νοσήματα,
1047 3245 1138 3297 καὶ
1160 3243 1232 3312 μὴ
1255 3245 1632 3310 πεφεισμένως
1657 3244 1836 3309 ἐγχεῖν

2520 2977 2736 3030 EPIST.
2775 2977 2906 3030 LVI.

2333 3067 2557 3120 Domino
2593 3068 2817 3122 Nicolao
2862 3069 3090 3124 Callicli.

2007 3156 2083 3208 Tu
2114 3159 2327 3226 quidem
2353 3159 2598 3212 ellicacrs
2628 3174 2674 3212 et
2709 3169 2950 3227 potentes
2979 3162 3274 3224 antidotos,
3315 3163 3366 3212 in
3394 3161 3491 3214 ob-

1931 3249 2107 3316 jrctos
2139 3251 2266 3301 mihi
2311 3253 2550 3313 morbos,
2589 3262 2640 3304 et
2687 3268 2792 3304 non
2825 3269 2983 3305 avare
3013 3262 3066 3306 et
3104 3269 3282 3321 parce,
3313 3254 3365 3307 in
3400 3270 3492 3323 py-

275 3345 396 3401 ταῖς
434 3339 607 3401 κύλιξι
642 3337 738 3406 τὴν
776 3336 1106 3402 θεοδώρητόν
1143 3352 1235 3386 σου
1269 3336 1361 3387 καὶ
1388 3337 1486 3402 τὴν
1509 3335 1828 3386 πανάκειαν·
1862 3370 1901 3423 C

1862 3370 1901 3423 ο
1941 3340 2149 3394 xidibus
2206 3341 2459 3403 elfuudis,
2516 3352 2587 3403 et,
2623 3345 2766 3394 illam
2810 3345 2902 3395 tibi
2938 3361 2964 3395 a
2993 3344 3099 3398 Deo
3122 3345 3301 3397 datam
3328 3359 3491 3412 pana-

277 3431 372 3482 καὶ
407 3429 466 3481 τὸ
495 3427 802 3494 κεφάλαιον,
837 3426 932 3493 τὴν
959 3426 1022 3476 δι’
1046 3425 1322 3493 ὲχιδναίων
1348 3423 1584 3491 σαρκῶν.
1608 3424 1695 3473 Ἑν
1735 3423 1829 3488 μὲν

1554 3520 1608 3569 ὲν
1641 3520 1693 3569 δὲ
1719 3520 1836 3577 ταῖς

293 3614 638 3678 Ἐκκλησίαις
670 3612 860 3679 (χωρὶς
893 3611 947 3662 δὲ
996 3605 1154 3663 αὗται
1185 3610 1295 3678 (91)
1330 3611 1424 3676 τῆς
1483 3613 1836 3677 ἀρχιεττισκο-

277 3523 644 3591 Θεσσαλονίκῃ
677 3520 1039 3587 προσδοκᾶται
1075 3536 1160 3587 μοι
1189 3519 1466 3586 πληρωσις
1487 3533 1500 3546 ⁸

282 3707 440 3774 πῆς),
477 3705 699 3764 κένωσις
723 3718 734 3729 ⁸
763 3703 819 3764 ἐξ
844 3703 1043 3769 ἀμφοῖν
1082 3701 1137 3751 δὲ
1163 3741 1174 3760 ,
1208 3702 1442 3764 πάρεσις
1467 3701 1559 3752 καὶ
1592 3699 1836 3767 παράλυ-

285 3810 391 3854 σις.
422 3795 562 3861 Ἀρα
609 3793 681 3859 μὴ
721 3793 897 3858 μάτην
933 3788 1300 3856 ἐπικαλοῦμαι
1328 3788 1415 3840 τὸν
1447 3789 1577 3856 ἐμὶν
1618 3788 1841 3854 ’Δσκλη-

286 3885 409 3936 πιέιν
441 3885 530 3934 ἐπὶ
565 3881 897 3950 τηλικαύτην
929 3881 1226 3948 ἐνόχλησιν.
1286 3880 1453 3932 Τοῦτο
1499 3879 1617 3947 μὲν,
1651 3880 1710 3930 οὐ
1751 3880 1844 3945 μά-

283 3993 416 4043 την*
448 3977 620 4025 ἐκεῖνο
643 3973 696 4024 δὲ
724 3974 841 4040 ὅρα,
879 3977 950 4041 μή
973 3991 1053 4032 τις
1078 3973 1208 4038 φαίη
1244 3973 1417 4040 μάτην
1456 3989 1522 4040 με
1552 3970 1840 4038 ῥαψῳδεῖν,

285 4066 514 4134 γρίφους
580 4063 864 4117 πλέκοντα.
904 4064 1030 4115 Δέον
1055 4064 1288 4127 ἐξειπεῖν
1313 4063 1409 4131 τὴν
1436 4064 1620 4130 χρείαν
1654 4062 1841 4113 λευκό-

287 4172 441 4222 τερον
467 4171 480 4184 ·
513 4153 666 4204 τοῦτο
695 4153 756 4219 δὴ
787 4153 882 4203 καὶ
908 4153 1137 4218 ποιήσω,
1183 4152 1274 4204 καὶ
1303 4150 1538 4214 μάνθανε
1564 4166 1578 4179 ·
1613 4148 1844 4200 ίὶίκίδιον

289 4247 422 4314 ἡμῖν
457 4244 598 4294 ἔστιν
627 4243 682 4292 ἐν
714 4237 757 4308 ᾧ
793 4241 1218 4309 ὲγκαταλύομεν,
1270 4242 1362 4292 καὶ
1391 4241 1455 4291 τά
1482 4239 1713 4308 χρειῲδη
1755 4239 1842 4288 ὲν-

292 4334 637 4400 αποτίθεμεν.
673 4331 842 4384 Τοῦτο
877 4331 1114 4402 πληροῦν
1169 4329 1504 4398 ἐπιχειροῦσί
1556 4347 1698 4391 τινες
1736 4327 1844 4380 τῶν

293 4423 399 4474 ὑπὸ
444 4422 532 4472 τὸν
587 4420 959 4472 πανσέὅαστον
1011 4419 1274 4488 αὺθὶντην
1304 4419 1480 4487 ἡμῶν.
1536 4419 1750 4484 Ταύτην
1781 4421 1844 4470 σύ

297 4529 387 4581 μοι
439 4511 535 4575 τὴν
585 4510 862 4578 πλήρωσιν
894 4509 1333 4578 προανάστειλον.
1383 4511 1563 4561 Δεινὺν
1619 4510 1745 4578 γὰρ,
1799 4510 1846 4558 εἰ

294 4605 406 4664 τοῖς
464 4602 753 4671 ἡμετέροις
790 4601 962 4653 ἄλλων
994 4602 1491 4669 ἐναποπαυομένων
1668 4602 1850 4652 ὲνανα-

1940 3447 2113 3493 εντιιιι,
2167 3440 2238 3494 et,
2287 3442 2341 3484 ut
2381 3435 2687 3485 summatim
2723 3432 2918 3496 dicam,
2976 3449 3095 3498 qu:e
3130 3449 3191 3484 ex
3245 3434 3492 3486 carnibus

1942 3522 2194 3589 viperinis
2236 3523 2458 3576 conﬂata
2510 3532 2609 3577 est.
2681 3525 2747 3575 At
2795 3539 2921 3576 vero
2961 3523 3353 3578 Thessalonica:
3403 3526 3496 3576 has

1943 3613 2185 3679 py\ides,
2459 3615 2585 3666 milii
2641 3617 2846 3683 impleri
2903 3630 3081 3680 spero,
3135 3618 3186 3668 in
3241 3615 3495 3669 Ei-clesiis

1942 3714 2120 3754 autem
2193 3705 2294 3770 (lia-
2341 3705 2555 3768 quidem
2606 3706 2850 3773 regiones
2903 3705 3142 3774 quaedam
3210 3713 3334 3757 sunt
3371 3746 3384 3765 ,
3443 3717 3496 3755 et

1942 3793 2134 3856 sedes,
2205 3793 2374 3846 nostri
2466 3797 2980 3862 archiepiscopatus)
3059 3794 3261 3848 effundi
3348 3795 3497 3862 peni-

1945 3894 2050 3947 tus,
2114 3893 2165 3936 et
2196 3883 2464 3936 evacuari.
2498 3885 2760 3952 l'trinque
2809 3901 2934 3938 vero
2960 3887 3221 3954 paralysis
3250 3927 3260 3944 ,
3297 3895 3348 3936 et
3377 3899 3499 3936 nei-

1944 3991 2131 4027 vm-um
2200 3975 2445 4029 remissio
2503 3979 2768 4044 quaedam,
2850 3987 2903 4031 et
2950 3979 3149 4031 laxatio
3180 3977 3307 4029 milii
3339 3977 3494 4029 inest.

1933 4050 2207 4132 [Equidem
2264 4068 2374 4133 jam
2422 4081 2526 4119 non
2589 4068 2786 4120 frustra
2860 4083 3037 4122 meum
3086 4067 3495 4135 Escnlapium.

1949 4155 2002 4208 in
2055 4165 2262 4208 tantum
2323 4171 2498 4209 rerum
2554 4161 2839 4211 tumultum
2909 4168 2960 4213 et
3041 4159 3496 4227 perturbationem

1945 4245 2199 4296 evocabo.
2260 4244 2372 4298 Hoc
2417 4246 2558 4299 enim
2615 4263 2718 4298 non
2754 4248 3025 4299 incassum
3060 4249 3181 4300 erit.
3237 4247 3367 4298 Illud
3409 4260 3500 4297 au-

1950 4342 2054 4385 tem
2105 4335 2370 4401 prospice,
2403 4351 2470 4388 ne
2520 4336 2640 4402 quis
2675 4334 2809 4389 forte
2851 4337 3012 4397 dicat,
3041 4353 3124 4390 me
3179 4337 3411 4404 gryplios
3449 4346 3502 4388 et

1949 4425 2233 4492 aanigmata
2263 4433 2556 4488 texentem,
2592 4427 2743 4481 irrita
2778 4429 3026 4480 oratione
3079 4437 3134 4479 et
3175 4427 3498 4480 redundauli

1952 4514 2239 4566 blaterare.
2298 4513 2529 4568 Necesse
2553 4517 2694 4568 enim
2740 4524 2820 4568 est
2857 4518 3206 4585 indigentiam
3249 4515 3503 4569 manifes-

1954 4603 2059 4655 tius
2097 4603 2417 4668 exprimere.
2457 4603 2570 4657 Hoc
2619 4619 2717 4670 ego
2745 4606 2963 4672 quidem
2995 4605 3238 4668 elliciam,
3288 4614 3344 4656 tu
3377 4620 3503 4657 vero

295 4692 546 4762 παυομ.],
572 4693 724 4744 αὐτοὶ
755 4692 924 4763 θύρας
964 4692 1246 4761 ἀλλοτρίας
1277 4694 1742 4761 περινοστοίημεν.
1774 4692 1847 4742 Τὸ
1874 4702 1910 4759 Ῑῖ

1874 4702 1925 4759 Ῑ)
1952 4692 2118 4745 disce.
2157 4692 2397 4746 Parvula:
2453 4695 2608 4747 nobis
2657 4696 2798 4748 aedes
2850 4707 2995 4758 sunt,
3024 4697 3076 4747 in
3116 4695 3315 4762 quibus
3371 4708 3503 4760 pene

295 4785 494 4854 χωρίον
518 4785 572 4835 αἱ
611 4783 946 4850 Ἐκκλησίαι,
970 4785 1017 4834 εί
1044 4786 1117 4852 μὴ
1140 4785 1544 4851 ἀνεπηρέαστον
1571 4783 1758 4850 ὲσθείη
1784 4781 1847 4850 [Γ.

295 4872 463 4942 £228.].
502 4869 560 4923 εὖ
597 4873 708 4923 ἴσθι
747 4872 822 4934 ὼς
859 4871 1246 4941 κενωθήσεται.
1292 4873 1539 4940 Ἐπίσχες
1563 4872 1723 4933 αὑτός
1765 4889 1853 4940 μοι

297 4965 386 5016 καί
423 4964 622 5032 ταύτην
651 4964 748 5033 τὴν
775 4966 1023 5017 κένωσιν.
1082 4964 1141 5015 Ὀ
1167 4964 1223 5014 δὲ
1253 4964 1449 5032 τρόπος
1488 4965 1584 5029 τῆς
1635 4964 1852 5031 ἔπισχὲα

299 5071 460 5113 σεως,
496 5055 657 5123 μήπω
691 5056 787 5121 μὲν
823 5056 1060 5122 περὶτοῦ
1092 5054 1286 5123 χωρίου
1324 5054 1515 5122 μηδὲν,
1573 5055 1704 5121 μήτε
1738 5057 1853 5121 μεῖ-

300 5146 394 5205 ζον
425 5146 560 5213 μήτε
595 5148 743 5209 μεῖον
771 5149 929 5215 ἐρεῖς.
954 5147 1080 5198 Ὅτε
1117 5145 1174 5198 δέ
1213 5163 1290 5197 σοι
1323 5149 1375 5197 ὲν
1404 5146 1482 5214 τῷ
1505 5147 1686 5216 χωρίῳ
1720 5148 1848 5214 ὴμέ-

299 5248 471 5299 τεροι,
495 5231 526 5300 ῆ
553 5231 626 5294 ὼς
675 5231 1026 5301 ἐπηρεασμοῦ
1055 5235 1216 5300 ἐγγὺς
1245 5234 1415 5297 ὅντες,
1448 5235 1480 5302 ἢ
1517 5235 1591 5295 ὡς
1617 5235 1846 5302 ἐπηρεαο

1948 4785 2316 4847 (Ιίμευινίιιιυιι,
2352 4797 2403 4839 et
2429 4803 2545 4855 qua:
2570 4789 2725 4844 nobis
2775 4791 2925 4843 luero
2982 4798 3112 4842 sinit
3175 4799 3229 4841 et
3285 4790 3499 4840 utilitati

1949 4875 2000 4926 in
2034 4876 2140 4927 illis
2171 4887 2362 4930 cuncta
2397 4878 2738 4945 deponimus.
2799 4879 2908 4934 Has
2965 4880 3182 4946 quidam
3225 4895 3286 4932 ex
3312 4894 3504 4947 panse-

1954 4967 2099 5032 basti
2132 4968 2331 5020 domini
2387 4969 2556 5020 nostri
2601 4968 2805 5022 familia
2845 4985 3109 5038 occupare
3169 4980 3220 5022 et
3283 4970 3505 5036 implere

1951 5057 2353 5122 aggrediuntur.
2403 5055 2482 5109 Tu
2523 5059 2737 5125 quidem
2778 5068 2985 5111 tantum
3045 5059 3422 5111 detrimentum
3451 5065 3505 5108 et

1965 5143 2301 5199 invasionem
2333 5147 2478 5214 prius
2504 5148 2714 5200 cohibe.
2751 5145 2884 5199 Nam
2910 5163 3070 5215 grave
3099 5156 3153 5200 et
3182 5145 3378 5197 durum
3403 5152 3503 5205 est,

1954 5235 2020 5296 si,
2057 5236 2181 5286 dum
2217 5237 2269 5288 in
2294 5239 2496 5290 nostris
2520 5239 2725 5294 aedibus
2755 5239 3264 5306 aliiconquiescunt
3311 5248 3364 5292 et
3396 5237 3507 5289 otio

1461 5406 1663 5468 Varia;
1694 5410 1996 5471 lectiones
2041 5421 2098 5473 ct
2143 5421 2327 5473 notae.

376 5529 487 5597 (88)
529 5529 788 5599 Adagium
832 5541 1146 5601 usurpatum
1206 5531 1272 5584 de
1323 5530 1522 5584 rustica
1581 5530 1814 5599 simplici

306 5613 357 5752 ut
375 5619 490 5788 silit:
521 5667 787 5736 Μιικιίρια
816 5669 911 5720 καὶ
938 5670 1006 5723 οὐ
1036 5668 1305 5738 δαίμονα.
1335 5667 1618 5733 Rescribe,
1661 5687 1718 5738 μ.
1762 5671 1852 5723 καὶ

306 5753 436 5788 ,ευοα
465 5755 613 5788 ελοιά.

306 5753 454 5792 suam
463 5755 613 5806 gms.

2035 5539 2141 5603 (00)
2179 5537 2394 5589 llomer.
2429 5534 2620 5603 Odyss.
2653 5549 2704 5588 κ.
2733 5549 2784 5585 v.
2827 5531 2946 5584 405.
2976 5531 3087 5603 Non
3126 5531 3339 5583 Homeri
3364 5539 3511 5600 sunt,

1965 5602 2054 5662 sed
2084 5610 2302 5660 alterius
2335 5602 2623 5671 pertinaci
2649 5602 3056 5671 Throphylarti.

2034 5678 2143 5746 (9])
2179 5664 2356 5744 Χωρὶξ
2379 5675 2444 5727 δὲ
2474 5670 2664 5730 αὗται.
2705 5664 3068 5740 δρτιιιξχῶραι
3102 5667 3155 5720 δὲ
3195 5664 3375 5724 αὗται.
