4240 6440
740 412 849 477 475
1643 416 2213 475 ΤΙΙΕΟΡἾΥΙΔΟΤΞ
2259 418 2381 478 BL"-

2309 418 2381 478 ἷίἷ
2428 420 2558 476 liii?
2582 418 2669 474 μὶ
2732 444 2745 465 ι
2767 417 2935 475 {illiti
2958 420 3065 475 ΕΡ.
3872 412 3977 474 476

757 534 1040 595 fruuntur,
1069 541 1123 585 et
1167 544 1266 584 nos
1294 528 1508 584 alienas
1530 529 1725 598 januas
1748 533 1990 600 cogimur
2016 530 2306 586 circumire
2338 548 2375 591 .5.
2412 533 2431 591 ζ

2303 533 2648 602 >.5.:'5;.i.510t,
2707 533 3184 602 προσελεύσονται,
3243 532 3365 585 τότε
3414 530 3639 602 μηδενὸς
3693 531 3977 598 φείδεσθαι

748 634 804 677 et
834 623 1089 678 inrisere.
1121 621 1243 677 ltzne
1269 632 1447 676 autem
1477 623 1646 692 regio,
1678 639 1798 693 quae
1838 622 2089 675 Ecclesiae
2129 624 2314 687 ειυς-ιο*-
2419 643 2422 691 ;

2306 654 2314 665 ι
2419 625 2556 692 μήτε.
2593 630 2607 687 ;‘
2644 639 2834 689 ματος
2857 622 3001 692 ὑπὲρ
3024 622 3204 690 ἡμῶν,
3222 622 3357 691 μήτε
3392 623 3736 692 πράγματος.
3767 622 3980 693 Εἴρηκα

750 713 920 775 latnr,
980 714 1084 767 nisi
1134 714 1314 780 praeda
1358 723 1411 767 et
1439 714 1686 784 periculo
1752 716 1822 768 sit
1852 715 2130 773 immunis,
2178 725 2315 766 suto
2414 731 2424 755 ι

2305 731 2315 765 ι
2414 730 2498 765 σοι
2524 714 2702 783 τάμα·
2737 712 2825 775 ἰός
2877 729 2964 781 μοι
3018 713 3111 764 καὶ
3136 714 3270 779 πρδς
3305 711 3495 775 ἄλλους
3526 712 3704 778 λέγειν
3758 713 3826 765 τὰ
3887 713 3979 764 ἐπὶ

753 803 976 871 quidem
1019 803 1163 855 illam
1193 802 1352 857 facile
1379 804 1604 859 omnino
1643 803 1842 872 depleri
1898 813 1950 857 et
1980 806 2167 858 everti.
2202 804 2318 873 Ipse
2416 820 2427 838 ’

2310 823 2318 857 ;
2416 808 2627 866 τούτοις
2662 804 2728 854 σὰ
2761 807 2869 854 τὼν
2901 801 3129 855 ἐλπίδων
3153 801 3297 867 ἄξια,
3329 802 3394 859 ἃς
3428 804 3456 856 ὅ
3484 804 3690 856 τάττων
3732 821 3790 856 σε
3823 804 3984 871 λόγος

749 894 889 948 lianc
938 903 996 946 ιιι
1040 892 1291 947 miseram
1339 894 1547 949 cladem
1603 910 1813 948 amove.
1871 893 2059 948 Modus
2109 906 2305 949 autem
2418 892 2423 956 1

2418 887 2642 956 βεϐαίας
2682 891 2737 941 ὲν
2771 889 2895 958 ἐμοὶ
2950 890 3243 957 πήγνυσιν.
3286 890 3344 943 '0
3380 890 3608 959 ἀδελφός
3657 909 3758 961 μου
3812 910 3984 962 προσ·

748 999 857 1051 quo
900 974 1211 1052 expeditius
1240 985 1287 1035 iul
1318 985 1529 1039 eﬂicere
1575 986 1799 1053 poteris.
1837 986 1921 1037 hic
1946 993 2048 1037 est.
2088 981 2309 1052 Nequa-
2420 1008 2422 1026 ι

2420 980 2676 1050 αγορεύει
2712 997 2789 1038 σε,
2845 979 2960 1032 ἀλλ’
2990 980 3054 1031 ὲκ
3092 978 3184 1032 τοῦ
3216 980 3507 1053 Ταινάρου,
3530 983 3597 1036 δι’
3627 976 3689 1035 οὗ
3715 985 3854 1053 πρὸς
3892 984 3983 1035 τὸν

747 1090 909 1143 quam
941 1075 1008 1129 de
1052 1075 1153 1129 hac
1179 1074 1417 1145 regione,
1450 1074 1529 1128 vel
1560 1074 1839 1129 minimum
1867 1074 2021 1144 quid,
2066 1084 2310 1128 aut-ma-

2301 1105 2310 1117 .
2424 1070 2557 1141 ᾅδην
2639 1072 2935 1139 κατάγεται
2969 1111 2983 1132 ,
3050 1075 3117 1142 τῇ
3189 1072 3369 1139 φθίσει
3441 1075 3975 1146 χειραγωγούμενος.

746 1162 840 1234 ius
900 1164 1192 1233 aliquando
1255 1162 1701 1229 dices..Qnando
1745 1173 1923 1218 autem
1987 1166 2177 1229 nostri,
2221 1165 2315 1232 qui

2308 1165 2315 1217 ἱ
2427 1164 2568 1231 Πρὸς
2618 1165 2684 1233 ἣν
2742 1162 3112 1234 χειραγωγίαν
3160 1162 3272 1232 ἐγὼ
3318 1164 3502 1217 θεόθεν
3555 1165 3752 1232 ἐξαιτῶ
3815 1168 3982 1234 πρόσ-

751 1259 867 1310 ιιιιιο
928 1256 1172 1311 habitant
1201 1257 1339 1319 loca,
1391 1256 1507 1311 sive
1535 1257 1662 1326 quia
1719 1256 1958 1324 periculo
2009 1255 2313 1309 imminenti
2422 1270 2635 1322 κομμα.

752 1350 982 1418 proximi
1013 1362 1160 1413 sunt,
1188 1350 1303 1406 sive
1347 1352 1504 1421 quasi
1533 1350 1645 1420 jam
1697 1350 1897 1405 damno
1927 1348 2124 1415 allecti,
2152 1350 2220 1403 ad
2253 1358 2307 1403 te
2337 1350 2594 1405 accedere
2627 1350 2889 1413 nitentur,
2927 1358 3055 1405 tunc
3099 1352 3230 1407 nulli
3286 1352 3362 1407 rei
3424 1364 3605 1422 parce,
3648 1352 3763 1406 sive
3802 1350 3984 1404 verbis

754 1457 854 1510 pro
903 1442 1057 1495 nobis
1098 1442 1348 1509 loquens,
1405 1444 1517 1496 sive
1552 1441 1829 1510 cperibus.
1905 1441 2019 1494 itixi
2085 1441 2305 1510 quidem
2339 1441 2470 1503 tibi,
2525 1456 2647 1509 quae
2707 1440 2865 1494 nobis
2922 1439 3128 1495 instant
3196 1444 3460 1512 pericula,
3511 1453 3565 1499 tu
3616 1444 3817 1514 pariter
3857 1434 3991 1492 mihi

755 1530 1006 1592 Concede,
1059 1539 1117 1583 ut
1185 1531 1252 1584 ad
1304 1531 1439 1584 alios
1501 1531 1683 1584 dicere
1745 1530 1945 1595 possim
2004 1544 2159 1598 opem
2197 1537 2344 1585 tuam
2384 1544 2546 1598 quam
2609 1544 2714 1582 non
2760 1528 2879 1583 sine
2938 1532 3232 1587 securitate
3285 1534 3337 1586 in
3392 1550 3477 1589 me
3510 1535 3746 1604 reponis.
3805 1531 3993 1586 Frater

755 1636 883 1675 vero
927 1637 1078 1676 meus
1118 1634 1170 1676 te
1198 1623 1417 1685 salutat,
1448 1624 1540 1677 sed
1567 1638 1630 1676 ex
1678 1619 1926 1684 Taenaro,
1959 1635 2025 1674 ex
2077 1635 2185 1690 quo
2236 1621 2301 1675 ad
2349 1621 2554 1677 inferos
2607 1620 2692 1676 via
2730 1620 2881 1675 ducit
2936 1622 3071 1691 (92),
3125 1623 3329 1694 pltthisi
3375 1626 3529 1696 quasi
3572 1624 3990 1679 manuducentc.

760 1713 839 1765 Ad
863 1712 1006 1781 quod
1033 1728 1133 1782 ego
1167 1728 1195 1765 a
1231 1711 1340 1767 Deo
1367 1728 1577 1768 smnme
1602 1711 1812 1768 felicem
1847 1726 2161 1768 successum
2221 1728 2481 1783 exposco.

1340 1850 1561 1907 EPIST.
1588 1851 1741 1907 LVll.
2357 1857 2405 1916 B

1736 1892 1741 1906 .
2357 1857 2405 1916 Β
3020 1856 3244 1913 ΕΠΙΣΤ.
3288 1859 3410 1913 ΝΖ’.

1442 1942 1652 1997 Eidem.
3071 1952 3116 2003 Tt

3071 1949 3155 2016 Τῷ
3190 1950 3369 2015 αὐτῷ.

839 2032 1082 2103 lnjurius
1104 2050 1204 2104 ego
1245 2035 1364 2102 tibi,
1397 2042 1449 2088 et
1491 2036 1754 2089 molestus
1814 2043 2036 2090 coactor
2064 2035 2307 2104 videbor,
2497 2039 2513 2090 l

2497 2038 2682 2093 Βίαιον
2727 2039 2839 2108 δγώ
2868 2057 2950 2095 σοι
2982 2043 3169 2112 χρῆμα
3219 2042 3305 2096 ἀεί
3336 2060 3388 2095 τι
3421 2041 3720 2110 λαμϐάνειν
3766 2042 3996 2095 δικαιῶν

761 2126 808 2177 si
834 2140 1048 2193 semper
1078 2141 1106 2178 a
1137 2135 1188 2181 te
1218 2124 1420 2196 aliquid
1453 2126 1695 2194 accipere
1730 2140 2017 2194 praesumo.
2052 2126 2316 2184 Hesterna
2429 2150 2435 2165 ι

2429 2128 2583 2199 παρᾶ
2608 2131 2726 2184 σοῦ.
2760 2131 2902 2196 Χθὲς
2933 2132 3067 2200 γοῦν
3097 2134 3328 2203 αἰτήσας
3362 2133 3461 2203 τὴν
3488 2133 3621 2202 πρὸς
3652 2136 3778 2194 τοίς
3806 2134 3992 2186 αὐτόθι

762 2218 849 2270 die
888 2233 1037 2282 vero,
1081 2218 1358 2273 sodalibus
1392 2217 1617 2279 nostris,
1667 2218 1760 2286 qui
1815 2218 1884 2270 ibi
1928 2226 2056 2272 sunt
2113 2229 2171 2274 ut
2220 2222 2324 2275 ali-
2430 2239 2436 2251 ε

2319 2251 2324 2264 ι
2430 2222 2733 2292 ἡμετέρους
2765 2225 3135 2295 χρηστότητα,
3181 2225 3276 2279 καὶ
3312 2225 3495 2293 μέντοι
3548 2226 3641 2278 καὶ
3674 2223 3855 2276 λαϐὼν
3912 2226 3993 2292 (ού

766 2308 910 2374 quod
935 2308 1266 2364 concederes
1304 2309 1672 2373 commodum,
1705 2310 1898 2365 sedulo
1929 2311 2236 2380 eﬂlagitavi,
2273 2322 2327 2366 et
2429 2330 2440 2345 ·

2317 2322 2327 2366 ι
2429 2315 2536 2384 γὰρ
2562 2313 2702 2367 κατὰ
2734 2313 2949 2383 πετρῶν
2975 2315 3085 2384 ἐγὼ
3142 2316 3386 2385 σπείρειν
3416 2314 3663 2384 ἔμαθον),
3700 2310 3859 2376 αὖθις
3908 2317 3991 2367 ἐν·

764 2396 981 2466 quidem
1036 2407 1319 2453 assecutus
1375 2399 1470 2450 fui.
1503 2397 1618 2451 Non
1649 2400 1793 2453 enim
1820 2415 1985 2469 super
2033 2410 2211 2471 petras
2245 2419 2329 2458 se-
2430 2423 2438 2451 ι

2319 2434 2329 2446 -
2430 2404 2571 2473 ολλῶ
2595 2421 2687 2457 σου
2720 2408 2787 2475 τῇ
2836 2405 3045 2477 ἀρούρῃ
3096 2408 3163 2477 τῇ
3195 2405 3509 2474 ἐριϐώλακι,
3536 2406 3631 2458 καὶ
3672 2405 3993 2459 καταϐάλλω

770 2488 913 2540 mina
941 2486 1136 2542 edidici
1205 2500 1479 2555 spargere.
1528 2489 1594 2539 At
1642 2502 1828 2542 rursus
1867 2488 1975 2542 tuis
2006 2492 2173 2554 arvis,
2205 2491 2327 2560 piu-
2431 2495 2444 2545 1

2318 2520 2327 2533 -
2431 2494 2587 2562 λόγον
2645 2497 2933 2566 αίτήσεως.
2979 2498 3042 2550 Ἠ
3100 2498 3144 2551 δ’
3197 2497 3332 2560 ἔστι,
3368 2497 3476 2550 τῶν
3535 2514 3587 2550 τι
3639 2497 3879 2550 Γαλείων
3914 2497 3992 2563 βι-

772 2578 967 2648 gaibus
998 2578 1158 2631 aliam
1184 2577 1564 2647 postulationis
1593 2592 1813 2631 causam
1835 2586 1887 2633 et
1918 2579 2180 2633 rationem
2210 2596 2331 2649 pro-
2434 2590 2446 2637 ι

2321 2611 2331 2622 ·
2434 2586 2599 2640 ϐλιων
2648 2588 2758 2658 (95)
2789 2587 3090 2659 χρησθῆναι
3117 2590 3267 2659 ἡμίν,
3310 2589 3370 2642 ού
3420 2587 3670 2642 τοσοῦτον
3690 2591 3770 2651 εἰς
3800 2589 3995 2657 πρᾶξιν

772 2672 909 2721 tero.
940 2666 1064 2721 Haec
1101 2668 1321 2736 quidem
1350 2675 1455 2730 est,
1487 2678 1545 2721 ιιι
1570 2668 1736 2722 libros
1761 2667 1948 2722 Caleni
1997 2670 2155 2725 nobis
2179 2686 2331 2725 enm-
2440 2679 2446 2731 i

2320 2701 2331 2713 -
2440 2679 2692 2748 ἰατρικὴν
2723 2681 3165 2749 συμϐαλλόμενον
3229 2682 3307 2747 (οὐ
3334 2679 3440 2748 γὰρ
3483 2680 3683 2745 ὡραῖος
3735 2681 3846 2748 ἐγὼ
3875 2682 3994 2742 ταῖς

772 2758 977 2810 tundari
1004 2759 1304 2825 permittas,
1338 2773 1437 2812 nec
1470 2759 1591 2823 hoc,
1611 2760 1664 2812 in
1691 2774 1829 2828 Opus
1859 2762 2148 2823 medicum,
2173 2763 2330 2829 quasi
2437 2786 2446 2801 ·

2321 2763 2330 2816 i
2437 2769 2548 2822 τῶν
2571 2769 2750 2840 ἔργων
2770 2771 2871 2840 τῆς
2899 2772 3094 2841 τέχνης
3152 2770 3499 2841 μαθησεσιν),
3527 2773 3649 2824 ὅσον
3686 2773 3767 2834 είς
3794 2771 3995 2838 δογμά-

772 2848 941 2900 feaori
965 2849 1313 2901 commissum
1344 2864 1598 2918 exposco.
1634 2848 1767 2904 Nam
1803 2867 1912 2905 non
1941 2868 2039 2919 ego
2075 2856 2139 2906 ad
2170 2869 2333 2921 opera
2435 2878 2446 2906 ε

2323 2873 2333 2908 ι
2435 2877 2544 2913 των
2573 2860 2879 2930 ἐπιστήμην
2911 2861 3008 2915 καὶ
3040 2859 3322 2930 τέχνωσιν.
3357 2860 3483 2914 Είτε
3509 2860 3687 2915 τοίνυν
3710 2860 3997 2928 μονόϐ.ϐλά

772 2939 934 3006 Imjus
976 2940 1108 2993 artis
1161 2939 1422 3006 integram
1470 2955 1590 2994 sum
1667 2952 1858 2997 nactus
1923 2944 2331 3012 cognitionem,
2441 2975 2446 2994 ι

2324 2984 2331 3005 ι
2441 2968 2525 3004 σοι
2560 2954 2731 3020 παρῇ.
2762 2954 2869 3005 εἴτε
2903 2950 3656 3021 ἐξηγήσειςῚπποκρατείων,
3692 2950 3801 3003 ἴσθι
3827 2950 3998 3005 ταῦτά

770 3039 1034 3099 quantunt
1068 3032 1134 3084 ad
1164 3031 1284 3100 ejus
1312 3031 1621 3103 dogmatum
1644 3033 1927 3088 scientiam
1960 3045 2012 3089 et
2043 3036 2331 3090 artificium
2440 3064 2444 3087 ι

2325 3054 2331 3089 ι
2440 3058 2523 3094 σοι
2555 3040 2914 3111 βουλομένους
2934 3043 3080 3111 ἡμᾶς
3116 3042 3508 3111 καρπίσασθαι.
3530 3042 3716 3104 Ὅπως
3745 3037 3837 3095 οὖν
3862 3042 3999 3110 μήτε

774 3138 913 3187 opus
938 3131 1041 3176 est.
1082 3120 1207 3176 Sive
1231 3123 1393 3192 igitur
1425 3123 1522 3177 hos
1548 3125 1734 3179 codice
1769 3125 1951 3187 habes,
1981 3128 2094 3181 sive
2127 3143 2244 3194 qua:
2276 3129 2330 3181 in
2364 3188 2401 3202 Α
2440 3150 2448 3183 τ

2325 3148 2330 3181 ι
2364 3188 2401 3202 Α
2440 3133 2641 3200 πτηνόν
2685 3150 2740 3185 τι
2786 3134 2875 3185 καὶ
2915 3133 3198 3202 ὑπέρωρον
3226 3134 3500 3201 φρόνημα.
3535 3136 3669 3202 μήτε
3697 3133 3869 3200 πέτρα
3908 3132 3999 3182 καὶ

777 3212 1154 3283 Hippocratem
1172 3188 1558 3268 connnentaria
1587 3215 1834 3284 scripsit,
1866 3216 2027 3285 695
2049 3218 2187 3270 scito
2221 3219 2332 3272 haec
2359 3188 2401 3243 ε
2437 3238 2451 3274 ι

2326 3237 2332 3271 :
2359 3188 2401 3243 ε
2437 3188 2734 3292 σκληρότης
2760 3221 2934 3290 ψυχῆς
2994 3188 3366 3289 ἀιδυσώπητος,
3386 3188 3554 3291 ’βίτῖ
3583 3188 3814 3275 άκανθαί
3866 3235 4000 3286 προ-

775 3319 876 3359 nos
934 3319 963 3356 a
1019 3314 1071 3359 te
1100 3306 1361 3368 studiose,
1404 3305 1559 3374 quasi
1594 3307 1911 3361 utilissimos
1957 3307 2339 3371 lrnctus,vellc
2434 3330 2449 3379 ς

2323 3325 2339 3364 3
2434 3313 2675 3381 φάσεων,
2722 3315 2820 3377 τὰς
2866 3313 2973 3365 τῶν
3022 3313 3287 3382 τεχνικῶν
3322 3312 3495 3382 ἔργων
3527 3312 3813 3383 φροντίδας
3846 3310 3933 3379 ἐφ’
3965 3310 3997 3363 ἃ

782 3397 1059 3463 colligere.
1125 3397 1188 3452 Ut
1217 3399 1414 3467 quippe
1449 3412 1623 3467 neque
1670 3399 1919 3454 sublimis
1951 3401 2129 3469 aliqua
2167 3408 2216 3454 at
2246 3415 2341 3453 νο·
2436 3418 2456 3454 σι

2325 3429 2341 3440 -
2436 3403 2549 3455 τῶν
2585 3403 2806 3473 βιϐλίων
2863 3403 3320 3472 προϐαλλόμεναι,
3368 3404 3457 3456 τὸν
3493 3405 3584 3457 ἐπὶ
3616 3404 3693 3472 τῷ
3726 3405 3999 3472 σπέρματι

776 3488 944 3542 lucris
978 3489 1254 3557 cogitatio,
1280 3490 1720 3557 m-que'quanlam
1760 3491 1895 3544 dura
1927 3500 2132 3557 cantes,
2171 3509 2343 3560 neque
2438 3509 2450 3543 ι

2321 3510 2343 3547 e
2438 3493 2598 3545 πόνον
2625 3495 2757 3560 ἡμῖν
2788 3493 3192 3562 ματαιώσωσιν.
3238 3492 3397 3545 Ἀλλά
3425 3510 3513 3562 μοι
3552 3492 3995 3563 καρποφόρησον,

780 3579 1094 3641 immobilis,
1138 3587 1226 3631 aut
1257 3578 1511 3633 inllexilis
1539 3582 1762 3648 spiritus
1785 3583 2082 3649 pervicacia
2110 3591 2163 3636 et
2190 3598 2345 3651 aspc-
2440 3586 2454 3636 1

2326 3613 2345 3624 -
2440 3585 2472 3651 ἠ
2501 3584 2678 3651 ἀγαθὴ
2710 3586 2804 3652 γῆ,
2852 3587 2909 3636 ὲν
2956 3586 3251 3654 τριάκοντα
3285 3585 3376 3637 καὶ
3409 3585 3670 3653 ἑξήκοντα
3693 3600 3706 3613 ο
3746 3585 3793 3635 εἰ
3820 3583 3877 3635 δὲ
3904 3582 4000 3650 τὴν

777 3672 933 3731 ritas,
974 3684 1147 3737 neque
1179 3669 1372 3737 aliqum
1410 3670 1606 3738 objecti
1652 3681 1942 3738 prietextus
1969 3673 2157 3739 spinae.
2190 3673 2335 3741 ipsas
2434 3691 2451 3725 π

2325 3691 2335 3727 i
2434 3674 2562 3744 περὶ
2627 3674 2736 3726 τῶν
2799 3675 3191 3745 Ἱπποκράτους
3243 3677 3336 3729 καὶ
3380 3676 3663 3737 Πλάτωνος
3717 3673 3999 3742 δογμάτων

778 3760 1197 3814 artiliciosorum
1243 3776 1464 3829 operum
1517 3776 1699 3823 curas,
1757 3764 1809 3815 in
1865 3763 2124 3815 librorum
2178 3766 2340 3817 intcr-
2432 3780 2452 3814 τ

2326 3791 2340 3803 -
2432 3764 2821 3833 πραγματείαν
2852 3762 3159 3833 δεξοίμεθα,
3208 3765 3298 3817 καὶ
3348 3766 3428 3828 είς
3472 3764 3668 3818 ἑκατόν
3701 3781 3758 3817 σε
3790 3780 4000 3833 καρπο-

781 3858 1119 3917 pretamenta
1171 3851 1501 3914 eminentes,
1530 3850 1769 3905 laborem
1802 3868 1961 3920 quem
2013 3853 2065 3905 in
2102 3853 2216 3921 ipsa
2250 3868 2339 3907 se-
2433 3873 2455 3922 ς

2322 3882 2339 3894 -
2433 3856 2747 3923 φορήσαντα
2778 3854 3034 3923 θήσομεν.
3075 3857 3133 3908 '0
3154 3856 3210 3908 δὲ
3240 3856 3328 3908 τὸν
3358 3857 3567 3926 καρπόν
3602 3872 3702 3924 μου
3733 3854 3996 3923 κομίσων,

782 3939 1163 4004 minacontuli,
1189 3940 1347 3993 nobis
1365 3939 1709 4005 IruSIrentur,
1731 3943 2051 4011 irritumqne
2072 3956 2124 3996 et
2146 3958 2337 3997 vanum
2437 3963 2456 3997 σι

2327 3964 2337 3994 ι
2437 3944 2587 4012 παρὰ
2614 3943 2708 3997 τού
2740 3943 3026 4011 παγκάλου
3053 3946 3361 4015 Σμυρναίου
3393 3948 3461 4014 τῇ
3509 3945 3696 4016 ἀγάπῃ
3755 3962 3847 3997 σου
3906 3962 3998 3996 συ-

780 4026 1033 4081 reddant.
1065 4026 1168 4083 Sed
1195 4030 1328 4098 jam,
1357 4038 1412 4084 ut
1433 4031 1633 4097 Optima
1688 4039 1743 4085 et
1787 4034 2009 4087 subacta
2060 4046 2224 4095 terra,
2285 4034 2337 4086 in
2438 4051 2454 4087 c

2328 4044 2337 4080 I
2438 4034 2788 4102 σταθήσεται.
2824 4034 2931 4087 Ἦν
2961 4034 3057 4087 καὶ
3093 4036 3120 4087 ὀ
3155 4034 3256 4102 τῆς
3299 4034 3650 4103 αὐτοαγάπης
3686 4032 3871 4103 Πατὴρ
3908 4050 4002 4101 τη·

784 4118 1118 4188 trigesimum
1186 4128 1240 4174 et
1309 4124 1699 4191 sexagesimum
1741 4123 2103 4178 miliilructus
2127 4127 2332 4179 emitte.
2445 4143 2458 4194 ι

1741 4123 1873 4177 mihi
1897 4123 2103 4178 {ructus
2127 4127 2332 4179 emitte.
2445 4126 2564 4195 ροίη
2595 4123 2779 4178 άδολόν
2805 4140 2863 4175 τε
2892 4126 2985 4176 καὶ
3013 4124 3408 4193 ὰκαπήλευτον.

781 4214 836 4265 Si
869 4220 1045 4265 autem
1067 4212 1307 4265 sedulam
1338 4213 1503 4265 animi
1542 4226 1728 4277 curam
1758 4222 1814 4268 et
1843 4213 2083 4267 studium
2131 4215 2187 4269 in
2250 4202 2598 4285 Hippocratis
2643 4225 2696 4270 et
2759 4214 3001 4270 Platonis
3067 4215 3316 4285 dogmata
3371 4216 3791 4283 susCeperimus,
3838 4214 3999 4266 etiam

784 4308 837 4360 ia
904 4304 1258 4358 centesimum
1307 4313 1357 4358 te
1397 4303 1607 4360 fructus
1666 4306 1951 4360 allaturum
2026 4308 2293 4363 volumus.
2352 4308 2455 4373 Qui
2505 4314 2684 4362 autem
2723 4307 2955 4362 fructum
3011 4321 3189 4360 meum
3228 4306 3296 4359 ad
3359 4316 3409 4361 te
3438 4303 3627 4368 defert,
3678 4304 3744 4357 ab
3768 4304 3973 4357 ornatis

784 4400 922 4453 simu
958 4397 1236 4469 Smyrnae
1271 4405 1376 4450 ture
1427 4399 1701 4453 dilectioni
1757 4399 1907 4452 illum
1959 4403 2115 4455 sistet
2184 4401 2332 4473 (94);
2392 4415 2554 4471 quam
2588 4409 2640 4455 et
2685 4401 2854 4470 ipsius
2896 4398 3201 4456 dilectionis
3234 4407 3385 4468 pater
3421 4409 3475 4455 et
3506 4396 3808 4463 cbaritatis,
3842 4396 4001 4449 mtllzs

786 4490 1096 4559 imp-licitam
1118 4491 1280 4553 dolis,
1309 4496 1402 4546 sed
1430 4492 1695 4545 sinceram
1739 4508 1953 4562 semper
1981 4508 2279 4550 conservet.

1336 4625 1549 4682 EPIST.
1601 4627 1783 4684 LVIII.
2384 4640 2426 4693 D

1749 4628 1783 4684 Ι.
2384 4640 2426 4693 D
3032 4633 3254 4687 ΕΠΙΣΤ.
3295 4629 3423 4685 NH'.

1344 4738 1473 4792 Curi
1525 4743 1783 4810 episcopo.

1705 4760 1783 4805 po.
3034 4744 3117 4809 Τῷ
3146 4746 3379 4812 Κίτρου.

855 4851 932 4905 Ita
960 4853 1089 4905 mihi
1117 4855 1319 4922 optime
1368 4858 1639 4924 prospice,
1684 4858 2025 4913 Sanctissmie
2083 4868 2227 4916 rater
2290 4870 2343 4916 et
2512 4862 2529 4910 ί

2324 4870 2343 4915 ι
2512 4859 2669 4911 Οὕτω
2702 4877 2790 4928 μοι
2822 4858 3141 4927 κρειττόνως
3196 4857 3385 4908 σύνετε
3520 4853 3723 4925 σύνες],
3779 4857 3998 4921 πανίερε

783 4944 1020 5007 domine,
1050 4953 1104 4999 et
1139 4947 1272 4999 nihil
1302 4947 1428 5001 mihi
1461 4962 1606 5002 cura!
1660 4958 1821 5003 erunt
1852 4952 2035 5018 palea,
2067 4953 2155 5021 qui
2198 4954 2342 5008 ιιίιί-
2441 4950 2457 5000 ε

2321 4984 2342 4993 ο
2441 4948 2635 5016 ἁδελφὲ
2668 4948 2765 4999 καὶ
2793 4948 3047 5009 δέσποτα,
3084 4945 3176 4999 καὶ
3205 4946 3263 4998 οὑ
3301 4944 3523 5014 μελήσει
3555 4960 3642 5013 μοι
3672 4941 3765 4996 τοῦ
3791 4942 3995 5011 ἀκύρου

786 5050 910 5087 cum
951 5037 1166 5103 quidem
1195 5037 1385 5092 habeo.
1426 5038 1547 5093 llaec
1578 5039 1722 5094 enim
1756 5041 1903 5096 ltisce
1936 5043 1989 5096 in
2015 5044 2148 5099 locis
2184 5060 2339 5097 nian-
2441 5056 2460 5090 1

2318 5076 2339 5087 -
2441 5038 2531 5090 τὸν
2584 5039 2729 5090 σῖτον
2773 5038 2971 5105 ἔχοντι.
3008 5037 3070 5088 'lI
3099 5036 3156 5087 δὲ
3187 5034 3423 5091 ἐνταῦθα
3461 5033 3692 5102 ἐπιμονὴ
3728 5032 3865 5093 τέως
3900 5034 3992 5099 μὲν.

788 5125 875 5177 sio
906 5124 1119 5179 interim
1152 5128 1279 5180 milii
1307 5129 1460 5193 bene,
1492 5141 1546 5183 et
1574 5131 1725 5199 juxta
1757 5134 1982 5188 rationis
2024 5134 2171 5203 leges
2197 5137 2348 5190 vide-
2444 5131 2462 5179 ἐ

2321 5165 2348 5177 ..
2444 5130 2616 5181 ἐδόκει
2677 5128 2846 5196 κάμοὶ
2876 5126 2934 5179 εὖ
2990 5143 3050 5179 τε
3082 5125 3347 5179 καὶκατὰ
3403 5125 3560 5189 λόγον
3592 5121 3995 5193 ᾠκονομῆσθαι.

790 5216 949 5268 batur
980 5215 1369 5272 administrari.
1398 5218 1688 5291 lnsurgunt
1728 5225 1927 5278 etenim
1964 5226 2124 5280 modo
2161 5227 2341 5280 miseri
2440 5216 2464 5240 τ

2322 5229 2341 5280 ηῑ
2440 5216 2623 5272 Ἶισαν
2654 5218 2840 5288 δὲνᾶρα
2865 5218 3028 5270 δειλοὶ
3056 5217 3163 5269 τῶν
3197 5215 3500 5284 ἀνθρώπων
3529 5216 3577 5266 οἱ
3604 5212 3878 5281 λογισμοὶ,
3902 5212 3996 5263 καὶ

784 5301 1025 5368 quidam,
1065 5312 1120 5356 et
1158 5303 1403 5358 iuiclices
1432 5298 1708 5359 hominum
1749 5323 1944 5362 sensus
1969 5319 2021 5363 et
2051 5311 2342 5380 cogitati»-
2449 5310 2458 5379 ι

2326 5342 2342 5350 -
2449 5309 2658 5379 βέλτιον
2683 5305 2750 5378 ἦν
2778 5310 2901 5375 ἐμοὶ
2930 5308 3065 5376 πρὸς
3086 5306 3183 5375 τὴν
3216 5306 3367 5357 πόλιν
3395 5304 3743 5374 ἀναδραμεῖν,
3772 5302 3996 5352 κάκεῖσε

788 5410 901 5456 ιιης,
958 5404 1011 5451 et
1069 5396 1203 5449 mihi
1254 5398 1444 5451 melius
1506 5408 1620 5452 erat
1679 5401 1865 5454 urbem
1925 5401 2095 5465 adire,
2150 5410 2205 5455 et
2273 5402 2343 5455 ibi
2444 5418 2462 5451 ι

2331 5403 2343 5454 i
2444 5400 2645 5469 τούμὸν
2676 5400 2734 5451 τὸ
2763 5400 2922 5466 σῶμα
2950 5397 3239 5467 θεραπείας
3291 5394 3540 5458 ἀξιῶσαι,
3604 5392 3697 5445 καὶ
3743 5391 3865 5453 τοὺς
3906 5391 4001 5441 σὺν

1956 5579 2158 5641 Varias
2205 5579 2505 5640 lectiones
2550 5586 2611 5640 et
2656 5584 2843 5639 uotae.

803 5739 965 5861 "(‘22)
997 5740 1070 5797 Et
1104 5740 1330 5796 Τιυιιιιιο
1363 5741 1445 5795 via
1483 5739 1548 5795 ad
1570 5740 1769 5798 inferos
1798 5741 2022 5799 credita.
2069 5740 2323 5812 Pompon.

795 5834 804 5860 t
851 5839 861 5861 t
900 5826 950 5864 a.

2156 5759 2323 5812 mpon.
2505 5739 2615 5803 (95)
2652 5739 2918 5790 Γιι.1ει’ων
2938 5736 3205 5800 βιϐλίων.
3239 5735 3414 5791 Scrib.
3444 5735 3743 5804 Γαληνείων
3781 5732 3830 5803 β.

2511 5810 2616 5877 (οι)
2648 5807 2729 5862 Cf.
2772 5807 2940 5876 Epist.
2976 5806 3062 5859 rm.
