4240 6440
834 369 939 433 479
1744 380 2327 443 THEOPHYLACTI
2354 385 2761 447 BULGARI/E
2801 390 3152 453 AItCHIEP.
3933 396 4045 455 4ςο

833 482 1104 534 lio:.iinein
1149 483 1330 549 aliquo
1379 486 1630 553 prosequi
1675 487 1936 542 beneficio
1973 493 2173 558 possis,
2213 494 2388 548 lmnor
2416 502 2460 560 Α
2493 497 2507 563 ε

2416 502 2460 560 Α
2493 496 2815 565 βουλόμενος
2849 501 3084 567 τάγαθὰ,
3118 503 3216 570 τὴν
3249 501 3485 570 δύναμιν
3518 503 3616 556 οὐκ
3647 502 3789 572 ἔχεις
3816 504 3892 575 τῳ
3940 506 4066 573 βου-

827 579 880 622 ct
917 572 1085 638 gloria
1118 573 1185 623 sit
1213 573 1286 624 illi
1320 575 1413 640 qui
1449 575 1547 627 hoc
1575 576 1668 628 tibi
1695 591 1854 644 posse
1879 581 2127 633 concedit
2157 600 2168 634 :
2199 584 2242 635 si
2278 599 2376 638 au-
2487 586 2501 633 2

1367 575 1413 625 ni
1449 575 1547 627 hoc
1575 576 1668 628 tibi
1695 591 1854 644 posse
1879 581 2127 633 concedit
2157 600 2168 634 :
2199 584 2242 635 si
2278 599 2376 638 au-
2487 586 2691 654 λήματι
2721 590 3041 660 σύνδρομον.

826 672 933 713 tem
963 663 1107 714 nulla
1137 670 1241 725 est,
1290 663 1417 716 item
1466 674 1519 718 et
1547 665 1621 718 illi
1645 667 1812 736 gloria
1847 669 1936 722 sil.
1989 670 2055 722 At
2087 672 2138 723 in
2192 682 2244 726 te
2269 676 2458 729 saltem
2516 680 2664 732 nulla
2735 695 2899 736 causa
2954 682 3115 749 liuius
3179 683 3303 747 erit,
3390 686 3480 754 qui
3536 685 3788 741 omnibus
3843 702 4064 756 semper

827 757 966 810 bona
989 755 1166 825 cupis,
1193 757 1288 811 scd
1326 757 1636 812 facultatem
1687 769 1790 815 tua:
1817 763 2078 818 voluntati
2111 777 2254 823 certe
2286 769 2558 840 disparem
2596 774 2783 829 babes.

1415 869 1636 927 EPIST.
1675 873 1784 929 LX.

1770 916 1784 929 .
3097 897 3323 950 ΕΠΙΣΤ.
3365 897 3436 951 Ξ’.

892 1050 1011 1114 Quo
1041 1051 1115 1105 sis
1166 1052 1220 1104 in
1250 1059 1394 1107 statu
1443 1057 1585 1110 scire
1623 1060 1894 1127 cupimus,
1931 1062 2299 1121 illustrissime
2327 1069 2382 1122 in
2562 1072 2566 1122 ἲ

2562 1071 2841 1140 Ποθοῦμεν
2883 1074 3073 1142 μαθεῖν
3123 1075 3198 1139 ὡς
3242 1077 3415 1147 ἔχετε,
3477 1079 3841 1151 ὑπέρλαμπρέ
3879 1101 3968 1151 μοι
4002 1085 4064 1134 ὲν

826 1137 1054 1191 Domino
1085 1138 1156 1191 liii
1193 1158 1206 1196 :
1240 1157 1347 1194 non
1379 1143 1501 1211 quia
1524 1145 1694 1200 'nobis
1730 1163 1894 1202 suave
1926 1151 1996 1204 sit
2027 1150 2265 1206 futurum
2293 1158 2393 1212 hoc
2492 1162 2500 1213 l

2381 1176 2393 1212 :
2492 1162 2681 1232 Κυρίῳ
2708 1137 2790 1216 υῖέ
2815 1181 2828 1195 ⁸
2863 1137 2958 1234 οὐχ
2985 1166 3058 1229 ὠς
3093 1137 3456 1238 ήσθησόμενοι
3486 1137 3704 1224 διὰ-τού
3737 1137 3931 1242 μαθεῖν
3957 1176 4055 1244 (οἵα

825 1239 1033 1283 tantum
1072 1235 1232 1286 scire.
1267 1232 1527 1291 Novimus
1560 1239 1702 1292 enim
1729 1240 1780 1294 id
1821 1243 1974 1297 vobis
2008 1245 2145 1300 bene
2172 1251 2396 1318 cupicn-
2493 1259 2499 1300 l

2387 1283 2396 1290 -
2493 1254 2662 1322 δίιμεν
2697 1257 2803 1324 γὰρ
2840 1232 3253 1324 ὼς-εύθελῆτως
3280 1232 3428 1315 ⁸’καὶ
3484 1263 3536 1315 τί
3600 1267 3711 1333 γὰρ
3737 1232 3829 1318 ὀύ
3877 1232 4061 1329 καλῶς

825 1329 924 1380 tes,
960 1336 1060 1375 nec
1102 1323 1220 1376 sine
1249 1338 1447 1392 causa;
1471 1342 1575 1380 non
1615 1344 1802 1394 parum
1834 1335 1977 1386 enim
2013 1335 2126 1402 ipse
2159 1338 2394 1407 lugerem
2495 1347 2499 1394 .'

2385 1357 2394 1392 I
2495 1347 2705 1412 ἔχουσιν
2730 1323 2789 1411 ;),
2818 1349 2929 1399 ἀλλ’
2949 1349 3022 1411 ὠς
3040 1350 3480 1421 λυπηθησόμενοι
3506 1323 3896 1426 μετριώτερον,
3923 1358 3974 1408 εἴ

823 1425 1003 1464 rerum
1027 1429 1268 1468 mearum
1297 1428 1500 1471 statum
1537 1420 1844 1475 adversum.
1869 1425 1936 1476 At
1968 1427 2012 1477 si
2045 1429 2157 1495 ipse
2184 1440 2397 1483 nostra-

2389 1461 2397 1469 -
2497 1437 2605 1488 τῶν
2638 1439 2767 1505 ἡμῖν
2814 1420 3350 1509 ὑπολαμϐανομένων
3389 1420 3571 1512 ἔχουσι
3607 1420 3966 1516 μετριώτερα.
4001 1449 4063 1498 EI

823 1516 941 1553 rum
969 1517 1150 1556 rerum
1192 1516 1390 1559 statum
1425 1523 1748 1576 pernoscere
1764 1524 1942 1581 optas,
1971 1525 2092 1572 tnas
2115 1520 2286 1586 ipsius
2314 1537 2398 1576 res

2389 1540 2398 1575 ἰ
2497 1526 2552 1578 δὲ
2583 1527 2674 1578 καὶ
2723 1528 2884 1590 αὐτὸς
2917 1530 3101 1592 ποθεῖς
3137 1532 3330 1599 μαθεῖν
3362 1532 3425 1584 τὰ
3455 1535 3721 1603 ἡμέτερα,
3751 1537 3951 1587 κανόνα
3984 1554 4063 1588 σοι

821 1593 918 1644 t’bi
948 1594 1000 1646 in
1027 1610 1287 1648 canoncm
1322 1608 1375 1650 et
1404 1600 1644 1662 regulam
1680 1617 1997 1670 proponam,
2033 1609 2082 1659 in
2116 1627 2250 1677 quas
2270 1627 2393 1664 cum

2387 1632 2393 1664 l
2496 1618 2652 1670 δώσω
2680 1619 2746 1670 τὰ
2778 1619 2866 1680 σὰ,
2903 1622 3038 1688 πρὸς
3058 1621 3091 1674 ἃ
3117 1593 3351 1689 βλέπων,
3385 1593 3804 1694 οὐκ-ἀγνοήσεις
3834 1629 3909 1687 ὼς
3939 1627 4061 1695 ἔχο-

824 1685 1142 1748 intnebcris,
1197 1685 1357 1752 forte,
1405 1693 1678 1756 quomodo
1741 1708 1838 1746 nos
1898 1697 2216 1763 habeamus,
2284 1719 2386 1756 non

2385 1732 2386 1751 ι
2500 1724 2616 1773 μεν.
2649 1709 2710 1759 El
2741 1710 2837 1776 μὲν
2864 1685 2972 1778 γὰρ
3004 1713 3060 1760 ὲν
3099 1685 3281 1780 μέσοις
3333 1713 3502 1766 ταῦτα.
3536 1685 3747 1778 κακοῖς,
3782 1685 3839 1769 εν
3869 1685 4059 1786 ἄκροις

820 1773 1116 1839 ἰδηοιτιὺίε.
1175 1776 1230 1828 Si
1261 1780 1402 1830 enim
1428 1787 1516 1831 tua
1555 1780 1606 1832 in
1647 1784 1834 1838 mediis
1866 1796 2152 1840 versantur
2205 1791 2384 1852 malis,

2497 1773 2833 1862 γίνωσκε-τὰ
2865 1773 3126 1869 ἡμέτερα.
3157 1804 3218 1854 Ei
3239 1804 3292 1854 δὲ
3319 1805 3413 1856 καὶ
3435 1806 3501 1857 τὰ
3536 1808 3603 1857 σὰ
3625 1773 4059 1875 τὴν-ἀκρώρειαν

820 1865 982 1915 etiam
1047 1876 1234 1919 nostra
1295 1869 1348 1920 in
1397 1885 1649 1938 supremo
1701 1875 1964 1928 malorum
2001 1876 2219 1947 fastigio
2271 1895 2466 1950 esseB

2383 1900 2390 1935 ξ
2420 1895 2466 1950 Β
2497 1887 2850 1957 ἑδυστύχησε,
2885 1865 2951 1942 τὰ
2980 1865 3101 1943 καθ’
3137 1895 3281 1961 ἡμᾶς
3308 1895 3415 1946 ῐσθι
3443 1897 3655 1965 οὐρανῷ
3678 1865 3834 1963 ’κάρη
3867 1865 4057 1966 στηρί-

820 1957 1081 2009 collocata
1117 1959 1448 2026 cognoscito.
1485 1960 1540 2013 Si
1579 1977 1704 2016 vero
1733 1967 1894 2018 etiam
1936 1977 2025 2020 tua
2055 1985 2264 2025 summo
2301 1973 2385 2024 in-

2382 2001 2385 2012 ι
2500 1978 2679 2039 ζοντα.
2743 1980 2902 2032 Ἀλλά
2964 1957 3363 2050 βούλει-δώσω
3435 1957 3671 2051 κανόνας
3739 1957 3875 2039 ’Ῠᾶτδ
3935 1957 4056 2049 ταῖς

821 2048 1046 2098 fortunii
1090 2050 1288 2102 vertice
1318 2061 1604 2104 versantur
1627 2094 1640 2117 ,
1675 2055 1812 2108 scito
1862 2059 2077 2124 quidem
2113 2071 2165 2112 et
2197 2071 2383 2115 nostra

2381 2091 2383 2114 ι
2496 2068 2695 2132 ὀφρύσι
2728 2069 2818 2120 τοῦ
2858 2070 3115 2140 εὐθυμεῖν
3172 2074 3438 2142 κείμεθα·
3500 2071 3643 2149 ᾗπερ
3690 2079 3754 2132 ἂν
3787 2079 4055 2141 νεύσαιεν,

822 2147 985 2204 caput
1031 2137 1172 2191 inter
1210 2141 1394 2193 nubila
1449 2144 1706 2208 condere,
1748 2148 1995 2216 cmloque
2019 2149 2240 2205 firmari.
2282 2151 2386 2207 Sed
2495 2184 2496 2189 η

2381 2157 2386 2207 Ι
2495 2159 2667 2230 ταύτῃ
2698 2137 3024 2229 φερόμενοι·
3058 2165 3178 2214 ὅποι
3211 2137 3275 2216 δὲ-
3303 2137 3568 2232 νεύουσιν,
3652 2171 3736 2220 ἀεὶ
3780 2137 4055 2238 ξυντυχών

819 2223 900 2275 vis
927 2233 981 2274 ut
1005 2225 1096 2276 tibi
1123 2228 1359 2294 regulam
1385 2229 1635 2284 tradam?
1672 2233 1786 2286 Sub
1813 2238 2118 2305 superciliis
2148 2244 2386 2295 aestima-

2377 2273 2386 2287 ι
2496 2249 2806 2302 ἐπίσταται.
2841 2246 2914 2304 υἷι
2947 2253 3169 2322 ῥύσαιτο
3200 2256 3347 2322 ἡμᾶς
3379 2257 3601 2326 Κύριος,
3657 2261 3684 2310 ὁ
3713 2265 3806 2312 καὶ
3844 2265 3956 2323 τοῖς
3997 2265 4051 2312 ἐν

820 2313 983 2363 tionis
1015 2313 1257 2381 jaccmns
1296 2333 1308 2368 ς
1343 2333 1444 2385 qua
1473 2335 1601 2374 vero
1628 2330 1777 2390 parte
1805 2336 2030 2394 vergunt
2069 2328 2165 2383 bac
2220 2334 2382 2387 etiam
2493 2369 2494 2385 η

2378 2353 2382 2387 I
2493 2339 2594 2410 ᾄδῃ
2619 2341 2988 2410 dilucidum;
3018 2345 3258 2414 κηρύξας
3306 2347 3520 2413 ἄφεσιν,
3552 2350 3735 2417 τηρῶν
3769 2353 3861 2402 καὶ
3893 2350 4052 2403 αὑτὸν

818 2420 919 2457 ηις
978 2407 1218 2460 inclinati
1264 2409 1425 2479 697
1470 2411 1730 2480 ferimur;
1779 2427 1833 2470 at
1876 2420 1963 2472 ubi
2007 2431 2220 2486 nutant,
2283 2425 2388 2479 Do.

2155 2433 2220 2486 ‘ll,
2283 2425 2388 2479 Do.
2495 2407 2770 2500 ἀὲᾏτάάής
2801 2434 3119 2504 δυσχερείας
3154 2441 3492 2507 πραγμάτων
3524 2441 3774 2509 ἀνώτερο
3792 2462 3829 2494 ι.

817 2497 1021 2560 minus,
1058 2500 1150 2568 qui
1208 2516 1420 2569 semper
1479 2503 1638 2559 nobis
1663 2519 1721 2559 se
1745 2508 1996 2563 comitem
2031 2513 2132 2566 scit
2199 2514 2412 2579 offerre,
2459 2522 2684 2574 servavit
2753 2538 2872 2577 nos.
2904 2525 3004 2589 Qui
3066 2535 3122 2578 ut
3156 2527 3238 2581 IIIS
3315 2529 3404 2596 qui
3458 2529 3596 2597 apud
3647 2530 3851 2584 inferos
3910 2543 4058 2586 amo

819 2592 1253 2662 servitutisjugo
1284 2600 1556 2660 teruntur,
1613 2598 2038 2669 redemptionem
2103 2610 2157 2656 et
2233 2604 2609 2664 liberationem
2659 2614 2928 2677 enuntiat,
2962 2615 3041 2671 sic
3062 2623 3114 2670 et
3169 2626 3221 2672 te
3249 2592 3424 2687 ipsum
3461 2592 3611 2676 o'nmi
3682 2639 3860 2678 rerum
3897 2627 4058 2680 tmdio

818 2695 872 2739 et
900 2686 1215 2742 dillicultate
1237 2690 1521 2746 tutabitur.

1411 2804 1625 2859 EPIST.
1656 2803 1787 2861 LXI.
3078 2819 3085 2870 1

1785 2850 1787 2858 .
3078 2819 3303 2877 ΕΠΙΣΤ.
3341 2823 3459 2878 EA'.

1513 2920 1718 2975 Eidem.
3123 2928 3206 2992 Τῷ
3239 2931 3418 2995 αὐτῷ.

901 3028 969 3084 Ut
1001 3038 1308 3085 nostrarum
1342 3048 1526 3087 rerum
1568 3049 1870 3103 cognoscas
1897 3044 2145 3103 emotus,
2176 3037 2389 3095 abunde

2380 3054 2389 3094 ξ
2575 3039 2763 3107 Ἀρκεῖ
2813 3037 2952 3107 πρὸς
2997 3037 3056 3090 τὸ
3115 3043 3380 3108 γνωρίσαι
3439 3057 3520 3095 σοι
3550 3045 3618 3098 τὰ
3666 3044 3788 3096 καθ’
3838 3047 3989 3118 ἡμᾶς
4028 3055 4054 3104 ό

824 3123 920 3178 tibi
957 3123 1120 3176 frater
1164 3140 1316 3177 meus
1362 3127 1746 3193 suppeditabit,
1785 3129 2149 3183 illuStrissime
2198 3131 2252 3182 in
2283 3129 2390 3183 Do-
2494 3160 2498 3184 l

2382 3159 2390 3170 -
2494 3135 2719 3203 ἁδελφός
2781 3152 2902 3204 μου,
2965 3135 3327 3205 ὑπέρλαμπρέ
3386 3155 3475 3206 μοι
3532 3140 3588 3192 ἐν
3629 3141 3816 3210 Κυρίῳ
3859 3145 3965 3208 υἱὲ,
4008 3143 4056 3194 ετ

826 3213 975 3267 mino
1010 3215 1104 3277 illi,
1138 3215 1182 3268 si
1223 3215 1441 3284 quidem
1477 3216 1796 3286 indigneris,
1842 3220 1932 3286 qui
1963 3227 2015 3273 te
2065 3220 2131 3274 de
2183 3219 2284 3275 bac
2333 3235 2390 3274 re
2499 3250 2500 3258 ι

2381 3238 2390 3274 ξ
2499 3243 2558 3278 τε
2587 3227 2647 3298 [ί.
2677 3227 2731 3278 εἴ
2756 3225 2842 3298 γε]
2868 3228 3005 3288 τέως
3038 3226 3258 3296 χρῄζεις
3278 3229 3601 3296 γνωριστοῦ.
3621 3231 3754 3285 ἀλλὰ
3784 3234 3857 3301 μὴ
3895 3235 4055 3296 αὐτὸς

823 3305 1110 3358 certiorem
1141 3304 1328 3359 faciat.
1369 3305 1472 3361 Sed
1501 3308 1644 3362 enim
1702 3309 1816 3378 ipse
1865 3311 1978 3363 lucc
2029 3310 2150 3363 aliis
2183 3325 2386 3379 nequa-
2416 3308 2460 3370 C
2493 3332 2497 3343 ι

2381 3339 2386 3350 ι
2416 3308 2460 3370 C
2493 3314 2784 3383 γνωρίζεις
2813 3314 2987 3367 ταῦτα
3040 3319 3134 3368 καὶ
3183 3316 3383 3379 ἄλλοις,
3438 3318 3511 3381 ὡς
3539 3320 3705 3374 πάλαι
3743 3321 3919 3375 ταῦτα
3950 3342 4055 3393 μα-

823 3411 983 3465 quam
1017 3408 1143 3451 nota
1175 3396 1361 3464 iacies,
1406 3410 1462 3452 ut
1491 3401 1583 3466 qui
1615 3401 1722 3467 jam
1747 3401 1873 3454 olim
1912 3402 2024 3454 haec
2055 3410 2247 3455 cuncta
2274 3416 2396 3456 esse

2381 3416 2396 3456 3
2497 3402 2638 3454 θών·
2671 3405 2718 3454 ει
2756 3402 2831 3472 μὴ
2882 3403 3054 3456 ταῦτα
3089 3405 3220 3474 φαίη
3252 3422 3356 3469 τις,
3394 3406 3469 3469 ὡς
3516 3409 3622 3477 ἄρα
3656 3412 3716 3463 τὸ
3748 3412 3849 3479 μὲν
3906 3416 4055 3466 ποιὸν

826 3501 1201 3553 perspexeras,
1229 3490 1332 3543 nisi
1368 3494 1480 3545 haec
1511 3492 1708 3560 aliquis
1746 3492 1816 3545 ita
1843 3507 1984 3544 nunc
2005 3493 2142 3547 forte
2176 3493 2390 3546 dixerit.
2494 3515 2500 3528 ι

2378 3530 2390 3544 .
2494 3494 2699 3547 τούτων
2720 3491 2884 3559 οἶδας,
2910 3497 2970 3547 τὸ
2989 3497 3043 3548 δὲ
3073 3498 3300 3566 πηλίκον
3325 3499 3558 3567 ἀγνοεῖς.
3588 3503 3767 3574 Ὅπερ
3802 3507 3922 3558 οὐδὲ
3957 3510 4052 3560 αύ-

826 3574 1085 3645 Equidem
1165 3579 1276 3633 lucc
1325 3584 1506 3634 omnia
1559 3583 1740 3652 qualia
1800 3592 1947 3648 sunt,
2018 3584 2130 3653 jam
2198 3598 2396 3652 cogno-
2495 3606 2500 3621 ι

2378 3612 2396 3624 -
2495 3587 2586 3639 τὸν
2616 3589 2760 3650 εἰκὸς
2791 3591 3000 3654 ἀγνοεῖν
3029 3605 3088 3640 σε
3127 3590 3216 3642 τὸν
3244 3591 3441 3657 εἰδότα,
3486 3593 3631 3658 ὅπως
3667 3596 3760 3648 ἐπὶ
3788 3599 3848 3650 τὸ
3883 3617 4052 3668 μεγα-

832 3666 996 3730 visti;
1051 3676 1105 3721 at
1145 3684 1274 3723 vero
1319 3681 1523 3740 quanta
1551 3672 1664 3726 haec
1695 3674 1825 3737 sint,
1863 3689 2087 3743 prorsus
2152 3674 2390 3742 ignoras.
2493 3676 2506 3726 1

2378 3714 2390 3726 .
2493 3676 2762 3746 λειότερον
2798 3677 2892 3729 νῦν
2923 3679 2992 3729 τὰ
3022 3678 3131 3729 τῶν
3164 3680 3460 3732 κακώσεων
3492 3684 3727 3750 αἴρεται,
3757 3687 3831 3750 ὡς
3883 3691 4052 3756 ἔγωγε

825 3759 939 3812 lloc
960 3759 1103 3813 enim
1140 3776 1314 3831 neque
1341 3770 1392 3816 te
1423 3762 1578 3817 decet
1608 3764 1876 3832 ignorare,
1915 3764 2007 3833 qui
2066 3766 2231 3833 probe
2269 3779 2387 3818 om-
2494 3785 2499 3799 ι

2377 3793 2387 3803 -
2494 3769 2604 3828 τοῖς
2641 3767 2814 3835 ἐμοῖς,
2857 3767 2952 3818 καὶ
2976 3767 3045 3818 τὰ
3079 3769 3147 3822 σὰ
3184 3767 3585 3837 συλλογίζομαι.
3637 3774 3756 3826 'Eﬂi
3790 3779 3967 3830 πάντα
4001 3781 4051 3830 δὲ

824 3851 914 3904 nia
946 3854 1112 3914 nosti,
1148 3853 1425 3922 quomodo
1455 3855 1667 3909 scilicet
1699 3854 1752 3907 in
1787 3855 2049 3924 majorem
2098 3853 2388 3908 infortunii
2496 3875 2498 3883 ι

2374 3853 2388 3906 i
2496 3855 2648 3908 καλῶ
2673 3855 2863 3925 βοηθὸν
2890 3855 2978 3908 τὸν
3001 3857 3206 3927 Κύριον
3228 3875 3239 3887 ·
3271 3861 3359 3926 ὑφ’
3381 3877 3441 3914 ου
3471 3866 3652 3933 τηροῖο
3691 3867 3874 3935 πάσης
3915 3869 4046 3921 avo.

821 3955 874 3998 et
909 3945 1176 3997 malorum
1205 3955 1406 4000 statum
1444 3947 1553 4015 jam
1589 3954 1784 4001 cuncta
1809 3956 2127 4002 accrescant
2151 3957 2205 4001 et
2236 3947 2394 4000 attol-

1809 3956 2127 4002 accrescant
2151 3957 2205 4001 et
2236 3947 2394 4000 attol-
2498 3962 2654 4014 τερος
2689 3944 2981 4008 κακώσεως
3015 3948 3106 3998 καὶ
3133 3949 3467 4012 κακύνσεως.

820 4034 1017 4098 lantur,
1056 4037 1509 4104 quemadmodum
1567 4053 1666 4106 ego
1693 4053 1813 4091 cum
1864 4039 1996 4092 meis
2035 4047 2123 4091 tua
2155 4037 2458 4107 perpendo.
2515 4036 2569 4090 In
2599 4039 2855 4094 omnibus
2887 4049 3064 4094 tamen
3114 4044 3496 4110 opitulatorem
3524 4047 3805 4102 Dominum
3839 4051 4049 4117 invoco,

820 4141 849 4176 a
895 4142 1002 4197 quo
1059 4135 1112 4182 et
1160 4143 1418 4197 prospera
1495 4137 1714 4185 evectus
1779 4130 1993 4184 fortuna
2035 4146 2088 4185 et
2122 4133 2269 4185 nullo
2302 4130 2626 4200 prmpeditus
2686 4132 2916 4189 crimine
2941 4134 3275 4190 custodiare.

1379 4267 1597 4324 EPIST.
1624 4268 1786 4324 LXII.

1785 4316 1786 4321 η
3077 4271 3300 4328 ΕΠΙΣΤ.
3342 4276 3459 4332 ΞΒ’.

1503 4382 1716 4439 Eidem.
3120 4387 3203 4452 Τῷ
3226 4387 3403 4454 αὐτῷ.

890 4496 968 4550 Ne
998 4495 1211 4550 mireris
1269 4495 1313 4549 si
1344 4497 1591 4550 laconica
1653 4505 1828 4551 tecum
1860 4505 1984 4552 utor
2015 4499 2297 4557 brevitate.
2339 4503 2395 4558 Si
2559 4497 2564 4549 Ἰ

2370 4503 2395 4558 υἱ
2559 4496 2650 4566 Μὴ
2678 4496 2981 4573 θαυμάσῃς,
3009 4500 3058 4552 ει
3102 4499 3386 4563 λακωνεζω
3417 4518 3520 4554 σοι.
3555 4503 3617 4555 Ei
3643 4503 3698 4555 δὲ
3724 4503 4044 4574 θαυμάσεις,

824 4596 1004 4640 autem
1039 4587 1275 4652 miraris,
1304 4587 1644 4642 tabellarium
1678 4589 1972 4659 interroga,
2020 4602 2073 4647 et
2101 4601 2267 4647 totam
2298 4597 2397 4648 hu-
2490 4604 2498 4637 τ

2371 4626 2397 4636 -
2490 4586 2661 4640 πυθοῦ
2705 4587 2798 4640 τοῦ
2849 4591 3428 4659 γραμματοκομιστοῦ,
3464 4593 3559 4645 καὶ
3597 4594 3817 4666 μαθήσῃ
3846 4598 3908 4650 τὸ
3938 4601 4043 4650 Λα-

822 4678 1206 4748 jnslaconismi
1241 4693 1456 4732 causam
1477 4679 1707 4744 edisces,
1729 4681 1818 4750 qni
1857 4697 1984 4738 vere
2011 4683 2105 4737 ille
2139 4686 2254 4752 ipse
2287 4695 2388 4751 est,
2491 4700 2496 4733 :

2377 4727 2388 4751 ,
2491 4682 2768 4750 κωνισμοῦ
2799 4682 2987 4734 αῐτιον.
3023 4682 3094 4733 Τὸ
3123 4682 3178 4734 δέ
3219 4684 3364 4735 ἑστιν
3414 4684 3596 4747 αὐτός.
3633 4687 3728 4748 ⁸ος
3780 4688 3942 4752 μόνον
3991 4690 4047 4740 οὗ

821 4771 935 4838 qui,
967 4779 1024 4822 ut
1050 4772 1206 4825 modo
1228 4773 1383 4840 quasi
1411 4773 1589 4827 alatus
1610 4789 1668 4827 se
1699 4775 1854 4828 nobis
1881 4775 1945 4828 ad
1967 4775 2067 4828 iter
2084 4777 2385 4831 accinctum
2415 4768 2466 4827 D
2492 4793 2495 4804 λ

2373 4793 2385 4829 ι
2415 4768 2466 4827 D
2492 4775 2712 4840 πτεροῖς
2745 4772 3082 4842 κεχρημένον
3106 4773 3297 4825 ἑαυτὸν
3320 4774 3455 4843 πρὸς
3479 4775 3576 4845 τὴν
3604 4775 3672 4827 δι’
3695 4778 3727 4845 ἢ
3737 4777 3854 4845 μῶν
3877 4780 4047 4846 πρόσ-

824 4861 1022 4916 obtulit
1055 4871 1108 4917 et
1133 4863 1232 4918 bas
1261 4864 1468 4918 litteras
1495 4879 1523 4918 a
1567 4881 1650 4919 me
1675 4867 1936 4934 poposcit.
1971 4865 2076 4920 Sed
2101 4881 2248 4920 nunc
2269 4869 2393 4936 qui-
2489 4881 2498 4914 ε

2375 4896 2393 4909 .
2489 4863 2607 4916 οδον
2651 4863 2918 4932 δηλώσας,
2964 4863 3064 4926 τὰς
3098 4864 3314 4934 γραφὰς
3347 4865 3537 4936 ᾔτησε.
3585 4867 3724 4920 Ἀλλ’
3788 4869 4049 4935 ὑγιαίνοες

822 4951 945 5005 dent
985 4952 1124 5015 vale,
1167 4963 1219 5006 et
1249 4953 1392 5007 bono
1421 4953 1693 5024 hilarique
1728 4955 1911 5008 animo
1943 4965 2268 5022 esto,neque
2297 4956 2394 5007 tri-
2493 4980 2496 5022 λ

2373 4985 2394 4997 -
2493 4972 2603 5023 μοι,
2637 4955 2730 5008 καὶ
2763 4954 3079 5023 εύθυμοίης,
3139 4957 3232 5007 καὶ
3278 4957 3414 5025 μήτε
3448 4957 3549 5025 τῆς
3599 4958 3776 5028 λύπης
3804 4961 3958 5023 νόσος
3991 4978 4047 5012 σε

823 5043 982 5098 stitia;
1005 5046 1228 5098 morbus
1283 5057 1334 5101 te
1357 5047 1600 5110 invadat,
1660 5062 1836 5115 neque
1867 5046 1992 5100 ullis
2017 5062 2252 5115 unquam
2296 5047 2391 5100 tibi
2491 5065 2497 5098 :

2375 5047 2391 5099 i
2491 5045 2806 5107 καταλάϐοι,
2862 5047 3000 5115 μήτε
3067 5047 3385 5116 φαρμάκων
3445 5048 3731 5120 δεηθείης,
3785 5051 3892 5104 κᾶν
3945 5047 4047 5104 ὦσι

821 5147 961 5202 Opus
991 5136 1061 5188 sit
1090 5136 1401 5204 pharmacis
1432 5138 1616 5208 qualia
1643 5139 1828 5208 lingua
1859 5147 1951 5191 tua
1969 5137 2254 5192 charitatis
2274 5152 2394 5192 esse
2491 5157 2495 5172 ι

2371 5153 2394 5192 ε
2491 5137 2733 5202 τοιαῦτα,
2794 5130 2879 5189 οἷα
2940 5137 2973 5205 ἡ
3022 5136 3089 5208 σὴ
3139 5138 3354 5206 γλῶττα
3411 5140 3479 5192 τὰ
3533 5141 3633 5210 τῆς
3691 5142 3908 5211 ἀγάπης
3965 5143 4045 5207 ἑξ-

821 5224 1112 5291 pbarmaca
1141 5226 1454 5281 celebravit.
2492 5225 2719 5298 ύμνησε.

1384 5339 1607 5396 EPIST.
1637 5339 1821 5395 LXIII.

3199 5344 3420 5397 ΕΠΙΣΤ.
3457 5343 3551 5396 EI"

1071 5449 1280 5522 Inclyta
1318 5456 1531 5506 domino
1573 5440 1925 5510 Constantino
1953 5457 2134 5510 Duae.
2566 5454 2648 5519 Τῷ
2677 5471 2745 5509 σε

2566 5454 2648 5519 Τῷ
2677 5455 2947 5520 σεϐαστῷ
2981 5457 3161 5522 κυρίῳ
3199 5455 3630 5520 Κώνσταντίνῳ
3656 5453 3735 5518 τῷ
3759 5455 3972 5520 Δούκᾳ.

902 5558 957 5612 Si
986 5561 1202 5626 quidem
1257 5563 1509 5632 corporis
1541 5566 1731 5630 robur,
1767 5577 1819 5620 et
1850 5566 1974 5621 felix
2005 5569 2264 5635 temporis
2297 5582 2392 5636 op-
2563 5568 2576 5619 l

2369 5595 2392 5607 -
2563 5568 2624 5620 Ει
2661 5568 2760 5636 μὲν
2791 5568 2825 5635 ἦ
2850 5585 2906 5619 τε
2938 5568 3029 5619 τοῦ
3060 5567 3306 5634 σώματος
3340 5568 3489 5634 ἰσχὺς
3519 5566 3611 5618 καὶ
3638 5568 3701 5619 τὸ
3727 5568 3820 5619 τοῦ
3855 5570 4043 5637 καιροῦ

829 5655 1161 5723 ροηυιιίιοε,
1203 5656 1532 5722 panscbaste
1560 5657 1779 5711 domine
1805 5667 1859 5711 ct
1901 5660 2134 5712 maxime
2159 5659 2389 5727 opitula-
2495 5677 2503 5709 ι

2372 5687 2389 5698 .
2495 5658 2720 5728 εὐχραὲς
2751 5658 2812 5729 [ί.
2848 5658 3051 5728 εὐκρ.],
3113 5657 3451 5711 πανσέὸαστε
3496 5659 3628 5727 ἐμοῦ
3675 5659 3907 5713 αὐθέντα
3946 5663 4038 5714 καὶ

830 5755 938 5812 tor,
966 5763 1094 5802 mea:
1125 5747 1416 5803 humilitati
1472 5750 1575 5803 iter
1628 5763 1822 5818 capcrc
1870 5751 2263 5815 cont-ederent,
2300 5764 2388 5804 ce-
2497 5769 2504 5821 ι

2366 5776 2388 5789 -
2497 5751 2717 5821 μέγιστε
2777 5749 3144 5820 ἁντιλῆπτορ,
3202 5747 3405 5802 ὁδεύειν
3456 5748 3792 5821 συνεχώρουν
3831 5753 3895 5821 τῇ
3935 5753 4040 5822 ἐμῆ
