4240 6440
197 391 284 455 ις]
1097 391 1477 451 EPISTOLE
1507 392 1705 452 LXXV
1741 395 1778 449 .\
1820 394 1872 452 Ι.
1905 395 2246 454 MEURSIU
2287 397 2557 460 ElilTJi.

3320 408 3426 476 48‘1-

200 502 549 572 ταπεινὸτητι,
579 503 748 573 ταχὺς
808 501 872 556 ἂν
923 501 1059 570 πρὸς
1127 506 1226 574 τὴν
1281 505 1378 572 σὴν
1425 503 1798 574 ἀναδραμιῒυγ

1787 517 1824 569 Α
1863 503 2333 572 lcrrinteqnidcm,
2363 519 2416 558 ut
2437 516 2487 560 te
2508 513 2756 569 viserent,
2777 512 2921 575 pri-fit
2945 513 3142 564 isr-uer
3172 523 3220 563 et
3244 520 3286 566 d-
3316 537 3356 567 ι..
3395 537 3417 567 a

200 596 470 664 περιωπήν
503 595 601 666 τὴν
629 595 991 665 ὀφειλομένην
1035 596 1295 649 ἀπέδωκα
1328 613 1408 647 σοι
1439 596 1752 665 προσκύνη·

199 704 291 740 σιν.
322 687 431 738 Νῦν
469 688 524 740 δὲ
553 689 634 754 (οὐ
676 688 782 758 γὰρ
822 687 1179 759 συγχωρεῖταί
1227 705 1318 757 μοι
1355 689 1442 754 ὑφ’
1470 683 1544 740 ὧν
1581 686 1752 746 εἷπον.

202 777 312 827 οὐδὲ
343 777 401 828 τὸ
432 779 734 848 ὑπερὸἧναι
770 778 902 846 γοῦν
945 779 1045 848 τὴν
1077 779 1194 831 ὁδὸν
1223 779 1426 847 τούμοῦ
1455 779 1754 849 δωματίου)

197 867 268 932 τῷ
288 871 512 937 παρόντι
534 871 823 940 γράμματι
847 869 1044 941 μεσίτῃ
1067 869 1286 940 χρῶμαι
1317 870 1418 939 τῆς
1442 873 1753 942 προσκυνήο

200 982 342 1027 σεως.
403 966 624 1025 Πάντως
651 965 708 1015 δὲ
747 965 838 1015 καὶ
873 964 972 1032 τὴν
1001 963 1089 1014 διὰ
1120 962 1211 1015 τοῦ
1244 963 1572 1032 γράμματος
1603 964 1750 1034 δέξῃ,

197 1058 262 1119 ὡς
285 1057 376 1110 καὶ
402 1057 498 1126 τὴν
521 1055 607 1108 διὰ
630 1055 724 1108 τοῦ
761 1055 1012 1124 σώματος
1035 1071 1050 1088 ⁸
1080 1056 1241 1125 εἴπερ
1274 1051 1354 1119 εἷς
1382 1055 1492 1123 ἐγώ
1528 1075 1610 1109 σοι
1650 1059 1746 1108 καὶ

196 1148 390 1209 δαύτὸς
423 1150 450 1199 δ
477 1147 740 1217 κάκείνην
771 1148 1161 1217 προσαγαγὼν,
1216 1151 1310 1200 καὶ
1345 1149 1551 1218 ταύτην
1584 1166 1754 1219 προσ-

196 1241 332 1305 άγων
357 1257 458 1294 σοι.
500 1239 719 1308 Ταύτην
775 1239 872 1307 μὲν
922 1239 1014 1292 οὖν
1041 1240 1121 1292 ὅτι
1159 1241 1304 1311 δέξῃ,
1343 1243 1527 1309 σαφῶς
1555 1243 1752 1294 πέπει-

198 1330 579 1400 σμαι-μᾶλλον
602 1331 657 1384 δὲ
700 1331 792 1383 καὶ
857 1330 958 1400 ήδη
1017 1331 1215 1397 ἐδέξω·
1270 1331 1362 1384 καὶ
1427 1333 1754 1401 χαριέστατά

199 1439 281 1489 μοι
334 1419 692 1490 προσϐλέπει,
751 1419 826 1481 ώς
883 1419 1097 1484 εἴωθεν,
1149 1422 1240 1472 καί
1299 1423 1508 1491 ἐρωτᾷς
1563 1420 1750 1474 λοιπὸν

203 1515 324 1565 ὅπου
363 1512 424 1582 [ί.
468 1510 616 1582 ὅτου]
649 1512 858 1580 δέομαι.
895 1513 1014 1581 'Ap’
1043 1507 1136 1564 οὖν
1165 1513 1276 1582 ἐρῶ
1307 1530 1388 1564 σοι
1418 1513 1516 1581 τὴν
1539 1514 1751 1582 χρείαν,

196 1604 598 1673 ἧαίσχυνοίμην
646 1603 733 1665 ἂν,
770 1603 821 1656 εἴ
869 1621 926 1656 σε
974 1603 1066 1656 τοῦ
1104 1605 1404 1674 Βαρδαρίου
1468 1606 1754 1676 ἁρμοστὴν

195 1698 476 1748 ἐπιστάντα
508 1697 846 1766 πράγμασιν,
872 1697 1030 1765 ἔχων,
1065 1697 1240 1758 αὐτὸς·
1265 1699 1320 1747 ἐν
1351 1697 1426 1766 τῷ
1462 1697 1750 1767 Βιρδαρίῳ

197 1792 403 1858 χωρίον,
456 1791 592 1861 πρὸς
620 1791 708 1842 τὶν
738 1788 1120 1842 ἀντιλαϐέσθαι
1144 1791 1334 1842 τοῦτον
1363 1790 1744 1858 φιλανθρωπὸ-

1861 596 2190 649 salutatione
2226 614 2607 664 prosequerer.
2644 599 2770 651 Mihi
2801 615 2992 668 ⁸ειιιιιιιιι
3026 620 3167 654 nunc
3197 609 3422 657 intuli-"3

1858 701 1964 738 non
2007 686 2168 738 datur
2221 689 2288 740 ab
2332 688 2420 742 his
2459 705 2599 756 quos
2632 699 2790 743 antea
2826 693 2958 755 dixi,
3005 695 3224 745 domum
3272 699 3424 749 «Ιστπη-

1858 777 2031 841 rendi,
2074 777 2193 828 ideo
2228 779 2310 832 his
2337 781 2693 846 praascntibus
2730 783 2941 845 litteris,
2967 787 3116 851 quasi
3150 788 3428 840 medtatrt-

1856 867 2032 929 cibus,
2083 867 2148 919 ad
2181 876 2272 918 tua
2311 884 2482 936 genua
2518 872 2825 938 prorolvar.
2861 872 2990 925 Vere
3028 876 3243 938 quidem
3279 882 3426 928 salu-

1856 958 2113 1010 tationem
2181 960 2321 1011 hanc
2381 961 2464 1011 his
2531 963 2581 1012 ιιι
2631 961 2823 1015 litteris
2883 967 3206 1030 persenties,
3267 968 3422 1034 quasi

1861 1048 1979 1116 ipse
2036 1064 2160 1102 meo
2215 1066 2443 1120 corpore
2490 1053 2583 1104 tibi
2624 1051 3000 1120 impenderim,
3041 1057 3296 1124 illamque
3331 1061 3422 1110 tihi

1857 1156 2095 1209 prmsens
2130 1144 2297 1212 698
2345 1146 2657 1199 obtulerim.
2691 1146 2840 1200 Hanc
2876 1149 3041 1214 igitur
3089 1161 3138 1203 te
3173 1161 3426 1220 acceptu-

1858 1251 1975 1286 rum
2010 1237 2168 1288 facile
2227 1237 2392 1290 credo
2423 1255 2434 1285 :
2471 1241 2651 1305 potius
2685 1252 2867 1292 autem
2902 1257 3048 1295 nunc
3100 1245 3341 1312 suscipis
3373 1253 3428 1297 et

1855 1333 2012 1394 grato
2049 1341 2133 1378 nte
2166 1325 2336 1389 vultu,
2374 1335 2430 1378 ut
2457 1329 2523 1381 de
2549 1343 2717 1388 more.
2796 1332 3044 1395 intueris,
3069 1342 3121 1385 et
3156 1335 3201 1387 si
3228 1350 3332 1402 qni
3373 1337 3425 1387 itt

1857 1425 2130 1484 posterum
2162 1435 2228 1472 re.
2253 1420 2542 1488 indigeam,
2571 1422 2870 1475 Sciscitaris
2895 1423 3028 1494 (96).
3057 1426 3220 1491 Igitur
3252 1445 3424 1478 meatu

1857 1507 1951 1561 tibi
2005 1509 2244 1578 inopiam
2305 1511 2654 1578 patefaciam,
2721 1521 2814 1565 aut
2856 1515 3236 1569 erubescerent
3275 1531 3429 1579 sane,

1855 1599 1898 1652 si
1947 1608 2017 1662 te,
2053 1601 2146 1668 qui
2176 1599 2421 1654 Bardarii
2456 1603 2616 1657 rebus
2640 1619 2830 1672 praees,
2863 1608 3024 1659 etiam
3057 1623 3181 1660 cuin
3231 1609 3347 1677 ipse
3373 1610 3426 1662 in

1856 1692 2117 1747 Bardario
2169 1694 2284 1748 loca
2313 1696 2608 1766 sedemque
2647 1701 2895 1762 habeam,
2953 1703 3018 1753 ad
3079 1703 3338 1756 auxilium
3377 1716 3429 1758 te

1857 1787 2228 1840 humaniorem
2278 1799 2331 1842 et
2375 1790 2750 1858 benigniorem
2798 1793 3118 1846 excitarem.
3178 1794 3312 1848 Nam
3371 1808 3428 1850 tu

197 1899 336 1949 τερον
374 1881 730 1950 διεγείραιμι.
764 1881 858 1941 ’ος
885 1897 946 1947 γε
978 1882 1070 1932 καὶ
1119 1881 1256 1951 πρὸς
1313 1881 1505 1941 ἄλλους
1533 1881 1746 1952 βοηθεῖν
1783 1879 1798 1937 Ι

1783 1879 1824 1937 Β
1856 1877 2153 1942 praesertim
2195 1877 2355 1938 alios,
2405 1887 2463 1930 ut
2490 1893 2624 1932 mea:
2675 1882 3075 1947 opitulareutur
3120 1885 3429 1954 indigentia:

200 1991 277 2042 μοι
328 1974 659 2042 δυναμένους
691 1974 775 2026 ἀεὶ
805 1974 1028 2043 μεσίτης
1078 1974 1204 2044 γίνῃ
1240 1975 1304 2043 τῇ
1341 1976 1446 2043 ἐμῇ
1479 1973 1749 2042 ἀσθενείᾳ.

198 2067 353 2118 Τοῦτο
385 2065 484 2134 μὲν
515 2065 606 2118 οὖν
640 2067 696 2118 τὸ
723 2066 868 2128 εἰκὸς
897 2066 1165 2116 ἀπαιτεῖ·
1233 2065 1372 2132 πλὴν
1404 2065 1518 2116 ἀλλ’
1564 2065 1750 2135 ἐπειδὴ

197 2159 280 2210 καὶ
307 2160 429 2220 τοὺς
462 2156 861 2226 εὐδρομοῦντας
894 2156 1132 2226 πτεροῦν
1164 2157 1437 2226 εἰώθαμεν
1479 2159 1590 2221 τοῖς
1621 2158 1750 2210 ὑπο-

197 2250 498 2318 ςωνήμασι,
555 2247 708 2315 κάγὼ
741 2251 838 2316 τὴν
885 2250 1014 2317 περὶ
1069 2248 1161 2300 τοῦ
1220 2249 1604 2302 ἀντιλαϐέσθαι
1644 2249 1753 2300 τῶν

196 2341 367 2392 αὐτόοι
400 2341 690 2409 ἡμετέρων
749 2340 824 2402 ώς
876 2341 1138 2392 δουλικῶν
1191 2357 1286 2392 σου
1349 2341 1574 2406 ἀξίωσιν
1617 2341 1752 2411 πρὸς

198 2431 317 2484 αὐτὸ
345 2433 504 2484 τοῦτο
542 2433 822 2500 τεταμένῳ
861 2426 973 2483 οἷόν
1022 2449 1143 2484 τινα
1180 2433 1440 2502 προσάγω
1489 2451 1570 2484 σοι
1620 2433 1751 2484 πτέ·

199 2541 369 2587 ριιισιν.
421 2525 528 2575 Καί
562 2540 624 2590 γε
655 2523 824 2586 δεῖξον
850 2521 1077 2587 ἅπασιν,
1126 2523 1200 2584 ώς
1241 2523 1334 2575 καὶ
1366 2523 1618 2592 πατρῴον
1654 2524 1752 2591 μὲν

197 2615 380 2685 κλῆρον
406 2617 572 2685 ἔχεις,
606 2617 704 2684 την
731 2614 973 2684 χρηστὴν
1016 2615 1152 2684 πρὸς
1203 2617 1290 2666 τὸν
1322 2617 1752 2683 ἀρχιεπίσκοπον

199 2707 562 2760 σννδάθεσιν·
625 2707 1016 2759 πολλαπλασίω
1063 2707 1118 2757 δὲ
1171 2707 1378 2774 ταύτην
1433 2707 1593 2768 αὐτὸς
1653 2725 1752 2758 πεο

200 2799 442 2866 ποίηκας,
477 2800 566 2850 ἵνα
600 2815 682 2850 σοι
712 2800 804 2850 καὶ
837 2797 992 2859 Θεὸς,
1023 2790 1066 2862 ᾧ
1092 2797 1309 2866 χαρίζῃ,
1341 2797 1440 2848 ὅσα
1489 2799 1612 2866 ἐμοὶ
1659 2815 1754 2865 χα-

203 2887 335 2956 ρίζῃ,
363 2887 750 2940 πολλαπλασίω
781 2888 876 2955 τῆς
915 2885 1176 2954 πατρῴας
1223 2886 1383 2953 δόξης
1417 2887 1753 2955 ἐπιϐρασεύ-

199 2994 281 3047 σῃ,
347 2979 438 3030 καὶ
489 2980 657 3030 πᾶσιν
721 2978 942 3043 ἀγαθοῖς
983 2975 1243 3045 ἀποδείξῃ
1313 2976 1749 3047 μακαριώτερον,

198 3071 367 3137 τηρῶν
411 3071 505 3124 καὶ
543 3072 722 3141 πάσης
766 3069 1034 3138 ἀνώτερον
1085 3069 1378 3133 κακώσεως
1421 3071 1514 3123 καὶ
1553 3071 1753 3124 κακύν-

200 3175 347 3223 σεως.

782 3509 1006 3563 ΕΠΙΣΤ.
1046 3509 1125 3561 ΞΔ
1147 3547 1160 3560 .

821 3622 904 3686 Τῷ
937 3621 1116 3685 αὐτῷ.

263 3739 321 3790 Ei
368 3737 460 3788 καὶ
515 3735 717 3805 μικράν
764 3751 882 3786 τινα
915 3732 1113 3801 ἰχθύων
1158 3730 1484 3798 ἀποστολὴν,
1531 3730 1625 3782 καὶ
1655 3729 1753 3780 οὐκ

200 3828 347 3893 ἀξίαν
376 3829 472 3896 τῆς
525 3827 625 3894 σῆς
668 3823 1104 3894 μεγαλειότητος,
1164 3822 1488 3889 ποιούμεθα,
1548 3821 1754 3871 πανσέ-

201 3918 353 3969 6αστέ
385 3935 484 3987 μου
517 3917 769 3977 αὑθέντα,
825 3916 921 3966 καὶ
970 3915 1195 3981 μέγιστε
1252 3913 1603 3981 ἀντιλῆπτορ,
1638 3910 1753 3962 ἀλλ’

201 4005 283 4059 οὖν
305 4011 504 4068 εἰδότες
555 4011 637 4061 ὅτι
671 4007 763 4058 καὶ
797 4004 1131 4072 διακριτικδς
1155 4005 1241 4067 σὺ,
1277 4003 1372 4055 καὶ
1403 4004 1530 4070 περὶ
1562 4002 1626 4053 τὰ
1660 3999 1752 4052 τοῦ

201 4098 324 4150 θεοῦ
355 4100 557 4168 σφόδρα
586 4097 842 4166 εὐλαϐὴς,
888 4097 981 4148 ἅτε
1015 4097 1182 4164 ἄμφω
1210 4093 1383 4145 ταῦτα
1413 4092 1714 4162 πατρῴζων
1737 4109 1749 4121 °

202 4192 285 4241 καὶ
310 4191 386 4242 δτι
422 4194 486 4242 ἐκ
518 4190 620 4258 μὲν
641 4188 758 4250 τοῦ,
796 4187 1006 4254 λογίσῃ,
1031 4187 1092 4237 τὸ
1121 4185 1392 4254 μηδεμίαν
1423 4186 1567 4252 ἡμᾶς
1599 4184 1751 4246 ἐξοδ-

207 4283 320 4332 σίαν
366 4282 463 4350 τῆς
498 4282 624 4334 καθ’
653 4282 800 4350 ἡμᾶς
853 4279 1051 4348 λίμνης
1100 4277 1263 4346 ἔχειν,
1315 4278 1378 4328 ὲκ
1413 4277 1466 4327 δὲ
1514 4275 1627 4338 τοῦ,
1680 4275 1754 4337 ώς

202 4371 440 4439 εὐλογίαν
465 4373 565 4440 τῆς
592 4371 886 4439 Δεσποίνης
907 4367 1064 4440 ήμῶν
1089 4370 1180 4420 καὶ
1215 4368 1475 4420 Θεοτόκον
1510 4367 1752 4435 Μητρὸς,

203 4465 428 4535 ἀποδέξῃ
455 4466 524 4516 τὰ
553 4464 762 4532 σμικρὰ
783 4462 974 4514 ταῦτα.
1003 4460 1266 4527 Εὗλογίαν
1293 4458 1348 4511 δὲ
1384 4460 1564 4510 πᾶσαν
1595 4459 1752 4524 ἡλίκη

201 4555 263 4608 ἀν
290 4556 371 4624 εἴη
400 4555 568 4624 μέλλῃ
612 4553 874 4605 τίθεσθαι.
905 4552 1002 4605 Διά
1031 4550 1188 4605 τοῦτο
1218 4549 1311 4601 καὶ
1355 4547 1754 4617 τεθαρρηκότες

201 4646 292 4714 τὴν
318 4645 620 4713 ἀποστολὴν
650 4643 1016 4712 πεποιήμεθα.
1077 4641 1137 4692 Εἰ
1187 4640 1285 4709 μὲν
1311 4637 1403 4690 οῦν
1437 4637 1618 4698 καλῶς
1647 4633 1752 4688 οἶδε
1791 4707 1798 4715 _

200 4736 261 4787 τὰ
293 4737 430 4789 κατά
452 4737 509 4788 σὲ
534 4735 564 4786 ὁ
584 4735 1032 4804 ἀρχιεπίσκοπος,
1059 4732 1252 4797 δείξεις
1279 4731 1358 4794 δὲ,
1388 4729 1556 4798 ἡδέως
1586 4728 1754 4779 ταῦτα
1789 4766 1798 4817 Ι

1789 4748 2004 4817 onem,
2069 4748 2269 4801 quanta
2323 4734 2543 4802 quidem
2601 4736 2787 4801 fuerit,

199 4825 477 4895 δεξάμενος
504 4845 518 4858 ο
571 4831 620 4878 εἰ
639 4827 682 4878 δ’
707 4825 797 4890 αὖ,
833 4827 930 4878 καὶ
953 4823 1111 4877 τοῦτο
1139 4823 1245 4873 τῶν
1278 4821 1566 4890 ἁμαρτιῶν
1592 4820 1756 4887 θήσο-

207 4937 318 4987 μαι.
345 4920 488 4989 Illi)»:
508 4919 643 4971 ἀλλά
667 4919 899 4971 πέποιθα
926 4918 1000 4978 ώς
1025 4918 1084 4968 τὸ
1111 4916 1326 4985 πρῶτον
1358 4915 1531 4976 ἔσται,
1556 4913 1649 4962 καὶ
1682 4911 1756 4973 ώς

203 5011 442 5077 εὐλογίας
474 5011 648 5064 ταῦτα
675 5009 939 5082 προσείσῃ
979 5008 1040 5079 [Ῑ.
1076 5005 1350 5078 προσήσῃ]
1382 5006 1481 5074 τῆς
1530 5005 1758 5074 ἀπειρο-

203 5102 372 5172 γάμου
398 5103 492 5155 τοῦ
516 5103 653 5155 Θεοῦ
689 5103 948 5170 Νύμφης.
985 5101 1055 5153 Ἱί
1077 5101 1170 5152 καὶ
1203 5099 1288 5168 εἴη
1327 5116 1407 5150 σοι
1437 5099 1673 5168 φρουρὸς
1698 5096 1757 5146 ὲν

205 5193 298 5262 βίῳ
335 5196 515 5259 παντὶ,
569 5194 749 5264 πάσης
781 5193 1049 5264 ἀνώτερον
1085 5209 1143 5244 σε
1169 5190 1410 5260 τηροῦσα
1443 5189 1756 5250 κακύνσεως

205 5284 292 5334 καὶ
322 5284 637 5346 κακώσεως.

1853 1969 2052 2037 quibus
2085 1968 2153 2020 ad
2184 1969 2233 2020 id
2264 1967 2490 2022 facultas
2513 1981 2564 2023 et
2618 1983 2862 2040 potestas
2911 1975 3109 2038 inerat,
3161 1988 3219 2030 ut
3256 1979 3430 2032 inter-

1850 2075 2040 2112 cessor
2070 2062 2433 2116 commovisti.
2466 2063 2580 2116 Hoc
2603 2066 2802 2117 etenim
2832 2067 2944 2134 ipsa
2975 2069 3206 2136 aequitas
3247 2080 3430 2140 postu-

1853 2150 1944 2201 lat.
1971 2149 2350 2203 Verumtamen
2371 2161 2424 2204 et
2446 2154 2551 2206 illis
2568 2156 2658 2220 qui
2681 2158 3025 2211 velocissimo
3045 2159 3110 2211 ad
3134 2161 3184 2212 id
3212 2175 3427 2228 percur-

1854 2252 1976 2294 runt
2010 2245 2178 2310 pede,
2217 2245 2436 2297 monitis
2472 2255 2523 2298 et
2572 2248 3044 2302 cohortationibus
3087 2250 3198 2303 alas
3243 2253 3430 2307 indere

1852 2335 2262 2387 consuevimus.
2295 2335 2358 2387 Et
2383 2351 2482 2406 ego
2510 2338 2705 2400 etiam,
2741 2349 2798 2390 ttt
2831 2357 2980 2394 meos
3024 2343 3227 2405 socios,
3263 2346 3428 2399 veluti

1851 2441 2038 2479 servos
2069 2435 2190 2479 tuos
2211 2438 2262 2480 ct
2297 2428 2530 2482 famulos
2563 2430 2726 2498 digne
2789 2434 3084 2500 suscipias,
3116 2445 3171 2488 et
3207 2437 3432 2489 honori-

1854 2518 1955 2570 bus
1993 2533 2177 2578 ornes.
2234 2519 2429 2571 iterum
2472 2530 2636 2587 atque
2683 2523 2876 2573 iterum
2912 2525 3029 2585 tibi,
3091 2527 3183 2594 qtti
3217 2535 3428 2580 tantum

1854 2623 2050 2661 munus
2068 2610 2250 2661 subire
2277 2612 2379 2671 vis,
2414 2612 2570 2679 quasi
2595 2612 2866 2678 quoddam
2898 2617 3106 2670 alarum
3143 2620 3426 2688 remigium

1853 2701 2070 2768 ohjicio.
2103 2701 2241 2754 Vere
2293 2705 2510 2770 quidem
2567 2706 2823 2758 omnibus
2862 2709 3126 2772 ostende,
3171 2719 3223 2763 te
3270 2714 3430 2780 quasi

1853 2804 2134 2862 paternam
2170 2794 2366 2848 habere
2394 2795 2758 2849 substantiam
2813 2809 2868 2851 et
2907 2807 3136 2864 sortem,
3170 2804 3345 2871 ipsum
3376 2806 3427 2857 itt

1853 2885 2326 2952 archiepiscopum
2383 2886 2639 2940 affectum
2697 2890 2968 2958 utilesque
3026 2901 3276 2945 conatus.
3323 2892 3431 2947 llos

1855 2982 2033 3026 autem
2082 2979 2251 3029 ntulto
2307 2987 2358 3030 te
2397 2981 2734 3047 copiosiores
2783 2984 3031 3049 praestiti,
3060 2985 3237 3038 uttibi
3261 2984 3427 3050 Deus,

1865 3073 1950 3121 cui
1981 3086 2191 3137 gratim
2224 3070 2378 3131 facis,
2410 3081 2467 3124 ut
2493 3074 2624 3124 mihi
2653 3075 2755 3140 ipsi
2791 3075 3161 3129 abundantius
3191 3089 3426 3145 paterna:

1857 3161 2043 3229 gloria:
2115 3163 2393 3214 cumulum
2454 3163 2504 3214 in
2561 3168 2840 3232 prattninm
2895 3165 3203 3234 indulgeat,
3271 3177 3430 3236 teque

1781 3231 1826 3291 Ο
1863 3253 2119 3305 omnibus
2177 3254 2332 3307 bonis
2388 3257 2605 3307 beatum
2643 3256 3003 3324 pra:dicet.et
3052 3259 3259 3325 absque
3322 3261 3432 3314 ullo

1862 3361 2016 3398 noxae
2074 3346 2316 3413 periculo
2372 3359 2423 3400 ct
2471 3348 2698 3402 sceleris
2723 3350 2933 3401 macula
2963 3351 3259 3405 custodiat.

2433 3505 2651 3561 EPIST.
2683 3507 2865 3563 LXIV.

2549 3622 2757 3676 Eidem.

1922 3729 2032 3784 Etsi
2059 3747 2262 3799 paucos
2297 3734 2361 3787 ad
2394 3745 2440 3787 te
2455 3736 2766 3802 pisciculos,
2789 3748 2839 3789 et
2860 3753 2964 3791 non
2985 3748 3040 3791 ut
3070 3748 3215 3792 tnam
3242 3742 3434 3811 ampli-

1855 3821 2095 3875 tudinett
2133 3825 2375 3884 decebat,
2408 3827 2679 3888 misimus,
2729 3831 3194 3882 venerandissime
3212 3831 3434 3885 domine

1857 3923 1908 3964 et
1931 3915 2492 3980 maxinteottitulator:
2524 3918 2879 3971 nihilominus
2906 3929 3084 3970 tamen
3113 3934 3217 3970 non
3242 3919 3432 3973 dubito

1857 4012 1930 4066 te,
1953 4007 2079 4072 quia
2103 4006 2277 4058 multo
2298 4017 2490 4058 cuncta
2513 4009 2830 4062 discernere
2857 4011 2966 4063 scis
2991 4009 3218 4078 judicio.
3239 4020 3291 4064 ct
3313 4027 3432 4063 Ina-

1857 4113 1961 4166 gna
1989 4099 2038 4150 itt
2063 4095 2228 4150 Deutn
2254 4099 2514 4166 religione
2538 4109 2589 4152 et
2618 4101 2815 4168 pietate
2841 4102 3033 4169 polles,
3057 4115 3107 4154 et
3129 4104 3179 4154 in
3202 4113 3433 4169 utroque

1856 4199 2110 4256 paternos
2139 4189 2202 4240 ad
2241 4206 2501 4256 unguem,
2530 4191 2764 4244 imitaris
2790 4208 2971 4246 mores
3000 4211 3013 4256 ;
3045 4195 3202 4246 facile
3227 4195 3430 4258 animo,

1855 4279 1924 4332 ob
1960 4279 2060 4332 hoc
2087 4291 2340 4347 reputare
2364 4292 2480 4347 tuo,
2532 4283 2736 4335 nullam
2788 4285 2944 4338 nobis
2977 4300 3038 4338 ex
3086 4286 3187 4338 hac
3247 4295 3432 4338 nostra

1857 4371 2051 4436 palude
2078 4411 2091 4434 ,
2134 4372 2442 4425 facultatem
2472 4381 2525 4423 ct
2569 4375 2781 4441 copiam
2827 4390 2950 4428 esse
2974 4389 3291 4428 concessam
3321 4418 3335 4440 ,
3381 4388 3434 4428 el.

1855 4461 1969 4513 hzec
1998 4477 2117 4526 quae
2142 4463 2395 4521 mitto,et
2447 4463 2492 4515 si
2551 4478 2739 4531 parva,
2794 4466 2948 4531 quasi
2999 4465 3360 4518 benedictiont
3381 4481 3433 4518 ιιι

1856 4551 2146 4621 quamdam
2187 4563 2240 4604 et
2280 4565 2484 4621 gratam
2507 4554 2906 4622 eleetnosynatn
2960 4556 3195 4608 domina:
3237 4567 3434 4609 nostra!

1861 4643 1952 4694 Dei
2008 4640 2193 4693 Matris
2236 4643 2536 4710 suscipere.
2596 4643 2822 4698 Omnem
2869 4653 3048 4699 autem
3097 4647 3435 4700 benedictio-

2879 4742 3229 4791 constitnam.
3285 4740 3432 4803 Qua-

1863 4833 2082 4891 propter
2118 4825 2215 4876 hac
2243 4825 2435 4878 fiducia
2463 4826 2606 4889 freti,
2631 4827 2744 4880 hzec
2785 4829 2848 4880 ad
2897 4838 2950 4882 te
2995 4846 3216 4884 munera
3245 4833 3433 4883 dei-re-

1863 4912 2042 4965 vitnus
2079 4931 2090 4966 :
2135 4923 2188 4966 et
2229 4916 2273 4966 si
2320 4930 2440 4982 quae
2483 4915 2624 4982 apud
2688 4925 2740 4969 te
2798 4927 2924 4970 sunt
2983 4918 3431 4987 archiepiscopus

1856 5003 1991 5056 bene
2051 5007 2426 5072 perspexerit,
2484 5016 2667 5059 tamen
2725 5008 2776 5061 id
2827 5020 2878 5061 te
2941 5009 3432 5076 jucundosnsce-

1855 5096 2000 5164 pisse
2030 5099 2209 5148 animo
2247 5097 2604 5165 profitelteris.
2657 5099 2712 5152 Si
2748 5114 2876 5152 vero
2913 5115 2942 5151 e
2987 5111 3178 5153 contra
3227 5103 3279 5155 id
3313 5102 3432 5156 fue-

1857 5192 1947 5251 rit,
1995 5190 2200 5243 nostris
2264 5190 2364 5242 hoc
2411 5191 2687 5259 imputabo
2733 5193 2992 5260 peccatis.
3045 5192 3431 5246 Verumtamen

1859 5280 2092 5348 primum
2124 5297 2250 5336 esse
2286 5283 2528 5335 futurum
2554 5300 2660 5337 non
2692 5286 2884 5338 dubito
2906 5295 2958 5338 et
2984 5285 3145 5337 veluti
3177 5282 3432 5336 benedic-

205 5377 368 5431 tiones
409 5380 544 5442 haec,
577 5377 669 5431 Dei
702 5379 951 5446 Sponsa,
987 5391 1105 5445 quae
1131 5375 1336 5429 nullum
1379 5387 1618 5441 unquam
1650 5381 1870 5440 experta
1901 5383 1986 5426 est
2017 5375 2335 5438 thalamum,
2395 5375 2490 5428 tibi
2532 5386 2684 5445 grata
2722 5375 2838 5431 fore
2874 5395 2887 5430 :
2937 5391 3058 5446 qua:
3113 5376 3210 5430 tibi
3277 5390 3405 5429 omn

205 5470 317 5523 vita:
353 5471 525 5540 spatio
592 5471 941 5539 speculatrix,
986 5477 1040 5522 et
1102 5476 1293 5524 custos
1342 5467 1546 5537 praesit,
1577 5475 1629 5518 et
1693 5473 1747 5518 te
1784 5465 1931 5517 omni
1961 5465 2211 5520 detrahat
2244 5467 2436 5522 sceleri
2468 5477 2523 5523 et
2552 5467 2870 5523 calamitati.

1380 5651 1574 5716 Varia
1599 5651 1904 5715 lectiones
1947 5659 2007 5714 et
2049 5661 2236 5716 noue.

274 5795 536 5868 (36)Vide
562 5814 726 5869 supra
757 5801 918 5870 epist.
964 5800 1053 5856 55.
