4240 6440
1341 491 1504 564 599
1537 489 1751 548 EPlS‘l‘.
1789 492 1943 544 l..\'\'.

1093 584 1348 651 Magistro
1381 583 1594 634 damin
1624 580 1824 633 Jommt'
1870 583 2206 636 l'arr'echum.

934 670 1137 727 Ecauid
1208 672 1498 724 retribuam
1543 671 1767 723 Domino
1798 686 1892 737 pro
1925 673 2167 724 omnibus
2208 688 2324 741 qua:
2357 687 2436 725 re-

863 765 1045 818 tribuit
1097 763 1224 816 mihi
1256 764 1346 817 "?
1386 763 1580 815 I'Zduxit
1628 762 1773 814 enim
1831 779 1916 816 me
1971 780 2065 833 per
2118 764 2218 816 uda
2271 764 2438 817 maris

861 855 1017 921 vada,
1058 865 1114 908 ut
1146 871 1252 909 non
1292 856 1363 907 ita
1399 869 1494 922 per
1522 854 1667 907 sicca
1695 861 1857 907 terrae
1884 854 2072 924 jugera
2111 854 2297 910 tutius.
2339 853 2437 907 De-

862 949 1062 1002 labenli
1088 949 1230 1001 cnim
1255 947 1503 1013 procellae
1531 947 1838 1015 imperavit,
1876 958 1927 999 et
1955 946 2098 999 velut
2127 955 2434 1001 cessantem

860 1040 1278 1110 tranquillitatis
1311 1055 1499 1092 auram
1533 1040 1840 1092 constituit.
1869 1038 1950 1092 Me
1975 1054 2002 1090 a
2029 1039 2291 1092 diuturno
2323 1040 2436 1093 Ian-

863 1135 1079 1200 xuentis
1106 1132 1276 1186 morbi
1313 1132 1567 1200 squalore
1598 1130 1922 1191 custodis-it,
1952 1138 2006 1182 ct
2037 1130 2318 1198 praecinxit
2356 1146 2439 1182 me

863 1223 1103 1291 potentia
1138 1230 1194 1275 et
1236 1221 1428 1275 robore
1451 1260 1464 1283 ,
1511 1215 1585 1272 ita
1621 1228 1680 1272 ut
1712 1218 1875 1273 etiam
1915 1220 2152 1288 posteris
2192 1220 2305 1272 lucc
2331 1235 2440 1272 suit

861 1313 1194 1366 a-nmlationi
1229 1321 1283 1364 et
1320 1309 1682 1364 contentioni.
1726 1307 1795 1362 Ut
1829 1310 1937 1365 illis
1991 1310 2108 1363 scio
2148 1310 2438 1378 contigisse

859 1405 1006 1457 circa
1057 1404 1339 1457 Ezechiam
1364 1444 1378 1468 ,
1427 1411 1480 1456 et
1518 1404 1616 1456 hos
1657 1404 1746 1472 qui
1783 1401 2005 1454 ﬂuvium
2037 1402 2256 1456 Chobac
2289 1404 2438 1455 inco-

862 1497 999 1556 lunt,
1029 1495 1119 1561 qui
1152 1510 1474 1561 iungiturqu
1503 1505 1778 1562 ιιιειιιιοιοι·
1809 1493 1910 1546 fuit
1935 1505 1987 1548 et
2013 1495 2436 1564 contemplator,

861 1582 1198 1636 Ezi-tzliiclem
1259 1583 1428 1635 fuisse
1483 1584 1885 1647 vaticinatum;
1942 1584 2163 1653 quando
2231 1585 2439 1638 scilicet

862 1672 984 1722 vita:
1039 1671 1287 1740 spiritum
1332 1677 1385 1722 et
1445 1674 1874 1738 regenerationis
1914 1672 2167 1727 virtutem
2215 1677 2444 1729 mortuis

863 1761 1081 1813 ossibus
1116 1762 1403 1812 renovavit
1425 1764 1491 1816 ".
1527 1762 1605 1816 Ne
1635 1761 1723 1813 illa
1755 1763 1918 1813 etiam
1953 1761 2057 1814 mei
2091 1760 2323 1815 Joannis
2359 1778 2442 1816 re-

862 1861 1065 1916 petam,
1091 1849 1233 1902 Petri
1263 1866 1482 1904 socrum
1508 1861 1560 1904 et
1611 1851 1778 1919 reguli
1805 1851 1971 1902 tilium
1993 1860 2046 1904 et
2085 1849 2443 1919 hydropicum
2480 1845 2519 1899 Π
2550 1845 2722 1936 Χάρις

861 1942 915 1986 et
945 1935 1330 2002 paralyticuin,
1363 1953 1428 1990 ex
1459 1937 1673 1991 ardenti
1710 1937 1876 1991 febris
1909 1947 2044 1992 testu
2097 1939 2150 2014 in
2210 1939 2437 1993 hilarem

865 2029 988 2078 vitae
1023 2027 1419 2082 recreatioueui
1447 2030 1699 2092 eductos,
1729 2044 1794 2081 ex
1827 2031 2016 2083 morbo
2049 2030 2337 2084 restitutos
2374 2030 2439 2083 ad

864 2117 1040 2179 vires,
1076 2124 1129 2166 et
1174 2131 1239 2168 ex
1281 2117 1646 2168 ummbrorum
1681 2117 1954 2170 solutione
1993 2126 2047 2169 et
2091 2117 2438 2179 remissione,

865 2213 988 2270 apta
1053 2215 1105 2256 et
1172 2208 1326 2256 lirma
1409 2206 1733 2274 compagine
1801 2207 2161 2275 compositos.
2254 2205 2439 2261 Gratia

863 2296 1028 2363 igitur
1055 2299 1126 2351 sit
1173 2298 1250 2350 illi
1282 2298 1373 2366 qui
1431 2300 1603 2368 gratis
1659 2314 1759 2351 nos
1799 2300 1919 2354 vitte
1975 2309 2030 2352 et
2083 2300 2246 2353 saluti
2311 2300 2437 2353 red-

863 2386 1024 2452 didit,
1067 2396 1120 2440 ct
1195 2403 1324 2451 nou,
1389 2400 1444 2441 ut
1474 2397 1787 2442 nostrorum
1819 2398 1904 2442 est
1931 2392 2199 2442 scelerum
2236 2390 2411 2458 iniqui

865 2488 973 2537 tas.
1001 2479 1284 2531 nobiscum
1317 2495 1375 2532 se
1406 2482 1600 2550 gessit,
1631 2480 1723 2534 sed
1758 2483 1873 2550 ipsa
1905 2483 2137 2534 crimina
2170 2484 2436 2551 despexit,

863 2579 914 2622 et
945 2571 1231 2638 culparum
1269 2579 1452 2626 reatus
1485 2571 1748 2640 praelerit.
1782 2571 1910 2625 Mihi
1953 2576 2098 2624 enim
2121 2613 2135 2636 ,
2177 2573 2438 2626 illustris-

863 2661 1001 2714 sime
1032 2661 1272 2723 domine,
1302 2662 1427 2715 dum
1456 2678 1646 2716 navem
1684 2665 2135 2726 conscrndercm,
2169 2665 2286 2718 dies
2314 2666 2439 2733 qui-

864 2752 986 2804 dem
1013 2753 1209 2815 illuxit,
1243 2753 1296 2805 in
1342 2768 1450 2820 quo
1483 2764 1824 2809 constantem
1864 2756 1964 2809 via:
1993 2770 2214 2808 cursum
2250 2771 2438 2823 spera-

867 2843 1008 2898 bam.
1036 2851 1090 2895 et
1115 2854 1264 2896 certe
1292 2848 1521 2897 acerbus
1556 2854 1751 2911 praeter
1781 2860 1996 2898 onmem
2030 2861 2183 2914 spem
2210 2845 2438 2914 contigit

866 2947 1015 2987 asus.
1047 2931 1181 2985 Nam
1218 2949 1302 2987 mc
1339 2949 1564 2997 nausea,
1604 2944 1652 2987 et
1678 2936 1868 2999 saliva,
1895 2943 1947 2990 et
1976 2937 2066 3004 qui
2097 2937 2220 2988 inde
2252 2940 2435 3002 sequi-

865 3030 955 3074 tur
1003 3023 1237 3076 vomitus
1282 3031 1336 3077 et
1382 3025 1563 3078 omnis
1584 3033 1836 3094 egestus.
1873 3034 1926 3077 et
1957 3029 2188 3079 eductus
2220 3029 2434 3089 humor,

868 3115 1042 3169 crudo
1075 3125 1129 3171 et
1155 3118 1295 3170 male
1319 3117 1644 3170 consistenti
1686 3115 1838 3171 fusus
1867 3120 2097 3187 liquore.
2130 3127 2184 3171 et
2213 3117 2430 3171 tandem

869 3209 1037 3261 multa
1069 3207 1194 3263 bilis
1224 3209 1402 3278 portio
1447 3225 1534 3263 me
1583 3211 1802 3264 invasit.
1834 3211 2078 3278 Cumque
2119 3227 2308 3280 parum
2344 3212 2438 3264 lio-
2466 3181 2509 3243 ε

871 3316 992 3352 rum
1026 3310 1268 3356 cessaret
1301 3316 1615 3370 gravamen,
1639 3317 1765 3356 ecce
1800 3304 1991 3356 iterum
2028 3304 2214 3358 eadem
2249 3321 2437 3374 super-

873 3393 1124 3454 veniunt,
1154 3393 1259 3446 nisi
1299 3393 1443 3460 quod
1467 3393 1589 3447 bilis
1619 3403 1748 3447 tunc
1797 3395 2076 3461 cepiosior
2129 3396 2249 3457 fuit,
2291 3405 2343 3447 et
2380 3396 2432 3447 in

871 3483 990 3550 ipso
1029 3484 1175 3536 exitu
1237 3485 1406 3537 multo
1454 3485 1682 3540 acrioris
1715 3486 1990 3551 humoris;
2054 3487 2432 3542 existimatam

870 3575 1017 3626 enim
1060 3583 1266 3626 certam
1311 3583 1592 3642 quartanae
1633 3576 1796 3630 febris
1858 3577 2333 3648 signiﬁcationem,
2381 3587 2437 3630 ut

870 3678 1151 3717 assuerain
1177 3680 1259 3716 me
1275 3666 1478 3730 subire,
1500 3682 1621 3735 qua:
1655 3666 1871 3736 quidem
1913 3678 1967 3719 et
1997 3669 2223 3720 humore
2251 3677 2303 3719 et
2329 3667 2436 3720 bile

874 3765 930 3808 ut
953 3765 1172 3823 sputum
1210 3765 1291 3810 est
1308 3757 1502 3825 ejecta.
1536 3761 1712 3828 Atque
1737 3760 1809 3812 ita
1858 3769 2035 3813 metus
2065 3761 2243 3814 inanis
2273 3775 2436 3813 aciu-

871 3847 1052 3899 sahar.
1081 3847 1291 3900 Rursus
1321 3849 1504 3916 itaque
1534 3849 1652 3902 dies
1688 3850 1922 3902 abeundi
1965 3850 2206 3914 advenit,
2244 3859 2296 3903 et
2337 3868 2437 3919 ego

875 3940 1040 3991 miser
1056 3949 1249 3992 cuncta
1272 3955 1414 4008 aegra
1447 3955 1542 4008 spe
1558 3940 2035 4006 exhorrescebam,
2067 3953 2118 3995 et
2139 3942 2278 3996 Deus
2298 3946 2435 3998 idem

877 4028 982 4082 fuit
1036 4039 1089 4082 et
1118 4045 1224 4082 non
1260 4031 1442 4092 alius;
1496 4040 1548 4084 et
1615 4046 1772 4084 omne
1804 4033 2004 4085 malum
2039 4034 2282 4098 evanuit,
2339 4050 2440 4088 nec

874 4120 995 4186 ejus
1025 4121 1173 4172 locus
1206 4122 1440 4188 amplius
1474 4121 1730 4177 inventus
1787 4133 1890 4177 est.
1947 4124 2106 4177 Nunc
2149 4125 2437 4178 Thessalo-

877 4213 1012 4264 nica:
1067 4212 1164 4265 tibi
1220 4212 1512 4265 incolumis
1561 4229 1645 4265 me
1675 4214 1834 4275 sisto,
1859 4222 1914 4266 et
1939 4217 2028 4281 qui
2058 4217 2205 4278 gravi
2247 4217 2438 4269 morbo

875 4319 1168 4370 percuSSus
1213 4303 1311 4365 fui,
1335 4303 1525 4357 adsum
1563 4305 1654 4357 illo
1708 4305 1942 4362 solutus.
1995 4308 2058 4360 Et
2089 4309 2188 4360 hoc
2223 4310 2439 4376 quidem

877 4396 1009 4448 itlud
1070 4394 1192 4458 fuit,
1251 4396 1394 4464 quod
1459 4399 1674 4449 doctum
1724 4400 1974 4467 adagiuut
2035 4402 2281 4469 evulgat,
2318 4417 2441 4456 esse

873 4487 1081 4539 scilicet
1101 4501 1258 4539 suum
1283 4485 1374 4539 bili
1407 4487 1604 4539 bonum
1641 4488 1774 4557 (97).
1814 4489 1988 4541 Etiam
2019 4490 2218 4543 alicubi
2245 4489 2393 4545 futur

879 4579 1212 4646 temporibus
1258 4590 1432 4632 tecum
1480 4579 1669 4648 jocose
1720 4580 2128 4638 confabulabor.
2177 4583 2441 4648 Quoniam

877 4669 1071 4736 ingens
1111 4668 1372 4722 ﬂuctuum
1415 4683 1578 4724 estus
1631 4669 1741 4736 jam
1771 4687 2021 4726 serenum
2066 4678 2208 4727 aeris
2242 4685 2441 4728 statum

877 4762 1030 4827 quasi
1058 4769 1212 4827 grato
1236 4761 1377 4813 laxat
1397 4761 1655 4822 decursu.
1685 4770 1738 4814 et
1757 4765 2091 4818 tumultuosa
2109 4768 2446 4833 perturbatio

877 4865 1088 4919 pacem.
1133 4853 1197 4905 Et
1226 4866 1425 4921 corpus
1463 4851 1606 4906 vitiis
1625 4855 1889 4908 stomachi
1920 4854 2108 4909 elfusis
2132 4857 2244 4924 jam
2277 4859 2441 4912 robus

878 4943 1018 4995 stius
1049 4940 1315 5005 redditur,
1345 4941 1650 5012 fortiusque
1675 4945 1982 5000 invalescit.
2015 4947 2119 5000 Sed
2173 4954 2288 5002 haec
2318 4952 2443 5018 qui-

877 5033 999 5085 dem
1062 5032 1346 5086 hactenus.
1402 5032 1612 5085 Cuncta
1672 5045 1852 5088 autcm
1907 5037 1959 5089 in
2013 5039 2213 5106 quibus
2253 5043 2446 5096 Acliris

877 5131 1146 5184 versatur,
1183 5123 1340 5192 plena
1372 5124 1532 5192 700
1571 5125 1797 5181 horrent
1831 5138 2000 5189 metu.
2034 5140 2089 5183 et
2133 5132 2248 5198 ipsa
2299 5137 2444 5204 pari-

877 5221 959 5267 ter
988 5212 1154 5268 Moeri
1197 5216 1342 5284 regio
1375 5217 1478 5286 (est
1507 5227 1685 5273 autem
1717 5219 1932 5275 Mocrus
1983 5223 2237 5282 Achridis
2266 5230 2438 5300 pars),

949 5409 997 5440 "
1026 5408 1164 5464 Psal.
1210 5411 1413 5473 xv,12.
1491 5413 1540 5444 “
1566 5415 1759 5468 Ezech.
1803 5433 2008 5477 xxxvu.
2065 5422 2085 5473 l
2143 5436 2297 5491 seqq.

1790 381 1888 438 ΤΗ
1905 381 2369 440 ΕΟΡΗΥΙΛΠΤῘ
2415 382 2748 443 BUl.G.—\Rl
2767 385 2825 443 ,Ε
2868 385 3061 446 ARCH
3081 387 3094 445 l
3112 388 3219 448 ΕΡ.

3172 501 3400 555 ΕΠΙΣΤ.

2630 589 2711 652 Τῷ
2739 594 3047 658 μαγίστιῳ
3083 598 3268 660 κυρίῳ
3318 596 3566 666 Ἰωάννῃ
3601 599 3681 664 τῷ
3714 601 3908 654 Πηντέ
3938 620 4052 668 ¹νῃ.

2624 680 2728 732 Καὶ
2761 683 2818 732 τί
2846 682 3253 736 ἀνταποδώσω
3283 685 3363 750 τῷ
3387 691 3584 756 Κιερίῳ
3610 692 3742 758 περὶ
3778 692 4025 745 πάντων
4049 687 4126 746 ὧι·

2547 771 2934 825 ἁνταπέδωκέ
2958 792 3057 842 μοι
3088 792 3105 838 ;
3159 779 3401 846 Διήγαγε
3428 779 3514 831 διὰ
3550 783 3646 850 τῆς
3718 785 3891 854 ὑγρᾶς
3954 786 4125 849 οὕτως

2549 862 2827 928 ἀσφαλῶς,
2857 865 2930 927 ὡς
2963 867 3081 920 οὐδὲ
3107 868 3194 921 διὰ
3218 870 3411 940 ξηρᾶς.
3451 872 3713 941 Ἐπέταξε
3737 881 3804 948 τῇ
3827 880 4121 947 καταιγὶδι,

2551 953 2641 1005 καὶ
2668 954 2798 1024 ἔστη
2831 959 2910 1019 εἰς
2946 957 3150 1024 αὖραν
3183 962 3469 1027 ἀσθενείας
3490 966 3838 1038 πολυημέρου
3869 971 4123 1037 ἐρύσαιτ’,

2551 1048 2641 1098 κ;-ὶ
2673 1049 2972 1116 περιέζωσε
3016 1051 3245 1122 δύναμιν
3281 1072 3295 1086 ο
3329 1056 3404 1119 ὼς
3444 1061 3554 1122 τοῖς
3615 1061 3781 1114 παλαι
3851 1057 3990 1116 εἶναι
4063 1067 4124 1117 τὰ

2551 1137 2644 1188 νῦν
2674 1140 2968 1209 ἐφάμιλλα,
3001 1137 3115 1196 οἷον
3154 1150 3265 1211 τοῖς
3319 1149 3450 1218 περὶ
3487 1151 3576 1202 τὸν
3657 1153 3908 1215 Ἐζεκίαν
3979 1157 4119 1224 λέγω

2552 1230 2645 1280 καὶ
2686 1233 2797 1293 τοῖς
2828 1233 2885 1284 ἐν
2915 1236 2992 1303 τῷ
3026 1239 3255 1307 ποταμῷ
3319 1241 3507 1312 Χοϐὰρ
3557 1245 3632 1314 τῷ
3679 1246 3788 1299 τῶν
3874 1249 4124 1315 μεγάλαν

2553 1321 2763 1394 ἐπίπτῃ
2791 1321 3138 1396 θεωρηθῆναι
3188 1329 3453 1401 Ἰεζεκιήλ
3491 1351 3502 1363 ·
3538 1336 3625 1388 ὅτε
3671 1338 3872 1409 δηλαδὴ
3899 1340 4123 1410 πνεῦμα

2551 1409 2696 1480 ζωῆς
2728 1415 2820 1466 καὶ
2867 1415 3314 1486 παλιγγενεσίας,
3359 1428 3572 1494 νεκροῖς
3609 1427 3826 1491 ὀστέοις
3853 1433 4072 1484 ὲνεκαιν
4097 1460 4121 1473 -

2552 1504 2674 1566 ζετο
2698 1523 2709 1533 ·
2747 1507 2833 1560 ἵνα
2875 1510 2948 1578 μὴ
2973 1511 3116 1578 λέγω
3146 1514 3214 1566 τὰ
3247 1514 3341 1568 τοῦ
3368 1517 3500 1586 ἐμοῦ
3550 1521 3820 1585 Ἰωάννου,
3858 1524 4124 1594 πενθερὰν

2555 1593 2782 1662 Πέτρου,
2818 1599 3212 1669 καὶβασιλικοῦ
3239 1605 3378 1668 υἱὸν,
3411 1607 3507 1660 καὶ
3539 1609 3875 1679 ὑδρωπικδν,
3902 1613 3998 1664 καὶ
4025 1593 4124 1666 πα-

2555 1684 2805 1754 ρσὶλυτον,
2850 1693 2915 1744 ἐκ
2966 1694 3204 1761 πυρετοῦ
3239 1698 3702 1768 ἀναψυχομένους,
3749 1706 3814 1756 ἐκ
3868 1705 4124 1772 καχεξίας

2551 1777 3045 1850 εὐκρατουμένους,
3109 1789 3174 1839 ἐκ
3240 1791 3523 1862 παρέσεως
3591 1798 4120 1867 συναρμοζομὲνους.

2740 1868 2834 1924 οὖν
2869 1875 2946 1945 τῷ
2975 1876 3185 1946 δωρεὰν
3253 1883 3501 1948 σώζοντι,
3565 1890 3660 1938 καὶ
3717 1890 3974 1959 μὴκατὰ
4028 1893 4122 1953 τὰς

2545 1959 2777 2027 ἀνομίας
2811 1964 2972 2033 ἡμῶν
3008 1968 3278 2032 ποιοῦντι,
3310 1973 3424 2025 ἀλλ’
3454 1975 3728 2048 ἁμαρτίας
3787 1983 4118 2050 παρορῶντι,

2542 2051 2636 2101 καὶ
2663 2053 2980 2124 ἐγκλήματα
3003 2060 3402 2130 ὑπερϐαίνοντι.
3422 2065 3576 2135 Ἐμοὶ
3601 2070 3710 2140 γὰρ
3735 2110 3748 2134 ,
3770 2071 4118 2142 λαμπρότατε

2546 2159 2646 2234 μου
2671 2146 2929 2214 «seem,
2968 2152 3222 2206 ἐπιϐάντι
3252 2158 3346 2211 τοῦ
3378 2161 3561 2214 πλοίου
3583 2166 3785 2233 (ἡμέρα
3817 2165 3871 2216 δὲ
3904 2161 3972 2234 ἦν
4000 2166 4118 2219 καθ’

2542 2233 2608 2302 ἦν
2646 2253 2737 2304 μοι
2764 2239 2796 2308 ή
2825 2243 3072 2310 περίοδος
3110 2248 3600 2322 προσδοκήσιμος),
3635 2233 3938 2326 ἐπισυνέϐη
3978 2263 4117 2326 πρᾶ-

2542 2341 2659 2394 γμα
2695 2329 2873 2398 πάσης
2902 2334 3115 2399 ἐλπίδος
3185 2337 3448 2410 ἐξώτερον
3472 2359 3495 2397 .°
3551 2347 3764 2410 ναυτία,
3807 2350 3900 2402 καὶ
3960 2350 4120 2401 etsi:-

2543 2420 2699 2487 σμὸς,
2728 2424 2821 2474 καὶ
2852 2425 2913 2476 τὸ
2936 2430 3407 2503 παρακολούθημα
3447 2436 3662 2506 ἔμετος,
3708 2446 3799 2494 καὶ
3857 2443 3919 2494 τὸ
3961 2445 4119 2510 ἐκψ-

2542 2512 2812 2582 ροὺμενον
2837 2517 3004 2585 ὑγρὸν
3037 2522 3187 2592 ὠμὸν
3235 2530 3329 2580 καὶ
3382 2531 3683 2586 ἀσύστατον
3711 2551 3724 2565 ·
3767 2539 3906 2590 κάπὶ
3933 2538 4010 2605 τῷ
4034 2541 4117 2588 τέο

2539 2603 2641 2664 λει,
2692 2608 2855 2676 χολῆς
2906 2628 2955 2662 τι
2991 2614 3176 2682 μέρος.
3229 2619 3442 2691 Μικρὸν
3487 2623 3542 2674 δὲ
3572 2626 3905 2688 διαλιποῦσι,
3959 2603 4115 2681 πάλιν

2540 2694 2604 2746 τὰ
2648 2699 2787 2749 αὐτὰ
2815 2739 2827 2759 ,
2863 2701 3000 2769 πλὴν
3028 2705 3152 2757 ὅσον
3248 2712 3374 2780 χολὴ
3404 2714 3623 2779 πλείων,
3653 2722 3753 2769 κάν
3783 2722 3846 2788 τῇ
3901 2719 4115 2791 διεξῶῳ

2540 2785 2702 2838 πλέον
2740 2789 3131 2859 δριμύττουσα.
3156 2799 3505 2868 Προσεδόκων
3537 2805 3637 2874 μὲν
3661 2804 3752 2860 οὖν
3769 2811 3861 2860 καὶ
3885 2811 3983 2878 τὴν
4003 2812 4116 2862 ἐπι-

2540 2882 2818 2945 σημασίαν
2844 2884 2935 2935 τοῦ
2970 2891 3296 2959 τεταρταίου
3330 2896 3603 2965 συμϐῆναι
3630 2902 3770 2951 κατᾱ
3786 2901 3844 2953 τὸ
3870 2901 4090 2972 σύνηθες

2552 2965 2607 3018 ’0
2636 2970 2690 3021 δὲ
2718 2971 2829 3063 δρα
2862 2975 2938 3044 τῷ
2976 2982 3135 3049 χυμῷ
3186 2985 3277 3036 καὶ
3317 2988 3380 3055 τῇ
3415 2989 3542 3057 χολῇ
3581 2992 3960 3045 συναπέπτυτο
3984 2965 4115 3063 Π.-

2540 3073 2610 3151 πυ
2622 3059 2760 3151 sto].
2784 3065 2872 3114 καὶ
2889 3067 3052 3131 φόϐον
3075 3069 3278 3138 ἄφοϐον
3301 3074 3571 3146 ἠλέγχθην
3589 3059 4116 3151 φοϐούμενοςῘίικεν

2544 3148 2698 3212 αὖθις
2722 3154 2906 3224 ἡμέρα
2935 3162 3210 3229 περιόδου,
3244 3167 3336 3216 καὶ
3357 3167 3681 3234 δυσελπίσας
3712 3174 3738 3224 6
3785 3175 3964 3228 πάντα
4010 3177 4113 3228 δει-

2545 3239 2633 3299 λὸς
2666 3241 2797 3307 ἐγὼ,
2842 3249 2932 3297 καί
2959 3251 2986 3298 6
3020 3249 3154 3313 Θεὸς
3184 3255 3210 3305 ὁ
3240 3255 3404 3320 αὐτὸς
3438 3253 3532 3328 ἦν,
3571 3264 3662 3314 καὶ
3690 3263 3790 3315 οὐκ
3813 3264 4070 3332 ἠλλοίωτο
4099 3282 4111 3294 ⁸

2546 3333 2640 3383 καὶ
2677 3336 2908 3401 φροῦδον
2936 3339 2996 3389 τὸ
3030 3345 3200 3396 κακόν
3234 3360 3248 3373 ·
3291 3349 3386 3399 καὶ
3455 3352 3553 3418 οὐχ
3622 3353 3820 3422 εὑρέοη
3873 3356 3900 3406 ὁ
3959 3358 4116 3419 τόπος

2547 3424 2733 3477 αὐτοῦ.
2778 3427 2886 3480 Καὶ
2913 3428 3008 3480 νῦν
3043 3432 3543 3506 ἀποσέσωσμ-αίσοι
3587 3445 3728 3494 κατὰ
3783 3445 3880 3515 τὴν
3911 3447 3981 3498 ea
4005 3465 4115 3500 :51-

2546 3512 2763 3583 λονίκην
2799 3519 2825 3568 ὁ
2856 3518 3161 3587 βαρύνοσος
3184 3525 3371 3589 ἄνεσος
3404 3529 3538 3600 (98).
3584 3535 3690 3585 Καὶ
3748 3535 3895 3588 τοῦτ’
3946 3541 4115 3592 ἐκεῖνο

2545 3597 2612 3670 ἦν
2642 3605 2748 3672 ἄρα
2772 3607 2871 3674 τῆς
2903 3613 3202 3680 παροιμέας
3235 3619 3419 3685 σοξρὸν,
3456 3621 3528 3683 ὡς
3569 3623 3685 3675 ἔστι
3721 3643 3771 3676 τι
3835 3628 3927 3680 καὶ
3955 3629 4115 3697 χολῆς

2544 3695 2757 3761 ὄξελος.
2813 3700 2918 3751 Καί
2946 3717 3049 3754 που
3108 3709 3221 3768 τοῖς
3282 3713 3420 3776 μετὰ
3480 3714 3648 3765 ταῦτα
3701 3717 3914 3784 χρόνοις
3958 3695 4115 3771 δώσω

2551 3789 2882 3858 παρῴδημα,
2917 3795 2999 3844 ὃτι
3024 3795 3231 3849 κλύδων
3260 3802 3443 3854 εὐδίαν
3471 3807 3779 3875 χαρίζεται,
3822 3810 3916 3860 καὶ
3961 3811 4113 3878 τάρι-

2549 3895 2637 3945 χος
2676 3882 2899 3950 εἰρήνην
2926 3899 2940 3912 ·
2984 3886 3078 3937 καὶ
3103 3888 3370 3956 ῥώννυται
3422 3895 3584 3963 σῶμα
3613 3901 3730 3958 ταῖς
3769 3897 3862 3949 τοῦ
3920 3905 4115 3968 στομά-

2547 3985 2642 4036 χου
2675 3972 3007 4027 κακώσεσιν.
3037 3976 3207 4030 Ἀλλὰ
3237 3981 3409 4035 ταῦτα
3440 3986 3538 4052 μὲν
3567 3989 3756 4059 ταύτῃ.
3779 3992 3860 4042 Τὰ
3890 3992 3944 4044 δὲ
3980 3997 4113 4046 κατὰ

2549 4061 2648 4128 τὴν
2691 4062 2906 4132 Ἀκρίδα
2956 4068 3134 4123 πάντα
3182 4071 3348 4138 φόϐου
3405 4079 3595 4142 μεστά.
3623 4083 3732 4133 Καὶ
3776 4082 3835 4135 τὸ
3881 4084 3974 4136 τοῦ
4000 4086 4111 4138 Μό-

2548 4167 2680 4221 κρου
2720 4156 2884 4225 μέρος
2913 4158 2961 4224 (ὁ
3009 4161 3066 4212 δὲ
3112 4163 3332 4233 Μάκρος
3395 4169 3498 4236 τῆς
3573 4171 3815 4239 Ἀχρξδος
3879 4175 4110 4243 τμῆμα),

2559 4245 2705 4310 παρὰ
2732 4247 2825 4298 τοῦ
2885 4250 3074 4304 δούλου
3107 4255 3199 4305 καὶ
3234 4257 3543 4312 ἁποστὰτου
3590 4260 3884 4331 λεληῖσται.
3954 4266 4018 4317 'H
4062 4267 4114 4317 δὲ

2551 4337 2768 4405 Βλγορὰ
2799 4339 2944 4409 (ὅρος
2970 4341 3025 4394 δὲ
3054 4343 3191 4413 αὓτη
3224 4349 3517 4418 πάμμεγα,
3559 4354 3650 4404 καὶ
3683 4357 3790 4415 τοῖς
3822 4355 4115 4425 Βουλγαρ.-

2552 4427 2667 4484 κοῖς
2698 4427 2790 4478 καὶ
2826 4431 3190 4500 Δυρραχικοῖς
3224 4435 3375 4505 ὄρεσι
3438 4442 3761 4509 μεσιτεῦον),
3811 4446 3964 4514 παρὰ
4026 4447 4112 4498 τοῦ

2399 4507 2443 4546 ¹³
2472 4519 2524 4577 D
2554 4516 2817 4587 ἁντάρτου
2859 4521 3214 4587 φυλάττεται.
3269 4529 3379 4579 Καὶ
3410 4533 3638 4594 συνόλως
3679 4536 3876 4598 εἰπεῖν,
3939 4538 4115 4607 πάντη

2551 4607 2717 4660 κακὸν
2751 4611 2936 4673 κακῶς
2987 4614 3329 4686 ἐστήρικται,
3394 4622 3556 4675 una
3617 4625 3926 4696 θαρροῦμεν
3977 4628 4113 4696 Θεῷ,

2551 4697 2644 4748 καὶ
2681 4702 2792 4761 τοῖς
2820 4702 2914 4752 τοῦ
2938 4708 3232 4774 κρατίστου
3281 4711 3543 4778 βασιλέως
3603 4717 3829 4783 ἀγῶσιν,
3898 4720 3982 4771 ὅτι
4050 4725 4112 4787 τῇ

2552 4789 2727 4859 σαὺρᾳ
2761 4791 2892 4857 γοῦν
2921 4795 3094 4867 ταύτῃ
3133 4797 3397 4871 θαλφθείη
3449 4807 3568 4868 ταῖς
3623 4807 3730 4858 τῶν
3785 4808 4114 4878 εὐεργεσιιῖιν

2551 4879 2645 4930 τοῦ
2674 4881 2934 4948 βασιλέως
2963 4889 3169 4956 ἀκτῖσι,
3191 4893 3285 4944 καὶ
3308 4894 3393 4947 διὰ
3425 4896 3582 4950 τοῦτο
3600 4899 3839 4969 κεφαλὴν
3876 4902 4114 4970 ἀράσσῃ,

2553 4970 2661 5021 οὐδ’
2693 4971 2842 5024 ἐστιν
2880 4976 3018 5028 ὅπου
3057 4979 3210 5034 ἕσται
3240 4985 3552 5048 κατάδυσις.
3594 4988 3654 5042 ’0
3682 4990 3888 5058 γάρτοι
3921 4995 4117 5046 πανσέ-

2551 5060 2752 5123 6αστος
2789 5065 3052 5130 σεϐαστὸς
3106 5073 3202 5123 καὶ
3252 5079 3716 5150 πρωτοστράτωρ,
3775 5080 3963 5151 κύριος
4009 5085 4111 5136 M2-

2549 5152 2708 5219 χαὴλ,
2741 5157 2889 5222 παρὰ
2917 5158 3009 5210 τοῦ
3048 5160 3313 5229 βασιλέως
3364 5168 3583 5240 ἐστάλη,
3625 5172 3709 5239 ἐφ’
3867 5173 4111 5236 συλλέξαι

2547 5260 2604 5294 τε
2649 5245 2870 5314 ἄνδρας,
2905 5252 2999 5301 καὶ
3029 5253 3107 5322 τῷ
3142 5256 3457 5328 καθάρματι
3519 5264 3934 5326 ἀντιτάξασθαι.
4006 5264 4109 5318 Καὶ

2104 5542 2302 5603 Varia)
2333 5543 2637 5608 lectiones
2682 5557 2742 5610 et
2786 5556 2972 5612 noto.

1087 5653 1219 5739 [Eilis
1269 5658 1323 5711 iu
1380 5662 1647 5739 naribus,_
1684 5679 1836 5730 prov.
1894 5666 1950 5721 in
1985 5667 2296 5724 Theocrito.
2336 5669 2443 5735 Ira,
2483 5685 2645 5726 causa
2679 5674 3034 5734 fortitudinis.
3065 5682 3289 5736 Aristot.
3321 5682 3373 5736 in
3396 5682 3619 5739 Etliicis.

949 5725 1062 5793 (98)
1106 5728 1380 5792 Ἀνεσος.
1416 5728 1594 5786 Sei’tb.
1619 5725 1829 5798 ἄνοσος.
