  <div class='ocr_page' id='page_1' title='image "/cluster/home/n/w/nwhite01/storage/ocr_20150623/126/nnc1.0046979859/250.png"; bbox 0 0 4240 6440; ppageno 0'>
   <div class='ocr_carea' id='block_1_1' title="bbox 197 493 1471 569">
    <p class='ocr_par' dir='ltr' id='par_1_1' title="bbox 197 493 1471 569">
     <span class='ocr_line' id='line_1_1' title="bbox 197 493 1471 569; baseline -0.011 -15"><span class='ocrx_word' id='word_1_1' title='bbox 197 503 262 569; x_wconf 72' lang='grc' dir='ltr'>δὴ</span> <span class='ocrx_word' id='word_1_2' title='bbox 295 496 561 563; x_wconf 73' lang='grc' dir='ltr'>συλλέγει,</span> <span class='ocrx_word' id='word_1_3' title='bbox 596 496 687 549; x_wconf 73' lang='grc' dir='ltr'>καὶ</span> <span class='ocrx_word' id='word_1_4' title='bbox 717 496 780 562; x_wconf 82' lang='grc' dir='ltr'>δὴ</span> <span class='ocrx_word' id='word_1_5' title='bbox 839 494 1135 561; x_wconf 78' lang='grc' dir='ltr'>προσδαλεῖ</span> <span class='ocrx_word' id='word_1_6' title='bbox 1196 511 1253 545; x_wconf 84' lang='grc' dir='ltr'>τε</span> <span class='ocrx_word' id='word_1_7' title='bbox 1302 493 1471 560; x_wconf 71' lang='grc' dir='ltr'>αὐτῷ,</span> 
     </span>
    </p>
   </div>
   <div class='ocr_carea' id='block_1_2' title="bbox 200 582 1769 661">
    <p class='ocr_par' dir='ltr' id='par_1_2' title="bbox 200 582 1769 661">
     <span class='ocr_line' id='line_1_2' title="bbox 200 582 1769 661; baseline -0.008 -18"><span class='ocrx_word' id='word_1_8' title='bbox 200 592 353 661; x_wconf 74' lang='grc' dir='ltr'>χώρᾳ</span> <span class='ocrx_word' id='word_1_9' title='bbox 394 589 561 641; x_wconf 68' lang='grc' dir='ltr'>αὑτοῦ</span> <span class='ocrx_word' id='word_1_10' title='bbox 621 586 872 657; x_wconf 78' lang='grc' dir='ltr'>έμσαλεῖ.</span> <span class='ocrx_word' id='word_1_11' title='bbox 942 586 1051 638; x_wconf 76' lang='grc' dir='ltr'>Καὶ</span> <span class='ocrx_word' id='word_1_12' title='bbox 1104 588 1132 637; x_wconf 90' lang='grc' dir='ltr'><strong>ὀ</strong></span> <span class='ocrx_word' id='word_1_13' title='bbox 1190 585 1410 652; x_wconf 86' lang='grc' dir='ltr'>ἀμύνων</span> <span class='ocrx_word' id='word_1_14' title='bbox 1460 586 1591 652; x_wconf 72' lang='grc' dir='ltr'>ἡμῖν</span> <span class='ocrx_word' id='word_1_15' title='bbox 1640 582 1769 642; x_wconf 83' lang='grc' dir='ltr'>Θεὸς</span> 
     </span>
    </p>
   </div>
   <div class='ocr_carea' id='block_1_3' title="bbox 198 674 1769 751">
    <p class='ocr_par' dir='ltr' id='par_1_3' title="bbox 198 674 1769 751">
     <span class='ocr_line' id='line_1_3' title="bbox 198 674 1769 751; baseline -0.008 -17"><span class='ocrx_word' id='word_1_16' title='bbox 198 682 342 751; x_wconf 73' lang='grc' dir='ltr'>ἣξει,</span> <span class='ocrx_word' id='word_1_17' title='bbox 379 682 472 734; x_wconf 78' lang='grc' dir='ltr'>καὶ</span> <span class='ocrx_word' id='word_1_18' title='bbox 499 681 559 733; x_wconf 80' lang='grc' dir='ltr'>οὐ</span> <span class='ocrx_word' id='word_1_19' title='bbox 609 680 815 747; x_wconf 81' lang='grc' dir='ltr'>χρονιεῖ</span> <span class='ocrx_word' id='word_1_20' title='bbox 846 680 982 730; x_wconf 79' lang='grc' dir='ltr'>’καὶ</span> <span class='ocrx_word' id='word_1_21' title='bbox 1035 679 1062 729; x_wconf 86' lang='grc' dir='ltr'><strong>ὁ</strong></span> <span class='ocrx_word' id='word_1_22' title='bbox 1119 675 1301 738; x_wconf 74' lang='grc' dir='ltr'>δοῦλος</span> <span class='ocrx_word' id='word_1_23' title='bbox 1371 674 1653 743; x_wconf 73' lang='grc' dir='ltr'>Ἰεροϐοάμ</span> <span class='ocrx_word' id='word_1_24' title='bbox 1705 674 1769 741; x_wconf 77' lang='grc' dir='ltr'>τῇ</span> 
     </span>
    </p>
   </div>
   <div class='ocr_carea' id='block_1_4' title="bbox 201 760 1770 841">
    <p class='ocr_par' dir='ltr' id='par_1_4' title="bbox 201 760 1770 841">
     <span class='ocr_line' id='line_1_4' title="bbox 201 760 1770 841; baseline -0.007 -17"><span class='ocrx_word' id='word_1_25' title='bbox 201 773 511 841; x_wconf 67' lang='grc' dir='ltr'>ἀποστασία</span> <span class='ocrx_word' id='word_1_26' title='bbox 549 766 689 821; x_wconf 67' lang='grc' dir='ltr'>κατὰ</span> <span class='ocrx_word' id='word_1_27' title='bbox 720 767 846 829; x_wconf 81' lang='grc' dir='ltr'>τοὺς</span> <span class='ocrx_word' id='word_1_28' title='bbox 867 764 1208 833; x_wconf 79' lang='grc' dir='ltr'>Σολομῶντος</span> <span class='ocrx_word' id='word_1_29' title='bbox 1266 766 1491 833; x_wconf 77' lang='grc' dir='ltr'>χρόνους</span> <span class='ocrx_word' id='word_1_30' title='bbox 1518 760 1770 813; x_wconf 74' lang='grc' dir='ltr'>ἐπιϐαλό-</span> 
     </span>
    </p>
   </div>
   <div class='ocr_carea' id='block_1_5' title="bbox 203 853 1767 933">
    <p class='ocr_par' dir='ltr' id='par_1_5' title="bbox 203 853 1767 933">
     <span class='ocr_line' id='line_1_5' title="bbox 203 853 1767 933; baseline -0.007 -17"><span class='ocrx_word' id='word_1_31' title='bbox 203 882 389 933; x_wconf 89' lang='grc' dir='ltr'>μενος,</span> <span class='ocrx_word' id='word_1_32' title='bbox 427 863 575 915; x_wconf 74' lang='grc' dir='ltr'>οὐδὲν</span> <span class='ocrx_word' id='word_1_33' title='bbox 598 862 760 913; x_wconf 80' lang='grc' dir='ltr'>πλέον</span> <span class='ocrx_word' id='word_1_34' title='bbox 793 860 983 927; x_wconf 81' lang='grc' dir='ltr'>δράσει</span> <span class='ocrx_word' id='word_1_35' title='bbox 1016 856 1109 909; x_wconf 81' lang='grc' dir='ltr'>τοῦ</span> <span class='ocrx_word' id='word_1_36' title='bbox 1146 856 1326 917; x_wconf 81' lang='grc' dir='ltr'>κακῶς</span> <span class='ocrx_word' id='word_1_37' title='bbox 1354 853 1767 923; x_wconf 76' lang='grc' dir='ltr'>βουλεύσασθαι.</span> 
     </span>
    </p>
   </div>
   <div class='ocr_carea' id='block_1_6' title="bbox 200 942 1770 1020">
    <p class='ocr_par' dir='ltr' id='par_1_6' title="bbox 200 942 1770 1020">
     <span class='ocr_line' id='line_1_6' title="bbox 200 942 1770 1020; baseline -0.01 -12"><span class='ocrx_word' id='word_1_38' title='bbox 200 956 390 1009; x_wconf 72' lang='grc' dir='ltr'>Ποθῶν</span> <span class='ocrx_word' id='word_1_39' title='bbox 419 953 475 1004; x_wconf 75' lang='grc' dir='ltr'>δὲ</span> <span class='ocrx_word' id='word_1_40' title='bbox 510 951 807 1020; x_wconf 84' lang='grc' dir='ltr'>βασιλείαν,</span> <span class='ocrx_word' id='word_1_41' title='bbox 835 944 879 1001; x_wconf 82' lang='grc' dir='ltr'><strong>ὦ</strong></span> <span class='ocrx_word' id='word_1_42' title='bbox 912 950 977 1017; x_wconf 76' lang='grc' dir='ltr'>γῆ</span> <span class='ocrx_word' id='word_1_43' title='bbox 1028 950 1121 999; x_wconf 79' lang='grc' dir='ltr'>καὶ</span> <span class='ocrx_word' id='word_1_44' title='bbox 1173 948 1314 1015; x_wconf 78' lang='grc' dir='ltr'>ἥλιε,</span> <span class='ocrx_word' id='word_1_45' title='bbox 1366 946 1456 997; x_wconf 69' lang='grc' dir='ltr'>καὶ</span> <span class='ocrx_word' id='word_1_46' title='bbox 1498 942 1770 1013; x_wconf 75' lang='grc' dir='ltr'>βασιλείας</span> 
     </span>
    </p>
   </div>
   <div class='ocr_carea' id='block_1_7' title="bbox 201 1034 1769 1111">
    <p class='ocr_par' dir='ltr' id='par_1_7' title="bbox 201 1034 1769 1111">
     <span class='ocr_line' id='line_1_7' title="bbox 201 1034 1769 1111; baseline -0.008 -14"><span class='ocrx_word' id='word_1_47' title='bbox 201 1047 441 1111; x_wconf 75' lang='grc' dir='ltr'>ἀγένεια,</span> <span class='ocrx_word' id='word_1_48' title='bbox 469 1045 560 1094; x_wconf 68' lang='grc' dir='ltr'>καὶ</span> <span class='ocrx_word' id='word_1_49' title='bbox 594 1044 725 1110; x_wconf 41' lang='lat' dir='ltr'>fulto:</span> <span class='ocrx_word' id='word_1_50' title='bbox 758 1043 927 1108; x_wconf 76' lang='grc' dir='ltr'>ἀρχῆς</span> <span class='ocrx_word' id='word_1_51' title='bbox 973 1040 1327 1106; x_wconf 70' lang='grc' dir='ltr'>ἀσύγκριτον,</span> <span class='ocrx_word' id='word_1_52' title='bbox 1352 1035 1471 1088; x_wconf 77' lang='grc' dir='ltr'>οὐδὲ</span> <span class='ocrx_word' id='word_1_53' title='bbox 1501 1035 1592 1087; x_wconf 84' lang='grc' dir='ltr'>τοῦ</span> <span class='ocrx_word' id='word_1_54' title='bbox 1648 1034 1769 1085; x_wconf 78' lang='grc' dir='ltr'>δοῦ-</span> 
     </span>
    </p>
   </div>
   <div class='ocr_carea' id='block_1_8' title="bbox 983 382 2465 447">
    <p class='ocr_par' dir='ltr' id='par_1_8' title="bbox 983 382 2465 447">
     <span class='ocr_line' id='line_1_8' title="bbox 983 382 2465 447; baseline -0.001 -2"><span class='ocrx_word' id='word_1_55' title='bbox 983 386 1361 447; x_wconf 64' lang='lat' dir='ltr'>EPISTOLE</span> <span class='ocrx_word' id='word_1_56' title='bbox 1396 384 1599 445; x_wconf 76' lang='lat' dir='ltr'><strong>LXXV</strong></span> <span class='ocrx_word' id='word_1_57' title='bbox 1640 386 1678 441; x_wconf 70' lang='grc' dir='ltr'>Α</span> <span class='ocrx_word' id='word_1_58' title='bbox 1720 383 1772 443; x_wconf 77' lang='lat' dir='ltr'>J.</span> <span class='ocrx_word' id='word_1_59' title='bbox 1812 382 2165 442; x_wconf 77' lang='lat' dir='ltr'>MEURSIO</span> <span class='ocrx_word' id='word_1_60' title='bbox 2204 384 2465 443; x_wconf 61' lang='lat' dir='ltr'>EDITE.</span> 
     </span>
    </p>
   </div>
   <div class='ocr_carea' id='block_1_9' title="bbox 3332 392 3435 456">
    <p class='ocr_par' dir='ltr' id='par_1_9' title="bbox 3332 392 3435 456">
     <span class='ocr_line' id='line_1_9' title="bbox 3332 392 3435 456; baseline 0.049 -5"><span class='ocrx_word' id='word_1_61' title='bbox 3332 392 3435 456; x_wconf 69' lang='lat'>£80</span> 
     </span>
    </p>
   </div>
   <div class='ocr_carea' id='block_1_10' title="bbox 1537 493 3433 561">
    <p class='ocr_par' dir='ltr' id='par_1_10' title="bbox 1537 493 3433 561">
     <span class='ocr_line' id='line_1_10' title="bbox 1537 493 3433 561; baseline 0.006 -17"><span class='ocrx_word' id='word_1_62' title='bbox 1537 495 1629 545; x_wconf 70' lang='grc' dir='ltr'>καὶ</span> <span class='ocrx_word' id='word_1_63' title='bbox 1694 495 1757 558; x_wconf 81' lang='grc' dir='ltr'>τῇ</span> <span class='ocrx_word' id='word_1_64' title='bbox 1793 501 1829 552; x_wconf 79' lang='grc' dir='ltr'><strong>Α</strong></span> <span class='ocrx_word' id='word_1_65' title='bbox 1863 493 2199 560; x_wconf 60' lang='grc' dir='ltr'>ιιιιξιιιιζςριενο</span> <span class='ocrx_word' id='word_1_66' title='bbox 2222 501 2273 544; x_wconf 89' lang='lat' dir='ltr'>et</span> <span class='ocrx_word' id='word_1_67' title='bbox 2302 495 2685 561; x_wconf 80' lang='lat' dir='ltr'>apostata(99),</span> <span class='ocrx_word' id='word_1_68' title='bbox 2722 496 3031 551; x_wconf 81' lang='lat' dir='ltr'>incursibus</span> <span class='ocrx_word' id='word_1_69' title='bbox 3060 512 3301 552; x_wconf 72' lang='lat' dir='ltr'>vexatur.</span> <span class='ocrx_word' id='word_1_70' title='bbox 3338 505 3433 555; x_wconf 73' lang='grc' dir='ltr'>ιι..-</span> 
     </span>
    </p>
   </div>
   <div class='ocr_carea' id='block_1_11' title="bbox 1868 584 3434 657">
    <p class='ocr_par' dir='ltr' id='par_1_11' title="bbox 1868 584 3434 657">
     <span class='ocr_line' id='line_1_11' title="bbox 1868 584 3434 657; baseline 0.006 -22"><span class='ocrx_word' id='word_1_71' title='bbox 1868 599 1996 651; x_wconf 71' lang='lat' dir='ltr'>gora</span> <span class='ocrx_word' id='word_1_72' title='bbox 2043 599 2197 637; x_wconf 85' lang='lat' dir='ltr'>mons</span> <span class='ocrx_word' id='word_1_73' title='bbox 2246 588 2384 637; x_wconf 88' lang='lat' dir='ltr'>inter</span> <span class='ocrx_word' id='word_1_74' title='bbox 2411 584 2723 653; x_wconf 83' lang='lat' dir='ltr'>Bulgaricos</span> <span class='ocrx_word' id='word_1_75' title='bbox 2754 596 2807 640; x_wconf 91' lang='lat' dir='ltr'>ct</span> <span class='ocrx_word' id='word_1_76' title='bbox 2842 587 3240 657; x_wconf 82' lang='lat' dir='ltr'>Dyrrhachicos</span> <span class='ocrx_word' id='word_1_77' title='bbox 3281 606 3434 645; x_wconf 84' lang='lat' dir='ltr'>mon-</span> 
     </span>
    </p>
   </div>
   <div class='ocr_carea' id='block_1_12' title="bbox 1869 674 3434 747">
    <p class='ocr_par' dir='ltr' id='par_1_12' title="bbox 1869 674 3434 747">
     <span class='ocr_line' id='line_1_12' title="bbox 1869 674 3434 747; baseline 0.004 -21"><span class='ocrx_word' id='word_1_78' title='bbox 1869 684 1949 727; x_wconf 87' lang='lat' dir='ltr'>tes</span> <span class='ocrx_word' id='word_1_79' title='bbox 1975 674 2289 741; x_wconf 87' lang='lat' dir='ltr'>interjcctus</span> <span class='ocrx_word' id='word_1_80' title='bbox 2310 678 2566 744; x_wconf 75' lang='lat' dir='ltr'>assurgit,</span> <span class='ocrx_word' id='word_1_81' title='bbox 2607 680 2697 745; x_wconf 85' lang='lat' dir='ltr'>qui</span> <span class='ocrx_word' id='word_1_82' title='bbox 2737 693 2765 730; x_wconf 91' lang='lat' dir='ltr'>a</span> <span class='ocrx_word' id='word_1_83' title='bbox 2798 688 3031 747; x_wconf 75' lang='lat' dir='ltr'>tyranno</span> <span class='ocrx_word' id='word_1_84' title='bbox 3053 681 3218 734; x_wconf 82' lang='lat' dir='ltr'>armis</span> <span class='ocrx_word' id='word_1_85' title='bbox 3246 694 3434 735; x_wconf 86' lang='lat' dir='ltr'>custo-</span> 
     </span>
    </p>
   </div>
   <div class='ocr_carea' id='block_1_13' title="bbox 1832 755 3430 835">
    <p class='ocr_par' dir='ltr' id='par_1_13' title="bbox 1832 755 3430 835">
     <span class='ocr_line' id='line_1_13' title="bbox 1832 755 3430 835; baseline 0.004 -19"><span class='ocrx_word' id='word_1_86' title='bbox 1832 755 1834 759; x_wconf 56' lang='grc'><em>’</em></span> <span class='ocrx_word' id='word_1_87' title='bbox 1867 764 2013 816; x_wconf 89' lang='lat' dir='ltr'>ditur</span> <span class='ocrx_word' id='word_1_88' title='bbox 2046 771 2101 815; x_wconf 89' lang='lat' dir='ltr'>et</span> <span class='ocrx_word' id='word_1_89' title='bbox 2139 778 2483 828; x_wconf 83' lang='lat' dir='ltr'>asservatur,</span> <span class='ocrx_word' id='word_1_90' title='bbox 2528 778 2600 829; x_wconf 89' lang='lat' dir='ltr'>et,</span> <span class='ocrx_word' id='word_1_91' title='bbox 2630 778 2685 819; x_wconf 92' lang='lat' dir='ltr'>ut</span> <span class='ocrx_word' id='word_1_92' title='bbox 2706 771 3015 822; x_wconf 73' lang='lat' dir='ltr'>summatim</span> <span class='ocrx_word' id='word_1_93' title='bbox 3052 771 3253 835; x_wconf 89' lang='lat' dir='ltr'>dicam,</span> <span class='ocrx_word' id='word_1_94' title='bbox 3285 774 3430 826; x_wconf 90' lang='lat' dir='ltr'>omni</span> 
     </span>
    </p>
   </div>
   <div class='ocr_carea' id='block_1_14' title="bbox 1870 852 3436 915">
    <p class='ocr_par' dir='ltr' id='par_1_14' title="bbox 1870 852 3436 915">
     <span class='ocr_line' id='line_1_14' title="bbox 1870 852 3436 915; baseline 0.006 -12"><span class='ocrx_word' id='word_1_95' title='bbox 1870 852 1922 903; x_wconf 93' lang='lat' dir='ltr'>in</span> <span class='ocrx_word' id='word_1_96' title='bbox 1957 852 2075 905; x_wconf 92' lang='lat' dir='ltr'>loco</span> <span class='ocrx_word' id='word_1_97' title='bbox 2111 854 2372 907; x_wconf 84' lang='lat' dir='ltr'>malorum</span> <span class='ocrx_word' id='word_1_98' title='bbox 2397 856 2769 909; x_wconf 85' lang='lat' dir='ltr'>circumdatur</span> <span class='ocrx_word' id='word_1_99' title='bbox 2816 855 2917 910; x_wconf 83' lang='lat' dir='ltr'>Sed</span> <span class='ocrx_word' id='word_1_100' title='bbox 2947 874 3044 912; x_wconf 90' lang='lat' dir='ltr'>nos</span> <span class='ocrx_word' id='word_1_101' title='bbox 3073 861 3122 911; x_wconf 89' lang='lat' dir='ltr'>io</span> <span class='ocrx_word' id='word_1_102' title='bbox 3166 861 3271 915; x_wconf 77' lang='lat' dir='ltr'>lleo</span> <span class='ocrx_word' id='word_1_103' title='bbox 3298 862 3329 914; x_wconf 78' lang='lat' dir='ltr'>li</span> <span class='ocrx_word' id='word_1_104' title='bbox 3354 864 3436 912; x_wconf 90' lang='lat' dir='ltr'>lu-</span> 
     </span>
    </p>
   </div>
   <div class='ocr_carea' id='block_1_15' title="bbox 1868 943 3437 1014">
    <p class='ocr_par' dir='ltr' id='par_1_15' title="bbox 1868 943 3437 1014">
     <span class='ocr_line' id='line_1_15' title="bbox 1868 943 3437 1014; baseline 0.005 -23"><span class='ocrx_word' id='word_1_105' title='bbox 1868 944 2007 995; x_wconf 78' lang='lat' dir='ltr'>ciam</span> <span class='ocrx_word' id='word_1_106' title='bbox 2043 943 2311 1012; x_wconf 78' lang='lat' dir='ltr'>ponimus,</span> <span class='ocrx_word' id='word_1_107' title='bbox 2356 956 2409 999; x_wconf 88' lang='lat' dir='ltr'>et</span> <span class='ocrx_word' id='word_1_108' title='bbox 2446 947 2839 1014; x_wconf 81' lang='lat' dir='ltr'>patentissimis</span> <span class='ocrx_word' id='word_1_109' title='bbox 2870 948 3210 1012; x_wconf 77' lang='lat' dir='ltr'>imperatoris</span> <span class='ocrx_word' id='word_1_110' title='bbox 3240 953 3437 1003; x_wconf 82' lang='lat' dir='ltr'>cohor-</span> 
     </span>
    </p>
   </div>
   <div class='ocr_carea' id='block_1_16' title="bbox 1867 1034 3429 1103">
    <p class='ocr_par' dir='ltr' id='par_1_16' title="bbox 1867 1034 3429 1103">
     <span class='ocr_line' id='line_1_16' title="bbox 1867 1034 3429 1103; baseline 0.004 -17"><span class='ocrx_word' id='word_1_111' title='bbox 1867 1034 2013 1088; x_wconf 89' lang='lat' dir='ltr'>tibus</span> <span class='ocrx_word' id='word_1_112' title='bbox 2062 1034 2368 1100; x_wconf 76' lang='lat' dir='ltr'>innitimur,</span> <span class='ocrx_word' id='word_1_113' title='bbox 2394 1036 2649 1103; x_wconf 68' lang='lat' dir='ltr'>quoniam</span> <span class='ocrx_word' id='word_1_114' title='bbox 2681 1038 2781 1089; x_wconf 85' lang='lat' dir='ltr'>sub</span> <span class='ocrx_word' id='word_1_115' title='bbox 2815 1038 2914 1093; x_wconf 87' lang='lat' dir='ltr'>hac</span> <span class='ocrx_word' id='word_1_116' title='bbox 2947 1040 3166 1091; x_wconf 87' lang='lat' dir='ltr'>immani</span> <span class='ocrx_word' id='word_1_117' title='bbox 3206 1040 3429 1102; x_wconf 76' lang='lat' dir='ltr'>lacerta,</span> 
     </span>
    </p>
   </div>
   <div class='ocr_carea' id='block_1_17' title="bbox 202 1122 1876 1200">
    <p class='ocr_par' dir='ltr' id='par_1_17' title="bbox 202 1122 1876 1200">
     <span class='ocr_line' id='line_1_17' title="bbox 202 1122 1876 1200; baseline -0.003 -17"><span class='ocrx_word' id='word_1_118' title='bbox 202 1136 291 1193; x_wconf 79' lang='grc' dir='ltr'>λος</span> <span class='ocrx_word' id='word_1_119' title='bbox 329 1128 471 1184; x_wconf 81' lang='grc' dir='ltr'>εἶναι</span> <span class='ocrx_word' id='word_1_120' title='bbox 516 1129 779 1200; x_wconf 84' lang='grc' dir='ltr'>βασιλέως</span> <span class='ocrx_word' id='word_1_121' title='bbox 815 1128 1213 1195; x_wconf 79' lang='grc' dir='ltr'>ἀξιωθήσεται.</span> <span class='ocrx_word' id='word_1_122' title='bbox 1264 1125 1403 1191; x_wconf 82' lang='grc' dir='ltr'>Ἐγὼ</span> <span class='ocrx_word' id='word_1_123' title='bbox 1429 1125 1483 1177; x_wconf 86' lang='grc' dir='ltr'>δὲ</span> <span class='ocrx_word' id='word_1_124' title='bbox 1514 1125 1631 1193; x_wconf 71' lang='grc' dir='ltr'>ἅμα</span> <span class='ocrx_word' id='word_1_125' title='bbox 1688 1122 1768 1190; x_wconf 86' lang='grc' dir='ltr'>τῷ</span> <span class='ocrx_word' id='word_1_126' title='bbox 1864 1126 1876 1178; x_wconf 88' lang='lat' dir='ltr'><strong>i</strong></span> 
     </span>
    </p>
   </div>
   <div class='ocr_carea' id='block_1_18' title="bbox 1756 1122 3430 1200">
    <p class='ocr_par' dir='ltr' id='par_1_18' title="bbox 1756 1124 3430 1194">
     <span class='ocr_line' id='line_1_18' title="bbox 1756 1124 3430 1194; baseline 0.007 -21"><span class='ocrx_word' id='word_1_127' title='bbox 1756 1141 1768 1173; x_wconf 74' lang='grc' dir='ltr'>ι</span> <span class='ocrx_word' id='word_1_128' title='bbox 1864 1124 1996 1194; x_wconf 83' lang='lat' dir='ltr'><strong>ipsis</strong></span> <span class='ocrx_word' id='word_1_129' title='bbox 2024 1128 2365 1193; x_wconf 74' lang='lat' dir='ltr'>egreg?orum</span> <span class='ocrx_word' id='word_1_130' title='bbox 2400 1130 2743 1193; x_wconf 66' lang='lat' dir='ltr'>imperatoris</span> <span class='ocrx_word' id='word_1_131' title='bbox 2772 1128 3078 1183; x_wconf 78' lang='lat' dir='ltr'>facinorum</span> <span class='ocrx_word' id='word_1_132' title='bbox 3140 1132 3308 1185; x_wconf 86' lang='lat' dir='ltr'>radiis</span> <span class='ocrx_word' id='word_1_133' title='bbox 3340 1147 3430 1185; x_wconf 84' lang='lat' dir='ltr'>ac-</span> 
     </span>
    </p>
   </div>
   <div class='ocr_carea' id='block_1_19' title="bbox 202 1208 1767 1293">
    <p class='ocr_par' dir='ltr' id='par_1_19' title="bbox 202 1208 1767 1293">
     <span class='ocr_line' id='line_1_19' title="bbox 202 1208 1767 1293; baseline -0.006 -18"><span class='ocrx_word' id='word_1_134' title='bbox 202 1222 303 1293; x_wconf 70' lang='grc' dir='ltr'>τὴν</span> <span class='ocrx_word' id='word_1_135' title='bbox 342 1220 746 1287; x_wconf 79' lang='grc' dir='ltr'>Θεσσαλονίκην</span> <span class='ocrx_word' id='word_1_136' title='bbox 776 1218 1129 1282; x_wconf 76' lang='grc' dir='ltr'>καταλαὸεῖν,</span> <span class='ocrx_word' id='word_1_137' title='bbox 1163 1215 1217 1268; x_wconf 79' lang='grc' dir='ltr'>εί</span> <span class='ocrx_word' id='word_1_138' title='bbox 1241 1233 1342 1269; x_wconf 82' lang='grc' dir='ltr'>που</span> <span class='ocrx_word' id='word_1_139' title='bbox 1370 1216 1630 1270; x_wconf 73' lang='grc' dir='ltr'>Δαίδαλον</span> <span class='ocrx_word' id='word_1_140' title='bbox 1680 1208 1767 1266; x_wconf 75' lang='grc' dir='ltr'>εὗ-</span> 
     </span>
    </p>
   </div>
   <div class='ocr_carea' id='block_1_20' title="bbox 204 1306 1772 1385">
    <p class='ocr_par' dir='ltr' id='par_1_20' title="bbox 204 1306 1772 1385">
     <span class='ocr_line' id='line_1_20' title="bbox 204 1306 1772 1385; baseline -0.006 -19"><span class='ocrx_word' id='word_1_141' title='bbox 204 1332 319 1385; x_wconf 87' lang='grc' dir='ltr'>ρον,</span> <span class='ocrx_word' id='word_1_142' title='bbox 354 1313 533 1382; x_wconf 80' lang='grc' dir='ltr'>πτερᾶ</span> <span class='ocrx_word' id='word_1_143' title='bbox 563 1313 627 1366; x_wconf 80' lang='grc' dir='ltr'>ἂν</span> <span class='ocrx_word' id='word_1_144' title='bbox 658 1313 880 1381; x_wconf 82' lang='grc' dir='ltr'>έμαυτῷ</span> <span class='ocrx_word' id='word_1_145' title='bbox 904 1311 1386 1380; x_wconf 81' lang='grc' dir='ltr'>περιηρμοσάμην,</span> <span class='ocrx_word' id='word_1_146' title='bbox 1448 1311 1543 1361; x_wconf 78' lang='grc' dir='ltr'>καὶ</span> <span class='ocrx_word' id='word_1_147' title='bbox 1574 1306 1772 1359; x_wconf 79' lang='grc' dir='ltr'>έπετάο</span> 
     </span>
    </p>
   </div>
   <div class='ocr_carea' id='block_1_21' title="bbox 206 1397 1767 1474">
    <p class='ocr_par' dir='ltr' id='par_1_21' title="bbox 206 1397 1767 1474">
     <span class='ocr_line' id='line_1_21' title="bbox 206 1397 1767 1474; baseline -0.003 -20"><span class='ocrx_word' id='word_1_148' title='bbox 206 1406 362 1472; x_wconf 83' lang='grc' dir='ltr'>σθην,</span> <span class='ocrx_word' id='word_1_149' title='bbox 420 1406 515 1455; x_wconf 79' lang='grc' dir='ltr'>καὶ</span> <span class='ocrx_word' id='word_1_150' title='bbox 550 1406 681 1472; x_wconf 66' lang='grc' dir='ltr'>πρδς</span> <span class='ocrx_word' id='word_1_151' title='bbox 708 1406 807 1474; x_wconf 77' lang='grc' dir='ltr'>τὴν</span> <span class='ocrx_word' id='word_1_152' title='bbox 844 1403 1064 1472; x_wconf 65' lang='grc' dir='ltr'>Ἀκρίδα</span> <span class='ocrx_word' id='word_1_153' title='bbox 1092 1406 1435 1457; x_wconf 77' lang='grc' dir='ltr'>κατέπαυσα.</span> <span class='ocrx_word' id='word_1_154' title='bbox 1482 1401 1621 1453; x_wconf 78' lang='grc' dir='ltr'>Ἀλλ’</span> <span class='ocrx_word' id='word_1_155' title='bbox 1644 1397 1767 1451; x_wconf 77' lang='grc' dir='ltr'>οὔτε</span> 
     </span>
    </p>
   </div>
   <div class='ocr_carea' id='block_1_22' title="bbox 203 1492 1774 1565">
    <p class='ocr_par' dir='ltr' id='par_1_22' title="bbox 203 1492 1774 1565">
     <span class='ocr_line' id='line_1_22' title="bbox 203 1492 1774 1565; baseline -0.002 -19"><span class='ocrx_word' id='word_1_156' title='bbox 203 1496 463 1547; x_wconf 77' lang='grc' dir='ltr'>Δαίδαλον</span> <span class='ocrx_word' id='word_1_157' title='bbox 488 1492 655 1565; x_wconf 83' lang='grc' dir='ltr'>εἶχον,</span> <span class='ocrx_word' id='word_1_158' title='bbox 682 1496 805 1548; x_wconf 72' lang='grc' dir='ltr'>οὔτε</span> <span class='ocrx_word' id='word_1_159' title='bbox 848 1497 999 1564; x_wconf 78' lang='grc' dir='ltr'>φίλον</span> <span class='ocrx_word' id='word_1_160' title='bbox 1033 1499 1097 1565; x_wconf 76' lang='grc' dir='ltr'>τῇ</span> <span class='ocrx_word' id='word_1_161' title='bbox 1131 1497 1293 1565; x_wconf 72' lang='grc' dir='ltr'>χρείᾳ</span> <span class='ocrx_word' id='word_1_162' title='bbox 1336 1513 1435 1564; x_wconf 90' lang='grc' dir='ltr'>μου</span> <span class='ocrx_word' id='word_1_163' title='bbox 1471 1492 1774 1561; x_wconf 75' lang='grc' dir='ltr'>συμϐαλλό-</span> 
     </span>
    </p>
   </div>
   <div class='ocr_carea' id='block_1_23' title="bbox 1870 1217 3435 1288">
    <p class='ocr_par' dir='ltr' id='par_1_23' title="bbox 1870 1217 3435 1288">
     <span class='ocr_line' id='line_1_23' title="bbox 1870 1217 3435 1288; baseline 0.001 -17"><span class='ocrx_word' id='word_1_164' title='bbox 1870 1233 2067 1271; x_wconf 86' lang='lat' dir='ltr'>census</span> <span class='ocrx_word' id='word_1_165' title='bbox 2106 1217 2229 1279; x_wconf 88' lang='lat' dir='ltr'>fttit,</span> <span class='ocrx_word' id='word_1_166' title='bbox 2262 1227 2314 1270; x_wconf 91' lang='lat' dir='ltr'>et</span> <span class='ocrx_word' id='word_1_167' title='bbox 2346 1228 2567 1287; x_wconf 87' lang='lat' dir='ltr'>propter</span> <span class='ocrx_word' id='word_1_168' title='bbox 2603 1220 2725 1281; x_wconf 85' lang='lat' dir='ltr'>hoc,</span> <span class='ocrx_word' id='word_1_169' title='bbox 2746 1231 2906 1288; x_wconf 92' lang='lat' dir='ltr'>caput</span> <span class='ocrx_word' id='word_1_170' title='bbox 2929 1237 3087 1275; x_wconf 91' lang='lat' dir='ltr'>suum</span> <span class='ocrx_word' id='word_1_171' title='bbox 3120 1223 3304 1276; x_wconf 86' lang='lat' dir='ltr'>allidet</span> <span class='ocrx_word' id='word_1_172' title='bbox 3334 1238 3435 1274; x_wconf 83' lang='lat' dir='ltr'>nec</span> 
     </span>
    </p>
   </div>
   <div class='ocr_carea' id='block_1_24' title="bbox 1869 1310 3438 1371">
    <p class='ocr_par' dir='ltr' id='par_1_24' title="bbox 1869 1310 3438 1371">
     <span class='ocr_line' id='line_1_24' title="bbox 1869 1310 3438 1371; baseline 0 -8"><span class='ocrx_word' id='word_1_173' title='bbox 1869 1311 1971 1363; x_wconf 92' lang='lat' dir='ltr'>erit</span> <span class='ocrx_word' id='word_1_174' title='bbox 2015 1310 2102 1364; x_wconf 88' lang='lat' dir='ltr'>ubi</span> <span class='ocrx_word' id='word_1_175' title='bbox 2157 1311 2279 1371; x_wconf 90' lang='lat' dir='ltr'>erit,</span> <span class='ocrx_word' id='word_1_176' title='bbox 2315 1311 2421 1362; x_wconf 88' lang='lat' dir='ltr'>ulla</span> <span class='ocrx_word' id='word_1_177' title='bbox 2489 1312 2713 1364; x_wconf 81' lang='lat' dir='ltr'>latebra.</span> <span class='ocrx_word' id='word_1_178' title='bbox 2751 1311 2958 1365; x_wconf 77' lang='lat' dir='ltr'>Etenim</span> <span class='ocrx_word' id='word_1_179' title='bbox 2978 1313 3310 1367; x_wconf 83' lang='lat' dir='ltr'>venerabilis</span> <span class='ocrx_word' id='word_1_180' title='bbox 3337 1329 3438 1364; x_wconf 78' lang='lat' dir='ltr'>ni-</span> 
     </span>
    </p>
   </div>
   <div class='ocr_carea' id='block_1_25' title="bbox 1870 1401 3435 1471">
    <p class='ocr_par' dir='ltr' id='par_1_25' title="bbox 1870 1401 3435 1471">
     <span class='ocr_line' id='line_1_25' title="bbox 1870 1401 3435 1471; baseline 0.001 -17"><span class='ocrx_word' id='word_1_181' title='bbox 1870 1402 1998 1455; x_wconf 74' lang='lat' dir='ltr'>Iitia:</span> <span class='ocrx_word' id='word_1_182' title='bbox 2033 1403 2288 1470; x_wconf 83' lang='lat' dir='ltr'>princeps</span> <span class='ocrx_word' id='word_1_183' title='bbox 2319 1401 2570 1455; x_wconf 85' lang='lat' dir='ltr'>dominus</span> <span class='ocrx_word' id='word_1_184' title='bbox 2602 1402 2823 1455; x_wconf 77' lang='lat' dir='ltr'>Michael</span> <span class='ocrx_word' id='word_1_185' title='bbox 2852 1403 2920 1456; x_wconf 92' lang='lat' dir='ltr'>ab</span> <span class='ocrx_word' id='word_1_186' title='bbox 2942 1404 3265 1471; x_wconf 82' lang='lat' dir='ltr'>imperatore</span> <span class='ocrx_word' id='word_1_187' title='bbox 3298 1406 3435 1457; x_wconf 72' lang='lat' dir='ltr'>uiis-</span> 
     </span>
    </p>
   </div>
   <div class='ocr_carea' id='block_1_26' title="bbox 1868 1486 3432 1559">
    <p class='ocr_par' dir='ltr' id='par_1_26' title="bbox 1868 1486 3432 1559">
     <span class='ocr_line' id='line_1_26' title="bbox 1868 1486 3432 1559; baseline -0.003 -16"><span class='ocrx_word' id='word_1_188' title='bbox 1868 1503 1963 1543; x_wconf 89' lang='lat' dir='ltr'>sus</span> <span class='ocrx_word' id='word_1_189' title='bbox 1998 1497 2099 1550; x_wconf 92' lang='lat' dir='ltr'>est,</span> <span class='ocrx_word' id='word_1_190' title='bbox 2141 1490 2244 1542; x_wconf 86' lang='lat' dir='ltr'>sub</span> <span class='ocrx_word' id='word_1_191' title='bbox 2302 1502 2410 1556; x_wconf 92' lang='lat' dir='ltr'>quo</span> <span class='ocrx_word' id='word_1_192' title='bbox 2451 1491 2652 1543; x_wconf 85' lang='lat' dir='ltr'>selecta</span> <span class='ocrx_word' id='word_1_193' title='bbox 2685 1489 2922 1541; x_wconf 76' lang='lat' dir='ltr'>virorum</span> <span class='ocrx_word' id='word_1_194' title='bbox 2955 1486 3183 1559; x_wconf 80' lang='lat' dir='ltr'>corpora</span> <span class='ocrx_word' id='word_1_195' title='bbox 3222 1507 3432 1557; x_wconf 67' lang='grc' dir='ltr'>(ιοευιειο,</span> 
     </span>
    </p>
   </div>
   <div class='ocr_carea' id='block_1_27' title="bbox 210 1578 1884 1658">
    <p class='ocr_par' dir='ltr' id='par_1_27' title="bbox 210 1584 1884 1658">
     <span class='ocr_line' id='line_1_27' title="bbox 210 1584 1884 1658; baseline -0.003 -20"><span class='ocrx_word' id='word_1_196' title='bbox 210 1603 389 1653; x_wconf 83' lang='grc' dir='ltr'>μενον.</span> <span class='ocrx_word' id='word_1_197' title='bbox 427 1588 631 1655; x_wconf 78' lang='grc' dir='ltr'>’Δὶογα</span> <span class='ocrx_word' id='word_1_198' title='bbox 655 1588 832 1639; x_wconf 78' lang='grc' dir='ltr'>τοίνυν</span> <span class='ocrx_word' id='word_1_199' title='bbox 866 1587 1295 1658; x_wconf 84' lang='grc' dir='ltr'>μισθωσάμενος,</span> <span class='ocrx_word' id='word_1_200' title='bbox 1329 1586 1429 1653; x_wconf 75' lang='grc' dir='ltr'>ἠδη</span> <span class='ocrx_word' id='word_1_201' title='bbox 1482 1584 1697 1651; x_wconf 73' lang='grc' dir='ltr'>ἄπειμι.</span> <span class='ocrx_word' id='word_1_202' title='bbox 1869 1595 1884 1633; x_wconf 81' lang='lat' dir='ltr'>t</span> 
     </span>
    </p>
   </div>
   <div class='ocr_carea' id='block_1_28' title="bbox 1762 1578 3436 1658">
    <p class='ocr_par' dir='ltr' id='par_1_28' title="bbox 1869 1578 3436 1648">
     <span class='ocr_line' id='line_1_28' title="bbox 1869 1578 3436 1648; baseline -0.002 -15"><span class='ocrx_word' id='word_1_203' title='bbox 1869 1589 1923 1633; x_wconf 93' lang='lat' dir='ltr'>et</span> <span class='ocrx_word' id='word_1_204' title='bbox 1955 1579 2078 1630; x_wconf 83' lang='lat' dir='ltr'>huic</span> <span class='ocrx_word' id='word_1_205' title='bbox 2110 1581 2373 1633; x_wconf 90' lang='lat' dir='ltr'>scelerato</span> <span class='ocrx_word' id='word_1_206' title='bbox 2399 1594 2458 1633; x_wconf 87' lang='lat' dir='ltr'>se</span> <span class='ocrx_word' id='word_1_207' title='bbox 2510 1593 2785 1647; x_wconf 82' lang='lat' dir='ltr'>Opponere</span> <span class='ocrx_word' id='word_1_208' title='bbox 2814 1581 3023 1634; x_wconf 79' lang='lat' dir='ltr'>statuit.</span> <span class='ocrx_word' id='word_1_209' title='bbox 3054 1578 3280 1648; x_wconf 84' lang='lat' dir='ltr'>Agmina</span> <span class='ocrx_word' id='word_1_210' title='bbox 3310 1579 3436 1648; x_wconf 88' lang='lat' dir='ltr'>qni-</span> 
     </span>
    </p>
   </div>
   <div class='ocr_carea' id='block_1_29' title="bbox 206 1669 3435 1745">
    <p class='ocr_par' dir='ltr' id='par_1_29' title="bbox 206 1669 3435 1745">
     <span class='ocr_line' id='line_1_29' title="bbox 206 1669 3435 1745; baseline -0.004 -13"><span class='ocrx_word' id='word_1_211' title='bbox 206 1680 328 1732; x_wconf 86' lang='lat' dir='ltr'>dem</span> <span class='ocrx_word' id='word_1_212' title='bbox 361 1688 634 1742; x_wconf 88' lang='lat' dir='ltr'>recenset,</span> <span class='ocrx_word' id='word_1_213' title='bbox 660 1687 713 1733; x_wconf 93' lang='lat' dir='ltr'>et</span> <span class='ocrx_word' id='word_1_214' title='bbox 739 1680 863 1734; x_wconf 85' lang='lat' dir='ltr'>huic</span> <span class='ocrx_word' id='word_1_215' title='bbox 885 1688 1079 1733; x_wconf 85' lang='lat' dir='ltr'>cuncta</span> <span class='ocrx_word' id='word_1_216' title='bbox 1104 1678 1317 1745; x_wconf 90' lang='lat' dir='ltr'>obiicit,</span> <span class='ocrx_word' id='word_1_217' title='bbox 1373 1685 1428 1731; x_wconf 83' lang='lat' dir='ltr'>et</span> <span class='ocrx_word' id='word_1_218' title='bbox 1477 1676 1529 1729; x_wconf 93' lang='lat' dir='ltr'><strong>in</strong></span> <span class='ocrx_word' id='word_1_219' title='bbox 1591 1676 1861 1744; x_wconf 77' lang='lat' dir='ltr'>regionem</span> <span class='ocrx_word' id='word_1_220' title='bbox 1905 1669 2068 1735; x_wconf 85' lang='lat' dir='ltr'>hujus</span> <span class='ocrx_word' id='word_1_221' title='bbox 2114 1674 2369 1736; x_wconf 75' lang='lat' dir='ltr'>erumpit,</span> <span class='ocrx_word' id='word_1_222' title='bbox 2421 1679 2473 1723; x_wconf 89' lang='lat' dir='ltr'>et</span> <span class='ocrx_word' id='word_1_223' title='bbox 2507 1672 2669 1723; x_wconf 89' lang='lat' dir='ltr'>etiam</span> <span class='ocrx_word' id='word_1_224' title='bbox 2709 1670 2865 1725; x_wconf 89' lang='lat' dir='ltr'>nobis</span> <span class='ocrx_word' id='word_1_225' title='bbox 2912 1672 3208 1724; x_wconf 77' lang='lat' dir='ltr'>auxiliator</span> <span class='ocrx_word' id='word_1_226' title='bbox 3240 1679 3292 1724; x_wconf 91' lang='lat' dir='ltr'>et</span> <span class='ocrx_word' id='word_1_227' title='bbox 3321 1676 3435 1722; x_wconf 80' lang='lat' dir='ltr'>lor-</span> 
     </span>
    </p>
   </div>
   <div class='ocr_carea' id='block_1_30' title="bbox 206 1761 3439 1841">
    <p class='ocr_par' dir='ltr' id='par_1_30' title="bbox 206 1761 3439 1841">
     <span class='ocr_line' id='line_1_30' title="bbox 206 1761 3439 1841; baseline -0.003 -16"><span class='ocrx_word' id='word_1_228' title='bbox 206 1774 311 1825; x_wconf 86' lang='lat' dir='ltr'>tior</span> <span class='ocrx_word' id='word_1_229' title='bbox 351 1771 495 1827; x_wconf 87' lang='lat' dir='ltr'>Deus</span> <span class='ocrx_word' id='word_1_230' title='bbox 548 1771 602 1825; x_wconf 92' lang='lat' dir='ltr'>in</span> <span class='ocrx_word' id='word_1_231' title='bbox 644 1787 800 1841; x_wconf 86' lang='lat' dir='ltr'>opem</span> <span class='ocrx_word' id='word_1_232' title='bbox 834 1772 1115 1833; x_wconf 80' lang='lat' dir='ltr'>adveniet,</span> <span class='ocrx_word' id='word_1_233' title='bbox 1149 1785 1249 1823; x_wconf 88' lang='lat' dir='ltr'>nec</span> <span class='ocrx_word' id='word_1_234' title='bbox 1279 1770 1584 1825; x_wconf 82' lang='lat' dir='ltr'>morabitur</span> <span class='ocrx_word' id='word_1_235' title='bbox 1640 1766 1884 1837; x_wconf 81' lang='lat' dir='ltr'>quidem.</span> <span class='ocrx_word' id='word_1_236' title='bbox 1918 1762 1981 1815; x_wconf 84' lang='lat' dir='ltr'>Et</span> <span class='ocrx_word' id='word_1_237' title='bbox 2022 1771 2081 1815; x_wconf 88' lang='lat' dir='ltr'>ut</span> <span class='ocrx_word' id='word_1_238' title='bbox 2134 1776 2322 1815; x_wconf 82' lang='lat' dir='ltr'>servos</span> <span class='ocrx_word' id='word_1_239' title='bbox 2361 1761 2647 1815; x_wconf 88' lang='lat' dir='ltr'>Jeroboam</span> <span class='ocrx_word' id='word_1_240' title='bbox 2691 1763 2793 1815; x_wconf 88' lang='lat' dir='ltr'>sub</span> <span class='ocrx_word' id='word_1_241' title='bbox 2836 1762 3148 1817; x_wconf 87' lang='lat' dir='ltr'>Salomonis</span> <span class='ocrx_word' id='word_1_242' title='bbox 3195 1770 3439 1830; x_wconf 87' lang='lat' dir='ltr'>tempore</span> 
     </span>
    </p>
   </div>
   <div class='ocr_carea' id='block_1_31' title="bbox 202 1853 3437 1933">
    <p class='ocr_par' dir='ltr' id='par_1_31' title="bbox 202 1853 3437 1933">
     <span class='ocr_line' id='line_1_31' title="bbox 202 1853 3437 1933; baseline -0.002 -20"><span class='ocrx_word' id='word_1_243' title='bbox 202 1865 491 1926; x_wconf 63' lang='lat' dir='ltr'>apostasia</span> <span class='ocrx_word' id='word_1_244' title='bbox 540 1863 897 1930; x_wconf 74' lang='lat' dir='ltr'>incumbens,</span> <span class='ocrx_word' id='word_1_245' title='bbox 956 1863 1089 1917; x_wconf 88' lang='lat' dir='ltr'>nihil</span> <span class='ocrx_word' id='word_1_246' title='bbox 1152 1878 1339 1917; x_wconf 90' lang='lat' dir='ltr'>eormn</span> <span class='ocrx_word' id='word_1_247' title='bbox 1420 1879 1540 1933; x_wconf 66' lang='lat' dir='ltr'>quae</span> <span class='ocrx_word' id='word_1_248' title='bbox 1590 1860 1825 1929; x_wconf 81' lang='lat' dir='ltr'>pessime</span> <span class='ocrx_word' id='word_1_249' title='bbox 1854 1856 2038 1911; x_wconf 91' lang='lat' dir='ltr'>conari</span> <span class='ocrx_word' id='word_1_250' title='bbox 2079 1854 2437 1916; x_wconf 89' lang='lat' dir='ltr'>intendebat.</span> <span class='ocrx_word' id='word_1_251' title='bbox 2483 1856 2720 1922; x_wconf 81' lang='lat' dir='ltr'>amplius</span> <span class='ocrx_word' id='word_1_252' title='bbox 2767 1854 3027 1924; x_wconf 83' lang='lat' dir='ltr'>perficere</span> <span class='ocrx_word' id='word_1_253' title='bbox 3084 1855 3301 1923; x_wconf 91' lang='lat' dir='ltr'>poterit.</span> <span class='ocrx_word' id='word_1_254' title='bbox 3340 1853 3437 1908; x_wconf 83' lang='lat' dir='ltr'>Hic</span> 
     </span>
    </p>
   </div>
   <div class='ocr_carea' id='block_1_32' title="bbox 202 1947 3441 2024">
    <p class='ocr_par' dir='ltr' id='par_1_32' title="bbox 202 1947 3441 2024">
     <span class='ocr_line' id='line_1_32' title="bbox 202 1947 3441 2024; baseline -0.002 -19"><span class='ocrx_word' id='word_1_255' title='bbox 202 1968 383 2007; x_wconf 79' lang='lat' dir='ltr'>autem</span> <span class='ocrx_word' id='word_1_256' title='bbox 421 1955 709 2024; x_wconf 90' lang='lat' dir='ltr'>imperium</span> <span class='ocrx_word' id='word_1_257' title='bbox 742 1958 930 2020; x_wconf 84' lang='lat' dir='ltr'>ambit,</span> <span class='ocrx_word' id='word_1_258' title='bbox 964 1971 996 2008; x_wconf 86' lang='grc' dir='ltr'>ο</span> <span class='ocrx_word' id='word_1_259' title='bbox 1032 1966 1197 2019; x_wconf 86' lang='lat' dir='ltr'>terra,</span> <span class='ocrx_word' id='word_1_260' title='bbox 1230 1971 1261 2010; x_wconf 91' lang='grc' dir='ltr'>ο</span> <span class='ocrx_word' id='word_1_261' title='bbox 1297 1956 1376 2009; x_wconf 92' lang='lat' dir='ltr'>sol</span> <span class='ocrx_word' id='word_1_262' title='bbox 1437 1964 1489 2009; x_wconf 93' lang='lat' dir='ltr'>et</span> <span class='ocrx_word' id='word_1_263' title='bbox 1515 1971 1547 2007; x_wconf 90' lang='grc' dir='ltr'>ο</span> <span class='ocrx_word' id='word_1_264' title='bbox 1576 1951 1791 2022; x_wconf 89' lang='lat' dir='ltr'>imperii</span> <span class='ocrx_word' id='word_1_265' title='bbox 1832 1949 2162 2020; x_wconf 76' lang='lat' dir='ltr'>ignobilitas,</span> <span class='ocrx_word' id='word_1_266' title='bbox 2199 1963 2231 1999; x_wconf 92' lang='lat' dir='ltr'>o</span> <span class='ocrx_word' id='word_1_267' title='bbox 2263 1947 2495 2000; x_wconf 88' lang='lat' dir='ltr'>aititudo</span> <span class='ocrx_word' id='word_1_268' title='bbox 2524 1948 2726 2015; x_wconf 79' lang='lat' dir='ltr'>sceptri</span> <span class='ocrx_word' id='word_1_269' title='bbox 2757 1948 3012 2001; x_wconf 91' lang='lat' dir='ltr'>omnibus</span> <span class='ocrx_word' id='word_1_270' title='bbox 3037 1948 3233 2013; x_wconf 90' lang='lat' dir='ltr'>major,</span> <span class='ocrx_word' id='word_1_271' title='bbox 3267 1961 3441 2014; x_wconf 78' lang='lat' dir='ltr'>neque</span> 
     </span>
    </p>
   </div>
   <div class='ocr_carea' id='block_1_33' title="bbox 203 2040 3439 2117">
    <p class='ocr_par' dir='ltr' id='par_1_33' title="bbox 203 2040 3439 2117">
     <span class='ocr_line' id='line_1_33' title="bbox 203 2040 3439 2117; baseline -0.001 -19"><span class='ocrx_word' id='word_1_272' title='bbox 203 2046 547 2117; x_wconf 72' lang='lat' dir='ltr'>imperatoris</span> <span class='ocrx_word' id='word_1_273' title='bbox 601 2064 792 2103; x_wconf 83' lang='lat' dir='ltr'>servus</span> <span class='ocrx_word' id='word_1_274' title='bbox 840 2064 963 2104; x_wconf 88' lang='lat' dir='ltr'>esse</span> <span class='ocrx_word' id='word_1_275' title='bbox 1010 2049 1208 2114; x_wconf 76' lang='lat' dir='ltr'>dignus</span> <span class='ocrx_word' id='word_1_276' title='bbox 1269 2049 1560 2103; x_wconf 70' lang='lat' dir='ltr'>videbitur.</span> <span class='ocrx_word' id='word_1_277' title='bbox 1630 2047 1740 2116; x_wconf 74' lang='lat' dir='ltr'>Ego</span> <span class='ocrx_word' id='word_1_278' title='bbox 1786 2054 1967 2100; x_wconf 87' lang='lat' dir='ltr'>autem</span> <span class='ocrx_word' id='word_1_279' title='bbox 2026 2054 2083 2097; x_wconf 91' lang='lat' dir='ltr'>ut</span> <span class='ocrx_word' id='word_1_280' title='bbox 2132 2044 2365 2111; x_wconf 88' lang='lat' dir='ltr'>primum</span> <span class='ocrx_word' id='word_1_281' title='bbox 2451 2040 2899 2096; x_wconf 78' lang='lat' dir='ltr'>Thessalonicam</span> <span class='ocrx_word' id='word_1_282' title='bbox 2950 2058 3069 2095; x_wconf 91' lang='lat' dir='ltr'>sum</span> <span class='ocrx_word' id='word_1_283' title='bbox 3137 2044 3439 2112; x_wconf 67' lang='lat' dir='ltr'>ingressus,</span> 
     </span>
    </p>
   </div>
   <div class='ocr_carea' id='block_1_34' title="bbox 205 2132 3439 2210">
    <p class='ocr_par' dir='ltr' id='par_1_34' title="bbox 205 2132 3439 2210">
     <span class='ocr_line' id='line_1_34' title="bbox 205 2132 3439 2210; baseline -0.002 -17"><span class='ocrx_word' id='word_1_284' title='bbox 205 2140 369 2195; x_wconf 69' lang='lat' dir='ltr'>z’imul</span> <span class='ocrx_word' id='word_1_285' title='bbox 402 2155 467 2193; x_wconf 91' lang='lat' dir='ltr'>ac</span> <span class='ocrx_word' id='word_1_286' title='bbox 497 2141 696 2195; x_wconf 84' lang='lat' dir='ltr'>alicubi</span> <span class='ocrx_word' id='word_1_287' title='bbox 728 2142 905 2210; x_wconf 87' lang='lat' dir='ltr'>ipsum</span> <span class='ocrx_word' id='word_1_288' title='bbox 943 2140 1198 2195; x_wconf 67' lang='lat' dir='ltr'>Dmdalon</span> <span class='ocrx_word' id='word_1_289' title='bbox 1237 2141 1441 2204; x_wconf 88' lang='lat' dir='ltr'>inveni,</span> <span class='ocrx_word' id='word_1_290' title='bbox 1484 2140 1597 2193; x_wconf 86' lang='lat' dir='ltr'>alas</span> <span class='ocrx_word' id='word_1_291' title='bbox 1625 2138 1754 2192; x_wconf 89' lang='lat' dir='ltr'>tnihi</span> <span class='ocrx_word' id='word_1_292' title='bbox 1794 2138 1895 2207; x_wconf 88' lang='lat' dir='ltr'>ipsi</span> <span class='ocrx_word' id='word_1_293' title='bbox 1928 2134 2125 2203; x_wconf 90' lang='lat' dir='ltr'>aptavi,</span> <span class='ocrx_word' id='word_1_294' title='bbox 2154 2132 2382 2200; x_wconf 84' lang='lat' dir='ltr'>locaque</span> <span class='ocrx_word' id='word_1_295' title='bbox 2416 2133 2596 2185; x_wconf 79' lang='lat' dir='ltr'>volatu</span> <span class='ocrx_word' id='word_1_296' title='bbox 2638 2132 2920 2199; x_wconf 67' lang='lat' dir='ltr'>inquisivi,</span> <span class='ocrx_word' id='word_1_297' title='bbox 2994 2142 3047 2185; x_wconf 90' lang='lat' dir='ltr'>et</span> <span class='ocrx_word' id='word_1_298' title='bbox 3080 2134 3220 2201; x_wconf 86' lang='lat' dir='ltr'>apud</span> <span class='ocrx_word' id='word_1_299' title='bbox 3244 2134 3439 2186; x_wconf 79' lang='lat' dir='ltr'>Aehri-</span> 
     </span>
    </p>
   </div>
   <div class='ocr_carea' id='block_1_35' title="bbox 210 2221 3441 2299">
    <p class='ocr_par' dir='ltr' id='par_1_35' title="bbox 210 2221 3441 2299">
     <span class='ocr_line' id='line_1_35' title="bbox 210 2221 3441 2299; baseline -0.002 -15"><span class='ocrx_word' id='word_1_300' title='bbox 210 2231 333 2284; x_wconf 81' lang='lat' dir='ltr'>deut</span> <span class='ocrx_word' id='word_1_301' title='bbox 385 2231 651 2299; x_wconf 84' lang='lat' dir='ltr'>acquievi.</span> <span class='ocrx_word' id='word_1_302' title='bbox 702 2230 1084 2286; x_wconf 82' lang='lat' dir='ltr'>Verumtamen</span> <span class='ocrx_word' id='word_1_303' title='bbox 1108 2245 1283 2299; x_wconf 91' lang='lat' dir='ltr'>neque</span> <span class='ocrx_word' id='word_1_304' title='bbox 1326 2230 1596 2285; x_wconf 61' lang='lat' dir='ltr'>Dmdalutn</span> <span class='ocrx_word' id='word_1_305' title='bbox 1655 2229 1843 2291; x_wconf 90' lang='lat' dir='ltr'>habui,</span> <span class='ocrx_word' id='word_1_306' title='bbox 1896 2240 2071 2295; x_wconf 88' lang='lat' dir='ltr'>neque</span> <span class='ocrx_word' id='word_1_307' title='bbox 2128 2225 2361 2279; x_wconf 89' lang='lat' dir='ltr'>amicum</span> <span class='ocrx_word' id='word_1_308' title='bbox 2416 2224 2601 2276; x_wconf 81' lang='lat' dir='ltr'>fidum.</span> <span class='ocrx_word' id='word_1_309' title='bbox 2655 2221 2897 2277; x_wconf 84' lang='lat' dir='ltr'>Tandem</span> <span class='ocrx_word' id='word_1_310' title='bbox 2950 2222 3107 2291; x_wconf 87' lang='lat' dir='ltr'>equis</span> <span class='ocrx_word' id='word_1_311' title='bbox 3156 2224 3441 2281; x_wconf 89' lang='lat' dir='ltr'>conductis</span> 
     </span>
    </p>
   </div>
   <div class='ocr_carea' id='block_1_36' title="bbox 220 2322 711 2393">
    <p class='ocr_par' dir='ltr' id='par_1_36' title="bbox 220 2322 711 2393">
     <span class='ocr_line' id='line_1_36' title="bbox 220 2322 711 2393; baseline 0.002 -18"><span class='ocrx_word' id='word_1_312' title='bbox 220 2322 334 2391; x_wconf 84' lang='lat' dir='ltr'>jam</span> <span class='ocrx_word' id='word_1_313' title='bbox 370 2325 711 2393; x_wconf 88' lang='lat' dir='ltr'>proliciscor.</span> 
     </span>
    </p>
   </div>
   <div class='ocr_carea' id='block_1_37' title="bbox 792 2478 1180 2548">
    <p class='ocr_par' dir='ltr' id='par_1_37' title="bbox 792 2478 1180 2548">
     <span class='ocr_line' id='line_1_37' title="bbox 792 2478 1180 2548; baseline 0.005 -16"><span class='ocrx_word' id='word_1_314' title='bbox 792 2480 1010 2534; x_wconf 73' lang='lat' dir='ltr'>sntsr.</span> <span class='ocrx_word' id='word_1_315' title='bbox 1047 2478 1180 2548; x_wconf 73' lang='lat' dir='ltr'>sq&#39;.</span> 
     </span>
    </p>
   </div>
   <div class='ocr_carea' id='block_1_38' title="bbox 667 2592 1357 2661">
    <p class='ocr_par' dir='ltr' id='par_1_38' title="bbox 667 2592 1357 2661">
     <span class='ocr_line' id='line_1_38' title="bbox 667 2592 1357 2661; baseline 0.004 -15"><span class='ocrx_word' id='word_1_316' title='bbox 667 2592 747 2658; x_wconf 82' lang='grc' dir='ltr'>Τῷ</span> <span class='ocrx_word' id='word_1_317' title='bbox 783 2594 1093 2661; x_wconf 82' lang='grc' dir='ltr'>ἑπισκόπῳ</span> <span class='ocrx_word' id='word_1_318' title='bbox 1122 2594 1357 2661; x_wconf 83' lang='grc' dir='ltr'>Κίτρου.</span> 
     </span>
    </p>
   </div>
   <div class='ocr_carea' id='block_1_39' title="bbox 281 2705 1767 2777">
    <p class='ocr_par' dir='ltr' id='par_1_39' title="bbox 281 2705 1767 2777">
     <span class='ocr_line' id='line_1_39' title="bbox 281 2705 1767 2777; baseline -0.003 -17"><span class='ocrx_word' id='word_1_319' title='bbox 281 2708 440 2760; x_wconf 76' lang='grc' dir='ltr'>Ἐστι</span> <span class='ocrx_word' id='word_1_320' title='bbox 470 2709 561 2758; x_wconf 70' lang='grc' dir='ltr'>καὶ</span> <span class='ocrx_word' id='word_1_321' title='bbox 584 2706 863 2774; x_wconf 79' lang='grc' dir='ltr'>γράφοντα</span> <span class='ocrx_word' id='word_1_322' title='bbox 894 2708 969 2773; x_wconf 79' lang='grc' dir='ltr'>μὴ</span> <span class='ocrx_word' id='word_1_323' title='bbox 998 2709 1242 2777; x_wconf 78' lang='grc' dir='ltr'>ἀγαπᾷν,</span> <span class='ocrx_word' id='word_1_324' title='bbox 1265 2707 1359 2759; x_wconf 77' lang='grc' dir='ltr'>καὶ</span> <span class='ocrx_word' id='word_1_325' title='bbox 1385 2705 1463 2776; x_wconf 74' lang='grc' dir='ltr'>μὴ</span> <span class='ocrx_word' id='word_1_326' title='bbox 1484 2705 1767 2773; x_wconf 67' lang='grc' dir='ltr'>γράφοντα</span> 
     </span>
    </p>
   </div>
   <div class='ocr_carea' id='block_1_40' title="bbox 208 2791 1766 2865">
    <p class='ocr_par' dir='ltr' id='par_1_40' title="bbox 208 2791 1766 2865">
     <span class='ocr_line' id='line_1_40' title="bbox 208 2791 1766 2865; baseline -0.006 -15"><span class='ocrx_word' id='word_1_327' title='bbox 208 2798 453 2865; x_wconf 75' lang='grc' dir='ltr'>ἀγαπᾷν,</span> <span class='ocrx_word' id='word_1_328' title='bbox 490 2796 791 2862; x_wconf 82' lang='grc' dir='ltr'>τιμιώτατε</span> <span class='ocrx_word' id='word_1_329' title='bbox 821 2794 1019 2861; x_wconf 67' lang='grc' dir='ltr'>ἀδελφέ</span> <span class='ocrx_word' id='word_1_330' title='bbox 1052 2794 1146 2845; x_wconf 76' lang='grc' dir='ltr'>καὶ</span> <span class='ocrx_word' id='word_1_331' title='bbox 1185 2794 1418 2845; x_wconf 77' lang='grc' dir='ltr'>δέσποτα</span> <span class='ocrx_word' id='word_1_332' title='bbox 1445 2807 1457 2820; x_wconf 92' lang='grc'><strong>·</strong></span> <span class='ocrx_word' id='word_1_333' title='bbox 1530 2792 1592 2842; x_wconf 81' lang='grc' dir='ltr'>τὸ</span> <span class='ocrx_word' id='word_1_334' title='bbox 1647 2791 1766 2861; x_wconf 80' lang='grc' dir='ltr'>μὲν,</span> 
     </span>
    </p>
   </div>
   <div class='ocr_carea' id='block_1_41' title="bbox 206 2880 1770 2959">
    <p class='ocr_par' dir='ltr' id='par_1_41' title="bbox 206 2880 1770 2959">
     <span class='ocr_line' id='line_1_41' title="bbox 206 2880 1770 2959; baseline -0.004 -19"><span class='ocrx_word' id='word_1_335' title='bbox 206 2891 272 2956; x_wconf 77' lang='grc' dir='ltr'>τῇ</span> <span class='ocrx_word' id='word_1_336' title='bbox 305 2888 457 2959; x_wconf 75' lang='grc' dir='ltr'>ζύμῃ</span> <span class='ocrx_word' id='word_1_337' title='bbox 488 2886 596 2939; x_wconf 82' lang='grc' dir='ltr'>τῶν</span> <span class='ocrx_word' id='word_1_338' title='bbox 634 2886 945 2955; x_wconf 73' lang='grc' dir='ltr'>Φαρισαίων</span> <span class='ocrx_word' id='word_1_339' title='bbox 980 2886 1285 2954; x_wconf 69' lang='grc' dir='ltr'>χρώμενον,</span> <span class='ocrx_word' id='word_1_340' title='bbox 1349 2884 1417 2953; x_wconf 73' lang='grc' dir='ltr'>ἢν</span> <span class='ocrx_word' id='word_1_341' title='bbox 1476 2880 1614 2936; x_wconf 69' lang='grc' dir='ltr'>εἶναι</span> <span class='ocrx_word' id='word_1_342' title='bbox 1669 2883 1770 2950; x_wconf 82' lang='grc' dir='ltr'>τὴν</span> 
     </span>
    </p>
   </div>
   <div class='ocr_carea' id='block_1_42' title="bbox 210 2973 1766 3046">
    <p class='ocr_par' dir='ltr' id='par_1_42' title="bbox 210 2973 1766 3046">
     <span class='ocr_line' id='line_1_42' title="bbox 210 2973 1766 3046; baseline -0.004 -17"><span class='ocrx_word' id='word_1_343' title='bbox 210 2978 500 3046; x_wconf 75' lang='grc' dir='ltr'>ὑπόκρισιν</span> <span class='ocrx_word' id='word_1_344' title='bbox 518 2975 873 3044; x_wconf 73' lang='grc' dir='ltr'>ἐδιδάχθημεν</span> <span class='ocrx_word' id='word_1_345' title='bbox 892 2992 904 3005; x_wconf 88' lang='grc'><strong>·</strong></span> <span class='ocrx_word' id='word_1_346' title='bbox 926 2976 985 3027; x_wconf 77' lang='grc' dir='ltr'>τὸ</span> <span class='ocrx_word' id='word_1_347' title='bbox 1008 2974 1307 3041; x_wconf 80' lang='grc' dir='ltr'>δἀσχολίας</span> <span class='ocrx_word' id='word_1_348' title='bbox 1327 2990 1392 3024; x_wconf 88' lang='grc' dir='ltr'>πε</span> <span class='ocrx_word' id='word_1_349' title='bbox 1404 2973 1766 3041; x_wconf 78' lang='grc' dir='ltr'>ριε).ιιόμενον,</span> 
     </span>
    </p>
   </div>
   <div class='ocr_carea' id='block_1_43' title="bbox 210 3062 1769 3137">
    <p class='ocr_par' dir='ltr' id='par_1_43' title="bbox 210 3062 1769 3137">
     <span class='ocr_line' id='line_1_43' title="bbox 210 3062 1769 3137; baseline -0.005 -15"><span class='ocrx_word' id='word_1_350' title='bbox 210 3071 275 3131; x_wconf 76' lang='grc' dir='ltr'>ἃς</span> <span class='ocrx_word' id='word_1_351' title='bbox 306 3071 439 3137; x_wconf 78' lang='grc' dir='ltr'>ἡμῖν</span> <span class='ocrx_word' id='word_1_352' title='bbox 466 3069 721 3135; x_wconf 53' lang='lat' dir='ltr'>impiger.</span> <span class='ocrx_word' id='word_1_353' title='bbox 746 3070 852 3126; x_wconf 84' lang='grc' dir='ltr'>τοῖς</span> <span class='ocrx_word' id='word_1_354' title='bbox 880 3066 1231 3134; x_wconf 72' lang='grc' dir='ltr'>κουφοτέροις</span> <span class='ocrx_word' id='word_1_355' title='bbox 1256 3066 1289 3134; x_wconf 79' lang='grc' dir='ltr'><strong>ἡ</strong></span> <span class='ocrx_word' id='word_1_356' title='bbox 1308 3064 1427 3116; x_wconf 77' lang='grc' dir='ltr'>καθ’</span> <span class='ocrx_word' id='word_1_357' title='bbox 1461 3063 1616 3133; x_wconf 80' lang='grc' dir='ltr'>ἡμῶν</span> <span class='ocrx_word' id='word_1_358' title='bbox 1676 3062 1769 3114; x_wconf 85' lang='grc' dir='ltr'>τοῦ</span> 
     </span>
    </p>
   </div>
   <div class='ocr_carea' id='block_1_44' title="bbox 213 3152 1774 3230">
    <p class='ocr_par' dir='ltr' id='par_1_44' title="bbox 213 3152 1774 3230">
     <span class='ocr_line' id='line_1_44' title="bbox 213 3152 1774 3230; baseline -0.005 -20"><span class='ocrx_word' id='word_1_359' title='bbox 213 3161 332 3230; x_wconf 80' lang='grc' dir='ltr'>βίοι.</span> <span class='ocrx_word' id='word_1_360' title='bbox 357 3158 566 3227; x_wconf 81' lang='grc' dir='ltr'>μεγάλη</span> <span class='ocrx_word' id='word_1_361' title='bbox 608 3157 859 3223; x_wconf 79' lang='grc' dir='ltr'>δύναμις.</span> <span class='ocrx_word' id='word_1_362' title='bbox 895 3158 984 3224; x_wconf 80' lang='grc' dir='ltr'>Μή</span> <span class='ocrx_word' id='word_1_363' title='bbox 1014 3172 1103 3223; x_wconf 87' lang='grc' dir='ltr'>μοι</span> <span class='ocrx_word' id='word_1_364' title='bbox 1131 3156 1314 3208; x_wconf 81' lang='grc' dir='ltr'>τοίνυν</span> <span class='ocrx_word' id='word_1_365' title='bbox 1345 3154 1441 3223; x_wconf 84' lang='grc' dir='ltr'>τὴν</span> <span class='ocrx_word' id='word_1_366' title='bbox 1495 3152 1774 3221; x_wconf 79' lang='grc' dir='ltr'>ἀγραφίαν</span> 
     </span>
    </p>
   </div>
   <div class='ocr_carea' id='block_1_45' title="bbox 210 3242 1767 3321">
    <p class='ocr_par' dir='ltr' id='par_1_45' title="bbox 210 3242 1767 3321">
     <span class='ocr_line' id='line_1_45' title="bbox 210 3242 1767 3321; baseline -0.008 -16"><span class='ocrx_word' id='word_1_367' title='bbox 210 3253 357 3321; x_wconf 64' lang='grc' dir='ltr'>ἔχειν</span> <span class='ocrx_word' id='word_1_368' title='bbox 388 3252 445 3301; x_wconf 69' lang='grc' dir='ltr'>ιν</span> <span class='ocrx_word' id='word_1_369' title='bbox 511 3249 671 3318; x_wconf 86' lang='grc' dir='ltr'>λόγῳ,</span> <span class='ocrx_word' id='word_1_370' title='bbox 726 3249 861 3299; x_wconf 74' lang='grc' dir='ltr'>ἀλλὰ</span> <span class='ocrx_word' id='word_1_371' title='bbox 891 3248 987 3299; x_wconf 77' lang='grc' dir='ltr'>τοῦ</span> <span class='ocrx_word' id='word_1_372' title='bbox 1039 3245 1282 3315; x_wconf 74' lang='grc' dir='ltr'>μείζονος</span> <span class='ocrx_word' id='word_1_373' title='bbox 1325 3242 1619 3296; x_wconf 79' lang='grc' dir='ltr'>ἀπολαύειν</span> <span class='ocrx_word' id='word_1_374' title='bbox 1674 3242 1767 3293; x_wconf 81' lang='grc' dir='ltr'>τοῦ</span> 
     </span>
    </p>
   </div>
   <div class='ocr_carea' id='block_1_46' title="bbox 212 3334 1776 3411">
    <p class='ocr_par' dir='ltr' id='par_1_46' title="bbox 212 3334 1776 3411">
     <span class='ocr_line' id='line_1_46' title="bbox 212 3334 1776 3411; baseline -0.008 -14"><span class='ocrx_word' id='word_1_375' title='bbox 212 3345 310 3411; x_wconf 80' lang='grc' dir='ltr'>τῆς</span> <span class='ocrx_word' id='word_1_376' title='bbox 337 3342 559 3409; x_wconf 83' lang='grc' dir='ltr'>ἀγάπης</span> <span class='ocrx_word' id='word_1_377' title='bbox 599 3340 789 3403; x_wconf 78' lang='grc' dir='ltr'>καλοῦ,</span> <span class='ocrx_word' id='word_1_378' title='bbox 826 3340 1110 3400; x_wconf 78' lang='grc' dir='ltr'>ὶλάττονος</span> <span class='ocrx_word' id='word_1_379' title='bbox 1138 3336 1416 3407; x_wconf 80' lang='grc' dir='ltr'>φροντίδος</span> <span class='ocrx_word' id='word_1_380' title='bbox 1464 3334 1648 3401; x_wconf 79' lang='grc' dir='ltr'>ἀξιοῦν</span> <span class='ocrx_word' id='word_1_381' title='bbox 1700 3334 1776 3386; x_wconf 89' lang='grc' dir='ltr'>δι-</span> 
     </span>
    </p>
   </div>
   <div class='ocr_carea' id='block_1_47' title="bbox 213 3426 1773 3503">
    <p class='ocr_par' dir='ltr' id='par_1_47' title="bbox 213 3426 1773 3503">
     <span class='ocr_line' id='line_1_47' title="bbox 213 3426 1773 3503; baseline -0.007 -17"><span class='ocrx_word' id='word_1_382' title='bbox 213 3437 375 3503; x_wconf 81' lang='grc' dir='ltr'>καίῳ,</span> <span class='ocrx_word' id='word_1_383' title='bbox 405 3435 464 3485; x_wconf 75' lang='grc' dir='ltr'>τὸ</span> <span class='ocrx_word' id='word_1_384' title='bbox 488 3434 705 3485; x_wconf 80' lang='grc' dir='ltr'>ἔλαττον</span> <span class='ocrx_word' id='word_1_385' title='bbox 730 3431 822 3482; x_wconf 62' lang='grc' dir='ltr'>καὶ</span> <span class='ocrx_word' id='word_1_386' title='bbox 846 3430 943 3497; x_wconf 85' lang='grc' dir='ltr'>τὴν</span> <span class='ocrx_word' id='word_1_387' title='bbox 959 3428 1066 3480; x_wconf 89' lang='grc' dir='ltr'>τῶν</span> <span class='ocrx_word' id='word_1_388' title='bbox 1097 3429 1268 3497; x_wconf 81' lang='grc' dir='ltr'>εὐχῶν</span> <span class='ocrx_word' id='word_1_389' title='bbox 1300 3429 1599 3496; x_wconf 80' lang='grc' dir='ltr'>προτείνειν</span> <span class='ocrx_word' id='word_1_390' title='bbox 1620 3426 1773 3494; x_wconf 83' lang='grc' dir='ltr'>χεῖρα</span> 
     </span>
    </p>
   </div>
   <div class='ocr_carea' id='block_1_48' title="bbox 212 3516 1775 3589">
    <p class='ocr_par' dir='ltr' id='par_1_48' title="bbox 212 3516 1775 3589">
     <span class='ocr_line' id='line_1_48' title="bbox 212 3516 1775 3589; baseline -0.006 -13"><span class='ocrx_word' id='word_1_391' title='bbox 212 3529 328 3585; x_wconf 82' lang='grc' dir='ltr'>τοῖς</span> <span class='ocrx_word' id='word_1_392' title='bbox 380 3520 716 3589; x_wconf 77' lang='grc' dir='ltr'>πανταχόθεν</span> <span class='ocrx_word' id='word_1_393' title='bbox 796 3518 1152 3587; x_wconf 80' lang='grc' dir='ltr'>βαπτίζεσθαι</span> <span class='ocrx_word' id='word_1_394' title='bbox 1220 3517 1641 3569; x_wconf 78' lang='grc' dir='ltr'>κινδυνεύουσιν.</span> <span class='ocrx_word' id='word_1_395' title='bbox 1688 3516 1775 3577; x_wconf 81' lang='grc' dir='ltr'>Ὠς</span> 
     </span>
    </p>
   </div>
   <div class='ocr_carea' id='block_1_49' title="bbox 214 3606 1777 3681">
    <p class='ocr_par' dir='ltr' id='par_1_49' title="bbox 214 3606 1777 3681">
     <span class='ocr_line' id='line_1_49' title="bbox 214 3606 1777 3681; baseline -0.005 -16"><span class='ocrx_word' id='word_1_396' title='bbox 214 3614 327 3679; x_wconf 73' lang='grc' dir='ltr'>γὰρ</span> <span class='ocrx_word' id='word_1_397' title='bbox 357 3613 455 3665; x_wconf 82' lang='grc' dir='ltr'>οὑκ</span> <span class='ocrx_word' id='word_1_398' title='bbox 477 3614 790 3681; x_wconf 74' lang='grc' dir='ltr'>ἀρκούντων</span> <span class='ocrx_word' id='word_1_399' title='bbox 825 3614 891 3679; x_wconf 78' lang='grc' dir='ltr'>τῇ</span> <span class='ocrx_word' id='word_1_400' title='bbox 914 3610 1167 3677; x_wconf 77' lang='grc' dir='ltr'>ἀσθενείᾳ</span> <span class='ocrx_word' id='word_1_401' title='bbox 1196 3608 1292 3674; x_wconf 80' lang='grc' dir='ltr'>τῆς</span> <span class='ocrx_word' id='word_1_402' title='bbox 1323 3608 1457 3675; x_wconf 78' lang='grc' dir='ltr'>ὲμῆς</span> <span class='ocrx_word' id='word_1_403' title='bbox 1479 3608 1654 3675; x_wconf 73' lang='grc' dir='ltr'>ψυχῆς</span> <span class='ocrx_word' id='word_1_404' title='bbox 1669 3606 1777 3657; x_wconf 88' lang='grc' dir='ltr'>τῶν</span> 
     </span>
    </p>
   </div>
   <div class='ocr_carea' id='block_1_50' title="bbox 215 3697 1773 3770">
    <p class='ocr_par' dir='ltr' id='par_1_50' title="bbox 215 3697 1773 3770">
     <span class='ocr_line' id='line_1_50' title="bbox 215 3697 1773 3770; baseline -0.006 -14"><span class='ocrx_word' id='word_1_405' title='bbox 215 3704 394 3757; x_wconf 75' lang='grc' dir='ltr'>ἄλλων</span> <span class='ocrx_word' id='word_1_406' title='bbox 432 3702 630 3770; x_wconf 77' lang='grc' dir='ltr'>βαρῶν,</span> <span class='ocrx_word' id='word_1_407' title='bbox 660 3700 889 3766; x_wconf 75' lang='grc' dir='ltr'>επετέθη</span> <span class='ocrx_word' id='word_1_408' title='bbox 918 3700 1012 3750; x_wconf 74' lang='grc' dir='ltr'>καὶ</span> <span class='ocrx_word' id='word_1_409' title='bbox 1044 3703 1071 3751; x_wconf 79' lang='grc' dir='ltr'>ὁ</span> <span class='ocrx_word' id='word_1_410' title='bbox 1095 3699 1189 3750; x_wconf 81' lang='grc' dir='ltr'>τοῦ</span> <span class='ocrx_word' id='word_1_411' title='bbox 1242 3697 1471 3765; x_wconf 80' lang='grc' dir='ltr'>ἀδελφοῦ</span> <span class='ocrx_word' id='word_1_412' title='bbox 1519 3698 1741 3758; x_wconf 81' lang='grc' dir='ltr'>θάνατος</span> <span class='ocrx_word' id='word_1_413' title='bbox 1760 3713 1773 3725; x_wconf 73' lang='grc' dir='ltr'><strong>ο</strong></span> 
     </span>
    </p>
   </div>
   <div class='ocr_carea' id='block_1_51' title="bbox 214 3790 1777 3860">
    <p class='ocr_par' dir='ltr' id='par_1_51' title="bbox 214 3790 1777 3860">
     <span class='ocr_line' id='line_1_51' title="bbox 214 3790 1777 3860; baseline -0.004 -14"><span class='ocrx_word' id='word_1_414' title='bbox 214 3793 469 3860; x_wconf 72' lang='grc' dir='ltr'>ἀδελφοῦ,</span> <span class='ocrx_word' id='word_1_415' title='bbox 504 3792 644 3859; x_wconf 69' lang='grc' dir='ltr'>ἐμῆς</span> <span class='ocrx_word' id='word_1_416' title='bbox 670 3791 1041 3858; x_wconf 75' lang='grc' dir='ltr'>ἑξηρτημένου</span> <span class='ocrx_word' id='word_1_417' title='bbox 1084 3790 1275 3857; x_wconf 82' lang='grc' dir='ltr'>πνοῆς,</span> <span class='ocrx_word' id='word_1_418' title='bbox 1323 3791 1416 3842; x_wconf 82' lang='grc' dir='ltr'>καὶ</span> <span class='ocrx_word' id='word_1_419' title='bbox 1474 3790 1647 3843; x_wconf 83' lang='grc' dir='ltr'>πάντα</span> <span class='ocrx_word' id='word_1_420' title='bbox 1693 3790 1777 3839; x_wconf 84' lang='grc' dir='ltr'>δν-</span> 
     </span>
    </p>
   </div>
   <div class='ocr_carea' id='block_1_52' title="bbox 1806 2475 1854 2535">
    <p class='ocr_par' dir='ltr' id='par_1_52' title="bbox 1806 2475 1854 2535">
     <span class='ocr_line' id='line_1_52' title="bbox 1806 2475 1854 2535; baseline 0 0"><span class='ocrx_word' id='word_1_421' title='bbox 1806 2475 1854 2535; x_wconf 84' lang='grc' dir='ltr'><strong>Β</strong></span> 
     </span>
    </p>
   </div>
   <div class='ocr_carea' id='block_1_53' title="bbox 2441 2468 2884 2525">
    <p class='ocr_par' dir='ltr' id='par_1_53' title="bbox 2441 2468 2884 2525">
     <span class='ocr_line' id='line_1_53' title="bbox 2441 2468 2884 2525; baseline 0 0"><span class='ocrx_word' id='word_1_422' title='bbox 2441 2468 2659 2525; x_wconf 75' lang='grc' dir='ltr'>ΕΙῚδΤ.</span> <span class='ocrx_word' id='word_1_423' title='bbox 2702 2468 2884 2525; x_wconf 78' lang='lat' dir='ltr'>LXVI.</span> 
     </span>
    </p>
   </div>
   <div class='ocr_carea' id='block_1_54' title="bbox 2411 2584 2868 2653">
    <p class='ocr_par' dir='ltr' id='par_1_54' title="bbox 2411 2584 2868 2653">
     <span class='ocr_line' id='line_1_54' title="bbox 2411 2584 2868 2653; baseline -0.002 -14"><span class='ocrx_word' id='word_1_424' title='bbox 2411 2585 2669 2653; x_wconf 75' lang='lat' dir='ltr'>Episcopo</span> <span class='ocrx_word' id='word_1_425' title='bbox 2714 2584 2868 2639; x_wconf 78' lang='lat' dir='ltr'>Citri.</span> 
     </span>
    </p>
   </div>
   <div class='ocr_carea' id='block_1_55' title="bbox 1946 2701 3441 2771">
    <p class='ocr_par' dir='ltr' id='par_1_55' title="bbox 1946 2701 3441 2771">
     <span class='ocr_line' id='line_1_55' title="bbox 1946 2701 3441 2771; baseline 0 -12"><span class='ocrx_word' id='word_1_426' title='bbox 1946 2704 2088 2759; x_wconf 83' lang='lat' dir='ltr'>Fieri</span> <span class='ocrx_word' id='word_1_427' title='bbox 2149 2701 2397 2771; x_wconf 83' lang='lat' dir='ltr'>equidem</span> <span class='ocrx_word' id='word_1_428' title='bbox 2450 2702 2668 2768; x_wconf 88' lang='lat' dir='ltr'>poterit,</span> <span class='ocrx_word' id='word_1_429' title='bbox 2745 2711 2805 2755; x_wconf 91' lang='lat' dir='ltr'>ut</span> <span class='ocrx_word' id='word_1_430' title='bbox 2852 2701 3001 2755; x_wconf 88' lang='lat' dir='ltr'>illum</span> <span class='ocrx_word' id='word_1_431' title='bbox 3036 2712 3090 2756; x_wconf 90' lang='lat' dir='ltr'>tu</span> <span class='ocrx_word' id='word_1_432' title='bbox 3132 2718 3239 2757; x_wconf 91' lang='lat' dir='ltr'>non</span> <span class='ocrx_word' id='word_1_433' title='bbox 3273 2719 3441 2769; x_wconf 87' lang='lat' dir='ltr'>ames,</span> 
     </span>
    </p>
   </div>
   <div class='ocr_carea' id='block_1_56' title="bbox 1876 2790 3443 2864">
    <p class='ocr_par' dir='ltr' id='par_1_56' title="bbox 1876 2790 3443 2864">
     <span class='ocr_line' id='line_1_56' title="bbox 1876 2790 3443 2864; baseline -0.001 -16"><span class='ocrx_word' id='word_1_434' title='bbox 1876 2796 1969 2864; x_wconf 87' lang='lat' dir='ltr'>qui</span> <span class='ocrx_word' id='word_1_435' title='bbox 2003 2795 2070 2849; x_wconf 81' lang='lat' dir='ltr'>ad</span> <span class='ocrx_word' id='word_1_436' title='bbox 2104 2802 2156 2848; x_wconf 86' lang='lat' dir='ltr'>te</span> <span class='ocrx_word' id='word_1_437' title='bbox 2193 2794 2417 2855; x_wconf 88' lang='lat' dir='ltr'>scribit,</span> <span class='ocrx_word' id='word_1_438' title='bbox 2462 2791 2725 2859; x_wconf 81' lang='lat' dir='ltr'>illumque</span> <span class='ocrx_word' id='word_1_439' title='bbox 2759 2790 2852 2859; x_wconf 87' lang='lat' dir='ltr'>qui</span> <span class='ocrx_word' id='word_1_440' title='bbox 2890 2791 2954 2845; x_wconf 86' lang='lat' dir='ltr'>ad</span> <span class='ocrx_word' id='word_1_441' title='bbox 2993 2801 3044 2847; x_wconf 86' lang='lat' dir='ltr'>te</span> <span class='ocrx_word' id='word_1_442' title='bbox 3084 2808 3188 2847; x_wconf 87' lang='lat' dir='ltr'>nOn</span> <span class='ocrx_word' id='word_1_443' title='bbox 3225 2795 3443 2859; x_wconf 82' lang='lat' dir='ltr'>scribit,</span> 
     </span>
    </p>
   </div>
   <div class='ocr_carea' id='block_1_57' title="bbox 1888 2883 3443 2954">
    <p class='ocr_par' dir='ltr' id='par_1_57' title="bbox 1888 2883 3443 2954">
     <span class='ocr_line' id='line_1_57' title="bbox 1888 2883 3443 2954; baseline 0 -13"><span class='ocrx_word' id='word_1_444' title='bbox 1888 2888 2181 2941; x_wconf 90' lang='lat' dir='ltr'>tenerrimo</span> <span class='ocrx_word' id='word_1_445' title='bbox 2213 2883 2563 2954; x_wconf 85' lang='lat' dir='ltr'>prosequaris</span> <span class='ocrx_word' id='word_1_446' title='bbox 2592 2896 2797 2946; x_wconf 90' lang='lat' dir='ltr'>amore,</span> <span class='ocrx_word' id='word_1_447' title='bbox 2831 2883 3029 2954; x_wconf 76' lang='lat' dir='ltr'>inclyte</span> <span class='ocrx_word' id='word_1_448' title='bbox 3063 2886 3226 2939; x_wconf 82' lang='lat' dir='ltr'>frater</span> <span class='ocrx_word' id='word_1_449' title='bbox 3259 2896 3314 2941; x_wconf 91' lang='lat' dir='ltr'>et</span> <span class='ocrx_word' id='word_1_450' title='bbox 3343 2887 3443 2941; x_wconf 84' lang='lat' dir='ltr'>do-</span> 
     </span>
    </p>
   </div>
   <div class='ocr_carea' id='block_1_58' title="bbox 1881 2974 3444 3047">
    <p class='ocr_par' dir='ltr' id='par_1_58' title="bbox 1881 2974 3444 3047">
     <span class='ocr_line' id='line_1_58' title="bbox 1881 2974 3444 3047; baseline 0 -14"><span class='ocrx_word' id='word_1_451' title='bbox 1881 2981 2043 3033; x_wconf 91' lang='lat' dir='ltr'>mine.</span> <span class='ocrx_word' id='word_1_452' title='bbox 2096 2977 2211 3031; x_wconf 80' lang='lat' dir='ltr'>Hoc</span> <span class='ocrx_word' id='word_1_453' title='bbox 2257 2990 2387 3030; x_wconf 84' lang='lat' dir='ltr'>vero</span> <span class='ocrx_word' id='word_1_454' title='bbox 2428 2974 2828 3030; x_wconf 66' lang='lat' dir='ltr'>Pharisaorutn</span> <span class='ocrx_word' id='word_1_455' title='bbox 2888 2978 3211 3032; x_wconf 79' lang='lat' dir='ltr'>fermentum</span> <span class='ocrx_word' id='word_1_456' title='bbox 3260 2980 3444 3047; x_wconf 85' lang='lat' dir='ltr'>refert,</span> 
     </span>
    </p>
   </div>
   <div class='ocr_carea' id='block_1_59' title="bbox 1880 3067 3448 3140">
    <p class='ocr_par' dir='ltr' id='par_1_59' title="bbox 1880 3067 3448 3140">
     <span class='ocr_line' id='line_1_59' title="bbox 1880 3067 3448 3140; baseline 0.001 -18"><span class='ocrx_word' id='word_1_457' title='bbox 1880 3072 2021 3140; x_wconf 87' lang='lat' dir='ltr'>quod</span> <span class='ocrx_word' id='word_1_458' title='bbox 2066 3084 2187 3123; x_wconf 88' lang='lat' dir='ltr'>esse</span> <span class='ocrx_word' id='word_1_459' title='bbox 2233 3067 2546 3136; x_wconf 76' lang='lat' dir='ltr'>hypocrisin</span> <span class='ocrx_word' id='word_1_460' title='bbox 2595 3068 2909 3121; x_wconf 88' lang='lat' dir='ltr'>didicimus.</span> <span class='ocrx_word' id='word_1_461' title='bbox 2954 3069 3087 3121; x_wconf 89' lang='lat' dir='ltr'>Illud</span> <span class='ocrx_word' id='word_1_462' title='bbox 3130 3071 3347 3138; x_wconf 88' lang='lat' dir='ltr'>quidem</span> <span class='ocrx_word' id='word_1_463' title='bbox 3379 3071 3448 3125; x_wconf 90' lang='lat' dir='ltr'>de</span> 
     </span>
    </p>
   </div>
   <div class='ocr_carea' id='block_1_60' title="bbox 1883 3158 3447 3229">
    <p class='ocr_par' dir='ltr' id='par_1_60' title="bbox 1883 3158 3447 3229">
     <span class='ocr_line' id='line_1_60' title="bbox 1883 3158 3447 3229; baseline -0.001 -16"><span class='ocrx_word' id='word_1_464' title='bbox 1883 3161 2115 3229; x_wconf 84' lang='lat' dir='ltr'>negotiis</span> <span class='ocrx_word' id='word_1_465' title='bbox 2154 3158 2508 3225; x_wconf 90' lang='lat' dir='ltr'>impeditum,</span> <span class='ocrx_word' id='word_1_466' title='bbox 2539 3165 2593 3209; x_wconf 89' lang='lat' dir='ltr'>et</span> <span class='ocrx_word' id='word_1_467' title='bbox 2635 3159 3088 3226; x_wconf 86' lang='lat' dir='ltr'>occupationibus</span> <span class='ocrx_word' id='word_1_468' title='bbox 3120 3159 3447 3213; x_wconf 89' lang='lat' dir='ltr'>distractum</span> 
     </span>
    </p>
   </div>
   <div class='ocr_carea' id='block_1_61' title="bbox 1884 3247 3447 3315">
    <p class='ocr_par' dir='ltr' id='par_1_61' title="bbox 1884 3247 3447 3315">
     <span class='ocr_line' id='line_1_61' title="bbox 1884 3247 3447 3315; baseline 0.001 -12"><span class='ocrx_word' id='word_1_469' title='bbox 1884 3267 2007 3305; x_wconf 86' lang='lat' dir='ltr'>vere</span> <span class='ocrx_word' id='word_1_470' title='bbox 2054 3251 2292 3310; x_wconf 91' lang='lat' dir='ltr'>indicat,</span> <span class='ocrx_word' id='word_1_471' title='bbox 2341 3262 2476 3315; x_wconf 90' lang='lat' dir='ltr'>quas</span> <span class='ocrx_word' id='word_1_472' title='bbox 2527 3248 2685 3301; x_wconf 90' lang='lat' dir='ltr'>nobis</span> <span class='ocrx_word' id='word_1_473' title='bbox 2735 3247 2952 3315; x_wconf 87' lang='lat' dir='ltr'>quidem</span> <span class='ocrx_word' id='word_1_474' title='bbox 3005 3250 3345 3305; x_wconf 86' lang='lat' dir='ltr'>mollioribus</span> <span class='ocrx_word' id='word_1_475' title='bbox 3394 3259 3447 3305; x_wconf 89' lang='lat' dir='ltr'>et</span> 
     </span>
    </p>
   </div>
   <div class='ocr_carea' id='block_1_62' title="bbox 1884 3338 3448 3412">
    <p class='ocr_par' dir='ltr' id='par_1_62' title="bbox 1884 3338 3448 3412">
     <span class='ocr_line' id='line_1_62' title="bbox 1884 3338 3448 3412; baseline 0.004 -19"><span class='ocrx_word' id='word_1_476' title='bbox 1884 3340 2349 3409; x_wconf 74' lang='lat' dir='ltr'>languidioribus,</span> <span class='ocrx_word' id='word_1_477' title='bbox 2399 3338 2564 3406; x_wconf 86' lang='lat' dir='ltr'>hujus</span> <span class='ocrx_word' id='word_1_478' title='bbox 2606 3340 2728 3391; x_wconf 78' lang='lat' dir='ltr'>vitzn</span> <span class='ocrx_word' id='word_1_479' title='bbox 2761 3353 2952 3408; x_wconf 88' lang='lat' dir='ltr'>magna</span> <span class='ocrx_word' id='word_1_480' title='bbox 2985 3342 3101 3405; x_wconf 90' lang='lat' dir='ltr'>vis,</span> <span class='ocrx_word' id='word_1_481' title='bbox 3151 3354 3209 3396; x_wconf 88' lang='lat' dir='ltr'>et</span> <span class='ocrx_word' id='word_1_482' title='bbox 3246 3359 3448 3412; x_wconf 85' lang='lat' dir='ltr'>urgens</span> 
     </span>
    </p>
   </div>
   <div class='ocr_carea' id='block_1_63' title="bbox 1886 3433 3449 3496">
    <p class='ocr_par' dir='ltr' id='par_1_63' title="bbox 1886 3433 3449 3496">
     <span class='ocr_line' id='line_1_63' title="bbox 1886 3433 3449 3496; baseline 0.004 -13"><span class='ocrx_word' id='word_1_483' title='bbox 1886 3433 2181 3485; x_wconf 81' lang='lat' dir='ltr'>necessitas</span> <span class='ocrx_word' id='word_1_484' title='bbox 2230 3443 2349 3496; x_wconf 82' lang='lat' dir='ltr'>qua:</span> <span class='ocrx_word' id='word_1_485' title='bbox 2397 3443 2609 3496; x_wconf 86' lang='lat' dir='ltr'>semper</span> <span class='ocrx_word' id='word_1_486' title='bbox 2663 3441 2849 3482; x_wconf 85' lang='lat' dir='ltr'>contra</span> <span class='ocrx_word' id='word_1_487' title='bbox 2904 3444 3005 3484; x_wconf 92' lang='lat' dir='ltr'>nos</span> <span class='ocrx_word' id='word_1_488' title='bbox 3052 3441 3177 3496; x_wconf 82' lang='lat' dir='ltr'>est,</span> <span class='ocrx_word' id='word_1_489' title='bbox 3223 3436 3449 3489; x_wconf 88' lang='lat' dir='ltr'>assiduo</span> 
     </span>
    </p>
   </div>
   <div class='ocr_carea' id='block_1_64' title="bbox 1882 3518 3447 3593">
    <p class='ocr_par' dir='ltr' id='par_1_64' title="bbox 1882 3518 3447 3593">
     <span class='ocr_line' id='line_1_64' title="bbox 1882 3518 3447 3593; baseline 0.002 -16"><span class='ocrx_word' id='word_1_490' title='bbox 1882 3524 2079 3591; x_wconf 77' lang='lat' dir='ltr'>injicit.</span> <span class='ocrx_word' id='word_1_491' title='bbox 2123 3518 2264 3574; x_wconf 85' lang='lat' dir='ltr'>Cave</span> <span class='ocrx_word' id='word_1_492' title='bbox 2316 3519 2479 3588; x_wconf 88' lang='lat' dir='ltr'>igitur</span> <span class='ocrx_word' id='word_1_493' title='bbox 2512 3519 2578 3572; x_wconf 88' lang='lat' dir='ltr'>ad</span> <span class='ocrx_word' id='word_1_494' title='bbox 2626 3535 2710 3574; x_wconf 88' lang='lat' dir='ltr'>me</span> <span class='ocrx_word' id='word_1_495' title='bbox 2757 3536 2865 3575; x_wconf 92' lang='lat' dir='ltr'>non</span> <span class='ocrx_word' id='word_1_496' title='bbox 2904 3522 3183 3585; x_wconf 86' lang='lat' dir='ltr'>scribere,</span> <span class='ocrx_word' id='word_1_497' title='bbox 3232 3540 3447 3593; x_wconf 68' lang='lat' dir='ltr'>aequum</span> 
     </span>
    </p>
   </div>
   <div class='ocr_carea' id='block_1_65' title="bbox 1886 3610 3447 3679">
    <p class='ocr_par' dir='ltr' id='par_1_65' title="bbox 1886 3610 3447 3679">
     <span class='ocr_line' id='line_1_65' title="bbox 1886 3610 3447 3679; baseline 0.003 -12"><span class='ocrx_word' id='word_1_498' title='bbox 1886 3628 2004 3667; x_wconf 86' lang='lat' dir='ltr'>esse</span> <span class='ocrx_word' id='word_1_499' title='bbox 2046 3625 2304 3673; x_wconf 87' lang='lat' dir='ltr'>censeas,</span> <span class='ocrx_word' id='word_1_500' title='bbox 2347 3611 2438 3663; x_wconf 87' lang='lat' dir='ltr'>sed</span> <span class='ocrx_word' id='word_1_501' title='bbox 2483 3610 2659 3678; x_wconf 87' lang='lat' dir='ltr'>majus</span> <span class='ocrx_word' id='word_1_502' title='bbox 2690 3611 2866 3679; x_wconf 91' lang='lat' dir='ltr'>ipsum</span> <span class='ocrx_word' id='word_1_503' title='bbox 2898 3611 3208 3669; x_wconf 67' lang='grc' dir='ltr'>ᾱιιυοιίυιιίε</span> <span class='ocrx_word' id='word_1_504' title='bbox 3246 3616 3447 3671; x_wconf 88' lang='lat' dir='ltr'>bonum</span> 
     </span>
    </p>
   </div>
   <div class='ocr_carea' id='block_1_66' title="bbox 1888 3702 3447 3775">
    <p class='ocr_par' dir='ltr' id='par_1_66' title="bbox 1888 3702 3447 3775">
     <span class='ocr_line' id='line_1_66' title="bbox 1888 3702 3447 3775; baseline 0.004 -19"><span class='ocrx_word' id='word_1_505' title='bbox 1888 3717 2253 3770; x_wconf 85' lang='lat' dir='ltr'>consequens,</span> <span class='ocrx_word' id='word_1_506' title='bbox 2295 3702 2523 3754; x_wconf 85' lang='lat' dir='ltr'>minoris</span> <span class='ocrx_word' id='word_1_507' title='bbox 2558 3716 2736 3764; x_wconf 71' lang='lat' dir='ltr'>cum,</span> <span class='ocrx_word' id='word_1_508' title='bbox 2774 3718 2935 3770; x_wconf 89' lang='lat' dir='ltr'>quam</span> <span class='ocrx_word' id='word_1_509' title='bbox 2975 3719 3071 3773; x_wconf 89' lang='lat' dir='ltr'>par</span> <span class='ocrx_word' id='word_1_510' title='bbox 3104 3714 3187 3760; x_wconf 87' lang='lat' dir='ltr'>est</span> <span class='ocrx_word' id='word_1_511' title='bbox 3224 3708 3447 3775; x_wconf 84' lang='lat' dir='ltr'>dignum</span> 
     </span>
    </p>
   </div>
   <div class='ocr_carea' id='block_1_67' title="bbox 1886 3788 3449 3861">
    <p class='ocr_par' dir='ltr' id='par_1_67' title="bbox 1886 3788 3449 3861">
     <span class='ocr_line' id='line_1_67' title="bbox 1886 3788 3449 3861; baseline 0.003 -17"><span class='ocrx_word' id='word_1_512' title='bbox 1886 3792 2156 3853; x_wconf 80' lang='lat' dir='ltr'>existima,</span> <span class='ocrx_word' id='word_1_513' title='bbox 2191 3790 2333 3859; x_wconf 89' lang='lat' dir='ltr'>quod</span> <span class='ocrx_word' id='word_1_514' title='bbox 2375 3788 2660 3842; x_wconf 89' lang='lat' dir='ltr'>minimum</span> <span class='ocrx_word' id='word_1_515' title='bbox 2694 3799 2799 3854; x_wconf 91' lang='lat' dir='ltr'>est,</span> <span class='ocrx_word' id='word_1_516' title='bbox 2831 3800 2885 3844; x_wconf 89' lang='lat' dir='ltr'>ct</span> <span class='ocrx_word' id='word_1_517' title='bbox 2920 3801 3193 3861; x_wconf 86' lang='lat' dir='ltr'>potentem</span> <span class='ocrx_word' id='word_1_518' title='bbox 3230 3804 3449 3849; x_wconf 86' lang='lat' dir='ltr'>tuarum</span> 
     </span>
    </p>
   </div>
   <div class='ocr_carea' id='block_1_68' title="bbox 213 3858 1887 3957">
    <p class='ocr_par' dir='ltr' id='par_1_68' title="bbox 213 3858 1856 3952">
     <span class='ocr_line' id='line_1_68' title="bbox 213 3858 1856 3952; baseline -0.007 -13"><span class='ocrx_word' id='word_1_519' title='bbox 213 3904 307 3947; x_wconf 80' lang='grc' dir='ltr'>τος</span> <span class='ocrx_word' id='word_1_520' title='bbox 361 3858 491 3952; x_wconf 58' lang='lat' dir='ltr'>spot</span> <span class='ocrx_word' id='word_1_521' title='bbox 536 3858 629 3934; x_wconf 66' lang='lat' dir='ltr'>stat</span> <span class='ocrx_word' id='word_1_522' title='bbox 708 3881 1191 3950; x_wconf 77' lang='grc' dir='ltr'>παραϐαλλομένου</span> <span class='ocrx_word' id='word_1_523' title='bbox 1225 3918 1240 3941; x_wconf 88' lang='grc'>,</span> <span class='ocrx_word' id='word_1_524' title='bbox 1292 3882 1383 3931; x_wconf 80' lang='grc' dir='ltr'>καὶ</span> <span class='ocrx_word' id='word_1_525' title='bbox 1443 3880 1579 3948; x_wconf 82' lang='grc' dir='ltr'>πρὸς</span> <span class='ocrx_word' id='word_1_526' title='bbox 1631 3880 1782 3942; x_wconf 77' lang='grc' dir='ltr'>αὐτὸ,</span> <span class='ocrx_word' id='word_1_527' title='bbox 1812 3858 1856 3917; x_wconf 79' lang='lat' dir='ltr'><strong><em>C</em></strong></span> 
     </span>
    </p>
   </div>
   <div class='ocr_carea' id='block_1_69' title="bbox 1776 3858 3450 3957">
    <p class='ocr_par' dir='ltr' id='par_1_69' title="bbox 1776 3858 3450 3957">
     <span class='ocr_line' id='line_1_69' title="bbox 1776 3858 3450 3957; baseline 0.006 -25"><span class='ocrx_word' id='word_1_528' title='bbox 1776 3920 1782 3941; x_wconf 75' lang='grc'>,</span> <span class='ocrx_word' id='word_1_529' title='bbox 1812 3858 1856 3917; x_wconf 78' lang='lat' dir='ltr'><strong>C</strong></span> <span class='ocrx_word' id='word_1_530' title='bbox 1892 3898 2109 3953; x_wconf 90' lang='lat' dir='ltr'>precum</span> <span class='ocrx_word' id='word_1_531' title='bbox 2145 3897 2359 3933; x_wconf 91' lang='lat' dir='ltr'>manum</span> <span class='ocrx_word' id='word_1_532' title='bbox 2398 3880 2481 3933; x_wconf 86' lang='lat' dir='ltr'>his</span> <span class='ocrx_word' id='word_1_533' title='bbox 2510 3881 2764 3945; x_wconf 79' lang='lat' dir='ltr'>extende,</span> <span class='ocrx_word' id='word_1_534' title='bbox 2794 3884 2884 3951; x_wconf 84' lang='lat' dir='ltr'>qui</span> <span class='ocrx_word' id='word_1_535' title='bbox 2921 3858 3126 3953; x_wconf 84' lang='lat' dir='ltr'>ubique</span> <span class='ocrx_word' id='word_1_536' title='bbox 3168 3896 3317 3941; x_wconf 82' lang='lat' dir='ltr'>vasto</span> <span class='ocrx_word' id='word_1_537' title='bbox 3357 3902 3450 3957; x_wconf 87' lang='lat' dir='ltr'>pe-</span> 
     </span>
    </p>
   </div>
   <div class='ocr_carea' id='block_1_70' title="bbox 217 3968 1790 4045">
    <p class='ocr_par' dir='ltr' id='par_1_70' title="bbox 217 3968 1790 4045">
     <span class='ocr_line' id='line_1_70' title="bbox 217 3968 1790 4045; baseline -0.005 -16"><span class='ocrx_word' id='word_1_538' title='bbox 217 3978 374 4045; x_wconf 70' lang='grc' dir='ltr'>ςασὶ,</span> <span class='ocrx_word' id='word_1_539' title='bbox 406 3974 641 4042; x_wconf 83' lang='grc' dir='ltr'>πῦρ·καί</span> <span class='ocrx_word' id='word_1_540' title='bbox 677 3976 819 4023; x_wconf 67' lang='grc' dir='ltr'>κατὰ</span> <span class='ocrx_word' id='word_1_541' title='bbox 878 3969 1047 4038; x_wconf 80' lang='grc' dir='ltr'>ξιφῶν</span> <span class='ocrx_word' id='word_1_542' title='bbox 1104 3968 1489 4030; x_wconf 73' lang='grc' dir='ltr'>χυϐιοτῶντος,</span> <span class='ocrx_word' id='word_1_543' title='bbox 1538 3970 1603 4021; x_wconf 78' lang='grc' dir='ltr'>ἶν’</span> <span class='ocrx_word' id='word_1_544' title='bbox 1630 3970 1790 4031; x_wconf 77' lang='grc' dir='ltr'>αὐτὸς</span> 
     </span>
    </p>
   </div>
   <div class='ocr_carea' id='block_1_71' title="bbox 216 4056 1786 4137">
    <p class='ocr_par' dir='ltr' id='par_1_71' title="bbox 216 4056 1786 4137">
     <span class='ocr_line' id='line_1_71' title="bbox 216 4056 1786 4137; baseline -0.008 -15"><span class='ocrx_word' id='word_1_545' title='bbox 216 4072 274 4121; x_wconf 82' lang='grc' dir='ltr'>έν</span> <span class='ocrx_word' id='word_1_546' title='bbox 299 4065 681 4137; x_wconf 66' lang='grc' dir='ltr'>ἀραθυμίᾳκαὶ</span> <span class='ocrx_word' id='word_1_547' title='bbox 707 4063 908 4131; x_wconf 79' lang='grc' dir='ltr'>ἀλυπίᾳ</span> <span class='ocrx_word' id='word_1_548' title='bbox 933 4061 1065 4131; x_wconf 83' lang='lat'>(99&#39;)</span> <span class='ocrx_word' id='word_1_549' title='bbox 1095 4062 1357 4129; x_wconf 83' lang='grc' dir='ltr'>διὰγοιμι.</span> <span class='ocrx_word' id='word_1_550' title='bbox 1392 4056 1465 4113; x_wconf 78' lang='grc' dir='ltr'>Οὖ</span> <span class='ocrx_word' id='word_1_551' title='bbox 1485 4060 1786 4128; x_wconf 50' lang='grc' dir='ltr'>στερτιθεὶςν</span> 
     </span>
    </p>
   </div>
   <div class='ocr_carea' id='block_1_72' title="bbox 217 4151 1785 4227">
    <p class='ocr_par' dir='ltr' id='par_1_72' title="bbox 217 4151 1785 4227">
     <span class='ocr_line' id='line_1_72' title="bbox 217 4151 1785 4227; baseline -0.005 -16"><span class='ocrx_word' id='word_1_552' title='bbox 217 4163 352 4227; x_wconf 79' lang='grc' dir='ltr'>ὅσης</span> <span class='ocrx_word' id='word_1_553' title='bbox 396 4156 584 4225; x_wconf 72' lang='grc' dir='ltr'>χρῄζω</span> <span class='ocrx_word' id='word_1_554' title='bbox 611 4152 710 4220; x_wconf 83' lang='grc' dir='ltr'>τῆς</span> <span class='ocrx_word' id='word_1_555' title='bbox 744 4153 967 4206; x_wconf 75' lang='grc' dir='ltr'>ἄλλοθεν</span> <span class='ocrx_word' id='word_1_556' title='bbox 998 4151 1269 4221; x_wconf 82' lang='grc' dir='ltr'>βοηθείας,</span> <span class='ocrx_word' id='word_1_557' title='bbox 1295 4153 1394 4203; x_wconf 81' lang='grc' dir='ltr'>οὐκ</span> <span class='ocrx_word' id='word_1_558' title='bbox 1429 4152 1495 4204; x_wconf 84' lang='grc' dir='ltr'>ἂν</span> <span class='ocrx_word' id='word_1_559' title='bbox 1523 4152 1785 4219; x_wconf 76' lang='grc' dir='ltr'>δυναίμην</span> 
     </span>
    </p>
   </div>
   <div class='ocr_carea' id='block_1_73' title="bbox 214 4238 1781 4317">
    <p class='ocr_par' dir='ltr' id='par_1_73' title="bbox 214 4238 1781 4317">
     <span class='ocr_line' id='line_1_73' title="bbox 214 4238 1781 4317; baseline -0.005 -19"><span class='ocrx_word' id='word_1_560' title='bbox 214 4248 360 4317; x_wconf 74' lang='grc' dir='ltr'>λὸγῳ</span> <span class='ocrx_word' id='word_1_561' title='bbox 383 4246 640 4313; x_wconf 75' lang='grc' dir='ltr'>δηλῶσαι,</span> <span class='ocrx_word' id='word_1_562' title='bbox 669 4245 882 4309; x_wconf 80' lang='grc' dir='ltr'>Ταύτης</span> <span class='ocrx_word' id='word_1_563' title='bbox 904 4238 997 4294; x_wconf 83' lang='grc' dir='ltr'>οὖν</span> <span class='ocrx_word' id='word_1_564' title='bbox 1030 4242 1089 4293; x_wconf 80' lang='grc' dir='ltr'>τὸ</span> <span class='ocrx_word' id='word_1_565' title='bbox 1144 4242 1326 4310; x_wconf 78' lang='grc' dir='ltr'>μεῖζον</span> <span class='ocrx_word' id='word_1_566' title='bbox 1380 4241 1541 4310; x_wconf 82' lang='grc' dir='ltr'>μέρος</span> <span class='ocrx_word' id='word_1_567' title='bbox 1581 4242 1635 4291; x_wconf 82' lang='grc' dir='ltr'>αἱ</span> <span class='ocrx_word' id='word_1_568' title='bbox 1684 4242 1781 4307; x_wconf 80' lang='grc' dir='ltr'>τῆς</span> 
     </span>
    </p>
   </div>
   <div class='ocr_carea' id='block_1_74' title="bbox 220 4331 1781 4406">
    <p class='ocr_par' dir='ltr' id='par_1_74' title="bbox 220 4331 1781 4406">
     <span class='ocr_line' id='line_1_74' title="bbox 220 4331 1781 4406; baseline -0.005 -17"><span class='ocrx_word' id='word_1_569' title='bbox 220 4340 320 4406; x_wconf 82' lang='grc' dir='ltr'>σῆς</span> <span class='ocrx_word' id='word_1_570' title='bbox 353 4339 636 4405; x_wconf 78' lang='grc' dir='ltr'>τιμιότατε</span> <span class='ocrx_word' id='word_1_571' title='bbox 657 4335 731 4404; x_wconf 87' lang='grc' dir='ltr'>(ι)</span> <span class='ocrx_word' id='word_1_572' title='bbox 763 4331 921 4401; x_wconf 85' lang='grc' dir='ltr'>εὐχαί</span> <span class='ocrx_word' id='word_1_573' title='bbox 955 4348 1043 4401; x_wconf 91' lang='grc' dir='ltr'>μοι</span> <span class='ocrx_word' id='word_1_574' title='bbox 1066 4331 1429 4397; x_wconf 69' lang='grc' dir='ltr'>γενέσθωσαν,</span> <span class='ocrx_word' id='word_1_575' title='bbox 1452 4332 1537 4383; x_wconf 81' lang='grc' dir='ltr'>ἀεὶ</span> <span class='ocrx_word' id='word_1_576' title='bbox 1566 4332 1781 4390; x_wconf 83' lang='grc' dir='ltr'>πλείους</span> 
     </span>
    </p>
   </div>
   <div class='ocr_carea' id='block_1_75' title="bbox 218 4422 1782 4498">
    <p class='ocr_par' dir='ltr' id='par_1_75' title="bbox 218 4422 1782 4498">
     <span class='ocr_line' id='line_1_75' title="bbox 218 4422 1782 4498; baseline -0.006 -15"><span class='ocrx_word' id='word_1_577' title='bbox 218 4434 327 4483; x_wconf 81' lang='grc' dir='ltr'>τῶν</span> <span class='ocrx_word' id='word_1_578' title='bbox 390 4429 637 4498; x_wconf 84' lang='grc' dir='ltr'>συνήθων</span> <span class='ocrx_word' id='word_1_579' title='bbox 683 4426 1072 4493; x_wconf 74' lang='grc' dir='ltr'>έπιδιδόμεναι.</span> <span class='ocrx_word' id='word_1_580' title='bbox 1128 4424 1280 4492; x_wconf 82' lang='grc' dir='ltr'>Τάχα</span> <span class='ocrx_word' id='word_1_581' title='bbox 1306 4422 1431 4476; x_wconf 76' lang='grc' dir='ltr'>δ’ἂν</span> <span class='ocrx_word' id='word_1_582' title='bbox 1488 4426 1573 4476; x_wconf 66' lang='grc' dir='ltr'>ἐπ’</span> <span class='ocrx_word' id='word_1_583' title='bbox 1608 4424 1782 4489; x_wconf 80' lang='grc' dir='ltr'>ὀλίγον</span> 
     </span>
    </p>
   </div>
   <div class='ocr_carea' id='block_1_76' title="bbox 218 4516 1783 4585">
    <p class='ocr_par' dir='ltr' id='par_1_76' title="bbox 218 4516 1783 4585">
     <span class='ocr_line' id='line_1_76' title="bbox 218 4516 1783 4585; baseline -0.004 -13"><span class='ocrx_word' id='word_1_584' title='bbox 218 4520 545 4573; x_wconf 78' lang='grc' dir='ltr'>ὲπιδοθεῖεν.</span> <span class='ocrx_word' id='word_1_585' title='bbox 598 4520 755 4578; x_wconf 82' lang='grc' dir='ltr'>Ἴσως</span> <span class='ocrx_word' id='word_1_586' title='bbox 777 4518 886 4585; x_wconf 76' lang='grc' dir='ltr'>γὰρ</span> <span class='ocrx_word' id='word_1_587' title='bbox 923 4516 1001 4585; x_wconf 84' lang='grc' dir='ltr'>τῷ</span> <span class='ocrx_word' id='word_1_588' title='bbox 1031 4516 1380 4585; x_wconf 88' lang='grc' dir='ltr'>χρηστοτάτῳ</span> <span class='ocrx_word' id='word_1_589' title='bbox 1409 4516 1623 4583; x_wconf 78' lang='grc' dir='ltr'>ἀδελφῷ</span> <span class='ocrx_word' id='word_1_590' title='bbox 1648 4516 1783 4584; x_wconf 74' lang='grc' dir='ltr'>πρὸς</span> 
     </span>
    </p>
   </div>
   <div class='ocr_carea' id='block_1_77' title="bbox 217 4604 1785 4680">
    <p class='ocr_par' dir='ltr' id='par_1_77' title="bbox 217 4604 1785 4680">
     <span class='ocr_line' id='line_1_77' title="bbox 217 4604 1785 4680; baseline -0.005 -17"><span class='ocrx_word' id='word_1_591' title='bbox 217 4613 318 4680; x_wconf 83' lang='grc' dir='ltr'>τὴν</span> <span class='ocrx_word' id='word_1_592' title='bbox 341 4609 511 4678; x_wconf 76' lang='grc' dir='ltr'>αὐτὴν</span> <span class='ocrx_word' id='word_1_593' title='bbox 542 4606 853 4675; x_wconf 79' lang='grc' dir='ltr'>ἀποδημίαν</span> <span class='ocrx_word' id='word_1_594' title='bbox 913 4606 1183 4674; x_wconf 50' lang='lat' dir='ltr'>nomen.</span> <span class='ocrx_word' id='word_1_595' title='bbox 1227 4604 1604 4673; x_wconf 78' lang='grc' dir='ltr'>Αίσθανόμεθα</span> <span class='ocrx_word' id='word_1_596' title='bbox 1677 4604 1785 4674; x_wconf 85' lang='grc' dir='ltr'>γὰρ</span> 
     </span>
    </p>
   </div>
   <div class='ocr_carea' id='block_1_78' title="bbox 220 4694 1788 4768">
    <p class='ocr_par' dir='ltr' id='par_1_78' title="bbox 220 4694 1788 4768">
     <span class='ocr_line' id='line_1_78' title="bbox 220 4694 1788 4768; baseline -0.005 -15"><span class='ocrx_word' id='word_1_597' title='bbox 220 4702 317 4754; x_wconf 83' lang='grc' dir='ltr'>τοῦ</span> <span class='ocrx_word' id='word_1_598' title='bbox 344 4700 596 4768; x_wconf 81' lang='grc' dir='ltr'>σώματος</span> <span class='ocrx_word' id='word_1_599' title='bbox 626 4698 710 4758; x_wconf 89' lang='grc' dir='ltr'>είς</span> <span class='ocrx_word' id='word_1_600' title='bbox 773 4694 1013 4763; x_wconf 81' lang='grc' dir='ltr'>παντελῆ</span> <span class='ocrx_word' id='word_1_601' title='bbox 1070 4695 1355 4747; x_wconf 78' lang='grc' dir='ltr'>ἀσθένειαν</span> <span class='ocrx_word' id='word_1_602' title='bbox 1406 4694 1788 4763; x_wconf 72' lang='grc' dir='ltr'>ὑπορρέοντος,</span> 
     </span>
    </p>
   </div>
   <div class='ocr_carea' id='block_1_79' title="bbox 222 4783 1781 4855">
    <p class='ocr_par' dir='ltr' id='par_1_79' title="bbox 222 4783 1781 4855">
     <span class='ocr_line' id='line_1_79' title="bbox 222 4783 1781 4855; baseline -0.006 -13"><span class='ocrx_word' id='word_1_603' title='bbox 222 4795 318 4843; x_wconf 70' lang='grc' dir='ltr'>καὶ</span> <span class='ocrx_word' id='word_1_604' title='bbox 349 4788 671 4855; x_wconf 81' lang='grc' dir='ltr'>πεισομένου</span> <span class='ocrx_word' id='word_1_605' title='bbox 700 4787 836 4855; x_wconf 82' lang='grc' dir='ltr'>ὅπερ</span> <span class='ocrx_word' id='word_1_606' title='bbox 861 4787 940 4849; x_wconf 80' lang='grc' dir='ltr'>είς</span> <span class='ocrx_word' id='word_1_607' title='bbox 969 4783 1101 4837; x_wconf 82' lang='grc' dir='ltr'>αὑτὸ</span> <span class='ocrx_word' id='word_1_608' title='bbox 1150 4785 1283 4853; x_wconf 81' lang='grc' dir='ltr'>δρᾷν</span> <span class='ocrx_word' id='word_1_609' title='bbox 1308 4786 1341 4853; x_wconf 77' lang='grc' dir='ltr'><strong>ἡ</strong></span> <span class='ocrx_word' id='word_1_610' title='bbox 1382 4783 1781 4852; x_wconf 74' lang='grc' dir='ltr'>συνεζευγμένη</span> 
     </span>
    </p>
   </div>
   <div class='ocr_carea' id='block_1_80' title="bbox 227 4873 1783 4950">
    <p class='ocr_par' dir='ltr' id='par_1_80' title="bbox 227 4873 1783 4950">
     <span class='ocr_line' id='line_1_80' title="bbox 227 4873 1783 4950; baseline -0.003 -19"><span class='ocrx_word' id='word_1_611' title='bbox 227 4881 327 4950; x_wconf 77' lang='grc' dir='ltr'>ῥοὴ</span> <span class='ocrx_word' id='word_1_612' title='bbox 359 4880 601 4946; x_wconf 71' lang='grc' dir='ltr'>πέφυκεν</span> <span class='ocrx_word' id='word_1_613' title='bbox 624 4893 638 4908; x_wconf 78' lang='grc' dir='ltr'><strong>ο</strong></span> <span class='ocrx_word' id='word_1_614' title='bbox 675 4880 722 4929; x_wconf 84' lang='grc' dir='ltr'>εί</span> <span class='ocrx_word' id='word_1_615' title='bbox 752 4879 827 4947; x_wconf 84' lang='grc' dir='ltr'>μὴ</span> <span class='ocrx_word' id='word_1_616' title='bbox 847 4876 956 4947; x_wconf 74' lang='grc' dir='ltr'>ἄρα</span> <span class='ocrx_word' id='word_1_617' title='bbox 990 4876 1113 4929; x_wconf 86' lang='grc' dir='ltr'>τότε</span> <span class='ocrx_word' id='word_1_618' title='bbox 1137 4874 1376 4941; x_wconf 79' lang='grc' dir='ltr'>μάλιστα</span> <span class='ocrx_word' id='word_1_619' title='bbox 1405 4873 1497 4927; x_wconf 79' lang='grc' dir='ltr'>τοῦ</span> <span class='ocrx_word' id='word_1_620' title='bbox 1524 4875 1783 4945; x_wconf 80' lang='grc' dir='ltr'>ῥηθέντος</span> 
     </span>
    </p>
   </div>
   <div class='ocr_carea' id='block_1_81' title="bbox 227 4965 1786 5043">
    <p class='ocr_par' dir='ltr' id='par_1_81' title="bbox 227 4965 1786 5043">
     <span class='ocr_line' id='line_1_81' title="bbox 227 4965 1786 5043; baseline -0.003 -19"><span class='ocrx_word' id='word_1_621' title='bbox 227 4972 571 5043; x_wconf 76' lang='grc' dir='ltr'>βοηθήματος</span> <span class='ocrx_word' id='word_1_622' title='bbox 599 4968 975 5040; x_wconf 84' lang='grc' dir='ltr'>δεηθησόμεθα</span> <span class='ocrx_word' id='word_1_623' title='bbox 1010 4984 1024 4999; x_wconf 71' lang='grc'><strong><em>⁸</em></strong></span> <span class='ocrx_word' id='word_1_624' title='bbox 1056 4968 1142 5020; x_wconf 83' lang='grc' dir='ltr'>ῐνα</span> <span class='ocrx_word' id='word_1_625' title='bbox 1170 4965 1245 5036; x_wconf 75' lang='grc' dir='ltr'>μὴ</span> <span class='ocrx_word' id='word_1_626' title='bbox 1272 4967 1415 5021; x_wconf 86' lang='grc' dir='ltr'>πάνυ</span> <span class='ocrx_word' id='word_1_627' title='bbox 1479 4984 1559 5019; x_wconf 86' lang='grc' dir='ltr'>τοι</span> <span class='ocrx_word' id='word_1_628' title='bbox 1617 4967 1786 5019; x_wconf 81' lang='grc' dir='ltr'>πολλά</span> 
     </span>
    </p>
   </div>
   <div class='ocr_carea' id='block_1_82' title="bbox 224 5057 1785 5130">
    <p class='ocr_par' dir='ltr' id='par_1_82' title="bbox 224 5057 1785 5130">
     <span class='ocr_line' id='line_1_82' title="bbox 224 5057 1785 5130; baseline -0.003 -17"><span class='ocrx_word' id='word_1_629' title='bbox 224 5066 286 5113; x_wconf 73' lang='grc' dir='ltr'>εν</span> <span class='ocrx_word' id='word_1_630' title='bbox 313 5064 445 5130; x_wconf 73' lang='grc' dir='ltr'>ἡμῖν</span> <span class='ocrx_word' id='word_1_631' title='bbox 476 5060 806 5129; x_wconf 52' lang='lat' dir='ltr'>escensu];</span> <span class='ocrx_word' id='word_1_632' title='bbox 840 5057 1009 5128; x_wconf 78' lang='grc' dir='ltr'>εὖροι,</span> <span class='ocrx_word' id='word_1_633' title='bbox 1039 5059 1176 5128; x_wconf 82' lang='grc' dir='ltr'>μηδὲ</span> <span class='ocrx_word' id='word_1_634' title='bbox 1230 5058 1431 5126; x_wconf 74' lang='grc' dir='ltr'>σφόδρα</span> <span class='ocrx_word' id='word_1_635' title='bbox 1464 5057 1692 5126; x_wconf 78' lang='grc' dir='ltr'>μεγάλα,</span> <span class='ocrx_word' id='word_1_636' title='bbox 1728 5059 1785 5121; x_wconf 72' lang='grc' dir='ltr'>ἐξ</span> 
     </span>
    </p>
   </div>
   <div class='ocr_carea' id='block_1_83' title="bbox 224 5151 1783 5225">
    <p class='ocr_par' dir='ltr' id='par_1_83' title="bbox 224 5151 1783 5225">
     <span class='ocr_line' id='line_1_83' title="bbox 224 5151 1783 5225; baseline -0.004 -15"><span class='ocrx_word' id='word_1_637' title='bbox 224 5151 287 5210; x_wconf 68' lang='grc' dir='ltr'>οὗ</span> <span class='ocrx_word' id='word_1_638' title='bbox 318 5155 547 5225; x_wconf 83' lang='grc' dir='ltr'>σημείου</span> <span class='ocrx_word' id='word_1_639' title='bbox 575 5156 699 5217; x_wconf 71' lang='grc' dir='ltr'>τοὺς</span> <span class='ocrx_word' id='word_1_640' title='bbox 732 5154 850 5207; x_wconf 81' lang='grc' dir='ltr'>κατ’</span> <span class='ocrx_word' id='word_1_641' title='bbox 882 5155 980 5223; x_wconf 71' lang='grc' dir='ltr'>εμὲ</span> <span class='ocrx_word' id='word_1_642' title='bbox 1022 5157 1088 5223; x_wconf 79' lang='grc' dir='ltr'>τῇ</span> <span class='ocrx_word' id='word_1_643' title='bbox 1122 5154 1285 5206; x_wconf 79' lang='grc' dir='ltr'>αὑτοῦ</span> <span class='ocrx_word' id='word_1_644' title='bbox 1346 5154 1522 5222; x_wconf 89' lang='grc' dir='ltr'>μερίδι</span> <span class='ocrx_word' id='word_1_645' title='bbox 1564 5154 1783 5221; x_wconf 80' lang='grc' dir='ltr'>προστί-</span> 
     </span>
    </p>
   </div>
   <div class='ocr_carea' id='block_1_84' title="bbox 227 5242 1777 5317">
    <p class='ocr_par' dir='ltr' id='par_1_84' title="bbox 227 5242 1777 5317">
     <span class='ocr_line' id='line_1_84' title="bbox 227 5242 1777 5317; baseline -0.005 -17"><span class='ocrx_word' id='word_1_646' title='bbox 227 5246 376 5317; x_wconf 85' lang='grc' dir='ltr'>θησι,</span> <span class='ocrx_word' id='word_1_647' title='bbox 399 5244 513 5299; x_wconf 85' lang='grc' dir='ltr'>ἀλλ’</span> <span class='ocrx_word' id='word_1_648' title='bbox 546 5244 859 5314; x_wconf 85' lang='grc' dir='ltr'>εὑρεθῶμεν</span> <span class='ocrx_word' id='word_1_649' title='bbox 890 5242 1066 5295; x_wconf 82' lang='grc' dir='ltr'>δοῦλοι</span> <span class='ocrx_word' id='word_1_650' title='bbox 1096 5242 1191 5295; x_wconf 82' lang='grc' dir='ltr'>τοῦ</span> <span class='ocrx_word' id='word_1_651' title='bbox 1216 5243 1455 5311; x_wconf 81' lang='grc' dir='ltr'>ἀλήπτου</span> <span class='ocrx_word' id='word_1_652' title='bbox 1482 5252 1548 5293; x_wconf 69' lang='grc' dir='ltr'>Δρ</span> <span class='ocrx_word' id='word_1_653' title='bbox 1564 5242 1777 5305; x_wconf 63' lang='lat' dir='ltr'>mm,</span> 
     </span>
    </p>
   </div>
   <div class='ocr_carea' id='block_1_85' title="bbox 1890 3973 3449 4046">
    <p class='ocr_par' dir='ltr' id='par_1_85' title="bbox 1890 3973 3449 4046">
     <span class='ocr_line' id='line_1_85' title="bbox 1890 3973 3449 4046; baseline 0.004 -21"><span class='ocrx_word' id='word_1_654' title='bbox 1890 3976 2189 4026; x_wconf 88' lang='lat' dir='ltr'>riculorum</span> <span class='ocrx_word' id='word_1_655' title='bbox 2225 3973 2436 4041; x_wconf 89' lang='lat' dir='ltr'>gurgite</span> <span class='ocrx_word' id='word_1_656' title='bbox 2471 3973 2878 4042; x_wconf 83' lang='lat' dir='ltr'>demerguntur.</span> <span class='ocrx_word' id='word_1_657' title='bbox 2913 3974 3121 4029; x_wconf 87' lang='lat' dir='ltr'>Etenim</span> <span class='ocrx_word' id='word_1_658' title='bbox 3144 3978 3253 4045; x_wconf 89' lang='lat' dir='ltr'>jam</span> <span class='ocrx_word' id='word_1_659' title='bbox 3293 3979 3449 4046; x_wconf 91' lang='lat' dir='ltr'>quasi</span> 
     </span>
    </p>
   </div>
   <div class='ocr_carea' id='block_1_86' title="bbox 1892 4061 3447 4134">
    <p class='ocr_par' dir='ltr' id='par_1_86' title="bbox 1892 4061 3447 4134">
     <span class='ocr_line' id='line_1_86' title="bbox 1892 4061 3447 4134; baseline 0.005 -20"><span class='ocrx_word' id='word_1_660' title='bbox 1892 4063 2119 4114; x_wconf 84' lang='lat' dir='ltr'>aliarum</span> <span class='ocrx_word' id='word_1_661' title='bbox 2175 4061 2430 4129; x_wconf 86' lang='lat' dir='ltr'>deinceps</span> <span class='ocrx_word' id='word_1_662' title='bbox 2479 4062 2843 4116; x_wconf 88' lang='lat' dir='ltr'>calamitatum</span> <span class='ocrx_word' id='word_1_663' title='bbox 2907 4067 3088 4131; x_wconf 86' lang='lat' dir='ltr'>graria</span> <span class='ocrx_word' id='word_1_664' title='bbox 3165 4069 3447 4134; x_wconf 88' lang='lat' dir='ltr'>pondera,</span> 
     </span>
    </p>
   </div>
   <div class='ocr_carea' id='block_1_87' title="bbox 1886 4153 3449 4219">
    <p class='ocr_par' dir='ltr' id='par_1_87' title="bbox 1886 4153 3449 4219">
     <span class='ocr_line' id='line_1_87' title="bbox 1886 4153 3449 4219; baseline 0.006 -15"><span class='ocrx_word' id='word_1_665' title='bbox 1886 4153 2129 4219; x_wconf 72' lang='lat' dir='ltr'>duraque</span> <span class='ocrx_word' id='word_1_666' title='bbox 2168 4154 2359 4214; x_wconf 87' lang='lat' dir='ltr'>moles,</span> <span class='ocrx_word' id='word_1_667' title='bbox 2442 4154 2639 4206; x_wconf 65' lang='lat' dir='ltr'>anima:</span> <span class='ocrx_word' id='word_1_668' title='bbox 2716 4169 2848 4209; x_wconf 74' lang='lat' dir='ltr'>mete</span> <span class='ocrx_word' id='word_1_669' title='bbox 2926 4156 3284 4211; x_wconf 87' lang='lat' dir='ltr'>imbecillitati</span> <span class='ocrx_word' id='word_1_670' title='bbox 3342 4175 3449 4213; x_wconf 89' lang='lat' dir='ltr'>non</span> 
     </span>
    </p>
   </div>
   <div class='ocr_carea' id='block_1_88' title="bbox 1880 4242 3453 4318">
    <p class='ocr_par' dir='ltr' id='par_1_88' title="bbox 1880 4242 3453 4318">
     <span class='ocr_line' id='line_1_88' title="bbox 1880 4242 3453 4318; baseline -0.002 -22"><span class='ocrx_word' id='word_1_671' title='bbox 1880 4243 2011 4296; x_wconf 87' lang='lat' dir='ltr'>satis</span> <span class='ocrx_word' id='word_1_672' title='bbox 2042 4249 2204 4305; x_wconf 84' lang='lat' dir='ltr'>esset,</span> <span class='ocrx_word' id='word_1_673' title='bbox 2241 4242 2431 4295; x_wconf 87' lang='lat' dir='ltr'>acerba</span> <span class='ocrx_word' id='word_1_674' title='bbox 2486 4242 2666 4297; x_wconf 84' lang='lat' dir='ltr'>fratris</span> <span class='ocrx_word' id='word_1_675' title='bbox 2721 4247 2824 4298; x_wconf 89' lang='lat' dir='ltr'>mei</span> <span class='ocrx_word' id='word_1_676' title='bbox 2895 4260 3040 4299; x_wconf 89' lang='lat' dir='ltr'>mors</span> <span class='ocrx_word' id='word_1_677' title='bbox 3089 4247 3219 4299; x_wconf 90' lang='lat' dir='ltr'>mihi</span> <span class='ocrx_word' id='word_1_678' title='bbox 3260 4266 3453 4318; x_wconf 80' lang='lat' dir='ltr'>super.</span> 
     </span>
    </p>
   </div>
   <div class='ocr_carea' id='block_1_89' title="bbox 1882 4333 3449 4405">
    <p class='ocr_par' dir='ltr' id='par_1_89' title="bbox 1882 4333 3449 4405">
     <span class='ocr_line' id='line_1_89' title="bbox 1882 4333 3449 4405; baseline 0.003 -18"><span class='ocrx_word' id='word_1_679' title='bbox 1882 4336 2045 4394; x_wconf 76' lang='lat' dir='ltr'>venit.</span> <span class='ocrx_word' id='word_1_680' title='bbox 2102 4333 2303 4393; x_wconf 87' lang='lat' dir='ltr'>fratris.</span> <span class='ocrx_word' id='word_1_681' title='bbox 2358 4333 2600 4400; x_wconf 87' lang='lat' dir='ltr'>inquam,</span> <span class='ocrx_word' id='word_1_682' title='bbox 2653 4336 2744 4402; x_wconf 91' lang='lat' dir='ltr'>qui</span> <span class='ocrx_word' id='word_1_683' title='bbox 2777 4349 2841 4387; x_wconf 80' lang='lat' dir='ltr'>ex</span> <span class='ocrx_word' id='word_1_684' title='bbox 2868 4336 2985 4390; x_wconf 92' lang='lat' dir='ltr'>solo</span> <span class='ocrx_word' id='word_1_685' title='bbox 3015 4350 3134 4389; x_wconf 79' lang='lat' dir='ltr'>meo</span> <span class='ocrx_word' id='word_1_686' title='bbox 3182 4340 3449 4405; x_wconf 88' lang='lat' dir='ltr'>pendebat</span> 
     </span>
    </p>
   </div>
   <div class='ocr_carea' id='block_1_90' title="bbox 1884 4424 3449 4496">
    <p class='ocr_par' dir='ltr' id='par_1_90' title="bbox 1884 4424 3449 4496">
     <span class='ocr_line' id='line_1_90' title="bbox 1884 4424 3449 4496; baseline 0.001 -16"><span class='ocrx_word' id='word_1_687' title='bbox 1884 4426 2114 4494; x_wconf 85' lang='lat' dir='ltr'>spiritu,</span> <span class='ocrx_word' id='word_1_688' title='bbox 2157 4427 2359 4494; x_wconf 89' lang='lat' dir='ltr'>quique</span> <span class='ocrx_word' id='word_1_689' title='bbox 2392 4424 2445 4477; x_wconf 92' lang='lat' dir='ltr'><strong>in</strong></span> <span class='ocrx_word' id='word_1_690' title='bbox 2479 4424 2732 4479; x_wconf 88' lang='lat' dir='ltr'>omnibus</span> <span class='ocrx_word' id='word_1_691' title='bbox 2767 4439 2895 4479; x_wconf 83' lang='lat' dir='ltr'>vere</span> <span class='ocrx_word' id='word_1_692' title='bbox 2938 4426 3069 4479; x_wconf 86' lang='lat' dir='ltr'>mihi</span> <span class='ocrx_word' id='word_1_693' title='bbox 3106 4428 3361 4496; x_wconf 72' lang='lat' dir='ltr'>prclatus</span> <span class='ocrx_word' id='word_1_694' title='bbox 3394 4439 3449 4483; x_wconf 86' lang='lat' dir='ltr'>et</span> 
     </span>
    </p>
   </div>
   <div class='ocr_carea' id='block_1_91' title="bbox 1885 4515 3449 4585">
    <p class='ocr_par' dir='ltr' id='par_1_91' title="bbox 1885 4515 3449 4585">
     <span class='ocr_line' id='line_1_91' title="bbox 1885 4515 3449 4585; baseline 0.003 -16"><span class='ocrx_word' id='word_1_695' title='bbox 1885 4517 2226 4585; x_wconf 85' lang='lat' dir='ltr'>antepositus</span> <span class='ocrx_word' id='word_1_696' title='bbox 2255 4522 2393 4578; x_wconf 86' lang='lat' dir='ltr'>erat,</span> <span class='ocrx_word' id='word_1_697' title='bbox 2424 4524 2483 4567; x_wconf 92' lang='lat' dir='ltr'>ut</span> <span class='ocrx_word' id='word_1_698' title='bbox 2518 4515 2572 4569; x_wconf 92' lang='lat' dir='ltr'><strong>in</strong></span> <span class='ocrx_word' id='word_1_699' title='bbox 2609 4515 2785 4583; x_wconf 84' lang='lat' dir='ltr'>ipsum</span> <span class='ocrx_word' id='word_1_700' title='bbox 2819 4516 3021 4584; x_wconf 88' lang='lat' dir='ltr'>ignem,</span> <span class='ocrx_word' id='word_1_701' title='bbox 3056 4528 3112 4569; x_wconf 92' lang='lat' dir='ltr'>ut</span> <span class='ocrx_word' id='word_1_702' title='bbox 3146 4516 3355 4582; x_wconf 87' lang='lat' dir='ltr'>dicunt,</span> <span class='ocrx_word' id='word_1_703' title='bbox 3394 4528 3449 4573; x_wconf 79' lang='lat' dir='ltr'>et</span> 
     </span>
    </p>
   </div>
   <div class='ocr_carea' id='block_1_92' title="bbox 1885 4607 3448 4677">
    <p class='ocr_par' dir='ltr' id='par_1_92' title="bbox 1885 4607 3448 4677">
     <span class='ocr_line' id='line_1_92' title="bbox 1885 4607 3448 4677; baseline -0.001 -15"><span class='ocrx_word' id='word_1_704' title='bbox 1885 4620 2078 4663; x_wconf 91' lang='lat' dir='ltr'>contra</span> <span class='ocrx_word' id='word_1_705' title='bbox 2118 4622 2455 4677; x_wconf 65' lang='lat' dir='ltr'>quacunque</span> <span class='ocrx_word' id='word_1_706' title='bbox 2484 4607 2591 4660; x_wconf 89' lang='lat' dir='ltr'>tela</span> <span class='ocrx_word' id='word_1_707' title='bbox 2622 4614 2675 4660; x_wconf 92' lang='lat' dir='ltr'>et</span> <span class='ocrx_word' id='word_1_708' title='bbox 2714 4620 2897 4670; x_wconf 89' lang='lat' dir='ltr'>enses,</span> <span class='ocrx_word' id='word_1_709' title='bbox 2936 4622 3031 4674; x_wconf 90' lang='lat' dir='ltr'>pro</span> <span class='ocrx_word' id='word_1_710' title='bbox 3064 4623 3170 4672; x_wconf 90' lang='lat' dir='ltr'>me,</span> <span class='ocrx_word' id='word_1_711' title='bbox 3212 4624 3271 4661; x_wconf 86' lang='lat' dir='ltr'>se</span> <span class='ocrx_word' id='word_1_712' title='bbox 3304 4609 3448 4677; x_wconf 84' lang='lat' dir='ltr'>obji-</span> 
     </span>
    </p>
   </div>
   <div class='ocr_carea' id='block_1_93' title="bbox 1890 4697 3449 4766">
    <p class='ocr_par' dir='ltr' id='par_1_93' title="bbox 1890 4697 3449 4766">
     <span class='ocr_line' id='line_1_93' title="bbox 1890 4697 3449 4766; baseline 0.001 -15"><span class='ocrx_word' id='word_1_713' title='bbox 1890 4700 2088 4761; x_wconf 89' lang='lat' dir='ltr'>ciebat,</span> <span class='ocrx_word' id='word_1_714' title='bbox 2128 4706 2184 4751; x_wconf 87' lang='lat' dir='ltr'>ut</span> <span class='ocrx_word' id='word_1_715' title='bbox 2220 4711 2319 4765; x_wconf 86' lang='lat' dir='ltr'>ego</span> <span class='ocrx_word' id='word_1_716' title='bbox 2356 4698 2409 4749; x_wconf 90' lang='lat' dir='ltr'>in</span> <span class='ocrx_word' id='word_1_717' title='bbox 2442 4697 2553 4751; x_wconf 89' lang='lat' dir='ltr'>otio</span> <span class='ocrx_word' id='word_1_718' title='bbox 2586 4703 2639 4751; x_wconf 89' lang='lat' dir='ltr'>et</span> <span class='ocrx_word' id='word_1_719' title='bbox 2673 4698 2796 4751; x_wconf 64' lang='lat' dir='ltr'>vita</span> <span class='ocrx_word' id='word_1_720' title='bbox 2831 4699 3021 4751; x_wconf 84' lang='lat' dir='ltr'>hilaris</span> <span class='ocrx_word' id='word_1_721' title='bbox 3057 4700 3449 4766; x_wconf 82' lang='lat' dir='ltr'>tranquillitate</span> 
     </span>
    </p>
   </div>
   <div class='ocr_carea' id='block_1_94' title="bbox 1889 4788 3449 4858">
    <p class='ocr_par' dir='ltr' id='par_1_94' title="bbox 1889 4788 3449 4858">
     <span class='ocr_line' id='line_1_94' title="bbox 1889 4788 3449 4858; baseline 0.001 -16"><span class='ocrx_word' id='word_1_722' title='bbox 1889 4788 2166 4858; x_wconf 86' lang='lat' dir='ltr'>degerem.</span> <span class='ocrx_word' id='word_1_723' title='bbox 2205 4788 2325 4852; x_wconf 80' lang='lat' dir='ltr'>Quo</span> <span class='ocrx_word' id='word_1_724' title='bbox 2365 4788 2599 4855; x_wconf 85' lang='lat' dir='ltr'>denique</span> <span class='ocrx_word' id='word_1_725' title='bbox 2634 4789 2903 4855; x_wconf 87' lang='lat' dir='ltr'>privatus,</span> <span class='ocrx_word' id='word_1_726' title='bbox 2930 4796 3134 4857; x_wconf 89' lang='lat' dir='ltr'>quanto</span> <span class='ocrx_word' id='word_1_727' title='bbox 3162 4789 3316 4858; x_wconf 75' lang='lat'><strong>701</strong></span> <span class='ocrx_word' id='word_1_728' title='bbox 3350 4790 3449 4844; x_wconf 90' lang='lat' dir='ltr'>de-</span> 
     </span>
    </p>
   </div>
   <div class='ocr_carea' id='block_1_95' title="bbox 1891 4878 3446 4949">
    <p class='ocr_par' dir='ltr' id='par_1_95' title="bbox 1891 4878 3446 4949">
     <span class='ocr_line' id='line_1_95' title="bbox 1891 4878 3446 4949; baseline 0.001 -16"><span class='ocrx_word' id='word_1_729' title='bbox 1891 4882 2090 4933; x_wconf 91' lang='lat' dir='ltr'>stituar</span> <span class='ocrx_word' id='word_1_730' title='bbox 2142 4878 2381 4937; x_wconf 79' lang='lat' dir='ltr'>auxilio,</span> <span class='ocrx_word' id='word_1_731' title='bbox 2438 4878 2603 4931; x_wconf 91' lang='lat' dir='ltr'>nullis</span> <span class='ocrx_word' id='word_1_732' title='bbox 2652 4878 2956 4947; x_wconf 77' lang='lat' dir='ltr'>exprimere</span> <span class='ocrx_word' id='word_1_733' title='bbox 3007 4881 3186 4933; x_wconf 80' lang='lat' dir='ltr'>verbis</span> <span class='ocrx_word' id='word_1_734' title='bbox 3236 4890 3446 4949; x_wconf 79' lang='lat' dir='ltr'>potero.</span> 
     </span>
    </p>
   </div>
   <div class='ocr_carea' id='block_1_96' title="bbox 1864 4967 3447 5039">
    <p class='ocr_par' dir='ltr' id='par_1_96' title="bbox 1864 4967 3447 5039">
     <span class='ocr_line' id='line_1_96' title="bbox 1864 4967 3447 5039; baseline 0 -16"><span class='ocrx_word' id='word_1_735' title='bbox 1864 4968 2069 5037; x_wconf 44' lang='lat' dir='ltr'>‘Hujus</span> <span class='ocrx_word' id='word_1_736' title='bbox 2105 4971 2269 5039; x_wconf 88' lang='lat' dir='ltr'>igitur</span> <span class='ocrx_word' id='word_1_737' title='bbox 2294 4968 2550 5036; x_wconf 84' lang='lat' dir='ltr'>majorem</span> <span class='ocrx_word' id='word_1_738' title='bbox 2583 4976 2632 5021; x_wconf 85' lang='lat' dir='ltr'>et</span> <span class='ocrx_word' id='word_1_739' title='bbox 2672 4969 2936 5037; x_wconf 83' lang='lat' dir='ltr'>potiorem</span> <span class='ocrx_word' id='word_1_740' title='bbox 2968 4978 3196 5037; x_wconf 87' lang='lat' dir='ltr'>partem,</span> <span class='ocrx_word' id='word_1_741' title='bbox 3238 4967 3447 5023; x_wconf 86' lang='lat' dir='ltr'>utinam</span> 
     </span>
    </p>
   </div>
   <div class='ocr_carea' id='block_1_97' title="bbox 1889 5050 3445 5129">
    <p class='ocr_par' dir='ltr' id='par_1_97' title="bbox 1889 5050 3445 5129">
     <span class='ocr_line' id='line_1_97' title="bbox 1889 5050 3445 5129; baseline 0 -16"><span class='ocrx_word' id='word_1_742' title='bbox 1889 5050 1991 5113; x_wconf 71' lang='lat' dir='ltr'>tua:</span> <span class='ocrx_word' id='word_1_743' title='bbox 2020 5062 2216 5114; x_wconf 66' lang='lat' dir='ltr'>divina:</span> <span class='ocrx_word' id='word_1_744' title='bbox 2247 5075 2457 5129; x_wconf 87' lang='lat' dir='ltr'>preces,</span> <span class='ocrx_word' id='word_1_745' title='bbox 2492 5060 2885 5121; x_wconf 89' lang='lat' dir='ltr'>illustrissime.</span> <span class='ocrx_word' id='word_1_746' title='bbox 2921 5061 3053 5114; x_wconf 89' lang='lat' dir='ltr'>mihi</span> <span class='ocrx_word' id='word_1_747' title='bbox 3086 5057 3445 5124; x_wconf 73' lang='lat' dir='ltr'>substituant,</span> 
     </span>
    </p>
   </div>
   <div class='ocr_carea' id='block_1_98' title="bbox 1888 5150 3445 5221">
    <p class='ocr_par' dir='ltr' id='par_1_98' title="bbox 1888 5150 3445 5221">
     <span class='ocr_line' id='line_1_98' title="bbox 1888 5150 3445 5221; baseline -0.002 -15"><span class='ocrx_word' id='word_1_748' title='bbox 1888 5166 2103 5220; x_wconf 82' lang='lat' dir='ltr'>semper</span> <span class='ocrx_word' id='word_1_749' title='bbox 2135 5153 2388 5221; x_wconf 87' lang='lat' dir='ltr'>plurima,</span> <span class='ocrx_word' id='word_1_750' title='bbox 2424 5166 2543 5219; x_wconf 75' lang='lat' dir='ltr'>qua:</span> <span class='ocrx_word' id='word_1_751' title='bbox 2570 5152 2767 5214; x_wconf 86' lang='lat' dir='ltr'>solent,</span> <span class='ocrx_word' id='word_1_752' title='bbox 2802 5150 3045 5205; x_wconf 88' lang='lat' dir='ltr'>subsidia</span> <span class='ocrx_word' id='word_1_753' title='bbox 3077 5154 3131 5205; x_wconf 91' lang='lat' dir='ltr'>in</span> <span class='ocrx_word' id='word_1_754' title='bbox 3161 5166 3243 5205; x_wconf 89' lang='lat' dir='ltr'>me</span> <span class='ocrx_word' id='word_1_755' title='bbox 3271 5150 3445 5205; x_wconf 88' lang='lat' dir='ltr'>decli-</span> 
     </span>
    </p>
   </div>
   <div class='ocr_carea' id='block_1_99' title="bbox 1888 5241 3446 5313">
    <p class='ocr_par' dir='ltr' id='par_1_99' title="bbox 1888 5241 3446 5313">
     <span class='ocr_line' id='line_1_99' title="bbox 1888 5241 3446 5313; baseline 0.001 -17"><span class='ocrx_word' id='word_1_756' title='bbox 1888 5255 2105 5307; x_wconf 89' lang='lat' dir='ltr'>nantes,</span> <span class='ocrx_word' id='word_1_757' title='bbox 2152 5258 2205 5297; x_wconf 69' lang='grc' dir='ltr'>ει</span> <span class='ocrx_word' id='word_1_758' title='bbox 2244 5242 2379 5297; x_wconf 87' lang='lat' dir='ltr'>forte</span> <span class='ocrx_word' id='word_1_759' title='bbox 2430 5244 2575 5297; x_wconf 84' lang='lat' dir='ltr'>brevi</span> <span class='ocrx_word' id='word_1_760' title='bbox 2631 5248 2874 5311; x_wconf 86' lang='lat' dir='ltr'>tempore</span> <span class='ocrx_word' id='word_1_761' title='bbox 2920 5243 3131 5313; x_wconf 77' lang='lat' dir='ltr'>spatio,</span> <span class='ocrx_word' id='word_1_762' title='bbox 3174 5242 3267 5297; x_wconf 85' lang='lat' dir='ltr'>illa</span> <span class='ocrx_word' id='word_1_763' title='bbox 3314 5241 3446 5298; x_wconf 84' lang='lat' dir='ltr'>mihi</span> 
     </span>
    </p>
   </div>
   <div class='ocr_carea' id='block_1_100' title="bbox 1420 5458 2311 5521">
    <p class='ocr_par' dir='ltr' id='par_1_100' title="bbox 1420 5458 2311 5521">
     <span class='ocr_line' id='line_1_100' title="bbox 1420 5458 2311 5521; baseline -0.006 0"><span class='ocrx_word' id='word_1_764' title='bbox 1420 5458 1621 5521; x_wconf 67' lang='lat' dir='ltr'>Varia</span> <span class='ocrx_word' id='word_1_765' title='bbox 1667 5458 1974 5519; x_wconf 85' lang='lat' dir='ltr'>lectiones</span> <span class='ocrx_word' id='word_1_766' title='bbox 2016 5465 2078 5518; x_wconf 88' lang='lat' dir='ltr'>et</span> <span class='ocrx_word' id='word_1_767' title='bbox 2120 5467 2311 5519; x_wconf 73' lang='lat' dir='ltr'>noue.</span> 
     </span>
    </p>
   </div>
   <div class='ocr_carea' id='block_1_101' title="bbox 296 5554 2870 5633">
    <p class='ocr_par' dir='ltr' id='par_1_101' title="bbox 296 5554 2870 5633">
     <span class='ocr_line' id='line_1_101' title="bbox 296 5554 2870 5633; baseline -0.003 -16"><span class='ocrx_word' id='word_1_768' title='bbox 296 5561 410 5633; x_wconf 70' lang='lat'>(99)</span> <span class='ocrx_word' id='word_1_769' title='bbox 444 5559 818 5633; x_wconf 80' lang='lat' dir='ltr'>Boemundum</span> <span class='ocrx_word' id='word_1_770' title='bbox 845 5556 1516 5633; x_wconf 57' lang='lat' dir='ltr'>ﬁormannumiutejligit.</span> <span class='ocrx_word' id='word_1_771' title='bbox 1554 5556 1999 5633; x_wconf 29' lang='lat' dir='ltr'>Yide‘Dissertat.</span> <span class='ocrx_word' id='word_1_772' title='bbox 2030 5567 2204 5633; x_wconf 86' lang='lat' dir='ltr'>_to_mo</span> <span class='ocrx_word' id='word_1_773' title='bbox 2230 5559 2247 5610; x_wconf 91' lang='lat' dir='ltr'>l</span> <span class='ocrx_word' id='word_1_774' title='bbox 2288 5555 2623 5627; x_wconf 58' lang='lat' dir='ltr'>praemissam</span> <span class='ocrx_word' id='word_1_775' title='bbox 2654 5570 2775 5625; x_wconf 89' lang='lat' dir='ltr'>cap.</span> <span class='ocrx_word' id='word_1_776' title='bbox 2807 5554 2870 5611; x_wconf 74' lang='grc' dir='ltr'><strong>γ.</strong></span> 
     </span>
    </p>
   </div>
   <div class='ocr_carea' id='block_1_102' title="bbox 297 5626 2141 5769">
    <p class='ocr_par' dir='ltr' id='par_1_102' title="bbox 297 5626 2141 5769">
     <span class='ocr_line' id='line_1_102' title="bbox 304 5626 2141 5700; baseline -0.004 -14"><span class='ocrx_word' id='word_1_777' title='bbox 304 5626 429 5700; x_wconf 44' lang='grc'>⁷99⁵)</span> <span class='ocrx_word' id='word_1_778' title='bbox 472 5632 567 5683; x_wconf 77' lang='grc' dir='ltr'>Ἐν</span> <span class='ocrx_word' id='word_1_779' title='bbox 600 5630 895 5698; x_wconf 79' lang='grc' dir='ltr'>ἀραθυμίᾳ</span> <span class='ocrx_word' id='word_1_780' title='bbox 930 5630 1026 5681; x_wconf 73' lang='grc' dir='ltr'>καὶ</span> <span class='ocrx_word' id='word_1_781' title='bbox 1050 5629 1298 5694; x_wconf 66' lang='grc' dir='ltr'>ἀλυπίᾳ,</span> <span class='ocrx_word' id='word_1_782' title='bbox 1342 5626 1517 5683; x_wconf 66' lang='lat' dir='ltr'>Scrib.</span> <span class='ocrx_word' id='word_1_783' title='bbox 1575 5630 1631 5679; x_wconf 70' lang='grc' dir='ltr'>εν</span> <span class='ocrx_word' id='word_1_784' title='bbox 1690 5626 1930 5697; x_wconf 74' lang='grc' dir='ltr'>ῥᾳθυμίᾳ</span> <span class='ocrx_word' id='word_1_785' title='bbox 1959 5627 2051 5680; x_wconf 76' lang='grc' dir='ltr'>καὶ</span> <span class='ocrx_word' id='word_1_786' title='bbox 2089 5629 2141 5679; x_wconf 86' lang='grc' dir='ltr'>ἀ.</span> 
     </span>
     <span class='ocr_line' id='line_1_103' title="bbox 297 5640 1296 5769; baseline -0.005 -14"><span class='ocrx_word' id='word_1_787' title='bbox 297 5640 380 5769; x_wconf 57' lang='lat' dir='ltr'>il)</span> <span class='ocrx_word' id='word_1_788' title='bbox 411 5702 734 5769; x_wconf 78' lang='grc' dir='ltr'>Τεμιότατε.</span> <span class='ocrx_word' id='word_1_789' title='bbox 774 5700 1296 5768; x_wconf 71' lang='grc' dir='ltr'>5οι-ίὺ.τιμιότητος.</span> 
     </span>
    </p>
   </div>
   <div class='ocr_carea' id='block_1_103' title="bbox 328 5700 1296 5771">
    <p class='ocr_par' dir='ltr' id='par_1_103' title="bbox 328 5700 1296 5771">
     <span class='ocr_line' id='line_1_104' title="bbox 328 5700 1296 5771; baseline -0.005 -16"><span class='ocrx_word' id='word_1_790' title='bbox 328 5703 380 5771; x_wconf 81' lang='grc'>1)</span> <span class='ocrx_word' id='word_1_791' title='bbox 411 5702 734 5769; x_wconf 78' lang='grc' dir='ltr'>Τεμιότατε.</span> <span class='ocrx_word' id='word_1_792' title='bbox 774 5700 1296 5768; x_wconf 71' lang='grc' dir='ltr'>5οι-ίὺ.τιμιότητος.</span> 
     </span>
    </p>
   </div>
  </div>
