4240 6440
238 407 332 473 489
1100 404 1486 467 El‘lSTOl..’E
1534 401 1734 461 LXXV
1777 402 1818 456 Λ
1857 399 1911 457 J.
1955 395 2308 458 MEURSIO
2347 395 2619 456 EDIT/E.
3374 394 3475 458 430

239 542 287 577 τε
316 523 471 593 ἡθους
511 523 849 593 ἁμὸροσίτας
888 523 962 593 (‘2)
1016 521 1488 590 κατευωχήσεται,
1543 516 1639 569 xui.
1699 513 1794 567 τοῦ
1828 523 1865 576 Α
1900 513 1913 530 ’

1828 523 1865 576 Α
1900 513 2052 568 Tunc
2104 527 2205 584 ego
2249 512 2362 566 haec
2392 509 2623 564 audiens
2674 507 2816 563 labia
2845 519 2964 561 mea
2989 507 3160 563 tacite
3187 510 3479 572 momordi,

238 617 483 686 νέκταρος
531 615 1003 685 ὲμφορηθῆσεται.
1063 614 1222 668 Οὕτω
1295 612 1504 669 πάντας
1589 605 1802 668 ἐλκΰεις
1901 621 1912 657 ι

1901 613 1954 658 et
1982 618 2170 673 parum
2194 609 2358 670 caput
2383 613 2559 652 meum
2591 596 2809 663 deﬂexi,
2835 596 2997 665 quasi
3025 597 3116 664 qui
3143 596 3349 666 aliquid
3373 599 3482 652 alte

243 709 364 778 πρὸς
396 709 654 778 αὐτὸν’τῇ
683 708 900 777 ἀληθῶς
934 709 1112 777 χρυσῇ
1149 706 1308 775 σειρᾷ
1366 704 1467 772 τῆς
1496 701 1804 772 χρηστότη-
1902 714 1917 752 (

1902 696 2418 752 comminiscuntur.
2473 690 2678 745 Deinde
2714 690 2936 744 fratrem
2980 703 3160 743 meum
3198 690 3483 759 amplexa-

240 817 336 861 τος.
370 801 458 869 Μὴ
494 799 732 853 παύσαιο
760 800 944 852 τοίνυν
975 797 1300 850 ὲπιπλέκειν
1325 796 1414 848 ἀεὶ
1469 793 1668 863 ταύτῃ,
1719 790 1805 843 ἵνα
1907 800 1914 842 1

1907 800 1995 844 tus
2026 803 2179 850 sum,
2232 787 2498 855 illumque
2544 784 2764 838 beatum
2816 783 2931 837 fore
2976 781 3307 852 praedicavi,
3354 783 3483 852 quia

239 890 442 952 πλείους
460 890 673 942 ὲλκύειν
710 890 914 944 δύναιο.
946 890 1016 942 Τὸ
1043 889 1150 956 γὰρ
1183 889 1276 941 ἐπὶ
1312 887 1391 957 τῷ
1423 886 1496 956 μὴ
1554 879 1809 937 ἀναλύειν
1908 893 1913 934 1

1908 882 2002 936 tali
2030 887 2148 936 erat
2184 876 2502 947 spectaculo
2538 875 2829 928 fruiturus.
2879 871 3035 927 Unde
3069 874 3166 928 tibi
3193 874 3338 928 dulci
3369 889 3488 928 mo-

1912 982 2030 1020 rum
2067 962 2340 1018 ambrosia
2378 961 2592 1015 divinas
2629 961 2822 1030 epulas
2876 970 2932 1014 et
2971 962 3222 1015 convivia
3257 976 3487 1033 appara.

241 1087 388 1134 μονος
415 1070 651 1139 φύσεως,
680 1069 807 1123 οὗτε
835 1072 935 1133 τὰς
976 1070 1068 1121 ἐπὶ
1101 1069 1182 1121 σοὶ
1222 1067 1445 1130 ἐλπίδας
1489 1065 1658 1134 ἁδρὰς
1711 1062 1805 1115 καὶ
1913 1060 1915 1067 “

1913 1059 2014 1121 bit,
2047 1070 2316 1125 sacroque
2341 1055 2581 1109 nectaris
2614 1054 2772 1108 latice
2816 1063 2868 1108 te
2902 1053 3150 1124 replebit.
3191 1055 3266 1108 Ita
3294 1069 3486 1109 omnes

238 1161 466 1226 εὐγενεῖς
497 1164 810 1230 τρέφοντος.

1916 1149 1983 1203 ad
2027 1158 2077 1202 te
2109 1150 2287 1217 ipsum
2331 1147 2424 1199 illa
2466 1161 2592 1201 vere
2625 1160 2791 1200 aurea
2847 1145 3110 1202 bonitatis
3153 1155 3342 1201 catena
3375 1147 3490 1200 dul-

239 1258 366 1310 citer
412 1257 665 1310 attrahis.
710 1256 786 1310 Ne
832 1257 1001 1324 igitur
1043 1271 1198 1312 cessa
1245 1255 1335 1308 illa
1380 1267 1480 1307 nos
1504 1265 1720 1320 semper
1760 1253 2208 1305 circumuectcre,
2235 1251 2294 1296 ut
2326 1250 2380 1297 et
2431 1244 2614 1312 plures
2643 1241 2708 1296 ad
2757 1252 2808 1297 te
2859 1243 3055 1299 ducere
3103 1245 3305 1313 possis.
3352 1243 3491 1300 Nam

241 1359 286 1403 te
321 1365 600 1404 accersere
636 1365 703 1404 ne
737 1365 837 1404 nos
899 1351 987 1404 illa
1006 1353 1190 1404 solvas
1245 1361 1423 1417 neque
1469 1355 1574 1399 ture
1635 1351 1844 1397 natur-.e
1907 1335 2330 1406 magnanimitas
2399 1336 2450 1388 id
2489 1334 2693 1405 percipi
2732 1335 3004 1403 "patietur,
3044 1352 3168 1391 cum
3207 1338 3259 1392 in
3291 1345 3343 1393 te
3377 1337 3495 1393 haec

243 982 592 1050 παρακαλεῖν,
614 978 738 1032 οὕτε
759 981 857 1050 τῆς
890 980 990 1047 σῆς
1030 979 1426 1047 αἰσθανομένου
1454 971 1802 1047 μεγαλογνῶ-

239 1455 285 1498 et
323 1446 518 1498 inultas
567 1456 619 1498 ct
653 1445 865 1500 nobiles
901 1459 1221 1513 magnorum
1256 1449 1530 1513 gesturum
1558 1455 1682 1508 spes
1724 1451 1826 1492 nos
1848 1433 2135 1502 concipere
2169 1439 2347 1501 cogat.

835 1561 1055 1615 ΕΠΙΣΤ.
1092 1560 1211 1613 ΞΘ¹.

376 1649 459 1716 Τῷ
479 1652 1018 1720 ἁποχαρτοφύλακι
1047 1651 1233 1716 κυρίῳ
1260 1649 1596 1716 [νικηφόρῳ.

305 1740 478 1793 Αὑτοῦ
522 1759 624 1811 μου
660 1741 758 1794 τοῦ
817 1741 1073 1812 σώματος
1144 1740 1329 1803 κακῶς
1375 1739 1613 1808 ἔχοντος,
1679 1751 1816 1787 παν·

2478 1547 2698 1603 EPIST.
2737 1547 2924 1602 LXIX.

2321 1636 2618 1705 Nicephoro
2649 1637 3080 1709 Chartophylaci.

1985 1729 2122 1795 Quia
2167 1728 2380 1782 inﬁrma
2425 1741 2626 1798 corpus
2672 1741 2850 1781 meum
2891 1729 3109 1797 languet
3159 1728 3495 1790 valetudine.

241 1834 356 1899 ἀγιε
398 1834 660 1896 δέσποτα,
710 1833 885 1905 βραχὺ
935 1834 998 1887 τὸ
1029 1833 1268 1903 γράμμα
1307 1832 1532 1891 εἰκότως
1585 1827 1818 1895 γίνεται,

1915 1822 2265 1876 sanctissime
2296 1820 2537 1882 domine.
2573 1836 2681 1874 non
2715 1820 2994 1874 immerito
3029 1821 3110 1874 hae
3141 1821 3334 1876 litterae
3367 1823 3494 1877 bre-

241 1922 332 1975 καὶ
364 1923 489 1975 ὅσον
515 1923 701 1976 ἱκανὸν
731 1924 867 1993 πρὸς
882 1922 943 1976 τὺ
961 1922 1061 1984 τὰς
1089 1923 1186 1984 σὰς
1207 1921 1374 1991 εὐχὰς
1396 1915 1816 2013 μόνον-βοηθοὺς
1849 1958 1891 2013 Β

1849 1912 2099 2013 Bviores
2159 1919 2357 1976 erunt;
2423 1910 2545 1964 volo
2589 1910 2734 1965 enim
2789 1919 3002 1963 tuarum
3063 1925 3285 1981 precum
3317 1911 3495 1968 solum

240 2013 647 2086 ἐξαιτήσασθαι.
691 2016 789 2079 "Ac
823 2017 920 2069 καὶ
954 2012 1330 2069 αἱτοῦσιδίδου
1357 2011 1453 2064 νῦν
1495 2009 1754 2081 μάλιστα,
1788 2011 1816 2062 ὁ
1851 2001 1890 2013 ”

1851 2001 1890 2013 “’
1920 2003 2120 2057 auxilia
2145 2017 2389 2073 poscere.
2422 2003 2555 2068 Quae
2587 2001 2898 2072 petentibus
2951 2003 3032 2057 vel
3063 2019 3208 2059 nunc
3261 2005 3497 2060 maxime

241 2106 328 2156 καὶ
360 2107 445 2159 ἀεὶ
483 2107 663 2159 πάντα
719 2107 860 2177 ἡμῖν
915 2105 965 2159 τ’
998 2103 1183 2174 ἀγαθά
1231 2102 1554 2174 βουλόμενός
1606 2117 1664 2153 τε
1725 2101 1819 2154 καὶ

1920 2093 2159 2159 effunde,
2213 2093 2306 2162 qui
2338 2108 2554 2162 semper
2585 2093 2742 2148 nobis
2776 2095 2956 2149 omnia
3009 2094 3149 2149 bona
3182 2096 3414 2166 appetis,
3443 2104 3500 2151 et

239 2197 624 2265 ἐπευχόμενος.

1920 2185 2152 2241 summis
2186 2184 2322 2238 votis
2345 2183 2678 2252 deprecaris.

865 2289 1092 2341 ΕΠΙΣΤ.
1134 2290 1210 2343 0'.
2489 2275 2539 2329 El

2489 2275 2710 2333 EPIST.
2770 2277 2932 2332 LXX.

780 2378 865 2444 Τῷ
892 2378 1306 2448 Παιιαιολόγφ.

305 2469 402 2522 Διὰ
442 2470 544 2538 τῆς
586 2468 854 2539 μεγίστης
905 2485 999 2522 σου
1060 2470 1428 2539 ἀντιλήψεως,
1475 2468 1821 2524 πανσέσαστέ

240 2576 338 2630 μου
369 2561 636 2622 αὐθέντα,
663 2561 895 2631 μετρίας
954 2560 1222 2632 ἐτύχομεν
1270 2563 1633 2624 ἀναπαύσεως
1662 2561 1722 2613 ἐν
1756 2576 1820 2628 γε

235 2655 346 2714 τοῖς
375 2653 521 2705 κατά
562 2653 663 2722 τὴν
720 2652 944 2723 Ἀκρίδα
991 2652 1368 2721 ὑπολειφθεῖσι
1397 2656 1464 2724 τῇ
1526 2652 1822 2723 Ἐκκλησία

236 2745 558 2814 ὀλιγοστοϊς.
596 2745 860 2815 Ἐμελλες
889 2746 999 2815 γὰρ
1027 2746 1224 2799 ἀνῦσαί
1261 2763 1316 2800 τι
1363 2745 1691 2817 κατεπᾴδων
1724 2743 1820 2797 τοῦ

237 2839 551 2910 πράκτορος
602 2838 762 2907 ἡμῶν
813 2838 955 2910 ὑπὲρ
993 2838 1095 2908 τῆς
1143 2839 1419 2908 ἡμετέρας
1496 2838 1822 2898 ἀσθενείαςο

239 2930 360 2982 ὅθεν
430 2932 493 2983 οὐ
553 2929 840 3010 παυόμεθα
886 2930 1026 3001 ὅπερ
1079 2930 1276 3000 ἔχομεν
1343 2931 1696 3000 εἰσφέροντες
1757 2931 1820 2999 τῇ

239 3022 572 3092 παραμίλλῳ
597 3022 673 3092 (5)
700 3038 794 3073 σου
825 3021 1126 3090 ἀγαθότητι
1147 3038 1160 3051 '
1183 3023 1318 3092 πρὸς
1342 3021 1442 3091 μὲν
1461 3021 1615 3086 Θεὸν,
1636 3019 1820 3089 εὐχὰς,

234 3111 308 3173 ώς
341 3111 511 3164 αὑτοῦ
535 3112 838 3184 λειτουργοί
872 3125 887 3141 ⁸
923 3114 1058 3181 πρὸς
1113 3112 1168 3165 δὲ
1202 3111 1548 3183 ἀνθρώπους,
1600 3111 1823 3181 εὐχαρι-

238 3205 390 3265 στίας
441 3204 538 3254 καί
579 3203 895 3273 εὐφημίανυ
920 3204 1037 3256 κᾶν
1067 3204 1116 3254 εί
1148 3204 1323 3273 μικρά
1385 3220 1469 3256 σοι
1525 3201 1679 3271 μέλει
1723 3201 1824 3270 τῆς

2552 2368 2878 2442 Palcologo.

1994 2460 2132 2517 Tuis
2163 2460 2414 2515 maximis
2444 2459 2748 2526 beneficiis,
2775 2463 3238 2521 reverendissime
3259 2465 3501 2530 domine.

1926 2557 2254 2611 mediocrem
2294 2553 2408 2624 jam
2451 2555 2599 2609 nacti
2651 2571 2844 2611 sumus
2883 2558 3182 2627 voluptatis
3237 2559 3503 2628 requiem,

1924 2664 2049 2704 cum
2078 2649 2161 2704 bis
2202 2650 2587 2720 paucissimis,
2624 2650 2718 2719 qui
2755 2651 2810 2704 in
2841 2650 3103 2708 Acliridis
3133 2651 3383 2709 Ecclesia
3419 2669 3506 2708 re-

1925 2740 2048 2795 lecti
2096 2746 2244 2795 sunt.
2298 2741 2596 2809 Speramus
2647 2748 2700 2795 te
2752 2741 2913 2812 703
2964 2743 3122 2809 plane
3175 2757 3338 2814 posse
3383 2759 3509 2813 pcr-

1927 2831 2126 2895 liccre,
2189 2840 2248 2886 ut
2299 2833 2369 2886 ob
2419 2841 2666 2888 nostram
2719 2833 3101 2889 infirmitatem
3157 2843 3212 2891 et
3258 2836 3505 2906 inopiam

1926 2934 2237 2978 exacmrem
2273 2931 2526 2979 nostrum
2561 2934 2666 2980 tua:
2723 2927 2978 2995 potentiae
3005 2928 3378 2986 delinimentis
3405 2929 3507 2986 de-

1927 3014 2192 3070 mulceas.
2236 3012 2407 3069 Unde'
2434 3015 2658 3085 quidem
2698 3032 2806 3071 non
2832 3018 3196 3087 cessabimus,
3237 3020 3510 3090 quidquid

1928 3113 2179 3161 nostrum
2212 3111 2339 3172 erit,
2374 3118 2481 3162 tua:
2507 3108 2698 3162 virtuti
2723 3119 2777 3162 et
2811 3109 3089 3164 nobilitati
3118 3110 3266 3182 large
3288 3111 3506 3167 oﬂ'et're.

1929 3193 2102 3250 Deum
2134 3197 2356 3266 quidem
2392 3198 2617 3254 assidue
2648 3200 2996 3269 precabimur
3033 3209 3293 3272 tanquam
3335 3204 3512 3274 ipsius

235 3296 520 3366 εὐφημίας
549 3295 637 3348 διὰ
663 3297 762 3365 τὴν
783 3298 881 3364 τῆς
897 3295 1247 3366 ἀνθρωπίνης
1293 3295 1583 3359 ἀσθενείας
1639 3296 1823 3349 συναί-
1849 3307 1891 3361 c

1849 3307 1891 3361 ο
1927 3287 2243 3345 sacerdotes
2288 3300 2342 3345 et
2396 3291 2655 3368 ministri.
2699 3290 2756 3346 In
2798 3292 3053 3349 homines
3105 3310 3234 3350 vero
3290 3297 3509 3368 plenam

238 3389 454 3456 σθησιν,
481 3390 547 3457 ἢν
575 3390 602 3439 ὁ
627 3388 786 3455 λόγος
823 3389 1180 3457 ἐνειργάσατο
1220 3405 1234 3418 ·
1267 3388 1401 3442 ἀλλά
1458 3389 1532 3458 μὴ
1584 3388 1821 3442 παύσαιο

234 3478 332 3546 τὴν
356 3478 569 3548 ἔρημον
601 3479 806 3548 ταύτην
839 3482 971 3549 ἡμῖν
1021 3480 1310 3551 ὲξημερῶν
1367 3481 1640 3550 οἰμωγῆς,
1700 3483 1822 3543 ταῖς

235 3574 356 3635 σαῖς
392 3573 538 3642 ὑπὲρ
565 3572 722 3640 ἡμῶν
753 3572 840 3624 ἀεὶ
869 3572 1358 3644 θαυματουργίαις.
1384 3573 1541 3626 Οὕτω
1571 3574 1679 3643 γὰρ
1712 3572 1822 3640 ἐγὼ

236 3666 334 3726 τὰς
369 3665 472 3726 σὰς
512 3665 652 3732 ὑπὲρ
681 3666 780 3734 τῆς
809 3665 1089 3734 ἡμετέρας
1126 3662 1460 3735 Ἐκκλησίας
1490 3665 1648 3718 ὲναὸν
1685 3665 1825 3718 τίθε-

239 3771 368 3822 μαι,
407 3748 501 3816 αἷς
534 3754 584 3807 oi
608 3755 717 3806 τῶν
750 3755 1007 3808 ἑκάστοτε
1038 3755 1367 3826 πρακτόρων
1399 3755 1590 3808 σκοποὶ
1613 3754 1825 3826 ἀμϐλύ-

236 3864 441 3898 νονται.
484 3845 544 3897 Et
573 3847 648 3915 μὴ
671 3849 779 3915 γὰρ
821 3845 984 3908 αὐτὸς
1013 3847 1174 3916 ἡμῶν
1236 3846 1546 3917 καθέστηκε
1609 3846 1824 3918 βοηθὸς,

235 3937 396 3989 οὐδὲν
446 3938 511 3988 τὸ
578 3937 786 3990 κωλῦον
846 3937 991 4003 ἡμᾶς
1042 3938 1496 4009 καταναλωθῆναι
1556 3939 1661 3992 ὑπὸ
1716 3939 1825 3992 τῶν

235 4029 440 4096 δφεων,
476 4026 569 4090 οὒς
596 4026 877 4097 πολλοὺςή
905 4028 1115 4098 ἔρημος
1145 4028 1288 4098 αὕτη
1335 4029 1546 4099 τρέφει,
1582 4029 1826 4100 ζωουμέ-

236 4136 362 4183 νους
387 4120 487 4170 καὶ
518 4118 919 4187 ἀδρυνομένους
949 4121 1017 4189 τῇ
1054 4118 1261 4172 ἄνωθεν
1285 4121 1613 4190 ἐκχωρήσει,
1645 4121 1711 4190 ἣν
1768 4121 1824 4174 αἱ

235 4209 512 4280 ἁμαρτίαι
544 4211 702 4278 ἡμῶν
755 4212 1165 4278 ἐπεισάγουσιν.
1211 4209 1367 4262 Οὖτω
1447 4212 1557 4280 γάρ
1606 4227 1688 4264 σοι
1732 4214 1824 4264 καὶ

236 4303 464 4364 πλείους
488 4305 613 4366 τοὺς
643 4303 940 4368 στεφάνους
969 4306 996 4355 ὁ
1041 4303 1250 4365 δίκαιος
1284 4301 1467 4366 πλέξει
1508 4303 1719 4373 Κριτής
1765 4321 1825 4356 τε

236 4396 332 4445 καὶ
412 4393 722 4464 βραὸευτὴς
774 4395 1070 4470 ὲνλμέρᾳ
1130 4395 1567 4459 ἀνταποδόσεως,
1641 4394 1826 4464 τηρῶν

237 4485 530 4536 κᾶνταῦοα
598 4486 776 4552 πασης
835 4485 1130 4547 κακώσεως
1189 4484 1460 4554 ἀνώτερον
1493 4486 1585 4537 καὶ
1625 4484 1827 4538 κακύν-

238 4593 402 4640 σεως.

1928 3380 2231 3446 gratiarum
2277 3362 2549 3436 actionem
2591 3391 2645 3436 et
2684 3382 2990 3451 jucundam
3032 3362 3428 3442 benedictionis
3459 3397 3512 3444 et

1927 3472 2154 3527 laudum
2181 3472 2680 3531 manifestatiouem
2711 3479 3083 3535 ostendemus.
3119 3479 3230 3536 Etsi
3256 3482 3354 3536 tibi
3389 3483 3511 3536 lau-

1929 3564 2060 3618 dum
2109 3565 2400 3622 celebritas
2447 3574 2502 3622 et
2550 3568 2910 3625 benedicendi
2960 3571 3294 3628 existimatio
3342 3589 3512 3643 pan-va

1930 3657 2152 3726 quidem
2189 3666 2244 3712 et
2275 3659 2474 3729 exigua
2506 3660 2694 3715 futura
2727 3663 3022 3728 videbitur,
3059 3675 3116 3717 nt
3146 3676 3278 3720 sunt
3307 3667 3511 3724 infirmi

1929 3750 2216 3805 hominum
2252 3766 2474 3820 sensus,
2518 3763 2572 3809 et
2619 3757 2873 3826 languida
2906 3758 3115 3826 opinio,
3148 3772 3312 3824 quam
3355 3760 3510 3814 solus

1931 3843 2197 3898 orationis
2247 3859 2416 3900 sonus
2444 3849 2751 3916 perstrepit.
2802 3847 2879 3904 Ne
2909 3861 3087 3903 tamen
3123 3851 3224 3904 hoc
3258 3861 3510 3906 nostrum

1930 3933 2203 3990 defectum
2251 3938 2468 4006 planctu
2534 3939 2689 3999 nobis
2757 3943 3040 3997 sublevare
3075 3943 3299 4010 desiste,
3347 3945 3513 4000 mira-

1931 4028 2059 4082 bilia
2089 4031 2201 4094 illa,
2237 4045 2358 4100 qua:
2390 4043 2444 4085 tu
2474 4034 2637 4098 soles,
2663 4035 2714 4086 in
2747 4051 2847 4089 nos
2874 4051 3036 4105 opera
3063 4036 3393 4093 diffundens.
3431 4035 3512 4092 Ita

1929 4120 2073 4175 enim
2107 4136 2208 4189 ego
2239 4121 2326 4174 illa
2355 4137 2477 4192 quae
2507 4123 2561 4178 in
2600 4135 2798 4180 nostrze
2854 4125 3108 4182 Ecclesiae
3160 4129 3514 4183 commodum

1931 4212 2161 4277 moliris,
2186 4213 2239 4266 in
2275 4216 2473 4284 templo
2500 4217 2834 4286 suspendere
2861 4219 3026 4282 nitor,
3051 4234 3170 4288 quae
3192 4229 3510 4274 exactoruut

1931 4305 2326 4371 exploratores,
2359 4323 2480 4361 cum
2509 4310 2684 4364 oculis
2718 4311 2953 4365 lustrent
2975 4313 3112 4373 suis,
3145 4327 3306 4366 suum
3342 4313 3509 4367 etiam

1933 4391 2226 4467 ell'ringant
2265 4398 2526 4468 impetum
2575 4400 2851 4474 animique
2897 4401 3204 4456 obtundant
3247 4401 3508 4456 furorem.

1934 4485 2046 4542 Nisi
2077 4491 2222 4543 enim
2259 4492 2343 4544 hic
2392 4506 2638 4547 summus
2684 4493 2842 4548 nobis
2877 4496 3174 4564 Opitulator
3203 4495 3509 4556 exstiteris.

1931 4580 2066 4634 nilnil
2109 4583 2326 4651 quidem
2363 4584 2752 4654 impedimento
2800 4587 3010 4652 fuisset,
3039 4590 3171 4658 quin
3201 4591 3271 4642 ab
3303 4590 3388 4642 bis
3421 4604 3513 4643 ve-

239 4673 456 4725 nenatis
496 4673 765 4739 anguibus
800 4686 1132 4740 rapcrcmur,
1157 4687 1293 4740 quos
1327 4672 1426 4724 boc
1474 4670 1748 4725 desertum
1786 4672 1987 4727 multos
2029 4675 2237 4739 nutrit,
2274 4677 2344 4731 ob
2374 4677 2525 4732 illum
2558 4689 2804 4734 nostrum
2870 4683 3172 4736 discessum
3241 4681 3513 4751 frequentt

237 4767 478 4831 stipatos
507 4773 673 4831 cepit,
727 4777 776 4814 (ιι
819 4762 1003 4815 letltali
1047 4763 1201 4816 vivos
1231 4764 1448 4826 aculeo,
1496 4779 1658 4831 quem
1725 4773 1911 4817 nostra
1948 4765 2178 4820 crimina
2220 4771 2433 4824 tandem
2466 4781 2785 4841 coegerunt.
2820 4773 2892 4827 Ita
2925 4774 3069 4827 enim
3109 4773 3204 4827 tibi
3235 4784 3290 4829 et
3327 4776 3514 4845 justus

233 4859 431 4928 jndex,
512 4867 566 4909 et
645 4860 989 4924 praemiorum
1067 4855 1387 4910 distributor
1462 4871 1694 4910 coronas
1758 4856 1812 4910 in
1874 4856 1964 4913 die
2040 4861 2413 4917 retributionis
2481 4865 2738 4937 largietur
2791 4875 2846 4922 et
2908 4876 3109 4931 nectet,
3160 4877 3320 4938 teque
3375 4870 3515 4926 inte-

241 4953 344 5006 rim
387 4950 542 5005 omni
574 4951 696 5002 mali
747 4952 938 5019 laqueo
995 4959 1050 5002 et
1105 4950 1303 5019 iniquae
1363 4948 1595 5004 fortuna:
1633 4952 1929 5006 acerbitate
1967 4953 2206 5010 solutum
2246 4959 2500 5013 servabit.

849 5061 1071 5114 ΕΠΙΣΤ.
1113 5061 1234 5113 OA'.
1861 5073 1904 5126 υ
2497 5072 2523 5125 Ε

1861 5073 1904 5126 D
2497 5071 2714 5129 EPlST.
2759 5075 2941 5130 LXXI.

249 5151 334 5216 Τῴ
383 5148 853 5218 πρωτασηκρῆτι
909 5154 1102 5228 κυρίᾳξ
1139 5151 1447 5219 [pm-opto)
1497 5149 1578 5215 τῷ
1635 5155 1833 5219 Καμα-

951 5237 1132 5288 τηρῳο

1497 5149 1578 5215 τῷ
1635 5155 1833 5219 Καμα-
2289 5161 2537 5230 Gregorio
2559 5163 2839 5218 Camatero
2859 5167 3154 5236 legat/telae.

320 5312 560 5364 Πάντων
625 5309 733 5377 ἐγὼ
793 5311 1213 5379 μακαριώτατος
1269 5311 1384 5375 νῦν,
1435 5312 1486 5362 εί
1536 5328 1591 5363 τε
1647 5311 1736 5364 διὰ
1774 5329 1830 5364 τε

243 5408 290 5459 τ’
325 5403 574 5469 ἁδελιξοῦ
613 5403 707 5454 καὶ
739 5403 834 5470 τῆς
882 5402 1177 5471 ἐπιστολῆς
1221 5403 1582 5473 εὐεργέτησα,
1623 5403 1711 5455 τὸν
1740 5403 1832 5455 δύο

2007 5315 2264 5371 Omnium
2314 5336 2414 5388 ego
2460 5332 2724 5391 quotquot
2756 5333 2886 5394 sunt
2911 5323 3263 5381 felicissimus
3292 5326 3509 5395 quidem

1938 5422 2084 5460 nunc
2143 5425 2286 5474 smn,
2323 5413 2368 5464 si
2443 5414 2497 5466 in
2545 5425 2596 5468 te
2627 5425 2679 5468 et
2726 5416 2932 5482 fratris,
2985 5427 3039 5471 et
3077 5418 3270 5472 harum
3300 5419 3510 5474 littera-

1419 5584 1618 5646 νει-ξω
1651 5583 1954 5647 lectiones
1999 5597 2058 5650 et
2103 5599 2291 5653 notes.

325 5733 406 5804 (2)
434 5734 854 5801 ‘Apf’pom’zac.
892 5731 1070 5785 Scrib.
1105 5732 1430 5804 ἀμὸροσίαξ.

324 5801 410 5875 (5)
443 5804 816 5873 ἁπαραμέλλῳ
847 5805 970 5870 legit
1004 5803 1199 5856 llasius
1231 5803 1296 5854 ad
1353 5803 1587 5858 Leonem
1640 5801 1934 5858 Diaconum
1965 5802 2351 5872 (totn.CXV'll,
2382 5807 2484 5860 col.
2518 5807 2644 5872 726,
2675 5809 2813 5876 not.)
2851 5808 3003 5861 Eutr.
3042 5808 3206 5860 l’na.

589 5899 860 5960 ΡΑτιιοι.
888 5903 1003 5959 Gn.
1036 5897 1314 5960 CXXVI.

3075 5899 3141 5958 l6
