4240 6440
192 421 289 493 493

1033 415 1419 475 ΕΡίΞΤΟῐ..Ἐ
1467 412 1661 472 LXXV
1704 411 1747 464 Α
1782 408 1841 467 J.
1893 404 2238 465 MEURSIO
2280 402 2544 463 ΕΒῘΤεΕ.

3323 397 3428 463 494

197 568 281 621 μοι
306 549 364 601 τὸ
388 549 481 618 τῆς
520 546 727 617 ὕϐρεως
780 544 1028 613 ἔγκὶημα
1052 561 1064 574 ·
1091 544 1248 596 τοῦτο
1275 545 1384 613 γὰρ
1417 544 1610 603 ἐκεῖνο,
1657 541 1754 591 οὐκ
1787 547 1828 600 Α
1859 555 1871 591 ι

1787 547 1828 600 Α
1859 555 1981 592 eum
2025 538 2120 594 tibi
2183 534 2544 598 trianifestavi,
2608 535 2660 588 in
2714 533 2907 587 horum
2957 548 3196 588 omnium
3242 543 3428 604 caput,

192 641 455 709 ἐπανὲὁης
489 640 751 708 κειμένῳ,
783 638 906 689 οὐδὲ
953 635 1146 705 νεκρὸν
1172 636 1347 705 ᾑκίσω
1374 635 1462 686 τὸν
1495 634 1750 700 Ἕκτορα.

196 735 299 788 Καὶ
345 731 488 784 τοῦτ’
532 730 894 799 ἀπονάμενος,
930 728 1075 796 ἔχεις
1117 728 1219 796 τῆς
1253 727 1404 796 παρά
1436 725 1513 794 τῷ
1547 723 1759 793 βασιλεῖ

195 825 538 897 προσεδρὶας,
587 818 647 876 οὗ
701 823 800 890 τῆς
851 823 1219 892 χρηστότητος
1268 819 1360 870 καὶ
1397 818 1446 870 οἱ
1507 817 1757 884 πολέμιοι

196 915 485 983 μάρτυρες.
541 913 632 964 Διὸ
688 913 782 964 καὶ
828 913 855 963 ὁ
908 911 1040 972 Θεός
1097 927 1156 962 σε
1209 909 1307 978 τῆς
1347 907 1756 977 φιλανθρωπίας

193 1005 500 1074 ἀμείὸεται,
526 1003 624 1073 τὴν
640 1002 969 1072 ψυχαγωγὸν
991 1001 1238 1063 ἀντιδοὺς
1272 998 1638 1069 παράκλησιν,
1669 997 1758 1049 τὸν

194 1096 314 1164 ἡδὺν
343 1094 639 1164 Θεόδωρον,
676 1095 768 1147 τὸν
812 1095 980 1155 ὅντως
1020 1091 1351 1162 Χρυσὴλιον,
1394 1091 1487 1141 τὸν
1518 1091 1580 1141 ὲκ
1614 1088 1757 1139 δυοῖν

191 1185 603 1254 ἀσυγκρίτωνὲν
618 1183 808 1253 κόσμῳ
825 1183 1168 1252 πραγμάτων
1184 1180 1280 1249 τὴν
1301 1179 1616 1248 ἐπωνυμίαν
1633 1181 1759 1249 ἐρα-

125 1312 130 1316 »
193 1278 308 1328 νισά
314 1293 495 1345 μενον,
520 1277 612 1329 καὶ
632 1275 870 1343 φυγόντα
890 1273 987 1344 μὲν
1000 1274 1098 1342 τὴν
1111 1273 1388 1343 ἡμετέραν
1399 1270 1494 1340 τὴν
1509 1288 1577 1325 κα
1586 1287 1758 1340 ματηι

196 1370 288 1438 ράν
317 1369 556 1438 άληθῶς,
592 1368 887 1438 ἀκάματον
917 1367 973 1420 δὲ
1002 1367 1316 1434 γενόμενον.
1349 1364 1416 1415 Ἦ
1445 1363 1558 1425 πῶς
1581 1364 1646 1416 ἀν
1681 1378 1762 1414 σοι

192 1459 453 1522 τοσαύτας
475 1460 669 1529 τέχνας
695 1461 786 1511 καὶ
817 1458 959 1510 οὕτω
1002 1456 1349 1516 πεπαίδευτο,
1386 1457 1434 1507 εξ
1472 1455 1568 1526 τὴν
1600 1454 1760 1522 φύσιν

193 1547 297 1619 εἶχε
330 1552 659 1622 καματηρὰν
705 1553 799 1604 καὶ
827 1549 1192 1612 όκλάζουσαν;
1242 1547 1357 1608 πῶς
1403 1546 1447 1598 δ’
1487 1547 1552 1598 ἂν
1597 1562 1760 1615 στρα-

194 1643 444 1712 τιωτικὴν
479 1645 578 1697 καὶ
603 1644 987 1713 γεωμετρικὴν
1033 1645 1114 1704 εἰς
1139 1643 1302 1694 ταὺτὸ
1332 1640 1628 1710 συνήγαγε,
1666 1640 1760 1692 καὶ

202 1735 394 1803 συνῆψε
423 1737 494 1787 τά
544 1739 775 1805 μακροῖς
816 1734 1087 1806 θριγγίοις
1117 1733 1348 1786 ἔκπαλαι
1390 1732 1758 1802 διειργόμενα,

201 1825 308 1894 μετ’
325 1827 614 1897 Ἀρχύταν,
635 1828 770 1897 μετά
787 1827 1065 1890 Φιλόλαον,
1087 1825 1225 1895 μετά
1239 1825 1330 1877 τὸν
1346 1824 1527 1876 Αἴλιον
1546 1822 1760 1891 Ἀδρια-

198 1919 299 1981 νὶν,
330 1921 470 1988 μετὰ
498 1920 589 1972 τὸν
627 1919 904 1973 ἔκπτωτον
938 1921 1070 1990 ἡμῖν
1133 1917 1451 1982 Ἰουλιανόνς
1506 1914 1764 1986 Ἀριθμη-

200 2008 338 2060 τικὸν
364 2010 463 2078 μὲν
493 2006 586 2063 οὖν
609 2009 772 2064 αὐτὸν
800 2011 969 2081 ᾔδειν,
1007 2008 1098 2078 ἀφ’
1126 2005 1186 2061 οὗ
1219 2010 1342 2069 τοὺς
1379 2005 1764 2076 Βαρδαριώτας

195 2097 475 2167 ὲπρὰττειν
503 2117 517 2131 ·
551 2102 610 2163 ὅς
638 2118 702 2168 γε
751 2103 844 2154 καὶ
894 2101 1073 2170 μέσων
1109 2102 1332 2170 ἠρίθμει
1368 2099 1596 2152 νυκτῶν.
1643 2097 1756 2161 Ἐξε

197 2190 426 2260 ἐπληττε
463 2195 573 2263 γὰρ
601 2193 764 2247 αὑτὸν
792 2194 886 2246 τοῦ
925 2188 1094 2246 ὕπνου
1123 2192 1488 2264 ἀριθμητικόν
1516 2211 1566 2244 τι
1622 2190 1758 2243 θεώ-

197 2295 358 2351 ρημα,
391 2282 519 2336 ἐπεὶ
555 2284 691 2354 μηδὲ
729 2287 839 2347 τοῖς
864 2283 1052 2347 ὕπνοις
1075 2280 1430 2348 ὲνεϐυθίζετο.

1861 631 1906 684 si
1949 627 2147 684 frustra
2195 641 2449 696 magnum
2479 640 2609 678 metr
2631 624 2872 694 Virginis
2891 625 3147 679 auxilium
3178 626 3426 694 iuqioro,

1859 729 1912 774 et
1959 734 2179 774 sacrum
2213 718 2359 771 illum
2387 716 2646 781 Arielem,
2677 716 2767 785 qui
2808 718 2860 770 in
2925 715 3312 785 redemptionis
3344 733 3432 772 ar-

1863 813 1992 866 bore
2026 812 2276 880 alligatus
2302 809 2425 862 fuit.
2459 807 2649 862 Timeo
2679 810 2822 862 enim
2857 824 3036 862 ue-me
3066 809 3305 879 hospitio
3330 824 3429 864 an-

1860 905 2092 963 tecedat.
2120 909 2176 954 ut
2198 901 2286 954 ille
2311 901 2590 969 gloriatur.
2640 899 2776 968 Ergo
2818 913 2900 950 me
2943 900 3013 951 ita
3039 898 3290 953 allectum
3325 899 3432 953 uti-

1858 994 2070 1049 lissimo
2100 992 2390 1046 cumulasti
2425 991 2721 1051 beneﬁcio,
2763 1007 2884 1044 cum
2940 992 3151 1058 injuria:
3202 991 3432 1046 crimine.

1863 1102 1948 1139 me
1980 1087 2195 1156 penitus
2235 1084 2538 1139 absolvisti.
2599 1083 2708 1135 lloc
2748 1084 2947 1137 Cll'llilll
2993 1084 3121 1137 illud
3160 1093 3287 1152 est;
3320 1099 3430 1138 non

1864 1180 2088 1233 calcasti
2111 1179 2404 1248 jacentem,
2440 1192 2615 1245 neque
2645 1187 2915 1229 mortuum
2978 1178 3275 1239 Hectorem,
3299 1194 3424 1232 ver-

1865 1267 2087 1322 beribus
2113 1267 2464 1320 concussisti.
2514 1267 2580 1318 Et
2614 1267 2715 1320 hoc
2767 1266 2864 1319 tibi
2907 1268 3157 1323 utilitatis
3221 1269 3430 1324 habens

1865 1359 2122 1414 assiduus
2183 1373 2242 1412 es
2298 1360 2462 1412 etiam
2532 1359 2634 1428 ipsi
2693 1358 3046 1428 imperatori,
3104 1361 3262 1430 cujus
3321 1364 3432 1416 vir-

1865 1454 1998 1506 tutis
2060 1453 2140 1506 vel
2198 1452 2300 1520 ipsi
2363 1455 2544 1509 hostes
2596 1461 2724 1507 sunt
2790 1461 2978 1508 testes.
3046 1453 3310 1519 Quocirca
3375 1466 3432 1510 et

1867 1544 2008 1597 Deus
2052 1544 2144 1598 tibi
2191 1543 2350 1614 705
2396 1545 2744 1612 benignitatis
2782 1545 3019 1616 ingentia
3045 1547 3184 1600 dona
3224 1548 3432 1616 imper-

1867 1636 2016 1694 titur.
2056 1636 2187 1688 dum
2246 1650 2464 1691 suavem
2518 1635 2888 1702 Theodorum,
2923 1648 2976 1693 et
3034 1653 3161 1693 vere
3202 1655 3426 1694 aureum

1863 1725 2206 1797 Chryselium
2236 1769 2251 1794 ,
2280 1730 2373 1796 qui
2403 1743 2468 1781 ex
2498 1728 2903 1798 duobus_totius
2935 1731 3120 1784 mundi
3148 1732 3427 1801 operibus,

1867 1821 2065 1889 quibus
2091 1823 2298 1874 nullum
2335 1822 2481 1876 aliud
2512 1824 2718 1892 aequari
2745 1831 2948 1892 potest,
2981 1827 3258 1895 egregium
3323 1827 3429 1881 sibi

1868 1929 2169 1983 cognomen
2194 1915 2508 1979 vindicavit,
2544 1916 2636 1984 qui
2665 1926 2718 1970 et
2778 1914 2988 1986 fugiens
3024 1926 3272 1972 nostrum
3326 1919 3432 1973 hoc

1863 2021 1991 2059 vere
2023 2006 2355 2060 laboriosum
2379 2017 2823 2076 cognomentum,
2851 2010 3001 2062 omni
3028 2010 3431 2066 vacuuslabore

1861 2099 2054 2152 evasit.
2084 2097 2333 2152 Profecto
2367 2099 2642 2168 quomodo
2666 2100 2753 2155 hic
2790 2108 2971 2156 tantas
3024 2111 3170 2157 artes
3209 2103 3305 2158 tibi
3354 2105 3430 2159 ita

1859 2195 2067 2260 paravit
2094 2196 2467 2261 etiustruit,si
2503 2205 2751 2249 naturam
2795 2197 2953 2252 habet
2985 2200 3430 2252 succumbentem

1860 2284 2077 2352 penitus
2103 2295 2157 2339 et
2183 2287 2491 2340 labantem?
2517 2289 2790 2356 quomodo
2822 2304 2950 2343 vero
2971 2289 3258 2342 militarem
3287 2291 3430 2358 peri-

196 2374 313 2427 tiam
379 2383 434 2427 et
478 2377 858 2444 geometricam
917 2385 1247 2431 structuram
1320 2379 1376 2429 in
1435 2376 1573 2430 idem
1648 2375 1821 2444 ipsum
1897 2379 2202 2445 conjunxit,
2263 2387 2316 2431 et
2384 2395 2504 2448 qua:
2562 2379 2674 2447 jam
2731 2380 2860 2434 olim
2919 2383 3179 2437 concluso
3229 2385 3426 2438 vallata

196 2467 412 2532 ambitu,
446 2468 574 2522 altis
618 2477 776 2523 erant
812 2477 962 2539 septa
1016 2472 1290 2524 moenibus
1320 2470 1623 2533 contexuit,
1681 2478 1802 2537 post
1861 2467 2177 2539 Archytam,
2220 2479 2342 2540 post
2380 2471 2707 2532 Philolaum,
2744 2483 2865 2544 post
2895 2473 3097 2530 IElium
3127 2475 3426 2532 Adrianum

192 2569 242 2613 et
299 2567 416 2627 post
470 2559 773 2626 lulianum,
831 2564 922 2631 qui
984 2578 1013 2616 a
1063 2563 1220 2617 nobis
1267 2564 1481 2616 defectu
1538 2564 1740 2638 excidit
1781 2561 2022 2616 misero?
2073 2561 2253 2631 Ipsum
2299 2563 2551 2633 equidem
2599 2558 3007 2622 arithmeticum~
3030 2583 3307 2635 noveram,
3357 2585 3425 2624 ex

193 2666 295 2718 quo
351 2651 698 2708 Bardariotas
758 2655 1185 2721 administravit;
1248 2657 1340 2725 qui
1390 2665 1443 2710 et
1526 2642 1701 2710 totum
1770 2657 2011 2711 noctium
2081 2657 2363 2710 dimidium
2446 2658 2685 2713 numeris
2741 2660 3112 2716 incumbebat.
3165 2662 3422 2725 Quiaedam

193 2745 331 2796 enim
365 2746 710 2801 arithmetica
757 2760 822 2816 sp
855 2748 1056 2802 rulatio
1107 2757 1161 2802 et
1213 2749 1492 2803 meditatio
1551 2748 1627 2802 illi
1681 2749 1978 2820 jucundum
2012 2750 2351 2820 praeripicbat
2408 2765 2682 2814 somnum,
2713 2750 2908 2805 deinde
2956 2767 3055 2806 nec
3129 2771 3321 2810 somno
3370 2773 3431 2812 se

197 2830 559 2904 immergebat.

276 2948 411 3001 Ἀλλ’
445 2948 565 3021 εἶχε
596 2955 690 3006 καὶ
721 2955 881 3021 αὐτὸς
913 2959 1129 3029 άληθῶς
1176 2958 1382 3026 λέγειν·
1434 2960 1577 3028 Ἐγὼ
1621 2965 1758 3014 καθ-
1786 2963 1831 3024 C
1939 2959 1950 2980 ¹

1753 2989 1758 2999 ι
1786 2963 1831 3024 C
1939 2959 2139 3016 Verum
2177 2960 2455 3016 enimvero
2487 2959 2604 3030 ipse
2643 2977 2947 3016 sermonem
2978 2964 3125 3018 hunc
3189 2980 3313 3022 vere
3343 2975 3427 3021 at-

195 3039 356 3105 εὐδω,
381 3043 481 3095 καὶ
512 3044 550 3110 ἠ
581 3044 796 3112 καρδία
836 3065 956 3115 μου
1002 3047 1312 3118 ἀγρυπνεῖ.
1351 3051 1461 3102 Καὶ
1489 3052 1578 3102 ἀεὶ
1610 3050 1666 3102 δέ
1710 3068 1761 3102 τι
1862 3061 1869 3104 l

1752 3070 1761 3102 ι
1862 3061 2047 3105 texere
2073 3060 2287 3120 poterat
2322 3069 2333 3103 :
2369 3050 2482 3122 Ego
2511 3054 2806 3120 dormio,et
2835 3071 2923 3107 cor
2955 3072 3123 3109 meum
3156 3058 3340 3127 uigilat
3361 3061 3426 3114 ".

196 3133 627 3202 ἡκριὸολογεῖτο,
661 3139 755 3189 καὶ
785 3139 935 3202 ὅπως
965 3141 1063 3210 τὴν
1096 3145 1302 3207 μονάδα
1332 3144 1411 3204 εἰς
1436 3143 1578 3211 μέρη
1601 3144 1761 3213 τέμῃ,
1862 3145 1870 3197 1

1756 3184 1761 3202 .
1862 3145 1925 3198 Et
1947 3159 2164 3213 semper
2198 3144 2414 3213 quidem
2453 3156 2707 3200 accurate
2766 3156 2963 3202 cuncta
2997 3149 3346 3217 discutiebat,
3376 3165 3430 3208 et

199 3228 285 3272 καί
311 3223 544 3290 ἀμαθεῖς
578 3223 728 3294 δείξῃ
755 3226 880 3288 τοὺς
910 3228 1125 3297 ἀμετρῆ
1153 3231 1433 3297 λέγοντας.
1476 3231 1532 3282 Ὀ
1586 3231 1641 3283 δὲ
1673 3237 1765 3284 καὶ
1861 3255 1873 3291 ι

1757 3251 1765 3284 ι
1861 3238 2134 3306 quomodo
2163 3247 2343 3291 unitas
2395 3239 2448 3290 in
2483 3248 2668 3305 partes
2720 3239 2887 3294 dividi
2924 3244 3141 3310 possit;
3184 3246 3328 3300 unde
3376 3255 3431 3301 et

198 3310 387 3374 κύϐους
429 3315 538 3366 ἔδει
582 3313 645 3384 [Ῑ.
683 3315 849 3387 gest],
881 3319 974 3372 καὶ
1007 3320 1344 3382 κυϐοκύὸους
1366 3360 1380 3385 ,
1414 3323 1506 3374 καὶ
1535 3323 1647 3384 τοῖς
1690 3324 1764 3390 μὴ
1864 3329 1872 3380 i

1752 3341 1764 3389 ι
1864 3329 2150 3397 imperitos
2183 3339 2239 3382 et
2266 3329 2467 3384 stultos
2492 3331 2614 3385 illos
2649 3333 2978 3400 appellabat,
3037 3336 3130 3403 qui
3171 3351 3426 3392 mensura

198 3402 386 3455 εἰδόσιν
408 3407 712 3475 ἡρμήνευε.
754 3409 1083 3481 Γεωμέτρην
1116 3411 1172 3464 δὲ
1198 3410 1352 3464 οὖπω
1381 3413 1547 3481 ᾔδειν.
1866 3432 1872 3465 l

1866 3418 2131 3476 unitatem
2157 3431 2344 3471 carere
2373 3430 2427 3470 et
2449 3419 2718 3473 divisione
2748 3402 3107 3480 afﬁrmabant.
3145 3423 3242 3480 llic
3267 3427 3429 3480 etiam

198 3498 359 3550 cubus
395 3502 529 3551 mire
575 3500 821 3562 callebat,
877 3513 931 3556 ct
979 3505 1102 3558 cubi
1167 3507 1356 3570 cubos,
1424 3517 1477 3561 et
1534 3508 1746 3560 illorum
1791 3509 2053 3578 imperitis
2101 3512 2328 3566 solerter
2390 3513 2863 3581 interpretabatur.
2925 3515 3267 3573 Geometram
3303 3535 3433 3574 vero

204 3591 432 3642 nondum
464 3591 616 3643 illum
648 3608 926 3648 noveram.

265 3726 454 3780 Καίτοι
479 3728 542 3780 τό
571 3745 634 3796 γε
664 3732 810 3794 είκδς
843 3734 1007 3786 αὐτὸν
1066 3735 1270 3804 ἀπῄτει
1298 3738 1399 3806 τὴν
1429 3739 1533 3807 γῆν
1565 3742 1758 3807 συχνά-

208 3829 287 3876 κις
319 3820 560 3885 μετρεῖν,
593 3819 679 3870 ἀεί
709 3837 760 3872 τι
798 3820 1189 3892 σφαλλόμενον,
1229 3825 1277 3876 εί
1309 3825 1372 3895 δή
1403 3843 1453 3876 τι
1495 3829 1589 3879 καὶ
1633 3845 1758 3896 μου·

207 3907 346 3968 σικὸς
401 3911 632 3974 γένοιτο.
681 3911 900 3964 Δίκαιον
948 3912 1035 3965 δέ’
1066 3915 1128 3967 τὸ
1152 3917 1260 3986 γὰρ
1288 3915 1650 3987 ἀριθμητικὸν
1682 3920 1759 3989 τῷ

205 3999 478 4069 ἁρμονικῷ
516 4003 776 4070 συγγενές
800 4020 812 4032 ·
847 4005 970 4056 ἐπεὶ
999 4007 1093 4058 καὶ
1132 4008 1262 4076 περὶ
1299 4008 1358 4059 τὸ
1401 4008 1758 4078 διωρισμένον

205 4091 359 4142 ποσὸν
411 4094 583 4160 άμφω
610 4094 812 4163 ἔχετον.
847 4095 1063 4149 Γὲνοιτο
1101 4095 1143 4148 δ’
1184 4098 1270 4162 ἂν,
1322 4100 1370 4149 εί
1403 4099 1618 4170 πρῶτον
1660 4103 1758 4170 μὲν

205 4181 414 4252 ὲπισαίη
477 4183 590 4236 τῶν
641 4186 1014 4254 ἀσκημάτων,
1077 4189 1188 4239 τῶν
1244 4189 1304 4240 τὸ
1358 4190 1575 4259 πνεῦμα
1629 4208 1754 4261 χορ-

1936 3741 2060 3808 lpsa
2105 3739 2324 3807 quidem
2359 3739 2499 3793 ratio
2524 3741 2591 3793 ab
2616 3741 2735 3810 ipso
2770 3743 3102 3811 postulabat,
3133 3754 3211 3799 ut'
3233 3758 3432 3803 terram

1865 3833 2060 3884 crebro
2088 3833 2392 3896 metiretur,
2430 3834 2557 3901 quia
2592 3849 2809 3903 semper
2843 3835 2957 3891 fere
3018 3840 3430 3906 prolabebatur.

1869 3920 2146 3991 Siquidem
2165 3931 2219 3977 et
2243 3926 2484 3978 musicus
2509 3927 2740 3992 exstitit,
2766 3935 2820 3980 et
2849 3943 3003 3998 reque
3022 3931 3278 3998 quidem:
3306 3948 3430 3987 nam

1864 4012 2206 4066 arithmetica
2245 4012 2474 4068 facultas
2528 4027 2652 4069 cum
2686 4017 3002 4073 harmoniea
3043 4019 3300 4076 amnitate
3350 4035 3434 4079 est

1867 4104 2103 4172 quadam
2153 4104 2478 4174 conjuncta,
2510 4108 2765 4176 quoniam
2817 4112 3091 4179 praefinita:
3140 4118 3431 4184 quantitati

1865 4196 2451 4263 utraequeinserviunt.
2471 4196 2691 4251 Exstitit
2727 4202 2924 4254 etenim
2949 4225 2960 4256 :
2984 4218 3167 4258 verum
3197 4207 3432 4274 primum

204 4273 472 4338 ηγούντων
499 4276 614 4336 τοῖς
641 4276 857 4344 χαλκοῖς
878 4277 1080 4341 δόναξι,
1117 4279 1211 4330 καὶ
1247 4279 1396 4349 μάθῃ
1428 4281 1599 4334 ταῦτα
1630 4283 1761 4353 πρὸς
1790 4270 1840 4329 Ῐ)
1867 4284 1878 4338 i

1756 4302 1761 4338 :
1790 4270 1840 4329 Ῐ)
1867 4284 1955 4338 illa
1986 4299 2274 4354 aggressris
2301 4295 2386 4339 est
2415 4287 2797 4353 instrumenta,
2820 4305 2941 4358 qua:
2962 4306 3054 4359 per
3075 4270 3244 4348 aereas
3274 4295 3430 4350 [istuc

209 4363 403 4434 ῥυθμὸν
429 4367 764 4419 διαστέλλειν
789 4385 848 4421 τε
879 4372 973 4422 καὶ⁷
999 4371 1309 4424 συστέλλειν
1327 4388 1342 4403 ο
1373 4371 1510 4425 ὥστε
1542 4377 1608 4442 τῇ
1637 4374 1756 4444 μὲν,

205 4454 456 4522 πληροῦν,
480 4460 548 4526 τῇ
575 4457 643 4522 δ’,
661 4459 976 4512 ἀποκενοῦν.
1004 4461 1230 4513 Ἔπειτα
1253 4463 1345 4514 καὶ
1370 4463 1498 4525 τοὺς
1529 4465 1757 4526 κανόνας

204 4544 640 4619 ἀμφιψηλαφῴψ
691 4551 784 4603 καὶ
812 4551 998 4615 ἁπλῶς
1040 4557 1152 4617 τοῖς
1206 4573 1265 4608 τε
1297 4556 1478 4621 ἀλλοις
1516 4559 1757 4628 ἐμπνευα

207 4640 342 4699 στοῖς
369 4640 647 4708 ὀργάνοις,
679 4644 772 4695 καὶ
797 4646 909 4707 τοῖς
940 4647 1180 4709 δντατοῖς
1208 4649 1302 4701 καὶ⁷
1337 4652 1759 4719 νευροσπάστοις

207 4727 549 4802 ὲνασκηθείη.
587 4735 719 4786 Τότε
747 4735 802 4786 δὲ
826 4738 921 4788 καὶ
949 4738 1040 4789 ἐπὶ
1071 4741 1171 4808 τὴν
1195 4740 1574 4812 πολυύμνητον
1602 4760 1762 4812 σφαι-

209 4819 377 4905 ρικὴν,
413 4823 445 4891 ἢ
487 4825 848 4893 ἀστρολογίαν
877 4828 1040 4893 ἀῖξει,
1081 4831 1178 4899 οὐχ
1233 4831 1307 4895 ὡς
1339 4833 1574 4904 ἀδελφὴν
1604 4836 1763 4905 μόνον

205 4903 356 4961 οὖσαν
411 4917 758 4984 γεωμετρίας
819 4919 942 4989 (ὕλη
975 4921 1083 4993 γὰρ
1130 4925 1189 4975 τὸ
1246 4925 1471 4994 πηλίκον
1506 4903 1762 4996 ἀμφοῖν),

204 4999 331 5056 ἀλλά
371 5008 461 5057 καὶ
506 5008 581 5070 ὡς
618 5012 1089 5081 προεπιτηδεύσας
1131 5015 1293 5076 αὐτὸς
1339 5017 1437 5085 τὴν
1476 5017 1764 5085 ὁμώνυμον

208 5098 514 5169 σφαιρικὴν,
546 5104 612 5169 ἣν
642 5087 734 5154 καί
771 5103 1007 5170 ἔφιππος
1045 5107 1174 5175 ημῖν
1204 5108 1536 5172 ἐπεδείξατο.
1569 5110 1674 5160 Καὶ
1695 5108 1758 5180 δὴ

207 5184 294 5242 τὰς
317 5189 479 5257 τύχας
511 5189 685 5258 λέγων
715 5195 834 5256 ταῖς
861 5195 1124 5261 γυναιξὶν,
1154 5198 1253 5248 οὐκ
1271 5199 1328 5249 ὲν
1354 5202 1473 5260 ταῖς
1501 5201 1754 5269 τριόδοις,

211 5277 340 5329 κατά
370 5282 492 5342 τοὺς
535 5283 755 5351 μάντεις
796 5285 1018 5348 τούτους
1055 5287 1120 5357 δὴ
1151 5289 1276 5350 τοὺς
1335 5289 1598 5358 ἀγύρτας,
1639 5292 1757 5344 ἀλλ’

210 5367 286 5418 ἐπ’
317 5374 695 5444 ἐργαστήριον,
722 5377 796 5439 ὡς
830 5380 896 5429 ἂν
928 5379 1182 5447 σεμνύνοι
1221 5381 1281 5432 τὸ
1317 5381 1566 5450 μάθημα,
1600 5382 1755 5434 αὐτός

209 5457 294 5513 θεν
320 5479 373 5514 τε
399 5469 796 5535 χρηματίσεται
828 5471 892 5541 ΙῙ.
925 5499 991 5508 --
1026 5471 1193 5543 σητ-Ῑ·

1862 4377 1964 4440 las,
2009 4377 2172 4430 ducto
2206 4379 2333 4431 llatu
2369 4379 2670 4432 concinnus
2707 4382 2910 4448 agitant
2955 4392 3187 4438 sonitus.
3226 4384 3283 4439 Et
3317 4387 3434 4441 hac

1861 4469 2078 4537 quidem
2162 4471 2384 4523 edidicit
2436 4471 2499 4523 ad
2557 4473 2978 4526 concinnitatem
3038 4484 3092 4529 et
3138 4490 3431 4533 numerum

1862 4561 2134 4613 remittere
2153 4570 2204 4613 et
2228 4559 2562 4622 distendere,
2589 4563 2745 4629 quasi
2777 4562 2939 4616 modo
2976 4564 3101 4620 illus
3129 4564 3257 4621 ﬂatu
3281 4583 3433 4622 com-

1862 4651 2038 4719 plens,
2093 4649 2252 4703 modo
2291 4650 2485 4719 spiritu
2521 4664 2816 4704 evacuans.
2858 4650 3120 4722 Deinceps
3158 4657 3307 4721 ipsos
3349 4659 3432 4711 di-

1864 4741 2011 4793 visos
2043 4739 2109 4792 ad
2143 4752 2336 4793 sonum
2378 4755 2644 4804 canonas,
2675 4742 2949 4808 utrimque
2980 4754 3305 4800 contrectat.
3366 4747 3432 4801 Et

1863 4831 2185 4900 simpliciter
2215 4832 2318 4884 alia
2355 4841 2570 4888 exercet
2598 4847 2803 4897 organa
2829 4849 2948 4901 qua!
2973 4837 3052 4888 vel
3088 4840 3234 4890 tenui
3269 4840 3434 4908 spiri-

1862 4932 1949 4976 tus
1996 4926 2269 4977 ducuntur
2303 4925 2492 4987 halitu,
2543 4926 2623 4979 vel
2663 4941 2783 4992 qua:
2816 4925 3012 4981 ﬁdibus
3038 4930 3431 5003 extenduntur.

1864 5025 1916 5069 et
1967 5015 2112 5069 dulci
2141 5017 2525 5070 distrahuntur
2565 5019 2772 5071 nervia.
2821 5017 2972 5072 Tunc
3002 5021 3162 5073 etiam
3222 5023 3277 5075 in
3348 5025 3432 5076 in-

1864 5107 2065 5177 clytam
2113 5107 2389 5174 multoque
2445 5108 2774 5161 celebratam
2811 5111 3011 5179 hymno
3044 5113 3272 5179 sphaera!
3312 5129 3430 5171 cae-

1866 5199 2016 5253 lestis
2050 5198 2356 5260 scientiam,
2415 5199 2531 5252 sive
2578 5200 3215 5270 astrologiam,quodam
3269 5209 3432 5275 quasi

1867 5291 2108 5360 ingenito
2143 5292 2344 5359 impetu
2381 5291 2682 5351 ferebatur,
2725 5305 2830 5345 non
2863 5295 2988 5360 quia
3045 5295 3222 5350 solum
3282 5299 3428 5351 illius

1864 5398 2020 5437 soror
2081 5389 2163 5436 cst
2213 5390 2268 5434 et
2315 5395 2609 5450 germana;
2651 5396 2774 5435 nam
2825 5388 3136 5452 geometria
3199 5391 3430 5444 materia

1867 5476 2151 5542 utriusque
2186 5475 2542 5541 quantitatem
2604 5475 2873 5541 ascribit;
2905 5476 2996 5530 sed
3048 5481 3175 5546 quia
3227 5492 3426 5535 conatu

209 5555 369 5607 multo
427 5562 860 5630 sphaeram,qua:
903 5577 1026 5615 cum
1077 5565 1162 5617 illa
1225 5566 1549 5636 homonyma
1589 5575 1710 5629 est,
1756 5566 1856 5619 sibi
1923 5567 2154 5620 scrutari
2219 5568 2448 5634 paravit.
2503 5566 2653 5620 Hanc
2705 5581 2760 5622 et
2811 5568 2970 5624 nobis
3024 5586 3191 5640 eques
3238 5584 3427 5629 exacte

210 5655 468 5716 pate-terit.
521 5654 696 5710 Etiam
788 5668 964 5714 sortes
1020 5658 1359 5731 fortuttteque
1424 5673 1652 5716 eventus
1705 5661 2025 5715 mulieribus
2068 5660 2367 5725 indicavit,
2404 5678 2507 5717 non
2551 5662 2748 5715 triviali
2791 5663 3048 5732 jactautia
3109 5674 3162 5718 ct
3213 5682 3429 5736 errore,

268 5837 310 5870 ⁵⁸
341 5839 492 5894 Cant.
524 5857 575 5905 ν,
615 5841 660 5896 9..
