4240 6440
167 349 270 412 407

1062 344 1449 405 EPISTOLE
1485 345 1685 405 LXXV
1723 346 1764 402 A
1805 344 1859 407 Ι.
1912 344 2264 406 MEURSIO
2300 344 2567 405 ED‘lTﬁE.

3334 339 3447 403 498'

168 464 270 515 κᾶν
316 461 540 530 γνωριεί
575 476 658 514 σοι
694 457 787 511 τὸν
843 458 1120 530 τεχνίτην,
1172 461 1266 512 καὶ
1311 460 1475 532 κριθῇ
1507 460 1755 529 δόκιμος,

1905 478 1970 516 uc
1997 477 2103 515 non
2129 461 2378 524 accedat,
2401 461 2507 515 uisi
2543 460 2706 514 veluti
2743 460 2811 514 ad
2843 457 3278 515 ecclesiasticum
3322 473 3445 510 mo-

175 552 299 623 μηδ⁸
339 550 486 604 οὕτω
514 553 614 620 τὴν
647 551 766 604 ὁδὸν
795 550 1127 622 θαρῤησάτω
1167 553 1268 621 τὴν
1296 553 1435 623 πρὸς
1466 553 1566 624 τὴν
1607 554 1760 623 ’Δχες

174 646 404 716 ρουσίαν
433 646 530 711 τὴν
559 644 779 714 λίμνην,
805 644 906 712 τὴν
956 645 1098 714 ἐμὴν
1123 646 1408 715 Λύχνιδον,
1440 649 1488 699 εἰ
1527 647 1602 717 μὴ
1627 649 1762 714 πρό-

173 756 339 808 τερον
383 738 632 790 σύνθοιτο
660 737 738 806 τῷ
775 736 993 806 ἀδελφῷ
1027 755 1130 804 μου
1171 739 1473 810 Δημητρίῳ
1502 740 1630 810 περὶ
1668 739 1760 792 τοῦ

171 830 284 883 τῶν
336 831 602 900 ᾀσμάτων
657 828 875 898 μισθοῦ.
923 829 981 882 '0
1025 829 1083 881 δὲ
1149 829 1301 884 ἔσται
1340 830 1568 900 μελίγης
1603 831 1676 899 (9)
1729 833 1762 900 ἢ

183 923 554 993 μελαμπύρου
590 922 892 993 ἐμπορικὸν
920 923 1317 994 ἡμιμέδιμνον.
1350 924 1620 977 Τοσοῦτον
1656 925 1767 991 γὰρ

174 1016 203 1067 ὃ
234 1032 296 1069 τε
352 1015 624 1086 ᾀσόμενος
665 1015 693 1067 ὃ
754 1031 813 1066 τε
864 1014 1269 1084 ἀκουσόμενος·
1321 1017 1350 1068 ὁ
1398 1015 1518 1084 μὲν,
1580 1014 1767 1067 λαϐεῖν

174 1107 332 1171 ἄξιος
360 1123 374 1137 ’
410 1107 441 1158 ὁ
473 1105 552 1171 δὲ,
595 1103 793 1158 δώσειν
827 1105 1081 1177 εὔπορος.

1869 569 2004 615 rem,
2063 553 2215 608 varie
2245 563 2299 607 et
2328 552 2680 622 praestantius
2711 553 2993 614 concinat,
3030 558 3124 603 aut
3157 548 3240 602 vel
3292 549 3444 600 chori

1872 643 2126 709 magister
2160 642 2399 707 futurus,
2433 643 2517 696 vel
2549 641 2666 695 solo
2693 641 2848 711 digiti
2879 641 3046 694 ductu
3069 641 3242 708 ipsam
3276 645 3447 689 artem

1871 735 2118 798 edoceat,
2146 744 2239 788 aut
2271 737 2505 789 diversis
2558 736 2791 788 aliorum
2850 741 3113 787 cantuum
3177 729 3357 785 modis
3396 738 3451 781 et

1873 829 2016 882 dulci
2040 828 2287 883 stridulae
2310 829 2459 882 vocis
2500 827 2900 882 modulatione.
2945 826 3103 879 Prius
3135 821 3453 892 itaqueipsc

1875 922 1979 976 hoc
2011 922 2142 975 mihi
2174 921 2419 991 explora,
2479 930 2537 975 ut
2588 922 2633 975 si
2680 921 2775 975 tibi
3051 919 3155 972 hoc
3188 915 3451 970 artificem

1878 1024 2072 1069 notum
2099 1013 2312 1079 fecerit,
2347 1014 2545 1084 illeque
2571 1028 2600 1066 a
2634 1022 2686 1067 te
2719 1013 3218 1083 praestantissimus
3241 1008 3456 1078 judica-

1879 1117 1969 1164 tus
1996 1107 2180 1162 fuerit.
2210 1105 2397 1174 Neque
2425 1122 2555 1161 vero
2615 1107 2691 1161 ita
2745 1106 2925 1161 statim
2976 1106 3043 1159 ad
3099 1101 3456 1156 Acherusiam

176 1201 458 1269 paludem,
485 1201 624 1254 hanc
654 1200 865 1255 scilicet
889 1213 1062 1253 meam
1093 1197 1437 1269 Lychnidon,
1504 1197 1578 1252 ita
1621 1198 1812 1253 ﬁdenti
1843 1200 2027 1255 animo
2053 1201 2194 1253 viam
2223 1199 2586 1268 ingrediatur,
2646 1198 2749 1254 nisi
2793 1199 2943 1267 prius
3003 1211 3126 1251 cum
3182 1190 3452 1247 Demetrio

179 1296 357 1349 fratre
419 1309 542 1348 meo
596 1303 857 1347 cantuum
924 1291 1146 1361 pra'mia
1192 1292 1581 1361 composuerit.
1634 1291 1768 1357 Quae
1829 1301 1991 1348 erunt
2044 1293 2199 1358 milii,
2253 1303 2348 1348 aut
2400 1293 2716 1362 melampyri
2768 1290 3128 1346 mercatorius
3203 1287 3462 1342 semime‘

178 1391 430 1442 dimuus.
465 1385 599 1439 Nam
635 1393 845 1438 tantum
877 1393 931 1440 et
959 1384 1053 1453 qui
1089 1391 1294 1451 cantat,
1372 1394 1426 1439 et
1498 1385 1594 1456 qui
1658 1385 1830 1452 audit,

189 1489 482 1551 promptus
518 1478 680 1533 debet
714 1477 954 1548 elargiri.

1889 1387 1979 1440 ille
2019 1386 2239 1456 quidem
2272 1387 2517 1456 recipere
2547 1393 2805 1451 meretur,
2871 1385 2960 1440 hic
2996 1397 3124 1437 vero
3175 1377 3353 1433 facilis
3407 1383 3461 1431 et

263 1570 439 1638 Ὁρᾷς
472 1570 603 1638 παρ’
641 1569 764 1622 ὅσον
793 1564 958 1638 ἦλθον
999 1568 1287 1632 εὐλαϐείας
1316 1570 1643 1638 γεροντικῆς
1686 1570 1777 1623 καὶ

1957 1572 2118 1628 Vides
2168 1574 2335 1643 igitur
2383 1571 2449 1625 ad
2483 1585 2644 1640 quam
2706 1569 3124 1637 circumspecta:
3183 1568 3466 1636 gravitatis

189 1662 554 1732 σεμνότητος,
587 1662 677 1714 ἵνα
706 1659 1026 1731 χαρίσωμαί
1052 1677 1159 1726 σοι,
1189 1659 1288 1714 καὶ
1310 1659 1389 1731 τῷ
1422 1661 1617 1729 γλυκεῖ
1646 1660 1778 1713 Geo-

185 1756 350 1826 δώρῳ
392 1755 926 1824 συνεντρυφήσωμεν
965 1768 980 1783 ⁸
1010 1753 1136 1806 ἐπεὶ
1168 1754 1264 1806 καὶ
1309 1753 1611 1824 ἀμφότεροι
1642 1752 1780 1823 ψυχ-

189 1843 602 1910 αγωγησόντων
650 1842 886 1912 δεόμεθα
915 1859 930 1873 ο
969 1845 1081 1911 ἐγὼ
1111 1842 1209 1915 μὲν
1259 1843 1348 1898 διά
1396 1845 1580 1898 πάντα
1629 1845 1781 1915 τάμά

188 1932 341 1985 κακά
359 1950 372 1962 ο
396 1934 462 1985 σὺ
502 1931 559 1984 δὲ
583 1933 670 1986 διὰ
697 1933 795 2002 τὴν
827 1933 1318 2005 δυσχεραινομένην
1342 1950 1425 1987 σοι
1444 1933 1777 2005 ἀποδημίαν,

189 2029 398 2097 ταύτην
427 2029 488 2098 δὴ
508 2028 628 2099 τὴν,
660 2028 732 2093 ὼς
767 2028 922 2099 ἔφης,
948 2029 1185 2099 μακράν.
1221 2028 1363 2101 Πρὸς
1380 2030 1449 2101 ἣν
1471 2030 1607 2101 μηδὲ
1640 2033 1782 2086 πάνυ

195 2123 406 2192 σῷδρα
431 2122 714 2192 δυσφόρως
734 2122 848 2191 ἔχε,
882 2120 1062 2187 εἰδὼς,
1079 2125 1239 2193 εἴπερ
1257 2140 1340 2185 τις
1363 2123 1541 2186 ἄλλος,
1563 2124 1785 2193 γινομέ-

194 2232 296 2283 νην
333 2212 813 2280 κοινωφελιῖις,κα“ι
830 2211 1120 2266 δεικνῦσαν
1139 2211 1196 2265 τὸ
1221 2212 1315 2264 τοῦ
1333 2211 1597 2282 βασιλέως
1626 2212 1785 2282 ἡμῶν

200 2304 540 2373 μηδεμνικὺν
576 2306 671 2356 καὶ
704 2305 1026 2374 φερέπονον.
1057 2304 1152 2366 Ὃς
1179 2303 1263 2355 ἵνα
1285 2304 1409 2366 τοὺς
1438 2305 1668 2374 ἐχυροὺς
1694 2306 1788 2373 ἐγ-

197 2395 367 2463 γύθεν
389 2396 740 2465 δειδίττηται,
759 2397 969 2459 πόλεως
990 2396 1089 2466 μὲν
1116 2396 1349 2466 ἐκείνης,
1376 2397 1470 2450 καὶ
1496 2395 1788 2465 βασιλείων

197 2489 449 2551 ἐκείνων,
472 2490 564 2540 καὶ
582 2489 689 2541 τῶν
709 2488 885 2541 ἄλλων
901 2488 1117 2557 ἐκείνης
1141 2486 1581 2556 ἀπολαυσμάτων
1598 2484 1793 2555 ὀλιγω-

202 2579 310 2646 ρεῖ,
325 2580 632 2647 ἁγροτικῶν
652 2580 838 2630 κακῶν
850 2577 1496 2646 ἀνεχόμενος.Ἔκκειται
1515 2576 1614 2646 μὲν
1625 2574 1794 2646 ψύχε-

205 2672 258 2724 σί
284 2674 456 2724 τεκαὶ
496 2671 784 2733 θάλπεσιν,
821 2670 1087 2741 ὖπαιθρος
1121 2669 1176 2723 δὲ
1208 2669 1366 2739 φέρει
1413 2669 1510 2732 τὰς
1543 2671 1796 2732 ἐναντίας

205 2765 357 2834 ὧρας
394 2767 490 2818 σὺν
516 2767 627 2826 τοῖς
654 2763 934 2832 φιλτάτοις
955 2779 968 2792 ⁸
1003 2764 1100 2816 καὶ
1123 2762 1239 2830 ἅμα
1265 2764 1366 2826 τὰς
1388 2761 1596 2833 χώρας,
1624 2758 1711 2825 αἷς
1733 2763 1798 2816 ἂν

207 2861 493 2926 ἐπισταίη,
544 2858 782 2927 καθιστᾷ
841 2857 1277 2928 μεγαλοπρεπῶς
1334 2856 1430 2909 καὶ
1484 2855 1798 2926 βασιλικῶς,

1880 1667 2062 1721 sedem
2101 1676 2154 1721 et
2203 1665 2504 1720 senectutis
2557 1663 2874 1732 religionem
2931 1660 3290 1732 pervenerim,
3321 1667 3378 1713 ut
3409 1670 3465 1712 et

1881 1756 1980 1809 tibi
2033 1754 2336 1825 gratiﬁcari
2387 1770 2492 1808 non
2544 1753 2813 1814 dubitem,
2857 1760 2913 1806 et
2968 1766 3090 1805 cum
3149 1749 3470 1804 dulcissimo

1885 1845 2200 1909 Theodoro,
2263 1844 2428 1898 veluti
2478 1842 2788 1898 luxurianti
2849 1842 3176 1898 insultemus
3230 1850 3471 1908 pectore.

1884 1936 2155 2002 Quoniam
2183 1945 2411 2005 uterque
2433 1937 2632 1990 animae
2647 1932 2974 1990 ductoribus
2997 1933 3309 2002 indigemus
3331 1949 3344 1984 :
3371 1947 3474 2001 ego

1886 2029 2103 2098 quidem
2123 2038 2342 2099 propter
2354 2029 2536 2084 omnia
2554 2043 2672 2083 mea
2692 2028 2986 2083 infortunia
3004 2027 3188 2095 lapsus
3211 2042 3224 2090 ;
3260 2034 3314 2078 tu
3343 2039 3472 2078 vero

1889 2131 2109 2191 propter
2142 2122 2471 2187 absentiam,
2503 2135 2626 2191 qua:
2664 2119 2886 2190 quidem
2929 2118 3195 2172 teacerbo
3230 2116 3468 2185 quodam

1891 2215 2078 2284 pungit
2110 2214 2260 2268 luctu
2287 2231 2302 2279 ;
2337 2229 2486 2282 quin,
2509 2221 2570 2266 ut
2599 2213 2714 2281 ipse
2743 2211 2916 2274 dicis,
2958 2209 3192 2281 longiori
3233 2207 3479 2278 persistit

1894 2320 2068 2361 mora.
2107 2306 2187 2360 Ad
2215 2321 2380 2377 quam
2403 2306 2623 2375 quidem
2670 2320 2780 2359 nou
2817 2313 2871 2360 te
2900 2318 3104 2375 aegrum
3144 2317 3320 2367 neque
3348 2299 3481 2353 iliﬁi-

1893 2398 2052 2453 cilem
2088 2398 2287 2468 prarbe,
2340 2413 2463 2452 cum
2509 2413 2834 2468 cognoscas,
2891 2397 2936 2450 si
2983 2396 3109 2465 quis
3139 2395 3299 2458 alius,
3331 2407 3483 2447 com-

1897 2506 2116 2545 munem
2179 2491 2337 2546 nobis
2390 2491 2680 2544 allaturam
2730 2505 2851 2545 esse
2905 2489 3220 2546 utilitatem,
3275 2496 3327 2540 et
3379 2487 3481 2538 im-

1901 2584 2376 2654 peratoris.nostri
2399 2583 2625 2638 anxium
2658 2598 2806 2638 curae
2829 2582 3075 2639 studium
3109 2592 3481 2640 ostensnram,

1902 2676 2126 2729 nimiam
2153 2675 2790 2732 laborumtolerantiam.
2820 2677 2923 2741 Qui
2948 2684 3006 2729 ut
3025 2674 3273 2728 infensos
3300 2673 3486 2725 hostes

1904 2768 2156 2824 cominus
2196 2775 2405 2822 terrore
2454 2769 2622 2838 agitet
2667 2766 2998 2830 truculento,
3035 2764 3182 2818 illius
3234 2762 3388 2816 urbis
3434 2769 3488 2816 et

1907 2859 2123 2914 illorum
2161 2873 2457 2928 regnorum
2499 2858 2748 2923 delicias,
2786 2859 3002 2927 aliaque
3025 2856 3214 2911 suavia
3240 2855 3489 2909 obieeta-

205 2947 318 3001 τῶν
355 2964 415 2999 τε
455 2948 633 3000 ἄλλων
672 2946 993 3017 ἁρμοστὴς,
1025 2946 1120 3000 καὶ
1159 2946 1266 2998 τῶν
1318 2946 1789 3018 έκκλησιαστικῶν

1902 2960 2080 3006 menta
2135 2952 2356 3021 penitus
2409 2951 2658 3022 negligit.
2693 2948 3016 3019 Agrestibus
3068 2948 3380 3009 infestatur,
3437 2953 3492 3000 et

204 3039 578 3107 διαφερόντως
626 3038 926 3106 γινόμενος.
960 3036 1147 3090 Ταῦτα
1212 3037 1310 3092 καὶ
1336 3037 1470 3092 ἀλλα
1498 3039 1667 3109 μυρία
1697 3039 1795 3108 τῆς

211 3126 434 3195 μακρᾶς
492 3126 807 3196 ἀποδημίας
875 3125 1032 3198 ὑμῶν
1104 3127 1201 3180 καὶ
1249 3127 1413 3196 ἀγροὶ
1467 3129 1562 3180 καὶ⁵
1614 3129 1795 3192 πόλεις

206 3217 486 3268 ὀνίνανται
506 3233 519 3247 ·
550 3216 678 3269 ὥστ’
708 3219 755 3269 εξ
796 3217 869 3288 μὴ
911 3217 1164 3289 φιλαίτης
1198 3218 1264 3288 [ι’.
1285 3219 1481 3282 -τιός
1509 3219 1618 3285 τις]
1657 3221 1793 3290 εῐης,

211 3309 354 3362 ἀλλά
385 3309 770 3380 φιλάνθρωπος
798 3310 892 3362 καὶ
913 3309 1255 3380 φιλάδελφος,
1291 3312 1352 3363 οὐ
1393 3312 1555 3379 μόνον
1577 3311 1639 3364 οὐ
1671 3312 1797 3364 δυσ-

214 3405 399 3472 χερεῖς
433 3401 497 3472 [Ῑ.
530 3432 601 3442 ——
633 3401 840 3473 ρανείς]
892 3402 1032 3471 πρὸς
1078 3403 1178 3474 τὴν
1218 3403 1531 3474 ἀποδημίαν
1571 3405 1796 3468 οὐκέτι,

215 3495 355 3549 ἀλλά
403 3498 495 3549 καὶ
531 3496 735 3566 μᾶλλον
773 3496 1144 3563 έπεκταθῆναι
1187 3496 1393 3567 ταύτην
1438 3496 1669 3570 ὲπεύξῃ.
1711 3499 1799 3550 ἵνα

218 3590 443 3652 πλείους
471 3591 564 3642 καὶ
597 3588 769 3642 πλείω
807 3589 1252 3659 εὑεργετώμεθα.

1903 3043 2231 3113 deprimitur
2267 3045 2488 3114 injuriis
2515 3084 2530 3109 ,
2555 3051 2611 3099 et
2649 3044 2790 3098 duro
2855 3041 3048 3111 frigori
3084 3050 3139 3096 et
3171 3039 3494 3109 repentibus

1906 3136 2038 3191 solis
2060 3137 2231 3191 radiis
2254 3137 2537 3206 subjectus
2553 3137 2721 3205 jacet,
2754 3144 2807 3190 et
2836 3136 3066 3190 adversa
3091 3136 3349 3190 horarum
3369 3147 3496 3202 spa-

1907 3226 1979 3279 tia
2000 3240 2123 3279 cum
2161 3227 2512 3281 amicissimis
2559 3227 2725 3282 sociis
2751 3227 2820 3282 ad
2845 3239 3097 3281 serenam
3127 3224 3250 3279 cteli
3279 3223 3497 3294 plagam

1908 3317 2130 3373 assiduo
2161 3319 2435 3387 transigit.
2493 3320 2781 3390 Simulque
2826 3319 3078 3389 regiones
3110 3332 3326 3381 omnes,
3369 3317 3496 3386 qui-

1911 3411 2012 3463 bus
2057 3410 2175 3478 ipse
2229 3409 2466 3478 praefuit,
2505 3410 2710 3478 ingenti
2758 3408 3046 3478 majestate
3069 3423 3135 3464 ac
3176 3424 3303 3465 vere
3327 3409 3497 3478 impr-

1912 3501 2118 3556 ratorio
2145 3501 2338 3569 jubare
2367 3503 2656 3559 construit.
2681 3502 2746 3556 Et
2774 3518 2887 3560 non
2927 3503 3102 3556 solum
3134 3501 3368 3556 aliorum
3406 3510 3488 3555 est

1911 3594 2200 3662 praefectus
2252 3604 2307 3650 et
2337 3597 2616 3667 princeps,
2650 3596 2744 3652 sed
2790 3595 3181 3652 ecclesiasticae
3212 3595 3493 3666 dignitatis

217 3695 435 3736 summa
468 3697 592 3736 cum
616 3682 936 3737 excellentia
961 3683 1298 3738 moderator.
1335 3681 1461 3738 Haec
1491 3685 1712 3754 quidem
1782 3694 1836 3744 et
1874 3687 1980 3740 alia
2016 3688 2164 3743 mille
2185 3690 2358 3760 longa:
2392 3700 2586 3745 vestrae
2629 3690 2893 3745 absentiae
2926 3690 3068 3746 dona
3125 3699 3180 3744 et
3249 3689 3363 3760 agri
3446 3698 3502 3741 et

219 3774 388 3831 urbes
419 3777 526 3830 sibi
571 3777 626 3831 in
676 3792 952 3834 summmn
984 3777 1238 3832 utilitatis
1295 3791 1494 3832 munus
1559 3778 1859 3846 vindicant,
1928 3781 2058 3851 quia
2117 3783 2344 3838 minime
2390 3785 2768 3840 contentiosus
2813 3799 2894 3848 es,
2946 3784 3044 3839 sed
3107 3782 3382 3838 humanus
3446 3789 3500 3835 et

221 3872 454 3927 fratrum
506 3884 736 3930 amator.
795 3877 860 3930 At
926 3890 1034 3930 non
1097 3876 1273 3930 solum
1321 3877 1525 3932 arduos
1571 3883 1626 3930 et
1679 3876 1929 3935 difﬁciles
1991 3895 2092 3936 nos
2145 3883 2217 3938 ob
2255 3882 2402 3938 hunc
2434 3883 2741 3939 discessum
2791 3892 2846 3939 et
2905 3881 3208 3938 absentiam
3265 3881 3497 3941 senties,

220 3965 319 4019 sed
394 3966 640 4022 maxime!
683 3967 830 4022 illam
892 3968 1037 4024 ﬁniri
1105 3969 1512 4040 deprecaheris,
1579 3980 1639 4024 ut
1731 3970 1915 4026 saltim
1973 3974 2221 4044 pluribus
2276 3986 2329 4032 et
2390 3977 2691 4048 majoribus
2747 3976 2968 4033 tandem
3057 3973 3359 4030 aﬁiciamur
3410 3971 3506 4027 ba.

227 4057 443 4114 ueﬁcﬁs

838 4151 1064 4206 ΕΠΙΣΤ.
1109 4152 1229 4206 ΟΒ’.

589 4241 675 4308 Τῷ
711 4241 982 4311 προέδρῳ
1011 4242 1093 4309 τῷ
1131 4245 1471 4315 Παντέχνῃ.

2478 4154 2696 4209 EPIST.
2756 4152 2967 4209 LXXII.

2422 4248 2692 4301 Asseuori
2711 4245 3048 4300 Panteclmw.

303 4335 409 4387 Τὸν
424 4333 706 4403 κολοφῶνα
727 4334 1025 4405 ἐπέθηκας,
1041 4336 1407 4408 ὑπέρλαμπρέ
1433 4355 1523 4408 μοι
1550 4340 1607 4392 ἐν
1625 4341 1791 4410 Κυρίᾳ

1997 4342 2116 4397 Jam
2140 4342 2357 4398 tandem
2388 4341 2746 4408 colophonem
2780 4338 3114 4406 imposuisti,
3138 4335 3513 4391 illustrissime

236 4430 344 4488 υἱὲ.
378 4429 499 4490 ταῖς
533 4425 928 4496 περιεχούσαις
965 4444 1035 4498 με
1063 4427 1300 4498 θλίψεσι,
1333 4430 1425 4483 καὶ
1451 4430 1613 4492 αὐτὸς
1644 4431 1816 4484 εἰπὼν

237 4518 558 4589 συνέχεσθαι
573 4517 837 4586 θλίψεσιν.
849 4521 915 4572 Ὀ
930 4519 1060 4587 γοῦν
1071 4519 1098 4573 ὲ
1105 4521 1294 4591 μαυτῷ
1306 4521 1597 4593 φάρμακον
1614 4523 1701 4578 διὰ
1711 4524 1819 4577 τῶν

238 4610 334 4664 τοῦ
369 4610 531 4677 λόγου
566 4608 809 4678 βοτανῶν
844 4609 1080 4680 ήρτυσα,
1119 4612 1279 4665 τοῦτο
1311 4614 1404 4667 καὶ
1436 4613 1518 4667 σοὶ
1552 4617 1824 4686 χρήσιμον

239 4699 424 4761 εἰδὼς,
484 4698 657 4751 στελῶ
683 4697 880 4770 καιροῦ
928 4699 1267 4770 δραξάμενος
1296 4717 1309 4730 ·
1345 4703 1421 4766 ὡς
1455 4701 1551 4756 νῦν
1599 4721 1663 4770 γε
1722 4704 1828 4756 ὑπὸ

240 4793 387 4860 φωτί
409 4791 559 4843 τουτί
595 4808 676 4844 σοι
713 4792 775 4843 τὸ
813 4793 1173 4862 γραμμάτιον
1206 4793 1494 4859 συντάξας,
1529 4795 1632 4848 οὐκ
1681 4789 1828 4866 εἶχον

240 4886 395 4948 ὅπως
428 4886 494 4937 ἐκ
522 4883 624 4954 τῆς
649 4883 870 4952 πυξίδος
904 4884 965 4938 τὸ
993 4885 1286 4956 φάρμακον
1315 4887 1700 4957 ἀναλήψομαι·
1731 4887 1830 4958 οὐκ

242 4976 420 5039 οὓτως
479 4977 772 5046 ἀνειμένης
815 4975 1022 5041 ἁπλῶς,
1068 4976 1193 5029 οὐδὲ
1249 4979 1416 5031 πᾶσιν
1475 4979 1830 5048 έκκειμένης,

245 5070 383 5123 ἀλλά
422 5069 852 5140 περιεργοτέρας
896 5071 1078 5138 χειρδς
1112 5069 1375 5140 δεομένης
1409 5073 1546 5140 πρὸς
1582 5072 1645 5124 τὸ
1676 5071 1824 5124 ἀνοίο

249 5160 471 5229 γεσῦαι.
518 5161 662 5231 Πλὴν
689 5163 814 5214 ὅσον
853 5160 1014 5214 τοῦτο
1050 5160 1210 5228 μόνον
1251 5161 1348 5215 νῦν
1381 5162 1491 5232 ἔχω
1528 5181 1612 5218 σοι
1645 5180 1833 5216 συντε-

249 5255 386 5316 λεῖν,
428 5253 504 5316 ὡς
557 5253 701 5324 μετά
738 5254 831 5305 τὸν
880 5253 1129 5323 χειμῶνα
1177 5255 1396 5317 πάντως
1437 5253 1558 5324 ἔαρ.
1614 5257 1708 5308 καὶ
1737 5256 1835 5308 ὅσα

249 5347 346 5401 τοῦ
409 5347 590 5418 ἔαρος.
635 5349 692 5400 ’0
738 5347 795 5400 δέ
842 5364 905 5413 γε
959 5347 1054 5399 τοῦ
1104 5346 1291 5400 Ἠλίου
1343 5350 1471 5411 παῖς
1501 5349 1700 5412 Φοίνιξ,
1743 5351 1836 5402 καὶ

249 5441 557 5512 τεφρωοεὶς
614 5439 982 5504 ἐξανίσταται,
1027 5438 1116 5492 ἵνα
1157 5440 1324 5510 μηδὲν
1374 5439 1514 5493 εῐπω
1559 5438 1836 5511 θειότερον

253 5531 352 5583 καὶ
382 5530 672 5600 ἡμέτερον.

1926 4432 1981 4485 in
2027 4430 2255 4486 llomino
2294 4431 2392 4492 ﬁli,
2445 4430 2708 4483 mrumnis
2758 4427 3026 4498 durisque
3086 4425 3509 4486 calamitatibus,

1923 4539 2044 4592 qua:
2102 4539 2185 4578 me
2233 4522 2727 4577 circumdederant.
2784 4520 2956 4589 Atque
3021 4535 3122 4589 ego
3176 4519 3340 4574 etiam
3401 4518 3513 4589 jam

1925 4615 2107 4670 dicere
2132 4629 2314 4677 cesso,
2352 4630 2436 4668 me
2469 4614 2577 4669 illis
2606 4615 2783 4682 premi
2815 4621 2870 4668 et
2898 4611 3150 4681 astringi,
3201 4611 3293 4679 qui
3348 4610 3512 4665 etiam

1932 4707 2286 4761 utilissimum
2325 4706 2456 4760 mihi
2485 4706 2839 4775 pharmacum
2861 4703 3177 4760 salubribus
3206 4703 3515 4757 litterarum

1937 4800 2136 4870 plantis
2165 4799 2423 4869 apparavi
2458 4807 2512 4852 et
2541 4798 2786 4853 condidi.
2842 4795 2957 4851 lloc
3004 4797 3194 4858 etiam,
3244 4793 3375 4865 quia
3419 4792 3514 4846 tibi

1940 4890 2256 4946 conducere
2284 4890 2461 4954 video,
2516 4899 2573 4944 ut
2607 4891 2843 4959 primum
2906 4887 3255 4943 occasionem
3323 4893 3518 4938 nactus

1943 4978 2122 5042 fuero,
2163 4979 2230 5034 ad
2258 4988 2308 5033 te
2333 4979 2570 5034 mittam.
2599 4978 2754 5032 Nunc
2788 4987 2968 5031 autem
2994 4976 3124 5046 quia
3160 4975 3227 5029 ad
3269 4975 3370 5028 hoc
3396 4983 3517 5026 tau.

1940 5081 2051 5124 tum
2087 5073 2267 5127 lumen
2294 5071 2392 5127 has
2431 5072 2526 5126 tibi
2562 5071 2832 5125 litterulas
2882 5078 3167 5132 construe,
3197 5067 3346 5122 nulla
3383 5066 3516 5119 mihi

1945 5162 2181 5218 facultas
2207 5161 2328 5225 fuit,
2372 5171 2430 5215 ut
2462 5177 2528 5216 ex
2565 5161 2761 5231 pyxide
2793 5160 2898 5213 hoc
2965 5159 3318 5229 pharmacum
3358 5172 3517 5209 assu-

1941 5270 2170 5319 merem,
2215 5257 2344 5326 quia
2396 5271 2504 5310 non
2533 5256 2605 5309 ita
2643 5253 2967 5323 simpliciter
3021 5251 3289 5307 dissoluta
3336 5259 3389 5303 ct
3437 5265 3520 5302 re-

1941 5350 2112 5404 missa
2165 5358 2270 5414 est,
2305 5364 2481 5418 neque
2526 5347 2782 5403 omnibus
2822 5347 2894 5399 ita
2926 5345 3193 5413 exposita.
3248 5342 3340 5397 sed
3396 5341 3521 5410 quia

1942 5439 2235 5493 curiosiori
2260 5454 2445 5503 manu,
2474 5448 2532 5491 ut
2556 5435 2864 5507 aperiatur,
2897 5433 3121 5504 indiget.
3141 5432 3522 5487 VCI'Ullllalttt‘ll

1942 5537 2208 5599 quantum
2261 5529 2420 5585 modo
2456 5528 2550 5584 tibi
2582 5527 2846 5599 perlicere
2877 5535 2932 5581 et
2964 5525 3152 5581 conari
3215 5521 3410 5584 debeo,
3450 5521 3520 5571 iia

1463 5685 1656 5749 Variae
1690 5685 1996 5748 lectiones
2043 5695 2095 5748 et
2133 5694 2315 5747 ιιοῐίο.

333 5811 406 5881 t9)
450 5810 732 5878 Matth-qq.
760 5808 934 5863 50ιώ-
984 5808 1226 5878 μελίνης.
