4240 6440
774 383 881 444 49:)

1690 394 2255 453 I‘lIEUPlIYLACTI
2302 393 2705 454 BULG.UU.’E
2777 396 3136 455 AHCHIEP.

3899 388 4013 454 500

774 495 896 553 erit,
922 495 1373 560 quemadmodum
1413 512 1529 567 post
1562 502 1833 556 horridam
1867 504 2094 558 hiemem
2119 504 2277 558 dulce
2307 520 2420 567 ver,
2452 514 2503 557 et
2533 522 2866 575 quaecunque
2891 509 3029 561 veris
3052 516 3198 572 sunt,
3240 523 3462 577 prorsus
3489 508 3803 562 adveniunt.
3844 504 4011 575 Equi-

774 588 895 640 dem
957 586 1180 642 Pharus
1236 590 1365 644 solis
1409 591 1545 646 ﬁlius
1595 604 1876 664 postquam
1920 596 1971 648 iu
2009 595 2222 649 eineres
2290 594 2560 650 resolutus
2616 596 2739 659 fuit,
2798 597 2975 651 denuo
3033 597 3157 651 felix
3225 598 3475 668 resurgit,
3541 609 3597 652 ut
3640 598 3775 653 nihil
3835 595 4011 665 magis

774 680 1014 735 divinum
1046 682 1111 737 de
1134 683 1289 735 nobis
1315 685 1445 753 ipsis
1468 686 1532 736 asl
1568 696 1619 739 te
1658 687 1867 755 loquar.

1200 798 1362 866 708
1398 798 1610 853 EPIST.
1653 802 1878 855 LXXlil.

779 887 1001 942 Ποιητιιο
1053 888 1299 944 ΜὶεΙιαεΙί
1344 892 1659 947 Punice/ma:
1726 898 1919 951 medico
1980 899 2334 963 imperatoris.
2368 878 2413 935 Α

848 1044 957 1101 Vos
991 1048 1203 1113 quidem
1253 1066 1467 1120 semper
1503 1070 1602 1108 nos
1634 1058 1862 1123 quadam
1914 1074 2008 1127 spe
2036 1075 2338 1127 suspensos

777 1139 1093 1199 concutitis.
1155 1144 1309 1208 quasi
1355 1145 1419 1195 ad
1459 1145 1559 1198 iter
1588 1147 1842 1211 arcincti,
1884 1149 2339 1216 meque'invisere

778 1231 1085 1295 studentes,
1113 1249 1327 1305 semper
1358 1244 1537 1290 autem
1575 1253 1657 1290 me
1690 1239 1966 1309 decipitis.
2018 1240 2090 1296 lta
2124 1244 2339 1311 quidem

777 1336 872 1373 vos
898 1322 987 1387 qui
1020 1338 1112 1389 per
1144 1339 1319 1377 aerem
1349 1327 1570 1395 vestigia
1606 1327 1786 1397 ﬁgilis,
1824 1346 1924 1385 nos
1953 1332 2167 1398 quidem
2192 1333 2341 1386 lnuni

779 1420 1029 1474 repentes
1061 1414 1351 1481 negligitis.
1385 1416 1486 1469 Sed
1528 1419 1672 1471 enim
1734 1420 1844 1488 jam
1882 1437 2002 1476 sero
2043 1424 2203 1477 veluti
2235 1425 2344 1494 glu-

782 1499 912 1554 tinis
936 1516 1183 1570 ngamen,
1225 1506 1509 1573 quibusihi
1534 1514 1729 1564 morari
1766 1514 1968 1568 diutius
1994 1515 2340 1583 cohihemini,

782 1592 1148 1660 projicieutes,
1213 1609 1459 1652 nostrum
1514 1616 1671 1655 omne
1732 1605 1983 1659 solatium
2048 1606 2207 1662 ﬁatis.
2250 1610 2341 1665 Illa

781 1695 908 1735 vero
932 1682 1065 1737 dura
1096 1687 1551 1755 terriculamenta,
1589 1706 1709 1760 quae
1756 1697 1807 1747 in
1857 1712 1957 1751 nos
1994 1699 2338 1767 obtendistis,

784 1788 1071 1839 puerorum
1106 1790 1223 1830 sun!
1248 1790 1480 1849 spectra,
1502 1783 1712 1838 scilicet
1741 1789 2106 1843 mendicosum
2130 1793 2346 1860 episeo-

786 1879 996 1931 porum.
1028 1870 1093 1920 At
1150 1871 1314 1924 totius
1344 1872 1607 1943 Bulgaria:
1659 1877 2121 1948 archiepisc0pus,
2184 1900 2342 1952 quem

784 1953 864 2007 vel
892 1964 1155 2025 quotquot
1182 1968 1231 2012 in
1271 1961 1416 2014 illum
1465 1964 1650 2019 oculos
1694 1978 2036 2034 convertunt,
2085 1972 2346 2041 illumque

787 2043 943 2108 plane
998 2046 1244 2113 audiunt,
1290 2051 1449 2105 etiam
1485 2064 1625 2109 totos
1678 2056 1813 2120 dies,
1851 2073 2043 2113 aureos
2095 2077 2346 2119 nummus

789 2149 1096 2202 numerare,
1130 2152 1183 2192 et
1235 2146 1389 2209 quasi
1431 2161 1697 2200 mensura:
1751 2152 2162 2217 complementis
2199 2156 2343 2208 arbi-

3035 805 3253 858 ΕΙΙΙΣΤ.
3297 806 3411 859 Ol".

2574 897 2657 961 Τῷ
2703 896 2877 964 ἰατρῷ
2928 898 3028 950 τοῦ
3055 900 3373 969 βασιλέως
3406 902 3588 967 κυρίῳ
3635 899 3879 969 Μιχαὴλ

3005 967 3084 1033 τῷ
3116 969 3343 1037 ΙΙαντέχ
3352 988 3442 1036 νη.

2523 1058 2712 1127 Ὑμεῖς
2759 1059 2814 1111 δὲ
2856 1059 2943 1112 ἀεὶ
2993 1060 3090 1129 μὲν
3124 1061 3271 1129 ἡμᾶς
3299 1062 3419 1122 ταῖς
3456 1060 3634 1112 ἐλπίσι
3676 1065 3913 1125 σανεῖτε,
3939 1061 4017 1126 ὡς

2443 1148 2665 1218 ἥξοντες
2716 1152 2809 1203 καὶ
2867 1151 3309 1220 ἐπισκεψόμενοι,
3371 1154 3457 1205 ἀεὶ⁸
3507 1152 3562 1206 δέ
3612 1153 4016 1223 ἐξαπατήσετε·

2442 1244 2615 1308 οὕτως
2649 1248 2796 1315 ἡμᾶς
2837 1247 3211 1315 περιφρονεῖτε
3239 1248 3365 1307 τοὺς
3408 1246 3582 1315 χαμαὶ
3612 1248 3941 1317 ἐρχομένους
3965 1245 4020 1300 οι

2446 1336 2869 1405 ἁεροόατοῠντες
2898 1336 3077 1405 ὑμεῖς.
3123 1336 3282 1391 Ἀλλὰ
3306 1338 3414 1407 γὰρ
3445 1337 3540 1407 6ψέ
3575 1354 3704 1389 ποτε
3732 1337 4017 1407 ἐχέκολλον

2447 1423 2939 1498 ἁπορῤίψαντες,ᾧ
2980 1429 3117 1496 πρὸς
3147 1430 3217 1482 τὰ
3259 1429 3445 1481 αὐτόθι
3486 1430 3694 1499 ἔχεσθε,
3734 1431 4018 1499 παράκλη-

2448 1534 2528 1581 σις
2563 1519 2722 1588 ἡμῶν
2754 1520 3000 1588 γένεσθε.
3027 1520 3107 1573 Τὰ
3148 1521 3205 1574 δὲ
3249 1521 3525 1591 φόϐητρα,
3556 1521 3592 1575 ὃ.
3640 1524 3769 1589 ἡμῖν
3810 1522 4015 1574 ἐπανα-

2445 1610 2707 1675 τείνεσθε,
2747 1613 3116 1681 μορμολυκεῖα
3149 1613 3356 1666 παίδων
3390 1614 3559 1677 εἰσὶν,
3589 1614 3756 1682 ήγουν
3789 1612 4024 1680 πτωχῶν

2448 1719 2611 1754 τινων
2644 1702 2980 1755 ἐπισκόπων.
3020 1704 3077 1756 '0
3124 1704 3178 1756 δὲ
3211 1707 3391 1774 πάσης
3440 1704 3779 1772 Βουλγαρίας
3828 1705 4021 1771 ἀρχιε-

2452 1794 2739 1858 πίσκοπος,
2766 1793 2825 1845 ὃν
2845 1795 3071 1864 ὅσοιπερ
3090 1794 3257 1865 δρῶσί
3279 1812 3337 1847 τε
3366 1796 3458 1847 καὶ
3478 1794 3787 1855 ἀκούουσιν,
3814 1794 4022 1845 οἴονται

2453 1884 2730 1955 μεδίμνοις
2785 1887 3173 1957 ἐκμετρείσθαι
3230 1888 3357 1951 τοὺς
3422 1886 3713 1958 χρυσίνους
3777 1886 4017 1951 ἑκάστης

2446 1978 2681 2045 ἡμέρας,
2713 1980 2811 2048 τὴν
2836 1979 3108 2049 ὑμετέραν
3153 1981 3461 2050 παρουσίαν
3500 1980 3574 2042 ὠς
3624 1978 3841 2047 πτωχοῦ
3878 1995 4024 2038 τινος

2446 2068 2708 2133 οἰήσεται,
2756 2070 2815 2132 ὃς
2860 2070 3126 2139 περίεισιν

2550 2160 2789 2219 Αιτιζων
2827 2162 3093 2227 ἀκόλους
3132 2167 3242 2217 οὐκ
3266 2163 3448 2231 ἄορας
3476 2164 3617 2216 οὐδὲ
3640 2165 3917 2229 λέϐητας.

786 2233 1373 2295 trauturaccumulare,
1400 2250 1778 2291 verautrursus
1799 2244 2163 2309 prmsentiam,
2188 2248 2341 2314 quasi
2370 2222 2417 2279 Β
2454 2269 2460 2301 :

2370 2222 2417 2279 Β
2454 2249 2555 2302 κᾶν
2601 2252 2797 2321 μικρόν
2824 2270 2876 2304 τι
2903 2222 3164 2323 λάὁῃίτῷ
3186 2222 3439 2325 ληφθιίντί
3468 2222 3820 2326 ἀρκούμενος.
3848 2222 4025 2307 Μόνον

789 2313 1019 2367 mendici
1073 2317 1353 2383 cujusdam
1418 2325 1580 2378 etia-u
1633 2328 1985 2396 existimabit,
2017 2336 2106 2404 qui
2165 2313 2344 2392 solerti

789 2405 1024 2472 quodam
1056 2412 1262 2466 anthitu
1289 2414 1461 2468 solum
1482 2418 1743 2485 circumit,

2456 2341 2597 2404 ἐλθὲ,
2629 2346 2722 2396 καὶ
2756 2346 2805 2396 οἱ
2841 2345 3091 2415 πάροικοι
3119 2348 3289 2416 μόνοι,
3315 2350 3518 2417 οίπαρὲι
3544 2347 3636 2399 τοῦ
3664 2346 4023 2415 Βλσχερνίτον

2453 2433 2889 2506 ἁποκρυὸέντες,
2933 2436 3220 2491 πλουτίσου
3236 2440 3280 2491 τι
3317 2456 3397 2503 σε,
3431 2440 3534 2491 ἀνὰ
3560 2438 3618 2490 ἓν
3654 2438 3873 2507 σκόρδον
3904 2437 4026 2489 δόν-

2452 2541 2561 2586 τες.
2600 2525 2796 2597 Τηροῖο
2837 2528 2940 2580 ὑπὸ
2980 2529 3183 2599 Κυρίου
3214 2530 3395 2599 πάσης
3427 2529 3619 2593 κακίας
3648 2528 3939 2599 ἀνώτερος.

1566 2618 1840 2685 quuirens
1899 2638 2089 2691 ossam,
2160 2628 2299 2681 haud
2363 2631 2621 2699 tripodas,
2676 2636 2765 2688 sed
2827 2654 2974 2691 necve
3041 2640 3251 2694 lebetas.

794 2698 896 2764 Qui
926 2700 1009 2754 vel
1046 2702 1090 2755 si
1143 2704 1271 2772 quid
1332 2722 1554 2772 parvum
1610 2714 1934 2780 susceperit,
1984 2710 2113 2770 illud
2154 2718 2255 2773 sibi
2296 2722 2346 2773 in
2390 2724 2655 2778 auxilium
2689 2728 2821 2781 satis
2845 2744 2966 2783 esse
2984 2741 3194 2785 censet.
3229 2729 3392 2786 Solus
3426 2742 3478 2784 tu
3506 2732 3645 2792 veni,
3722 2739 3774 2783 et
3839 2729 4031 2782 dOme-

793 2790 915 2845 stici
948 2794 1023 2843 tui
1058 2793 1177 2846 soli.
1211 2794 1287 2848 Illi
1322 2811 1467 2861 vero,
1494 2797 1584 2865 qui
1631 2800 1770 2867 apud
1826 2799 2216 2860 Blachcrniteni
2274 2812 2471 2865 occulti
2524 2815 2745 2881 degunt,
2817 2825 2868 2872 te
2934 2819 3117 2873 multis
3192 2822 3476 2875 suhlevare
3552 2830 3824 2891 poti-runt
3890 2822 4029 2873 divi-

793 2884 905 2946 tiis,
946 2886 1024 2938 vel
1084 2887 1125 2937 si
1179 2902 1341 2940 unum
1393 2890 1575 2943 allium
1623 2891 1711 2944 tibi
1767 2894 2079 2951 obtrudunt.
2153 2898 2408 2957 Dominus
2460 2906 2638 2973 itaque
2685 2917 2734 2961 te
2762 2909 2939 2964 omnis
2991 2910 3218 2965 fortuna).
3278 2912 3474 2982 iniqua:
3528 2914 3784 2967 victorem
3843 2922 4029 2967 custo-

793 2976 924 3031 dial.

1358 3104 1574 3159 EPIST.
1613 3107 1838 3162 LXXIV.

1465 3194 1665 3249 Eidem.

873 3283 1092 3339 Gaudeo
1123 3285 1358 3353 quidem,
1396 3289 1520 3354 quia
1565 3297 1669 3343 ate
1706 3289 1911 3345 litteras
1960 3308 2064 3345 non
2096 3294 2358 3362 suseipio.

802 3373 1069 3439 Quoniam
1112 3383 1262 3429 certo
1291 3379 1445 3444 quasi
1475 3379 1707 3445 quodam
1749 3381 1922 3449 signo,
1974 3393 2025 3437 te
2058 3387 2366 3452 occupatio-

805 3465 968 3520 nibus
992 3465 1151 3518 obrui
1178 3465 1338 3521 facile
1369 3469 1603 3537 conjicio
1633 3488 1645 3501 ·
1672 3472 1872 3539 quibus
1911 3490 2019 3528 non
2076 3479 2223 3545 parvi
2294 3478 2359 3530 sit

3061 3114 3277 3169 ΕΠΙΣΤ.
3320 3116 3400 3165 ΟΔ
3425 3156 3437 3167 .

3094 3204 3175 3270 Τῷ
3212 3204 3398 3270 αὐτῷ.

2539 3299 2729 3368 Χαίρω
2758 3298 2832 3367 μὴ
2864 3297 3153 3366 δεχόμενος
3194 3300 3257 3350 ὲκ
3286 3296 3383 3349 σοῦ
3424 3298 3751 3367 γράμματα.
3783 3296 4030 3365 Τεκμαί-

2470 3405 2633 3455 ρομαι
2673 3389 2780 3457 γάρ
2812 3405 2892 3440 σοι
2912 3390 3192 3457 προσεῖναι
3241 3388 3561 3457 πράγματα,
3592 3383 3673 3447 οἷς
3703 3406 3753 3439 τι
3786 3390 3879 3439 καὶ
3906 3406 4035 3453 κερ-

2466 3478 2653 3532 δαλέον
2704 3479 2951 3534 ὕπεστιν.
2995 3479 3057 3533 El
3105 3480 3201 3546 μὲν
3230 3475 3324 3531 οὖν
3373 3481 3623 3548 τυγχάνω
3671 3478 3765 3531 τοῦ
3808 3480 4031 3539 σκοποῦ,

804 3555 1155 3609 emolumenti
1184 3556 1418 3611 lucrum.
1449 3558 1502 3611 Si
1552 3561 1801 3629 equidem
1840 3565 1988 3632 scopi
2024 3564 2096 3619 ita
2159 3570 2365 3636 attingo
2394 3581 2438 3640 (ζ
2471 3588 2478 3622 :

2358 3581 2438 3640 ιε
2471 3573 2560 3622 καὶ
2592 3574 2653 3623 οὐ
2678 3572 3053 3641 παρατοξεύω,
3104 3572 3211 3639 ἔχει)
3252 3572 3522 3639 τοσαύτην
3570 3574 3630 3622 ἐκ
3664 3572 3769 3624 τῶν
3826 3572 3934 3623 σῶν
3980 3574 4032 3621 ἐν

807 3652 1027 3710 metam,
1052 3661 1151 3700 nec
1184 3648 1338 3715 longe
1372 3651 1437 3703 ab
1462 3649 1553 3705 illo
1573 3666 1689 3705 mea
1730 3654 1937 3720 spicula
1967 3663 2220 3723 torqueo,
2253 3673 2369 3726 pro-

2473 3664 2583 3724 τοῖς
2615 3663 2767 3729 ἐμοῖς
2803 3664 3062 3731 λυπηροῖς
3119 3662 3492 3731 παράκλησιν·
3524 3663 3571 3712 εἰ
3612 3661 3666 3712 δὲ
3708 3661 3799 3712 καὶ
3838 3661 3898 3710 τὸ
3946 3662 4035 3711 σιν

808 3733 1063 3790 culdubio
1092 3738 1285 3801 habeo,
1314 3739 1384 3792 ob
1410 3754 1471 3793 ea
1502 3756 1622 3809 quae
1657 3751 1712 3794 tu
1776 3744 2012 3808 moliris,
2047 3747 2186 3799 inter
2244 3762 2374 3801 mea:
2470 3752 2482 3802 ἑ

2360 3764 2374 3800 3
2470 3752 2736 3823 δυστυχῶ,
2764 3753 3016 3815 δίπαλτος
3040 3756 3171 3822 ἡμῖν
3205 3755 3233 3804 ὁ
3266 3752 3495 3822 πονηρὸς
3524 3752 3751 3803 ἐπεισιν.
3784 3744 3853 3821 ’ῼ
3880 3752 4034 3817 μὸνυξ

808 3828 1041 3883 tristitia:
1098 3837 1150 3883 et
1182 3832 1428 3885 mmroris
1475 3847 1689 3894 causas,
1745 3835 1934 3903 ingens
1986 3836 2258 3891 solatium.
2320 3838 2376 3893 Si

2474 3848 2501 3897 ὁ
2550 3844 2749 3910 ἀγαθὸς
2796 3844 2926 3904 Θεὸς
2973 3844 3064 3895 καὶ
3095 3844 3356 3912 κρατικὺς
3386 3842 3785 3911 ἀντιστήσεται.
3819 3841 3945 3906 ’Υςΐ
3976 3835 4039 3893 οὗ

810 3929 1011 3988 autem,
1048 3930 1105 3973 ut
1129 3930 1220 3974 tua
1242 3932 1390 3984 sunt,
1434 3925 1692 3978 adversus
1725 3926 1853 3979 mihi
1898 3926 2124 3980 fortunae
2164 3927 2381 3983 obvenit
2476 3952 2484 3985 ε

2364 3940 2381 3983 ι
2476 3938 2570 3988 καὶ
2604 3934 2765 3997 αὐτὸς
2809 3933 3079 4003 ἁνὼτερος
3114 3935 3209 4003 τῆς
3241 3933 3451 3986 ἐκείνου
3499 3932 3908 4001 κακομηχανίας
3940 3949 4036 3999 φυ-

812 4024 998 4071 casus,
1045 4012 1292 4078 equidem
1357 4014 1511 4067 nobis
1566 4014 1911 4069 adversarius
1968 4018 2239 4084 utrimque
2277 4020 2380 4073 tela

813 4121 908 4158 sua
969 4106 1187 4160 vibrans
1244 4108 1485 4161 imminet

2481 4023 2707 4079 λάττοιο.

1547 4129 1557 4161 :
1627 4110 1713 4163 cui
1783 4111 1929 4165 solus
1981 4108 2121 4165 Deus
2188 4115 2596 4181 potentissimus
2659 4125 2710 4171 et
2768 4119 3004 4184 optimus
3092 4117 3310 4172 demunt
3380 4116 3625 4170 obsistet.
3699 4113 3803 4179 Qui
3866 4121 3921 4167 te
3972 4114 4039 4165 ab

817 4197 961 4253 illius
1011 4198 1149 4253 dolis
1208 4209 1258 4251 ct
1325 4200 1492 4255 inulto
1527 4200 1793 4255 fraudium
1820 4204 2009 4272 laqueo
2033 4219 2245 4272 semper
2284 4215 2501 4262 tutetur.

1359 4313 1572 4368 EPlS'l.
1603 4314 1807 4369 LXXV.

1494 4401 1698 4457 Eidem.

887 4492 1022 4548 Cum
1051 4492 1216 4545 multa
1242 4492 1497 4548 desiderii
1535 4495 1625 4549 siti
1664 4495 1970 4564 ﬂagrarent,
2010 4510 2068 4551 ut
2093 4499 2377 4568 perspicue

819 4592 875 4638 et
924 4591 1130 4652 aperte,
1168 4598 1288 4653 quae
1357 4583 1452 4638 tibi
1503 4586 1847 4656 contingunt,
1895 4588 2213 4652 ediscerem,
2260 4591 2378 4644 illu-

821 4675 1091 4730 strissime
1118 4676 1171 4728 in
1209 4674 1437 4731 Domine
1471 4677 1564 4742 lili,
1611 4687 1667 4731 tu
1729 4679 1989 4734 obscuras
2037 4689 2091 4734 et
2146 4682 2377 4748 quodam

820 4766 983 4819 veluti
1024 4766 1270 4820 turbidas
1309 4782 1467 4821 emno
1520 4768 1651 4822 mihi
1707 4779 1883 4838 guttas
1923 4770 2153 4824 emisisti
2184 4772 2381 4839 quibus

3070 4323 3291 4376 ΕΠΙΣΤ.
3336 4319 3454 4373 UE.

3124 4412 3206 4477 Τῷ
3234 4410 3412 4476 αὐτῷ.

2553 4504 2783 4572 Διψὼντί
2807 4523 2895 4576 μοι
2933 4505 3123 4574 μαθεῖν
3152 4503 3219 4555 τὰ
3248 4503 3389 4555 κατὰ
3420 4503 3479 4554 σὲ
3511 4499 3847 4567 λευκότερον,
3874 4496 4041 4563 ὑπὲρ·

2483 4592 2704 4663 λαμπρὲ
2741 4612 2829 4664 μοι
2861 4597 2917 4646 ἐν
2951 4594 3140 4663 Κυρίῳ
3181 4594 3283 4656 υἱὲ,
3316 4593 3478 4654 αὐτὸς
3512 4591 3773 4657 σταγόνας
3799 4587 4040 4653 ἐπιπέμ-

2483 4698 2603 4747 πεις
2627 4683 2898 4749 Οολώδεις,
2929 4685 2988 4749 ἐξ
3030 4682 3105 4738 ὧν
3131 4685 3231 4737 οὐκ
3275 4683 3442 4753 ἰῶμαι
3487 4682 3583 4750 τὴν
3608 4680 3787 4748 δίψαν.
3830 4678 4041 4747 Γράψον

2482 4772 2574 4825 οὖν
2606 4792 2697 4843 μοι
2747 4776 3125 4847 ἀριδηλότερον
3164 4774 3329 4837 ἐνίοις
3377 4790 3437 4825 τε
3485 4772 3595 4841 (l0)
3645 4767 3717 4837 el,
3754 4772 3853 4823 καὶ
3888 4770 3938 4821 εἰ
3985 4770 4042 4819 ἰν

823 4872 908 4911 me
955 4870 1017 4910 ea
1075 4857 1166 4911 siti
1234 4858 1380 4912 nullo
1446 4859 1605 4913 modo
1658 4860 1835 4913 levare
1903 4875 2145 4927 possum.
2214 4852 2497 4931 Igitur-Di

1903 4875 2145 4927 possum.
2214 4860 2380 4931 Igitur
2406 4852 2458 4909 Ὁ
2486 4865 2655 4930 ἀξίοις
2685 4868 2793 4920 τῶν
2828 4869 3057 4921 ἐλπίδων
3085 4863 3170 4931 αῖς
3198 4866 3554 4938 ἐτρεφόμεθα.

831 4950 900 5005 ad
959 4969 1043 5007 me
1128 4954 1473 5007 manifestius
1528 4955 1725 5018 scribe,
1782 4958 1977 5024 quibus
2042 4955 2222 5010 forsan
2304 4959 2380 5012 sis
2422 4960 2999 5034 distractusncgmiis,
3037 4976 3089 5021 et
3112 4965 3239 5019 sica
3281 4964 3392 5018 sint
3420 4963 3581 5033 digna
3643 4975 3739 5030 spe
3775 4972 3884 5031 qua
3944 4972 4041 5011 nos

823 5046 1112 5098 ltllll'lllllll'.

1965 5142 2154 5202 Variae
2204 5144 2505 5208 lectiones
2549 5157 2609 5209 et
2652 5153 2840 5209 notae.

897 5236 939 5305 (l
954 5238 1007 5303 0)
1030 5238 1243 5303 'Ert'ou;
1272 5256 1352 5292 to.
1378 5236 1553 5294 Scrib.
1576 5241 1633 5293 ἐν
1649 5239 1728 5303 οἷς
1748 5259 1821 5293 τε.
