4240 6440
788 391 893 456 50⁷1

1634 390 1935 450 ἸἪΕΟΡΙΙ
1949 392 2206 450 ΥΙΛΕἸῚ
2254 393 2444 451 BULG
2459 397 2497 450 Α
2511 393 2554 450 ll
2568 393 2582 449 Ι
2596 393 2656 450 (Ε
2687 392 3033 451 ΑΗΟΗΙΕΡ.

3923 384 4036 450 508

786 508 1154 554 Verumtamen
1202 496 1329 550 Jote
1369 497 1576 564 dignos,
1639 509 1799 565 atque
1830 498 2038 552 itineris
2080 506 2341 567 tempore.
2379 498 2460 561 Αἱ

2379 508 2420 561 Α
2451 498 2668 565 διήθλει,
2716 499 2818 559 ἕως
2860 497 3180 564 εἱμαρμένοι
3218 495 3397 564 χρόνοι
3445 495 3542 563 τῆς
3577 493 3816 557 δουλείας
3867 494 4035 547 αὑτὸν

787 592 948 661 7'12
993 591 1047 644 In
1082 588 1279 642 nmndo
1309 587 1453 640 enim
1494 596 1647 640 erant
1687 587 1970 642 dedecoris
1993 588 2349 656 expiationes.

790 684 1159 750 Mcnu‘tipsnnt
1193 679 1454 748 descripsi
1493 679 1609 740 tibi,
1646 679 1697 732 in
1731 681 1928 745 quibus
1966 696 2174 735 versor.

863 774 937 842 (3)
959 774 1065 840 Ego
1090 787 1213 824 vero
1245 788 1347 824 non
1375 771 1552 823 servio
1571 771 1720 823 diviti
1746 772 1941 840 regina:
1969 774 2287 841 ntundzeque
2305 783 2356 825 ct

790 867 1046 934 pulchrae,
1110 873 1270 930 atque
1317 863 1453 915 adeo
1511 862 1703 916 Veneri
1762 878 1958 926 aureae,
2027 865 2121 917 sed
2178 866 2353 920 servis

791 957 1060 1017 barbaris,
1093 955 1340 1020 impuris,
1372 954 1582 1008 [ualidas
1620 955 1784 1024 pelles
1816 955 2106 1019 olentilms,
2165 965 2218 1009 ct
2247 957 2353 1010 vita

789 1049 936 1103 omni
971 1047 1362 1116 egentioribus,
1398 1061 1560 1115 quam
1593 1047 1685 1116 qui
1721 1047 1962 1116 nequitia
1994 1047 2191 1102 divites
2222 1050 2351 1114 sint,

793 1142 900 1194 imo
936 1150 988 1194 et
1019 1140 1143 1192 vita:
1166 1147 1405 1208 egestate
1452 1146 1502 1192 et
1553 1137 1794 1206 nequitia
1840 1139 2083 1191 omnium
2149 1140 2354 1207 pariter

790 1249 1014 1301 regnum
1045 1239 1244 1284 tenent.
1298 1229 1500 1285 Solvite
1545 1246 1628 1283 me
1675 1230 1776 1285 hac
1805 1232 1950 1300 turpi
1993 1230 2279 1293 servitute,
2310 1231 2354 1285 si

792 1323 846 1377 id
877 1323 1124 1392 potestis,
1169 1333 1260 1376 aut
1307 1323 1461 1376 vobis
1493 1338 1588 1391 per
1641 1321 1921 1377 Christum
1971 1323 2181 1376 irascar
2230 1332 2356 1377 ante

793 1424 1010 1482 tempus
1039 1415 1182 1469 lilius
1230 1415 1302 1467 nil
1341 1413 1543 1468 faciens
1587 1413 1807 1482 dignum
1843 1422 2014 1482 patre.
2065 1412 2118 1465 Id
2173 1423 2353 1468 autem

796 1506 926 1559 mihi
975 1506 1192 1574 quidem
1223 1507 1534 1577 inglorium,
1580 1505 1975 1561 sustinentibus
2021 1520 2148 1559 vero
2194 1506 2354 1561 forsi-

798 1605 891 1650 tan
923 1596 1142 1651 infame.

867 1854 967 1908 Sed
998 1858 1158 1908 homo
1190 1872 1294 1910 non
1344 1860 1515 1926 magis
1567 1870 1737 1913 mutat
1787 1865 2108 1918 sententiam
2164 1882 2315 1920 suam
2344 1886 2358 1932 ;
2390 1837 2435 1894 Β

797 1945 868 1998 ita
905 1946 1191 2000 Achridam
1220 1949 1434 2012 adveni,
1470 1965 1533 2004 ac
1573 1966 1666 2005 vos
1706 1953 1989 2009 habentem
2032 1957 2218 2011 urbem
2255 1975 2362 2012 ex-

796 2037 978 2104 Optavi
1013 2037 1194 2091 miser.
1230 2037 1438 2092 Etenim
1461 2057 1543 2094 me
1567 2043 1752 2106 procul
1775 2043 1973 2098 invasit
1996 2049 2361 2114 graveolentia

794 2127 1043 2193 quaedam
1075 2128 1345 2194 lethilera,
1378 2132 1567 2198 quales
1616 2147 1674 2186 re
1707 2133 1922 2202 quidem
1954 2151 2078 2190 vera
2109 2138 2364 2194 exhalant

797 2220 1092 2274 Charonia.
1142 2221 1450 2289 Empedocli
1492 2223 1658 2290 igitur
1702 2226 1982 2280 contentio
2033 2236 2195 2295 caput
2238 2230 2360 2294 qui-

801 2311 922 2364 dem
978 2311 1153 2366 ell‘ecit
1199 2313 1315 2365 sine
1349 2312 1579 2366 cervice.
1621 2310 1675 2365 In
1736 2312 1837 2366 hac
1884 2330 2010 2369 vero
2055 2317 2361 2371 inconside-

797 2403 973 2456 rantia
1013 2402 1379 2456 consideratio
1410 2403 1590 2459 decies
1617 2405 1764 2458 mille
1792 2421 1954 2474 supra
2005 2408 2183 2462 decies
2219 2410 2363 2463 mille

800 2495 1042 2549 cervices
1091 2495 1258 2549 edidit
1308 2497 1425 2551 sine
1472 2498 1666 2566 capite.
1695 2496 1826 2551 Nam
1876 2499 1998 2566 quis
2042 2500 2359 2554 Achridiota

796 2587 980 2640 cervix
1016 2601 1121 2639 non
1175 2596 1258 2640 est
1319 2587 1437 2641 sine
1479 2589 1676 2655 capite,
1729 2605 1902 2657 neque
1963 2590 2131 2644 Deum
2189 2608 2363 2661 neque

796 2677 1073 2731 hominem
1107 2677 1288 2731 sciens
1323 2679 1611 2732 venerari?
1656 2680 1789 2733 Cum
1837 2681 1921 2734 his
1963 2684 2169 2737 versari
2206 2699 2360 2736 mon-

799 2767 927 2820 stris
952 2767 1241 2821 damnatus
1295 2785 1437 2830 sum,
1473 2778 1547 2834 et,
1579 2770 1722 2837 quod
1757 2772 2162 2839 gravissimum,
2212 2774 2359 2826 nulla

801 2857 932 2909 mihi
962 2874 1085 2926 spes
1134 2868 1216 2911 est
1267 2860 1505 2914 cervices
1547 2861 1816 2929 ejusmodi
1876 2862 2195 2918 melioribus
2248 2867 2362 2933 qui-

801 2948 1027 3000 busdam
1077 2949 1371 3003 virtutibus
1418 2948 1532 3003 lieri
1600 2965 1758 3018 posse
1807 2951 2100 3020 aliquando
2162 2957 2360 3023 capita,

800 3037 1259 3106 quemadmodum
1297 3039 1627 3107 Agrigentini
1656 3040 1920 3108 sapientis
1980 3043 2216 3096 amicitia
2264 3044 2363 3096 im-

803 3129 1041 3195 perfecta
1087 3130 1262 3198 capita
1313 3131 1568 3198 perduxit
1643 3133 1708 3185 ad
1764 3133 2174 3201 perfectionem.

803 3220 935 3272 mihi
1065 3223 1245 3276 omnis
1283 3225 1508 3276 omnino
1532 3238 1656 3291 spes
1672 3225 1899 3287 excidit,
1934 3234 1987 3279 et
2019 3228 2196 3292 aquila
2217 3227 2363 3282 Jovis

803 3312 1126 3379 sceptrifera
1150 3321 1350 3366 terram
1377 3314 1499 3368 heu!
1537 3315 1852 3369 obambulat
1874 3326 1927 3370 et
1978 3332 2136 3371 emno
2166 3320 2365 3372 voluta-

801 3408 912 3463 tur,
944 3403 1345 3473 clamoremque
1379 3407 1518 3460 inter
1550 3422 1709 3462 ranas
1739 3407 1974 3476 perfert,
2008 3424 2125 3477 qua:
2169 3411 2362 3462 malam

801 3490 1198 3556 existimantes,
1232 3503 1286 3549 et
1323 3498 1733 3552 commodorum
1769 3499 1981 3554 illorum
2026 3501 2235 3554 fortuna
2263 3502 2361 3553 ini-

803 3583 948 3636 uime
973 3584 1211 3652 dignam,
1243 3603 1310 3640 ne
1345 3590 1528 3641 omnia
1560 3591 1611 3642 in
1641 3591 1849 3645 deliciis
1879 3594 2017 3660 apud
2049 3595 2195 3662 ipsas
2235 3611 2363 3647 con-

802 3674 1240 3738 tingerentJovis
1266 3678 1401 3741 aliti,
1427 3689 1479 3732 et
1501 3684 1866 3735 conscendunt
1915 3686 2058 3738 illius
2087 3687 2360 3749 lmmeros,

815 3762 926 3813 luto
966 3771 1017 3814 et
1059 3765 1199 3817 malo
1242 3766 1406 3819 odore
1457 3770 1644 3834 plena),
1702 3783 1752 3822 et
1812 3773 1900 3824 ubi
1949 3776 2363 3828 conscenderint

802 3853 1079 3907 dissonum
1130 3871 1356 3909 coaxant
1408 3871 1461 3911 et
1501 3861 1939 3930 incompositum.
1978 3865 2184 3918 Etenim
2233 3869 2358 3935 quid

803 3945 948 4024 aliud
990 3959 1208 3998 caenosa
1251 3949 1427 4001 anima
1466 3950 1729 4018 dignum?
1761 3953 2021 4008 Videntur
2058 3971 2237 4024 paeana
2270 3974 2360 4012 ca-

806 4047 933 4084 nere
954 4033 1023 4085 ob
1051 4035 1354 4090 victoriam.
1402 4039 1478 4091 Illi
1515 4057 1638 4095 vero
1676 4059 1771 4095 nec
1821 4056 2074 4109 rostrum,
2120 4064 2217 4101 nec
2264 4066 2361 4101 ott-

803 4122 1244 4192 guiumipsorum
1275 4132 1420 4183 acies
1456 4134 1630 4186 adhuc
1653 4134 1871 4187 hebetes
1906 4137 2057 4190 facta":
2091 4151 2236 4201 sont,
2266 4143 2357 4195 sed

806 4212 1006 4265 habent
1033 4215 1293 4270 cadavera
1323 4219 1619 4274 divellenda
1669 4239 1729 4275 ac
1774 4225 2141 4290 dilaceranda,
2187 4235 2357 4296 majo~

807 4304 958 4371 rique
994 4307 1097 4359 sibi
1134 4307 1339 4362 ducens
1378 4312 1594 4376 iniurim
1621 4330 1739 4369 sese
1760 4328 2096 4380 convertere,
2119 4325 2357 4375 actalem

805 4396 991 4449 ulcisci
1019 4403 1428 4465 contumeliam,
1455 4406 1582 4458 solis
1619 4408 1800 4461 radios
1836 4411 1948 4475 ipsa
1985 4415 2358 4466 tantummodo

803 4485 1251 4542 intuetnrdelixis
1272 4502 1432 4558 atque
1454 4495 1675 4548 intentis
1695 4498 1885 4557 oculis.
1908 4509 2067 4567 atque
2088 4502 2134 4551 id
2163 4511 2353 4569 potc5I;
2395 4507 2434 4558 D

802 4576 872 4626 ita
900 4578 1042 4628 enim
1069 4594 1095 4629 a
1138 4589 1328 4633 natura
1365 4596 1735 4651 comparatum
1769 4596 1868 4641 est.
1902 4589 2137 4659 .‘Equum
2202 4594 2357 4659 plane

801 4674 908 4729 est,
934 4667 1105 4733 illum,
1149 4673 1192 4723 si
1219 4683 1393 4724 tamen
1423 4684 1503 4728 est
1539 4677 1622 4728 hic
1656 4679 1758 4738 sol,
1796 4691 1984 4731 testem
2012 4683 2122 4735 lieri
2149 4687 2355 4751 passio-

801 4758 910 4823 nis,
927 4767 1085 4827 atque
1107 4762 1336 4830 idipsum
1365 4765 1559 4826 facere,
1584 4771 1678 4835 ipsi
1700 4781 1782 4823 est
1804 4773 1971 4824 visum
1995 4777 2312 4844 perstrinch
2328 4794 2357 4832 e

800 4850 1028 4915 pudore,
1056 4862 1108 4903 et
1129 4856 1626 4920 reprehendequm
1650 4864 1951 4926 ostendere,
1973 4868 2132 4919 talem
2158 4870 2355 4924 talibus

799 4939 1092 4994 colludere.
1125 4943 1193 4995 At
1225 4959 1317 5012 per
1352 4963 1515 5012 puros
1537 4950 1762 5016 hujusce
1787 4955 1917 5008 solis
1937 4958 2136 5022 radios,
2158 4960 2355 5026 quibus

800 5028 916 5093 ipse
955 5029 1246 5086 illustraris
1280 5039 1543 5102 quotidie,
1601 5051 1654 5094 et
1704 5059 1843 5110 quos
1884 5050 2077 5115 aquilae
2127 5065 2353 5119 generas

797 5122 974 5186 pullos
1003 5122 1263 5187 illustras,
1293 5128 1569 5183 hominum
1619 5137 2018 5201 sapientissime
2057 5152 2109 5194 et
2153 5143 2355 5209 jucun-

797 5213 1039 5275 dissime,
1103 5217 1407 5284 hnjnsmodi
1481 5229 1825 5282 contumeliis
1899 5232 2086 5284 allec-ta
2171 5237 2350 5301 aquila

796 5305 997 5355 l'rustta
1032 5308 1584 5373 cupiebatvobiswm
1626 5318 1796 5374 beatis
1823 5322 2000 5375 vivere
2030 5340 2040 5374 :
2079 5325 2349 5381 isthieaer

798 5394 1193 5453 valdescrenus
1225 5407 1567 5470 expauditnr,
1598 5425 1658 5463 ac
1692 5409 2208 5478 sntennbilms,non
2239 5420 2349 5472 luto

792 5501 1057 5553 Ul'RUIllt;
1092 5509 1441 5559 conspersus.
1490 5497 1692 5564 Ninn',
1740 5517 1793 5555 ut
1839 5509 2093 5570 arbitror,
2145 5511 2348 5568 dixi-tis

2460 589 2754 642 ἀπέλυσαν.
2799 591 2856 638 '0
2888 589 2943 640 δὲ
2976 588 3135 640 πάλιν
3172 587 3483 656 ἧθλει,ἀλλ’
3518 587 3644 652 ἀξιά
3687 603 3737 647 τε
3784 587 3879 637 καὶ
3933 588 4032 638 τοῦ

2463 682 2605 744 Διὸς,
2640 684 2731 732 καὶ
2763 680 2856 733 τοῦ
2889 682 3076 748 χρόνου
3110 682 3204 746 τῆς
3228 680 3452 750 πορείας
3487 695 3500 708 ·
3538 680 3727 749 κόσμῳ
3756 679 3865 748 γὰρ
3891 675 4036 748 ἦσαν

2457 777 2726 843 ἀκοσμίας
2759 774 3046 843 καθάρσια.
3107 774 3373 840 Ἐμαυτὸν
3426 773 3641 840 ἔγραψά
3691 790 3770 824 σοι
3821 775 3878 824 ἐν
3898 771 4034 832 οἵοις

2457 869 2614 936 εἰμί·
2678 868 2814 936 πλὴν
2871 867 2993 919 ὅσον
3057 868 3114 918 οὐ
3179 865 3409 934 βασιλίδι
3479 865 3712 918 δουλεῦω
3774 864 4031 932 πλουσίᾳ,

2457 959 2705 1028 καθαρίῳ
2726 976 2784 1010 τε
2817 960 2906 1010 καὶ
2940 959 3101 1027 καλῇ,
3136 959 3231 1010 καὶ
3254 958 3488 1019 συνόλως
3505 957 3794 1027 Ἀφροδίτῃ
3823 960 4027 1025 χρυσῇ,

2457 1051 2595 1104 ἀλλὰ
2622 1051 2831 1114 δούλοις
2851 1050 3146 1120 βαρϐάροις
3175 1051 3503 1120 ἀκαθάρτοις
3527 1050 3795 1118 κιναύρας
3817 1048 4034 1101 κωδίων

2459 1145 2774 1206 ἀπόζουσιν,
2828 1143 2923 1196 καὶ
2982 1143 3300 1213 πενητέροις
3349 1143 3439 1194 τὸν
3496 1141 3630 1212 βίον,
3685 1142 3718 1211 ἢ
3763 1142 3886 1193 ὅσον
3935 1140 4036 1208 τὴν

2459 1235 2783 1305 κακοήθειαν
2823 1235 3114 1288 πλούσιοι·
3158 1234 3359 1304 μᾶλλον
3419 1233 3474 1287 δὲ
3531 1235 3625 1286 καὶ
3665 1237 3729 1302 τῇ
3781 1232 3872 1285 τοῦ
3916 1232 4036 1300 βίου

2459 1330 2643 1398 πενία,
2698 1329 2790 1380 καὶ
2844 1331 2909 1397 τῇ
2948 1328 3252 1398 κακοηθείᾳ
3301 1329 3632 1396 συμπάντων
3685 1327 3819 1396 ὁμοῦ
3881 1325 4039 1394 βασιο

2460 1419 2636 1473 λεῦσι.
2693 1419 2903 1471 Λύσατέ
2958 1435 3023 1488 με
3069 1418 3168 1485 τῆς
3223 1420 3458 1487 αἰσχρᾶς
3504 1418 3705 1485 ταύτης
3763 1416 4034 1475 δοιλείας,

2461 1513 2506 1563 εί
2534 1511 2594 1582 [ι’.
2622 1509 2694 1581 οἱ]
2716 1512 2869 1563 τοῦτο
2895 1513 3197 1580 δυνάμενοι,
3232 1511 3264 1580 ἦ
3302 1511 3597 1580 ἐχθῄσομαι
3710 1507 4034 1578 ἁχθεσθήσ.]

2460 1605 2590 1672 ὑμῖν
2646 1604 2902 1674 προώρας
2962 1606 3034 1671 μα
3085 1603 3173 1657 διὰ
3218 1604 3308 1654 τὸν
3360 1603 3615 1672 Χριστὸν,
3684 1603 3798 1662 υἱὸς
3865 1603 4036 1669 μηδὲν

2459 1698 2664 1764 δράσας
2689 1696 2780 1748 τοῦ
2813 1696 3016 1765 πατρὸς
3043 1696 3211 1760 ἄξιον.
3250 1696 3422 1749 Τοῦτο
3447 1696 3505 1748 δὲ
3537 1696 3660 1762 ἐμοὶ
3698 1696 3793 1763 μὲν
3815 1695 4036 1759 ἀκλεὲς,

2465 1790 2572 1849 τοῖς
2605 1788 2648 1840 δ’
2683 1788 3072 1855 ἀνασχομένοις
3101 1788 3261 1856 τυχὸν
3291 1785 3570 1848 δυσκλεές.

2535 1878 2602 1929 ’⁸0
2640 1876 2696 1929 δε
2728 1877 2865 1948 ἀνὴρ
2914 1877 3013 1928 οόκ
3055 1876 3128 1926 ἐτ’
3178 1875 3339 1938 αὐτὸς
3396 1872 3608 1927 ἐκνεύει
3655 1873 3820 1926 πάλιν
3845 1891 3856 1902 ο
3892 1873 4040 1925 οὓτω

2463 1975 2557 2042 τῆς
2607 1973 2849 2042 Ἀχρίδος
2879 1973 3104 2042 ὲπὲίην,
3135 1973 3227 2024 καὶ
3255 1974 3354 2042 τὴν
3377 1973 3521 2040 ὑμᾶς
3552 1972 3779 2040 ἔχουσαν
3821 1971 3978 2022 πόλιν
4008 1973 4034 2021 ὁ

2462 2062 2702 2131 δύσερως
2732 2061 3048 2130 ἐπεπόθησα
3083 2077 3094 2087 ·
3146 2061 3426 2132 μακρόθεν
3460 2061 3569 2131 γάρ
3604 2078 3694 2129 μοι
3731 2061 4034 2131 προσέϐαλ-

2463 2155 2552 2206 λεν
2592 2153 2844 2221 ἀποφορά
2890 2170 2968 2215 τις
3003 2153 3323 2221 θανάσιμος,
3371 2153 3490 2215 οἵας
3525 2152 3761 2221 ἀτεχνῶς
3793 2153 4035 2204 ἀποπνέ-

2463 2263 2577 2299 ουσι
2609 2244 2677 2297 τά
2707 2243 3015 2313 Χαρώνεια.
3052 2244 3141 2313 Τῷ
3176 2245 3272 2313 μὲν
3304 2243 3394 2297 οὖν
3452 2243 3806 2312 Ἐμπεδοκλεῖ
3837 2246 3898 2297 τὸ
3925 2247 4033 2296 νεῖ-

2464 2354 2556 2398 κος
2590 2337 2788 2405 κόρσας
2821 2335 3009 2404 ἐκφύει
3061 2336 3364 2404 ἁναύχενας
3400 2353 3412 2366 ’
3447 2337 3479 2405 ἡ
3528 2335 3571 2388 δ’
3631 2334 3874 2388 ἐνταῦθα
3931 2336 4032 2403 τῆς

2465 2425 2852 2487 ἀνεπιστασίας
2871 2426 3163 2479 ἐπιστασία
3184 2426 3417 2495 αὐχένας
3437 2426 3783 2495 ἀκορσώτους
3803 2427 4032 2494 μυρίους

2464 2519 2552 2569 ἐπὶ
2587 2517 2797 2586 μυρίοις
2829 2517 3077 2584 ἐξέφυσε.
3115 2517 3208 2578 Τίς
3244 2517 3352 2584 γὰρ
3389 2517 3735 2586 Ἀχριδιώτης
3761 2519 3858 2568 οὐκ
3883 2517 4034 2568 ἔστιν

2466 2612 2634 2679 αὐχὴν
2661 2610 2954 2678 ἀκέφαλος,
2993 2609 3116 2661 οὔτε
3147 2608 3278 2660 Θεὸν
3317 2607 3428 2660 οὔτ’
3460 2609 3624 2678 ἀνέρα
3664 2611 3799 2660 τίειν
3828 2606 3985 2669 εἰδώς
4018 2625 4030 2668 ;

2464 2701 2742 2762 Τοιούτοις
2776 2703 3014 2752 συνεῖναι
3071 2700 3522 2770 κατακέκριμμαι
3577 2701 3785 2768 τέρασι,
3846 2702 3938 2751 καὶ
3972 2701 4032 2750 τὸ

2462 2791 2787 2852 δεινότατον,
2809 2791 2889 2841 ὃτι
2921 2789 3040 2857 μηδ’
3074 2790 3225 2851 ἐλπίς
3251 2792 3365 2843 ἐστι
3389 2791 3516 2852 τοὺς
3550 2791 3780 2858 αὐχένας
3805 2790 4029 2851 τούτους

2465 2881 2907 2950 κεφαλαιωθῆναί
2930 2883 3057 2933 ποτέ
3075 2897 3185 2934 τισι
3205 2881 3469 2950 δυνάμεσι
3493 2882 3815 2952 κρείττοσιν,
3837 2881 4029 2951 ὥσπερ

2464 2975 2499 3044 ἡ
2534 2973 2626 3024 τοῦ
2687 2973 3110 3040 Ἀκραγαντίνου
3142 2973 3307 3042 σοφοῦ
3360 2973 3513 3040 φιλία
3562 2974 3770 3035 ἀτελεῖς
3827 2977 4030 3042 κόρσας

2468 3063 2853 3132 συναγαγοῦσα
2889 3065 3023 3133 πρὸς
3048 3065 3148 3133 τὴν
3181 3065 3448 3118 ὲντέλειαν
3481 3084 3494 3099 ·
3531 3065 3666 3118 ἀλλά
3705 3083 3792 3133 μοι
3835 3105 3848 3117 .
3893 3103 3906 3116 .
3955 3108 3967 3119 .
4013 3105 4025 3116 .

2256 3136 2359 3190 Sed
2391 3171 2432 3228 ς
2472 3199 2480 3210 ,
2529 3198 2542 3209 .
2586 3197 2600 3210 .
2645 3198 2658 3210 .
2705 3196 2716 3207 .
2767 3197 2776 3208 .
2825 3197 2836 3208 .
2886 3197 2898 3208 .
2945 3197 2957 3208 .
3001 3156 3232 3208 ἐλπίδων
3265 3158 3516 3226 ἀπερρύη
3543 3158 3858 3208 παντάπασι
3894 3173 3906 3185 ⁸
3937 3161 4029 3208 καὶ

2467 3249 2494 3298 ὁ
2518 3249 2608 3299 ἐπὶ
2639 3247 2714 3316 τῷ
2742 3249 3003 3317 σκήπτρῳ
3029 3246 3122 3299 τοῦ
3150 3248 3270 3310 Διὸς
3299 3247 3452 3310 ἀετὸς
3482 3247 3720 3311 πεζεύει,
3759 3247 3858 3313 φεύ
3887 3249 3898 3300 ί
3935 3252 4031 3300 καὶ

2467 3340 2531 3405 τῇ
2590 3337 2695 3388 ίλύῖ
2744 3338 3039 3406 ἐνίσχεται,
3096 3337 3187 3389 καὶ
3238 3337 3337 3405 τῆς
3377 3338 3515 3405 μετὰ
3573 3337 3858 3406 βατράχων
3905 3338 4030 3406 βοῆς

2467 3429 2741 3497 ἀνέχεται.
2766 3430 2831 3480 Οἵ
2857 3447 2918 3495 γε
2953 3429 3044 3480 καὶ
3074 3428 3243 3480 δεινὸν
3273 3431 3531 3498 οἰόμενοι,
3560 3430 3652 3482 καὶ
3681 3430 3791 3482 τῶν
3824 3432 4028 3498 καιρῶν

2465 3520 2563 3590 τῆς
2591 3519 2769 3573 αὐτῶν
2805 3520 2974 3587 τύχης
3034 3519 3272 3584 ἀνάξιον,
3331 3523 3376 3573 εί
3426 3522 3498 3591 μὴ
3539 3523 3714 3575 πάντα
3754 3523 3810 3573 ὲν
3843 3525 4029 3589 τρυφῷ

2466 3610 2880 3681 [μὲντρυρῷεν]
2916 3611 3007 3662 ἐπὶ
3051 3611 3150 3678 τῆς
3216 3614 3483 3682 σφετέρας
3534 3614 3610 3680 τῷ
3664 3613 3783 3670 Διὸς
3833 3614 4024 3680 δρνιθι,

2465 3702 2800 3755 ὲπιϐαίνουσί
2832 3720 2888 3756 τε
2920 3704 3011 3754 ἐπὶ
3047 3704 3114 3753 τὰ
3144 3703 3333 3755 τούτου
3364 3704 3507 3755 νῶτα
3535 3702 3706 3771 πηλοῦ
3743 3707 3834 3755 καὶ
3859 3705 4028 3756 δυσω-

2463 3793 2576 3854 δίας
2606 3795 2942 3862 ἀνάμεστοι·
2981 3796 3074 3848 καὶ
3121 3794 3407 3858 ἐπιϐάντες
3448 3794 3608 3864 βοῶσι
3650 3795 3883 3865 δύσηχον
3933 3799 4028 3865 μὲν

2463 3900 2514 3933 τι
2547 3883 2644 3936 καὶ
2679 3883 3028 3953 ἀναρμόδιον.
3064 3885 3172 3935 Καὶ
3215 3885 3266 3934 τί
3302 3883 3410 3952 γὰρ
3445 3884 3476 3952 ῆ
3513 3882 3886 3950 τελματώδους
3924 3885 4026 3948 ψυ-

2464 3974 2561 4042 χῆς
2590 3973 2810 4036 ἐπάξιον
2845 3993 2857 4039 ;

2464 4067 2632 4117 νίκιον
2655 4082 2666 4094 ’
2692 4065 2769 4134 τῷ
2802 4066 2856 4117 δὲ
2894 4066 3044 4117 οῠπω
3078 4065 3175 4132 μὲν
3202 4065 3323 4116 οὔτε
3347 4067 3405 4117 τὸ
3441 4068 3673 4134 ῥάμφος,
3708 4066 3814 4117 οὔτ’
3844 4068 4024 4118 αὐτῶν

2896 3975 3136 4026 Ἐοίκασι
3179 3975 3308 4040 γοῦν
3343 3975 3489 4043 ᾄδειν
3523 3976 3723 4028 παιᾶνά
3758 3993 3876 4026 τινα
3905 3978 4019 4026 ἐπι-

2462 4158 2668 4226 ὀιιύχων
2697 4160 2911 4211 ἀκωκαὶ
2941 4157 3299 4226 ὴμόλύνοντο,
3336 4159 3449 4210 ἀλλ’
3468 4160 3545 4209 ἔτι
3573 4160 3904 4225 σπαράττειν
3933 4162 4024 4210 καὶ

2463 4250 2777 4311 ἀποκνίζειν
2833 4252 3039 4320 σάρκας
3092 4251 3296 4319 ἔχουσι,
3344 4252 3513 4319 μείζω
3542 4252 3596 4302 δὲ
3647 4251 3802 4319 ὒῦριν
3854 4251 4021 4314 τιθεὶς

2463 4341 2640 4410 ἑαυτῷ
2698 4343 2794 4409 τὴν
2851 4345 3183 4410 ἐπιστροφὴν
3239 4347 3332 4395 καί
3393 4347 3604 4412 ἄμυναν
3662 4346 3758 4412 τῆς
3811 4347 4020 4412 ἐκείνης

2465 4434 2696 4503 ὕϐρεως,
2752 4437 2887 4504 πρὸς
2945 4437 3043 4498 τὰς
3106 4438 3199 4489 τοῦ
3233 4440 3384 4506 ἡλίου
3443 4440 3601 4507 μόνον
3656 4441 3880 4500 ἀκτῖνας
3926 4443 4022 4508 ὁρᾷ

2466 4527 2832 4596 ἀτενέστερον,
2893 4531 2984 4580 καὶ
3040 4529 3334 4594 ἔντρανον,
3382 4531 3474 4582 καὶ
3534 4525 3646 4582 οἷον
3705 4531 3870 4583 αὑτοῦ
3916 4536 4022 4591 τοὶς

2463 4618 2759 4685 ὀρθαλμοῖς
2785 4620 2972 4688 ὥσπερ
3007 4621 3036 4687 ἠ
3073 4620 3230 4687 φύσις
3268 4623 3542 4688 ἡρμόσατο
3572 4639 3584 4651 ·
3624 4624 3715 4674 καὶ
3750 4624 3893 4676 ἔοικέ
3930 4642 4017 4688 γε,

2464 4709 2516 4760 εἴ
2554 4711 2638 4771 τίς
2671 4728 2796 4761 ποτε
2853 4707 3006 4773 οὗτος
3043 4713 3068 4762 ὁ
3117 4714 3284 4781 ἥλιος,
3319 4713 3409 4764 τὸν
3453 4715 3703 4783 μάρτυρα
3751 4718 4019 4770 ποιεῖσθαι

2461 4799 2552 4851 τοῦ
2595 4801 2820 4863 πάθους,
2867 4805 2957 4854 καὶ
3010 4803 3070 4854 τὸ
3109 4803 3238 4855 αὐτὸ
3279 4807 3470 4866 ποιεῖν,
3513 4806 3668 4857 τοῦτο
3695 4809 3841 4858 ἐστιν
3874 4810 4019 4877 αὐτῷ

2456 4893 2747 4954 δυσωπεῖν,
2813 4897 2909 4947 καὶ
2960 4897 3256 4966 νεμεσητὸν
3309 4896 3586 4950 δεικνύναι
3638 4900 3727 4950 τὸν
3780 4900 4020 4953 τοιοῦτον

2453 4982 2709 5044 τοιούτοις
2774 4983 3079 5047 παίζεσθαι.
3143 4980 3294 5048 Εἶτα,
3329 4980 3372 5037 ὦ
3403 4987 3534 5056 πρὸς
3578 4985 3671 5038 τοῦ
3713 4987 3862 5056 ἡλίου
3897 4989 4017 5040 τού·

2453 5089 2545 5122 του
2580 5074 2837 5142 καθαρῶν
2861 5075 3116 5136 ἀκτίνων,
3159 5071 3248 5139 αἷς
3295 5080 3458 5140 αὐτός
3509 5095 3570 5144 γε
3608 5080 3877 5147 ὁσημέραι
3908 5097 4016 5145 φωι

2452 5163 2596 5232 τίζῃ,
2637 5168 2729 5216 καὶ
2765 5167 3013 5231 φωτίζεις
3041 5168 3130 5229 οὓς
3161 5170 3390 5231 ἁετιδεῖς
3428 5170 3754 5238 ἀπογεννᾷς,
3806 5171 4014 5236 $0.030-

2456 5255 2670 5321 φώτατε
2700 5257 2997 5324 ἀνθρώπων
3041 5260 3133 5310 καὶ
3165 5263 3508 5328 χαριέστατε,
3536 5264 3564 5310 ὁ
3589 5263 3760 5312 ταῦτα
3805 5262 4018 5331 ὑδριζό-

2460 5362 2619 5410 μενος
2641 5348 2795 5408 ἀετὸς
2833 5347 3007 5414 μάτην
3041 5349 3189 5400 ποθεῖ
3219 5350 3276 5401 τὸ
3310 5351 3424 5418 μεθ’
3455 5351 3607 5419 ὑμῶν
3655 5352 3862 5418 διάγειν
3911 5353 4014 5403 τὼν

2462 5438 2762 5504 μακαρίων,
2798 5438 2923 5490 ἔνθα
2969 5442 3090 5507 μάλ’
3115 5441 3276 5511 αἴθρη
3311 5443 3603 5504 πέπταται,
3639 5444 3728 5493 καὶ
3764 5442 4010 5509 ἀνέφελος

2458 5525 2825 5577 ἐκσπαπῦεῐσα
2846 5524 2934 5577 τοῦ
2964 5529 3129 5596 πηλοιῦ
3149 5531 3236 5582 καὶ
3265 5530 3350 5581 τι»)
3380 5531 3660 5598 τέἓμηᾱος,
3689 5533 3821 5597 012,
3848 5534 4011 5595 ῗγίηγε

1962 5689 2148 5749 Varla:
2198 5692 2497 5756 lectiones
2545 5707 2602 5757 et
2652 5705 2826 5762 note.

867 5770 940 5825 i-l't
977 5772 1046 5822 ila
1094 5775 1173 5826 illi
1199 5779 1340 5830 Ialtts
1371 5780 1713 5832 διιειι-ιιιιίιι..
