4240 6440
179 363 270 423 509

1118 357 1500 416 EPleOLE
1543 356 1748 414 XXXV
1792 356 1832 410 .\
1877 356 1928 414 .l.
1975 357 2208 416 LAMIO
2240 358 2511 419 EDITA-3.

3291 358 3390 422 510

178 467 340 539 οτμαι,
373 469 588 539 ἐρεῖς·ἧ
617 469 711 536 τὴν
744 467 980 521 ἐνταῦθα
1021 468 1126 519 τῶν
1158 467 1340 529 κακῶν
1387 466 1585 533 λίμνην
1634 466 1724 514 καὶ
1757 470 1800 524 Α
1831 465 1852 515 l1

1715 481 1724 512 ι
1757 470 1800 524 Α
1831 465 2253 519 liaucmalorum
2276 468 2548 534 paludem.
2584 480 2746 534 atque
2771 469 2891 536 ejus
2928 466 3210 538 indigenas
3238 471 3389 538 judi-

178 563 292 624 τούς
343 562 542 629 ταύτης
593 562 849 628 ἐκγόνους
923 561 1315 627 κατακριοείης
1380 557 1680 627 βατράχους
1710 572 1721 583 ·

179 653 300 705 Οὑδέ
331 652 439 719 γὰρ
467 653 575 720 ἔχω
609 653 661 704 τί
692 654 754 706 ἄν
804 670 884 705 σοι
919 652 1317 720 ἐπαρασαίμην
1350 650 1475 702 ἄλλο
1510 649 1600 699 καὶ
1630 647 1728 709 τῆς

178 745 432 812 συνήθους
464 746 742 814 ποδάγρας
768 745 954 811 ἄλγιον
978 746 1207 812 τρυφᾷν.
1235 742 1325 793 Σοὶ
1351 741 1492 794 δοκῶ
1519 740 1729 801 παίζων

176 831 323 884 οὕτωο
358 835 450 886 καὶ
475 835 563 886 ναὶ
595 834 671 901 μὰ
699 835 819 895 τούς
838 833 1047 900 λόγους,
1085 831 1352 884 τοσούτων
1382 849 1464 900 μςι
1493 832 1721 898 γέμουσι

177 927 419 996 χαρίτων,
465 927 556 977 καὶ
600 925 742 978 οὕτω
767 925 968 993 δεαχέει
1002 940 1067 992 με
1099 924 1194 975 καὶ
1237 923 1728 991 μνημονευόμενον,

177 1015 244 1076 ὡς
272 1016 362 1067 καὶ
406 1018 516 1077 τοῖς
547 1016 682 1085 πρὸς
725 1013 783 1066 σὲ
815 1014 1140 1086 γράμμασιν
1174 1014 1304 1065 αὐτὸ
1340 1012 1498 1064 τοῦτο
1537 1013 1730 1082 ἐπιση-

183 1105 503 1174 μαίνεσθαι·
553 1107 644 1158 καὶ
700 1107 880 1175 πάσης
932 1104 1235 1174 τηνικαῦτα
1277 1105 1453 1173 λύπης
1501 1121 1567 1172 με
1607 1103 1731 1154 λύε-

180 1197 312 1260 σθαι,
360 1199 454 1250 καὶ
506 1197 693 1250 ἄνετον
732 1197 868 1266 πρὸς
899 1195 992 1259 τὰς
1025 1195 1122 1257 σὰς
1173 1196 1398 1266 χάριτας
1449 1196 1729 1264 φέρεσθαι,

179 1289 356 1350 ἄλλαις
390 1289 454 1356 δὴ
485 1306 594 1340 τισι
621 1288 860 1360 χάρισιν.
907 1287 1067 1340 Ἀλλὰ
1096 1287 1210 1357 δοίη
1264 1287 1392 1341 ποτὲ
1424 1289 1451 1338 ό
1500 1286 1573 1355 τῷ
1619 1287 1732 1338 ὗντι

178 1380 515 1449 χαριτοδότης
573 1379 704 1443 Θεὸς
760 1380 926 1450 κάμοὶ
984 1377 1222 1445 παντελῆ
1315 1377 1420 1429 τῶν
1498 1377 1731 1430 ἐνταῦθα

180 1473 321 1523 λύσιν
342 1472 547 1534 κακῶν,
578 1471 610 1541 ἢ
637 1472 1004 1539 παράκλησιν,
1037 1469 1132 1522 καὶ
1185 1470 1263 1520 col
1294 1470 1390 1537 τῆς
1419 1469 1732 1538 ἁμειλίκτου

181 1564 334 1631 θηρός
367 1563 688 1632 ἀπαλλαγὴν
737 1561 945 1616 τελείαν
996 1563 1028 1633 ἢ
1074 1565 1258 1618 ἄνεσιν
1345 1563 1419 1613 Οὐ
1460 1562 1567 1629 γὰρ
1605 1559 1732 1629 δὴῆ

183 1655 322 1721 μόνοι
367 1672 464 1722 της
515 1653 634 1707 κατ’
671 1653 830 1705 αὐτὸν
865 1652 986 1708 ὀδοῦ
1018 1648 1500 1720 ἀπεσφαλημεν,ἦ
1557 1648 1736 1717 μόνοις

183 1747 302 1813 ἡμῖν
341 1745 634 1814 ἀπένειμεν
664 1745 900 1813 ἄκρατον
923 1743 980 1796 τὺ
1009 1743 1166 1797 κόνδυ
1197 1743 1295 1811 τῆς
1326 1741 1556 1803 πόσεως.

769 1859 991 1914 ΕΠΙΣΤ.
1026 1858 1100 1911 Γ’.

186 1972 262 2038 Τῷ
311 1973 659 2038 διδασκάλῳ
719 1973 825 2040 τῆς
872 1972 1143 2041 μεγάλης
1189 1969 1523 2041 ἐκκλησίας
1578 1964 1736 2032 κνρῷ

557 2039 783 2111 Nimim
819 2043 898 2108 τῷ
929 2039 1046 2095 τῶν
1097 2039 1351 2109 Σερῤῶν.

258 2157 587 2224 Ἐβουλήθην
616 2157 714 2223 μὲν
745 2156 837 2208 καὶ
866 2155 1001 2224 πρὸς
1024 2152 1124 2222 τὴν
1154 2153 1255 2219 σὴν
1306 2148 1565 2217 ἁγιότητα
1634 2167 1734 2216 μα-

184 2252 323 2316 κροῖς
349 2251 683 2317 ἐνευκαιρεῖν
703 2249 904 2311 λόγοις,
956 2248 1050 2299 καὶ
1087 2241 1466 2314 προδεικνύναι
1499 2259 1592 2292 σου
1629 2244 1738 2303 τοῖς

185 2339 482 2406 ὲμπαθέσιν
532 2337 832 2405 όξθαλμοῖς
893 2337 1234 2404 πλατυτέραν
1290 2335 1388 2404 τὴν
1419 2333 1556 2403 ἐμὴν
1607 2350 1738 2399 σκη-

187 2432 274 2499 νὴν
295 2431 402 2482 τῶν
437 2430 781 2498 τραγῳδιῶν.
829 2427 1178 2496 Ἀλλ’ἐπειδὴ
1208 2427 1300 2480 καὶ
1341 2425 1501 2479 τοῦτο
1548 2426 1743 2477 δυστυ-

188 2520 399 2588 χοῦμεν,
433 2521 606 2572 πύθου
641 2518 734 2571 τοῦ
789 2517 925 2588 πρὸς
959 2518 1048 2571 τὸν
1082 2519 1258 2570 κοινὸν
1284 2517 1440 2587 ἡμῶν
1470 2515 1630 2567 αὐτὸν
1654 2515 1743 2566 τὸν

191 2615 354 2680 μέγαν
386 2613 706 2680 ὼμέστικον
735 2611 1104 2680 γραμματίικυ,
1137 2611 1298 2680 ἡλίκα
1328 2612 1420 2662 καὶ
1479 2605 1566 2660 οἷα
1635 2609 1742 2662 πά·

187 2721 377 2770 σχομεν
399 2721 414 2734 -
450 2704 549 2756 κᾶν
582 2706 678 2772 μὲν
707 2703 985 2773 αὐτάρκης
1033 2705 1067 2772 ἡ
1101 2703 1230 2773 παρ’
1265 2702 1469 2754 ἐκείνου
1497 2700 1745 2752 διδασκα-

185 2792 265 2846 λία
296 2797 360 2864 τῇ
381 2798 446 2864 σῇ
478 2795 712 2858 συνέσει,
756 2793 913 2861 γενοῦ
935 2795 1028 2846 καὶ
1056 2793 1160 2847 τῶν
1183 2794 1466 2863 ἡμετέρων
1491 2792 1746 2845 διδασκαο

187 2885 269 2945 λος
297 2887 498 2945 ἄλλοις.
543 2887 678 2938 Οὐδὲ
711 2903 792 2938 σοι
838 2885 1286 2950 διεξοδικωτέοων
1311 2884 1390 2936 δεῖ
1441 2884 1613 2949 λόγων
1648 2885 1747 2950 ῇηο

185 2979 346 3043 τήσας
374 2977 474 3046 τὴν
504 2976 637 3045 πρὸς
653 2976 849 3028 τὴνέπὶ
870 2975 977 3027 τῶν
997 2976 1235 3043 δεήσεων
1257 2971 1544 3040 ἐπιστολὴν
1571 2972 1744 3040 ἡμῶν,

189 3067 250 3134 ἢν
280 3069 496 3129 πάντως
530 3069 606 3133 (a)
639 3067 666 3116 ὁ
699 3066 789 3128 σὸς
817 3065 1056 3136 μαθητὴς
1093 3065 1189 3117 καὶ
1210 3064 1437 3130 ἀδελφὸς
1467 3062 1595 3131 ἐμὸς
1627 3065 1746 3114 ἐπι-

187 3157 337 3208 δώσει
364 3173 472 3222 σοι,
523 3159 682 3210 πλέον
711 3175 762 3208 τι
801 3157 1017 3224 μαθήσῃ
1047 3155 1205 3223 τυχὸν
1271 3158 1361 3206 καὶ
1392 3154 1740 3222 γυμνότερον.
1771 3143 1814 3199 C

191 3246 327 3315 Πλὴν
358 3248 472 3300 ἀλλ’
493 3249 764 3317 ὁποτέρως
796 3248 861 3300 ἂν
895 3248 1174 3315 ἐπιγνοίης
1198 3244 1266 3296 τὰ
1311 3246 1371 3296 ἐν
1431 3244 1564 3306 οἵοις
1611 3244 1744 3311 εἰμὶ,

191 3337 473 3390 ἀλλοιῶσαι
531 3339 704 3391 ταῦτα
746 3340 862 3400 ταῖς
914 3337 1101 3406 εὐχαῖς
1148 3335 1446 3388 σπούδασον
1511 3335 1746 3398 πάντως,

191 3427 244 3491 ὓς
281 3431 526 3497 μακροὺς
564 3432 650 3481 ἐπ’
710 3429 1001 3498 ἐκκλησίας
1042 3427 1333 3497 κηρύττεις
1373 3427 1605 3494 λόγους.
1657 3428 1750 3477 Φι-

193 3521 502 3591 λὰνθρωπον
536 3523 734 3591 μᾶλλον
763 3521 795 3590 ἢ
826 3521 1031 3573 δίκαιον
1059 3521 1233 3581 οὕτως
1254 3520 1394 3588 ὑπὲρ
1423 3519 1610 3570 δούλου
1645 3537 1750 3587 μα-

194 3613 298 3682 κρὰ
325 3632 390 3665 πε
404 3615 714 3683 πονηκότος.
747 3614 854 3664 Καὶ
877 3612 1121 3682 βραχέων
1153 3628 1246 3663 σου
1283 3611 1544 3680 ῥημάτων
1581 3607 1752 3662 ἁκού-

197 3719 358 3758 σεται.

801 3815 1022 3868 ΕΠΙΣΤ.
1060 3819 1132 3866 Δ’.

268 3932 374 3984 Τοῦ
409 3930 594 3982 αὐτοῦ
625 3929 938 3994 ἐπιστολὴ,
980 3928 1054 3993 τῷ
1106 3926 1379 3991 σεϐαστῷ
1441 3927 1685 3993 Ἰωάννῃ

412 3999 493 4064 τῷ
526 3997 981 4067 τυναικαδέλφῳ
1011 4000 1115 4053 τοῦ
1140 3997 1460 4062 βασιλέως.

268 4115 362 4175 Τίς
387 4113 453 4164 ἄν
478 4129 567 4180 μοι
597 4110 789 4180 σχολὴν
822 4109 986 4163 ἔδωκε
1022 4111 1157 4180 πρὸς
1174 4109 1387 4176 λόγους,
1415 4107 1758 4161 πανσέϐαστέ

208 4223 301 4272 μου
334 4203 685 4272 ἀντιλῆπτορ,
716 4204 812 4269 ὅση
851 4218 938 4268 μοι
961 4199 1235 4270 βούλησις,
1273 4200 1360 4251 ἴνα
1390 4216 1470 4250 σοι
1502 4200 1636 4267 πρὸς
1664 4198 1760 4266 τὴν

202 4295 290 4347 τοῦ
331 4292 757 4363 κατορθώματος
783 4291 964 4363 δόξαν,
989 4292 1088 4362 τὴν
1117 4293 1360 4359 γλῶτταν
1382 4291 1601 4359 ἦρμοσα
1626 4307 1639 4354 ;
1668 4289 1763 4351 Τίς

203 4383 244 4435 δ’
267 4385 331 4437 ἄν
365 4402 454 4453 μοι
490 4383 734 4451 ῥητόρων
770 4382 925 4450 χορὸν
960 4381 1380 4451 συνεκρότησεν,
1425 4380 1511 4432 ἵνα
1573 4379 1758 4431 τούτου

1829 557 2038 610 cavetit
2067 559 2273 610 ranas?
2300 559 2486 626 Neque
2517 559 2660 610 enim
2684 560 2855 612 habeo
2893 559 3059 617 aliud,
3116 560 3258 628 quod
3296 562 3390 612 tibi

1830 653 2120 718 imprecer,
2151 652 2334 704 nisiut
2361 652 2411 702 in
2439 652 2652 704 deliciis
2708 666 2830 702 cum
2875 651 3059 703 dolore
3119 667 3394 705 consuetu:

1829 743 2077 810 podagra)
2103 745 2270 795 vivas.
2311 743 2505 795 Vitleor
2543 744 2610 795 ita
2640 743 2732 795 tibi
2774 741 2966 808 jocari.
3018 742 3076 794 Et
3119 756 3266 798 certe
3303 761 3395 808 ιιι-ι·

1833 834 1931 884 Ιιοε
1973 849 2253 886 sermones
2290 835 2422 885 adeo
2458 834 2586 885 mibi
2626 836 2923 900 gratiarum
2978 832 3161 900 plenos
3194 851 3271 888 εις
3311 853 3395 887 tuo

1833 926 2087 980 diffundit
2111 927 2161 977 in
2202 925 2519 978 memoriam
2556 939 2952 984 recordantem,
2984 934 3040 975 ut
3064 929 3202 976 datis
3235 924 3392 992 713

1833 1024 1898 1074 ad
1929 1030 1979 1074 te
2008 1019 2206 1072 litteris
2238 1018 2290 1071 id
2325 1017 2650 1086 significem.
2688 1028 2850 1083 atque
2879 1017 2944 1069 ab
2979 1016 3128 1068 omni
3185 1016 3386 1068 intem.

1835 1115 2029 1167 liberer
2052 1113 2270 1166 tristitia
2295 1129 2308 1172 ;
2335 1119 2589 1178 patetque
2629 1123 2714 1160 me
2767 1109 2876 1160 tuis
2911 1109 3100 1175 gratiis
3129 1109 3264 1160 altas
3310 1123 3398 1158 γει-υ

1833 1205 1972 1258 ferre
1999 1207 2222 1272 gratias.
2254 1202 2350 1255 Det
2381 1211 2559 1253 autem
2580 1215 2705 1253 vere
2724 1199 3017 1266 gratiarum
3051 1201 3208 1253 dator
3230 1197 3394 1260 Deus,

1833 1305 1887 1350 et
1911 1297 2040 1349 mihi
2072 1295 2138 1347 ab
2169 1294 2319 1348 hisce
2366 1291 2591 1346 omnino
2657 1293 2812 1342 mali:
2860 1289 3255 1344 absolutionem
3305 1297 3398 1340 aut

1834 1387 2284 1450 consolationem,
2312 1396 2364 1438 et
2389 1384 2482 1437 tibi
2509 1382 2575 1434 ab
2603 1396 2792 1449 aspera
2820 1381 2989 1432 bellua
3021 1378 3394 1432 liberationem

1833 1479 2125 1549 perfectam
2159 1486 2250 1530 aut
2286 1475 2713 1538 relaxationem;
2745 1485 2850 1525 non
2885 1470 3026 1526 enim
3059 1469 3160 1524 soli
3186 1470 3254 1521 ab
3277 1467 3394 1533 ejus

1834 1571 1920 1622 via
1950 1569 2346 1629 aberravimus,
2385 1574 2481 1618 aut
2515 1565 2672 1618 nobis
2740 1572 2950 1616 tantum
2995 1561 3226 1629 praebuit
3288 1574 3395 1612 non

1835 1659 2066 1712 dilutum
2085 1657 2324 1726 potionis
2347 1655 2591 1709 calicem.

2443 1859 2652 1914 EPIST.
2698 1857 2784 1912 lll.

1837 1980 2038 2034 Damno
2071 1977 2291 2036 Nicetw,
2323 1992 2526 2041 magna:
2561 1975 2789 2027 ecclesia:
2816 1975 3088 2043 magistro.
3125 1971 3402 2025 Serrorum

2491 2061 2628 2112 epist:
2642 2061 2752 2112 apo.

1911 2162 2066 2214 Volui
2097 2161 2349 2228 equidem
2403 2167 2457 2212 et
2487 2159 2552 2211 ad
2592 2160 2934 2211 sanctitatem
2967 2167 3112 2208 tuam
3154 2155 3230 2222 plt
3252 2151 3403 2204 rimis

1841 2263 2144 2322 opportune
2178 2252 2417 2304 scribere
2443 2251 2807 2311 sermonibus,
2849 2258 2904 2300 et
2945 2247 3404 2315 compatientibus

1845 2344 1953 2395 tuis
1987 2343 2160 2394 oculis
2190 2341 2508 2407 ampliorem
2543 2340 2797 2393 exhibere
2818 2353 2990 2392 meam
3021 2338 3403 2405 tragmdiarum

1844 2448 2085 2489 scenam.
2116 2430 2382 2495 Quoniam
2416 2445 2542 2484 vero
2565 2439 2621 2483 et
2655 2431 2706 2483 in
2746 2431 2846 2483 hoc
2879 2430 3062 2483 miseri
3094 2445 3306 2490 sumus,
3339 2443 3403 2482 ex

1844 2525 2089 2592 epistola,
2137 2539 2300 2591 quam
2348 2523 2414 2575 ad
2467 2537 2808 2576 communem
2863 2533 3110 2575 nostrum
3171 2522 3404 2573 amicum

1846 2618 1968 2672 dedi
2027 2617 2389 2670 domesticum
2461 2629 2757 2684 magnum,
2816 2615 3044 2682 accipito
3098 2620 3300 2679 quanta
3356 2619 3409 2662 et

1847 2711 2025 2780 qualia
2055 2709 2291 2778 patimur
2328 2727 2341 2760 :
2378 2709 2511 2761 satis
2537 2707 2642 2760 erit
2685 2706 3054 2774 intelligentia:
3089 2715 3190 2756 tua:
3221 2720 3287 2757 ex
3317 2701 3407 2757 illa

1850 2804 1952 2855 hoc
1997 2801 2206 2853 audire.
2258 2797 2386 2853 Esto
2435 2807 2489 2852 et
2542 2807 2851 2852 nostrarum
2905 2811 3086 2850 rerum
3154 2794 3412 2862 magister

1850 2892 1989 2944 aliis.
2026 2888 2179 2954 Quod
2212 2889 2255 2942 si
2312 2885 2709 2955 profusioril‘us
2760 2901 2898 2955 Opus
2948 2894 3018 2940 εει
3068 2885 3411 2938 sermonibus

1849 2983 2131 3051 epistolam
2165 2989 2407 3035 nostram
2439 2996 2690 3046 quaerens
2741 2981 2804 3033 ad
2852 2995 2974 3033 eum
3015 2979 3103 3047 qui
3137 2992 3163 3028 a
3210 2975 3413 3044 suppli-

1851 3072 2007 3124 cibus
2052 3081 2136 3124 est
2179 3071 2376 3124 libellis
2419 3072 2622 3132 datam,
2675 3084 2835 3136 quam
2877 3067 3077 3121 Pantas
3111 3067 3206 3121 tibi
3240 3066 3414 3119 'rarlet

1849 3173 2072 3216 sanctus
2124 3161 2426 3229 discipulus
2469 3175 2531 3213 ac
2583 3160 2751 3214 frater
2796 3175 2969 3220 meus,
3025 3159 3199 3226 majus
3257 3158 3414 3224 quid—

1849 3269 2011 3323 quam
2050 3252 2280 3307 fortasse
2332 3252 2603 3320 intelliges
2648 3266 2711 3304 ac
2766 3252 2937 3320 magis
2982 3251 3275 3304 sincerum.
3319 3248 3414 3301 Ve-

1851 3351 2156 3397 rumtamen
2207 3342 2416 3395 ntrovis
2464 3343 2626 3394 modo
2685 3341 2889 3408 poteris
2944 3354 3315 3409 cognoscere,
3362 3340 3413 3390 in

1851 3433 2045 3500 quibus
2078 3446 2283 3485 versor.
2311 3429 2452 3484 Cura
2500 3430 2615 3484 haec
2645 3431 2751 3484 tuis
2785 3431 3013 3484 omnino
3045 3440 3252 3483 mutare
3289 3445 3409 3498 pre-

1852 3525 2024 3585 cibus,
2057 3523 2150 3591 qui
2202 3521 2373 3590 longis
2432 3522 2487 3574 in
2529 3522 2761 3576 ecclesia
2804 3522 3148 3576 sermonibus
3195 3524 3416 3574 cont-iu-

1853 3614 2020 3667 naris.
2057 3613 2360 3666 Humanum
2423 3613 2593 3680 magis
2647 3627 2808 3680 quam
2855 3612 3062 3678 justum
3111 3613 3277 3666 facies
3325 3627 3417 3678 pr:

1855 3704 2054 3758 famulo
2088 3705 2177 3759 diu
2212 3706 2509 3760 laborante.
2561 3704 2623 3757 Et
2677 3703 2858 3757 brevia
2901 3712 2990 3755 tua
3036 3702 3180 3756 dicta
3215 3706 3417 3756 audiet.

2464 3815 2676 3869 EPIST.
2723 3814 2808 3868 IV.

1862 3931 2112 3999 Ejitsdem
2166 3931 2386 3997 epistola
2425 3928 2645 4011 Sebasto
2679 3928 2875 4011 {omini
2921 3930 3142 3995 Augusti
3187 3927 3418 3997 conjugis

2541 4010 2717 4066 ,rutrt.

1932 4115 2127 4182 Ecquis
2163 4115 2291 4166 mihi
2324 4112 2532 4165 dederit
2563 4113 2731 4164 otium
2770 4112 2832 4163 ad
2865 4110 3176 4173 dicendum,
3203 4112 3425 4161 Ollttlllm

1862 4206 2163 4260 venerande
2203 4204 2272 4258 mi
2322 4212 2626 4273 susceptor,
2691 4211 2889 4272 quanta
2955 4202 3085 4255 mihi
3151 4201 3424 4257 voluntas.

1865 4307 1921 4351 ut
1960 4297 2025 4350 ad
2093 4297 2168 4350 rei
2233 4295 2460 4349 feliciter
2521 4305 2687 4365 gestia
2740 4295 2970 4364 gloriam
3027 4293 3121 4346 tibi
3189 4292 3427 4359 linguam

1863 4386 2304 4440 accommodem?
2343 4384 2476 4449 Quis
2530 4386 2659 4437 milii
2717 4386 2994 4437 rhetorum
3028 4383 3254 4437 chorum
3299 4396 3429 4433 con-

205 4478 492 4545 κορυφαῖος
515 4475 821 4542 γενόμενος,
847 4475 982 4543 ὅπερ
1011 4468 1076 4541 ἦν
1110 4489 1261 4536 ποτε,
1291 4467 1406 4524 εἶτα
1433 4471 1553 4531 δοὺς
1580 4471 1763 4532 αὐτοῖς
1798 4488 1837 4541 [ι
1868 4491 1879 4544 ε

1753 4488 1837 4541 :[t
1868 4475 2185 4544 gregaverit,
2233 4483 2287 4527 ut
2338 4475 2591 4544 princeps
2643 4473 2804 4542 hujus
2851 4472 3044 4536 factus,
3097 4471 3240 4539 quod
3285 4469 3427 4522 dice-

206 4566 263 4618 τδ
293 4568 594 4633 ἐνδόσιμον,
622 4567 770 4632 κοινῇ
805 4564 901 4634 τὴν
930 4563 1149 4631 λογικὴν
1182 4564 1402 4632 χορείαν
1429 4563 1722 4631 ἐπλήρωσα
1750 4579 1763 4626 ;

209 4657 276 4708 Σὺ
305 4659 411 4726 γὰρ
439 4657 628 4726 βοηθὸς
652 4659 706 4708 ἐν
741 4656 950 4724 θλίψεσι
977 4657 1093 4716 ταῖς
1117 4655 1400 4724 εὐρούσαις
1445 4656 1588 4722 ἡμᾶς
1642 4655 1768 4719 σφό-

210 4747 305 4815 δρα
336 4748 488 4816 παρὰ
532 4747 624 4798 τοῦ
652 4744 899 4816 βοήθειαν
921 4745 1395 4808 ὲξαποστείλαντός
1420 4762 1500 4796 σοι
1529 4747 1586 4809 ἐξ
1616 4746 1770 4812 ἁγίου

213 4839 303 4888 καὶ
365 4838 839 4905 ὑπερασπίσαντας
911 4835 1288 4898 ἁναδέδειξαι·
1329 4836 1390 4887 σὺ
1454 4835 1774 4904 συνέτριψας

212 4926 304 4987 τὰς
338 4926 580 4993 κεφαλὰς
604 4926 712 4977 τῶν
763 4910 1069 4995 δρακόντων
1124 4925 1214 4975 ἐπὶ
1276 4923 1369 4976 τοῦ
1425 4923 1650 4985 ὓδατος⁹
1713 4925 1774 4975 σὺ
1822 4958 1828 4968 ι

217 5018 545 5079 συνέθλασας
577 5017 675 5084 τὴν
711 5017 954 5085 κεφαλὴν
1004 5016 1098 5069 τοῦ
1140 5015 1453 5086 δράκοντος,
1512 5014 1610 5067 κᾶν
1679 5015 1774 5066 νῦν

220 5111 420 5180 σπαῐρῃ
459 5109 537 5178 τῷ
567 5109 772 5177 οὐραίῳ
797 5109 894 5160 καὶ
918 5109 1048 5177 δοκῇ
1078 5109 1195 5178 ζῇν,
1233 5107 1403 5169 οὕτως
1459 5107 1609 5175 παρὰ
1662 5109 1777 5169 τοῖς

223 5201 388 5271 ὀρθῶς
425 5200 722 5269 κρίνουσιν,
759 5199 832 5262 ὡς
861 5201 1025 5268 ἡμεῖς
1054 5215 1115 5264 γε
1151 5199 1300 5266 παρὰ
1332 5197 1425 5248 σού
1451 5196 1546 5247 τοῦ
1586 5197 1775 5266 λαβόν-

223 5309 306 5354 τος
329 5291 558 5360 δύναμον
575 5293 764 5343 πατεῖν
781 5291 870 5341 ἐπὶ
894 5291 1072 5341 πᾶσαν
1092 5289 1189 5358 τὴν
1206 5289 1436 5355 δύναμιν
1461 5287 1553 5339 τοῦ
1581 5288 1775 5357 ἐχθροῦ

291 5466 336 5499 ⁸⁸
374 5466 521 5521 Psal.
555 5483 674 5525 ην,
715 5469 769 5520 ‘5.
844 5467 889 5498 "
921 5464 1060 5519 Psal.
1087 5480 1278 5525 tum,
1313 5465 1399 5517 l3.

1476 5467 1518 5496 ⁸⁸
1548 5464 1678 5518 ὶΜιΙ.
1714 5466 1796 5518 Η.

1867 4567 1986 4619 bam
2029 4568 2189 4618 modo
2223 4580 2441 4618 carmen
2493 4566 2740 4632 praebens
2793 4565 2924 4634 ipsis
2978 4562 3301 4623 canendum,
3354 4561 3415 4613 fu-

1868 4657 2100 4710 cundam
2130 4657 2290 4708 simul
2325 4656 2576 4724 impleam
2610 4657 2908 4709 clioream?
2937 4654 3014 4706 Tu
3064 4655 3206 4706 enim
3242 4655 3308 4706 ab
3341 4654 3432 4705 illo

1870 4749 1959 4814 qui
2015 4747 2179 4798 mittit
2236 4749 2329 4802 tibi
2376 4749 2638 4800 auxilium
2684 4745 2749 4799 de
2801 4755 3010 4808 sunt-to,
3051 4753 3101 4797 et
3134 4754 3312 4796 tuetur
3356 4755 3425 4803 te,

1872 4838 2204 4892 constitutus
2235 4852 2292 4890 es
2324 4837 2540 4904 adjutor
2572 4837 2623 4889 in
2658 4837 3103 4888 tribulationibus
3136 4850 3256 4902 qua:
3287 4835 3435 4885 inve-

1876 4936 2072 4980 nerunt
2103 4943 2202 4981 nos
2236 4929 2395 4980 nimis
2430 4926 2498 4980 ¹⁸.
2543 4925 2621 4978 Τιι
2674 4926 2983 4980 contrivisti
3033 4926 3204 4992 capita
3239 4923 3434 4977 draco—

1877 5009 1999 5067 imm
2040 5017 2092 5069 in
2152 5033 2289 5085 aqua
2345 5018 2412 5069 ".
2481 5015 2559 5069 Tu
2629 5016 3004 5070 contribulasti
3062 5011 3240 5083 caput
3277 5010 3441 5081 714

1876 5106 2128 5161 draconis
2182 5109 2247 5170 “,
2295 5117 2345 5161 et
2402 5108 2649 5174 quamvis
2703 5107 2872 5160 cauda
2933 5123 3075 5159 Iinnc
3121 5105 3338 5174 palpitet
3385 5112 3436 5154 et

1876 5195 2121 5249 videatur
2152 5199 2350 5255 vivere.
2395 5199 2462 5251 de
2493 5215 2556 5252 co
2601 5207 2779 5250 tamen
2837 5198 2908 5249 ita
2961 5213 3066 5248 nun
3113 5204 3256 5248 recte
3290 5195 3440 5260 judi—

1883 5295 2026 5347 cant,
2077 5297 2133 5340 ut
2170 5303 2268 5341 nos
2297 5289 2513 5356 quidem
2549 5303 2575 5339 a
2634 5297 2705 5349 te,
2745 5290 2832 5355 qui
2880 5289 3129 5337 virtutem
3179 5283 3439 5349 accepisti

1376 5559 1568 5620 Varia)
1613 5559 1911 5621 lectiones
1957 5569 2011 5618 Cl
2058 5569 2241 5620 littlt't‘.

296 5665 366 5730 (τι)
398 5665 669 5731 lntcrprcs
719 5661 911 5714 Paulus
977 5659 1100 5715 fecit
1149 5666 1454 5728 proprium;
1517 5675 1744 5727 ιρι-δηυο
1797 5665 1951 5717 lectio
2007 5674 2150 5716 slﬂlt‘
2188 5672 2432 5731 patt‘stet
2487 5677 2586 5715 non
2627 5663 2888 5714 ltztltt‘llttts
2933 5662 3071 5716 unde
3106 5660 3190 5710 alii
3261 5656 3438 5725 potius

233 5750 390 5806 quant
424 5737 578 5788 alteri
620 5735 1009 5785 adbaarcamus.
1052 5731 1206 5786 iuon‘.
1241 5733 1337 5783 ινιτ
1357 5748 1405 5782 ιι.
