  <div class='ocr_page' id='page_1' title='image "/cluster/home/n/w/nwhite01/storage/ocr_20150623/126/nnc1.0046979859/263.png"; bbox 0 0 4240 6440; ppageno 0'>
   <div class='ocr_carea' id='block_1_1' title="bbox 805 371 907 440">
    <p class='ocr_par' dir='ltr' id='par_1_1' title="bbox 805 371 907 440">
     <span class='ocr_line' id='line_1_1' title="bbox 805 371 907 440; baseline -0.01 -1"><span class='ocrx_word' id='word_1_1' title='bbox 805 371 907 440; x_wconf 76' lang='grc'><strong>511</strong></span> 
     </span>
    </p>
   </div>
   <div class='ocr_carea' id='block_1_2' title="bbox 1691 362 3123 434">
    <p class='ocr_par' dir='ltr' id='par_1_2' title="bbox 1691 362 3123 434">
     <span class='ocr_line' id='line_1_2' title="bbox 1691 362 3123 434; baseline -0.006 -2"><span class='ocrx_word' id='word_1_2' title='bbox 1691 368 2271 434; x_wconf 81' lang='lat' dir='ltr'><strong>THEOPHYLACTI</strong></span> <span class='ocrx_word' id='word_1_3' title='bbox 2315 363 2726 428; x_wconf 64' lang='lat' dir='ltr'><strong>BULGARIE</strong></span> <span class='ocrx_word' id='word_1_4' title='bbox 2764 362 3123 427; x_wconf 80' lang='lat' dir='ltr'><strong>ARCHIEP.</strong></span> 
     </span>
    </p>
   </div>
   <div class='ocr_carea' id='block_1_3' title="bbox 3956 356 4067 423">
    <p class='ocr_par' dir='ltr' id='par_1_3' title="bbox 3956 356 4067 423">
     <span class='ocr_line' id='line_1_3' title="bbox 3956 356 4067 423; baseline 0 0"><span class='ocrx_word' id='word_1_5' title='bbox 3956 356 4067 423; x_wconf 76' lang='lat'><strong>512</strong></span> 
     </span>
    </p>
   </div>
   <div class='ocr_carea' id='block_1_4' title="bbox 805 469 2376 556">
    <p class='ocr_par' dir='ltr' id='par_1_4' title="bbox 805 482 2376 556">
     <span class='ocr_line' id='line_1_4' title="bbox 805 482 2376 556; baseline -0.005 -12"><span class='ocrx_word' id='word_1_6' title='bbox 805 488 1050 545; x_wconf 88' lang='lat' dir='ltr'><strong>calcandi</strong></span> <span class='ocrx_word' id='word_1_7' title='bbox 1099 502 1314 543; x_wconf 86' lang='lat' dir='ltr'><strong>omnem</strong></span> <span class='ocrx_word' id='word_1_8' title='bbox 1377 484 1584 540; x_wconf 89' lang='lat' dir='ltr'><strong>inimici</strong></span> <span class='ocrx_word' id='word_1_9' title='bbox 1634 493 2000 556; x_wconf 87' lang='lat' dir='ltr'><strong>potestatem,</strong></span> <span class='ocrx_word' id='word_1_10' title='bbox 2050 482 2376 552; x_wconf 76' lang='lat' dir='ltr'><strong>accipientes</strong></span> 
     </span>
    </p>
   </div>
   <div class='ocr_carea' id='block_1_5' title="bbox 2313 469 4070 556">
    <p class='ocr_par' dir='ltr' id='par_1_5' title="bbox 2313 469 4070 549">
     <span class='ocr_line' id='line_1_5' title="bbox 2313 469 4070 549; baseline -0.005 -16"><span class='ocrx_word' id='word_1_11' title='bbox 2313 490 2387 536; x_wconf 78' lang='lat' dir='ltr'><strong>Les</strong></span> <span class='ocrx_word' id='word_1_12' title='bbox 2415 480 2460 538; x_wconf 77' lang='grc' dir='ltr'><strong>Δ</strong></span> <span class='ocrx_word' id='word_1_13' title='bbox 2489 478 2550 532; x_wconf 76' lang='grc' dir='ltr'>τὸ</span> <span class='ocrx_word' id='word_1_14' title='bbox 2577 476 2680 549; x_wconf 78' lang='grc' dir='ltr'><strong>ζῇν</strong></span> <span class='ocrx_word' id='word_1_15' title='bbox 2734 474 3126 546; x_wconf 78' lang='grc' dir='ltr'><strong>ἀπειληφότες,</strong></span> <span class='ocrx_word' id='word_1_16' title='bbox 3157 470 3479 543; x_wconf 83' lang='grc' dir='ltr'>ἐγγελῶμεν</span> <span class='ocrx_word' id='word_1_17' title='bbox 3512 469 3606 525; x_wconf 72' lang='grc' dir='ltr'>τὸν</span> <span class='ocrx_word' id='word_1_18' title='bbox 3637 470 4070 542; x_wconf 85' lang='grc' dir='ltr'>καυχησάμενον</span> 
     </span>
    </p>
   </div>
   <div class='ocr_carea' id='block_1_6' title="bbox 804 576 2384 648">
    <p class='ocr_par' dir='ltr' id='par_1_6' title="bbox 804 576 2384 648">
     <span class='ocr_line' id='line_1_6' title="bbox 804 576 2384 648; baseline -0.001 -15"><span class='ocrx_word' id='word_1_19' title='bbox 804 583 998 644; x_wconf 83' lang='lat' dir='ltr'><strong>vitam,</strong></span> <span class='ocrx_word' id='word_1_20' title='bbox 1059 579 1387 634; x_wconf 81' lang='lat' dir='ltr'><strong>irrideamus</strong></span> <span class='ocrx_word' id='word_1_21' title='bbox 1432 578 1754 648; x_wconf 73' lang='lat' dir='ltr'><strong>gloriantem</strong></span> <span class='ocrx_word' id='word_1_22' title='bbox 1818 578 1872 632; x_wconf 94' lang='lat' dir='ltr'><strong>in</strong></span> <span class='ocrx_word' id='word_1_23' title='bbox 1946 576 2276 633; x_wconf 86' lang='lat' dir='ltr'><strong>immensum</strong></span> <span class='ocrx_word' id='word_1_24' title='bbox 2328 584 2384 631; x_wconf 85' lang='lat' dir='ltr'><strong>et</strong></span> 
     </span>
    </p>
   </div>
   <div class='ocr_carea' id='block_1_7' title="bbox 806 669 2383 736">
    <p class='ocr_par' dir='ltr' id='par_1_7' title="bbox 806 669 2383 736">
     <span class='ocr_line' id='line_1_7' title="bbox 806 669 2383 736; baseline -0.004 -7"><span class='ocrx_word' id='word_1_25' title='bbox 806 674 1079 729; x_wconf 74' lang='lat' dir='ltr'><strong>dicentem</strong></span> <span class='ocrx_word' id='word_1_26' title='bbox 1112 687 1127 725; x_wconf 87' lang='lat'><strong>:</strong></span> <span class='ocrx_word' id='word_1_27' title='bbox 1160 670 1322 726; x_wconf 82' lang='lat' dir='ltr'><strong>Manu</strong></span> <span class='ocrx_word' id='word_1_28' title='bbox 1359 684 1478 725; x_wconf 87' lang='lat' dir='ltr'><strong>mea</strong></span> <span class='ocrx_word' id='word_1_29' title='bbox 1506 678 1561 725; x_wconf 90' lang='lat' dir='ltr'><strong>et</strong></span> <span class='ocrx_word' id='word_1_30' title='bbox 1584 669 1771 725; x_wconf 88' lang='lat' dir='ltr'><strong>orbem</strong></span> <span class='ocrx_word' id='word_1_31' title='bbox 1810 679 2079 723; x_wconf 84' lang='lat' dir='ltr'><strong>terrarum</strong></span> <span class='ocrx_word' id='word_1_32' title='bbox 2128 682 2383 736; x_wconf 88' lang='lat' dir='ltr'><strong>compre-</strong></span> 
     </span>
    </p>
   </div>
   <div class='ocr_carea' id='block_1_8' title="bbox 811 758 2382 830">
    <p class='ocr_par' dir='ltr' id='par_1_8' title="bbox 811 758 2382 830">
     <span class='ocr_line' id='line_1_8' title="bbox 811 758 2382 830; baseline -0.004 -11"><span class='ocrx_word' id='word_1_33' title='bbox 811 764 1068 829; x_wconf 86' lang='lat' dir='ltr'><strong>hendam,</strong></span> <span class='ocrx_word' id='word_1_34' title='bbox 1122 771 1177 817; x_wconf 93' lang='lat' dir='ltr'><strong>et</strong></span> <span class='ocrx_word' id='word_1_35' title='bbox 1220 762 1409 818; x_wconf 88' lang='lat' dir='ltr'><strong>delebo</strong></span> <span class='ocrx_word' id='word_1_36' title='bbox 1461 776 1633 826; x_wconf 85' lang='lat' dir='ltr'><strong>mare,</strong></span> <span class='ocrx_word' id='word_1_37' title='bbox 1668 768 1723 815; x_wconf 89' lang='lat' dir='ltr'><strong>et</strong></span> <span class='ocrx_word' id='word_1_38' title='bbox 1767 760 1923 830; x_wconf 88' lang='lat' dir='ltr'><strong>quasi</strong></span> <span class='ocrx_word' id='word_1_39' title='bbox 1968 774 2071 816; x_wconf 86' lang='lat' dir='ltr'><strong>ova</strong></span> <span class='ocrx_word' id='word_1_40' title='bbox 2120 758 2382 814; x_wconf 87' lang='lat' dir='ltr'><strong>derelicta</strong></span> 
     </span>
    </p>
   </div>
   <div class='ocr_carea' id='block_1_9' title="bbox 812 850 2383 922">
    <p class='ocr_par' dir='ltr' id='par_1_9' title="bbox 812 850 2383 922">
     <span class='ocr_line' id='line_1_9' title="bbox 812 850 2383 922; baseline -0.004 -11"><span class='ocrx_word' id='word_1_41' title='bbox 812 856 997 911; x_wconf 89' lang='lat' dir='ltr'><strong>tollam</strong></span> <span class='ocrx_word' id='word_1_42' title='bbox 1048 855 1355 910; x_wconf 87' lang='lat' dir='ltr'><strong>universos.</strong></span> <span class='ocrx_word' id='word_1_43' title='bbox 1390 852 1593 908; x_wconf 79' lang='lat' dir='ltr'><strong>Verum</strong></span> <span class='ocrx_word' id='word_1_44' title='bbox 1629 853 1913 907; x_wconf 90' lang='lat' dir='ltr'><strong>enimvero</strong></span> <span class='ocrx_word' id='word_1_45' title='bbox 1940 866 2049 908; x_wconf 90' lang='lat' dir='ltr'><strong>non</strong></span> <span class='ocrx_word' id='word_1_46' title='bbox 2085 850 2383 922; x_wconf 85' lang='lat' dir='ltr'><strong>dereliqui-</strong></span> 
     </span>
    </p>
   </div>
   <div class='ocr_carea' id='block_1_10' title="bbox 808 944 2382 1018">
    <p class='ocr_par' dir='ltr' id='par_1_10' title="bbox 808 944 2382 1018">
     <span class='ocr_line' id='line_1_10' title="bbox 808 944 2382 1018; baseline -0.001 -16"><span class='ocrx_word' id='word_1_47' title='bbox 808 948 879 1002; x_wconf 87' lang='lat' dir='ltr'><strong>sti</strong></span> <span class='ocrx_word' id='word_1_48' title='bbox 914 955 1223 1018; x_wconf 67' lang='lat' dir='ltr'><strong>quaerentes</strong></span> <span class='ocrx_word' id='word_1_49' title='bbox 1266 953 1342 1011; x_wconf 91' lang='lat' dir='ltr'><strong>te,</strong></span> <span class='ocrx_word' id='word_1_50' title='bbox 1370 944 1598 1001; x_wconf 81' lang='lat' dir='ltr'><strong>Domine</strong></span> <span class='ocrx_word' id='word_1_51' title='bbox 1638 947 1704 999; x_wconf 85' lang='grc'><strong>⁶¹.</strong></span> <span class='ocrx_word' id='word_1_52' title='bbox 1760 944 2067 1014; x_wconf 74' lang='lat' dir='ltr'><strong>Respexisﬁ</strong></span> <span class='ocrx_word' id='word_1_53' title='bbox 2095 955 2278 1000; x_wconf 85' lang='lat' dir='ltr'><strong>autem</strong></span> <span class='ocrx_word' id='word_1_54' title='bbox 2314 945 2382 1000; x_wconf 91' lang='lat' dir='ltr'><strong>de</strong></span> 
     </span>
    </p>
   </div>
   <div class='ocr_carea' id='block_1_11' title="bbox 806 1035 2380 1107">
    <p class='ocr_par' dir='ltr' id='par_1_11' title="bbox 806 1035 2380 1107">
     <span class='ocr_line' id='line_1_11' title="bbox 806 1035 2380 1107; baseline -0.002 -13"><span class='ocrx_word' id='word_1_55' title='bbox 806 1040 947 1094; x_wconf 73' lang='lat' dir='ltr'><strong>cado</strong></span> <span class='ocrx_word' id='word_1_56' title='bbox 980 1040 1047 1103; x_wconf 82' lang='lat'><strong>“,</strong></span> <span class='ocrx_word' id='word_1_57' title='bbox 1088 1048 1144 1093; x_wconf 89' lang='lat' dir='ltr'><strong>ct</strong></span> <span class='ocrx_word' id='word_1_58' title='bbox 1177 1035 1361 1092; x_wconf 87' lang='lat' dir='ltr'><strong>vidisti</strong></span> <span class='ocrx_word' id='word_1_59' title='bbox 1409 1038 1547 1092; x_wconf 92' lang='lat' dir='ltr'><strong>ﬁlios</strong></span> <span class='ocrx_word' id='word_1_60' title='bbox 1593 1040 2047 1107; x_wconf 72' lang='lat' dir='ltr'><strong>interemptorum</strong></span> <span class='ocrx_word' id='word_1_61' title='bbox 2088 1037 2156 1103; x_wconf 80' lang='lat'><strong>“,</strong></span> <span class='ocrx_word' id='word_1_62' title='bbox 2184 1044 2241 1092; x_wconf 86' lang='lat' dir='ltr'><strong>et</strong></span> <span class='ocrx_word' id='word_1_63' title='bbox 2274 1036 2380 1091; x_wconf 86' lang='lat' dir='ltr'><strong>mi-</strong></span> 
     </span>
    </p>
   </div>
   <div class='ocr_carea' id='block_1_12' title="bbox 806 1127 2378 1198">
    <p class='ocr_par' dir='ltr' id='par_1_12' title="bbox 806 1127 2378 1198">
     <span class='ocr_line' id='line_1_12' title="bbox 806 1127 2378 1198; baseline -0.002 -15"><span class='ocrx_word' id='word_1_64' title='bbox 806 1138 989 1183; x_wconf 90' lang='lat' dir='ltr'><strong>sertus</strong></span> <span class='ocrx_word' id='word_1_65' title='bbox 1036 1144 1099 1183; x_wconf 91' lang='lat' dir='ltr'><strong>es</strong></span> <span class='ocrx_word' id='word_1_66' title='bbox 1154 1130 1349 1193; x_wconf 89' lang='lat' dir='ltr'><strong>nostri,</strong></span> <span class='ocrx_word' id='word_1_67' title='bbox 1385 1136 1439 1184; x_wconf 90' lang='lat' dir='ltr'><strong>et</strong></span> <span class='ocrx_word' id='word_1_68' title='bbox 1494 1144 1662 1198; x_wconf 93' lang='lat' dir='ltr'><strong>super</strong></span> <span class='ocrx_word' id='word_1_69' title='bbox 1709 1127 1879 1183; x_wconf 88' lang='lat' dir='ltr'><strong>ﬁlium</strong></span> <span class='ocrx_word' id='word_1_70' title='bbox 1922 1127 2160 1183; x_wconf 88' lang='lat' dir='ltr'><strong>bominis</strong></span> <span class='ocrx_word' id='word_1_71' title='bbox 2214 1142 2378 1198; x_wconf 88' lang='lat' dir='ltr'><strong>quem</strong></span> 
     </span>
    </p>
   </div>
   <div class='ocr_carea' id='block_1_13' title="bbox 804 1215 2382 1287">
    <p class='ocr_par' dir='ltr' id='par_1_13' title="bbox 804 1215 2382 1287">
     <span class='ocr_line' id='line_1_13' title="bbox 804 1215 2382 1287; baseline -0.002 -15"><span class='ocrx_word' id='word_1_72' title='bbox 804 1218 1142 1272; x_wconf 81' lang='lat' dir='ltr'><strong>conﬁrmasti</strong></span> <span class='ocrx_word' id='word_1_73' title='bbox 1180 1217 1298 1281; x_wconf 85' lang='lat' dir='ltr'><strong>tibi,</strong></span> <span class='ocrx_word' id='word_1_74' title='bbox 1329 1226 1383 1272; x_wconf 90' lang='lat' dir='ltr'><strong>et</strong></span> <span class='ocrx_word' id='word_1_75' title='bbox 1413 1232 1580 1287; x_wconf 81' lang='lat' dir='ltr'><strong>super</strong></span> <span class='ocrx_word' id='word_1_76' title='bbox 1621 1217 1798 1272; x_wconf 91' lang='lat' dir='ltr'><strong>virum</strong></span> <span class='ocrx_word' id='word_1_77' title='bbox 1844 1215 2083 1271; x_wconf 65' lang='lat' dir='ltr'><strong>destera:</strong></span> <span class='ocrx_word' id='word_1_78' title='bbox 2111 1226 2218 1271; x_wconf 77' lang='lat' dir='ltr'><strong>tuae</strong></span> <span class='ocrx_word' id='word_1_79' title='bbox 2240 1215 2382 1270; x_wconf 90' lang='lat' dir='ltr'><strong>emi-</strong></span> 
     </span>
    </p>
   </div>
   <div class='ocr_carea' id='block_1_14' title="bbox 802 1304 2380 1376">
    <p class='ocr_par' dir='ltr' id='par_1_14' title="bbox 802 1304 2380 1376">
     <span class='ocr_line' id='line_1_14' title="bbox 802 1304 2380 1376; baseline -0.003 -13"><span class='ocrx_word' id='word_1_80' title='bbox 802 1308 925 1364; x_wconf 85' lang='lat' dir='ltr'><strong>sisti</strong></span> <span class='ocrx_word' id='word_1_81' title='bbox 976 1309 1154 1363; x_wconf 86' lang='lat' dir='ltr'><strong>lucem</strong></span> <span class='ocrx_word' id='word_1_82' title='bbox 1209 1317 1264 1363; x_wconf 87' lang='lat' dir='ltr'><strong>et</strong></span> <span class='ocrx_word' id='word_1_83' title='bbox 1318 1308 1607 1363; x_wconf 77' lang='lat' dir='ltr'><strong>veritatem</strong></span> <span class='ocrx_word' id='word_1_84' title='bbox 1662 1315 1813 1362; x_wconf 86' lang='lat' dir='ltr'><strong>tuam</strong></span> <span class='ocrx_word' id='word_1_85' title='bbox 1861 1306 1944 1373; x_wconf 77' lang='lat'><strong>“;</strong></span> <span class='ocrx_word' id='word_1_86' title='bbox 2000 1304 2380 1376; x_wconf 88' lang='lat' dir='ltr'><strong>multiplicasti</strong></span> 
     </span>
    </p>
   </div>
   <div class='ocr_carea' id='block_1_15' title="bbox 802 1397 2381 1473">
    <p class='ocr_par' dir='ltr' id='par_1_15' title="bbox 802 1397 2381 1473">
     <span class='ocr_line' id='line_1_15' title="bbox 802 1397 2381 1473; baseline -0.003 -16"><span class='ocrx_word' id='word_1_87' title='bbox 802 1417 972 1473; x_wconf 86' lang='lat' dir='ltr'><strong>super</strong></span> <span class='ocrx_word' id='word_1_88' title='bbox 1013 1400 1290 1457; x_wconf 82' lang='lat' dir='ltr'><strong>sebastum</strong></span> <span class='ocrx_word' id='word_1_89' title='bbox 1327 1399 1790 1470; x_wconf 78' lang='lat' dir='ltr'><strong>magniﬁcentiam</strong></span> <span class='ocrx_word' id='word_1_90' title='bbox 1822 1406 1969 1453; x_wconf 88' lang='lat' dir='ltr'><strong>tuam</strong></span> <span class='ocrx_word' id='word_1_91' title='bbox 1997 1398 2065 1465; x_wconf 80' lang='lat'><strong>&quot;,</strong></span> <span class='ocrx_word' id='word_1_92' title='bbox 2095 1406 2151 1453; x_wconf 88' lang='lat' dir='ltr'><strong>et</strong></span> <span class='ocrx_word' id='word_1_93' title='bbox 2186 1397 2381 1453; x_wconf 91' lang='lat' dir='ltr'><strong>docui-</strong></span> 
     </span>
    </p>
   </div>
   <div class='ocr_carea' id='block_1_16' title="bbox 804 1490 2378 1564">
    <p class='ocr_par' dir='ltr' id='par_1_16' title="bbox 804 1490 2378 1564">
     <span class='ocr_line' id='line_1_16' title="bbox 804 1490 2378 1564; baseline -0.002 -15"><span class='ocrx_word' id='word_1_94' title='bbox 804 1495 875 1549; x_wconf 92' lang='lat' dir='ltr'><strong>sti</strong></span> <span class='ocrx_word' id='word_1_95' title='bbox 908 1510 1104 1549; x_wconf 88' lang='lat' dir='ltr'><strong>manus</strong></span> <span class='ocrx_word' id='word_1_96' title='bbox 1133 1491 1251 1559; x_wconf 87' lang='lat' dir='ltr'><strong>ejus</strong></span> <span class='ocrx_word' id='word_1_97' title='bbox 1278 1492 1345 1548; x_wconf 90' lang='lat' dir='ltr'><strong>ad</strong></span> <span class='ocrx_word' id='word_1_98' title='bbox 1371 1491 1616 1561; x_wconf 63' lang='lat' dir='ltr'><strong>prmiium</strong></span> <span class='ocrx_word' id='word_1_99' title='bbox 1646 1500 1701 1547; x_wconf 90' lang='lat' dir='ltr'><strong>et</strong></span> <span class='ocrx_word' id='word_1_100' title='bbox 1733 1490 1934 1564; x_wconf 73' lang='lat' dir='ltr'><strong>digitos</strong></span> <span class='ocrx_word' id='word_1_101' title='bbox 1961 1490 2029 1545; x_wconf 90' lang='lat' dir='ltr'><strong>ad</strong></span> <span class='ocrx_word' id='word_1_102' title='bbox 2070 1490 2273 1546; x_wconf 86' lang='lat' dir='ltr'><strong>bellum</strong></span> <span class='ocrx_word' id='word_1_103' title='bbox 2311 1492 2378 1557; x_wconf 82' lang='lat'><strong>“;</strong></span> 
     </span>
    </p>
   </div>
   <div class='ocr_carea' id='block_1_17' title="bbox 803 1581 2383 1655">
    <p class='ocr_par' dir='ltr' id='par_1_17' title="bbox 803 1581 2383 1655">
     <span class='ocr_line' id='line_1_17' title="bbox 803 1581 2383 1655; baseline -0.001 -15"><span class='ocrx_word' id='word_1_104' title='bbox 803 1585 1113 1641; x_wconf 85' lang='lat' dir='ltr'><strong>contrivisti</strong></span> <span class='ocrx_word' id='word_1_105' title='bbox 1149 1585 1375 1640; x_wconf 82' lang='lat' dir='ltr'><strong>brachia</strong></span> <span class='ocrx_word' id='word_1_106' title='bbox 1410 1584 1719 1655; x_wconf 83' lang='lat' dir='ltr'><strong>peccatoris</strong></span> <span class='ocrx_word' id='word_1_107' title='bbox 1750 1584 1817 1649; x_wconf 84' lang='lat'><strong>&quot;’,</strong></span> <span class='ocrx_word' id='word_1_108' title='bbox 1866 1591 1921 1639; x_wconf 87' lang='lat' dir='ltr'><strong>et</strong></span> <span class='ocrx_word' id='word_1_109' title='bbox 1956 1592 2141 1637; x_wconf 77' lang='lat' dir='ltr'><strong>vectes</strong></span> <span class='ocrx_word' id='word_1_110' title='bbox 2173 1581 2383 1638; x_wconf 89' lang='lat' dir='ltr'><strong>ferreos</strong></span> 
     </span>
    </p>
   </div>
   <div class='ocr_carea' id='block_1_18' title="bbox 804 1674 2380 1747">
    <p class='ocr_par' dir='ltr' id='par_1_18' title="bbox 804 1674 2380 1747">
     <span class='ocr_line' id='line_1_18' title="bbox 804 1674 2380 1747; baseline -0.002 -14"><span class='ocrx_word' id='word_1_111' title='bbox 804 1679 1121 1747; x_wconf 76' lang='lat' dir='ltr'><strong>confregisti</strong></span> <span class='ocrx_word' id='word_1_112' title='bbox 1174 1678 1241 1739; x_wconf 79' lang='grc'><strong>⁸⁸,</strong></span> <span class='ocrx_word' id='word_1_113' title='bbox 1304 1678 1516 1732; x_wconf 87' lang='lat' dir='ltr'><strong>vinctos</strong></span> <span class='ocrx_word' id='word_1_114' title='bbox 1562 1676 1821 1740; x_wconf 81' lang='lat' dir='ltr'><strong>eduxisti,</strong></span> <span class='ocrx_word' id='word_1_115' title='bbox 1862 1685 1918 1731; x_wconf 87' lang='lat' dir='ltr'><strong>et</strong></span> <span class='ocrx_word' id='word_1_116' title='bbox 1960 1674 2149 1730; x_wconf 85' lang='lat' dir='ltr'><strong>dixisti</strong></span> <span class='ocrx_word' id='word_1_117' title='bbox 2195 1676 2380 1745; x_wconf 86' lang='lat' dir='ltr'><strong>iniqua</strong></span> 
     </span>
    </p>
   </div>
   <div class='ocr_carea' id='block_1_19' title="bbox 802 1764 2380 1837">
    <p class='ocr_par' dir='ltr' id='par_1_19' title="bbox 802 1764 2380 1837">
     <span class='ocr_line' id='line_1_19' title="bbox 802 1764 2380 1837; baseline 0.001 -19"><span class='ocrx_word' id='word_1_118' title='bbox 802 1767 1094 1837; x_wconf 81' lang='lat' dir='ltr'><strong>agentibus</strong></span> <span class='ocrx_word' id='word_1_119' title='bbox 1116 1805 1131 1829; x_wconf 92' lang='lat'><strong>,</strong></span> <span class='ocrx_word' id='word_1_120' title='bbox 1157 1764 1331 1820; x_wconf 86' lang='lat' dir='ltr'><strong>Nolite</strong></span> <span class='ocrx_word' id='word_1_121' title='bbox 1376 1765 1560 1833; x_wconf 88' lang='lat' dir='ltr'><strong>inique</strong></span> <span class='ocrx_word' id='word_1_122' title='bbox 1598 1780 1784 1836; x_wconf 77' lang='lat' dir='ltr'><strong>agere,</strong></span> <span class='ocrx_word' id='word_1_123' title='bbox 1833 1772 1889 1821; x_wconf 91' lang='lat' dir='ltr'><strong>et</strong></span> <span class='ocrx_word' id='word_1_124' title='bbox 1922 1765 2380 1819; x_wconf 77' lang='lat' dir='ltr'><strong>exacerbantibus</strong></span> 
     </span>
    </p>
   </div>
   <div class='ocr_carea' id='block_1_20' title="bbox 803 1858 2377 1927">
    <p class='ocr_par' dir='ltr' id='par_1_20' title="bbox 803 1858 2377 1927">
     <span class='ocr_line' id='line_1_20' title="bbox 803 1858 2377 1927; baseline -0.002 -14"><span class='ocrx_word' id='word_1_125' title='bbox 803 1858 980 1913; x_wconf 85' lang='lat' dir='ltr'><strong>Nolite</strong></span> <span class='ocrx_word' id='word_1_126' title='bbox 1014 1859 1253 1913; x_wconf 78' lang='lat' dir='ltr'><strong>exaltare</strong></span> <span class='ocrx_word' id='word_1_127' title='bbox 1279 1872 1448 1912; x_wconf 90' lang='lat' dir='ltr'><strong>cornu</strong></span> <span class='ocrx_word' id='word_1_128' title='bbox 1485 1859 1549 1906; x_wconf 78' lang='grc'><strong>⁸⁸.</strong></span> <span class='ocrx_word' id='word_1_129' title='bbox 1590 1858 1695 1912; x_wconf 86' lang='lat' dir='ltr'><strong>Sed</strong></span> <span class='ocrx_word' id='word_1_130' title='bbox 1725 1858 1878 1911; x_wconf 80' lang='lat' dir='ltr'><strong>vides</strong></span> <span class='ocrx_word' id='word_1_131' title='bbox 1917 1858 2377 1927; x_wconf 87' lang='lat' dir='ltr'><strong>quemadmodum</strong></span> 
     </span>
    </p>
   </div>
   <div class='ocr_carea' id='block_1_21' title="bbox 800 1949 2379 2019">
    <p class='ocr_par' dir='ltr' id='par_1_21' title="bbox 800 1949 2379 2019">
     <span class='ocr_line' id='line_1_21' title="bbox 800 1949 2379 2019; baseline 0.001 -15"><span class='ocrx_word' id='word_1_132' title='bbox 800 1950 985 2004; x_wconf 86' lang='lat' dir='ltr'><strong>divina</strong></span> <span class='ocrx_word' id='word_1_133' title='bbox 1038 1966 1166 2019; x_wconf 85' lang='lat' dir='ltr'><strong>erga</strong></span> <span class='ocrx_word' id='word_1_134' title='bbox 1208 1958 1263 2003; x_wconf 87' lang='lat' dir='ltr'><strong>te</strong></span> <span class='ocrx_word' id='word_1_135' title='bbox 1313 1964 1538 2005; x_wconf 87' lang='lat' dir='ltr'><strong>munera</strong></span> <span class='ocrx_word' id='word_1_136' title='bbox 1588 1949 1809 2012; x_wconf 83' lang='lat' dir='ltr'><strong>divinis,</strong></span> <span class='ocrx_word' id='word_1_137' title='bbox 1853 1957 1915 2002; x_wconf 94' lang='lat' dir='ltr'><strong>ut</strong></span> <span class='ocrx_word' id='word_1_138' title='bbox 1984 1949 2157 2017; x_wconf 89' lang='lat' dir='ltr'><strong>potui,</strong></span> <span class='ocrx_word' id='word_1_139' title='bbox 2199 1951 2379 2006; x_wconf 79' lang='lat' dir='ltr'><strong>verbis</strong></span> 
     </span>
    </p>
   </div>
   <div class='ocr_carea' id='block_1_22' title="bbox 800 2042 2378 2111">
    <p class='ocr_par' dir='ltr' id='par_1_22' title="bbox 800 2042 2378 2111">
     <span class='ocr_line' id='line_1_22' title="bbox 800 2042 2378 2111; baseline 0.001 -15"><span class='ocrx_word' id='word_1_140' title='bbox 800 2045 1206 2105; x_wconf 78' lang='lat' dir='ltr'><strong>exornaverim,</strong></span> <span class='ocrx_word' id='word_1_141' title='bbox 1262 2042 1521 2109; x_wconf 85' lang='lat' dir='ltr'><strong>quoniam</strong></span> <span class='ocrx_word' id='word_1_142' title='bbox 1570 2051 1624 2095; x_wconf 91' lang='lat' dir='ltr'><strong>et</strong></span> <span class='ocrx_word' id='word_1_143' title='bbox 1672 2056 1814 2111; x_wconf 91' lang='lat' dir='ltr'><strong>opus</strong></span> <span class='ocrx_word' id='word_1_144' title='bbox 1863 2049 1969 2107; x_wconf 86' lang='lat' dir='ltr'><strong>est,</strong></span> <span class='ocrx_word' id='word_1_145' title='bbox 2021 2058 2089 2097; x_wconf 91' lang='lat' dir='ltr'><strong>ne</strong></span> <span class='ocrx_word' id='word_1_146' title='bbox 2141 2042 2378 2097; x_wconf 80' lang='lat' dir='ltr'><strong>humana</strong></span> 
     </span>
    </p>
   </div>
   <div class='ocr_carea' id='block_1_23' title="bbox 798 2135 2378 2204">
    <p class='ocr_par' dir='ltr' id='par_1_23' title="bbox 798 2135 2378 2204">
     <span class='ocr_line' id='line_1_23' title="bbox 798 2135 2378 2204; baseline 0.003 -18"><span class='ocrx_word' id='word_1_147' title='bbox 798 2135 1005 2202; x_wconf 75' lang='lat' dir='ltr'><strong>lingua,</strong></span> <span class='ocrx_word' id='word_1_148' title='bbox 1038 2150 1159 2204; x_wconf 76' lang='lat' dir='ltr'><strong>quae</strong></span> <span class='ocrx_word' id='word_1_149' title='bbox 1210 2151 1377 2203; x_wconf 89' lang='lat' dir='ltr'><strong>supra</strong></span> <span class='ocrx_word' id='word_1_150' title='bbox 1427 2135 1676 2190; x_wconf 87' lang='lat' dir='ltr'><strong>homines</strong></span> <span class='ocrx_word' id='word_1_151' title='bbox 1706 2144 1856 2200; x_wconf 89' lang='lat' dir='ltr'><strong>sunt,</strong></span> <span class='ocrx_word' id='word_1_152' title='bbox 1890 2135 2119 2190; x_wconf 86' lang='lat' dir='ltr'><strong>deterat.</strong></span> <span class='ocrx_word' id='word_1_153' title='bbox 2154 2135 2378 2191; x_wconf 81' lang='lat' dir='ltr'><strong>Custodi</strong></span> 
     </span>
    </p>
   </div>
   <div class='ocr_carea' id='block_1_24' title="bbox 776 2225 2376 2294">
    <p class='ocr_par' dir='ltr' id='par_1_24' title="bbox 776 2225 2376 2294">
     <span class='ocr_line' id='line_1_24' title="bbox 776 2225 2376 2294; baseline 0.002 -16"><span class='ocrx_word' id='word_1_154' title='bbox 776 2225 967 2294; x_wconf 73' lang='lat' dir='ltr'><strong>igitur</strong></span> <span class='ocrx_word' id='word_1_155' title='bbox 993 2226 1122 2279; x_wconf 79' lang='lat' dir='ltr'><strong>milii</strong></span> <span class='ocrx_word' id='word_1_156' title='bbox 1165 2227 1216 2279; x_wconf 92' lang='lat' dir='ltr'><strong>in</strong></span> <span class='ocrx_word' id='word_1_157' title='bbox 1249 2226 1487 2279; x_wconf 86' lang='lat' dir='ltr'><strong>bonitate</strong></span> <span class='ocrx_word' id='word_1_158' title='bbox 1522 2225 1612 2280; x_wconf 85' lang='lat' dir='ltr'><strong>Dei</strong></span> <span class='ocrx_word' id='word_1_159' title='bbox 1646 2226 2034 2291; x_wconf 86' lang='lat' dir='ltr'><strong>imitationem,</strong></span> <span class='ocrx_word' id='word_1_160' title='bbox 2068 2237 2123 2281; x_wconf 90' lang='lat' dir='ltr'><strong>et</strong></span> <span class='ocrx_word' id='word_1_161' title='bbox 2168 2228 2376 2283; x_wconf 87' lang='lat' dir='ltr'><strong>nemini</strong></span> 
     </span>
    </p>
   </div>
   <div class='ocr_carea' id='block_1_25' title="bbox 800 2318 2378 2388">
    <p class='ocr_par' dir='ltr' id='par_1_25' title="bbox 800 2318 2378 2388">
     <span class='ocr_line' id='line_1_25' title="bbox 800 2318 2378 2388; baseline 0.004 -17"><span class='ocrx_word' id='word_1_162' title='bbox 800 2332 1042 2386; x_wconf 85' lang='lat' dir='ltr'><strong>unquam</strong></span> <span class='ocrx_word' id='word_1_163' title='bbox 1092 2318 1391 2387; x_wconf 79' lang='lat' dir='ltr'><strong>quidquam</strong></span> <span class='ocrx_word' id='word_1_164' title='bbox 1435 2318 1571 2373; x_wconf 87' lang='lat' dir='ltr'><strong>velis</strong></span> <span class='ocrx_word' id='word_1_165' title='bbox 1622 2320 1858 2381; x_wconf 86' lang='lat' dir='ltr'><strong>malum;</strong></span> <span class='ocrx_word' id='word_1_166' title='bbox 1909 2327 2073 2388; x_wconf 88' lang='lat' dir='ltr'><strong>atque</strong></span> <span class='ocrx_word' id='word_1_167' title='bbox 2103 2321 2157 2373; x_wconf 92' lang='lat' dir='ltr'><strong>in</strong></span> <span class='ocrx_word' id='word_1_168' title='bbox 2186 2337 2378 2377; x_wconf 89' lang='lat' dir='ltr'><strong>omnes</strong></span> 
     </span>
    </p>
   </div>
   <div class='ocr_carea' id='block_1_26' title="bbox 799 2410 2375 2484">
    <p class='ocr_par' dir='ltr' id='par_1_26' title="bbox 799 2410 2375 2484">
     <span class='ocr_line' id='line_1_26' title="bbox 799 2410 2375 2484; baseline 0.004 -20"><span class='ocrx_word' id='word_1_169' title='bbox 799 2410 1186 2465; x_wconf 87' lang='lat' dir='ltr'><strong>demonstrans</strong></span> <span class='ocrx_word' id='word_1_170' title='bbox 1212 2412 1534 2475; x_wconf 81' lang='lat' dir='ltr'><strong>bonitatem,</strong></span> <span class='ocrx_word' id='word_1_171' title='bbox 1563 2413 1861 2480; x_wconf 71' lang='lat' dir='ltr'><strong>praesertim</strong></span> <span class='ocrx_word' id='word_1_172' title='bbox 1890 2414 1944 2468; x_wconf 88' lang='lat' dir='ltr'><strong>itt</strong></span> <span class='ocrx_word' id='word_1_173' title='bbox 1974 2414 2117 2479; x_wconf 88' lang='lat' dir='ltr'><strong>illos,</strong></span> <span class='ocrx_word' id='word_1_174' title='bbox 2142 2431 2375 2484; x_wconf 87' lang='lat' dir='ltr'><strong>quorum</strong></span> 
     </span>
    </p>
   </div>
   <div class='ocr_carea' id='block_1_27' title="bbox 799 2504 2378 2578">
    <p class='ocr_par' dir='ltr' id='par_1_27' title="bbox 799 2504 2378 2578">
     <span class='ocr_line' id='line_1_27' title="bbox 799 2504 2378 2578; baseline 0.005 -19"><span class='ocrx_word' id='word_1_175' title='bbox 799 2504 868 2559; x_wconf 84' lang='lat' dir='ltr'><strong>ab</strong></span> <span class='ocrx_word' id='word_1_176' title='bbox 896 2505 1052 2558; x_wconf 89' lang='lat' dir='ltr'><strong>initio</strong></span> <span class='ocrx_word' id='word_1_177' title='bbox 1100 2506 1361 2560; x_wconf 88' lang='lat' dir='ltr'><strong>misertus</strong></span> <span class='ocrx_word' id='word_1_178' title='bbox 1405 2520 1486 2569; x_wconf 91' lang='lat' dir='ltr'><strong>es,</strong></span> <span class='ocrx_word' id='word_1_179' title='bbox 1534 2506 1724 2574; x_wconf 83' lang='lat' dir='ltr'><strong>quales</strong></span> <span class='ocrx_word' id='word_1_180' title='bbox 1774 2524 1875 2562; x_wconf 90' lang='lat' dir='ltr'><strong>nos</strong></span> <span class='ocrx_word' id='word_1_181' title='bbox 1918 2524 2128 2573; x_wconf 89' lang='lat' dir='ltr'><strong>sumus,</strong></span> <span class='ocrx_word' id='word_1_182' title='bbox 2177 2509 2378 2578; x_wconf 89' lang='lat' dir='ltr'><strong>quibus</strong></span> 
     </span>
    </p>
   </div>
   <div class='ocr_carea' id='block_1_28' title="bbox 798 2594 2379 2667">
    <p class='ocr_par' dir='ltr' id='par_1_28' title="bbox 798 2594 2379 2667">
     <span class='ocr_line' id='line_1_28' title="bbox 798 2594 2379 2667; baseline 0.006 -17"><span class='ocrx_word' id='word_1_183' title='bbox 798 2611 914 2650; x_wconf 58' lang='lat' dir='ltr'><strong>revn</strong></span> <span class='ocrx_word' id='word_1_184' title='bbox 959 2594 1126 2651; x_wconf 81' lang='lat' dir='ltr'><strong>facies</strong></span> <span class='ocrx_word' id='word_1_185' title='bbox 1178 2597 1474 2651; x_wconf 75' lang='lat' dir='ltr'><strong>maximam</strong></span> <span class='ocrx_word' id='word_1_186' title='bbox 1525 2605 1580 2651; x_wconf 89' lang='lat' dir='ltr'><strong>et</strong></span> <span class='ocrx_word' id='word_1_187' title='bbox 1629 2598 2018 2667; x_wconf 74' lang='lat' dir='ltr'><strong>gratissimam,</strong></span> <span class='ocrx_word' id='word_1_188' title='bbox 2057 2600 2102 2655; x_wconf 86' lang='lat' dir='ltr'><strong>si</strong></span> <span class='ocrx_word' id='word_1_189' title='bbox 2157 2613 2379 2659; x_wconf 84' lang='lat' dir='ltr'><strong>nostros</strong></span> 
     </span>
    </p>
   </div>
   <div class='ocr_carea' id='block_1_29' title="bbox 798 2687 2378 2764">
    <p class='ocr_par' dir='ltr' id='par_1_29' title="bbox 798 2687 2378 2764">
     <span class='ocr_line' id='line_1_29' title="bbox 798 2687 2378 2764; baseline 0.006 -23"><span class='ocrx_word' id='word_1_190' title='bbox 798 2687 853 2741; x_wconf 91' lang='lat' dir='ltr'><strong>in</strong></span> <span class='ocrx_word' id='word_1_191' title='bbox 907 2688 1112 2756; x_wconf 84' lang='lat' dir='ltr'><strong>Euripo</strong></span> <span class='ocrx_word' id='word_1_192' title='bbox 1158 2699 1423 2758; x_wconf 84' lang='lat' dir='ltr'><strong>cognatos</strong></span> <span class='ocrx_word' id='word_1_193' title='bbox 1479 2689 1855 2745; x_wconf 77' lang='lat' dir='ltr'><strong>misericordia</strong></span> <span class='ocrx_word' id='word_1_194' title='bbox 1900 2692 2162 2761; x_wconf 80' lang='lat' dir='ltr'><strong>digneris,</strong></span> <span class='ocrx_word' id='word_1_195' title='bbox 2214 2706 2378 2764; x_wconf 81' lang='lat' dir='ltr'><strong>atque</strong></span> 
     </span>
    </p>
   </div>
   <div class='ocr_carea' id='block_1_30' title="bbox 798 2778 2378 2853">
    <p class='ocr_par' dir='ltr' id='par_1_30' title="bbox 798 2778 2378 2853">
     <span class='ocr_line' id='line_1_30' title="bbox 798 2778 2378 2853; baseline 0.007 -21"><span class='ocrx_word' id='word_1_196' title='bbox 798 2778 996 2834; x_wconf 84' lang='lat' dir='ltr'><strong>incolis</strong></span> <span class='ocrx_word' id='word_1_197' title='bbox 1047 2778 1269 2833; x_wconf 55' lang='lat' dir='ltr'><strong>Gracia:</strong></span> <span class='ocrx_word' id='word_1_198' title='bbox 1319 2780 1623 2848; x_wconf 67' lang='lat' dir='ltr'><strong>{ostendas§,</strong></span> <span class='ocrx_word' id='word_1_199' title='bbox 1693 2782 1832 2851; x_wconf 91' lang='lat' dir='ltr'><strong>apud</strong></span> <span class='ocrx_word' id='word_1_200' title='bbox 1891 2792 1942 2839; x_wconf 90' lang='lat' dir='ltr'><strong>te</strong></span> <span class='ocrx_word' id='word_1_201' title='bbox 1992 2786 2086 2853; x_wconf 88' lang='lat' dir='ltr'><strong>qui</strong></span> <span class='ocrx_word' id='word_1_202' title='bbox 2141 2789 2378 2853; x_wconf 76' lang='lat' dir='ltr'><strong>maxime</strong></span> 
     </span>
    </p>
   </div>
   <div class='ocr_carea' id='block_1_31' title="bbox 800 2867 2374 2941">
    <p class='ocr_par' dir='ltr' id='par_1_31' title="bbox 800 2867 2374 2941">
     <span class='ocr_line' id='line_1_31' title="bbox 800 2867 2374 2941; baseline 0.003 -19"><span class='ocrx_word' id='word_1_203' title='bbox 800 2867 1149 2923; x_wconf 85' lang='lat' dir='ltr'><strong>venerandus</strong></span> <span class='ocrx_word' id='word_1_204' title='bbox 1178 2868 1419 2921; x_wconf 89' lang='lat' dir='ltr'><strong>omnium</strong></span> <span class='ocrx_word' id='word_1_205' title='bbox 1470 2878 1755 2937; x_wconf 83' lang='lat' dir='ltr'><strong>susceptor</strong></span> <span class='ocrx_word' id='word_1_206' title='bbox 1806 2887 1888 2933; x_wconf 87' lang='lat' dir='ltr'><strong>es,</strong></span> <span class='ocrx_word' id='word_1_207' title='bbox 1937 2872 2143 2941; x_wconf 81' lang='lat' dir='ltr'><strong>majore</strong></span> <span class='ocrx_word' id='word_1_208' title='bbox 2191 2876 2374 2928; x_wconf 81' lang='lat' dir='ltr'><strong>archi-</strong></span> 
     </span>
    </p>
   </div>
   <div class='ocr_carea' id='block_1_32' title="bbox 802 2959 2375 3036">
    <p class='ocr_par' dir='ltr' id='par_1_32' title="bbox 802 2959 2375 3036">
     <span class='ocr_line' id='line_1_32' title="bbox 802 2959 2375 3036; baseline 0.002 -19"><span class='ocrx_word' id='word_1_209' title='bbox 802 2961 1121 3030; x_wconf 85' lang='lat' dir='ltr'><strong>episcopum</strong></span> <span class='ocrx_word' id='word_1_210' title='bbox 1156 2975 1280 3016; x_wconf 86' lang='lat' dir='ltr'><strong>esse</strong></span> <span class='ocrx_word' id='word_1_211' title='bbox 1321 2959 1544 3031; x_wconf 81' lang='lat' dir='ltr'><strong>dignum</strong></span> <span class='ocrx_word' id='word_1_212' title='bbox 1593 2964 1827 3018; x_wconf 86' lang='lat' dir='ltr'><strong>ratione.</strong></span> <span class='ocrx_word' id='word_1_213' title='bbox 1880 2963 1986 3019; x_wconf 82' lang='lat' dir='ltr'><strong>Fac</strong></span> <span class='ocrx_word' id='word_1_214' title='bbox 2029 2965 2194 3036; x_wconf 81' lang='lat' dir='ltr'><strong>igitur</strong></span> <span class='ocrx_word' id='word_1_215' title='bbox 2244 2968 2375 3022; x_wconf 86' lang='lat' dir='ltr'><strong>mihi</strong></span> 
     </span>
    </p>
   </div>
   <div class='ocr_carea' id='block_1_33' title="bbox 800 3050 2373 3126">
    <p class='ocr_par' dir='ltr' id='par_1_33' title="bbox 800 3050 2373 3126">
     <span class='ocr_line' id='line_1_33' title="bbox 800 3050 2373 3126; baseline 0.004 -21"><span class='ocrx_word' id='word_1_216' title='bbox 800 3066 959 3119; x_wconf 87' lang='lat' dir='ltr'><strong>opem</strong></span> <span class='ocrx_word' id='word_1_217' title='bbox 1016 3050 1220 3117; x_wconf 88' lang='lat' dir='ltr'><strong>ferens,</strong></span> <span class='ocrx_word' id='word_1_218' title='bbox 1269 3060 1328 3105; x_wconf 91' lang='lat' dir='ltr'><strong>ut</strong></span> <span class='ocrx_word' id='word_1_219' title='bbox 1376 3051 1635 3120; x_wconf 78' lang='lat' dir='ltr'><strong>gaudium</strong></span> <span class='ocrx_word' id='word_1_220' title='bbox 1697 3069 1879 3109; x_wconf 87' lang='lat' dir='ltr'><strong>meum</strong></span> <span class='ocrx_word' id='word_1_221' title='bbox 1930 3057 2002 3111; x_wconf 89' lang='lat' dir='ltr'><strong>sit</strong></span> <span class='ocrx_word' id='word_1_222' title='bbox 2046 3062 2267 3126; x_wconf 81' lang='lat' dir='ltr'><strong>plenum</strong></span> <span class='ocrx_word' id='word_1_223' title='bbox 2320 3060 2373 3112; x_wconf 93' lang='lat' dir='ltr'><strong>in</strong></span> 
     </span>
    </p>
   </div>
   <div class='ocr_carea' id='block_1_34' title="bbox 798 3145 2375 3218">
    <p class='ocr_par' dir='ltr' id='par_1_34' title="bbox 798 3145 2375 3218">
     <span class='ocr_line' id='line_1_34' title="bbox 798 3145 2375 3218; baseline 0.004 -19"><span class='ocrx_word' id='word_1_224' title='bbox 798 3145 937 3200; x_wconf 82' lang='lat' dir='ltr'><strong>meis</strong></span> <span class='ocrx_word' id='word_1_225' title='bbox 963 3145 1241 3208; x_wconf 89' lang='lat' dir='ltr'><strong>omnibus,</strong></span> <span class='ocrx_word' id='word_1_226' title='bbox 1273 3153 1329 3200; x_wconf 90' lang='lat' dir='ltr'><strong>et</strong></span> <span class='ocrx_word' id='word_1_227' title='bbox 1356 3155 1405 3199; x_wconf 90' lang='lat' dir='ltr'><strong>te</strong></span> <span class='ocrx_word' id='word_1_228' title='bbox 1438 3146 1581 3201; x_wconf 86' lang='lat' dir='ltr'><strong>Deus</strong></span> <span class='ocrx_word' id='word_1_229' title='bbox 1606 3147 1812 3201; x_wconf 87' lang='lat' dir='ltr'><strong>exaltet</strong></span> <span class='ocrx_word' id='word_1_230' title='bbox 1852 3148 2024 3217; x_wconf 77' lang='lat' dir='ltr'><strong>magis</strong></span> <span class='ocrx_word' id='word_1_231' title='bbox 2061 3150 2375 3218; x_wconf 74' lang='lat' dir='ltr'><strong>gloriﬁvans</strong></span> 
     </span>
    </p>
   </div>
   <div class='ocr_carea' id='block_1_35' title="bbox 799 3237 2376 3314">
    <p class='ocr_par' dir='ltr' id='par_1_35' title="bbox 799 3237 2376 3314">
     <span class='ocr_line' id='line_1_35' title="bbox 799 3237 2376 3314; baseline 0.005 -23"><span class='ocrx_word' id='word_1_232' title='bbox 799 3244 874 3301; x_wconf 87' lang='lat' dir='ltr'><strong>te,</strong></span> <span class='ocrx_word' id='word_1_233' title='bbox 897 3237 988 3305; x_wconf 91' lang='lat' dir='ltr'><strong>qui</strong></span> <span class='ocrx_word' id='word_1_234' title='bbox 1022 3244 1117 3290; x_wconf 83' lang='lat' dir='ltr'><strong>tua</strong></span> <span class='ocrx_word' id='word_1_235' title='bbox 1153 3254 1370 3307; x_wconf 90' lang='lat' dir='ltr'><strong>quoque</strong></span> <span class='ocrx_word' id='word_1_236' title='bbox 1410 3239 1652 3294; x_wconf 88' lang='lat' dir='ltr'><strong>bonitate</strong></span> <span class='ocrx_word' id='word_1_237' title='bbox 1698 3240 1875 3309; x_wconf 91' lang='lat' dir='ltr'><strong>ipsum</strong></span> <span class='ocrx_word' id='word_1_238' title='bbox 1923 3241 2168 3311; x_wconf 88' lang='lat' dir='ltr'><strong>quotidie</strong></span> <span class='ocrx_word' id='word_1_239' title='bbox 2210 3244 2376 3314; x_wconf 72' lang='lat' dir='ltr'><strong>glori-</strong></span> 
     </span>
    </p>
   </div>
   <div class='ocr_carea' id='block_1_36' title="bbox 801 3325 1946 3398">
    <p class='ocr_par' dir='ltr' id='par_1_36' title="bbox 801 3325 1946 3398">
     <span class='ocr_line' id='line_1_36' title="bbox 801 3325 1946 3398; baseline 0.004 -18"><span class='ocrx_word' id='word_1_240' title='bbox 801 3326 955 3382; x_wconf 88' lang='lat' dir='ltr'><strong>licas.</strong></span> <span class='ocrx_word' id='word_1_241' title='bbox 985 3325 1048 3382; x_wconf 83' lang='lat' dir='ltr'><strong>Et</strong></span> <span class='ocrx_word' id='word_1_242' title='bbox 1070 3328 1275 3382; x_wconf 80' lang='lat' dir='ltr'><strong>inimici</strong></span> <span class='ocrx_word' id='word_1_243' title='bbox 1301 3330 1378 3383; x_wconf 92' lang='lat' dir='ltr'><strong>tui</strong></span> <span class='ocrx_word' id='word_1_244' title='bbox 1409 3337 1611 3383; x_wconf 87' lang='lat' dir='ltr'><strong>terram</strong></span> <span class='ocrx_word' id='word_1_245' title='bbox 1645 3331 1852 3398; x_wconf 77' lang='lat' dir='ltr'><strong>lingent</strong></span> <span class='ocrx_word' id='word_1_246' title='bbox 1879 3333 1946 3385; x_wconf 88' lang='lat'><strong>&quot;°.</strong></span> 
     </span>
    </p>
   </div>
   <div class='ocr_carea' id='block_1_37' title="bbox 1436 3420 1770 3477">
    <p class='ocr_par' dir='ltr' id='par_1_37' title="bbox 1436 3420 1770 3477">
     <span class='ocr_line' id='line_1_37' title="bbox 1436 3420 1770 3477; baseline 0.009 -3"><span class='ocrx_word' id='word_1_247' title='bbox 1436 3420 1658 3475; x_wconf 85' lang='lat' dir='ltr'><strong>EPIST.</strong></span> <span class='ocrx_word' id='word_1_248' title='bbox 1704 3420 1770 3477; x_wconf 88' lang='lat' dir='ltr'><strong>V.</strong></span> 
     </span>
    </p>
   </div>
   <div class='ocr_carea' id='block_1_38' title="bbox 1297 3513 1698 3578">
    <p class='ocr_par' dir='ltr' id='par_1_38' title="bbox 1297 3513 1698 3578">
     <span class='ocr_line' id='line_1_38' title="bbox 1297 3513 1698 3578; baseline -0.002 -9"><span class='ocrx_word' id='word_1_249' title='bbox 1297 3574 1305 3578; x_wconf 62' lang='grc'><strong>,</strong></span> <span class='ocrx_word' id='word_1_250' title='bbox 1469 3513 1698 3569; x_wconf 69' lang='grc' dir='ltr'><strong>Εωδαι·ἱ.</strong></span> 
     </span>
    </p>
   </div>
   <div class='ocr_carea' id='block_1_39' title="bbox 876 3602 2378 3677">
    <p class='ocr_par' dir='ltr' id='par_1_39' title="bbox 876 3602 2378 3677">
     <span class='ocr_line' id='line_1_39' title="bbox 876 3602 2378 3677; baseline 0.007 -23"><span class='ocrx_word' id='word_1_251' title='bbox 876 3602 1100 3657; x_wconf 88' lang='lat' dir='ltr'><strong>Domine</strong></span> <span class='ocrx_word' id='word_1_252' title='bbox 1143 3604 1214 3656; x_wconf 90' lang='lat' dir='ltr'><strong>mi</strong></span> <span class='ocrx_word' id='word_1_253' title='bbox 1254 3616 1462 3657; x_wconf 87' lang='lat' dir='ltr'><strong>sanete.</strong></span> <span class='ocrx_word' id='word_1_254' title='bbox 1496 3605 1573 3657; x_wconf 80' lang='lat' dir='ltr'><strong>Ad</strong></span> <span class='ocrx_word' id='word_1_255' title='bbox 1606 3606 1789 3673; x_wconf 83' lang='lat' dir='ltr'><strong>priora</strong></span> <span class='ocrx_word' id='word_1_256' title='bbox 1823 3607 2036 3677; x_wconf 88' lang='lat' dir='ltr'><strong>imperii</strong></span> <span class='ocrx_word' id='word_1_257' title='bbox 2076 3609 2156 3664; x_wconf 90' lang='lat' dir='ltr'><strong>tui</strong></span> <span class='ocrx_word' id='word_1_258' title='bbox 2206 3612 2261 3664; x_wconf 93' lang='lat' dir='ltr'><strong>in</strong></span> <span class='ocrx_word' id='word_1_259' title='bbox 2295 3627 2378 3667; x_wconf 88' lang='lat' dir='ltr'><strong>me</strong></span> 
     </span>
    </p>
   </div>
   <div class='ocr_carea' id='block_1_40' title="bbox 798 3692 2379 3769">
    <p class='ocr_par' dir='ltr' id='par_1_40' title="bbox 798 3692 2379 3769">
     <span class='ocr_line' id='line_1_40' title="bbox 798 3692 2379 3769; baseline 0.008 -22"><span class='ocrx_word' id='word_1_260' title='bbox 798 3692 1066 3749; x_wconf 86' lang='lat' dir='ltr'><strong>beneﬁcia</strong></span> <span class='ocrx_word' id='word_1_261' title='bbox 1096 3709 1472 3764; x_wconf 64' lang='lat' dir='ltr'><strong>saepenumero</strong></span> <span class='ocrx_word' id='word_1_262' title='bbox 1512 3698 1771 3766; x_wconf 87' lang='lat' dir='ltr'><strong>perpendi</strong></span> <span class='ocrx_word' id='word_1_263' title='bbox 1802 3696 2065 3769; x_wconf 78' lang='lat' dir='ltr'><strong>linguam,</strong></span> <span class='ocrx_word' id='word_1_264' title='bbox 2114 3712 2379 3759; x_wconf 86' lang='lat' dir='ltr'><strong>conatus-</strong></span> 
     </span>
    </p>
   </div>
   <div class='ocr_carea' id='block_1_41' title="bbox 799 3786 2380 3863">
    <p class='ocr_par' dir='ltr' id='par_1_41' title="bbox 799 3786 2380 3863">
     <span class='ocr_line' id='line_1_41' title="bbox 799 3786 2380 3863; baseline 0.006 -25"><span class='ocrx_word' id='word_1_265' title='bbox 799 3800 907 3854; x_wconf 89' lang='lat' dir='ltr'><strong>que</strong></span> <span class='ocrx_word' id='word_1_266' title='bbox 936 3801 1057 3839; x_wconf 89' lang='lat' dir='ltr'><strong>eam</strong></span> <span class='ocrx_word' id='word_1_267' title='bbox 1090 3786 1254 3841; x_wconf 88' lang='lat' dir='ltr'><strong>rebus</strong></span> <span class='ocrx_word' id='word_1_268' title='bbox 1292 3800 1481 3855; x_wconf 87' lang='lat' dir='ltr'><strong>parem</strong></span> <span class='ocrx_word' id='word_1_269' title='bbox 1517 3786 1784 3851; x_wconf 88' lang='lat' dir='ltr'><strong>invenire,</strong></span> <span class='ocrx_word' id='word_1_270' title='bbox 1818 3791 2045 3845; x_wconf 74' lang='lat' dir='ltr'><strong>multam</strong></span> <span class='ocrx_word' id='word_1_271' title='bbox 2092 3809 2215 3849; x_wconf 89' lang='lat' dir='ltr'><strong>esse</strong></span> <span class='ocrx_word' id='word_1_272' title='bbox 2256 3804 2380 3863; x_wconf 85' lang='lat' dir='ltr'><strong>post</strong></span> 
     </span>
    </p>
   </div>
   <div class='ocr_carea' id='block_1_42' title="bbox 799 3875 2376 3956">
    <p class='ocr_par' dir='ltr' id='par_1_42' title="bbox 799 3875 2376 3956">
     <span class='ocr_line' id='line_1_42' title="bbox 799 3875 2376 3956; baseline 0.009 -30"><span class='ocrx_word' id='word_1_273' title='bbox 799 3875 1105 3943; x_wconf 87' lang='lat' dir='ltr'><strong>periculum</strong></span> <span class='ocrx_word' id='word_1_274' title='bbox 1140 3875 1288 3929; x_wconf 89' lang='lat' dir='ltr'><strong>sensi</strong></span> <span class='ocrx_word' id='word_1_275' title='bbox 1322 3890 1495 3930; x_wconf 88' lang='lat' dir='ltr'><strong>meant</strong></span> <span class='ocrx_word' id='word_1_276' title='bbox 1539 3876 1835 3933; x_wconf 86' lang='lat' dir='ltr'><strong>levitatem.</strong></span> <span class='ocrx_word' id='word_1_277' title='bbox 1870 3879 1967 3936; x_wconf 81' lang='lat' dir='ltr'><strong>Illa</strong></span> <span class='ocrx_word' id='word_1_278' title='bbox 1999 3883 2144 3937; x_wconf 89' lang='lat' dir='ltr'><strong>enim</strong></span> <span class='ocrx_word' id='word_1_279' title='bbox 2182 3901 2376 3956; x_wconf 70' lang='lat' dir='ltr'><strong>magna</strong></span> 
     </span>
    </p>
   </div>
   <div class='ocr_carea' id='block_1_43' title="bbox 798 3966 2377 4042">
    <p class='ocr_par' dir='ltr' id='par_1_43' title="bbox 798 3966 2377 4042">
     <span class='ocr_line' id='line_1_43' title="bbox 798 3966 2377 4042; baseline 0.008 -23"><span class='ocrx_word' id='word_1_280' title='bbox 798 3966 1022 4034; x_wconf 90' lang='lat' dir='ltr'><strong>quidem</strong></span> <span class='ocrx_word' id='word_1_281' title='bbox 1074 3967 1399 4037; x_wconf 86' lang='lat' dir='ltr'><strong>pondusque</strong></span> <span class='ocrx_word' id='word_1_282' title='bbox 1453 3967 1800 4034; x_wconf 81' lang='lat' dir='ltr'><strong>excedentia,</strong></span> <span class='ocrx_word' id='word_1_283' title='bbox 1851 3972 2030 4042; x_wconf 79' lang='lat' dir='ltr'><strong>lingua</strong></span> <span class='ocrx_word' id='word_1_284' title='bbox 2065 3991 2193 4030; x_wconf 88' lang='lat' dir='ltr'><strong>vero</strong></span> <span class='ocrx_word' id='word_1_285' title='bbox 2243 3979 2377 4033; x_wconf 86' lang='lat' dir='ltr'><strong>mihi</strong></span> 
     </span>
    </p>
   </div>
   <div class='ocr_carea' id='block_1_44' title="bbox 800 4057 2377 4135">
    <p class='ocr_par' dir='ltr' id='par_1_44' title="bbox 800 4057 2377 4135">
     <span class='ocr_line' id='line_1_44' title="bbox 800 4057 2377 4135; baseline 0.007 -25"><span class='ocrx_word' id='word_1_286' title='bbox 800 4057 1021 4126; x_wconf 74' lang='lat' dir='ltr'><strong>exigua,</strong></span> <span class='ocrx_word' id='word_1_287' title='bbox 1081 4065 1135 4112; x_wconf 90' lang='lat' dir='ltr'><strong>et</strong></span> <span class='ocrx_word' id='word_1_288' title='bbox 1192 4057 1327 4111; x_wconf 81' lang='lat' dir='ltr'><strong>nihil</strong></span> <span class='ocrx_word' id='word_1_289' title='bbox 1384 4057 1645 4128; x_wconf 82' lang='lat' dir='ltr'><strong>ponderis</strong></span> <span class='ocrx_word' id='word_1_290' title='bbox 1701 4059 1933 4117; x_wconf 85' lang='lat' dir='ltr'><strong>habens.</strong></span> <span class='ocrx_word' id='word_1_291' title='bbox 1981 4060 2185 4119; x_wconf 84' lang='lat' dir='ltr'><strong>Verum</strong></span> <span class='ocrx_word' id='word_1_292' title='bbox 2235 4082 2377 4135; x_wconf 57' lang='lat' dir='ltr'><strong>quo-</strong></span> 
     </span>
    </p>
   </div>
   <div class='ocr_carea' id='block_1_45' title="bbox 800 4148 2377 4225">
    <p class='ocr_par' dir='ltr' id='par_1_45' title="bbox 800 4148 2377 4225">
     <span class='ocr_line' id='line_1_45' title="bbox 800 4148 2377 4225; baseline 0.007 -24"><span class='ocrx_word' id='word_1_293' title='bbox 800 4148 947 4201; x_wconf 87' lang='lat' dir='ltr'><strong>niam</strong></span> <span class='ocrx_word' id='word_1_294' title='bbox 994 4158 1047 4203; x_wconf 91' lang='lat' dir='ltr'><strong>et</strong></span> <span class='ocrx_word' id='word_1_295' title='bbox 1102 4148 1343 4204; x_wconf 89' lang='lat' dir='ltr'><strong>edictum</strong></span> <span class='ocrx_word' id='word_1_296' title='bbox 1396 4149 1465 4205; x_wconf 89' lang='lat' dir='ltr'><strong>de</strong></span> <span class='ocrx_word' id='word_1_297' title='bbox 1509 4151 1778 4207; x_wconf 88' lang='lat' dir='ltr'><strong>canonica</strong></span> <span class='ocrx_word' id='word_1_298' title='bbox 1837 4152 2083 4209; x_wconf 85' lang='lat' dir='ltr'><strong>additum</strong></span> <span class='ocrx_word' id='word_1_299' title='bbox 2134 4164 2217 4211; x_wconf 88' lang='lat' dir='ltr'><strong>est</strong></span> <span class='ocrx_word' id='word_1_300' title='bbox 2267 4157 2377 4225; x_wconf 86' lang='lat' dir='ltr'><strong>his,</strong></span> 
     </span>
    </p>
   </div>
   <div class='ocr_carea' id='block_1_46' title="bbox 800 4239 2379 4312">
    <p class='ocr_par' dir='ltr' id='par_1_46' title="bbox 800 4239 2379 4312">
     <span class='ocr_line' id='line_1_46' title="bbox 800 4239 2379 4312; baseline 0.008 -19"><span class='ocrx_word' id='word_1_301' title='bbox 800 4239 935 4294; x_wconf 87' lang='lat' dir='ltr'><strong>illud</strong></span> <span class='ocrx_word' id='word_1_302' title='bbox 981 4240 1157 4309; x_wconf 84' lang='lat' dir='ltr'><strong>ipsum</strong></span> <span class='ocrx_word' id='word_1_303' title='bbox 1206 4250 1547 4310; x_wconf 89' lang='lat' dir='ltr'><strong>portentum,</strong></span> <span class='ocrx_word' id='word_1_304' title='bbox 1595 4243 1743 4312; x_wconf 89' lang='lat' dir='ltr'><strong>quod</strong></span> <span class='ocrx_word' id='word_1_305' title='bbox 1790 4245 1847 4300; x_wconf 89' lang='lat' dir='ltr'><strong>in</strong></span> <span class='ocrx_word' id='word_1_306' title='bbox 1892 4256 2128 4302; x_wconf 88' lang='lat' dir='ltr'><strong>mentem</strong></span> <span class='ocrx_word' id='word_1_307' title='bbox 2159 4249 2379 4306; x_wconf 85' lang='lat' dir='ltr'><strong>venisse</strong></span> 
     </span>
    </p>
   </div>
   <div class='ocr_carea' id='block_1_47' title="bbox 799 4332 2375 4409">
    <p class='ocr_par' dir='ltr' id='par_1_47' title="bbox 799 4332 2375 4409">
     <span class='ocr_line' id='line_1_47' title="bbox 799 4332 2375 4409; baseline 0.009 -26"><span class='ocrx_word' id='word_1_308' title='bbox 799 4332 1111 4399; x_wconf 64' lang='lat' dir='ltr'><strong>pigatitibus</strong></span> <span class='ocrx_word' id='word_1_309' title='bbox 1159 4333 1399 4403; x_wconf 82' lang='lat' dir='ltr'><strong>ﬁngitur,</strong></span> <span class='ocrx_word' id='word_1_310' title='bbox 1437 4333 1630 4389; x_wconf 89' lang='lat' dir='ltr'><strong>Ossam</strong></span> <span class='ocrx_word' id='word_1_311' title='bbox 1667 4333 1816 4391; x_wconf 88' lang='lat' dir='ltr'><strong>Pelio</strong></span> <span class='ocrx_word' id='word_1_312' title='bbox 1860 4340 2210 4409; x_wconf 86' lang='lat' dir='ltr'><strong>superposui,</strong></span> <span class='ocrx_word' id='word_1_313' title='bbox 2266 4342 2375 4398; x_wconf 83' lang='lat' dir='ltr'><strong>nisi</strong></span> 
     </span>
    </p>
   </div>
   <div class='ocr_carea' id='block_1_48' title="bbox 801 4425 2376 4497">
    <p class='ocr_par' dir='ltr' id='par_1_48' title="bbox 801 4425 2376 4497">
     <span class='ocr_line' id='line_1_48' title="bbox 801 4425 2376 4497; baseline 0.007 -22"><span class='ocrx_word' id='word_1_314' title='bbox 801 4430 942 4478; x_wconf 81' lang='lat' dir='ltr'><strong>torte</strong></span> <span class='ocrx_word' id='word_1_315' title='bbox 974 4425 1131 4479; x_wconf 89' lang='lat' dir='ltr'><strong>nobis</strong></span> <span class='ocrx_word' id='word_1_316' title='bbox 1166 4434 1249 4481; x_wconf 80' lang='lat' dir='ltr'><strong>est</strong></span> <span class='ocrx_word' id='word_1_317' title='bbox 1297 4427 1468 4495; x_wconf 79' lang='lat' dir='ltr'><strong>magis</strong></span> <span class='ocrx_word' id='word_1_318' title='bbox 1510 4426 1778 4483; x_wconf 80' lang='lat' dir='ltr'><strong>familiare</strong></span> <span class='ocrx_word' id='word_1_319' title='bbox 1812 4428 2017 4494; x_wconf 84' lang='lat' dir='ltr'><strong>dicere,</strong></span> <span class='ocrx_word' id='word_1_320' title='bbox 2044 4432 2148 4497; x_wconf 77' lang='lat' dir='ltr'><strong>Qui</strong></span> <span class='ocrx_word' id='word_1_321' title='bbox 2191 4434 2376 4486; x_wconf 87' lang='lat' dir='ltr'><strong>multi-</strong></span> 
     </span>
    </p>
   </div>
   <div class='ocr_carea' id='block_1_49' title="bbox 2489 563 4071 641">
    <p class='ocr_par' dir='ltr' id='par_1_49' title="bbox 2489 563 4071 641">
     <span class='ocr_line' id='line_1_49' title="bbox 2489 563 4071 641; baseline -0.006 -16"><span class='ocrx_word' id='word_1_322' title='bbox 2489 572 2570 634; x_wconf 66' lang='grc' dir='ltr'><strong>τίς</strong></span> <span class='ocrx_word' id='word_1_323' title='bbox 2599 569 2670 623; x_wconf 87' lang='grc' dir='ltr'><strong>τά</strong></span> <span class='ocrx_word' id='word_1_324' title='bbox 2737 571 2975 641; x_wconf 74' lang='grc' dir='ltr'>ἄμετρα,</span> <span class='ocrx_word' id='word_1_325' title='bbox 3005 566 3102 620; x_wconf 76' lang='grc' dir='ltr'>καὶ</span> <span class='ocrx_word' id='word_1_326' title='bbox 3159 564 3405 620; x_wconf 76' lang='grc' dir='ltr'>είπόνταο</span> <span class='ocrx_word' id='word_1_327' title='bbox 3452 564 3533 637; x_wconf 80' lang='grc' dir='ltr'><strong>Τῇ</strong></span> <span class='ocrx_word' id='word_1_328' title='bbox 3563 563 3708 635; x_wconf 86' lang='grc' dir='ltr'>χειρί</span> <span class='ocrx_word' id='word_1_329' title='bbox 3749 581 3850 635; x_wconf 89' lang='grc' dir='ltr'><strong>μου</strong></span> <span class='ocrx_word' id='word_1_330' title='bbox 3897 580 4071 618; x_wconf 86' lang='grc' dir='ltr'>κατα-</span> 
     </span>
    </p>
   </div>
   <div class='ocr_carea' id='block_1_50' title="bbox 2485 654 4065 733">
    <p class='ocr_par' dir='ltr' id='par_1_50' title="bbox 2485 654 4065 733">
     <span class='ocr_line' id='line_1_50' title="bbox 2485 654 4065 733; baseline -0.005 -16"><span class='ocrx_word' id='word_1_331' title='bbox 2485 663 2727 733; x_wconf 82' lang='grc' dir='ltr'>λήψομαι</span> <span class='ocrx_word' id='word_1_332' title='bbox 2779 662 2881 731; x_wconf 78' lang='grc' dir='ltr'>τὴν</span> <span class='ocrx_word' id='word_1_333' title='bbox 2931 658 3283 727; x_wconf 75' lang='grc' dir='ltr'><strong>οἰκουμένην,</strong></span> <span class='ocrx_word' id='word_1_334' title='bbox 3344 657 3440 711; x_wconf 70' lang='grc' dir='ltr'><strong>καὶ</strong></span> <span class='ocrx_word' id='word_1_335' title='bbox 3470 654 3743 725; x_wconf 74' lang='grc' dir='ltr'><strong>ἐξαλείψω</strong></span> <span class='ocrx_word' id='word_1_336' title='bbox 3800 654 3902 727; x_wconf 74' lang='grc' dir='ltr'>τὴν</span> <span class='ocrx_word' id='word_1_337' title='bbox 3966 655 4065 709; x_wconf 77' lang='grc' dir='ltr'>θά-</span> 
     </span>
    </p>
   </div>
   <div class='ocr_carea' id='block_1_51' title="bbox 2485 747 4070 820">
    <p class='ocr_par' dir='ltr' id='par_1_51' title="bbox 2485 747 4070 820">
     <span class='ocr_line' id='line_1_51' title="bbox 2485 747 4070 820; baseline -0.004 -12"><span class='ocrx_word' id='word_1_338' title='bbox 2485 754 2719 818; x_wconf 89' lang='grc' dir='ltr'>λασσαν,</span> <span class='ocrx_word' id='word_1_339' title='bbox 2747 753 2839 807; x_wconf 72' lang='grc' dir='ltr'><strong>καὶ</strong></span> <span class='ocrx_word' id='word_1_340' title='bbox 2868 750 2945 816; x_wconf 83' lang='grc' dir='ltr'>ὡς</span> <span class='ocrx_word' id='word_1_341' title='bbox 2968 748 3450 820; x_wconf 76' lang='grc' dir='ltr'><strong>καταλελειμμένα</strong></span> <span class='ocrx_word' id='word_1_342' title='bbox 3473 747 3557 803; x_wconf 65' lang='lat' dir='ltr'><strong>ea</strong></span> <span class='ocrx_word' id='word_1_343' title='bbox 3577 747 3705 812; x_wconf 74' lang='grc' dir='ltr'>τοὺς</span> <span class='ocrx_word' id='word_1_344' title='bbox 3738 747 4070 817; x_wconf 82' lang='grc' dir='ltr'>σύμπαντας</span> 
     </span>
    </p>
   </div>
   <div class='ocr_carea' id='block_1_52' title="bbox 2485 839 4071 919">
    <p class='ocr_par' dir='ltr' id='par_1_52' title="bbox 2485 839 4071 919">
     <span class='ocr_line' id='line_1_52' title="bbox 2485 839 4071 919; baseline -0.005 -18"><span class='ocrx_word' id='word_1_345' title='bbox 2485 846 2688 919; x_wconf 83' lang='grc' dir='ltr'>ἐξαρῶ.</span> <span class='ocrx_word' id='word_1_346' title='bbox 2736 846 2898 901; x_wconf 85' lang='grc' dir='ltr'>Ἀλλά</span> <span class='ocrx_word' id='word_1_347' title='bbox 2933 845 3045 916; x_wconf 80' lang='grc' dir='ltr'>γὰρ</span> <span class='ocrx_word' id='word_1_348' title='bbox 3072 845 3174 899; x_wconf 81' lang='grc' dir='ltr'><strong>οὐκ</strong></span> <span class='ocrx_word' id='word_1_349' title='bbox 3202 842 3564 911; x_wconf 78' lang='grc' dir='ltr'>ἐγκατέλιπες</span> <span class='ocrx_word' id='word_1_350' title='bbox 3612 841 3739 904; x_wconf 76' lang='grc' dir='ltr'>τοὺς</span> <span class='ocrx_word' id='word_1_351' title='bbox 3772 839 4071 909; x_wconf 64' lang='grc' dir='ltr'>ἐκζητοῦνι</span> 
     </span>
    </p>
   </div>
   <div class='ocr_carea' id='block_1_53' title="bbox 2482 929 4069 1012">
    <p class='ocr_par' dir='ltr' id='par_1_53' title="bbox 2482 929 4069 1012">
     <span class='ocr_line' id='line_1_53' title="bbox 2482 929 4069 1012; baseline -0.005 -18"><span class='ocrx_word' id='word_1_352' title='bbox 2482 941 2581 1004; x_wconf 86' lang='grc' dir='ltr'><strong>τάς</strong></span> <span class='ocrx_word' id='word_1_353' title='bbox 2613 957 2693 1007; x_wconf 88' lang='grc' dir='ltr'><strong>σε,</strong></span> <span class='ocrx_word' id='word_1_354' title='bbox 2723 938 2900 1012; x_wconf 80' lang='grc' dir='ltr'>Κύριε</span> <span class='ocrx_word' id='word_1_355' title='bbox 2922 955 2939 972; x_wconf 68' lang='grc' dir='ltr'>θ</span> <span class='ocrx_word' id='word_1_356' title='bbox 2968 935 3280 1006; x_wconf 76' lang='grc' dir='ltr'>ἐπέϐλεψας</span> <span class='ocrx_word' id='word_1_357' title='bbox 3303 935 3362 990; x_wconf 86' lang='grc' dir='ltr'>δὲ</span> <span class='ocrx_word' id='word_1_358' title='bbox 3390 934 3452 1000; x_wconf 82' lang='grc' dir='ltr'>ἐξ</span> <span class='ocrx_word' id='word_1_359' title='bbox 3483 932 3718 1007; x_wconf 89' lang='grc' dir='ltr'>ούρανοῦ</span> <span class='ocrx_word' id='word_1_360' title='bbox 3783 934 3881 988; x_wconf 78' lang='grc' dir='ltr'>καὶ</span> <span class='ocrx_word' id='word_1_361' title='bbox 3926 929 4069 997; x_wconf 76' lang='grc' dir='ltr'>εἶδες</span> 
     </span>
    </p>
   </div>
   <div class='ocr_carea' id='block_1_54' title="bbox 2483 1027 4067 1102">
    <p class='ocr_par' dir='ltr' id='par_1_54' title="bbox 2483 1027 4067 1102">
     <span class='ocr_line' id='line_1_54' title="bbox 2483 1027 4067 1102; baseline -0.003 -15"><span class='ocrx_word' id='word_1_362' title='bbox 2483 1033 2609 1096; x_wconf 76' lang='grc' dir='ltr'>τοὺς</span> <span class='ocrx_word' id='word_1_363' title='bbox 2627 1033 2774 1097; x_wconf 77' lang='grc' dir='ltr'>υἱοὺς</span> <span class='ocrx_word' id='word_1_364' title='bbox 2794 1032 2903 1087; x_wconf 85' lang='grc' dir='ltr'><strong>τῶν</strong></span> <span class='ocrx_word' id='word_1_365' title='bbox 2917 1032 3403 1102; x_wconf 82' lang='grc' dir='ltr'>τεθανατωμένων,</span> <span class='ocrx_word' id='word_1_366' title='bbox 3421 1028 3516 1083; x_wconf 74' lang='grc' dir='ltr'>καὶ</span> <span class='ocrx_word' id='word_1_367' title='bbox 3530 1027 3876 1101; x_wconf 83' lang='grc' dir='ltr'>ᾠκτείρησας</span> <span class='ocrx_word' id='word_1_368' title='bbox 3895 1029 4067 1098; x_wconf 74' lang='grc' dir='ltr'>ἡμᾶς,</span> 
     </span>
    </p>
   </div>
   <div class='ocr_carea' id='block_1_55' title="bbox 2485 1121 4070 1197">
    <p class='ocr_par' dir='ltr' id='par_1_55' title="bbox 2485 1121 4070 1197">
     <span class='ocr_line' id='line_1_55' title="bbox 2485 1121 4070 1197; baseline -0.003 -18"><span class='ocrx_word' id='word_1_369' title='bbox 2485 1125 2582 1179; x_wconf 76' lang='grc' dir='ltr'>καὶ</span> <span class='ocrx_word' id='word_1_370' title='bbox 2606 1124 2699 1178; x_wconf 75' lang='grc' dir='ltr'>ἐπὶ</span> <span class='ocrx_word' id='word_1_371' title='bbox 2724 1125 2840 1178; x_wconf 81' lang='grc' dir='ltr'>υίὸν</span> <span class='ocrx_word' id='word_1_372' title='bbox 2868 1123 3158 1197; x_wconf 84' lang='grc' dir='ltr'>ἀνθρώπου</span> <span class='ocrx_word' id='word_1_373' title='bbox 3190 1123 3250 1176; x_wconf 83' lang='grc' dir='ltr'>ὃν</span> <span class='ocrx_word' id='word_1_374' title='bbox 3283 1121 3667 1194; x_wconf 84' lang='grc' dir='ltr'>ἐκραταίωσας</span> <span class='ocrx_word' id='word_1_375' title='bbox 3694 1121 3897 1193; x_wconf 83' lang='grc' dir='ltr'>ἐαυτῷ,</span> <span class='ocrx_word' id='word_1_376' title='bbox 3972 1122 4070 1175; x_wconf 83' lang='grc' dir='ltr'>καὶ</span> 
     </span>
    </p>
   </div>
   <div class='ocr_carea' id='block_1_56' title="bbox 2486 1212 4071 1287">
    <p class='ocr_par' dir='ltr' id='par_1_56' title="bbox 2486 1212 4071 1287">
     <span class='ocr_line' id='line_1_56' title="bbox 2486 1212 4071 1287; baseline -0.002 -18"><span class='ocrx_word' id='word_1_377' title='bbox 2486 1216 2582 1270; x_wconf 77' lang='grc' dir='ltr'>ἐπὶ</span> <span class='ocrx_word' id='word_1_378' title='bbox 2611 1216 2779 1287; x_wconf 82' lang='grc' dir='ltr'>ἄνδρα</span> <span class='ocrx_word' id='word_1_379' title='bbox 2807 1214 2988 1281; x_wconf 81' lang='grc' dir='ltr'>δεξιᾶς</span> <span class='ocrx_word' id='word_1_380' title='bbox 3019 1232 3113 1269; x_wconf 83' lang='grc' dir='ltr'><strong>σου</strong></span> <span class='ocrx_word' id='word_1_381' title='bbox 3152 1214 3541 1282; x_wconf 76' lang='grc' dir='ltr'>ἐξαποστείλας</span> <span class='ocrx_word' id='word_1_382' title='bbox 3576 1212 3639 1268; x_wconf 82' lang='grc' dir='ltr'>τὺ</span> <span class='ocrx_word' id='word_1_383' title='bbox 3698 1213 3815 1283; x_wconf 81' lang='grc' dir='ltr'><strong>φῶς</strong></span> <span class='ocrx_word' id='word_1_384' title='bbox 3853 1230 3949 1267; x_wconf 85' lang='grc' dir='ltr'><strong>σου</strong></span> <span class='ocrx_word' id='word_1_385' title='bbox 3978 1214 4071 1267; x_wconf 67' lang='grc' dir='ltr'><strong>καὶ</strong></span> 
     </span>
    </p>
   </div>
   <div class='ocr_carea' id='block_1_57' title="bbox 2484 1304 4067 1378">
    <p class='ocr_par' dir='ltr' id='par_1_57' title="bbox 2484 1304 4067 1378">
     <span class='ocr_line' id='line_1_57' title="bbox 2484 1304 4067 1378; baseline -0.003 -17"><span class='ocrx_word' id='word_1_386' title='bbox 2484 1305 2584 1376; x_wconf 76' lang='grc' dir='ltr'>τὴν</span> <span class='ocrx_word' id='word_1_387' title='bbox 2609 1308 2890 1378; x_wconf 83' lang='grc' dir='ltr'>ἀλήθειαν,</span> <span class='ocrx_word' id='word_1_388' title='bbox 2923 1306 3257 1371; x_wconf 84' lang='grc' dir='ltr'>ἐπλεόνασας</span> <span class='ocrx_word' id='word_1_389' title='bbox 3303 1306 3396 1359; x_wconf 80' lang='grc' dir='ltr'>ἐπὶ</span> <span class='ocrx_word' id='word_1_390' title='bbox 3424 1305 3517 1358; x_wconf 73' lang='grc' dir='ltr'><strong>τὸν</strong></span> <span class='ocrx_word' id='word_1_391' title='bbox 3549 1305 3809 1359; x_wconf 76' lang='grc' dir='ltr'>σεδαστδν</span> <span class='ocrx_word' id='word_1_392' title='bbox 3831 1304 3934 1376; x_wconf 80' lang='grc' dir='ltr'><strong>τὴν</strong></span> <span class='ocrx_word' id='word_1_393' title='bbox 3968 1322 4067 1377; x_wconf 77' lang='grc' dir='ltr'>με·</span> 
     </span>
    </p>
   </div>
   <div class='ocr_carea' id='block_1_58' title="bbox 2483 1395 4070 1468">
    <p class='ocr_par' dir='ltr' id='par_1_58' title="bbox 2483 1395 4070 1468">
     <span class='ocr_line' id='line_1_58' title="bbox 2483 1395 4070 1468; baseline -0.002 -16"><span class='ocrx_word' id='word_1_394' title='bbox 2483 1397 2813 1468; x_wconf 88' lang='grc' dir='ltr'>γαλωσύνην</span> <span class='ocrx_word' id='word_1_395' title='bbox 2836 1415 2954 1460; x_wconf 84' lang='grc' dir='ltr'>σου,</span> <span class='ocrx_word' id='word_1_396' title='bbox 2993 1397 3089 1451; x_wconf 66' lang='lat' dir='ltr'><strong>xui.</strong></span> <span class='ocrx_word' id='word_1_397' title='bbox 3134 1396 3356 1462; x_wconf 81' lang='grc' dir='ltr'><strong>διδάξας</strong></span> <span class='ocrx_word' id='word_1_398' title='bbox 3402 1396 3502 1459; x_wconf 77' lang='grc' dir='ltr'>τὰς</span> <span class='ocrx_word' id='word_1_399' title='bbox 3531 1396 3722 1465; x_wconf 84' lang='grc' dir='ltr'>χεῖρας</span> <span class='ocrx_word' id='word_1_400' title='bbox 3773 1395 3942 1449; x_wconf 84' lang='grc' dir='ltr'>αὐτοῦ</span> <span class='ocrx_word' id='word_1_401' title='bbox 3988 1398 4070 1459; x_wconf 87' lang='grc' dir='ltr'>εἰς</span> 
     </span>
    </p>
   </div>
   <div class='ocr_carea' id='block_1_59' title="bbox 2484 1487 4067 1562">
    <p class='ocr_par' dir='ltr' id='par_1_59' title="bbox 2484 1487 4067 1562">
     <span class='ocr_line' id='line_1_59' title="bbox 2484 1487 4067 1562; baseline -0.003 -18"><span class='ocrx_word' id='word_1_402' title='bbox 2484 1487 2814 1562; x_wconf 80' lang='grc' dir='ltr'><strong>παράταξιν,</strong></span> <span class='ocrx_word' id='word_1_403' title='bbox 2835 1490 2928 1543; x_wconf 78' lang='grc' dir='ltr'><strong>καὶ</strong></span> <span class='ocrx_word' id='word_1_404' title='bbox 2955 1490 3083 1553; x_wconf 80' lang='grc' dir='ltr'>τοὺς</span> <span class='ocrx_word' id='word_1_405' title='bbox 3102 1488 3399 1553; x_wconf 83' lang='grc' dir='ltr'><strong>δακτύλους</strong></span> <span class='ocrx_word' id='word_1_406' title='bbox 3426 1490 3504 1555; x_wconf 86' lang='grc' dir='ltr'><strong>είς</strong></span> <span class='ocrx_word' id='word_1_407' title='bbox 3524 1488 3782 1559; x_wconf 76' lang='grc' dir='ltr'>πόλεμον,</span> <span class='ocrx_word' id='word_1_408' title='bbox 3811 1488 4067 1557; x_wconf 82' lang='grc' dir='ltr'>συνέτρι-</span> 
     </span>
    </p>
   </div>
   <div class='ocr_carea' id='block_1_60' title="bbox 2483 1577 4059 1652">
    <p class='ocr_par' dir='ltr' id='par_1_60' title="bbox 2483 1577 4059 1652">
     <span class='ocr_line' id='line_1_60' title="bbox 2483 1577 4059 1652; baseline -0.002 -18"><span class='ocrx_word' id='word_1_409' title='bbox 2483 1580 2593 1650; x_wconf 83' lang='grc' dir='ltr'><strong>ψας</strong></span> <span class='ocrx_word' id='word_1_410' title='bbox 2637 1578 2971 1651; x_wconf 83' lang='grc' dir='ltr'>ἀμαρτωλοῦ</span> <span class='ocrx_word' id='word_1_411' title='bbox 3007 1580 3319 1652; x_wconf 74' lang='grc' dir='ltr'>βραχίονας,</span> <span class='ocrx_word' id='word_1_412' title='bbox 3356 1580 3452 1634; x_wconf 75' lang='grc' dir='ltr'><strong>καὶ</strong></span> <span class='ocrx_word' id='word_1_413' title='bbox 3495 1580 3729 1650; x_wconf 75' lang='grc' dir='ltr'>μοχλοὺς</span> <span class='ocrx_word' id='word_1_414' title='bbox 3797 1577 4059 1649; x_wconf 79' lang='grc' dir='ltr'><strong>σιδηροῦς</strong></span> 
     </span>
    </p>
   </div>
   <div class='ocr_carea' id='block_1_61' title="bbox 2485 1665 4068 1743">
    <p class='ocr_par' dir='ltr' id='par_1_61' title="bbox 2485 1665 4068 1743">
     <span class='ocr_line' id='line_1_61' title="bbox 2485 1665 4068 1743; baseline -0.004 -16"><span class='ocrx_word' id='word_1_415' title='bbox 2485 1670 2837 1736; x_wconf 79' lang='grc' dir='ltr'>συνέθλασας.</span> <span class='ocrx_word' id='word_1_416' title='bbox 2869 1670 3095 1742; x_wconf 79' lang='grc' dir='ltr'>Ἐξῆξας</span> <span class='ocrx_word' id='word_1_417' title='bbox 3128 1672 3561 1743; x_wconf 81' lang='grc' dir='ltr'>πεπεδημένους,</span> <span class='ocrx_word' id='word_1_418' title='bbox 3599 1671 3693 1725; x_wconf 77' lang='grc' dir='ltr'>καὶ</span> <span class='ocrx_word' id='word_1_419' title='bbox 3748 1665 3911 1733; x_wconf 75' lang='grc' dir='ltr'>εἶπας</span> <span class='ocrx_word' id='word_1_420' title='bbox 3958 1672 4068 1732; x_wconf 85' lang='grc' dir='ltr'>τοῖς</span> 
     </span>
    </p>
   </div>
   <div class='ocr_carea' id='block_1_62' title="bbox 2485 1762 4068 1835">
    <p class='ocr_par' dir='ltr' id='par_1_62' title="bbox 2485 1762 4068 1835">
     <span class='ocr_line' id='line_1_62' title="bbox 2485 1762 4068 1835; baseline 0 -20"><span class='ocrx_word' id='word_1_421' title='bbox 2485 1762 2869 1834; x_wconf 79' lang='grc' dir='ltr'>παρανομοῦσι</span> <span class='ocrx_word' id='word_1_422' title='bbox 2902 1779 2917 1794; x_wconf 91' lang='grc'><strong>·</strong></span> <span class='ocrx_word' id='word_1_423' title='bbox 2950 1763 3043 1833; x_wconf 81' lang='grc' dir='ltr'><strong>Μὴ</strong></span> <span class='ocrx_word' id='word_1_424' title='bbox 3075 1766 3467 1835; x_wconf 85' lang='grc' dir='ltr'>παρανομεῖτε,</span> <span class='ocrx_word' id='word_1_425' title='bbox 3526 1764 3621 1817; x_wconf 79' lang='grc' dir='ltr'><strong>καὶ</strong></span> <span class='ocrx_word' id='word_1_426' title='bbox 3669 1765 3784 1825; x_wconf 88' lang='grc' dir='ltr'>τοῖς</span> <span class='ocrx_word' id='word_1_427' title='bbox 3819 1780 4068 1834; x_wconf 86' lang='grc' dir='ltr'>παραπι-</span> 
     </span>
    </p>
   </div>
   <div class='ocr_carea' id='block_1_63' title="bbox 2418 1833 4068 1927">
    <p class='ocr_par' dir='ltr' id='par_1_63' title="bbox 2418 1833 4068 1927">
     <span class='ocr_line' id='line_1_63' title="bbox 2418 1833 4068 1927; baseline -0.002 -18"><span class='ocrx_word' id='word_1_428' title='bbox 2418 1833 2458 1887; x_wconf 77' lang='grc' dir='ltr'><strong>Β</strong></span> <span class='ocrx_word' id='word_1_429' title='bbox 2488 1833 2805 1927; x_wconf 64' lang='grc' dir='ltr'>κράίνούσν</span> <span class='ocrx_word' id='word_1_430' title='bbox 2835 1856 2928 1925; x_wconf 84' lang='grc' dir='ltr'>Μὴ</span> <span class='ocrx_word' id='word_1_431' title='bbox 2988 1833 3190 1925; x_wconf 17' lang='grc' dir='ltr'>ύαηιοῦτήε</span> <span class='ocrx_word' id='word_1_432' title='bbox 3225 1856 3413 1925; x_wconf 79' lang='grc' dir='ltr'>κέρας.</span> <span class='ocrx_word' id='word_1_433' title='bbox 3458 1856 3611 1910; x_wconf 83' lang='grc' dir='ltr'>Ἀλλ’</span> <span class='ocrx_word' id='word_1_434' title='bbox 3638 1855 3793 1926; x_wconf 78' lang='grc' dir='ltr'>ὁρᾷς,</span> <span class='ocrx_word' id='word_1_435' title='bbox 3821 1849 3869 1909; x_wconf 78' lang='grc' dir='ltr'>ὦ</span> <span class='ocrx_word' id='word_1_436' title='bbox 3927 1872 4068 1907; x_wconf 85' lang='grc' dir='ltr'>παν-</span> 
     </span>
    </p>
   </div>
   <div class='ocr_carea' id='block_1_64' title="bbox 2490 1946 4065 2019">
    <p class='ocr_par' dir='ltr' id='par_1_64' title="bbox 2490 1946 4065 2019">
     <span class='ocr_line' id='line_1_64' title="bbox 2490 1946 4065 2019; baseline -0.001 -18"><span class='ocrx_word' id='word_1_437' title='bbox 2490 1948 2739 2010; x_wconf 82' lang='grc' dir='ltr'>σέὸαστε,</span> <span class='ocrx_word' id='word_1_438' title='bbox 2761 1948 2909 2012; x_wconf 85' lang='grc' dir='ltr'>ὅπως</span> <span class='ocrx_word' id='word_1_439' title='bbox 2936 1949 3005 2002; x_wconf 89' lang='grc' dir='ltr'><strong>τά</strong></span> <span class='ocrx_word' id='word_1_440' title='bbox 3030 1946 3167 2002; x_wconf 88' lang='grc' dir='ltr'>Θεοῦ</span> <span class='ocrx_word' id='word_1_441' title='bbox 3191 1948 3319 2019; x_wconf 75' lang='grc' dir='ltr'>περὶ</span> <span class='ocrx_word' id='word_1_442' title='bbox 3354 1948 3415 2000; x_wconf 79' lang='grc' dir='ltr'>σὲ</span> <span class='ocrx_word' id='word_1_443' title='bbox 3479 1948 3790 2017; x_wconf 82' lang='grc' dir='ltr'>δωρήματα</span> <span class='ocrx_word' id='word_1_444' title='bbox 3819 1948 3936 2010; x_wconf 89' lang='grc' dir='ltr'>τοῖς</span> <span class='ocrx_word' id='word_1_445' title='bbox 3968 1946 4065 2000; x_wconf 91' lang='grc' dir='ltr'><strong>τοῦ</strong></span> 
     </span>
    </p>
   </div>
   <div class='ocr_carea' id='block_1_65' title="bbox 2485 2037 4065 2110">
    <p class='ocr_par' dir='ltr' id='par_1_65' title="bbox 2485 2037 4065 2110">
     <span class='ocr_line' id='line_1_65' title="bbox 2485 2037 4065 2110; baseline -0.003 -17"><span class='ocrx_word' id='word_1_446' title='bbox 2485 2038 2623 2093; x_wconf 88' lang='grc' dir='ltr'>Θεοῦ</span> <span class='ocrx_word' id='word_1_447' title='bbox 2653 2038 2852 2107; x_wconf 83' lang='grc' dir='ltr'>λογίοις</span> <span class='ocrx_word' id='word_1_448' title='bbox 2886 2039 2961 2102; x_wconf 86' lang='grc' dir='ltr'>ὡς</span> <span class='ocrx_word' id='word_1_449' title='bbox 2989 2038 3215 2093; x_wconf 70' lang='grc' dir='ltr'>δυνατὸν</span> <span class='ocrx_word' id='word_1_450' title='bbox 3273 2039 3515 2110; x_wconf 84' lang='grc' dir='ltr'>ῦμνησα,</span> <span class='ocrx_word' id='word_1_451' title='bbox 3553 2040 3676 2091; x_wconf 81' lang='grc' dir='ltr'>ἐπεὶ</span> <span class='ocrx_word' id='word_1_452' title='bbox 3735 2039 3834 2093; x_wconf 72' lang='grc' dir='ltr'>καὶ</span> <span class='ocrx_word' id='word_1_453' title='bbox 3872 2039 3957 2091; x_wconf 92' lang='grc' dir='ltr'><strong>δεῖ</strong></span> <span class='ocrx_word' id='word_1_454' title='bbox 3992 2037 4065 2107; x_wconf 81' lang='grc' dir='ltr'>μὴ</span> 
     </span>
    </p>
   </div>
   <div class='ocr_carea' id='block_1_66' title="bbox 2487 2127 4067 2202">
    <p class='ocr_par' dir='ltr' id='par_1_66' title="bbox 2487 2127 4067 2202">
     <span class='ocr_line' id='line_1_66' title="bbox 2487 2127 4067 2202; baseline -0.001 -20"><span class='ocrx_word' id='word_1_455' title='bbox 2487 2129 2803 2200; x_wconf 78' lang='grc' dir='ltr'>ἀνθρωπίνῃ</span> <span class='ocrx_word' id='word_1_456' title='bbox 2854 2128 3074 2202; x_wconf 78' lang='grc' dir='ltr'>γλώσσῃ</span> <span class='ocrx_word' id='word_1_457' title='bbox 3097 2127 3210 2202; x_wconf 86' lang='grc' dir='ltr'><strong>[τά]</strong></span> <span class='ocrx_word' id='word_1_458' title='bbox 3245 2131 3388 2199; x_wconf 84' lang='grc' dir='ltr'>ὑπὲρ</span> <span class='ocrx_word' id='word_1_459' title='bbox 3420 2128 3741 2198; x_wconf 78' lang='grc' dir='ltr'>ἀνθρώπους</span> <span class='ocrx_word' id='word_1_460' title='bbox 3780 2145 4067 2197; x_wconf 83' lang='grc' dir='ltr'>κατασμι-</span> 
     </span>
    </p>
   </div>
   <div class='ocr_carea' id='block_1_67' title="bbox 2488 2219 4071 2293">
    <p class='ocr_par' dir='ltr' id='par_1_67' title="bbox 2488 2219 4071 2293">
     <span class='ocr_line' id='line_1_67' title="bbox 2488 2219 4071 2293; baseline -0.003 -19"><span class='ocrx_word' id='word_1_461' title='bbox 2488 2223 2759 2289; x_wconf 75' lang='grc' dir='ltr'>κρύναντα</span> <span class='ocrx_word' id='word_1_462' title='bbox 2776 2219 2938 2291; x_wconf 76' lang='grc' dir='ltr'>ᾇσται</span> <span class='ocrx_word' id='word_1_463' title='bbox 2983 2222 3221 2276; x_wconf 82' lang='grc' dir='ltr'>Φύλαττὲ</span> <span class='ocrx_word' id='word_1_464' title='bbox 3242 2222 3525 2291; x_wconf 72' lang='grc' dir='ltr'>μοιζτοίνυν</span> <span class='ocrx_word' id='word_1_465' title='bbox 3543 2222 3640 2293; x_wconf 78' lang='grc' dir='ltr'>τὴν</span> <span class='ocrx_word' id='word_1_466' title='bbox 3658 2221 3751 2274; x_wconf 82' lang='grc' dir='ltr'><strong>ἐπί</strong></span> <span class='ocrx_word' id='word_1_467' title='bbox 3770 2220 4071 2288; x_wconf 84' lang='grc' dir='ltr'>ἀγαθότητι</span> 
     </span>
    </p>
   </div>
   <div class='ocr_carea' id='block_1_68' title="bbox 2487 2312 4065 2384">
    <p class='ocr_par' dir='ltr' id='par_1_68' title="bbox 2487 2312 4065 2384">
     <span class='ocr_line' id='line_1_68' title="bbox 2487 2312 4065 2384; baseline -0.001 -19"><span class='ocrx_word' id='word_1_468' title='bbox 2487 2313 2875 2383; x_wconf 81' lang='grc' dir='ltr'>θεομιμησίαν,</span> <span class='ocrx_word' id='word_1_469' title='bbox 2908 2315 3002 2367; x_wconf 78' lang='grc' dir='ltr'><strong>καὶ</strong></span> <span class='ocrx_word' id='word_1_470' title='bbox 3057 2315 3329 2384; x_wconf 83' lang='grc' dir='ltr'>μηδέποτε</span> <span class='ocrx_word' id='word_1_471' title='bbox 3384 2316 3576 2383; x_wconf 64' lang='grc' dir='ltr'>μηδενὶ</span> <span class='ocrx_word' id='word_1_472' title='bbox 3631 2316 3795 2384; x_wconf 76' lang='grc' dir='ltr'>μηδὲν</span> <span class='ocrx_word' id='word_1_473' title='bbox 3830 2312 4065 2383; x_wconf 70' lang='grc' dir='ltr'>θελήσῃς</span> 
     </span>
    </p>
   </div>
   <div class='ocr_carea' id='block_1_69' title="bbox 2486 2405 4068 2477">
    <p class='ocr_par' dir='ltr' id='par_1_69' title="bbox 2486 2405 4068 2477">
     <span class='ocr_line' id='line_1_69' title="bbox 2486 2405 4068 2477; baseline 0 -19"><span class='ocrx_word' id='word_1_474' title='bbox 2486 2407 2656 2458; x_wconf 74' lang='grc' dir='ltr'>κακόν</span> <span class='ocrx_word' id='word_1_475' title='bbox 2675 2420 2690 2437; x_wconf 80' lang='grc'><strong><em>⁸</em></strong></span> <span class='ocrx_word' id='word_1_476' title='bbox 2722 2407 2816 2459; x_wconf 75' lang='grc' dir='ltr'><strong>καὶ</strong></span> <span class='ocrx_word' id='word_1_477' title='bbox 2836 2406 2972 2476; x_wconf 68' lang='grc' dir='ltr'>πρὸς</span> <span class='ocrx_word' id='word_1_478' title='bbox 2993 2409 3204 2470; x_wconf 81' lang='grc' dir='ltr'>πάντας</span> <span class='ocrx_word' id='word_1_479' title='bbox 3229 2408 3577 2477; x_wconf 80' lang='grc' dir='ltr'>ἀγαθοσύνην</span> <span class='ocrx_word' id='word_1_480' title='bbox 3596 2405 4068 2476; x_wconf 71' lang='grc' dir='ltr'>ἐπιδεικνύμενος,</span> 
     </span>
    </p>
   </div>
   <div class='ocr_carea' id='block_1_70' title="bbox 2490 2498 4066 2571">
    <p class='ocr_par' dir='ltr' id='par_1_70' title="bbox 2490 2498 4066 2571">
     <span class='ocr_line' id='line_1_70' title="bbox 2490 2498 4066 2571; baseline 0.001 -22"><span class='ocrx_word' id='word_1_481' title='bbox 2490 2498 2725 2565; x_wconf 65' lang='grc' dir='ltr'>μέιλιστα</span> <span class='ocrx_word' id='word_1_482' title='bbox 2774 2499 2831 2552; x_wconf 80' lang='grc' dir='ltr'><strong>δὲ</strong></span> <span class='ocrx_word' id='word_1_483' title='bbox 2874 2500 3012 2570; x_wconf 69' lang='grc' dir='ltr'>πρὸς</span> <span class='ocrx_word' id='word_1_484' title='bbox 3070 2500 3197 2563; x_wconf 72' lang='grc' dir='ltr'>τοὺς</span> <span class='ocrx_word' id='word_1_485' title='bbox 3254 2500 3314 2564; x_wconf 81' lang='grc' dir='ltr'>ἐξ</span> <span class='ocrx_word' id='word_1_486' title='bbox 3357 2501 3531 2571; x_wconf 79' lang='grc' dir='ltr'>ἀρχῆς</span> <span class='ocrx_word' id='word_1_487' title='bbox 3585 2499 3908 2569; x_wconf 77' lang='grc' dir='ltr'>ἐλεηθέντας</span> <span class='ocrx_word' id='word_1_488' title='bbox 3962 2516 4066 2561; x_wconf 77' lang='grc' dir='ltr'>σοι,</span> 
     </span>
    </p>
   </div>
   <div class='ocr_carea' id='block_1_71' title="bbox 2485 2585 4069 2661">
    <p class='ocr_par' dir='ltr' id='par_1_71' title="bbox 2485 2585 4069 2661">
     <span class='ocr_line' id='line_1_71' title="bbox 2485 2585 4069 2661; baseline 0.001 -21"><span class='ocrx_word' id='word_1_489' title='bbox 2485 2589 2658 2641; x_wconf 80' lang='grc' dir='ltr'>ὁποῖοί</span> <span class='ocrx_word' id='word_1_490' title='bbox 2687 2592 2854 2660; x_wconf 88' lang='grc' dir='ltr'>ἐσμεν</span> <span class='ocrx_word' id='word_1_491' title='bbox 2883 2592 3065 2660; x_wconf 78' lang='grc' dir='ltr'>ἡμεῖς,</span> <span class='ocrx_word' id='word_1_492' title='bbox 3099 2585 3182 2654; x_wconf 74' lang='grc' dir='ltr'>οἷς</span> <span class='ocrx_word' id='word_1_493' title='bbox 3208 2591 3445 2661; x_wconf 82' lang='grc' dir='ltr'>μάλιστα</span> <span class='ocrx_word' id='word_1_494' title='bbox 3489 2590 3555 2644; x_wconf 84' lang='grc' dir='ltr'><strong>ἂν</strong></span> <span class='ocrx_word' id='word_1_495' title='bbox 3612 2591 3868 2661; x_wconf 77' lang='grc' dir='ltr'>χαρίσαιο</span> <span class='ocrx_word' id='word_1_496' title='bbox 3890 2590 4069 2644; x_wconf 77' lang='grc' dir='ltr'>καὶτά</span> 
     </span>
    </p>
   </div>
   <div class='ocr_carea' id='block_1_72' title="bbox 2489 2679 4068 2753">
    <p class='ocr_par' dir='ltr' id='par_1_72' title="bbox 2489 2679 4068 2753">
     <span class='ocr_line' id='line_1_72' title="bbox 2489 2679 4068 2753; baseline 0.001 -22"><span class='ocrx_word' id='word_1_497' title='bbox 2489 2679 2741 2749; x_wconf 78' lang='grc' dir='ltr'>μέγιστα,</span> <span class='ocrx_word' id='word_1_498' title='bbox 2773 2684 2822 2733; x_wconf 86' lang='grc' dir='ltr'><strong>εί</strong></span> <span class='ocrx_word' id='word_1_499' title='bbox 2850 2681 3075 2745; x_wconf 82' lang='grc' dir='ltr'>τούτους</span> <span class='ocrx_word' id='word_1_500' title='bbox 3098 2684 3158 2735; x_wconf 93' lang='grc' dir='ltr'><strong>ἐν</strong></span> <span class='ocrx_word' id='word_1_501' title='bbox 3190 2682 3269 2751; x_wconf 88' lang='grc' dir='ltr'>τῷ</span> <span class='ocrx_word' id='word_1_502' title='bbox 3298 2682 3522 2753; x_wconf 77' lang='grc' dir='ltr'>Εὐρίπῳ</span> <span class='ocrx_word' id='word_1_503' title='bbox 3549 2684 3839 2748; x_wconf 70' lang='grc' dir='ltr'>συγγενεῖς</span> <span class='ocrx_word' id='word_1_504' title='bbox 3905 2682 4068 2751; x_wconf 55' lang='grc' dir='ltr'>ὴμέλν</span> 
     </span>
    </p>
   </div>
   <div class='ocr_carea' id='block_1_73' title="bbox 2487 2772 4069 2843">
    <p class='ocr_par' dir='ltr' id='par_1_73' title="bbox 2487 2772 4069 2843">
     <span class='ocr_line' id='line_1_73' title="bbox 2487 2772 4069 2843; baseline 0.005 -17"><span class='ocrx_word' id='word_1_505' title='bbox 2487 2772 2670 2835; x_wconf 79' lang='grc' dir='ltr'>ἐλέους</span> <span class='ocrx_word' id='word_1_506' title='bbox 2698 2772 2893 2839; x_wconf 80' lang='grc' dir='ltr'>ἀξιοῖς,</span> <span class='ocrx_word' id='word_1_507' title='bbox 2959 2777 3059 2828; x_wconf 80' lang='grc' dir='ltr'><strong>καὶ</strong></span> <span class='ocrx_word' id='word_1_508' title='bbox 3124 2774 3321 2839; x_wconf 83' lang='grc' dir='ltr'>δείξοις</span> <span class='ocrx_word' id='word_1_509' title='bbox 3362 2777 3473 2837; x_wconf 87' lang='grc' dir='ltr'>τοῖς</span> <span class='ocrx_word' id='word_1_510' title='bbox 3507 2775 3566 2826; x_wconf 87' lang='grc' dir='ltr'><strong>ἐν</strong></span> <span class='ocrx_word' id='word_1_511' title='bbox 3604 2776 3671 2843; x_wconf 82' lang='grc' dir='ltr'>τῇ</span> <span class='ocrx_word' id='word_1_512' title='bbox 3739 2772 3953 2825; x_wconf 76' lang='grc' dir='ltr'>Ἐλλάδι</span> <span class='ocrx_word' id='word_1_513' title='bbox 3990 2772 4069 2834; x_wconf 79' lang='grc' dir='ltr'><strong>ὡς</strong></span> 
     </span>
    </p>
   </div>
   <div class='ocr_carea' id='block_1_74' title="bbox 2486 2862 4069 2936">
    <p class='ocr_par' dir='ltr' id='par_1_74' title="bbox 2486 2862 4069 2936">
     <span class='ocr_line' id='line_1_74' title="bbox 2486 2862 4069 2936; baseline 0 -20"><span class='ocrx_word' id='word_1_514' title='bbox 2486 2864 2636 2932; x_wconf 81' lang='grc' dir='ltr'><strong>παρά</strong></span> <span class='ocrx_word' id='word_1_515' title='bbox 2660 2865 2746 2918; x_wconf 72' lang='grc' dir='ltr'>σοὶ</span> <span class='ocrx_word' id='word_1_516' title='bbox 2773 2864 2850 2934; x_wconf 80' lang='grc' dir='ltr'><strong>τῷ</strong></span> <span class='ocrx_word' id='word_1_517' title='bbox 2869 2865 3229 2936; x_wconf 78' lang='grc' dir='ltr'>πανσεὸάστῳ</span> <span class='ocrx_word' id='word_1_518' title='bbox 3256 2865 3476 2919; x_wconf 83' lang='grc' dir='ltr'>πάντων</span> <span class='ocrx_word' id='word_1_519' title='bbox 3502 2863 3690 2933; x_wconf 83' lang='grc' dir='ltr'>ἀντιλή</span> <span class='ocrx_word' id='word_1_520' title='bbox 3700 2881 3859 2934; x_wconf 85' lang='grc' dir='ltr'>πτορι</span> <span class='ocrx_word' id='word_1_521' title='bbox 3883 2862 4069 2916; x_wconf 83' lang='grc' dir='ltr'>πλείο-</span> 
     </span>
    </p>
   </div>
   <div class='ocr_carea' id='block_1_75' title="bbox 2485 2954 4067 3029">
    <p class='ocr_par' dir='ltr' id='par_1_75' title="bbox 2485 2954 4067 3029">
     <span class='ocr_line' id='line_1_75' title="bbox 2485 2954 4067 3029; baseline -0.001 -22"><span class='ocrx_word' id='word_1_522' title='bbox 2485 2971 2573 3017; x_wconf 92' lang='grc' dir='ltr'><strong>νος</strong></span> <span class='ocrx_word' id='word_1_523' title='bbox 2602 2956 2631 3007; x_wconf 83' lang='grc' dir='ltr'>ὁ</span> <span class='ocrx_word' id='word_1_524' title='bbox 2654 2956 3091 3027; x_wconf 82' lang='grc' dir='ltr'>ἀρχιεπίσκοπος</span> <span class='ocrx_word' id='word_1_525' title='bbox 3121 2958 3284 3027; x_wconf 78' lang='grc' dir='ltr'>λόγου</span> <span class='ocrx_word' id='word_1_526' title='bbox 3337 2958 3509 3022; x_wconf 81' lang='grc' dir='ltr'>ἄξιος.</span> <span class='ocrx_word' id='word_1_527' title='bbox 3532 2957 3828 3029; x_wconf 82' lang='grc' dir='ltr'>Πλήρωσον</span> <span class='ocrx_word' id='word_1_528' title='bbox 3857 2954 3952 3009; x_wconf 82' lang='grc' dir='ltr'><strong>οῦν</strong></span> <span class='ocrx_word' id='word_1_529' title='bbox 3978 2972 4067 3023; x_wconf 77' lang='grc' dir='ltr'><strong>μοι</strong></span> 
     </span>
    </p>
   </div>
   <div class='ocr_carea' id='block_1_76' title="bbox 2483 3047 4069 3121">
    <p class='ocr_par' dir='ltr' id='par_1_76' title="bbox 2483 3047 4069 3121">
     <span class='ocr_line' id='line_1_76' title="bbox 2483 3047 4069 3121; baseline -0.003 -18"><span class='ocrx_word' id='word_1_530' title='bbox 2483 3050 2585 3120; x_wconf 80' lang='grc' dir='ltr'><strong>τὴν</strong></span> <span class='ocrx_word' id='word_1_531' title='bbox 2615 3050 2791 3121; x_wconf 69' lang='grc' dir='ltr'>χαρὰν</span> <span class='ocrx_word' id='word_1_532' title='bbox 2823 3054 2880 3103; x_wconf 86' lang='grc' dir='ltr'><strong>ἐν</strong></span> <span class='ocrx_word' id='word_1_533' title='bbox 2912 3053 3023 3115; x_wconf 87' lang='grc' dir='ltr'>τοῖς</span> <span class='ocrx_word' id='word_1_534' title='bbox 3068 3054 3222 3121; x_wconf 83' lang='grc' dir='ltr'>ἐμοῖς</span> <span class='ocrx_word' id='word_1_535' title='bbox 3248 3055 3306 3106; x_wconf 89' lang='grc' dir='ltr'><strong>ἐν</strong></span> <span class='ocrx_word' id='word_1_536' title='bbox 3348 3053 3515 3105; x_wconf 81' lang='grc' dir='ltr'>πᾶσιν</span> <span class='ocrx_word' id='word_1_537' title='bbox 3554 3050 3737 3104; x_wconf 82' lang='grc' dir='ltr'>αὐτῶν</span> <span class='ocrx_word' id='word_1_538' title='bbox 3776 3047 4069 3102; x_wconf 71' lang='grc' dir='ltr'>ἀντιλαϐὁο</span> 
     </span>
    </p>
   </div>
   <div class='ocr_carea' id='block_1_77' title="bbox 2488 3140 4068 3212">
    <p class='ocr_par' dir='ltr' id='par_1_77' title="bbox 2488 3140 4068 3212">
     <span class='ocr_line' id='line_1_77' title="bbox 2488 3140 4068 3212; baseline -0.002 -19"><span class='ocrx_word' id='word_1_539' title='bbox 2488 3158 2668 3210; x_wconf 86' lang='grc' dir='ltr'>μενος.</span> <span class='ocrx_word' id='word_1_540' title='bbox 2717 3142 2827 3194; x_wconf 80' lang='grc' dir='ltr'>Καί</span> <span class='ocrx_word' id='word_1_541' title='bbox 2861 3158 2920 3194; x_wconf 88' lang='grc' dir='ltr'><strong>σε</strong></span> <span class='ocrx_word' id='word_1_542' title='bbox 2945 3142 3079 3205; x_wconf 69' lang='grc' dir='ltr'><strong>Θεῖις</strong></span> <span class='ocrx_word' id='word_1_543' title='bbox 3130 3141 3211 3195; x_wconf 78' lang='grc' dir='ltr'>ἔτι</span> <span class='ocrx_word' id='word_1_544' title='bbox 3241 3142 3478 3212; x_wconf 62' lang='lat' dir='ltr'><strong>seems</strong></span> <span class='ocrx_word' id='word_1_545' title='bbox 3510 3141 3749 3205; x_wconf 71' lang='grc' dir='ltr'>δοξάζων</span> <span class='ocrx_word' id='word_1_546' title='bbox 3774 3157 3833 3192; x_wconf 90' lang='grc' dir='ltr'><strong>σε</strong></span> <span class='ocrx_word' id='word_1_547' title='bbox 3856 3140 3950 3193; x_wconf 80' lang='grc' dir='ltr'><strong>τὸν</strong></span> <span class='ocrx_word' id='word_1_548' title='bbox 3977 3140 4068 3191; x_wconf 63' lang='grc' dir='ltr'>διὰ</span> 
     </span>
    </p>
   </div>
   <div class='ocr_carea' id='block_1_78' title="bbox 2481 3230 4067 3304">
    <p class='ocr_par' dir='ltr' id='par_1_78' title="bbox 2481 3230 4067 3304">
     <span class='ocr_line' id='line_1_78' title="bbox 2481 3230 4067 3304; baseline -0.001 -20"><span class='ocrx_word' id='word_1_549' title='bbox 2481 3232 2580 3302; x_wconf 82' lang='grc' dir='ltr'>τῆς</span> <span class='ocrx_word' id='word_1_550' title='bbox 2613 3231 2950 3299; x_wconf 84' lang='grc' dir='ltr'>ἀγαθότητος</span> <span class='ocrx_word' id='word_1_551' title='bbox 2985 3233 3151 3286; x_wconf 74' lang='grc' dir='ltr'>αὐτὸν</span> <span class='ocrx_word' id='word_1_552' title='bbox 3188 3234 3461 3304; x_wconf 79' lang='grc' dir='ltr'>ὁσημέραι</span> <span class='ocrx_word' id='word_1_553' title='bbox 3496 3230 3935 3296; x_wconf 79' lang='grc' dir='ltr'>ἀντιδοξάζοντα,</span> <span class='ocrx_word' id='word_1_554' title='bbox 3966 3233 4067 3283; x_wconf 76' lang='grc' dir='ltr'><strong>καὶ</strong></span> 
     </span>
    </p>
   </div>
   <div class='ocr_carea' id='block_1_79' title="bbox 2477 3323 3352 3394">
    <p class='ocr_par' dir='ltr' id='par_1_79' title="bbox 2477 3323 3352 3394">
     <span class='ocr_line' id='line_1_79' title="bbox 2477 3323 3352 3394; baseline 0.005 -20"><span class='ocrx_word' id='word_1_555' title='bbox 2477 3324 2529 3375; x_wconf 82' lang='lat' dir='ltr'><strong>oi</strong></span> <span class='ocrx_word' id='word_1_556' title='bbox 2571 3323 2754 3394; x_wconf 83' lang='grc' dir='ltr'>ἐχθροί</span> <span class='ocrx_word' id='word_1_557' title='bbox 2787 3339 2877 3375; x_wconf 89' lang='grc' dir='ltr'><strong>σου</strong></span> <span class='ocrx_word' id='word_1_558' title='bbox 2903 3324 3034 3394; x_wconf 86' lang='grc' dir='ltr'>χοῦν</span> <span class='ocrx_word' id='word_1_559' title='bbox 3065 3325 3352 3389; x_wconf 82' lang='grc' dir='ltr'>λείξουσιν.</span> 
     </span>
    </p>
   </div>
   <div class='ocr_carea' id='block_1_80' title="bbox 3093 3414 3428 3471">
    <p class='ocr_par' dir='ltr' id='par_1_80' title="bbox 3093 3414 3428 3471">
     <span class='ocr_line' id='line_1_80' title="bbox 3093 3414 3428 3471; baseline 0.012 -4"><span class='ocrx_word' id='word_1_560' title='bbox 3093 3415 3317 3471; x_wconf 81' lang='grc' dir='ltr'><strong>ΕΠΙΣΤ.</strong></span> <span class='ocrx_word' id='word_1_561' title='bbox 3352 3414 3428 3471; x_wconf 76' lang='lat' dir='ltr'><strong>E&#39;.</strong></span> 
     </span>
    </p>
   </div>
   <div class='ocr_carea' id='block_1_81' title="bbox 3055 3507 3443 3577">
    <p class='ocr_par' dir='ltr' id='par_1_81' title="bbox 3055 3507 3443 3577">
     <span class='ocr_line' id='line_1_81' title="bbox 3055 3507 3443 3577; baseline 0.008 -15"><span class='ocrx_word' id='word_1_562' title='bbox 3055 3507 3139 3573; x_wconf 81' lang='grc' dir='ltr'><strong>Τῷ</strong></span> <span class='ocrx_word' id='word_1_563' title='bbox 3167 3511 3443 3577; x_wconf 84' lang='grc' dir='ltr'>Καίσαρι.</span> 
     </span>
    </p>
   </div>
   <div class='ocr_carea' id='block_1_82' title="bbox 2556 3603 4069 3681">
    <p class='ocr_par' dir='ltr' id='par_1_82' title="bbox 2556 3603 4069 3681">
     <span class='ocr_line' id='line_1_82' title="bbox 2556 3603 4069 3681; baseline 0.005 -27"><span class='ocrx_word' id='word_1_564' title='bbox 2556 3603 2807 3656; x_wconf 80' lang='grc' dir='ltr'>Δέσποτά</span> <span class='ocrx_word' id='word_1_565' title='bbox 2846 3620 2948 3673; x_wconf 88' lang='grc' dir='ltr'><strong>μου</strong></span> <span class='ocrx_word' id='word_1_566' title='bbox 2977 3604 3123 3669; x_wconf 73' lang='grc' dir='ltr'>ἅγιε,</span> <span class='ocrx_word' id='word_1_567' title='bbox 3162 3607 3277 3667; x_wconf 82' lang='grc' dir='ltr'>τοῖς</span> <span class='ocrx_word' id='word_1_568' title='bbox 3304 3606 3569 3675; x_wconf 84' lang='grc' dir='ltr'>πρότερον</span> <span class='ocrx_word' id='word_1_569' title='bbox 3606 3608 3738 3677; x_wconf 79' lang='grc' dir='ltr'>περὶ</span> <span class='ocrx_word' id='word_1_570' title='bbox 3788 3607 3854 3679; x_wconf 80' lang='grc' dir='ltr'><strong>[Ῑ.</strong></span> <span class='ocrx_word' id='word_1_571' title='bbox 3888 3610 4069 3681; x_wconf 72' lang='grc' dir='ltr'>παράι</span> 
     </span>
    </p>
   </div>
   <div class='ocr_carea' id='block_1_83' title="bbox 2481 3693 4070 3766">
    <p class='ocr_par' dir='ltr' id='par_1_83' title="bbox 2481 3693 4070 3766">
     <span class='ocr_line' id='line_1_83' title="bbox 2481 3693 4070 3766; baseline 0.003 -20"><span class='ocrx_word' id='word_1_572' title='bbox 2481 3694 2579 3763; x_wconf 79' lang='grc' dir='ltr'>τῆς</span> <span class='ocrx_word' id='word_1_573' title='bbox 2600 3693 2878 3764; x_wconf 75' lang='grc' dir='ltr'>βασιλείας</span> <span class='ocrx_word' id='word_1_574' title='bbox 2898 3712 2990 3747; x_wconf 90' lang='grc' dir='ltr'><strong>σου</strong></span> <span class='ocrx_word' id='word_1_575' title='bbox 3010 3696 3320 3765; x_wconf 84' lang='grc' dir='ltr'>γενομένοις</span> <span class='ocrx_word' id='word_1_576' title='bbox 3337 3696 3471 3766; x_wconf 75' lang='grc' dir='ltr'>πρὸς</span> <span class='ocrx_word' id='word_1_577' title='bbox 3496 3695 3595 3766; x_wconf 82' lang='grc' dir='ltr'>ἐμὲ</span> <span class='ocrx_word' id='word_1_578' title='bbox 3625 3696 3851 3764; x_wconf 85' lang='grc' dir='ltr'>ἀγαθοῖς</span> <span class='ocrx_word' id='word_1_579' title='bbox 3868 3698 4070 3753; x_wconf 74' lang='grc' dir='ltr'>πολλὰ·</span> 
     </span>
    </p>
   </div>
   <div class='ocr_carea' id='block_1_84' title="bbox 2483 3787 4070 3862">
    <p class='ocr_par' dir='ltr' id='par_1_84' title="bbox 2483 3787 4070 3862">
     <span class='ocr_line' id='line_1_84' title="bbox 2483 3787 4070 3862; baseline 0.004 -23"><span class='ocrx_word' id='word_1_580' title='bbox 2483 3803 2570 3850; x_wconf 87' lang='grc' dir='ltr'><strong>κις</strong></span> <span class='ocrx_word' id='word_1_581' title='bbox 2589 3787 3085 3852; x_wconf 82' lang='grc' dir='ltr'>ἀντιταλαντεύσας</span> <span class='ocrx_word' id='word_1_582' title='bbox 3105 3787 3205 3859; x_wconf 79' lang='grc' dir='ltr'>τὴν</span> <span class='ocrx_word' id='word_1_583' title='bbox 3234 3788 3509 3857; x_wconf 85' lang='grc' dir='ltr'>γλῶσσαν,</span> <span class='ocrx_word' id='word_1_584' title='bbox 3540 3790 3635 3843; x_wconf 70' lang='grc' dir='ltr'><strong>καὶ</strong></span> <span class='ocrx_word' id='word_1_585' title='bbox 3659 3792 4070 3862; x_wconf 79' lang='grc' dir='ltr'>πειρασάμενος</span> 
     </span>
    </p>
   </div>
   <div class='ocr_carea' id='block_1_85' title="bbox 2482 3878 4065 3953">
    <p class='ocr_par' dir='ltr' id='par_1_85' title="bbox 2482 3878 4065 3953">
     <span class='ocr_line' id='line_1_85' title="bbox 2482 3878 4065 3953; baseline 0.003 -22"><span class='ocrx_word' id='word_1_586' title='bbox 2482 3879 2610 3949; x_wconf 73' lang='grc' dir='ltr'>ἴσην</span> <span class='ocrx_word' id='word_1_587' title='bbox 2666 3878 3009 3948; x_wconf 81' lang='grc' dir='ltr'>ἐξευρείσθαι</span> <span class='ocrx_word' id='word_1_588' title='bbox 3136 3878 3282 3951; x_wconf 79' lang='grc' dir='ltr'>ρέσ.]</span> <span class='ocrx_word' id='word_1_589' title='bbox 3309 3878 3561 3947; x_wconf 83' lang='grc' dir='ltr'>γλῶσσαν</span> <span class='ocrx_word' id='word_1_590' title='bbox 3595 3883 3709 3944; x_wconf 82' lang='grc' dir='ltr'>τοῖς</span> <span class='ocrx_word' id='word_1_591' title='bbox 3746 3884 4065 3953; x_wconf 78' lang='grc' dir='ltr'>πράγμασι,</span> 
     </span>
    </p>
   </div>
   <div class='ocr_carea' id='block_1_86' title="bbox 2486 3970 4069 4044">
    <p class='ocr_par' dir='ltr' id='par_1_86' title="bbox 2486 3970 4069 4044">
     <span class='ocr_line' id='line_1_86' title="bbox 2486 3970 4069 4044; baseline 0.004 -21"><span class='ocrx_word' id='word_1_592' title='bbox 2486 3970 2690 4041; x_wconf 74' lang='grc' dir='ltr'>πολλὴν</span> <span class='ocrx_word' id='word_1_593' title='bbox 2719 3970 2961 4039; x_wconf 75' lang='grc' dir='ltr'>ἐμαυτοῦ</span> <span class='ocrx_word' id='word_1_594' title='bbox 2996 3972 3311 4042; x_wconf 84' lang='grc' dir='ltr'>κουφότητα</span> <span class='ocrx_word' id='word_1_595' title='bbox 3347 3972 3487 4042; x_wconf 82' lang='grc' dir='ltr'><strong>μετά</strong></span> <span class='ocrx_word' id='word_1_596' title='bbox 3511 3974 3611 4043; x_wconf 83' lang='grc' dir='ltr'>τὴν</span> <span class='ocrx_word' id='word_1_597' title='bbox 3636 3976 3839 4044; x_wconf 88' lang='grc' dir='ltr'>πεῖραν</span> <span class='ocrx_word' id='word_1_598' title='bbox 3868 3976 4069 4043; x_wconf 83' lang='grc' dir='ltr'>κατέγ-</span> 
     </span>
    </p>
   </div>
   <div class='ocr_carea' id='block_1_87' title="bbox 2481 4062 4067 4135">
    <p class='ocr_par' dir='ltr' id='par_1_87' title="bbox 2481 4062 4067 4135">
     <span class='ocr_line' id='line_1_87' title="bbox 2481 4062 4067 4135; baseline 0.004 -19"><span class='ocrx_word' id='word_1_599' title='bbox 2481 4079 2652 4116; x_wconf 89' lang='grc' dir='ltr'>νωκα.</span> <span class='ocrx_word' id='word_1_600' title='bbox 2671 4062 2753 4115; x_wconf 87' lang='grc' dir='ltr'><strong>Τά</strong></span> <span class='ocrx_word' id='word_1_601' title='bbox 2765 4062 2866 4135; x_wconf 77' lang='grc' dir='ltr'>μὲν</span> <span class='ocrx_word' id='word_1_602' title='bbox 2878 4064 2985 4131; x_wconf 85' lang='grc' dir='ltr'>γὰρ</span> <span class='ocrx_word' id='word_1_603' title='bbox 3024 4063 3236 4132; x_wconf 84' lang='grc' dir='ltr'>μεγάλα</span> <span class='ocrx_word' id='word_1_604' title='bbox 3252 4080 3308 4115; x_wconf 89' lang='grc' dir='ltr'><strong>τε</strong></span> <span class='ocrx_word' id='word_1_605' title='bbox 3328 4066 3420 4116; x_wconf 73' lang='grc' dir='ltr'>καὶ</span> <span class='ocrx_word' id='word_1_606' title='bbox 3440 4064 3776 4135; x_wconf 73' lang='grc' dir='ltr'>ύπερὸριθῆ,</span> <span class='ocrx_word' id='word_1_607' title='bbox 3795 4067 3827 4135; x_wconf 63' lang='grc' dir='ltr'>τι</span> <span class='ocrx_word' id='word_1_608' title='bbox 3845 4066 4067 4134; x_wconf 84' lang='grc' dir='ltr'>γλῶσσα</span> 
     </span>
    </p>
   </div>
   <div class='ocr_carea' id='block_1_88' title="bbox 2477 4153 4059 4225">
    <p class='ocr_par' dir='ltr' id='par_1_88' title="bbox 2477 4153 4059 4225">
     <span class='ocr_line' id='line_1_88' title="bbox 2477 4153 4059 4225; baseline 0.003 -17"><span class='ocrx_word' id='word_1_609' title='bbox 2477 4154 2536 4208; x_wconf 76' lang='grc' dir='ltr'>δέ</span> <span class='ocrx_word' id='word_1_610' title='bbox 2572 4171 2662 4223; x_wconf 87' lang='grc' dir='ltr'><strong>μοι</strong></span> <span class='ocrx_word' id='word_1_611' title='bbox 2698 4155 2868 4223; x_wconf 70' lang='grc' dir='ltr'>μικρὰ</span> <span class='ocrx_word' id='word_1_612' title='bbox 2898 4153 2992 4206; x_wconf 73' lang='grc' dir='ltr'><strong>καὶ</strong></span> <span class='ocrx_word' id='word_1_613' title='bbox 3047 4154 3201 4207; x_wconf 72' lang='grc' dir='ltr'>οὐδὲν</span> <span class='ocrx_word' id='word_1_614' title='bbox 3230 4153 3491 4225; x_wconf 72' lang='grc' dir='ltr'>ἐμϐριθὲς</span> <span class='ocrx_word' id='word_1_615' title='bbox 3538 4154 3765 4224; x_wconf 77' lang='grc' dir='ltr'>ἔχουσα.</span> <span class='ocrx_word' id='word_1_616' title='bbox 3822 4157 3978 4211; x_wconf 75' lang='grc' dir='ltr'>Ἐπεὶ</span> <span class='ocrx_word' id='word_1_617' title='bbox 4001 4160 4059 4212; x_wconf 75' lang='grc' dir='ltr'>δὲ</span> 
     </span>
    </p>
   </div>
   <div class='ocr_carea' id='block_1_89' title="bbox 2480 4244 4068 4320">
    <p class='ocr_par' dir='ltr' id='par_1_89' title="bbox 2480 4244 4068 4320">
     <span class='ocr_line' id='line_1_89' title="bbox 2480 4244 4068 4320; baseline 0.002 -20"><span class='ocrx_word' id='word_1_618' title='bbox 2480 4247 2656 4300; x_wconf 75' lang='grc' dir='ltr'>καὶτὸ</span> <span class='ocrx_word' id='word_1_619' title='bbox 2687 4248 2776 4299; x_wconf 70' lang='grc' dir='ltr'>ἐπὶ</span> <span class='ocrx_word' id='word_1_620' title='bbox 2796 4244 2873 4315; x_wconf 86' lang='grc' dir='ltr'>τῷ</span> <span class='ocrx_word' id='word_1_621' title='bbox 2894 4246 3161 4316; x_wconf 83' lang='grc' dir='ltr'>κανονικῷ</span> <span class='ocrx_word' id='word_1_622' title='bbox 3184 4246 3515 4317; x_wconf 83' lang='grc' dir='ltr'>πρόσταγμα</span> <span class='ocrx_word' id='word_1_623' title='bbox 3532 4248 3837 4320; x_wconf 71' lang='grc' dir='ltr'>προσετέθη</span> <span class='ocrx_word' id='word_1_624' title='bbox 3854 4250 4068 4313; x_wconf 78' lang='grc' dir='ltr'>τούτοις</span> 
     </span>
    </p>
   </div>
   <div class='ocr_carea' id='block_1_90' title="bbox 2481 4335 4065 4409">
    <p class='ocr_par' dir='ltr' id='par_1_90' title="bbox 2481 4335 4065 4409">
     <span class='ocr_line' id='line_1_90' title="bbox 2481 4335 4065 4409; baseline 0.003 -20"><span class='ocrx_word' id='word_1_625' title='bbox 2481 4335 2596 4404; x_wconf 89' lang='grc' dir='ltr'>νῦν,</span> <span class='ocrx_word' id='word_1_626' title='bbox 2626 4336 2783 4390; x_wconf 88' lang='grc' dir='ltr'>τοῦτο</span> <span class='ocrx_word' id='word_1_627' title='bbox 2805 4339 2979 4391; x_wconf 84' lang='grc' dir='ltr'>ἐκεῖνο</span> <span class='ocrx_word' id='word_1_628' title='bbox 3007 4340 3215 4393; x_wconf 86' lang='grc' dir='ltr'>Ὄσσαν</span> <span class='ocrx_word' id='word_1_629' title='bbox 3233 4341 3326 4393; x_wconf 76' lang='grc' dir='ltr'>ἐπὶ</span> <span class='ocrx_word' id='word_1_630' title='bbox 3355 4339 3540 4409; x_wconf 83' lang='grc' dir='ltr'>Πηλίῳ</span> <span class='ocrx_word' id='word_1_631' title='bbox 3565 4342 3835 4399; x_wconf 62' lang='grc' dir='ltr'>πατεῖὶον,</span> <span class='ocrx_word' id='word_1_632' title='bbox 3866 4342 3927 4393; x_wconf 69' lang='grc' dir='ltr'>τὸ</span> <span class='ocrx_word' id='word_1_633' title='bbox 3952 4345 4065 4405; x_wconf 89' lang='grc' dir='ltr'>τοῖς</span> 
     </span>
    </p>
   </div>
   <div class='ocr_carea' id='block_1_91' title="bbox 2480 4427 4065 4502">
    <p class='ocr_par' dir='ltr' id='par_1_91' title="bbox 2480 4427 4065 4502">
     <span class='ocr_line' id='line_1_91' title="bbox 2480 4427 4065 4502; baseline 0.004 -23"><span class='ocrx_word' id='word_1_634' title='bbox 2480 4427 2697 4495; x_wconf 83' lang='grc' dir='ltr'>γίγασιν</span> <span class='ocrx_word' id='word_1_635' title='bbox 2712 4428 3025 4499; x_wconf 82' lang='grc' dir='ltr'>ἐννοηθῆναι</span> <span class='ocrx_word' id='word_1_636' title='bbox 3057 4430 3503 4501; x_wconf 83' lang='grc' dir='ltr'>τερατευόμενον,</span> <span class='ocrx_word' id='word_1_637' title='bbox 3527 4432 3559 4501; x_wconf 81' lang='grc' dir='ltr'>ἦ</span> <span class='ocrx_word' id='word_1_638' title='bbox 3589 4432 3650 4484; x_wconf 90' lang='grc' dir='ltr'>τό</span> <span class='ocrx_word' id='word_1_639' title='bbox 3665 4448 3726 4498; x_wconf 80' lang='grc' dir='ltr'><strong>γε</strong></span> <span class='ocrx_word' id='word_1_640' title='bbox 3755 4434 3885 4502; x_wconf 77' lang='grc' dir='ltr'>ἡμῖν</span> <span class='ocrx_word' id='word_1_641' title='bbox 3903 4435 4065 4485; x_wconf 77' lang='grc' dir='ltr'>οἰκει-</span> 
     </span>
    </p>
   </div>
   <div class='ocr_carea' id='block_1_92' title="bbox 800 4515 2376 4593">
    <p class='ocr_par' dir='ltr' id='par_1_92' title="bbox 800 4515 2375 4585">
     <span class='ocr_line' id='line_1_92' title="bbox 800 4515 2375 4585; baseline 0.007 -20"><span class='ocrx_word' id='word_1_642' title='bbox 800 4515 1209 4584; x_wconf 62' lang='lat' dir='ltr'><strong>plicastisuper</strong></span> <span class='ocrx_word' id='word_1_643' title='bbox 1265 4532 1348 4569; x_wconf 85' lang='lat' dir='ltr'><strong>tne</strong></span> <span class='ocrx_word' id='word_1_644' title='bbox 1408 4517 1865 4585; x_wconf 76' lang='lat' dir='ltr'><strong>magnificentiam</strong></span> <span class='ocrx_word' id='word_1_645' title='bbox 1918 4526 2090 4584; x_wconf 90' lang='lat' dir='ltr'><strong>tuam,</strong></span> <span class='ocrx_word' id='word_1_646' title='bbox 2153 4521 2245 4576; x_wconf 90' lang='lat' dir='ltr'><strong>ttbi</strong></span> <span class='ocrx_word' id='word_1_647' title='bbox 2290 4539 2375 4578; x_wconf 89' lang='lat' dir='ltr'><strong>tne</strong></span> 
     </span>
    </p>
   </div>
   <div class='ocr_carea' id='block_1_93' title="bbox 2313 4515 4064 4593">
    <p class='ocr_par' dir='ltr' id='par_1_93' title="bbox 2313 4519 4064 4593">
     <span class='ocr_line' id='line_1_93' title="bbox 2313 4519 4064 4593; baseline 0 -18"><span class='ocrx_word' id='word_1_648' title='bbox 2313 4540 2375 4578; x_wconf 91' lang='lat' dir='ltr'><strong>ne</strong></span> <span class='ocrx_word' id='word_1_649' title='bbox 2404 4529 2454 4587; x_wconf 80' lang='grc' dir='ltr'><strong>Ι)</strong></span> <span class='ocrx_word' id='word_1_650' title='bbox 2478 4519 2665 4587; x_wconf 81' lang='grc' dir='ltr'>ότερον</span> <span class='ocrx_word' id='word_1_651' title='bbox 2682 4520 2873 4582; x_wconf 70' lang='grc' dir='ltr'>εἰπεῖν,</span> <span class='ocrx_word' id='word_1_652' title='bbox 2902 4520 2963 4572; x_wconf 83' lang='grc' dir='ltr'><strong>Ὀ</strong></span> <span class='ocrx_word' id='word_1_653' title='bbox 2982 4521 3280 4583; x_wconf 87' lang='grc' dir='ltr'>πλεονάσας</span> <span class='ocrx_word' id='word_1_654' title='bbox 3310 4522 3407 4574; x_wconf 87' lang='grc' dir='ltr'>ἐπ’</span> <span class='ocrx_word' id='word_1_655' title='bbox 3434 4523 3534 4592; x_wconf 80' lang='grc' dir='ltr'><strong>ἐμὲ</strong></span> <span class='ocrx_word' id='word_1_656' title='bbox 3552 4524 3650 4591; x_wconf 81' lang='grc' dir='ltr'><strong>τὴν</strong></span> <span class='ocrx_word' id='word_1_657' title='bbox 3674 4524 4064 4593; x_wconf 63' lang='grc' dir='ltr'>μεγαλωσύνη)</span> 
     </span>
    </p>
   </div>
   <div class='ocr_carea' id='block_1_94' title="bbox 798 4607 2372 4683">
    <p class='ocr_par' dir='ltr' id='par_1_94' title="bbox 798 4607 2372 4683">
     <span class='ocr_line' id='line_1_94' title="bbox 798 4607 2372 4683; baseline 0.006 -23"><span class='ocrx_word' id='word_1_658' title='bbox 798 4608 1178 4663; x_wconf 80' lang='lat' dir='ltr'><strong>abscondam?</strong></span> <span class='ocrx_word' id='word_1_659' title='bbox 1233 4607 1391 4674; x_wconf 88' lang='lat' dir='ltr'><strong>Quali</strong></span> <span class='ocrx_word' id='word_1_660' title='bbox 1440 4624 1540 4678; x_wconf 80' lang='lat' dir='ltr'><strong>ego</strong></span> <span class='ocrx_word' id='word_1_661' title='bbox 1573 4620 1695 4663; x_wconf 87' lang='lat' dir='ltr'><strong>utar</strong></span> <span class='ocrx_word' id='word_1_662' title='bbox 1745 4625 2021 4673; x_wconf 90' lang='lat' dir='ltr'><strong>sermone,</strong></span> <span class='ocrx_word' id='word_1_663' title='bbox 2080 4614 2173 4682; x_wconf 90' lang='lat' dir='ltr'><strong>qui</strong></span> <span class='ocrx_word' id='word_1_664' title='bbox 2222 4614 2372 4683; x_wconf 83' lang='lat' dir='ltr'><strong>ejus-</strong></span> 
     </span>
    </p>
   </div>
   <div class='ocr_carea' id='block_1_95' title="bbox 800 4700 2374 4770">
    <p class='ocr_par' dir='ltr' id='par_1_95' title="bbox 800 4700 2374 4770">
     <span class='ocr_line' id='line_1_95' title="bbox 800 4700 2374 4770; baseline 0.007 -19"><span class='ocrx_word' id='word_1_665' title='bbox 800 4700 944 4753; x_wconf 73' lang='lat' dir='ltr'><strong>modi</strong></span> <span class='ocrx_word' id='word_1_666' title='bbox 972 4700 1379 4769; x_wconf 87' lang='lat' dir='ltr'><strong>quodammodo</strong></span> <span class='ocrx_word' id='word_1_667' title='bbox 1424 4700 1723 4756; x_wconf 82' lang='lat' dir='ltr'><strong>benefactis</strong></span> <span class='ocrx_word' id='word_1_668' title='bbox 1779 4703 2146 4770; x_wconf 83' lang='lat' dir='ltr'><strong>respondeat?</strong></span> <span class='ocrx_word' id='word_1_669' title='bbox 2191 4705 2374 4769; x_wconf 54' lang='lat' dir='ltr'><strong>Vidi-8,</strong></span> 
     </span>
    </p>
   </div>
   <div class='ocr_carea' id='block_1_96' title="bbox 801 4790 2377 4863">
    <p class='ocr_par' dir='ltr' id='par_1_96' title="bbox 801 4790 2377 4863">
     <span class='ocr_line' id='line_1_96' title="bbox 801 4790 2377 4863; baseline 0.004 -20"><span class='ocrx_word' id='word_1_670' title='bbox 801 4802 862 4843; x_wconf 90' lang='grc' dir='ltr'><strong>ιιι</strong></span> <span class='ocrx_word' id='word_1_671' title='bbox 896 4807 981 4845; x_wconf 90' lang='lat' dir='ltr'><strong>me</strong></span> <span class='ocrx_word' id='word_1_672' title='bbox 1030 4790 1191 4861; x_wconf 77' lang='lat'><strong>715</strong></span> <span class='ocrx_word' id='word_1_673' title='bbox 1246 4793 1422 4847; x_wconf 87' lang='lat' dir='ltr'><strong>vincis</strong></span> <span class='ocrx_word' id='word_1_674' title='bbox 1476 4808 1657 4847; x_wconf 82' lang='lat' dir='ltr'><strong>acrem</strong></span> <span class='ocrx_word' id='word_1_675' title='bbox 1725 4795 2021 4863; x_wconf 85' lang='lat' dir='ltr'><strong>aliquando</strong></span> <span class='ocrx_word' id='word_1_676' title='bbox 2079 4795 2377 4860; x_wconf 84' lang='lat' dir='ltr'><strong>rhetorem,</strong></span> 
     </span>
    </p>
   </div>
   <div class='ocr_carea' id='block_1_97' title="bbox 798 4884 2381 4957">
    <p class='ocr_par' dir='ltr' id='par_1_97' title="bbox 798 4884 2381 4957">
     <span class='ocr_line' id='line_1_97' title="bbox 798 4884 2381 4957; baseline 0.006 -20"><span class='ocrx_word' id='word_1_677' title='bbox 798 4884 1095 4951; x_wconf 81' lang='lat' dir='ltr'><strong>imperator</strong></span> <span class='ocrx_word' id='word_1_678' title='bbox 1143 4885 1658 4941; x_wconf 86' lang='lat' dir='ltr'><strong>ntunilicentissime</strong></span> <span class='ocrx_word' id='word_1_679' title='bbox 1713 4895 1879 4957; x_wconf 89' lang='lat' dir='ltr'><strong>atque</strong></span> <span class='ocrx_word' id='word_1_680' title='bbox 1924 4887 2177 4957; x_wconf 77' lang='lat' dir='ltr'><strong>Optime?</strong></span> <span class='ocrx_word' id='word_1_681' title='bbox 2219 4888 2381 4946; x_wconf 83' lang='lat' dir='ltr'><strong>Vides</strong></span> 
     </span>
    </p>
   </div>
   <div class='ocr_carea' id='block_1_98' title="bbox 799 4975 2379 5045">
    <p class='ocr_par' dir='ltr' id='par_1_98' title="bbox 799 4975 2379 5045">
     <span class='ocr_line' id='line_1_98' title="bbox 799 4975 2379 5045; baseline 0.004 -16"><span class='ocrx_word' id='word_1_682' title='bbox 799 4985 860 5029; x_wconf 89' lang='lat' dir='ltr'><strong>ut</strong></span> <span class='ocrx_word' id='word_1_683' title='bbox 887 4976 1042 5029; x_wconf 85' lang='lat' dir='ltr'><strong>nobis</strong></span> <span class='ocrx_word' id='word_1_684' title='bbox 1072 4975 1309 5045; x_wconf 86' lang='lat' dir='ltr'><strong>imperas</strong></span> <span class='ocrx_word' id='word_1_685' title='bbox 1336 4986 1390 5030; x_wconf 91' lang='lat' dir='ltr'><strong>et</strong></span> <span class='ocrx_word' id='word_1_686' title='bbox 1418 4976 1719 5034; x_wconf 85' lang='lat' dir='ltr'><strong>dominaris</strong></span> <span class='ocrx_word' id='word_1_687' title='bbox 1756 4978 1808 5032; x_wconf 93' lang='lat' dir='ltr'><strong>in</strong></span> <span class='ocrx_word' id='word_1_688' title='bbox 1846 4981 2101 5034; x_wconf 88' lang='lat' dir='ltr'><strong>omnibus</strong></span> <span class='ocrx_word' id='word_1_689' title='bbox 2127 4980 2150 5033; x_wconf 88' lang='lat'><strong>?</strong></span> <span class='ocrx_word' id='word_1_690' title='bbox 2180 4980 2242 5035; x_wconf 82' lang='lat' dir='ltr'><strong>Et</strong></span> <span class='ocrx_word' id='word_1_691' title='bbox 2269 4996 2379 5036; x_wconf 81' lang='lat' dir='ltr'><strong>me-</strong></span> 
     </span>
    </p>
   </div>
   <div class='ocr_carea' id='block_1_99' title="bbox 799 5065 2375 5138">
    <p class='ocr_par' dir='ltr' id='par_1_99' title="bbox 799 5065 2375 5138">
     <span class='ocr_line' id='line_1_99' title="bbox 799 5065 2375 5138; baseline 0.004 -18"><span class='ocrx_word' id='word_1_692' title='bbox 799 5068 927 5121; x_wconf 88' lang='lat' dir='ltr'><strong>rito.</strong></span> <span class='ocrx_word' id='word_1_693' title='bbox 959 5065 1015 5119; x_wconf 89' lang='lat' dir='ltr'><strong>Si</strong></span> <span class='ocrx_word' id='word_1_694' title='bbox 1056 5068 1202 5121; x_wconf 89' lang='lat' dir='ltr'><strong>enim</strong></span> <span class='ocrx_word' id='word_1_695' title='bbox 1256 5067 1349 5122; x_wconf 87' lang='lat' dir='ltr'><strong>Dei</strong></span> <span class='ocrx_word' id='word_1_696' title='bbox 1405 5070 1625 5138; x_wconf 87' lang='lat' dir='ltr'><strong>quidem</strong></span> <span class='ocrx_word' id='word_1_697' title='bbox 1672 5071 1852 5137; x_wconf 73' lang='lat' dir='ltr'><strong>imago</strong></span> <span class='ocrx_word' id='word_1_698' title='bbox 1906 5073 2086 5126; x_wconf 89' lang='lat' dir='ltr'><strong>omnis</strong></span> <span class='ocrx_word' id='word_1_699' title='bbox 2139 5087 2272 5137; x_wconf 78' lang='lat' dir='ltr'><strong>rex,</strong></span> <span class='ocrx_word' id='word_1_700' title='bbox 2319 5082 2375 5126; x_wconf 93' lang='lat' dir='ltr'><strong>tu</strong></span> 
     </span>
    </p>
   </div>
   <div class='ocr_carea' id='block_1_100' title="bbox 797 5156 2376 5234">
    <p class='ocr_par' dir='ltr' id='par_1_100' title="bbox 797 5156 2376 5234">
     <span class='ocr_line' id='line_1_100' title="bbox 797 5156 2376 5234; baseline 0.004 -26"><span class='ocrx_word' id='word_1_701' title='bbox 797 5172 929 5209; x_wconf 73' lang='lat' dir='ltr'><strong>vero</strong></span> <span class='ocrx_word' id='word_1_702' title='bbox 976 5156 1203 5227; x_wconf 76' lang='lat' dir='ltr'><strong>hujusce</strong></span> <span class='ocrx_word' id='word_1_703' title='bbox 1250 5160 1580 5214; x_wconf 78' lang='lat' dir='ltr'><strong>divinissitni</strong></span> <span class='ocrx_word' id='word_1_704' title='bbox 1616 5161 1893 5230; x_wconf 80' lang='lat' dir='ltr'><strong>particeps</strong></span> <span class='ocrx_word' id='word_1_705' title='bbox 1932 5177 1992 5218; x_wconf 90' lang='lat' dir='ltr'><strong>es</strong></span> <span class='ocrx_word' id='word_1_706' title='bbox 2032 5173 2087 5217; x_wconf 86' lang='lat' dir='ltr'><strong>et</strong></span> <span class='ocrx_word' id='word_1_707' title='bbox 2108 5168 2293 5234; x_wconf 89' lang='lat' dir='ltr'><strong>operis</strong></span> <span class='ocrx_word' id='word_1_708' title='bbox 2322 5173 2376 5219; x_wconf 90' lang='lat' dir='ltr'><strong>et</strong></span> 
     </span>
    </p>
   </div>
   <div class='ocr_carea' id='block_1_101' title="bbox 801 5250 2378 5323">
    <p class='ocr_par' dir='ltr' id='par_1_101' title="bbox 801 5250 2378 5323">
     <span class='ocr_line' id='line_1_101' title="bbox 801 5250 2378 5323; baseline 0.006 -22"><span class='ocrx_word' id='word_1_709' title='bbox 801 5250 1067 5312; x_wconf 80' lang='lat' dir='ltr'><strong>nominis,</strong></span> <span class='ocrx_word' id='word_1_710' title='bbox 1102 5251 1252 5304; x_wconf 90' lang='lat' dir='ltr'><strong>velut</strong></span> <span class='ocrx_word' id='word_1_711' title='bbox 1277 5252 1632 5323; x_wconf 85' lang='lat' dir='ltr'><strong>archetypum</strong></span> <span class='ocrx_word' id='word_1_712' title='bbox 1671 5253 1794 5309; x_wconf 88' lang='lat' dir='ltr'><strong>aliis</strong></span> <span class='ocrx_word' id='word_1_713' title='bbox 1847 5257 2077 5309; x_wconf 88' lang='lat' dir='ltr'><strong>omnino</strong></span> <span class='ocrx_word' id='word_1_714' title='bbox 2121 5257 2378 5311; x_wconf 85' lang='lat' dir='ltr'><strong>omnibus</strong></span> 
     </span>
    </p>
   </div>
   <div class='ocr_carea' id='block_1_102' title="bbox 800 5342 2371 5419">
    <p class='ocr_par' dir='ltr' id='par_1_102' title="bbox 800 5342 2371 5419">
     <span class='ocr_line' id='line_1_102' title="bbox 800 5342 2371 5419; baseline 0.005 -28"><span class='ocrx_word' id='word_1_715' title='bbox 800 5342 1163 5408; x_wconf 70' lang='lat' dir='ltr'><strong>antecellens;</strong></span> <span class='ocrx_word' id='word_1_716' title='bbox 1216 5344 1288 5396; x_wconf 87' lang='lat' dir='ltr'><strong>ita</strong></span> <span class='ocrx_word' id='word_1_717' title='bbox 1343 5358 1536 5398; x_wconf 85' lang='lat' dir='ltr'><strong>mnnes</strong></span> <span class='ocrx_word' id='word_1_718' title='bbox 1606 5358 1755 5401; x_wconf 87' lang='lat' dir='ltr'><strong>certe</strong></span> <span class='ocrx_word' id='word_1_719' title='bbox 1804 5348 2088 5412; x_wconf 86' lang='lat' dir='ltr'><strong>superabit</strong></span> <span class='ocrx_word' id='word_1_720' title='bbox 2139 5347 2371 5419; x_wconf 79' lang='lat' dir='ltr'><strong>eﬁigies.</strong></span> 
     </span>
    </p>
   </div>
   <div class='ocr_carea' id='block_1_103' title="bbox 798 5432 2369 5506">
    <p class='ocr_par' dir='ltr' id='par_1_103' title="bbox 798 5432 2369 5506">
     <span class='ocr_line' id='line_1_103' title="bbox 798 5432 2369 5506; baseline 0.005 -21"><span class='ocrx_word' id='word_1_721' title='bbox 798 5432 894 5485; x_wconf 78' lang='lat' dir='ltr'><strong>Eza</strong></span> <span class='ocrx_word' id='word_1_722' title='bbox 936 5433 1101 5502; x_wconf 79' lang='lat' dir='ltr'><strong>igitur</strong></span> <span class='ocrx_word' id='word_1_723' title='bbox 1123 5436 1201 5488; x_wconf 88' lang='lat' dir='ltr'><strong>sic</strong></span> <span class='ocrx_word' id='word_1_724' title='bbox 1231 5444 1287 5490; x_wconf 91' lang='lat' dir='ltr'><strong>et</strong></span> <span class='ocrx_word' id='word_1_725' title='bbox 1323 5435 1542 5491; x_wconf 89' lang='lat' dir='ltr'><strong>intende</strong></span> <span class='ocrx_word' id='word_1_726' title='bbox 1562 5447 1614 5491; x_wconf 88' lang='lat' dir='ltr'><strong>et</strong></span> <span class='ocrx_word' id='word_1_727' title='bbox 1645 5452 1903 5506; x_wconf 75' lang='lat' dir='ltr'><strong>prospere</strong></span> <span class='ocrx_word' id='word_1_728' title='bbox 1934 5439 2188 5506; x_wconf 89' lang='lat' dir='ltr'><strong>procede,</strong></span> <span class='ocrx_word' id='word_1_729' title='bbox 2222 5447 2277 5492; x_wconf 82' lang='lat' dir='ltr'><strong>et</strong></span> <span class='ocrx_word' id='word_1_730' title='bbox 2314 5440 2369 5494; x_wconf 91' lang='lat' dir='ltr'><strong>in</strong></span> 
     </span>
    </p>
   </div>
   <div class='ocr_carea' id='block_1_104' title="bbox 794 5522 2369 5595">
    <p class='ocr_par' dir='ltr' id='par_1_104' title="bbox 794 5522 2369 5595">
     <span class='ocr_line' id='line_1_104' title="bbox 794 5522 2369 5595; baseline 0.004 -17"><span class='ocrx_word' id='word_1_731' title='bbox 794 5523 1064 5579; x_wconf 82' lang='lat' dir='ltr'><strong>bonorum</strong></span> <span class='ocrx_word' id='word_1_732' title='bbox 1116 5522 1379 5582; x_wconf 70' lang='lat' dir='ltr'><strong>eﬂ‘usione</strong></span> <span class='ocrx_word' id='word_1_733' title='bbox 1420 5540 1585 5595; x_wconf 76' lang='lat' dir='ltr'><strong>regna</strong></span> <span class='ocrx_word' id='word_1_734' title='bbox 1619 5526 1685 5580; x_wconf 78' lang='grc'><strong>⁷³.</strong></span> <span class='ocrx_word' id='word_1_735' title='bbox 1735 5525 1806 5581; x_wconf 79' lang='lat' dir='ltr'><strong>At</strong></span> <span class='ocrx_word' id='word_1_736' title='bbox 1855 5526 2040 5583; x_wconf 85' lang='lat' dir='ltr'><strong>videor</strong></span> <span class='ocrx_word' id='word_1_737' title='bbox 2070 5527 2263 5585; x_wconf 78' lang='lat' dir='ltr'><strong>audire</strong></span> <span class='ocrx_word' id='word_1_738' title='bbox 2289 5529 2369 5584; x_wconf 70' lang='lat' dir='ltr'><strong>vi-</strong></span> 
     </span>
    </p>
   </div>
   <div class='ocr_carea' id='block_1_105' title="bbox 868 5723 1946 5793">
    <p class='ocr_par' dir='ltr' id='par_1_105' title="bbox 868 5723 1946 5793">
     <span class='ocr_line' id='line_1_105' title="bbox 868 5723 1946 5793; baseline 0.006 -17"><span class='ocrx_word' id='word_1_739' title='bbox 868 5723 910 5755; x_wconf 80' lang='lat'>“</span> <span class='ocrx_word' id='word_1_740' title='bbox 944 5725 1083 5778; x_wconf 71' lang='lat' dir='ltr'><strong>l&#39;sal.</strong></span> <span class='ocrx_word' id='word_1_741' title='bbox 1116 5728 1295 5785; x_wconf 66' lang='lat' dir='ltr'><strong>tx,ll.</strong></span> <span class='ocrx_word' id='word_1_742' title='bbox 1376 5729 1417 5757; x_wconf 79' lang='lat'>“</span> <span class='ocrx_word' id='word_1_743' title='bbox 1453 5729 1593 5782; x_wconf 65' lang='lat' dir='ltr'><strong>Psal.</strong></span> <span class='ocrx_word' id='word_1_744' title='bbox 1651 5746 1821 5793; x_wconf 54' lang='grc' dir='ltr'>χχχιι,</span> <span class='ocrx_word' id='word_1_745' title='bbox 1866 5730 1946 5783; x_wconf 73' lang='lat' dir='ltr'><strong>l3.</strong></span> 
     </span>
    </p>
   </div>
   <div class='ocr_carea' id='block_1_106' title="bbox 796 5796 2127 5863">
    <p class='ocr_par' dir='ltr' id='par_1_106' title="bbox 796 5796 2127 5863">
     <span class='ocr_line' id='line_1_106' title="bbox 796 5796 2127 5863; baseline 0.008 -16"><span class='ocrx_word' id='word_1_746' title='bbox 796 5811 980 5856; x_wconf 68' lang='lat' dir='ltr'><strong>cum.</strong></span> <span class='ocrx_word' id='word_1_747' title='bbox 1012 5796 1054 5850; x_wconf 86' lang='lat' dir='ltr'><strong>l.</strong></span> <span class='ocrx_word' id='word_1_748' title='bbox 1133 5798 1174 5831; x_wconf 78' lang='grc'><strong>⁸⁷</strong></span> <span class='ocrx_word' id='word_1_749' title='bbox 1217 5796 1357 5853; x_wconf 75' lang='lat' dir='ltr'><strong>l&#39;sul.</strong></span> <span class='ocrx_word' id='word_1_750' title='bbox 1394 5800 1564 5861; x_wconf 49' lang='lat' dir='ltr'><strong>syth.</strong></span> <span class='ocrx_word' id='word_1_751' title='bbox 1644 5801 1685 5831; x_wconf 60' lang='grc' dir='ltr'>θ’</span> <span class='ocrx_word' id='word_1_752' title='bbox 1720 5802 1857 5855; x_wconf 75' lang='lat' dir='ltr'><strong>l’s::l.</strong></span> <span class='ocrx_word' id='word_1_753' title='bbox 1900 5815 2005 5863; x_wconf 74' lang='lat' dir='ltr'><strong>GH,</strong></span> <span class='ocrx_word' id='word_1_754' title='bbox 2050 5804 2127 5857; x_wconf 71' lang='lat' dir='ltr'><strong>l“.</strong></span> 
     </span>
    </p>
   </div>
   <div class='ocr_carea' id='block_1_107' title="bbox 2024 5733 2479 5795">
    <p class='ocr_par' dir='ltr' id='par_1_107' title="bbox 2024 5733 2479 5795">
     <span class='ocr_line' id='line_1_107' title="bbox 2024 5733 2479 5795; baseline 0.002 -9"><span class='ocrx_word' id='word_1_755' title='bbox 2024 5734 2067 5763; x_wconf 64' lang='grc'>⁸³</span> <span class='ocrx_word' id='word_1_756' title='bbox 2110 5733 2250 5789; x_wconf 63' lang='lat' dir='ltr'><strong>pani.</strong></span> <span class='ocrx_word' id='word_1_757' title='bbox 2289 5750 2357 5795; x_wconf 87' lang='lat' dir='ltr'><strong>(&#39;i,</strong></span> <span class='ocrx_word' id='word_1_758' title='bbox 2391 5736 2479 5788; x_wconf 58' lang='lat'><strong>‘2‘.</strong></span> 
     </span>
    </p>
   </div>
   <div class='ocr_carea' id='block_1_108' title="bbox 2475 4609 4063 4682">
    <p class='ocr_par' dir='ltr' id='par_1_108' title="bbox 2475 4609 4063 4682">
     <span class='ocr_line' id='line_1_108' title="bbox 2475 4609 4063 4682; baseline 0.002 -19"><span class='ocrx_word' id='word_1_759' title='bbox 2475 4627 2590 4665; x_wconf 87' lang='grc' dir='ltr'>σου.</span> <span class='ocrx_word' id='word_1_760' title='bbox 2635 4611 2696 4664; x_wconf 83' lang='grc' dir='ltr'>ὐ</span> <span class='ocrx_word' id='word_1_761' title='bbox 2720 4609 2851 4679; x_wconf 86' lang='grc' dir='ltr'>γοῦν</span> <span class='ocrx_word' id='word_1_762' title='bbox 2877 4613 2971 4663; x_wconf 75' lang='grc' dir='ltr'>καὶ</span> <span class='ocrx_word' id='word_1_763' title='bbox 3000 4611 3191 4664; x_wconf 83' lang='grc' dir='ltr'>τούτου</span> <span class='ocrx_word' id='word_1_764' title='bbox 3245 4613 3320 4680; x_wconf 77' lang='grc' dir='ltr'>μὴ</span> <span class='ocrx_word' id='word_1_765' title='bbox 3348 4613 3738 4682; x_wconf 81' lang='grc' dir='ltr'>προστεθέντος</span> <span class='ocrx_word' id='word_1_766' title='bbox 3778 4613 3923 4666; x_wconf 74' lang='grc' dir='ltr'>οὕτω</span> <span class='ocrx_word' id='word_1_767' title='bbox 3957 4617 4063 4667; x_wconf 71' lang='grc' dir='ltr'><strong>τῶν</strong></span> 
     </span>
    </p>
   </div>
   <div class='ocr_carea' id='block_1_109' title="bbox 2477 4701 4061 4775">
    <p class='ocr_par' dir='ltr' id='par_1_109' title="bbox 2477 4701 4061 4775">
     <span class='ocr_line' id='line_1_109' title="bbox 2477 4701 4061 4775; baseline 0.003 -20"><span class='ocrx_word' id='word_1_768' title='bbox 2477 4701 2759 4773; x_wconf 87' lang='grc' dir='ltr'>προτέρων</span> <span class='ocrx_word' id='word_1_769' title='bbox 2783 4702 3116 4772; x_wconf 76' lang='grc' dir='ltr'>ἡττώμενος,</span> <span class='ocrx_word' id='word_1_770' title='bbox 3148 4702 3253 4757; x_wconf 89' lang='grc' dir='ltr'><strong>ποῦ</strong></span> <span class='ocrx_word' id='word_1_771' title='bbox 3295 4704 3390 4757; x_wconf 86' lang='grc' dir='ltr'><strong>νῦν</strong></span> <span class='ocrx_word' id='word_1_772' title='bbox 3437 4705 3844 4775; x_wconf 79' lang='grc' dir='ltr'>καταδύσομαις</span> <span class='ocrx_word' id='word_1_773' title='bbox 3896 4707 3979 4769; x_wconf 81' lang='grc' dir='ltr'><strong>τίς</strong></span> <span class='ocrx_word' id='word_1_774' title='bbox 4007 4708 4061 4760; x_wconf 78' lang='grc' dir='ltr'>δὲ</span> 
     </span>
    </p>
   </div>
   <div class='ocr_carea' id='block_1_110' title="bbox 2479 4793 4061 4867">
    <p class='ocr_par' dir='ltr' id='par_1_110' title="bbox 2479 4793 4061 4867">
     <span class='ocr_line' id='line_1_110' title="bbox 2479 4793 4061 4867; baseline 0.003 -21"><span class='ocrx_word' id='word_1_775' title='bbox 2479 4811 2571 4864; x_wconf 86' lang='grc' dir='ltr'><strong>μοι</strong></span> <span class='ocrx_word' id='word_1_776' title='bbox 2589 4793 2745 4862; x_wconf 86' lang='grc' dir='ltr'>λόγος</span> <span class='ocrx_word' id='word_1_777' title='bbox 2775 4794 2926 4848; x_wconf 75' lang='grc' dir='ltr'>ἔσται</span> <span class='ocrx_word' id='word_1_778' title='bbox 2959 4794 3164 4866; x_wconf 84' lang='grc' dir='ltr'>κιχρῶν</span> <span class='ocrx_word' id='word_1_779' title='bbox 3182 4795 3454 4860; x_wconf 86' lang='grc' dir='ltr'>τοσούτοις</span> <span class='ocrx_word' id='word_1_780' title='bbox 3476 4797 3697 4865; x_wconf 85' lang='grc' dir='ltr'>ἀγαθοῖς</span> <span class='ocrx_word' id='word_1_781' title='bbox 3714 4798 4061 4867; x_wconf 81' lang='grc' dir='ltr'>ἀμωσγέπως</span> 
     </span>
    </p>
   </div>
   <div class='ocr_carea' id='block_1_111' title="bbox 2477 4885 4061 4960">
    <p class='ocr_par' dir='ltr' id='par_1_111' title="bbox 2477 4885 4061 4960">
     <span class='ocr_line' id='line_1_111' title="bbox 2477 4885 4061 4960; baseline 0.003 -22"><span class='ocrx_word' id='word_1_782' title='bbox 2477 4886 2968 4957; x_wconf 77' lang='grc' dir='ltr'>ἀντιζυγούμενοςς</span> <span class='ocrx_word' id='word_1_783' title='bbox 3015 4887 3176 4957; x_wconf 73' lang='grc' dir='ltr'>Ὁρᾷς</span> <span class='ocrx_word' id='word_1_784' title='bbox 3224 4888 3374 4950; x_wconf 79' lang='grc' dir='ltr'>ὅπως</span> <span class='ocrx_word' id='word_1_785' title='bbox 3436 4906 3503 4957; x_wconf 82' lang='grc' dir='ltr'><strong>με</strong></span> <span class='ocrx_word' id='word_1_786' title='bbox 3552 4891 3709 4959; x_wconf 72' lang='grc' dir='ltr'>νικᾷς</span> <span class='ocrx_word' id='word_1_787' title='bbox 3739 4891 3831 4942; x_wconf 71' lang='grc' dir='ltr'>τὸν</span> <span class='ocrx_word' id='word_1_788' title='bbox 3859 4885 3931 4960; x_wconf 80' lang='grc' dir='ltr'>ἦν</span> <span class='ocrx_word' id='word_1_789' title='bbox 3972 4892 4061 4942; x_wconf 81' lang='grc' dir='ltr'><strong>ὅτε</strong></span> 
     </span>
    </p>
   </div>
   <div class='ocr_carea' id='block_1_112' title="bbox 2481 4977 4060 5049">
    <p class='ocr_par' dir='ltr' id='par_1_112' title="bbox 2481 4977 4060 5049">
     <span class='ocr_line' id='line_1_112' title="bbox 2481 4977 4060 5049; baseline -0.001 -17"><span class='ocrx_word' id='word_1_790' title='bbox 2481 4979 2678 5049; x_wconf 74' lang='grc' dir='ltr'>δριμὺν</span> <span class='ocrx_word' id='word_1_791' title='bbox 2706 4977 3176 5049; x_wconf 78' lang='grc' dir='ltr'>ρήτορα,βασιλεῦ</span> <span class='ocrx_word' id='word_1_792' title='bbox 3232 4979 3631 5049; x_wconf 73' lang='grc' dir='ltr'>φιλοδνορότσιτε</span> <span class='ocrx_word' id='word_1_793' title='bbox 3670 4981 3763 5034; x_wconf 78' lang='grc' dir='ltr'>καὶ</span> <span class='ocrx_word' id='word_1_794' title='bbox 3827 4980 4060 5049; x_wconf 81' lang='grc' dir='ltr'>χρηστό-</span> 
     </span>
    </p>
   </div>
   <div class='ocr_carea' id='block_1_113' title="bbox 2488 5069 4061 5143">
    <p class='ocr_par' dir='ltr' id='par_1_113' title="bbox 2488 5069 4061 5143">
     <span class='ocr_line' id='line_1_113' title="bbox 2488 5069 4061 5143; baseline 0.003 -22"><span class='ocrx_word' id='word_1_795' title='bbox 2488 5087 2658 5135; x_wconf 84' lang='grc' dir='ltr'>τατε;</span> <span class='ocrx_word' id='word_1_796' title='bbox 2691 5071 2827 5140; x_wconf 75' lang='grc' dir='ltr'>ὁρᾷς</span> <span class='ocrx_word' id='word_1_797' title='bbox 2854 5072 3015 5132; x_wconf 82' lang='grc' dir='ltr'>ὅπως</span> <span class='ocrx_word' id='word_1_798' title='bbox 3045 5069 3351 5140; x_wconf 77' lang='grc' dir='ltr'>βασιλεύεις</span> <span class='ocrx_word' id='word_1_799' title='bbox 3385 5074 3473 5123; x_wconf 70' lang='grc' dir='ltr'><strong>καὶ</strong></span> <span class='ocrx_word' id='word_1_800' title='bbox 3495 5072 3873 5142; x_wconf 78' lang='grc' dir='ltr'>κρατιστεύεις</span> <span class='ocrx_word' id='word_1_801' title='bbox 3906 5074 4061 5143; x_wconf 80' lang='grc' dir='ltr'>ἡμῶν</span> 
     </span>
    </p>
   </div>
   <div class='ocr_carea' id='block_1_114' title="bbox 2483 5158 4059 5232">
    <p class='ocr_par' dir='ltr' id='par_1_114' title="bbox 2483 5158 4059 5232">
     <span class='ocr_line' id='line_1_114' title="bbox 2483 5158 4059 5232; baseline 0.003 -20"><span class='ocrx_word' id='word_1_802' title='bbox 2483 5161 2540 5212; x_wconf 89' lang='grc' dir='ltr'><strong>ἐν</strong></span> <span class='ocrx_word' id='word_1_803' title='bbox 2580 5158 2792 5226; x_wconf 65' lang='lat' dir='ltr'><strong>amat;</strong></span> <span class='ocrx_word' id='word_1_804' title='bbox 2846 5161 2956 5214; x_wconf 79' lang='grc' dir='ltr'><strong>Καὶ</strong></span> <span class='ocrx_word' id='word_1_805' title='bbox 2994 5160 3241 5224; x_wconf 80' lang='grc' dir='ltr'>εἰκότως.</span> <span class='ocrx_word' id='word_1_806' title='bbox 3280 5161 3343 5214; x_wconf 81' lang='grc' dir='ltr'><strong>ΕΞ</strong></span> <span class='ocrx_word' id='word_1_807' title='bbox 3390 5162 3497 5232; x_wconf 84' lang='grc' dir='ltr'><strong>γάρ</strong></span> <span class='ocrx_word' id='word_1_808' title='bbox 3548 5160 3682 5214; x_wconf 75' lang='grc' dir='ltr'>Θεοῦ</span> <span class='ocrx_word' id='word_1_809' title='bbox 3735 5162 3837 5232; x_wconf 79' lang='grc' dir='ltr'><strong>μὲν</strong></span> <span class='ocrx_word' id='word_1_810' title='bbox 3897 5164 4059 5216; x_wconf 78' lang='grc' dir='ltr'>εἰκὼν</span> 
     </span>
    </p>
   </div>
   <div class='ocr_carea' id='block_1_115' title="bbox 2485 5250 4053 5321">
    <p class='ocr_par' dir='ltr' id='par_1_115' title="bbox 2485 5250 4053 5321">
     <span class='ocr_line' id='line_1_115' title="bbox 2485 5250 4053 5321; baseline 0 -17"><span class='ocrx_word' id='word_1_811' title='bbox 2485 5250 2631 5314; x_wconf 76' lang='grc' dir='ltr'>ἅπας</span> <span class='ocrx_word' id='word_1_812' title='bbox 2690 5251 2968 5321; x_wconf 80' lang='grc' dir='ltr'>βασιλεὺς,</span> <span class='ocrx_word' id='word_1_813' title='bbox 3001 5253 3066 5305; x_wconf 78' lang='grc' dir='ltr'>σὺ</span> <span class='ocrx_word' id='word_1_814' title='bbox 3101 5252 3158 5305; x_wconf 76' lang='grc' dir='ltr'>δὲ</span> <span class='ocrx_word' id='word_1_815' title='bbox 3208 5252 3397 5306; x_wconf 72' lang='grc' dir='ltr'>τούτου</span> <span class='ocrx_word' id='word_1_816' title='bbox 3458 5252 3549 5306; x_wconf 62' lang='grc' dir='ltr'><strong>τοῦ</strong></span> <span class='ocrx_word' id='word_1_817' title='bbox 3588 5253 3868 5307; x_wconf 70' lang='grc' dir='ltr'>θειοτάτου</span> <span class='ocrx_word' id='word_1_818' title='bbox 3925 5271 4053 5316; x_wconf 78' lang='grc' dir='ltr'>μετ-</span> 
     </span>
    </p>
   </div>
   <div class='ocr_carea' id='block_1_116' title="bbox 2484 5341 4058 5414">
    <p class='ocr_par' dir='ltr' id='par_1_116' title="bbox 2484 5341 4058 5414">
     <span class='ocr_line' id='line_1_116' title="bbox 2484 5341 4058 5414; baseline 0.002 -21"><span class='ocrx_word' id='word_1_819' title='bbox 2484 5341 2728 5412; x_wconf 78' lang='grc' dir='ltr'>έσχηκας</span> <span class='ocrx_word' id='word_1_820' title='bbox 2757 5345 2847 5395; x_wconf 68' lang='grc' dir='ltr'><strong>καὶ</strong></span> <span class='ocrx_word' id='word_1_821' title='bbox 2874 5342 3197 5412; x_wconf 80' lang='grc' dir='ltr'>πράγματος</span> <span class='ocrx_word' id='word_1_822' title='bbox 3222 5344 3314 5396; x_wconf 76' lang='grc' dir='ltr'>καὶ</span> <span class='ocrx_word' id='word_1_823' title='bbox 3331 5344 3613 5413; x_wconf 79' lang='grc' dir='ltr'>ὀνόματος’</span> <span class='ocrx_word' id='word_1_824' title='bbox 3635 5345 3851 5404; x_wconf 81' lang='grc' dir='ltr'>πάντως</span> <span class='ocrx_word' id='word_1_825' title='bbox 3870 5343 4018 5397; x_wconf 79' lang='grc' dir='ltr'>ὥσπε</span> <span class='ocrx_word' id='word_1_826' title='bbox 4028 5362 4058 5414; x_wconf 77' lang='grc' dir='ltr'><strong>ρ</strong></span> 
     </span>
    </p>
   </div>
   <div class='ocr_carea' id='block_1_117' title="bbox 2481 5433 4059 5507">
    <p class='ocr_par' dir='ltr' id='par_1_117' title="bbox 2481 5433 4059 5507">
     <span class='ocr_line' id='line_1_117' title="bbox 2481 5433 4059 5507; baseline 0 -21"><span class='ocrx_word' id='word_1_827' title='bbox 2481 5433 2734 5487; x_wconf 78' lang='grc' dir='ltr'>ἁπάντων</span> <span class='ocrx_word' id='word_1_828' title='bbox 2758 5435 3055 5504; x_wconf 75' lang='grc' dir='ltr'>ὑπέρτερον</span> <span class='ocrx_word' id='word_1_829' title='bbox 3100 5435 3160 5487; x_wconf 77' lang='grc' dir='ltr'><strong>τὸ</strong></span> <span class='ocrx_word' id='word_1_830' title='bbox 3187 5435 3513 5505; x_wconf 73' lang='grc' dir='ltr'>ἀρχέτυπον,</span> <span class='ocrx_word' id='word_1_831' title='bbox 3543 5433 3689 5487; x_wconf 68' lang='grc' dir='ltr'>οὕτω</span> <span class='ocrx_word' id='word_1_832' title='bbox 3738 5435 3803 5507; x_wconf 70' lang='grc' dir='ltr'><strong>δη</strong></span> <span class='ocrx_word' id='word_1_833' title='bbox 3836 5435 4059 5495; x_wconf 75' lang='grc' dir='ltr'>πάντως</span> 
     </span>
    </p>
   </div>
   <div class='ocr_carea' id='block_1_118' title="bbox 2480 5527 4054 5599">
    <p class='ocr_par' dir='ltr' id='par_1_118' title="bbox 2480 5527 4054 5599">
     <span class='ocr_line' id='line_1_118' title="bbox 2480 5527 4054 5599; baseline -0.002 -17"><span class='ocrx_word' id='word_1_834' title='bbox 2480 5529 2732 5599; x_wconf 74' lang='grc' dir='ltr'>ὑπερέξει</span> <span class='ocrx_word' id='word_1_835' title='bbox 2775 5530 2872 5582; x_wconf 67' lang='grc' dir='ltr'><strong>καὶ</strong></span> <span class='ocrx_word' id='word_1_836' title='bbox 2930 5530 2991 5581; x_wconf 69' lang='grc' dir='ltr'><strong>τὸ</strong></span> <span class='ocrx_word' id='word_1_837' title='bbox 3059 5527 3386 5598; x_wconf 78' lang='grc' dir='ltr'>ἐκτύπωμα.</span> <span class='ocrx_word' id='word_1_838' title='bbox 3431 5530 3602 5582; x_wconf 66' lang='grc' dir='ltr'>Βάλλε</span> <span class='ocrx_word' id='word_1_839' title='bbox 3648 5530 3829 5582; x_wconf 83' lang='grc' dir='ltr'>τοίνυν</span> <span class='ocrx_word' id='word_1_840' title='bbox 3890 5529 4054 5591; x_wconf 78' lang='grc' dir='ltr'>οῦτω,</span> 
     </span>
    </p>
   </div>
   <div class='ocr_carea' id='block_1_119' title="bbox 2557 5734 4052 5797">
    <p class='ocr_par' dir='ltr' id='par_1_119' title="bbox 2557 5734 4052 5797">
     <span class='ocr_line' id='line_1_119' title="bbox 2557 5734 4052 5797; baseline 0.001 -9"><span class='ocrx_word' id='word_1_841' title='bbox 2557 5736 2599 5764; x_wconf 53' lang='grc' dir='ltr'>θ’</span> <span class='ocrx_word' id='word_1_842' title='bbox 2634 5735 2775 5790; x_wconf 76' lang='lat' dir='ltr'><strong>Psal.</strong></span> <span class='ocrx_word' id='word_1_843' title='bbox 2841 5751 3023 5795; x_wconf 67' lang='lat' dir='ltr'><strong>LXUX,</strong></span> <span class='ocrx_word' id='word_1_844' title='bbox 3075 5737 3158 5791; x_wconf 76' lang='grc'><strong>13.</strong></span> <span class='ocrx_word' id='word_1_845' title='bbox 3236 5736 3279 5765; x_wconf 73' lang='grc'><strong>⁵⁸</strong></span> <span class='ocrx_word' id='word_1_846' title='bbox 3313 5734 3451 5787; x_wconf 56' lang='grc' dir='ltr'>Ιδςςιι.</span> <span class='ocrx_word' id='word_1_847' title='bbox 3495 5752 3618 5797; x_wconf 65' lang='lat' dir='ltr'><strong>nx,</strong></span> <span class='ocrx_word' id='word_1_848' title='bbox 3674 5736 3759 5788; x_wconf 62' lang='grc' dir='ltr'><strong>ξι.</strong></span> <span class='ocrx_word' id='word_1_849' title='bbox 3830 5736 3874 5765; x_wconf 62' lang='grc'><strong>’³⁵</strong></span> <span class='ocrx_word' id='word_1_850' title='bbox 3911 5737 4052 5789; x_wconf 78' lang='lat' dir='ltr'><strong>l‘sal.</strong></span> 
     </span>
    </p>
   </div>
   <div class='ocr_carea' id='block_1_120' title="bbox 2208 5803 3875 5870">
    <p class='ocr_par' dir='ltr' id='par_1_120' title="bbox 2208 5803 3875 5870">
     <span class='ocr_line' id='line_1_120' title="bbox 2208 5803 3875 5870; baseline 0.001 -13"><span class='ocrx_word' id='word_1_851' title='bbox 2208 5806 2249 5835; x_wconf 68' lang='grc' dir='ltr'><strong>’τ’</strong></span> <span class='ocrx_word' id='word_1_852' title='bbox 2279 5803 2419 5859; x_wconf 41' lang='lat' dir='ltr'><strong>Px”.</strong></span> <span class='ocrx_word' id='word_1_853' title='bbox 2466 5821 2642 5867; x_wconf 60' lang='grc' dir='ltr'><strong>μην,</strong></span> <span class='ocrx_word' id='word_1_854' title='bbox 2678 5807 2725 5857; x_wconf 66' lang='lat'><strong>25.</strong></span> <span class='ocrx_word' id='word_1_855' title='bbox 2772 5808 2814 5833; x_wconf 85' lang='lat'>“&#39;</span> <span class='ocrx_word' id='word_1_856' title='bbox 2858 5807 3004 5859; x_wconf 82' lang='lat' dir='ltr'><strong>l‘sal.</strong></span> <span class='ocrx_word' id='word_1_857' title='bbox 3050 5821 3077 5858; x_wconf 83' lang='grc' dir='ltr'>ι.</span> <span class='ocrx_word' id='word_1_858' title='bbox 3122 5822 3195 5870; x_wconf 70' lang='lat' dir='ltr'><strong>xa,</strong></span> <span class='ocrx_word' id='word_1_859' title='bbox 3227 5807 3277 5860; x_wconf 66' lang='grc' dir='ltr'><strong>ζ).</strong></span> <span class='ocrx_word' id='word_1_860' title='bbox 3356 5807 3397 5835; x_wconf 71' lang='grc'>⁷⁸</span> <span class='ocrx_word' id='word_1_861' title='bbox 3434 5806 3575 5859; x_wconf 59' lang='grc' dir='ltr'>Γδίλί.</span> <span class='ocrx_word' id='word_1_862' title='bbox 3638 5820 3781 5860; x_wconf 57' lang='grc' dir='ltr'>λιιι.</span> <span class='ocrx_word' id='word_1_863' title='bbox 3823 5806 3875 5859; x_wconf 77' lang='lat'><strong>5.</strong></span> 
     </span>
    </p>
   </div>
  </div>
