4240 6440
195 382 301 444 513

1072 376 1455 437 ΕΡΙΞΤΟῘ..Έ
1501 378 1703 437 XXXV
1754 380 1793 432 Α
1834 377 1889 436 J.
1930 376 2163 436 [ΜΗΘ
2198 377 2469 437 EDI'NE.

3343 373 3448 438 514

196 495 287 545 καὶ
342 491 571 553 ἐντεινε,
625 502 718 539 και
766 486 1081 548 κατευοὸοῦ,
1143 487 1239 539 καὶ
1302 492 1383 557 τῇ,
1427 489 1763 557 ἀγαυοχυσία
1799 497 1839 550 Α

1799 497 1839 550 Α
1870 490 2054 542 cissim
2110 490 2325 543 dulcem
2373 497 2521 542 tuam
2571 502 2777 543 vocem.
2828 485 2969 553 Quid
3021 484 3205 549 dicas,
3265 488 3445 542 archi-

196 583 469 653 βισίλευε.
539 579 699 631 Ἀλλά
728 578 870 631 δοκῶ
905 595 997 630 σου
1029 580 1354 631 ἀντακούειν
1377 580 1475 647 τῆς
1512 580 1769 646 γλυκείας

194 677 389 744 φωνῆς
415 692 427 703 ·
462 673 525 725 Τί
572 672 618 725 δ’
648 673 714 725 ἂν
745 672 939 733 ετποις,
1008 670 1519 740 ἀρχιεπίσκοπε,·εἱ
1553 674 1646 723 καὶ
1702 674 1769 723 τὰ

191 767 358 819 λοιπά
394 763 590 835 χωρία,
611 763 680 816 τά
707 764 997 815 δεσποτικὰ
1023 781 1164 831 φημι
1198 765 1472 833 κτήματα,
1496 765 1768 816 συντελεῖν

193 875 274 909 σοι
307 858 369 909 τὸ
405 858 495 910 ἐπὶ
524 857 601 925 τῷ
632 855 904 923 κανονικῷ
928 856 1321 925 νενομισμένον
1348 856 1763 926 προστάξομενς

191 949 255 999 Τί
286 949 343 1001 δὲ
374 948 585 1016 ἀλλο,ἢ
628 949 711 999 ὃτι
757 947 786 998 ὁ
846 946 975 1016 ὶμδς
1018 946 1307 1014 δεσπότης,
1368 947 1427 999 οῦ
1482 946 1579 1016 τὴν
1628 947 1767 1014 ἐμὴν

193 1040 356 1108 μόνον
392 1038 645 1106 γλῶσσαν
677 1041 897 1107 νικῆσαι
926 1037 1241 1103 φιλονεικεῖ,
1276 1037 1413 1089 ἀλλά
1442 1038 1537 1089 καὶ
1568 1037 1765 1100 παντὸς

189 1130 284 1182 τοῦ
321 1132 535 1199 ταύτην
572 1129 956 1200 φημιζομένην
985 1130 1319 1192 ἀκούσαντος
1368 1130 1467 1199 τὴν
1534 1130 1765 1198 χρηστό-

188 1240 352 1291 τητα,
395 1224 490 1275 καὶ
518 1223 594 1285 ὡς
625 1222 775 1291 ἥλιός
815 1224 936 1275 ἐστι
967 1223 1100 1291 πρὸς
1123 1224 1267 1291 ἡμᾶς
1302 1224 1362 1276 τὸ
1397 1222 1765 1291 μεσημϐρινὸν

188 1313 522 1380 ἑπιλάμπων
542 1313 628 1365 ἀεὶ
654 1312 983 1381 Θερμότερον
1004 1314 1100 1365 καὶ
1126 1313 1531 1381 λαμπροτέρον;
1552 1313 1617 1363 Τί
1637 1314 1762 1364 τού-

185 1419 279 1453 του
320 1405 598 1471 κρεῖττον,
658 1401 781 1469 άγιε
812 1402 1068 1464 δέσποτα,
1098 1399 1191 1453 τοῦ
1221 1402 1377 1471 νικᾷν
1393 1402 1453 1453 οὐ
1484 1403 1580 1470 τὴν
1606 1401 1764 1471 μόνον

186 1495 470 1562 ἡμετέραν
490 1493 761 1561 γλῶσσαν,
790 1491 925 1546 άλλά
946 1494 1039 1545 καὶ
1059 1491 1253 1554 παντὸς
1275 1492 1565 1563 ῥητορικὸν
1580 1494 1763 1546 πνέον-

186 1603 273 1647 τος
302 1603 318 1649 ;
346 1588 502 1638 Εἴπω
524 1604 577 1638 τι
605 1587 799 1640 τούτου
833 1587 1051 1657 μεῖζον;
1102 1578 1275 1655 Εὗρον
1307 1584 1413 1653 γὰρ
1440 1586 1571 1638 Θεὸν
1594 1587 1764 1655 μείζω

186 1676 329 1742 ἱξειν
348 1678 451 1746 τὴν
470 1678 579 1729 τῶν
601 1677 1072 1749 ἑκκλησιαστικῶν
1099 1676 1374 1743 ἀνάθεσιν,
1401 1677 1495 1730 καὶ
1519 1679 1648 1730 πᾶσι
1666 1679 1763 1747 τὴν

1869 580 2144 649 episcope.
2177 580 2221 633 si
2256 580 2495 652 reliquas
2547 579 2711 634 etiam
2748 579 3056 643 facultates,
3082 578 3323 647 propria,
3362 579 3449 631 in-

1868 689 2051 741 quam,
2087 678 2248 736 bona,
2297 674 2591 742 iubeamus
2641 670 2738 725 tibi
2775 672 2829 725 id
2859 672 3144 740 perlicere.
3196 672 3340 740 quod
3380 671 3449 725 de

1814 752 1817 755 5
1867 767 2131 819 canonica
2189 765 2559 819 existimatum
2606 764 2732 818 est?
2780 763 2921 829 Quid
2968 779 3098 817 vero
3138 763 3305 822 aliud.
3338 762 3446 815 nisi

1866 858 2011 928 quod
2037 858 2296 913 dominus
2351 872 2504 911 meus
2561 874 2666 911 non
2722 870 2898 911 meam
2948 856 3122 910 solum
3182 856 3445 923 linguam.

1867 951 1960 1005 sed
2012 951 2449 1019 uniuscujusque
2485 950 2671 1013 etiam,
2704 951 2942 1019 quieam
2994 949 3303 1017 loquentem
3350 962 3445 1001 au—

1866 1047 1963 1108 dit,
1990 1044 2291 1098 bonitatem
2338 1043 2626 1097 contendit
2658 1058 2938 1113 superare,
2979 1052 3239 1111 tanquam
3275 1041 3354 1094 sol
3389 1042 3442 1092 in

1866 1138 2092 1192 meridie
2128 1137 2284 1191 nobis
2312 1135 2610 1190 ferventius
2642 1150 2859 1205 semper
2883 1134 3145 1205 aﬂulgens
3174 1148 3238 1187 ac
3266 1146 3446 1201 spten-

1864 1228 2079 1283 didius?
2120 1229 2261 1294 Quid
2300 1228 2401 1281 hoc
2432 1229 2646 1287 melius,
2680 1227 2901 1280 domine
2932 1237 3137 1289 sancte,
3168 1241 3289 1277 cum
3328 1226 3446 1278 vin-

1865 1335 1957 1374 cas
1992 1336 2096 1375 non
2142 1335 2315 1375 meam
2363 1320 2528 1373 modo
2589 1320 2856 1388 linguam,
2916 1318 3009 1373 sed
3055 1318 3234 1372 omnis
3276 1318 3440 1371 etiam

1863 1414 2178 1483 quicunque
2232 1411 2509 1465 rhetorice
2570 1420 2749 1474 sonat,
2812 1411 2945 1481 quid
3001 1412 3127 1474 hoc,
3190 1412 3439 1482 inquam.

1864 1503 2074 1573 majus!
2124 1502 2338 1556 Etenim
2374 1502 2577 1565 inveni,
2617 1502 2781 1557 Deum
2812 1504 3102 1559 maximam
3130 1506 3442 1561 habiturum

1862 1596 2363 1650 ecclesiasticarum
2443 1595 2872 1659 dedicatione'n,
2959 1606 3122 1665 atque
3184 1598 3443 1651 omnibus

1864 1689 2264 1757 subiectionem
2288 1688 2687 1757 suimetipsius,
2722 1697 2780 1741 ut
2812 1688 3191 1743 didrachmum
3227 1692 3445 1745 solvant

185 1768 469 1836 ὑποταγὴν
504 1770 715 1823 ἑαυτῶν
766 1763 842 1823 ὧν
862 1770 1079 1822 τελέσαι
1113 1768 1173 1821 τδ
1193 1751 1761 1839 δίδραχμονὶντελλὸ-
1798 1844 1808 1845 7

1798 1844 1808 1845 ί
1867 1781 2208 1845 mandatum,
2242 1791 2296 1835 ct
2348 1780 2611 1835 bonitatis
2649 1781 3038 1835 retributiones
3062 1783 3253 1836 eodem
3301 1793 3441 1836 tem.

186 1878 371 1929 μενον,
402 1865 497 1916 καὶ
526 1863 625 1931 τῆς
659 1862 998 1933 άγαθότητος
1059 1863 1156 1925 τὰς
1202 1861 1437 1931 ἀμοιϐὰς
1481 1863 1759 1917 κάνταῦθα
1795 1844 1833 1898 Β

1795 1844 1989 1944 Bpore
2027 1875 2412 1939 exhibentem,
2468 1889 2629 1943 quem
2688 1876 2852 1929 modo
2904 1891 3011 1930 non
3063 1877 3272 1938 vinces,
3330 1875 3438 1929 etsi

184 1954 343 2004 κάκεῖ
390 1955 739 2024 παρέχονταο
772 1954 831 2008 ὃν
858 1956 1017 2024 μόνον
1042 1954 1145 2023 οὐχ
1195 1953 1338 2018 ἔξεις
1358 1955 1598 2024 νικῆσαι,
1655 1955 1759 2009 κᾶν
1856 1994 1858 2007 .

1856 1966 2038 2022 omnia
2072 1966 2300 2031 moliris,
2335 1966 2429 2020 sed
2461 1974 2726 2035 quantum
2767 1982 2869 2022 nos
2899 1966 3095 2030 vincis,
3132 1975 3341 2020 tantum
3372 1967 3447 2021 ab

183 2044 397 2096 άπαντα
431 2047 795 2115 μηχανήσαις·
831 2047 959 2118 ἀλλ’
986 2049 1109 2100 ὅσον
1168 2047 1317 2116 ἡμᾶς
1347 2048 1522 2115 νικᾷς,
1573 2047 1758 2101 τοσοῦ-

178 2152 266 2187 τον
292 2137 387 2189 ὑπ’
416 2139 626 2192 ἐκείνου
652 2140 947 2211 νικηθήσῃ,
979 2138 1181 2205 μᾶλλον
1219 2137 1277 2192 δὶ
1328 2138 1758 2210 άπειροπλάσιον

178 2231 287 2292 τοῖς
338 2230 767 2301 φιλοτιμήμασι.

784 2325 1009 2379 sntzr.
1041 2329 1133 2392 εῖν.

463 2414 547 2480 τῷ
597 2414 703 2479 ινίῷ
744 2417 852 2470 τοῦ
894 2419 1473 2487 σεϐαστοκράτορος.

252 2506 561 2584 Εὐλογητὸς
589 2510 617 2559 ὁ
642 2510 769 2570 θεὸς
826 2511 853 2562 ὁ
884 2510 1002 2572 δοὺς
1035 2514 1164 2581 ἡμῖν
1190 2514 1258 2565 τά
1289 2530 1346 2565 τε
1388 2513 1523 2567 ἄλλα
1544 2513 1639 2582 τῆς
1658 2514 1757 2566 αὑ-

182 2598 267 2650 τοῦ
323 2600 695 2669 άγαθοχυσίας
748 2603 1179 2677 φιλοτιμήματα,
1254 2605 1349 2659 καὶ
1421 2606 1486 2676 δὴ
1536 2608 1631 2659 καὶ⁵
1688 2608 1755 2660 τὰ

180 2694 508 2761 γράμματα,
534 2694 603 2745 δι’
630 2688 704 2747 ὦν
738 2696 830 2747 καὶ
865 2696 1007 2762 φίλοι
1034 2697 1218 2761 φίλους
1252 2698 1752 2767 προσαγορεύομεν.

180 2788 269 2838 καὶ
296 2785 478 2838 δοῦλοι
512 2786 801 2849 δεσπόταις
849 2788 936 2839 διὰ
965 2788 1176 2858 μακροῦ
1237 2791 1752 2859 προσφίιεγγόμεοα.

190 2877 401 2943 ’Λμέλει
434 2880 528 2930 καὶ
558 2876 651 2928 νῦν
684 2880 711 2928 ὁ
741 2877 921 2941 δοῦλος
952 2880 1044 2945 τῆς
1086 2881 1240 2949 ὑμῶν
1284 2882 1616 2950 ἀγαοὸτητος
1645 2882 1756 2947 ἐγὼ

180 2967 405 3034 στόματι
439 2968 517 3036 τῷ
572 2963 860 3037 γράμματι
925 2972 1225 3039 κέχρημαι,
1268 2972 1363 3023 καὶ
1416 2971 1503 3024 διά
1559 2972 1751 3024 τούτου

176 3058 269 3125 τὴν
294 3059 657 3128 ὀφειλομένην
705 3062 967 3129 προσά,’ω
997 3064 1203 3133 φωνήν.
1254 3063 1316 3115 Ἡ
1342 3064 1397 3116 δέ
1426 3067 1541 3116 ἐστι
1603 3066 1752 3135 πρῶ-

177 3166 263 3203 τον
318 3152 423 3220 μὶν
465 3152 608 3223 ὑπὲρ
656 3153 756 3221 τῆς
806 3153 905 3222 σῆς
958 3155 1145 3221 ὑγείας
1199 3156 1354 3225 εὐχὴ,
1406 3158 1747 3211 πανσέΰαστὲ

180 3259 265 3311 μοι
300 3244 658 3314 ἁντιλῆπτορ,
699 3246 794 3298 καὶ
822 3245 958 3316 μετά
985 3248 1109 3310 τοὺς
1134 3249 1195 3299 ἐκ
1227 3248 1317 3300 τοῦ
1346 3247 1561 3318 πρώτου
1614 3268 1739 3320 προ

177 3336 386 3402 τέρους,
422 3336 585 3405 βοηθέ
624 3354 728 3406 μου
762 3338 857 3389 καὶ
889 3340 1066 3407 τεῖχος
1122 3339 1258 3408 ὁμοῦ
1306 3342 1397 3393 καὶ
1444 3341 1751 3411 περίτειχος

181 3427 276 3493 (δεῖ
316 3430 429 3497 γάρ
457 3446 515 3481 σε
545 3432 655 3491 τοῖς
687 3430 784 3498 τῆς
815 3430 1039 3499 Γραφῆς
1087 3432 1271 3483 καλεῖν
1332 3434 1561 3502 ῥήμασι)
1586 3450 1598 3462 ’
1630 3430 1749 3486 εἶτα

179 3516 266 3567 καὶ
302 3518 649 3589 παράκλησις
676 3522 812 3587 πρὸς
860 3520 920 3571 τὸ
954 3521 1179 3587 ἀγαθόν.
1238 3523 1328 3592 Μὴ
1359 3524 1463 3593 γάρ
1496 3542 1588 3592 μοι
1629 3528 1749 3577 em-

179 3606 356 3658 λάϐοιο
398 3608 537 3677 μήτε
568 3608 664 3677 τῆς
694 3609 863 3677 αὐτῆς
912 3626 1006 3662 σου
1039 3610 1275 3677 φύσεως,
1302 3612 1362 3675 ἐξ
1422 3609 1484 3683 ἧς
1530 3615 1748 3680 ἀγαοῶν

180 3712 257 3748 σοι
282 3698 513 3767 ῥύακες,
570 3701 706 3768 μήτε
740 3700 851 3751 τῶν
893 3700 1178 3767 πατρικῶν
1225 3706 1621 3771 παραινέσεων,
1672 3699 1748 3759 ὧν

184 3790 332 3842 οὐδέν
358 3794 513 3844 ἐστιν
535 3793 959 3862 ἀγχινούστερον
1015 3793 1131 3863 ἅμα
1182 3797 1275 3847 καὶ
1330 3796 1742 3866 σταθηρότεροψ

178 3881 287 3931 ἀλλ’
318 3884 497 3949 εἰδὼς,
535 3884 609 3947 ὡς
660 3885 717 3936 τδ
749 3885 847 3952 μὲν
876 3886 1232 3952 ἀγαθοππεῖν
1266 3887 1427 3951 Θεοῦ,
1471 3890 1530 3941 τὸ
1563 3892 1616 3942 δὲ
1650 3908 1747 3944 κα-

180 3976 415 4026 κοποιεῖν
442 3974 783 4043 ὲριννυῶδες,
805 3977 943 4044 ὑπὲρ
963 3976 1059 4042 τῆς
1078 3978 1446 4046 ταλαιπωρίας
1473 3981 1577 4031 τῶν
1604 3999 1746 4035 πτω-

179 4065 307 4134 χῶν,
363 4068 457 4119 καὶ
523 4066 616 4119 τοῦ
649 4068 956 4135 στεναγμοῦ
1007 4068 1114 4119 τών
1160 4071 1429 4139 πενήτων,
1484 4074 1577 4123 καὶ
1637 4074 1743 4125 τῶν

182 4156 347 4210 ταῦτα
404 4157 815 4226 προξενούντων
862 4159 1044 4220 αὐτοῖς
1106 4158 1453 4221 ὲξανίστασο·
1517 4167 1611 4215 καὶ
1668 4165 1742 4234 μὴ

180 4250 423 4318 κάμνοις,
462 4250 596 4319 μηδὲ
646 4250 773 4300 ἄλλο
806 4267 859 4302 τι
895 4253 1283 4322 προτιμότερον
1314 4256 1466 4322 ἡγοῖο
1492 4256 1592 4324 τῆς
1628 4256 1741 4308 Θεο-

182 4344 465 4410 μιμησίας,
501 4342 591 4392 καί
621 4358 679 4391 σε
712 4340 847 4393 Θεοῦ
869 4343 917 4393 οἱ
954 4342 1206 4411 πένητες,
1240 4345 1440 4413 μᾶλλον
1487 4346 1541 4397 δὶ
1582 4348 1629 4413 ὀ,
1679 4342 1739 4401 οῦ

182 4432 438 4498 πένητες,
500 4432 694 4501 τηροίη
731 4448 788 4483 σε
826 4432 1006 4501 πάσης
1063 4434 1258 4494 κακίας
1322 4434 1590 4507 ἀνώτερον
1648 4445 1739 4491 καὶ

1859 2058 1972 2120 illo,
2023 2057 2135 2110 imo
2188 2071 2321 2112 vero
2376 2056 2432 2111 in
2487 2056 2786 2122 inﬁnitum,
2832 2057 3157 2113 liberalibus
3202 2057 3444 2112 vinceris

1855 2151 2137 2221 operibus.

2461 2326 2682 2383 EPIST.
2726 2328 2813 2383 VI.

2332 2418 2785 2474 Sebastocratoris
2818 2419 2952 2487 ﬁlio.
3033 2424 3039 2431 ’

1931 2515 2256 2571 Benedictus
2316 2512 2480 2572 Deus.
2525 2513 2616 2580 qui
2672 2514 2813 2566 inter
2848 2522 3045 2567 caetera
3104 2528 3219 2568 sua:
3268 2513 3441 2569 hono-

1860 2624 1977 2663 rum
2007 2608 2291 2663 eliusionis
2334 2604 2597 2659 beneﬁcia
2642 2606 2738 2658 has
2770 2620 2988 2673 quoque
3016 2605 3108 2657 dat
3144 2606 3303 2661 nobis
3326 2610 3440 2675 epi—

1857 2700 2057 2760 stolas,
2101 2698 2303 2767 quibus
2354 2696 2515 2750 amici
2585 2696 2792 2749 amicos
2857 2698 3227 2765 alloquimur,
3294 2698 3439 2752 servi

1856 2790 2106 2843 dominus
2130 2788 2385 2842 absentes
2429 2787 2849 2854 compellamus,
2902 2802 3008 2840 non
3069 2786 3231 2842 aliter
3274 2796 3440 2858 atque

1856 2895 1955 2947 ego
1996 2888 2190 2931 vestrae
2233 2878 2494 2931 bonitatis
2537 2892 2734 2931 servus
2792 2877 3020 2945 cpistola
3075 2879 3130 2931 in
3196 2894 3440 2947 praesens

1859 2978 1981 3023 utor
2008 2985 2103 3035 pro
2158 2984 2272 3029 ore,
2333 2967 2755 3034 debitorumquc
2806 2982 2901 3036 per
2952 2982 3069 3021 eam
3119 2970 3313 3023 emitto
3346 2985 3439 3023 vo-

1856 3074 1993 3111 cem.
2036 3059 2274 3111 Primutn
2323 3057 2542 3125 quidem
2580 3058 2755 3109 oratio
2810 3065 2893 3109 est
2944 3072 3044 3125 pro
3092 3057 3269 3112 salute
3318 3066 3436 3123 tua,

1858 3150 2091 3201 maxime
2141 3147 2448 3202 venerande
2499 3158 2807 3215 susceptor,
2868 3149 2961 3214 qui
2992 3149 3058 3199 ah
3101 3148 3261 3201 initio
3296 3150 3437 3203 inter

1859 3242 2064 3309 primos
2096 3240 2317 3309 adjutor
2350 3255 2501 3293 meus
2547 3254 2626 3297 cs.
2678 3248 2730 3291 et
2772 3254 2963 3293 murus
2998 3240 3162 3293 simul
3195 3249 3249 3293 et
3278 3250 3434 3295 aute-

1856 3331 2064 3384 murale
2103 3332 2168 3382 τ’.
2203 3328 2428 3398 Oportet
2458 3330 2601 3383 enim
2657 3338 2707 3383 te
2754 3328 3058 3397 Scriptura:
3108 3330 3293 3385 verbis
3339 3346 3437 3385 vo-

1853 3438 2001 3475 lare.
2036 3422 2239 3475 Deinde
2283 3436 2408 3475 vero
2458 3421 2768 3474 adhortatio
2829 3421 2894 3473 ad
2944 3422 3166 3475 bonum.
3222 3422 3433 3478 Etenim

1855 3532 1920 3567 ne
1953 3516 2155 3568 oblitus
2203 3515 2394 3578 lucris,
2452 3528 2627 3583 neque
2680 3522 2785 3565 tua:
2842 3514 3014 3581 ipsius
3073 3521 3304 3575 naturae,
3363 3530 3433 3571 ex

1851 3623 1959 3676 qua
1991 3608 2231 3660 omnium
2263 3608 2360 3659 tibi
2397 3608 2663 3660 bonorum
2696 3605 2817 3665 rivi,
2852 3620 3025 3673 neque
3072 3617 3429 3675 paternorum

1852 3700 2208 3754 consiliorum
2240 3700 2437 3769 quibus
2480 3698 2615 3750 nihil
2659 3706 2737 3749 cst
2773 3712 2906 3750 sane
2951 3698 3207 3751 solertius
3268 3698 3433 3752 simul

1850 3802 1902 3845 et
1932 3791 2103 3861 magis
2136 3790 2377 3843 ﬁrmum.
2416 3790 2611 3843 Verum
2652 3788 2962 3855 intelligens
3011 3788 3213 3843 bonum
3253 3792 3433 3845 lacere

1850 3882 1943 3935 Dei
1978 3899 2123 3947 esse,
2155 3883 2355 3935 malum
2397 3892 2576 3935 autem
2627 3882 2807 3936 facere
2865 3882 3155 3944 furiosum,
3198 3897 3433 3952 exsurge

1849 3973 1915 4025 ad
1946 3974 2217 4026 miseriam
2250 3973 2496 4040 inopum,
2546 3982 2597 4025 et
2640 3973 2704 4025 ad
2748 3973 2979 4041 gemitus
3030 3987 3329 4040 pauperqu
3359 3972 3429 4038 ⁷⁸,

1849 4075 2010 4134 atque
2048 4079 2259 4127 eorum,
2292 4066 2384 4134 qui
2430 4065 2541 4117 hac
2574 4064 2678 4120 sibi
2708 4065 3027 4119 conciliant.
3074 4063 3136 4117 Et
3186 4079 3251 4117 ne
3284 4063 3432 4117 deli-

1849 4158 1985 4210 cias.
2014 4155 2156 4209 Nihil
2184 4157 2326 4209 enim
2358 4156 2505 4209 aliud
2561 4158 2611 4209 in
2663 4166 2806 4211 terra
2842 4158 3194 4227 prastautius
3242 4157 3427 4209 divina

1850 4249 2173 4304 imitatione.
2228 4247 2291 4301 Et
2353 4258 2404 4303 te
2462 4249 2555 4305 Dei
2596 4265 2893 4320 pauperes.
2954 4250 3061 4302 imo
3128 4262 3256 4303 vero
3312 4248 3427 4315 ille,

1847 4344 2004 4412 cujus
2036 4352 2162 4397 sunt
2191 4356 2477 4412 pauperes,
2526 4342 2689 4412 716
2721 4340 2977 4395 defendat
3020 4341 3088 4395 ab
3120 4341 3268 4394 omni
3302 4353 3419 4392 ma-

1848 4436 1962 4489 litia
2003 4444 2057 4490 et
2085 4435 2229 4488 malo
2269 4434 2324 4488 in
2361 4434 2637 4497 omnibus,
2672 4434 2799 4488 dum
2841 4434 3040 4487 virtute
3097 4442 3150 4487 et
3192 4432 3420 4486 celsitu-

180 4523 465 4587 κακώσεως
513 4528 568 4578 ἐν
603 4528 757 4588 πᾶσι,
812 4526 905 4576 καὶ
970 4528 1067 4594 τῆς
1117 4527 1391 4596 ἡμετέρας
1450 4532 1736 4596 ἀσθενείας
1774 4536 1854 4590 Dt

1774 4536 1814 4590 ί)
1842 4530 1969 4581 dine
1997 4539 2087 4581 tua
2120 4537 2364 4582 nostram
2413 4528 2648 4599 suscipis
2688 4526 3059 4583 inﬁrmitatem
3114 4534 3279 4596 atque
3320 4526 3423 4579 hu—

186 4617 270 4666 xa‘:
297 4616 689 4685 ταπεινότητος
720 4619 785 4686 τῇ
818 4616 1045 4685 δυνάμει
1079 4618 1175 4667 καὶ
1199 4616 1275 4687 τῷ
1311 4616 1435 4686 ὕψει
1467 4637 1561 4673 σου
1594 4625 1741 4677 ἀντι-

177 4704 600 4778 λαμὸανὸμενον.

773 4798 1000 4853 ΕΠΙΣΤ.
1035 4800 1110 4853 Ζ’.

184 4910 260 4976 Τῷ
286 4908 561 4975 σεϐαστῷ
594 4910 753 4979 κυρῷ
782 4910 1031 4997 Ἰωᾴννῃ
1086 4911 1167 4977 τῷ
1191 4912 1299 4978 υίῷ
1322 4912 1427 4969 τοῦ
1450 4916 1741 4971 σεϐαστο-

788 5000 1093 5052 κρατορος.

256 5074 467 5145 Ἐπειδὴ
494 5075 648 5141 ,Θεὸς
677 5076 791 5137 τοῖς
839 5080 1070 5144 πτωχοῖς
1118 5080 1227 5138 τοῖς
1259 5077 1440 5146 μέλεσι
1472 5078 1604 5131 Θεοῦ
1637 5080 1734 5131 ὲπ-

184 5168 463 5220 απιστειλε
486 5166 588 5238 τὴν
617 5168 715 5237 σὴν
762 5168 1069 5238 ἀντίληψιν,
1109 5169 1447 5223 πανσέὸαστέ
1502 5188 1602 5238 μου
1633 5172 1734 5223 αὺ-

180 5260 325 5315 ῡέιτα
356 5267 449 5315 καὶ
499 5262 853 5331 ἀντιλῆπτορ,
922 5263 995 5331 μὴ
1058 5263 1297 5316 παύσαιο
1346 5262 1516 5316 ποιῶν
1578 5262 1735 5315 τοῦτο

178 5348 237 5401 δι’
262 5352 287 5403 ὃ
308 5353 545 5422 ἐξῆλθες.
571 5354 728 5406 Κατὰ
759 5353 865 5423 γὰρ
896 5354 992 5405 τὸν
1025 5352 1313 5407 Θεσπέσιον
1345 5353 1622 5423 Ἀρσένιὸν
1648 5370 1731 5406 σοι

176 5442 247 5511 τῷ
268 5447 361 5514 τὴν
387 5446 548 5514 φύσιν
578 5446 839 5517 θειοτάτῳ
858 5448 950 5500 καὶ
977 5448 1272 5509 παίδευσιν,
1299 5446 1628 5516 φθέγγομαι.
1654 5445 1735 5499 Τά

179 5550 232 5587 τε
258 5536 344 5591 οῦν
366 5539 500 5592 ἀλλα
540 5542 650 5602 τοῖς
692 5540 917 5609 πένησιν
950 5540 1231 5608 ἑπικούρει
1275 5540 1413 5593 κατὰ
1442 5540 1549 5592 τῶν
1571 5540 1735 5609 αίχμ-

177 5629 718 5701 αλωτιζόντων(οῦτω
746 5632 853 5701 γὰρ
901 5632 1075 5685 εἰπεῖν
1108 5633 1479 5706 οἰκειότερον),
1540 5634 1635 5688 καὶ
1667 5632 1730 5704 δὴ

249 5813 288 5843 ’¹
316 5815 415 5876 lsa.
447 5829 596 5878 xm,
624 5816 710 5873 Η.
788 5817 831 5850 ’³
862 5818 1002 5873 Psal.
1043 5833 1119 5883 xI,
1152 5815 1207 5870 6.

1843 4623 2155 4677 militatem.

2436 4796 2655 4853 EPIST.
2701 4795 2814 4850 VII.

2020 4914 2243 4971 Sebasto
2276 4914 2470 4968 domno
2502 4910 2703 4966 Joanui
2731 4909 3067 4978 imperatoris
3104 4908 3238 4977 ﬁlio.

1903 5073 2356 5143 Quandoquidem
2419 5070 2561 5126 Deus
2616 5068 2948 5140 pauperibus
3000 5066 3091 5121 Dei
3156 5064 3417 5132 membris

1843 5168 2069 5223 immisit
2099 5167 2360 5221 auxilium
2399 5174 2575 5229 tuum,
2604 5162 2828 5219 omnino
2862 5158 3169 5214 venerande
3198 5158 3271 5211 mi
3314 5159 3415 5212 do-

1841 5262 1987 5316 mine
2013 5270 2065 5314 et
2097 5267 2399 5327 susceptor,
2436 5272 2503 5312 ne
2543 5256 2760 5311 desinas
2792 5254 2922 5307 illud
2960 5252 3140 5305 facere
3189 5260 3413 5320 propter

1840 5348 1984 5421 quod
2034 5348 2249 5403 venisti.
2311 5345 2385 5401 Tc
2436 5348 2578 5401 enim
2627 5345 2781 5414 juxta
2836 5343 3079 5396 divinum
3122 5340 3411 5392 Arsenium

1843 5443 2112 5512 alloquor,
2150 5440 2241 5511 qui
2275 5438 2651 5493 dixinissimus
2683 5452 2741 5491 es
2773 5443 2966 5488 natura
3004 5447 3066 5485 ac
3099 5430 3410 5499 disciplina.

1842 5534 2049 5589 Interea
2091 5535 2255 5602 igitur
2312 5530 2644 5601 pauperibus
2693 5527 2955 5581 auxiliare
3004 5526 3267 5578 adversus
3319 5537 3415 5575 eos

1839 5628 1930 5695 qui
1960 5628 2207 5697 captivos
2232 5626 2551 5690 abducunt;
2589 5623 2661 5676 ita
2689 5621 2831 5676 enim
2860 5621 3041 5674 dicere
3068 5612 3410 5674 familiarius,
