4240 6440
764 379 869 444 515

1692 369 2267 434 THEOPHYLACTI
2312 367 2723 430 BULGHHE
2768 368 3126 430 .\RCillEP.

3917 371 4030 439 516

765 503 817 545 et
869 491 1070 545 malum
1116 491 1218 544 hoc.
1262 488 1429 541 latum
1465 486 1533 539 ab
1574 487 1709 556 ipsis
1741 494 1947 539 averte.
1979 482 2114 536 Nam
2154 496 2343 535 moua-
2383 484 2419 532 Α

2460 480 2541 530 καὶ
2566 477 2721 546 τήνδε
2750 479 2845 547 τὴν
2876 479 3055 549 κακὴν
3081 481 3273 548 μοῖραν
3305 480 3481 534 αὐτῶν
3502 480 3859 551 ἀπεδόθησαν.
3911 484 4039 533 Τῶν

766 582 907 635 chus
942 580 1165 651 quidam
1220 594 1367 633 meus
1419 586 1474 633 et
1522 577 1782 633 sacerdos
1825 590 1887 630 ex
1945 574 2014 627 iis
2063 574 2156 642 qui
2217 575 2345 626 mali

764 686 913 735 sunt,
981 672 1145 726 Deum
1197 670 1418 739 quidem
1473 676 1867 728 contemnens,
1938 667 2350 735 humanumque

769 765 1027 833 probrum
1055 777 1151 832 per
1185 761 1570 830 impmlentiam
1601 759 1755 812 nihili
1784 758 2013 819 faciens,
2040 773 2163 810 eum
2191 757 2349 826 juxta

770 858 898 912 illud
934 855 1310 927 propheticum
1365 853 1603 907 induerit
1652 853 1955 907 meretricis
1989 852 2221 914 vultum,
2251 854 2348 905 ab~

764 949 900 1019 jecit
947 958 1198 1004 sanctum
1244 947 1515 1012 habitum,
1550 952 1604 1001 et
1656 945 1837 999 helluo
1885 960 1984 1014 pro
2041 945 2353 998 abstinente

768 1043 910 1107 viro,
942 1052 994 1096 et
1028 1041 1378 1096 incontinens
1421 1054 1520 1110 pro
1550 1038 1888 1101 continente,
1917 1038 2026 1092 imo
2055 1052 2185 1090 vero
2216 1052 2350 1090 cou-

769 1137 952 1189 tinens
984 1133 1157 1188 factus
1191 1141 1244 1187 et
1278 1131 1731 1187 consuetudinem
1762 1131 1925 1185 habet
1952 1146 2079 1184 cum
2106 1130 2348 1184 muliere.

772 1236 826 1281 et
879 1229 1025 1281 omni
1081 1227 1331 1296 deposito
1376 1227 1587 1296 pudore
1635 1225 1943 1294 triumphat
1998 1226 2243 1279 lascivia.
2302 1224 2353 1277 ld

772 1328 951 1371 autem
984 1318 1171 1373 multis
1204 1317 1429 1387 dignum
1484 1316 1765 1387 lacrymis.
1808 1313 2204 1369 Verumtamen
2244 1328 2359 1368 ma-

774 1410 857 1477 gis
888 1407 1174 1463 ferendum
1206 1423 1370 1475 quam
1405 1406 1551 1477 quod
1587 1405 1878 1460 dicendum
1914 1416 2185 1475 superest.
2223 1405 2357 1459 Illud

777 1496 964 1565 igitur,
1020 1496 1163 1567 quod
1216 1498 1453 1551 maxime
1500 1498 1671 1551 Deum
1728 1503 1988 1565 provocat
2035 1495 2101 1549 ad
2140 1494 2363 1550 iracun-

776 1589 922 1641 diam
968 1603 1031 1642 ae
1079 1590 1240 1645 nobis
1292 1590 1451 1644 aﬂ‘crt
1498 1589 1765 1651 dolorem,
1820 1585 2007 1639 audito
2059 1587 2152 1654 qui
2206 1587 2359 1641 solus

778 1688 932 1748 potes
964 1682 1019 1733 in
1061 1681 1255 1736 melius
1309 1690 1541 1733 vertere.
1599 1676 1675 1731 Ex
1726 1693 1835 1749 quo
1901 1678 2051 1731 enim
2110 1678 2359 1733 divinum

778 1774 1021 1828 excussit
1059 1774 1309 1826 timorem
1343 1778 1398 1825 et
1423 1771 1557 1823 dixit
1590 1768 1698 1823 Deo
1736 1788 1747 1822 :
1786 1768 1913 1824 Vias
1954 1777 2075 1823 tuas
2115 1769 2244 1823 nolo
2268 1784 2362 1824 co-

2461 586 2536 631 τις
2572 568 2681 639 γὰρ
2722 570 2977 640 μοναχῶν
3027 572 3119 625 καὶ
3149 573 3341 641 ἱερέων
3365 575 3393 627 ὁ
3417 576 3479 628 ἐκ
3510 576 3619 628 τῶν
3642 577 3790 646 ἐμῶν
3820 578 4038 640 κακῶν,

2455 661 2885 728 καταφρονήσας
2918 661 3018 730 μὲν
3079 662 3237 727 Θεοῦ,
3272 664 3793 736 ἀπαναισχυντήσας
3837 668 3894 720 δὲ
3940 670 4041 719 καὶ

2456 752 2591 821 πρὸς
2619 750 2964 821 ἀνθρώπινον
2988 753 3196 816 ὄνειδος
3221 770 3236 783 ·
3273 758 3367 808 καὶ
3398 755 3555 809 τοῦτο
3579 756 3643 829 δὴ
3670 759 3730 810 τὸ
3770 776 4044 828 προφητι-

2456 844 2571 902 κὸν,
2604 842 2729 912 ὄψιν
2756 844 2963 916 πόρνης
2992 846 3167 915 ἑαυτῷ
3198 849 3566 917 σχηματίσας,
3598 849 3904 903 ἀπεϐάλετο
3941 850 4046 917 μὲν

2454 934 2513 984 τὸ
2543 937 2728 1004 σχῆμα
2743 936 2802 988 τὸ
2829 936 3004 1005 ἅγιον,
3035 939 3167 990 γαὶὸ
3192 939 3349 1009 βόρος
3371 940 3428 993 δὲ
3451 941 3570 994 ἀντὶ
3597 941 3916 1012 mnsam-3.
3945 945 4046 993 καὶ

2458 1025 2695 1096 ἀσελγὴς
2706 1028 2831 1081 ἀντϊ
2850 1046 2965 1097 σωφ
2975 1029 3211 1100 ρονικοῦ,
3235 1033 3437 1102 μᾶλλον
3459 1034 3517 1087 δὲ
3537 1035 3871 1105 σωφρονικὸς
3887 1037 4048 1087 τελε·

2460 1117 2609 1181 σθεὶς
2638 1119 2860 1186 γυναικί
2889 1137 2949 1173 τε
2981 1121 3201 1175 σύνεστι
3234 1124 3330 1177 καὶ
3361 1123 3905 1196 ἀπηρυθριασμένως
3938 1129 4047 1195 ἑμ-

2462 1214 2741 1279 πομπεύει
2774 1214 2840 1281 τῇ
2866 1213 3130 1284 ἀσελγείᾳ
3158 1254 3169 1267 .
3208 1216 3320 1270 Καὶ
3348 1216 3506 1271 τοῦτο
3544 1218 3644 1287 μὲν
3664 1218 3759 1271 καὶ
3786 1219 4050 1290 δακρίων

2460 1301 2671 1355 πολλῶν
2694 1301 2844 1367 ἄξιον
2859 1322 2874 1336 ο
2898 1304 2997 1358 ἀλλ
3013 1306 3027 1325 ‘
3042 1302 3136 1360 οὖν
3169 1309 3525 1379 ἀνεκτότερον
3544 1309 3680 1381 πρὸς
3702 1312 3765 1363 τὸ
3807 1311 4053 1380 ῥηθησό-

2465 1410 2648 1461 μενον.
2674 1397 2739 1448 Ὃ
2760 1396 2805 1451 δ’
2827 1396 2923 1450 οὖν
2956 1399 3049 1452 καὶ
3078 1400 3211 1453 Θεὸν
3281 1401 3520 1471 μάλιστα
3548 1403 3903 1472 παροργίζει.
3948 1405 4051 1457 καὶ

2462 1487 2611 1557 ἡμᾶς
2627 1488 2807 1555 λυπεῖ,
2824 1491 3080 1558 ἄκουσον,
3096 1495 3125 1545 ό
3145 1493 3303 1563 μόνος
3321 1494 3480 1549 τοῦτο
3502 1496 3797 1564 δυνάμενος
3818 1496 4053 1565 διορθώ-

2465 1580 2682 1633 σασθαι.
2712 1580 3025 1652 Ὡςιγὰρτὸν
3045 1586 3189 1639 θεῖον
3213 1586 3379 1655 φόϐον
3403 1588 3783 1652 ἀπετινάξατο,
3804 1589 3898 1640 καὶ
3912 1588 4057 1657 πρὶς

2464 1674 2553 1725 τὸν
2596 1673 2729 1725 Θεὸν
2758 1669 2913 1728 εἶπεν
2947 1693 2961 1706 ·
3001 1675 3184 1742 Ὀδούς
3216 1694 3311 1731 σου
3341 1680 3539 1733 ειδέναι
3589 1682 3647 1733 οὑ
3683 1680 3966 1750 βούλομαι,
3991 1681 4057 1732 ὲκ

2468 1767 2664 1829 κακίας
2678 1767 2904 1831 δυνατὸς
2916 1763 3055 1822 εἶναι
3086 1769 3379 1841 ἱμείρεται,
3394 1773 3486 1824 καὶ
3504 1773 3802 1838 ἐπείγεται,
3822 1771 3915 1824 καὶ
3939 1772 4059 1832 τοῖς

780 1873 1080 1936 gitoscere;
1116 1866 1270 1935 cupit
1318 1873 1373 1919 et
1426 1863 1707 1918 contendit
1748 1872 1941 1932 potens
1981 1878 2105 1918 esse
2153 1863 2207 1917 in
2256 1863 2364 1917 Iul-
2398 1852 2439 1907 Β

2470 1858 2779 1929 ἀνθρώποις
2812 1860 2907 1914 τοῦ
2938 1861 3191 1933 Ἰασήπου
3254 1863 3361 1916 τῶν
3405 1864 3607 1917 ἀδίκων
3652 1864 3747 1918 καὶ
3788 1863 4055 1932 ἀθέσμων

781 1959 1013 2029 quitale,
1065 1969 1368 2026 auctorque
1398 1957 1711 2027 iniquarum
1756 1966 1815 2009 et
1850 1956 2183 2025 injustarum
2234 1971 2361 2025 pro-

783 2051 1114 2119 positiomuu
1149 2039 1576 2113 iitr'homiuibns
1611 2048 1805 2117 lasepi.
1848 2048 1927 2102 llli
1960 2058 2141 2104 autem
2187 2050 2362 2119 ipsum

785 2143 1083 2196 honoribus
1141 2150 1563 2211 prosequuntur,
1622 2141 1815 2212 ecquid
1865 2156 1972 2196 uou
2008 2141 2249 2196 futurum
2282 2151 2367 2197 est

785 2242 844 2288 ut
880 2234 1087 2288 faciant
1114 2235 1211 2289 iet
1246 2234 1423 2289 solum
1466 2234 1645 2289 lerunt
1685 2235 1736 2287 in
1765 2234 1964 2304 capite.
2008 2234 2113 2289 Sed
2164 2250 2367 2305 paupe-

785 2341 874 2381 res
898 2317 1101 2381 abeunt
1129 2326 1461 2397 praecipites,
1503 2334 1557 2380 et
1595 2336 1829 2396 pereunt
1855 2327 2065 2382 dolosis
2099 2328 2363 2382 consiliis.

782 2418 918 2475 Cum
953 2419 1117 2489 igitur
1151 2419 1335 2473 nullus
1367 2420 1439 2473 sit
1480 2419 1794 2487 redemptor
1818 2434 1881 2475 ac
1914 2431 2187 2485 servator,
2220 2421 2366 2487 misi,

786 2520 948 2580 atque
978 2512 1253 2565 hominem
1283 2512 1682 2567 exsecrabilem
1719 2512 1786 2566 ad
1829 2528 1913 2568 me
1938 2514 2239 2578 duxerunt,
2275 2516 2369 2582 qui

788 2605 854 2656 ad
895 2602 1203 2658 Dominicos
1256 2620 1430 2673 usque
1493 2604 1853 2674 Caruispririi
1899 2605 2016 2661 dies
2052 2622 2140 2661 me
2191 2616 2368 2661 tutum

789 2696 935 2759 fecit,
970 2695 1240 2749 neminem
1274 2695 1558 2749 inventum
1592 2710 1713 2750 esse
1742 2697 1963 2750 consilii
2018 2698 2367 2768 participem,

789 2798 966 2852 neque
1007 2783 1076 2837 de
1123 2784 1305 2854 aliqua
1348 2800 1408 2840 re
1473 2785 1873 2839 insimulatum.
1917 2787 2106 2857 Itaque
2162 2786 2369 2850 dimisi,

790 2880 953 2941 atque
985 2873 1031 2927 ei
1064 2872 1465 2929 Christitideles
1514 2873 1763 2929 homines
1812 2875 1991 2946 lasepi
2043 2878 2369 2947 obsequium

793 2975 1074 3036 praestant,
1125 2978 1179 3022 et
1223 2978 1537 3023 venatorem
1575 2970 1930 3037 exi:timant;
1960 2972 2062 3025 hoc
2092 2972 2237 3027 enim
2268 2970 2370 3026 sibi

793 3060 912 3129 ipse
940 3076 1138 3116 nomen
1173 3062 1457 3133 imposuit,
1487 3079 1684 3119 suaves
1716 3063 1824 3120 illis
1854 3064 2063 3119 donans
2093 3072 2371 3135 capturas.

794 3151 1043 3222 Exsurge
1072 3151 1139 3207 ad
1170 3154 1306 3220 lucc,
1342 3154 1564 3211 domine
1615 3156 1711 3220 mi,
1743 3163 1797 3209 et
1826 3155 1918 3210 dic
1948 3155 2135 3221 verbo,
2171 3166 2227 3211 et
2259 3155 2374 3211 da:-

800 3244 1044 3311 mouimu
1082 3243 1356 3313 ejicietur,
1416 3248 1562 3317 quod
1605 3247 1692 3301 Dei
1749 3246 1953 3317 populo
2002 3246 2260 3302 damnum
2291 3248 2376 3302 in~
2407 3221 2446 3277 δ

801 3337 929 3389 lert.
965 3337 1137 3390 Nemo
1166 3346 1346 3391 autem
1386 3349 1436 3392 te
1462 3341 1688 3394 seducat
1723 3339 1979 3395 olliciosis
2026 3340 2375 3395 sermonibus

798 3428 895 3483 tibi
931 3429 1190 3491 suadens,
1226 3428 1468 3483 futurum
1496 3430 1789 3484 alicnaudo
1830 3446 1971 3493 esse,
2006 3439 2064 3485 ut
2092 3431 2231 3485 latro
2264 3447 2380 3485 nm-

797 3519 1080 3573 nitentiam
1128 3527 1271 3589 agat.
1328 3518 1471 3586 Quot
1512 3522 1658 3575 enim
1694 3521 1868 3576 tibtuli
1919 3522 2255 3590 pmuilentia:
2291 3538 2377 3577 re-

799 3608 998 3671 media,
1029 3619 1082 3662 i-t
1121 3612 1407 3679 superiore
1447 3626 1615 3675 anno,
1657 3623 1709 3665 et
1740 3612 1843 3667 hoc
1877 3620 2143 3679 tempore,
2198 3624 2253 3666 et
2285 3628 2379 3681 per

797 3702 1109 3771 epistolam,
1133 3712 1188 3757 et
1238 3718 1423 3757 coram
1468 3705 1585 3773 ipse
1634 3718 1819 3759 secum
1865 3703 2129 3772 loquens?
2178 3704 2378 3757 Verum

798 3792 980 3847 surdis
1010 3794 1168 3862 aquis
1218 3794 1381 3847 verba
1415 3792 1541 3857 feci,
1574 3802 1628 3847 et
1661 3793 1924 3863 panthera
1961 3793 2157 3846 iterum
2182 3792 2378 3846 adver-

798 3899 921 3939 sum
949 3886 1166 3954 stigma.
1201 3877 1457 3940 Miserer’e
1489 3885 1655 3955 igitur
1690 3899 2010 3955 pauperum,
2051 3897 2113 3937 ac
2143 3885 2378 3953 primum

798 3975 993 4031 anitum
1022 3976 1165 4045 ejus,
1194 3991 1313 4046 quae
1358 3985 1651 4047 antequam
1704 3977 1819 4046 ipse
1852 3984 2037 4047 pereat
2067 3991 2191 4030 cun.
2222 3974 2379 4029 dam-

798 4069 884 4123 nis
916 4070 1029 4123 suis
1057 4069 1430 4139 corrumpitur
1467 4069 1712 4134 malitia;
1756 4068 2089 4139 tollaturquc
2137 4083 2202 4123 es
2234 4068 2381 4124 hisce

800 4162 1060 4216 membris
1111 4169 1368 4231 tanquam
1427 4162 1618 4231 pestis,
1671 4170 1725 4216 et
1799 4162 2022 4216 morbus
2076 4160 2376 4229 popularis.

799 4252 955 4323 717
976 4253 1132 4320 Quod
1164 4256 1211 4310 si
1240 4265 1294 4310 et
1318 4256 1431 4326 ipse
1457 4256 1510 4309 in
1538 4270 1660 4309 eum
1688 4262 1880 4324 potero
1910 4269 2104 4308 manus
2131 4255 2378 4322 injicere,

800 4350 854 4399 in
893 4346 1032 4399 turri
1061 4347 1349 4413 morietur,
1390 4348 1538 4402 velut
1588 4346 1788 4400 malum
1840 4346 2114 4417 publicum
2146 4355 2202 4400 et
2229 4360 2381 4401 com-

801 4450 985 4490 mune.
1043 4436 1187 4492 Deus
1238 4446 1419 4493 autem
1469 4440 1560 4503 sit,
1608 4438 1702 4508 qui
1747 4447 1797 4493 te
1855 4438 2135 4492 domitium
2201 4453 2377 4492 meum

801 4537 981 4582 servet
1013 4529 1082 4583 ab
1109 4531 1262 4584 omni
1292 4530 1500 4584 malitia
1532 4539 1588 4583 et
1622 4530 1785 4583 malo.

1386 4620 1603 4677 EPIST.
1646 4621 1780 4676 Vlll.

1494 4714 1705 4768 Eidem.

874 4800 1192 4862 Divinprum
1219 4804 1497 4858 hominum
1531 4806 1697 4871 dona,
1718 4806 1943 4861 omnino
1970 4808 2275 4863 venerande
2307 4808 2379 4861 mi

806 4894 1029 4949 domine
1078 4901 1131 4947 et
1180 4904 1488 4965 susceptor,
1527 4905 1745 4966 oportet
1799 4912 1921 4951 esse
1963 4897 2083 4952 sine
2122 4899 2380 4967 peniten-

807 4985 904 5049 tia,
940 4994 1194 5055 tanquam
1228 4987 1371 5041 dona
1420 4986 1531 5042 Dei.
1578 4986 1846 5053 Quoniam
1889 4988 2055 5058 igitur
2091 4998 2183 5043 tua
2222 4989 2380 5043 nobis

806 5090 941 5131 cura
986 5078 1209 5146 elargita
1273 5085 1357 5132 est
1408 5079 1746 5151 principatus
1796 5080 2133 5136 divinitatem
2184 5082 2378 5151 (quod

807 5176 966 5223 antea
1037 5183 1133 5237 per
1203 5184 1380 5239 regem
1436 5185 1467 5225 a
1531 5170 1640 5225 Deo
1680 5180 2003 5227 coronatum
2052 5182 2106 5226 et
2162 5170 2377 5234 fortem,

806 5258 1103 5327 deumque,
1137 5268 1197 5313 ut
1227 5260 1301 5313 ita
1335 5261 1538 5336 dicam,
1570 5262 1931 5326 mundanum,
1962 5260 2219 5317 Ecclesiae
2247 5276 2378 5316 cou-

807 5364 1024 5403 cessum
1080 5349 1283 5415 fuerat,
1339 5353 1658 5421 perlectam,
1710 5355 1978 5426 inquam,
2035 5356 2378 5409 sacerdotum

808 5456 977 5511 prope
1026 5447 1211 5498 urbem
1259 5446 1591 5500 versantium
1634 5455 1980 5516 potestatem,
2017 5449 2102 5503 cui
2156 5450 2377 5519 quidem

806 5532 1041 5604 dignitas
1076 5542 1282 5589 tantum
1306 5538 1670 5605 supereminet
1702 5538 1850 5593 illius
1874 5540 1963 5608 qui
1996 5540 2223 5609 populos
2246 5542 2377 5594 sub-

803 5624 979 5692 jectos
1014 5624 1195 5690 habet,
1226 5635 1417 5681 caetera
1458 5643 1587 5682 vero
1613 5631 1793 5683 omnia
1822 5631 2105 5700 subjacent
2140 5632 2381 5687 ministe-

810 5718 931 5783 ria).
961 5719 1088 5786 quid
1132 5719 1289 5773 talem
1326 5731 1501 5789 potest
1537 5732 1747 5776 mutare
1777 5725 2034 5792 gratiam,
2064 5725 2283 5778 domine
2307 5727 2376 5778 mi

808 5820 995 5865 sancte
1030 5820 1080 5865 ct
1117 5821 1401 5882 susceptor
1431 5814 1452 5865 Υ
1489 5813 1543 5867 Si
1587 5816 1717 5882 quid
1750 5817 1895 5870 enim
1937 5816 2377 5886 perturbavitnus

2470 1949 2778 2018 λημμάτων
2802 1952 3061 2022 πρόξενος
3080 1955 3311 2021 γίνεται.
3331 1955 3394 2008 Οἱ
3418 1954 3472 2007 δὲ
3498 1956 3817 2025 περιέπουσι
3841 1954 4057 2007 τοῦτον·

2469 2040 2521 2093 τί
2553 2040 2691 2094 δὲού
2734 2041 3029 2112 μέλλουσι;
3068 2046 3161 2097 καὶ
3199 2046 3359 2113 μόνον
3388 2046 3481 2098 ἐπὶ
3513 2046 3724 2117 κεφαλῇ
3762 2046 4055 2116 φέρουσιν·

2470 2133 2521 2184 oi
2538 2131 2594 2185 δὲ
2617 2134 2846 2203 πένητες
2875 2141 3019 2190 κατά
3043 2138 3291 2209 κεφαλῆς
3321 2138 3581 2209 φέρονται
3604 2138 3699 2191 καὶ
3724 2137 4059 2193 ἀπόλλυνται

2471 2228 2588 2288 ταῖς
2648 2227 3034 2296 συκοφαντίαις
3088 2230 3163 2300 μὴ
3194 2228 3346 2294 ὄντος
3376 2230 3745 2301 λυτρουμένου
3786 2230 3921 2301 μηδὲ
3946 2232 4058 2283 ad»

2478 2316 2690 2382 ζοντος.
2731 2320 3008 2386 Ἐστειλα,
3034 2322 3130 2376 καὶ
3160 2322 3369 2394 ἢγαγον
3384 2324 3474 2377 τὸν
3498 2324 3900 2395 έπικατᾶρατον
3917 2326 4061 2395 πρός

2476 2428 2564 2480 με,
2607 2414 2700 2465 καὶ
2732 2413 3075 2482 ὴσφαλίσατό
3123 2433 3211 2486 μοι
3235 2417 3365 2488 ἄχρι
3428 2418 3536 2472 τῶν
3592 2418 3893 2488 Κυριακῶν
3957 2418 4060 2488 τῆς

2474 2503 2758 2574 ἀπόκρεω,
2798 2506 2871 2575 μὴ
2904 2507 3199 2577 εὑρεθῆναι
3235 2510 3436 2579 μηδένα
3454 2509 3564 2563 τῶν
3595 2510 3697 2580 τῆς
3750 2509 4062 2581 βουλήσεως

2477 2596 2661 2664 μερῶν
2700 2599 2839 2665 μήτε
2866 2600 3011 2652 κατά
3032 2606 3175 2664 τινος
3204 2602 3499 2669 ἐγκαλέσαι
3540 2602 3810 2656 ’Δπέλυσα
3827 2601 4022 2655 τοῦτον
4041 2640 4060 2663 ,

2475 2689 2572 2739 καί
2612 2690 2660 2741 oi
2691 2690 3009 2758 Χριστιανοὶ
3030 2694 3078 2745 οἱ
3110 2693 3205 2745 τοῦ
3246 2695 3501 2764 Ἰασήπου
3563 2694 3843 2765 ἄνθρωποι
3899 2710 4062 2765 περ;-

2477 2780 2699 2832 ἐπουσιν
2730 2780 2916 2844 αὑτὸν,
2943 2783 3037 2834 καὶ
3064 2783 3301 2853 κυνηγὸν
3336 2784 3553 2853 ἔχουσιν
3572 2800 3585 2812 ⁸
3622 2784 3764 2837 οὕτω
3791 2785 3901 2856 γὰρ
3925 2787 4059 2838 ἑαυ-

2476 2870 2570 2933 τὸς
2619 2870 2813 2923 ἑαυτὸν
2878 2872 3159 2941 ὀνομάζει,
3206 2875 3272 2926 τά
3314 2875 3445 2942 φίλα
3496 2875 3708 2939 τούτοις
3766 2877 4062 2946 θηράματα

2477 2962 2854 3033 χαριζόμενος.
2930 2964 3056 3019 Ἐπὶ
3099 2964 3308 3027 τούτοις
3366 2968 3706 3037 ὂιανάστηθι,
3748 2960 3793 3020 ὦ
3823 2968 4058 3036 αύθέντη

2482 3071 2605 3123 μου,
2640 3056 2734 3107 καὶ
2757 3054 2876 3109 εἰπὲ
2912 3056 3074 3127 λόγῳ,
3111 3061 3207 3109 καὶ
3236 3058 3298 3110 τὸ
3327 3058 3622 3128 δαιμόνιον,
3647 3059 3676 3111 δ
3697 3060 3774 3131 τῷ
3796 3060 3892 3113 τοῦ
3922 3060 4060 3113 Θεοῦ

2480 3145 2595 3216 λαῷ
2633 3147 2953 3217 ὲπηρεὰξει,
2982 3148 3406 3220 ἁπελαθήσεται.
3448 3151 3652 3221 Μηδεὶς
3681 3151 3738 3203 δέ
3798 3168 3859 3203 σε
3915 3152 4062 3205 ἀπα-

2482 3239 2623 3309 τήσῃ
2672 3239 2947 3302 διακένοις
2975 3239 3176 3307 λέγοις,
3221 3242 3303 3295 ὅτι
3338 3245 3660 3311 μετανοήσει
3716 3243 3745 3295 ὁ
3781 3244 4022 3314 κλέπτης
4050 3260 4065 3275 ⁸

2482 3330 2622 3382 πόσα
2685 3332 2793 3400 γὰρ
2829 3332 2979 3403 αὐτῷ
3031 3336 3381 3403 προσήγαγον
3438 3334 3727 3403 μετανοίας
3794 3337 4067 3405 φάρμακα

2482 3420 2577 3472 καὶ
2604 3420 2822 3491 πέρυσι,
2842 3423 2934 3476 καὶ
2959 3422 3076 3489 νῦν,
3102 3423 3603 3496 καὶδι’έπιστολῆς.
3630 3428 3721 3480 καὶ
3748 3428 4063 3498 αὐτοπρόσ-

2481 3513 2646 3575 ώπως
2697 3515 3080 3585 ἐντυγχάνων;
3122 3517 3283 3569 Ἄλλά
3339 3519 3506 3589 κωφῷ
3554 3519 3925 3588 προσεῖἁλιυν
3970 3524 4067 3574 κύ-

2485 3621 2637 3672 ματι.
2666 3608 2763 3658 καὶ
2801 3612 2834 3676 ὴ
2857 3608 3123 3678 πάρδαλις
3152 3609 3306 3671 αὖθις
3333 3611 3477 3664 κατά
3506 3612 3824 3678 στίγματος.
3875 3616 4062 3684 Ἐλέηη

2484 3714 2575 3749 σον
2604 3694 2696 3751 οὖν
2722 3700 2854 3761 τοὺς
2887 3700 3129 3770 πένητας
3163 3702 3259 3753 καὶ
3311 3702 3419 3772 πρὸ
3464 3703 3672 3755 τούτων
3715 3704 3814 3773 τὴν
3855 3707 4065 3758 ἐκείνου

2480 3786 2682 3858 ψυχὴν,
2712 3790 2745 3860 ἢ
2788 3791 2896 3860 πρὸ
2924 3790 3021 3844 τοῦ
3053 3792 3243 3845 τοῦτον
3276 3791 3523 3863 φθείρειν
3544 3796 3662 3855 tat;
3694 3793 3948 3864 ζημίαις.
3996 3802 4063 3866 τῇ

2482 3883 2651 3952 κακία
2703 3882 3133 3954 προφθείρεται⁶
3172 3887 3267 3937 καὶ
3324 3885 3653 3957 ἀπελαθήτω
3709 3889 3820 3940 τῶν
3885 3890 4065 3959 μελῶν

2481 3973 2689 4027 τούτων
2730 3975 2918 4045 λοιμὸς
2964 3979 3060 4029 καὶ
3084 3977 3299 4047 νόσημα
3322 3976 3628 4049 ἐπιδήμιον.
3672 3981 3736 4033 Εἰ
3766 3982 3820 4033 δὲ
3847 3984 3941 4034 καὶ
3965 3986 4062 4034 αὖ·

2482 4065 2572 4128 τὸς
2604 4065 2809 4136 ίσχύσω
2842 4067 3125 4121 συλλαϐεῖν
3155 4069 3364 4137 τοῦτον,
3405 4071 3481 4140 τῷ
3527 4071 3723 4142 πύργῳ
3781 4074 4068 4126 ἀποθανείο

2483 4174 2573 4210 ται
2614 4158 2691 4220 ὡς
2714 4159 2883 4211 κακὸν
2919 4160 3100 4213 κοινὸν
3131 4163 3227 4215 καὶ
3284 4162 3567 4233 δημόσιον.
3602 4164 3735 4226 Θεὸς
3767 4164 3823 4216 δὲ
3882 4167 3966 4233 εἴη
4004 4184 4063 4218 σε

2488 4249 2687 4313 σώζων
2724 4251 2815 4304 τὸν
2845 4250 2999 4320 ἅγιόν
3033 4270 3134 4323 μου
3162 4253 3428 4324 αὐθέντην
3460 4256 3639 4326 πάσης
3670 4255 3865 4320 κακίας
3926 4260 4067 4309 ἀνώ-

2482 4358 2645 4413 τερον
2680 4344 2777 4395 καὶ
2810 4344 3133 4406 κακώσεως.

3094 4616 3318 4669 ΕΠΙΣΤ.
3354 4616 3414 4671 H'
3435 4654 3448 4670 .

3122 4706 3207 4773 Τῷ
3249 4708 3430 4774 αὐτῷ.

2564 4805 2685 4859 Τῶν
2718 4804 2878 4857 θείων
2923 4804 3155 4873 ἀνδρῶν.
3201 4803 3544 4859 πανσέὸαστέ
3580 4821 3679 4873 μου
3712 4806 3945 4878 αὐθέντῃ
3977 4813 4065 4861 καὶ

2487 4898 2841 4967 ἀντιλῆπτορ,
2872 4897 3269 4967 ἀμεταμέλητα
3318 4892 3459 4949 εἶναι
3490 4897 3591 4962 δεῖ,
3628 4896 3818 4967 ὥσπερ
3855 4901 3947 4951 καὶ
3972 4900 4063 4951 τοῦ

2489 4992 2650 5052 Θεοῦ,
2710 4992 2781 5043 τὰ
2818 4989 3156 5061 χαρίσματα.
3190 4988 3345 5042 Ἐπεὶ
3382 4986 3475 5041 οὖν
3510 4987 3738 5058 θεότητα
3783 4992 3880 5060 μὲν
3924 4994 3957 5060 ἡ
4004 4994 4064 5061 εὴ

2492 5084 2749 5153 περιωπὴ
2793 5084 2890 5153 τῆς
2925 5083 3098 5154 ἀρχῆς
3132 5081 3430 5152 ἐχαρίσατο
3472 5084 3604 5151 ἡμῖν
3633 5082 3681 5149 (ὃ
3713 5088 4059 5151 προηγουμέο

2489 5193 2593 5236 νως
2634 5176 2698 5227 ἐκ
2731 5174 2820 5227 τοῦ
2856 5172 3183 5241 θεοστεφοῦς
3231 5176 3327 5226 καὶ
3361 5173 3619 5243 κραταιοῦ
3651 5172 3941 5241 pastum;
3978 5175 4062 5225 κεὶ

2490 5266 2615 5319 θεοῦ
2647 5266 2969 5335 έγκοσμίου,
3004 5266 3090 5319 ἴνα
3120 5264 3291 5326 οὕτως
3327 5265 3485 5327 alam,
3524 5268 3589 5336 τῇ
3645 5265 3945 5336 Ἐκκλησία
3976 5284 4062 5317 κε-

2489 5358 2741 5427 χάριστο,
2766 5358 2907 5426 φημὶ
2924 5356 2981 5408 δὲ
3016 5356 3114 5424 τὴν
3142 5358 3249 5408 τῶν
3282 5357 3670 5426 πολιγειτόνων
3709 5358 3901 5426 ἱερέων
3932 5379 4062 5413 παν-

2486 5448 2656 5513 τελῶς
2684 5448 2936 5511 ἐξουσίαν
2974 5449 3119 5518 μόνῳ
3157 5448 3681 5519 καταϐαρυνομένην
3709 5449 3787 5518 τῷ
3816 5450 3910 5502 τοῦ
3942 5452 4062 5516 ζευ-

2486 5544 2660 5611 γόλεω
2694 5542 2860 5606 τέλει,
2923 5541 3034 5595 τῶν
3093 5541 3269 5595 ἄλλων
3312 5542 3366 5594 δὲ
3424 5542 3611 5594 πασῶν
3662 5544 4063 5613 ὑπερκειμένην

2486 5636 2804 5705 ὲπηρειῶν),
2845 5636 2898 5687 τί
2933 5635 3201 5701 τοσαύτην
3235 5634 3552 5704 παραλλάξῃ
3598 5635 3695 5705 τὴν
3722 5620 3918 5705 ’χάριν,
3946 5638 4061 5702 ἂγεέ

2490 5746 2591 5797 μον
2618 5728 2849 5797 αὐοὲντη
2886 5729 2979 5781 καὶ
3016 5728 3345 5795 ἀντιλῆπτνιρ
3376 5746 3387 5789 ;
3422 5728 3476 5778 Εἰ
3515 5731 3611 5794 μὶν
3644 5729 3772 5791 γοῦν
3806 5731 4014 5793 ἐκινήςῖ
4036 5758 4061 5768 ο

2499 5822 2596 5890 μέν
2629 5836 2679 5872 τι
2712 5819 2849 5886 πρὸς
2906 5820 3005 5885 τὴν
3062 5819 3161 5882 σὴν
3220 5819 3377 5883 δόξαν
3407 5821 3585 5881 fusi;
3628 5821 3718 5870 xz‘:
3752 5820 3812 5871 τὸ
3850 5836 3977 5871 vs“:
4011 5823 4060 5868 b:
