4240 6440
153 434 252 497 517

1103 435 1482 494 ΕίΊέὲΤΗΙηίΕ
1513 437 1715 497 XXXV
1761 438 1795 492 .\
1840 435 1895 495 J.
1940 438 2173 494 L.-\.\ilt,l
2216 437 2481 498 EDITJE.

1761 438 1795 492 .\
1840 435 1895 495 J.
1940 438 2173 494 L.-\.\ilt,l
2216 437 2481 498 ΕῡΙΤεΕ.
2946 496 2949 499 .
3302 444 3412 506 518

145 549 344 618 ἀγαίιον
374 547 440 599 δι’
468 548 862 618 ἀγνωμοσύνην
897 551 1233 620 κατεμολύνα
1247 570 1366 620 μεν,
1406 553 1516 603 οὐδ’
1564 553 1736 611 οὑτως
1761 557 1806 606 ιιι

1761 557 1806 606 χι
1846 550 1988 616 quod
2036 553 2100 603 ad
2151 561 2293 615 tuam
2347 553 2577 620 pt-t'tiurt
2632 552 2982 620 gloriarmct
3028 555 3171 624 quod
3216 557 3412 611 bonum

144 641 221 692 δεῖ
267 638 366 708 τὴν
417 638 550 707 πρὸς
599 639 689 690 τὸν
740 639 834 692 τοῦ
865 641 1001 692 Θεοῦ
1049 637 1198 692 οἶκον
1231 644 1530 712 γενομένην
1563 644 1720 712 χάριν

143 731 466 796 ἀνατρέπειν
491 743 505 758 ·
532 729 666 781 Θεοῦ
699 731 808 799 γὰρ
839 729 985 793 οἶκος
1016 734 1046 798 ἡ
1103 733 1398 801 Ἐκκλησία
1441 737 1534 786 καὶ
1561 735 1718 802 λέγε-

140 839 228 874 ται
253 822 349 874 καὶ
383 820 721 874 πιστεύεται.
751 823 810 874 Εἰ
835 823 878 874 δ’
904 825 1062 891 ἡμεῖς
1090 824 1354 894 αὐθέντην
1386 827 1718 892 καὶεὺεργέ-

143 931 237 980 την
297 914 744 983 ὲπιγραφόμεθα,
802 915 938 983 μηδὲ
985 915 1092 985 γὰρ
1135 915 1307 980 οὕτως
1330 919 1613 987 ἐμάνημεν
1643 920 1716 981 ὡς

142 1005 429 1074 ἀχάριστοι
461 1005 555 1056 καὶ
585 1006 792 1067 σκαιῶς
824 1008 889 1075 τῇ
935 1007 1179 1078 ὑμετέρᾳ
1223 1011 1552 1078 χρηστότητι
1590 1012 1686 1061 ἀντ

140 1095 490 1161 ενδείξασθαι.
529 1096 693 1167 Ὁρᾷς
727 1099 873 1160 ὅπως
907 1098 1049 1152 οὑτω
1099 1102 1297 1170 ῥᾳδίως
1317 1103 1718 1171 ἀνατέτραπται

142 1186 194 1236 τὸ
227 1184 490 1251 σιγίλλιον
533 1186 628 1238 τοῦ
673 1187 1047 1241 πανσεῦἀστου
1080 1191 1363 1259 Κομνηνοῦ
1396 1194 1524 1262 παρ’
1547 1193 1716 1245 αὐτοῦ

143 1274 229 1326 τοῦ
263 1276 554 1345 Κομνηνοῦ
581 1295 594 1306 ·
630 1278 891 1342 ὀνειδείας
921 1281 1027 1350 γὰρ
1081 1283 1275 1354 μικρόν
1301 1301 1352 1336 τι
1379 1286 1472 1336 καὶ
1512 1285 1715 1355 τόλμης

141 1366 338 1434 ἔχεταιο
375 1366 512 1420 ἀλλὰ
541 1367 642 1437 μὲν
684 1367 797 1430 οὖν,
826 1371 925 1422 οὐκ
965 1371 1109 1423 ἔστιν
1137 1373 1403 1426 ἐπιθεῖναι
1436 1377 1501 1442 τῇ
1535 1374 1714 1444 πληγῇ

142 1457 422 1526 μάλαγμα.
451 1459 570 1510 Ἔτι
598 1459 692 1512 καὶ
720 1460 864 1529 μάλα
887 1463 1014 1532 ῥᾷον
1044 1464 1076 1533 ἦ
1105 1464 1366 1533 πλήξαντι
1395 1467 1643 1536 οὐράνιον
1659 1471 1718 1520 τὸ

140 1547 424 1616 μάλαγμα,
483 1549 724 1615 στίξαντι
778 1551 1290 1622 ὑπογεγραμμένον,
1359 1559 1424 1626 τῇ
1481 1557 1713 1629 σεβαστῇ

141 1656 227 1690 σου
254 1641 403 1710 χειρὶ
437 1640 804 1710 διοριζὸμενον
830 1644 905 1713 τῷ
940 1646 1001 1697 ὲκ
1031 1646 1322 1714 προσώπου
1359 1648 1503 1710 ὄντι,
1533 1651 1713 1720 πάσης

139 1731 403 1799 ἐπηρείας
451 1733 542 1783 καὶ
581 1731 850 1796 δουλείας,
905 1733 982 1804 τῷ
1024 1737 1341 1807 πραιτωρίῳ
1382 1739 1712 1808 ἀνηκούσης,

142 1820 264 1887 περὶ
293 1819 393 1871 τοῦ
426 1821 532 1872 τῶν
555 1821 760 1874 λαῖκῶν
787 1823 1004 1892 ἀφεῖναι
1052 1826 1175 1888 τοὺς
1217 1828 1400 1896 ἱερεῖς,
1435 1830 1714 1898 ἀντιστρέ-

1836 650 2019 695 natum
2055 655 2158 706 (κει,
2207 659 2300 711 per
2344 643 2702 712 ignorantiam
2764 645 3080 712 polluimus,
3115 664 3287 717 neque
3339 650 3412 702 ita

1831 735 1989 786 dccet
2036 734 2263 803 gratiam
2302 733 2490 787 domui
2547 734 2638 788 Dei
2672 737 2923 788 collatam
2975 746 3240 792 evertere.
3275 737 3408 792 Nam

1837 826 2072 878 lirclesia
2103 837 2155 878 cl
2188 826 2387 878 dicitur
2414 835 2465 878 ct
2501 827 2748 880 creditur
2776 828 2970 882 domus
3004 829 3119 882 Dei.
3156 829 3310 895 Quod
3362 833 3408 884 si

1831 931 1930 969 nos
1966 916 2611 971 inscribimusdominum
2635 928 2687 972 et
2718 919 3040 984 beneficum,
3079 936 3258 990 neque
3284 923 3408 974 idco

1828 1010 2004 1061 insani
2038 1009 2110 1061 ita
2136 1024 2348 1071 sumus,
2375 1017 2433 1060 ut
2469 1011 2760 1079 quidquam
2788 1019 2981 1066 vestra!
3011 1012 3237 1065 bonitati
3272 1029 3406 1067 con-

1833 1101 2061 1153 trarium
2105 1100 2314 1170 ingrato
2357 1100 2540 1152 animo
2602 1115 2664 1154 ac
2705 1101 2907 1153 rustice
2945 1101 3406 1156 demonstremus.

1833 1191 1962 1244 Vide
1987 1189 2260 1257 quomodo
2288 1199 2392 1243 tam
2421 1189 2578 1244 faelle
2607 1190 2844 1258 sigillum
2869 1193 3092 1245 omnino
3113 1193 3402 1245 venerandi

1824 1281 2090 1335 Cemneni
2144 1281 2467 1334 subversum
2501 1291 2582 1335 est
2617 1282 2685 1336 ab
2739 1282 2858 1351 ipso
2903 1282 3204 1336 Comneno.
3261 1283 3404 1335 Inest

1824 1382 2004 1426 autem
2033 1371 2236 1440 aliquid
2279 1374 2622 1426 contumelia:
2653 1381 2706 1426 et
2734 1374 2992 1428 audaciae.
3015 1373 3403 1427 Verumtamen
3432 1381 3436 1384 '

1823 1471 2160 1531 exspectato,
2203 1473 2416 1531 tempus
2463 1463 2641 1516 adhuc
2693 1481 2798 1517 non
2843 1471 2948 1526 est,
2989 1472 3046 1516 ut
3093 1465 3406 1532 imponatur

1822 1556 2032 1610 vulneri
2057 1555 2436 1608 medicaminis
2467 1556 2721 1609 lenimen.
2748 1557 2937 1608 Adhuc
2972 1559 3134 1611 etiam
3171 1556 3399 1609 multum
3455 1567 3457 1570 ‘

1824 1648 2008 1709 facile,
2045 1648 2132 1700 vel
2170 1647 2216 1700 ei
2254 1648 2343 1717 qui
2390 1649 2681 1716 percussit,
2725 1648 2950 1702 cteleste
2998 1649 3286 1717 malagma,
3333 1649 3402 1701 ab

1821 1755 1886 1794 co
1918 1742 2011 1811 qui
2061 1742 2296 1810 signavit
2339 1741 2736 1810 subscriptum,
2795 1752 3025 1811 augusta
3079 1749 3170 1795 tua
3229 1757 3396 1795 manu

1823 1834 2107 1887 definitum
2169 1833 2218 1886 ei
2270 1833 2362 1901 qui
2416 1848 2602 1885 coram
2654 1833 2854 1892 adstat,
2895 1835 3075 1888 einnis
3104 1834 3316 1891 doloris
3343 1843 3400 1886 et

138 1909 227 1976 ψαι
249 1909 306 1961 δὲ
333 1913 428 1963 καὶ
463 1911 567 1964 είτι
600 1913 707 1965 ἀπὸ
745 1914 932 1984 ίερὲων
1095 1916 1388 1986 κληρικοὺς
1417 1919 1449 1989 ἢ
1493 1921 1712 1990 ἐτέρους
1750 1937 1786 1990 ῃ

1750 1937 1786 1990 ῃ
1818 1923 2097 1976 servitutis
2130 1923 2387 1991 prmtorio
2417 1922 2814 1982 convenientis,
2853 1933 2908 1974 ut
2943 1939 2971 1976 a
3022 1923 3177 1976 laicis
3207 1923 3394 1976 dimit-

140 2000 282 2063 τινὰς
299 2002 573 2070 ἀφείλετο.
592 2005 683 2056 Δεῖ
701 2005 808 2074 γάρ
823 2023 889 2074 με
913 2006 1102 2058 παθεῖν
1119 2009 1217 2077 τὴν
1235 2008 1415 2079 καλὴν-
1431 2010 1714 2080 ἀντιστροο

146 2093 269 2162 φῆν,
302 2093 516 2162 μᾶλλον
545 2093 600 2145 δὲ
630 2095 1066 2164 προσταχοεῖσαν
1093 2099 1156 2150 ὲκ
1188 2085 1480 2168 προσώπου
1505 2102 1592 2154 διὰ
1621 2103 1714 2172 τῆς

142 2184 378 2254 μεγάλης
426 2185 766 2254 ἀντιλήψεως
797 2185 890 2240 τοῦ
927 2188 1186 2242 αὐθέντου
1213 2207 1335 2260 μου,
1381 2193 1466 2246 ἵνα
1505 2195 1713 2256 εῐτινες

137 2275 240 2330 τῶν
271 2277 588 2346 λεγομένων
631 2277 888 2347 μεσάζειν
938 2280 1101 2348 ἱερεῖς
1141 2281 1354 2350 ἔχουσιν
1387 2286 1466 2346 εἰς
1512 2287 1715 2348 οἰκεῗας

141 2362 441 2434 ὑπηρεσίας
471 2366 908 2437 καταχρώμενοι,
942 2371 1139 2438 μηκέτι
1170 2371 1373 2441 ταύτην
1391 2375 1487 2443 τὴν
1515 2392 1714 2447 τυραν-

139 2455 246 2507 νίδα
277 2457 424 2509 κατὰ
447 2457 560 2509 τῶν
601 2459 1050 2528 ἀρχιεπισκόπων
1083 2464 1466 2534 ὑποκειμένων
1491 2467 1711 2536 ἔχωσιν.

139 2537 292 2596 Οὗτοι
346 2550 458 2616 γὰρ
513 2547 578 2617 δὴ
635 2551 729 2600 καὶ
787 2551 880 2602 τὸν
945 2552 1123 2604 κοινὸν
1164 2553 1291 2608 λαὸν
1342 2559 1716 2629 ἁπεσόίὶησαν,

140 2637 432 2702 ἐγκαλέσαι
484 2638 562 2705 τῷ
601 2639 834 2712 αὐθέντῃ
865 2659 987 2712 μου,
1015 2643 1103 2696 διὰ
1155 2645 1281 2709 τούς
1320 2648 1504 2718 ἱερεῖς,
1538 2646 1625 2703 οἷα
1661 2652 1718 2703 δὲ

142 2725 152 2788 Ι
181 2727 216 2792 Ῑ.
247 2727 309 2796 δὴ
335 2727 353 2797 ]
389 2728 634 2792 θέλοντες
674 2734 896 2794 τούτους
928 2735 1082 2786 αὐτοὶ
1107 2737 1492 2804 καρπίζεσθαι,
1535 2745 1630 2794 καὶ
1661 2743 1718 2795 τὸ

142 2816 230 2882 τῆς
267 2815 594 2885 Ἐκκλησίας
615 2822 906 2889 προνόμιον
922 2821 1009 2874 διὰ
1048 2823 1117 2875 τὰ
1166 2826 1314 2893 σφῶν
1347 2827 1525 2880 αὐτῶν
1552 2830 1717 2902 κέρδη

140 2907 446 2975 θραύοντες.
481 2913 575 2992 εὈ
613 2912 670 2964 δὲ
721 2913 933 2981 πρῶτος
991 2916 1147 2984 ἡμῶν
1185 2918 1469 2988 ἀρχιερεὺς
1515 2923 1721 2991 Ἰησοῦς

140 3001 166 3050 ὀ
210 3001 447 3069 Χριστὸς
512 3003 734 3078 τηροίη·
759 3005 850 3056 τὸν
891 3008 1264 3064 πανσέσαστόν
1302 3029 1403 3081 μου
1455 3015 1722 3086 αὐθέντην

141 3089 193 3138 ἐν
227 3091 375 3162 πάσῃ
393 3091 596 3163 εὐεξίᾳ,
627 3093 726 3162 ὅση
760 3093 1036 3164 σώματος,
1057 3097 1155 3167 ὅση
1186 3101 1511 3170 πνεύματος,
1547 3100 1608 3158 οὗ
1630 3109 1723 3160 καὶ

144 3185 339 3252 μικρὰν
365 3185 619 3251 εὐλογίαν
662 3186 759 3254 τὴν
790 3185 958 3257 αὐτὴν
997 3189 1092 3240 καὶ
1148 3193 1362 3244 τελείαν
1390 3195 1610 3265 ἀριθμῷ
1644 3199 1719 3270 μὴ

143 3273 458 3345 ἀπαξιῶσῃς
487 3275 764 3341 δέξασθαι,
797 3277 984 3347 ἰχθύας
1012 3281 1270 3351 ταρίχους
1292 3285 1508 3339 ἑκατόν.

1818 2023 1903 2066 tas
1953 2012 2296 2076 sacerdotes,
2336 2020 2617 2066 convertat
2656 2024 2784 2066 vero
2813 2015 2929 2068 vice
2973 2029 3130 2068 versa
3165 2015 3209 2069 si
3242 2024 3289 2068 ct
3330 2014 3401 2067 ab

1819 2103 2194 2158 sacerdotibus
2224 2103 2346 2157 vel.
2393 2142 2406 2155 .
2452 2143 2468 2156 .
2508 2144 2521 2157 .
2562 2144 2574 2158 .
2617 2105 2870 2169 clericos,
2899 2108 2982 2159 vel
3016 2106 3230 2173 aliquos
3253 2106 3388 2157 alios
3457 2147 3463 2153 .

1819 2196 2064 2250 abstulit.
2097 2193 2326 2264 Oportet
2350 2195 2495 2249 enim
2521 2209 2607 2248 me
2641 2197 2921 2265 pulchram
2962 2198 3074 2265 pati
3123 2198 3399 2250 vicissitu-
3433 2223 3435 2226 ‹

1819 2287 2027 2349 dinem,
2074 2286 2185 2338 imo
2214 2301 2344 2339 vero
2381 2287 2591 2353 jussam
2628 2301 2694 2338 ex
2737 2302 2970 2356 persona
3017 2298 3241 2356 propter
3283 2300 3428 2346 ιιιει-,

1817 2393 1981 2448 gnum
2018 2372 2320 2431 subsidium
2349 2377 2557 2432 domini
2591 2378 2693 2432 mei
2719 2417 2735 2442 ,
2764 2388 2818 2432 ut
2862 2380 2910 2432 si
2941 2380 3034 2450 qui
3066 2387 3195 2434 sunt
3221 2393 3400 2432 sacer-

1821 2486 1977 2539 dotes
2007 2500 2070 2539 ex
2106 2499 2294 2538 eorum
2350 2501 2583 2540 munero
2628 2488 2721 2556 qui
2773 2489 3032 2542 dicuntur
3061 2487 3400 2544 'mediatores

1821 2577 2078 2646 pacisque
2118 2577 2355 2630 factores
2403 2593 2545 2641 esse,
2590 2578 2682 2648 qui
2713 2588 2899 2632 contra
2933 2581 3125 2633 dumos
3153 2587 3207 2632 et
3241 2579 3396 2632 fami-

1821 2667 1924 2720 lias
1958 2665 2266 2720 ministerio
2297 2666 2416 2734 ipso
2446 2667 2766 2733 abutuntur,
2799 2685 2905 2721 non
2957 2669 3096 2723 hanc
3123 2669 3175 2721 in
3214 2679 3396 2737 postc-

1825 2771 1944 2810 rutn
1973 2740 2314 2826 tyrannidem
2356 2757 2617 2812 adversus
2641 2758 2918 2826 subjectos
2944 2744 3393 2828 archiepiscopus

1822 2857 2136 2901 exerceant.
2174 2848 2254 2901 Illi
2283 2849 2427 2902 enim
2458 2858 2509 2903 et
2548 2851 2805 2920 populum
2845 2851 3161 2906 universum
3191 2849 3398 2904 excitae

1824 2947 1972 3000 runt,
2001 2946 2055 2992 ut
2088 2938 2371 2992 dominum
2406 2955 2582 2994 meum
2614 2950 2833 3010 propter
2880 2943 3197 2998 sacerdotes
3225 2942 3278 2994 in
3304 2941 3396 3010 jus

1824 3041 2063 3094 voearet,
2093 3031 2164 3084 ita
2198 3031 2438 3087 volentes
2479 3033 2578 3104 ipsi
2636 3050 2698 3088 ex
2735 3035 2839 3089 illis
2871 3037 3103 3088 fructum
3125 3035 3394 3103 accipere,

1824 3131 1878 3175 et
1910 3121 2167 3176 Ecclesiae
2210 3123 2474 3177 tributum
2506 3125 2735 3198 privatis
2764 3126 2929 3179 lucris
2963 3124 3394 3194 confringentes.

1827 3209 2044 3264 Primus
2075 3221 2254 3267 autem
2291 3215 2539 3269 Pontifex
2576 3224 2761 3270 noster
2793 3217 2952 3272 Jesus
2989 3216 3399 3280 Christusser-

1741 3293 1786 3352 C
1819 3310 1906 3354 vet
1941 3302 2176 3355 maxime
2223 3306 2590 3359 venerandum
2624 3307 2903 3361 dominum
2936 3321 3114 3361 meum
3145 3305 3199 3358 in
3240 3303 3391 3355 omni

145 3364 278 3468 bona
324 3374 441 3420 tum
487 3369 756 3468 cor-poris,
790 3378 902 3422 tum
948 3373 1176 3440 spiritus
1214 3375 1524 3445 affectione,
1553 3386 1711 3454 cujus
1751 3392 1912 3444 etiam
1941 3402 1994 3446 et
2031 3409 2254 3461 parvam
2295 3396 2452 3459 hanc,
2487 3406 2540 3451 et
2590 3412 2818 3452 numero
2869 3397 3167 3468 perfectum
3230 3397 3395 3453 bene-

143 3456 460 3521 dictionem,
505 3457 670 3527 718
700 3469 912 3514 centum
950 3463 1063 3516 sale
1103 3466 1354 3521 conditos
1391 3470 1592 3537 pisces,
1638 3493 1703 3531 ne
1745 3456 2058 3550 dedigneris
2098 3483 2364 3552 accipere.

653 3550 877 3605 ΕΠΙΣΤ.
907 3552 962 3603 Θ¹
985 3593 998 3606 .

495 3644 577 3708 Τῷ
605 3645 858 3713 Καίσαρι
877 3645 954 3710 τῷ
969 3651 1354 3721 Μελισσηνῷ.

213 3733 462 3786 Δέσποτά
518 3750 624 3802 μου
664 3734 811 3803 ἅγιε,
881 3739 947 3807 τῇ
991 3737 1251 3810 βαρϐάρῳ
1280 3744 1373 3796 καὶ
1401 3745 1524 3798 καθ’
1563 3751 1713 3818 ἡμᾶς

147 3825 440 3896 οἰκουμένῃ
482 3825 600 3888 θεὸς
655 3828 1025 3897 ἐπιπεμφθεὶς
1068 3829 1392 3904 ἐλευθέριος,
1441 3838 1536 3890 καὶ
1577 3842 1711 3893 πᾶσι

152 3915 245 3983 μὲν
268 3912 318 3968 εἶ
354 3911 706 3987 παράκλησις
730 3919 824 3971 καὶ
857 3919 1155 3993 παραψυχὴ
1183 3926 1296 3987 τοῖς
1321 3925 1399 3996 τῷ
1429 3927 1714 3998 θεοστεφεῖ

153 4023 241 4059 σου
273 4010 468 4078 κράτει
493 4012 961 4080 προσπαρέχουσι,
1003 4015 1238 4084 μάλιστα
1270 4018 1326 4071 δὲ
1358 4022 1422 4089 τῇ
1451 4024 1548 4092 τῆς
1578 4023 1716 4093 ἐμῆς

149 4099 533 4169 ταπεινότητος
556 4100 812 4172 ἀσθενείᾳ
842 4104 1035 4171 ῥάϐδος
1059 4105 1342 4175 δυνάμεως
1384 4111 1479 4162 καὶ
1507 4112 1717 4179 πύργος

155 4187 352 4258 ἰσχύος,
373 4189 486 4242 ἀπὸ
506 4191 798 4261 προσώπου
818 4193 1037 4264 ἐχθροῦ,
1079 4197 1263 4251 ὅντινα
1309 4201 1526 4270 νοητέον
1567 4205 1716 4258 τόνδε

151 4277 235 4328 τὸν
251 4279 342 4348 ὲχθ
351 4281 446 4348 ρον
457 4275 597 4333 εἶναι
615 4280 722 4334 εἴτε
739 4284 1038 4355 πειραστὴν
1051 4287 1400 4357 ἀδικώτερον,
1422 4293 1529 4346 εἴτε
1542 4294 1718 4366 λύπην

151 4367 244 4436 τὴν
261 4370 410 4432 ἐντὸς
427 4369 495 4422 τὰ
515 4368 642 4441 βέλη
663 4372 1118 4440 ἑναπερείδουσαν
1140 4391 1153 4405 ο
1176 4377 1295 4430 εἴτι
1313 4382 1480 4450 κάμοὶ
1512 4382 1718 4438 τούτων

155 4459 244 4510 καὶ
261 4458 511 4513 ὁπωσοῦν
543 4461 902 4529 ἐνοχλήσειεν,
923 4464 1082 4527 εὐθὺς
1109 4467 1338 4534 ἐγγύθεν
1359 4472 1386 4522 6
1410 4472 1716 4544 σύμμαχος,

155 4549 242 4601 καὶ
270 4551 298 4601 ὁ
422 4549 506 4622 οὐ]
533 4553 720 4622 πόρρω
748 4552 809 4604 τὸ
834 4553 1121 4608 λυσίπονον
1141 4557 1448 4628 φάρμακον.
1484 4563 1634 4631 ’Ἅμα
1659 4581 1717 4615 τε

2429 3573 2642 3630 ΕΙῚΞΤ.
2678 3575 2770 3629 IX.

2336 3666 2539 3721 Ca'surt'
2576 3667 2874 3722 Melisseno.

1890 3753 2117 3810 Domine
2175 3757 2245 3809 mi
2285 3765 2494 3820 sancte,
2540 3759 2786 3812 barbara:
2834 3770 2990 3813 teme
3049 3771 3212 3830 atque
3263 3762 3394 3817 huic

1815 3854 2018 3899 nostra:
2069 3849 2203 3902 deus
2253 3848 2456 3902 missus
2504 3849 2714 3903 liberali
2768 3850 3026 3919 praeditus
3076 3853 3314 3922 ingenio.
3339 3864 3397 3908 et

1812 3937 2117 3990 consolatio
2178 3937 2422 4006 quidem,
2451 3948 2506 3992 et
2536 3940 2781 3993 levamen
2807 3941 3063 3997 omnibus
3093 3956 3174 4008 es,
3226 3945 3323 4013 qui
3351 3960 3382 3997 a

1817 4027 1926 4080 Deo
1952 4036 2278 4081 coronatum
2321 4040 2581 4083 verentur
2625 4031 2913 4099 imperium
2949 4041 3124 4094 tuum,
3153 4036 3387 4089 maxime

1817 4131 1946 4170 vero
1993 4117 2221 4172 infirma:
2271 4117 2567 4172 humilitati
2622 4135 2756 4174 mete
2827 4121 2980 4190 virga
3047 4123 3266 4178 virtutis
3316 4140 3380 4180 es

1816 4208 2096 4276 turrisque
2125 4209 2461 4263 fortitudinis
2490 4224 2519 4262 a
2551 4209 2688 4264 facie
2719 4210 2924 4265 inimici
2953 4211 3021 4278 ⁷⁸,
3072 4215 3390 4284 quicunque

1817 4295 2008 4350 debeat
2045 4297 2270 4364 intelligi
2310 4300 2708 4364 isteinimicus,
2740 4301 2854 4354 sive
2887 4303 3395 4373 tentatorinjustis-

1822 4389 2016 4451 simus,
2059 4386 2174 4440 sive
2201 4387 2357 4440 dolor
2380 4387 2607 4441 interior
2633 4389 2862 4457 sagittas
2896 4389 3144 4459 infigens.
3169 4389 3225 4446 Si
3257 4394 3390 4461 quid

1818 4476 2011 4530 horum
2058 4477 2363 4531 molestiam
2424 4479 2556 4532 mihi
2605 4481 3099 4550 quomodocunque
3134 4481 3396 4537 exhibue-

1818 4567 1909 4629 rit,
1961 4574 2183 4634 paratus
2227 4566 2381 4621 adest
2424 4581 2618 4635 pugna
2673 4568 2986 4631 atixiliator,
3043 4578 3095 4622 et
3145 4571 3398 4636 quamvis

156 4637 260 4707 γὰρ
284 4639 382 4708 της
419 4637 698 4706 βασιλείας
726 4656 821 4692 σου
868 4645 1273 4712 μιμνήσκομαι,
1300 4647 1394 4697 καὶ
1423 4647 1714 4716 εὐςισρσιίνο⁹
1750 4671 1791 4723 ι)
1823 4655 1830 4706 l

1750 4671 1791 4723 ι)
1823 4655 1982 4722 longe
2011 4654 2239 4708 dissitus
2285 4657 2608 4710 medicinam
2643 4657 2816 4712 habeo
2858 4674 3025 4713 curas
3061 4660 3391 4725 solventem;

159 4741 251 4794 μαι
277 4742 292 4757 ο
324 4727 518 4796 ἀμέλει
555 4727 650 4780 καὶ
691 4727 786 4782 νῦν
816 4731 1043 4796 γράφων
1074 4730 1150 4800 τῷ
1179 4732 1346 4802 ὲνθέῳ
1385 4751 1476 4787 σου
1509 4738 1720 4806 κράτει,

159 4818 369 4870 πάντων
376 4854 387 4887 λ
407 4817 518 4870 τῶν
553 4818 812 4888 λυπηρῶν
837 4819 896 4882 ὲξ
926 4820 1096 4889 αὐτῆς
1121 4817 1185 4892 δὴ
1205 4824 1303 4892 τῆς
1328 4827 1548 4895 γραφῆς
1576 4830 1724 4883 ὲλπί-

160 4905 316 4980 ζομαι
361 4911 518 4964 λύσιν
543 4909 785 4965 ἔσεσθαι.
833 4912 993 4965 Ἀλλὰ
1027 4914 1201 4968 ταῦτα
1262 4918 1360 4984 μὲν
1385 4919 1484 4989 ήδη
1511 4922 1605 4973 καὶ
1639 4921 1722 4974 λέ-

161 5001 361 5054 λεκται.
415 5001 600 5054 Δεινδν
631 5001 741 5072 γὰρ
775 5003 844 5054 τὰ
868 5003 1090 5056 τοιαῦτα
1133 5005 1506 5074 διασκεδάζειν
1538 5013 1596 5065 τὸ
1628 5013 1720 5065 τοῦ

163 5089 420 5157 κραταιοῦ
460 5107 563 5160 μου
613 5091 876 5143 δεσπότου
921 5092 1113 5161 ὄνομα,
1146 5094 1220 5156 ὡς
1251 5098 1461 5168 πάχνην
1495 5101 1721 5171 ἑωθινὴν

164 5178 322 5246 ἣλιος.
385 5181 483 5242 Τίς
539 5182 646 5250 γὰρ
708 5181 924 5235 ἀκούων
973 5185 1053 5236 ὅτι
1107 5185 1197 5238 τὸν
1239 5187 1723 5257 ἀρχιεπίσκοπονὸ

166 5267 449 5340 θεοστεφὴς
470 5270 736 5341 δεσπότης
791 5273 960 5341 ἡδέως
1011 5275 1224 5345 δέχεται
1277 5280 1578 5348 γράφοντα,
1629 5284 1724 5335 καὶ

167 5363 268 5423 τοῖς
310 5362 401 5415 ὑπ’
428 5363 594 5416 αὐτού
619 5365 959 5436 ὲλεουμένοις
995 5370 1297 5434 συντάττει,
1333 5373 1494 5443 ᾶχαρί
1520 5392 1571 5427 τι
1605 5376 1725 5428 κατ’

171 5453 295 5521 ἐμοῦ
344 5457 437 5507 καὶ
468 5455 577 5507 τῶν
608 5456 758 5525 ἐμῶν
790 5457 1152 5525 ὲπιδείξεται;
1199 5462 1353 5514 Ἐπεὶ
1383 5465 1438 5517 δὲ
1471 5467 1726 5534 νηστείας

170 5547 350 5616 καιρὸς
405 5548 500 5600 καὶ
541 5547 918 5618 ίχθυοφαγίας,
967 5551 998 5619 ἡ
1042 5554 1278 5622 φρουρός
1321 5573 1424 5623 μου
1465 5558 1723 5621 θεοτὸκος

175 5638 370 5692 στέλλει
399 5641 466 5710 τῇ
500 5639 744 5711 βασιλείᾳ
765 5658 858 5694 σου
893 5642 1141 5712 εὐλογίαν
1175 5647 1382 5714 ἰχθύδια
1412 5665 1723 5719 τεταριχευο

238 5811 446 5871 "PSaI.
479 5831 568 5880 ιιι,
611 5818 658 5872 5.

1825 4761 1946 4799 nam
1984 4755 2038 4800 et
2059 4746 2346 4815 imperium
2373 4757 2524 4801 tuum
2551 4748 2604 4802 in
2629 4749 2950 4802 memoriam
2980 4764 3173 4804 revoco
3204 4749 3395 4814 simul,

1819 4846 1873 4889 et
1903 4838 2074 4891 laetor.
2110 4835 2295 4906 Itaque
2329 4851 2521 4893 omnes
2573 4838 2733 4894 modo
2762 4837 2978 4893 dolores
3029 4839 3254 4908 imperio
3302 4847 3397 4892 tuo

1823 4930 2137 4999 significans
2177 4943 2274 4998 per
2303 4928 2535 4992 litteras,
2557 4943 2622 4983 ex
2661 4929 2776 4998 ipsa
2817 4930 2918 4984 hac
2944 4930 3422 5000 scriptura-sperae

1823 5019 2058 5073 futuram
2107 5019 2506 5073 liberationem.
2553 5018 2751 5072 Verum
2792 5019 2906 5072 hate
2947 5019 3202 5088 superius
3250 5010 3395 5072 dicta

1818 5120 1963 5166 sunt.
2013 5109 2217 5165 Nomen
2269 5111 2412 5164 enim
2456 5109 2690 5177 potentis
2727 5110 2932 5164 domini
2999 5111 3101 5163 mei
3145 5126 3206 5164 ea
3255 5110 3396 5165 valet

1821 5204 2109 5273 dissipare,
2145 5202 2306 5256 veluti
2333 5202 2412 5257 sol
2439 5204 2758 5258 matutinam
2781 5203 2918 5258 tollit
2940 5203 3243 5272 caliginem.
3261 5202 3396 5267 Quis

1823 5295 1966 5345 enim
1999 5292 2229 5347 audiens
2256 5292 2731 5360 archiepiscopum
2763 5309 2792 5346 a
2835 5301 2909 5357 te,
2936 5293 3029 5362 qui
3058 5293 3213 5346 aDeo
3239 5308 3397 5346 coro-

1825 5393 1984 5439 natus
2024 5399 2105 5445 es,
2155 5383 2372 5438 domine
2423 5384 2522 5448 mi,
2568 5383 2766 5438 blande
2809 5385 2985 5453 excipi
3042 5385 3392 5447 scribentem,

1826 5486 1987 5547 atque
2033 5476 2246 5529 illorum
2288 5491 2519 5530 numero
2539 5476 2762 5540 ascribi,
2792 5491 3024 5545 quorum
3062 5485 3114 5530 te
3153 5477 3396 5543 miseret,

1832 5561 2185 5630 iniucundum
2246 5563 2452 5632 aliquid
2509 5563 2794 5618 adversum
2845 5579 2950 5630 me,
3008 5579 3205 5634 resque
3249 5580 3402 5620 meas

1831 5653 2294 5707 demonstraverit
2320 5652 2344 5706 τ
2371 5651 2651 5719 Quoi-dam
2669 5668 2797 5708 vero
2832 5665 3045 5725 tempus
3065 5655 3273 5725 jejunii‘
3290 5664 3394 5718 est,
