4240 6440
746 396 850 459 519

1692 385 2266 447 TllEOPIlYI.ACTl
2303 384 2713 447 RULGARIE
2752 386 3104 448 ARCHIEP.

3911 382 4026 446 520

757 504 1003 568 adeoque
1020 494 1335 550 comedendi
1357 494 1559 564 pisces,
1578 493 1890 564 prmsidium
1907 507 2083 544 meum
2106 490 2331 557 Deipara

2446 491 2581 558 μένα
2636 491 2908 549 διακόσια.
2974 495 3169 561 πένητι
3206 492 3303 562 μὲν
3330 489 3461 545 οὖσα
3495 493 3561 545 τὰ
3593 493 3678 545 ἐπ’
3721 492 3897 563 ἰχθῦσι
3931 496 4022 548 6.6

748 596 907 650 mittit
945 592 1175 660 imperio
1198 602 1292 641 tuo
1325 588 1756 642 benedictionem
1780 587 2045 639 ducenlos
2074 583 2187 637 sale
2218 597 2335 637 ser-

746 695 905 740 vatos
929 682 1242 754 pisciculos,
1272 681 1364 750 qui
1391 680 1610 750 quidem
1641 678 1974 747 pauperibus
2006 687 2135 731 sunt
2162 676 2328 729 veluti

751 780 930 847 pisces
975 783 1195 838 propter
1253 786 1543 841 passerum
1613 770 2013 837 privationem.
2069 768 2334 822 divitibus

748 881 928 923 autem
975 866 1269 929 auxilium,
1295 881 1402 935 quo
1442 878 1662 933 semper
1709 863 1824 931 ipsa
1864 862 2121 931 dignetur
2157 861 2333 930 impc-

746 966 887 1015 riutn
942 972 1117 1015 tuum.
1170 959 1273 1011 Sed
1323 968 1371 1009 et
1433 972 1719 1009 numerum
1764 955 1944 1026 ipsum
1997 952 2334 1024 reputaveris

751 1055 969 1117 signum
1016 1052 1146 1105 mibi
1184 1050 1355 1104 divini
1401 1048 1592 1102 moniti
1625 1059 1678 1100 et
1718 1046 2124 1101 instrnetionis.
2172 1044 2334 1100 Docet

748 1147 918 1204 enim,
949 1142 1251 1211 perfectum
1294 1156 1517 1194 Sensum
1554 1140 1994 1208 quinternionem
2031 1152 2153 1191 cum
2193 1151 2333 1206 qua-

750 1237 1000 1289 ternione
1055 1236 1362 1299 virtutum,
1420 1235 1568 1289 velut
1609 1247 1826 1285 servum
1898 1230 2176 1301 indignum
2238 1230 2330 1283 uni

749 1329 999 1383 omnium
1036 1326 1259 1395 Reginae
1290 1324 1578 1395 multiplici
1612 1324 1825 1379 ratione
1845 1322 2044 1378 offerre
2069 1322 2250 1378 cibum
2279 1330 2334 1376 et

746 1431 955 1492 potum.

1381 1509 1601 1565 EPIST.
1635 1508 1706 1564 Χ.

1339 1622 1737 1692 Diabologym'.

815 1716 964 1787 Euge
1002 1717 1148 1785 gregi
1196 1715 1402 1770 Christi
1439 1716 1687 1769 accessio
1728 1713 1867 1767 facta
1899 1722 2003 1775 est,
2052 1728 2188 1783 euge
2216 1728 2330 1767 am-

2438 580 2537 651 τὴν
2586 582 2695 636 τῶν
2742 582 3043 651 στρουθίων
3087 582 3479 655 ἀποστέρησιν.
3514 583 3791 645 πλουσίοις
3830 585 3886 639 δὲ
3920 586 4024 657 τὴν

2437 672 2743 741 ἀντίληψιν,
2796 668 2865 745 ἦς
2916 676 3002 727 ἀεὶ
3049 678 3149 744 τὴν
3189 676 3466 746 βασιλείαν
3512 694 3605 729 σου
3659 678 3820 742 ἀξιοῖ.
3878 679 4023 731 Ἀλλ’

2437 765 2585 828 ὅπως
2641 784 2731 834 μοι
2768 769 2863 820 καὶ
2915 768 3011 819 τὸν
3043 769 3281 838 ἀριθμὸν
3314 768 3582 837 σύμίολον
3614 771 3775 841 οἰήσῃ
3817 770 4032 824 θειοτέ-

2440 873 2535 925 ρας
2573 857 2856 922 νουθεσίας
2890 859 2983 911 καὶ
3024 860 3439 930 παραινέσειας*
3479 861 3724 915 παιδεύει
3772 861 3884 931 γάρ
3920 861 4030 929 τὴν

2435 948 2780 1021 τελειοτέραν
2812 953 3051 1005 πεντάδα
3084 953 3191 1004 τῶν
3218 953 3528 1024 αἰσθήσεων
3559 956 3624 1024 τῇ
3650 952 3872 1024 τετράδι
3906 955 4027 1005 τῶν

2433 1042 2667 1110 ἀρετῶν,
2719 1042 3005 1113 πολλαχῶς
3058 1046 3324 1119 ἑνουμὲνῃ
3368 1050 3433 1117 τῇ
3481 1046 3688 1117 Βασίλῃ
3733 1046 3842 1100 τῶν
3878 1048 4025 1100 ὅλων

2435 1134 2589 1203 πόμα
2654 1137 2751 1189 καὶ
2796 1134 2993 1207 βρῶμα
3042 1137 3450 1208 προσφέρεσθαι
3499 1138 3575 1200 ὠς
3632 1136 3820 1191 δοῦλον
3878 1136 4021 1191 ἀνά·

2434 1225 2566 1293 ξιον.

3042 1500 3265 1555 ΕΠΙΣΤ.
3311 1500 3379 1556 l'.

2944 1596 3028 1659 Τῷ
3050 1596 3475 1666 Διαϐολογύρῃ.

2506 1683 2645 1755 Εὖγε
2682 1688 2763 1741 ὅτι
2798 1689 3086 1757 προσθήκη
3130 1688 3210 1758 τῷ
3244 1688 3485 1759 ποιμνίῳ
3511 1688 3608 1742 τοῦ
3637 1688 3876 1761 Χριστοῦ
3920 1691 4022 1757 τέ-

744 1781 947 1876 pliores
992 1781 1124 1860 tibi-
1160 1808 1469 1859 divinorum
1518 1820 1773 1873 agrorum
1817 1804 1972 1864 lines.
2006 1814 2059 1855 et
2097 1805 2327 1873 populus

2432 1798 2592 1848 γονεν
2617 1799 2630 1812 -
2663 1781 2788 1849 εὖγε
2813 1782 2895 1836 ὅτι
2924 1781 3256 1835 πλατύνεται
3280 1799 3361 1835 σοι
3384 1781 3451 1835 τά
3483 1783 3602 1835 θεῖα
3629 1782 4018 1853 σχοινίσματα,

2435 1874 2673 1896 --_\\__!-
2711 1892 2782 1896 -_-
2829 1874 3049 1896 ___,'!,__
3094 1893 3145 1896 __
3182 1876 3318 1896 s_!,_,9
3347 1876 3391 1896 _\
3428 1877 3571 1896 .II',
3615 1895 3625 1896 κ
3726 1878 3740 1895 ο
3824 1895 3827 1896 ,
3926 1879 3952 1891 ο

742 1901 834 1968 qui
870 1900 964 1953 tibi
995 1907 1212 1953 creatus
1251 1908 1357 1959 est,
1395 1896 1581 1949 laudat
1622 1896 1931 1951 Dominum.
1968 1895 2083 1950 Non
2120 1898 2326 1950 medio-

746 1991 915 2045 criter
939 1989 1411 2043 et~u|tavitetiam
1445 1988 1671 2057 spiritus
1698 1986 1920 2041 meusin
1946 1987 2327 2041 Armeniorum

742 2079 1127 2133 conversione.
1160 2078 1360 2133 Eorum
1390 2078 1536 2132 enim
1561 2076 1824 2132 ecclesias
1863 2092 1971 2131 non
1995 2076 2152 2132 decet
2181 2077 2332 2131 clau-

743 2173 897 2234 dere,
950 2173 1045 2227 sed
1103 2170 1365 2235 oﬂieium,
1415 2170 1560 2239 quod
1623 2170 1677 2223 in
1744 2171 1929 2239 templi
1987 2169 2330 2226 dedicatione

744 2267 1099 2330 peragitntts,
1165 2277 1352 2315 muros
1406 2270 1686 2330 unguento
1757 2260 1939 2315 cruris
1991 2261 2045 2315 itt
2106 2261 2327 2317 modum

744 2354 1023 2418 liuientes,
1078 2352 1402 2408 orthodoxis
1452 2352 1671 2408 tradere
1712 2352 2114 2418 sacerdotibus,
2164 2364 2330 2424 atque

744 2448 1021 2501 Armeniis
1045 2447 1352 2507 conversis.
1381 2456 1438 2497 ut
1460 2446 1532 2499 ita
1568 2445 1775 2499 faciant
1813 2445 2044 2517 singulis
2067 2445 2247 2501 annis.
2271 2444 2327 2500 Si

742 2553 875 2595 vero
902 2553 1091 2592 eorum
1116 2538 1430 2593 sacerdotes
1458 2536 1523 2590 ad
1540 2536 1904 2592 orthodoxam
1930 2553 2129 2593 venere
2144 2537 2327 2604 ﬁdem,

746 2629 924 2683 satius
944 2628 1166 2695 quidem
1195 2637 1325 2696 puto
1344 2626 1793 2696 7191aicorum
1823 2626 2005 2681 ordini
2034 2642 2131 2683 eos
2154 2629 2330 2683 ascri-

747 2720 895 2772 bere.
943 2716 1098 2785 Qlll'd
1144 2720 1187 2772 si
1216 2718 1383 2773 dediti
1426 2716 1745 2772 sacerdotio
1777 2716 1981 2773 fuerint
2009 2732 2073 2773 ac
2105 2727 2331 2775 caetero-

640 2802 643 2805 ’
744 2810 872 2880 quin
921 2810 1458 2880 irrepreltct‘s‘.biles,
1497 2810 1672 2864 sacris
1719 2810 1841 2864 illos
1881 2809 2165 2867 ordinibus
2215 2820 2331 2868 tute

746 2901 1073 2955 initiaveris.
1090 2888 1308 2970 oportet
1333 2910 1513 2954 autem
1537 2900 1603 2954 ad
1626 2901 1889 2955 trutinam
1913 2901 2332 2971 diligentissime

745 3002 1010 3044 revocare
1037 2990 1281 3059 ipsorum
1309 2990 1611 3061 liturgiam,
1651 3006 1771 3062 quae.
1797 2990 2044 3061 quidem,
2078 2991 2124 3046 si
2152 2991 2331 3064 Chry-

747 3083 976 3136 s'istomi
1032 3097 1161 3135 vere
1204 3083 1391 3145 fuerit.
1451 3097 1627 3152 neque
1671 3082 1784 3136 ullo
1828 3092 1988 3153 pacto
2019 3083 2327 3149 immutata,

2434 1875 2527 1927 καὶ
2544 1874 2673 1935 λαός
2705 1892 2787 1927 σοι
2829 1874 3148 1945 κτιζὸμενος
3176 1876 3318 1929 αἰνεῖ
3342 1876 3436 1929 τὸν
3459 1877 3666 1946 Κύριον
3687 1878 3749 1931 οὐ
3774 1879 4018 1947 μικρῶς,

2432 1968 2525 2020 καὶ
2579 1965 2879 2036 ἠγαλλίασέ
2928 1985 3031 2039 μου
3082 1968 3144 2022 τὸ
3185 1969 3405 2038 πνεῦμα
3440 1968 3534 2023 ἐπὶ
3567 1973 3631 2041 τῇ
3665 1971 3773 2025 τῶν
3807 1972 4019 2041 Ἀρμε-

2431 2057 2559 2111 νίων
2591 2058 2914 2131 ἐπιστροφῇ.
2949 2059 3061 2124 Τάς
3103 2060 3209 2131 γὰρ
3267 2060 3565 2133 ἐκκλησίας
3611 2063 3793 2115 αὐτῶν
3830 2064 3891 2116 οὐ
3935 2062 4024 2117 δεῐ

2431 2150 2666 2213 κλεῖσαι,
2725 2151 2863 2205 ἀλλά
2918 2150 3017 2223 τὴν
3076 2153 3424 2220 ἀκολουθίαν,
3482 2156 3548 2223 ἢν
3593 2156 3861 2228 ποιοῦμεν
3933 2161 4019 2223 είς

2431 2244 2687 2313 ἑγκαίνια
2710 2246 2841 2300 ναοῦ
2870 2246 3179 2317 ποιήσαντά
3216 2266 3277 2303 τε
3303 2250 3397 2305 καὶ
3422 2250 3691 2321 χρίσαντα
3732 2270 4022 2324 σταυροει-

2430 2337 2537 2402 δῶς
2576 2337 2733 2410 μύρῳ
2757 2340 2887 2405 τούς
2914 2340 3155 2411 τοίχους,
3186 2340 3489 2414 ὀρθοδόξοις
3510 2344 3718 2413 ἱερεῦσι
3748 2345 4023 2415 παραδοῦ·

2430 2444 2542 2491 ναι,
2594 2429 2692 2481 καὶ
2742 2426 2919 2491 οὕτως
2967 2428 3188 2494 ἐνέτους
3241 2429 3455 2495 πάντας
3500 2433 3727 2501 ποιῆσαι
3785 2436 3902 2498 τοῖς
3956 2433 4021 2501 ἐξ

2444 2519 2746 2590 Ἀρμενίων
2802 2521 3216 2592 ἐπιστρέψασιν.
3276 2525 3337 2577 El
3382 2523 3440 2578 δὲ
3480 2525 3576 2578 καί
3627 2526 3793 2596 ἱερεῖς
3830 2526 4022 2580 αὐτῶν

2429 2615 2496 2683 τῇ
2526 2612 2797 2683 ὀρθοδόξφ
2818 2614 2999 2669 πίστει
3026 2615 3357 2686 προσῆλθον,
3384 2620 3632 2687 κρεῖττον
3665 2618 3764 2688 μὲν
3786 2621 4020 2675 ὶπιτάτ-

2430 2704 2620 2758 τεσθαι
2655 2706 2857 2768 αὐτοὺς
2882 2707 2960 2768 εἰς
2992 2704 3247 2771 λαῖκούςο
3284 2709 3333 2760 εἰ
3367 2708 3413 2761 δ’
3441 2708 3551 2779 ἄρα
3578 2709 3680 2779 τῆς
3714 2710 4021 2781 ἱερωσύνης

2431 2796 2752 2867 ἀντέχοντες
2789 2796 2885 2850 καὶ
2918 2797 3096 2861 ἄλλως
3131 2798 3491 2870 ἀνεπίληπτοί
3539 2801 3667 2864 είσι,
3700 2802 4020 2873 χειροτὸνη-

2435 2904 2528 2940 σον
2571 2887 2796 2952 τούτους
2849 2888 3030 2951 αὐτός.
3064 2889 3204 2959 Πρὶν
3266 2888 3342 2962 [Ι.
3375 2888 3551 2962 πλὴν]
3591 2891 3669 2945 δεῖ
3722 2891 4020 2959 ἀκριϐολο-

2432 2979 2668 3049 γηθῆναι
2704 2981 2804 3049 τὴν
2860 2980 3205 3051 λειτουργίαν
3248 2982 3425 3035 αὐτῶν
3453 2998 3467 3014 ·
3523 2981 3619 3036 καὶ
3659 2984 3709 3037 εί
3747 2984 3849 3053 μέν
3896 2985 4018 3037 εστ.

2430 3070 2525 3126 τοῦ
2571 3072 2962 3145 Χρυσοστόμου
2991 3071 3417 3143 ἀπαράλλακτος
3457 3072 3550 3126 καὶ
3584 3072 3897 3143 ἀδιάφορος,
3932 3074 4022 3127 δεῖ

747 3188 925 3241 neque
970 3171 1284 3237 dissimilis,
1340 3172 1504 3228 debet
1552 3174 1778 3227 omnino
1820 3174 2026 3229 servari
2057 3191 2072 3240 ;
2101 3176 2144 3228 si
2198 3189 2328 3229 vero

2432 3167 2865 3236 λειτουργεῖσθάι
2927 3166 3165 3237 ταᾲτηνο
3224 3167 3273 3219 εί
3331 3166 3386 3221 δέ
3442 3168 3560 3221 ἐστι
3614 3167 4017 3236 διεφθαρμένη,

749 3264 914 3318 fuerit
971 3274 1257 3334 corrupta.
1310 3266 1669 3325 immutctur,
1718 3267 1937 3337 aliaque
1990 3267 2331 3339 excogitetur

749 3355 1073 3425 psalmodia.
1106 3354 1370 3409 Novitnus
1407 3365 1665 3425 prmterea
1692 3357 1984 3411 adventum
2025 3372 2207 3413 meum
2231 3358 2329 3414 abs

748 3455 801 3499 te
828 3445 1152 3500 desiderari.
1187 3443 1392 3499 Verum
1435 3444 1696 3501 dominus
1746 3462 1902 3502 meus
1936 3447 2221 3511 sebastus,
2270 3458 2329 3502 ut

749 3538 1024 3603 suspicor,
1046 3536 1370 3589 adventante
1392 3552 1515 3589 vere
1548 3536 1612 3589 ad
1637 3552 1735 3590 nos
1754 3552 1855 3589 ven
1882 3544 1936 3589 et
1953 3547 2073 3605 post
2094 3536 2327 3594 Pascha.

748 3627 823 3681 ιω
859 3627 1181 3695 nosmetipsi
1205 3627 1612 3685 consuevimus.
1640 3627 1993 3697 nequeistbic
2013 3629 2064 3682 in
2088 3644 2331 3700 praesens

747 3732 887 3788 opus
936 3726 1021 3772 est
1064 3717 1302 3772 adventu
1357 3727 1570 3772 nostro.
1625 3717 1699 3772 De
1737 3718 1841 3772 bac
1877 3718 2039 3789 igitur
2081 3735 2141 3776 re
2171 3721 2331 3777 nobis

748 3814 998 3869 scribito.
1049 3811 1352 3869 Consilium
1394 3821 1575 3868 autem
1627 3820 1781 3867 tttum
1823 3812 2080 3869 veniendi
2128 3811 2194 3867 ad
2229 3827 2331 3869 nos

752 3906 904 3960 omni
936 3922 998 3960 ex
1034 3915 1185 3976 parte
1214 3906 1529 3969 laudantes,
1585 3916 1639 3960 et
1687 3920 1878 3960 omnes
1911 3904 2177 3961 certiores
2205 3905 2334 3961 faci-

747 3996 977 4058 mus,'et
1003 3996 1179 4064 magis
1208 3996 1555 4051 laudabimus
1586 3997 1689 4053 boc
1714 4004 1986 4068 tempore,
2015 3996 2161 4068 quod
2180 3995 2331 4053 vide-

749 4088 877 4143 licet
925 4088 992 4143 ab
1020 4088 1213 4143 amicis
1256 4081 1718 4159 eaptivus'factus
1756 4103 1837 4143 es.
1879 4087 2093 4157 Equum
2140 4090 2328 4157 etiam,

748 4181 840 4249 qui
876 4180 1031 4235 solus
1057 4179 1157 4235 tibi
1191 4189 1495 4250 supererat,
1526 4179 1786 4235 Ecclesia:
1814 4181 2013 4236 misisti
2043 4181 2328 4238 idoneum.

752 4269 864 4323 Etsi
893 4269 1039 4322 enim
1074 4270 1198 4324 usui
1237 4285 1342 4324 non
1383 4278 1468 4325 est
1498 4272 1723 4326 omnino
1750 4271 2004 4338 idoneus,
2047 4288 2113 4327 eo
2144 4282 2327 4329 tamen

751 4363 955 4416 utimur
987 4377 1000 4415 :
1036 4379 1249 4417 summa
1276 4372 1360 4419 cst
1390 4373 1480 4417 tua
1507 4366 1561 4417 in
1595 4364 1891 4420 Ecclesiam
1926 4365 2329 4430 benevolentia.

750 4462 802 4507 et
843 4467 944 4522 pro
976 4462 1028 4507 te
1068 4468 1279 4523 precor,
1322 4456 1466 4524 quod
1501 4469 1620 4508 eam
1654 4457 1852 4510 novisti
1902 4457 2035 4511 dare
2081 4458 2175 4512 tibi
2208 4474 2330 4527 quae

2432 3260 2538 3330 χρὴ
2582 3259 2885 3329 ἀλλαγῆναι
2926 3276 2938 3288 ·
2982 3264 3077 3314 καὶ
3115 3260 3215 3329 τὴν
3251 3259 3418 3331 ἀλλην
3460 3258 3523 3327 δὴ
3572 3256 3588 3329 [
3619 3257 3658 3325 Ῑ,
3683 3256 3764 3329 δὲ]
3821 3258 4013 3325 ψαλμ-

2431 3352 2594 3421 ῳδίαν
2624 3351 2983 3422 σκοπηθῆναι.
3014 3352 3124 3405 Καὶ
3160 3351 3296 3423 πρὸς
3330 3349 3501 3403 ταῦτα
3520 3351 3763 3418 οἴδαμεν,
3795 3352 3879 3404 ὅτι
3913 3354 4018 3416 τὴν

2432 3445 2573 3515 ἐμὴν
2622 3443 2931 3515 παρουσίαν
2993 3443 3298 3515 ὲπικαλέσῃ
3322 3457 3338 3472 ⁸
3396 3442 3538 3513 πλὴν
3566 3440 3684 3496 ἀλλ’
3718 3443 4017 3496 ὑποπτεύοι

2432 3536 2516 3590 ὅτι
2568 3540 2703 3606 μετὰ
2736 3537 2799 3587 τὸ
2848 3536 3062 3605 Πάσχα,
3120 3535 3149 3587 ὁ
3176 3534 3441 3604 αὐθέντης
3494 3534 3653 3604 ἡμῶν
3688 3536 3715 3586 6
3749 3535 4017 3599 σεϐαστδς

2434 3630 2572 3699 πρὸς
2595 3627 2663 3682 τὰ
2693 3626 3063 3695 πλησιάζοντα
3094 3628 3228 3696 ἡμῖν
3250 3626 3411 3696 lupa,
3439 3625 3473 3695 ἢ
3507 3628 3643 3696 προς
3677 3627 3825 3697 ἡμᾶς
3856 3628 4016 3679 ἐλεύ-

2436 3739 2611 3775 σεται.
2648 3719 2837 3784 Οῦτως
2874 3719 2931 3772 δὲ
2977 3719 3141 3781 αὐτὸς
3171 3717 3190 3790 [
3218 3719 3259 3786 f.
3291 3717 3486 3790 αὐτοὶ]
3522 3721 3684 3790 ἡμεῖς
3718 3722 4016 3788 συνηθίσα-

2438 3833 2556 3888 μεν.
2606 3812 2833 3883 οὐδεμία
2864 3810 3023 3883 χρεία
3053 3810 3153 3879 τῆς
3186 3810 3329 3882 ἐμῆς
3358 3812 3664 3882 παρουσίας
3694 3811 3905 3870 αὐτόθι.
3936 3814 4013 3867 Τὸ

2437 3905 2535 3975 μὲν
2564 3903 2660 3956 νῦν
2686 3901 2895 3972 γράφον
2914 3895 3008 3955 οῦν
3033 3901 3166 3971 ἡμῖν
3195 3899 3324 3969 περὶ
3357 3900 3549 3952 τούτου
3582 3898 3677 3953 τοῦ
3700 3900 3886 3954 αὐτοῦ·
3912 3901 4014 3971 τὴν

2431 3998 2489 4053 δὲ
2510 3996 2792 4069 παροῦσάν
2830 4012 2925 4049 σου
2954 3980 3091 4067 πρὸς
3116 3995 3263 4065 ἡμᾶς
3286 3995 3529 4049 διάθεσιν
3559 3997 3786 4051 πάντοτε
3808 3999 4011 4052 ἀποδε-

2432 4093 2674 4163 χόμενοι.
2721 4090 2819 4143 καὶ
2863 4089 3002 4159 πρὸς
3054 4088 3265 4151 πάντας
3308 4090 3797 4159 ἀνακηρύττοντες,
3847 4092 4011 4145 πλέον

2433 4183 2809 4254 ἀποδεξόμεθα.
2836 4181 2951 4242 νῦν,
2982 4181 3065 4233 ὅτι
3092 4182 3243 4252 παρά
3281 4181 3391 4233 τῶν
3441 4182 3600 4251 δῆθεν
3645 4183 3816 4251 φίλων
3864 4186 4010 4255 ﬁni..-

2434 4275 2773 4343 αλωτίσθης’
2806 4273 2980 4327 καίτοι
3014 4273 3074 4326 6v
3111 4274 3269 4343 μόνον
3307 4269 3453 4344 εἶχες
3491 4274 3884 4342 ὑπολειφθέντα
3926 4294 4009 4331 σοι

2434 4368 2619 4429 ἵππον,
2645 4369 2711 4437 τῇ
2746 4365 3049 4434 Ἐκκλησία
3074 4365 3403 4428 ἀπέστειλας
3435 4364 3764 4434 ἐπιτήδειον.
3805 4366 3867 4419 Ei
3895 4368 4006 4437 γάρ

2434 4460 2525 4513 καὶ
2552 4459 2629 4528 μὴ
2654 4456 2798 4512 πάνυ
2834 4456 3133 4524 ἐπιτήδειός
3171 4458 3319 4509 ἐστιν
3350 4458 3429 4510 εἰς
3454 4457 3552 4524 τὴν
3584 4456 3601 4528 [
3627 4455 3669 4525 Ῑ.
3702 4456 3791 4528 Ιἦν]
3818 4458 4007 4525 χρείαν

750 4537 1029 4608 possides,
1068 4554 1194 4594 nam
1231 4541 1388 4595 multi
1435 4550 1565 4597 sunt
1610 4542 1659 4597 ei
1691 4542 2043 4601 detrimento.
2089 4546 2235 4601 Cura
2268 4555 2326 4602 ut

2432 4551 2599 4605 αὐτοῦ
2655 4549 2952 4621 χρῄζομεν,
2983 4549 3133 4617 ὅμως
3181 4548 3411 4619 πολλὴή
3450 4549 3583 4618 πρὸς
3634 4548 3733 4620 τὴν
3770 4549 4005 4621 Ἐκκλη-

752 4630 1076 4699 intelligam,
1103 4647 1171 4685 an
1196 4641 1372 4687 totum
1407 4633 1608 4689 habeas
1637 4634 1895 4698 oﬂicium,
1930 4639 2073 4707 quod
2103 4638 2332 4695 facimus

2431 4641 2554 4695 σίαν
2592 4638 2982 4709 εὐγνωμοσύνη
3010 4655 3103 4690 σου
3129 4656 3143 4670 ο
3173 4639 3266 4692 καί
3318 4654 3413 4692 σου
3464 4638 3861 4709 ὐπερεύχομαι.
3918 4641 4001 4694 ὅτι

752 4722 808 4774 in
838 4721 1130 4777 Armenios
1159 4724 1250 4793 qui
1281 4733 1705 4780 convertuntur.
1755 4726 1814 4781 Si
1845 4742 1952 4781 non
1978 4727 2169 4794 babes,
2199 4729 2331 4784 illud

2432 4725 2577 4792 οἶδας
2626 4729 2728 4799 τὴν
2765 4728 2963 4782 δοῦσάν
3024 4744 3105 4780 σοι
3148 4728 3185 4782 ἀ
3217 4728 3377 4796 ἔχεις.
3418 4728 3483 4781 Οἱ
3514 4730 3623 4799 γὰρ
3676 4728 3865 4785 πολλοὶ
3911 4732 4002 4782 καὶ

754 4813 1214 4876 transcribemus,
1258 4828 1321 4868 ac
1353 4814 1450 4868 tibi
1488 4816 1572 4870 vel
1618 4814 1879 4883 feremus,
1909 4818 1992 4873 vel
2026 4817 2326 4879 mittemus.

2429 4823 2495 4891 τῇ
2550 4819 2632 4892 [ι’.
2665 4820 2759 4873 καί
2788 4818 2864 4892 τι]
2918 4819 3385 4890 προσϐλάπτουσι.
3436 4820 3687 4889 Δήλωσον
3724 4820 3781 4872 δέ
3828 4838 3922 4889 μοι
3955 4824 4001 4873 εἰ

750 4900 829 4957 Ne
854 4902 1078 4967 desinas
1106 4919 1322 4968 curare,
1354 4905 1545 4972 frater,
1582 4908 1837 4990 Ecclesia;
1865 4910 2246 4980 psalmodiam,
2280 4923 2331 4969 et

2432 4913 2524 4965 καὶ
2564 4911 2747 4965 πᾶσαν
2776 4911 2877 4979 τὴν
2925 4910 3251 4965 ἀκολουθίαν
3297 4911 3462 4979 ἔχεις,
3498 4912 3563 4981 ἣν
3591 4910 3854 4980 τελοῦμεν
3904 4912 3999 4966 ἐπὶ

750 4995 984 5049 maxime
1029 4994 1226 5052 domus
1256 4996 1348 5053 Dei
1381 4997 1661 5067 decorent,
1691 5015 1757 5057 ac
1789 5010 1842 5057 te
1885 5000 2027 5058 Deus
2067 5004 2138 5059 ab
2173 5005 2322 5059 omni

2432 5008 2535 5067 τοῖς
2585 5004 2644 5071 ἐξ
2695 5004 2998 5075 Ἀρμενίων
3031 5003 3487 5073 ἐπιστρέφουσιν
3520 5004 3567 5056 εί
3595 5002 3653 5056 δε
3684 5004 3787 5056 οὐκ
3825 5003 3990 5072 ἔχεις.

751 5090 1024 5144 custodiat
1055 5091 1300 5146 inimico.

2422 5094 2847 5165 μεταγράψομεν
2862 5093 3086 5164 ταύτην.
3116 5093 3280 5163 Καὶῆ
3312 5094 3649 5164 ὲνὲγκωμεν,
3682 5095 3715 5163 ἢ
3743 5094 3998 5145 ἀποστεῖ-

749 5178 955 5249 λωμεν,
1000 5186 1095 5237 καὶ
1150 5186 1224 5254 μὴ
1262 5186 1490 5255 παῦσον,
1526 5189 1746 5259 ἀδελιρὲ,
1784 5192 1885 5261 τῆς
1929 5193 1987 5245 έν
2014 5196 2080 5264 τῇ
2122 5190 2418 5262 Ἐκκλησία
2466 5187 2808 5261 ψαλμῳδίας,
2860 5188 2956 5241 καὶ
2988 5187 3123 5250 ὅλως
3184 5185 3281 5256 τῆς
3331 5186 3425 5240 τοῦ
3485 5186 3636 5240 οἴκου
3690 5186 3785 5239 τοῦ
3862 5184 3993 5239 Θεοῦ

751 5275 1081 5347 εὐπρεπείας
1101 5282 1494 5353 προνοούμενος
1518 5301 1531 5315 ·
1561 5286 1657 5339 καὶ
1709 5288 1961 5359 σκεπάσῃ
2015 5307 2074 5342 σε
2125 5290 2153 5342 6
2192 5289 2323 5352 Θεὸς
2361 5287 2470 5341 ἀπὸ
2499 5285 2701 5350 παντὸς
2730 5282 2951 5356 ἐχθροῦ·

1372 5373 1593 5430 EPIST.
1627 5375 1723 5433 XI.

1361 5464 1709 5524 Tarchanilo.

821 5549 962 5605 Vere
997 5556 1195 5611 tuentis
1221 5556 1399 5630 imago
1448 5575 1630 5615 sermo
1674 5572 1778 5629 est,
1807 5578 1870 5617 ac
1898 5565 2055 5635 juxta
2093 5566 2145 5620 id
2178 5569 2323 5635 quod

753 5642 1020 5697 Dominus
1061 5644 1216 5709 dicit,
1250 5649 1425 5703 bonus
1453 5651 1617 5705 homo
1647 5652 1714 5707 de
1749 5654 1893 5709 bono
1918 5658 2175 5709 thesauro
2198 5672 2326 5710 cor-

3016 5374 3238 5428 ΕΠΙΣΤ.
3278 5376 3358 5427 ΙΑ⁹
3384 5414 3398 5427 .

2968 5464 3052 5529 Τῷ
3077 5464 3469 5533 Ταρχανείτῳ.

2496 5564 2701 5622 Ὄντως
2737 5558 2903 5611 εἰκὼν
2936 5558 2965 5608 6
2993 5557 3147 5624 λόγος
3179 5557 3273 5610 τοῦ
3311 5557 3428 5617 νοῦ,
3461 5557 3554 5610 καὶ
3592 5556 3731 5609 κατά
3761 5556 3853 5610 τιν
3884 5558 3990 5612 K5-

2426 5673 2539 5724 ριον
2592 5655 2789 5715 εἰπεῖν,
2853 5652 2881 5703 6
2934 5649 3138 5717 ἀγαθὸς
3180 5650 3468 5719 ἄνθρωπος
3524 5654 3588 5703 ὲκ
3643 5651 3736 5704 τοῦ
3793 5651 3988 5719 ἀγαθοῦ

749 5735 833 5789 dis
856 5736 940 5788 sui
975 5735 1180 5803 profert
1222 5740 1421 5795 bonum
1465 5745 1736 5799 numisma
1761 5745 1831 5810 ",
1862 5747 2023 5816 quale
2071 5749 2234 5802 etiam
2266 5756 2322 5803 tu

2432 5747 2700 5818 θησαυροῦ
2727 5746 2826 5812 τῆς
2873 5743 3099 5813 λαρδίας
3124 5743 3182 5795 τὸ
3212 5743 3413 5796 ἀνατιδν
3446 5742 3809 5812 προϐάλλεται
3842 5746 3987 5813 νέμει

818 5847 863 5881 ⁷⁸
884 5844 1016 5901 Luc.
1048 5863 1119 5913 vr,
1163 5848 1253 5904 45.
