4240 6440
788 372 893 437 5‘23

1734 362 2312 423 TlIEOPlIYLACTl
2345 362 2753 423 BULGARIJE
2798 364 2836 420 Α
2850 364 3149 423 RCIIIEP.

3921 362 4047 426 524

774 480 1001 551 prmbct,
1062 484 1117 527 ut
1170 473 1222 525 iu
1277 470 1396 524 istis
1445 476 1593 523 tuam
1653 465 1920 521 ostendas
1948 466 2424 525 dexteritatcm.A

2456 469 2580 531 ταῖς
2626 469 3026 539 ἁπαραμίλλοις
3077 468 3174 537 τὴν
3230 468 3325 538 σὴν
3362 471 3554 537 γενεὰν
3588 471 3832 542 ἀρεταῖς,
3864 474 3946 538 ὼς
3981 478 4052 529 ἐν

774 571 985 623 litorum
1022 566 1130 618 tuis
1168 561 1463 615 virtutibus
1509 568 1655 611 tuam
1698 566 1912 611 mtatem
1956 558 2175 611 vincere
2212 570 2346 610 cou-

775 658 1124 714 tendentibus
1154 653 1287 705 illud
1327 649 1444 703 fore
1480 649 1716 714 confido,
1760 657 1817 701 ut
1849 649 1901 699 in
1936 647 2190 700 omnibus
2232 646 2349 698 lau-

775 750 922 803 deris
981 744 1227 798 omnium
1298 741 1695 795 solertissimus
1753 752 1815 790 ac
1867 739 2346 806 spectatissimus,

777 854 971 907 resque
1002 832 1263 903 liulgarim
1295 833 1490 883 iterum
1520 844 1675 899 geras
1711 827 2130 890 henefaeieudo,
2165 843 2351 897 quem-

777 926 1066 983 admodum
1124 936 1213 976 tua
1270 920 1750 974 administrantur.
1808 917 1993 987 Neque
2044 920 2192 972 enim
2249 934 2349 973 nos

779 1021 958 1072 adhuc
990 1014 1335 1083 dereliquisti
1371 1012 1615 1065 omnino.
1652 1010 1787 1063 Nam
1838 1010 1940 1062 etsi
1977 1009 2081 1072 sol,
2111 1024 2141 1064 e
2173 1010 2352 1063 boretc

779 1108 1112 1176 regionibus,
1150 1104 1368 1173 propior
1419 1102 1491 1156 sit
1537 1111 1725 1154 austro
1754 1140 1769 1163 ,
1805 1108 1981 1152 tamen
2031 1099 2213 1169 aliqua
2263 1115 2349 1152 ται-

782 1202 927 1252 tione
961 1214 1025 1251 ea
1084 1197 1265 1251 omnia
1313 1202 1367 1248 et
1410 1194 1555 1248 fovet
1594 1201 1646 1246 et
1678 1199 1922 1262 general,
1967 1205 2087 1260 quae
2133 1191 2350 1261 quidem

784 1292 960 1343 vicina
996 1302 1101 1340 non
1136 1294 1376 1350 exstant,
1408 1285 1555 1338 sicut
1599 1281 1853 1336 videlicet
1883 1292 1935 1335 et
1977 1296 2077 1336 nos
2112 1282 2166 1335 in
2204 1283 2355 1335 l‘cla-

780 1382 955 1450 gannitu
991 1387 1142 1448 parte
1190 1378 1301 1431 tuis
1358 1375 1590 1430 fruimur
1623 1372 1817 1427 radiis.
1858 1372 2124 1427 Fruemur
2171 1383 2351 1428 autem

783 1470 977 1539 magis,
1031 1469 1075 1522 si
1104 1478 1155 1521 et
1190 1468 1398 1536 agellus
1445 1464 1790 1534 lleniongila,
1836 1464 1926 1518 ubi
1968 1470 2122 1518 vetus
2166 1471 2352 1517 nostra

782 1562 1138 1615 consumitur
1174 1559 1317 1620 aula,
1349 1556 1605 1627 praesidio
1636 1565 1731 1610 tuo
1762 1553 2008 1623 Deipara:
2048 1553 2212 1609 datus
2238 1554 2354 1609 fue-

784 1659 853 1707 rit
901 1670 996 1722 per
1043 1654 1329 1705 adoratum
1382 1664 1410 1702 a
1461 1664 1546 1702 me
1600 1656 1654 1701 et
1715 1656 2029 1701 veneratum
2110 1647 2346 1718 sigillqu

784 1759 960 1798 tuum.
1009 1745 1073 1796 Et
1120 1741 1402 1795 Romanus
1444 1738 1930 1802 Ostraeorhomus,
1968 1737 2061 1807 qui
2093 1752 2157 1791 ex
2190 1738 2348 1792 bonis

785 1836 1041 1890 lieelcsia:
1089 1835 1469 1904 pinguefaetus
1509 1831 1667 1899 721
1725 1836 1917 1883 contra
1966 1843 2084 1882 eam
2135 1829 2352 1882 recalci-
2386 1855 2424 1908 η

785 1933 913 1990 trat,
951 1926 1278 1993 reprimatur
1312 1922 1475 1974 minis
1504 1921 1707 1974 domini
1750 1919 1873 1981 mei,
1930 1926 2198 1988 prarcepto
2226 1918 2352 1971 dato

783 2016 952 2068 etiam
991 2010 1258 2067 exercitui
1290 2010 1360 2064 de
1415 2012 1508 2064 illo
1556 2020 1609 2062 et
1640 2009 1763 2063 aliis
1797 2010 2132 2071 amentibus,
2162 2018 2221 2062 ut
2267 2024 2355 2064 nc-

785 2105 921 2158 mini
954 2106 1114 2159 detur
1143 2104 1291 2173 regio
1331 2101 1597 2157 adversus
1631 2116 1752 2163 nos,
1795 2101 1887 2170 qui
1927 2116 2026 2169 pro
2064 2101 2140 2155 tui
2178 2101 2354 2154 nomi-

785 2198 870 2250 nis
922 2197 1091 2263 gloria
1145 2209 1337 2261 preces
1380 2193 1627 2262 quotidie
1681 2192 1983 2258 fuudimus,
2016 2200 2069 2247 et
2104 2207 2193 2247 res
2233 2202 2353 2248 tuas

785 2298 967 2357 gestas
993 2302 1206 2355 semper
1231 2285 1613 2354 przedicamus,
1648 2292 1702 2338 et
1730 2283 1965 2354 linguam
1998 2283 2263 2338 habemus
2286 2282 2351 2337 ad

789 2381 1089 2450 gratiarum
1119 2379 1391 2432 actionem
1422 2376 1631 2431 nullius
1656 2376 1841 2447 lingua
1873 2375 2135 2446 pejorcm,
2172 2391 2239 2430 ne
2271 2376 2351 2428 di-

777 2487 905 2527 cam
936 2471 1157 2525 Romani
1214 2470 1555 2539 aliorumque
1619 2469 1801 2537 lingua
1846 2469 2003 2537 longe
2046 2468 2345 2522 meliorem.

793 2563 875 2617 Tu
916 2578 1041 2617 vero
1071 2562 1163 2633 qui
1202 2561 1346 2615 beati
1375 2561 1645 2614 Durarqu
1685 2560 1902 2630 generis
1930 2560 2185 2630 praeclara
2210 2575 2355 2630 qua:-

787 2674 897 2726 que
940 2657 995 2712 in
1029 2668 1081 2711 te
1128 2658 1248 2724 ipso
1282 2653 1685 2723 complecteris,
1724 2653 1858 2706 mihi
1900 2668 2124 2708 maneas
2160 2655 2213 2707 in
2263 2666 2353 2710 tua

781 2750 1056 2812 boaitate,
1107 2748 1216 2801 imo
1242 2760 1372 2799 vero
1409 2746 1763 2799 ascensioncs
1802 2745 1854 2797 in
1897 2758 1957 2797 ea
2001 2759 2356 2819 progressus-

788 2856 896 2910 que
948 2840 1139 2904 facias,
1168 2839 1211 2893 si
1263 2839 1389 2907 quis
1430 2845 1613 2889 tamen
1646 2846 1730 2890 est
1758 2836 1951 2889 modus
1981 2837 2035 2890 in
2082 2837 2150 2891 iis
2190 2836 2355 2891 rebus

788 2946 927 2999 quas
971 2930 1226 3000 prmelare
1280 2927 1522 2998 gessisti.
1554 2926 1741 2995 Neque
1775 2942 1803 2979 a
1847 2928 1969 2981 loco
2005 2928 2139 2981 velis
2182 2928 2359 2982 desci—

792 3038 967 3087 scere,
999 3036 1158 3092 quem
1191 3020 1341 3075 dedit
1360 3018 1525 3083 Deus,
1554 3032 1581 3069 a
1604 3026 1825 3080 natura,
1858 3018 2104 3086 inquam,
2133 3018 2200 3072 ad
2221 3020 2358 3079 bene

796 3113 1103 3168 ficieudum
1152 3126 1217 3165 ac
1259 3117 1405 3164 recte
1422 3108 1705 3179 .ageudum
1748 3117 2091 3177 comparata,
2124 3118 2287 3179 atque
2324 3126 2352 3163 a

2452 558 2587 610 πᾶσι
2624 557 2839 610 πάντων
2874 557 3301 627 ἀνακηρυχοήσῃ
3346 557 3664 628 δεξιώτερός
3702 577 3760 615 τε
3813 563 3912 613 καὶ
3947 562 4049 613 δο-

2451 646 2774 718 κιμώτερος.
2796 649 2909 700 Καὶ
2930 648 3089 701 πάλιν
3120 650 3186 700 τά
3219 649 3316 717 τῆς
3344 648 3681 717 Βουλγαρίας
3726 652 4048 721 εὐεργετὴ⁹

2452 756 2573 798 σαις
2596 739 2928 808 οἰκονομίαις
2956 738 3150 801 θείαις,
3180 736 3260 801 οἷς
3290 738 3357 792 τὰ
3381 739 3449 790 σὰ
3471 740 3807 810 διεξάγηται.
3844 743 3963 794 Ruf
3989 760 4047 793 τι

2453 831 2467 902 ί
2500 832 2541 899 f.
2577 830 2786 902 καίτοι]
2834 831 2924 883 καὶ
2975 830 3070 882 νῦν
3112 830 3211 882 οὐκ
3254 829 3616 894 ἀπολέλοιπας
3645 835 3793 902 ἡμᾶς
3826 835 4045 900 πάντη.

2454 923 2572 975 Κᾶν
2604 926 2712 994 γὰρ
2767 926 2829 976 ὲκ
2850 923 2956 974 τῶν
2992 922 3218 991 βορείων
3250 924 3276 974 ὁ
3321 922 3470 991 ἥλιος
3503 923 3824 992 νοτιώτερος
3871 923 4049 989 γένη-

2451 1031 2563 1077 ται,
2593 1014 2744 1083 ὅμως
2770 1011 3050 1080 ἀναλόγως
3084 1010 3179 1064 καὶ
3210 1010 3405 1063 θάλπει
3436 1012 3529 1063 καὶ
3561 1010 3819 1078 ζωογονεῖ
3844 1012 3941 1063 καὶ
3970 1014 4046 1062 τὰ

2454 1105 2634 1157 πάντα
2696 1104 2772 1175 μὴ
2824 1101 3195 1173 πλησιάζοντα
3221 1118 3234 1130 '
3271 1101 3461 1171 ὥσπερ
3514 1102 3703 1169 ἀμέλει
3748 1101 3843 1155 καὶ
3872 1104 4049 1171 ἡμεῖς

2451 1196 2528 1266 τῷ
2559 1197 2657 1264 τῆς
2692 1195 3031 1263 Πελαγονίας
3055 1194 3233 1265 μέρει,
3258 1194 3366 1246 τῶν
3394 1193 3628 1247 ἀκτίνων
3660 1210 3753 1245 σου
3788 1193 4047 1246 ἀπολαύ-

2453 1305 2604 1355 ομεν.
2672 1287 3104 1355 Ἀπολαύσαιμεν
3141 1285 3199 1338 δὲ
3251 1286 3434 1348 πλέον,
3481 1286 3529 1337 εἰ
3573 1285 3665 1336 καὶ
3695 1284 3755 1337 τὸ
3781 1285 4051 1353 χωρίδιον

2467 1378 2793 1447 ῚΙμόγγιλα,
2830 1381 2887 1431 ἐν
2914 1370 2959 1444 ᾧ
2990 1378 3084 1430 καὶ
3117 1377 3320 1447 ἀρχαία
3348 1375 3504 1445 ἡμῶν
3524 1374 3660 1445 αὐλὴ
3694 1376 4045 1432 συνίσταται,

2452 1469 2632 1539 δοθείη
2694 1471 2762 1539 τῇ
2815 1466 3036 1538 φρουρῷ
3096 1482 3191 1518 σου
3220 1465 3465 1534 Θεοτόκῳ
3517 1465 3604 1518 διά
3649 1464 4049 1534 προσκυνητοῦ

2455 1562 2552 1611 καὶ
2610 1557 2875 1611 σεϐαστοῦ
2939 1575 3028 1627 μοι
3061 1555 3326 1625 σιγιλλίου
3389 1572 3501 1620 σου,
3558 1557 3651 1607 καὶ
3698 1556 3725 1608 ὁ
3757 1556 3816 1606 ἐν
3862 1554 4049 1624 ταύτῃ

2470 1650 2747 1719 Ῥωμανδς
2804 1647 3277 1718 Ὀστρακορωμδς,
3328 1646 3386 1709 ὃς
3440 1648 3504 1699 ἐκ
3541 1645 3639 1715 τῆς
3698 1646 4041 1714 Ἐκκλησὶας

2458 1741 2751 1809 παχυνθεὶς
2780 1741 2901 1791 κατ’
2923 1739 3093 1807 αὐτῆς
3131 1737 3319 1807 λυττᾷ,
3346 1736 3674 1805 ἀνασταλείη
3695 1736 3761 1789 δι’
3793 1735 4048 1789 ἀπειλῶν

2457 1828 2549 1880 τοῦ
2582 1828 2842 1881 αὐθέντον
2876 1845 2999 1898 μου,
3033 1827 3553 1897 παραγγελλομένου
3592 1828 3688 1880 καὶ
3732 1827 3825 1880 τοῦ
3870 1844 4049 1894 στραο

2453 1921 2545 1973 τοῦ
2586 1920 2715 1989 περὶ
2772 1920 2958 1983 αὐτοῦ,
3004 1920 3097 1973 καὶ
3148 1918 3259 1972 τῶν
3304 1918 3478 1973 ἄλλων
3526 1916 3862 1988 ἀνθρώπων,
3890 1918 4049 1971 ὡσάν

2458 2012 2649 2081 μηδενὶ
2699 2011 2852 2084 χώρα
2891 2012 3058 2082 διδοίη
3103 2011 3224 2066 καθ’
3254 2010 3414 2081 ἡμῶν
3450 2011 3559 2064 τῶν
3600 2012 3686 2063 ἀεὶ
3723 2011 4047 2081 εὐιομένων

2455 2103 2597 2173 ὑπὲρ
2615 2106 2677 2173 τῇ
2713 2105 2778 2172 σῇ
2804 2102 3153 2171 εὐδοκιμήσει
3181 2118 3197 2135 ο
3225 2102 3335 2154 τῶν
3358 2102 3445 2155 ἀεὶ
3462 2102 3946 2171 ἀνακηρυττόντων
3968 2103 4044 2154 τὰ

2456 2195 2544 2260 σὲ,
2580 2194 2677 2247 καὶ
2711 2194 2960 2262 γλῶτταν
3004 2194 3234 2263 ἐχόντων
3262 2194 3394 2263 πρὸς
3420 2194 3768 2263 εὐχαριστίαν
3816 2194 4041 2254 οὐδενὸς

2453 2284 2697 2355 χείρονα,
2722 2285 2810 2338 ἵνα
2841 2284 2917 2353 μὴ
2946 2284 3090 2352 λέγω
3112 2286 3194 2337 ὅτι
3244 2286 3339 2337 καὶ
3378 2284 3682 2353 Ῥωμανοῦ,
3725 2285 3819 2337 καὶ
3850 2285 4044 2338 ἄλλων

2455 2376 2692 2437 πολλῶν,
2753 2375 3020 2444 βελτίονα.
3097 2376 3261 2439 ’Δλλ’,
3288 2368 3332 2428 ὧ
3365 2375 3458 2428 τοῦ
3505 2378 3774 2446 μακαρῗον
3810 2377 4045 2428 Δουκῶν

2455 2469 2647 2536 γένους
2720 2467 2788 2520 τά
2839 2468 2975 2521 καλά
3034 2468 3092 2519 ὲν
3164 2467 3341 2537 ἑαυτῷ
3399 2466 3675 2519 συλλαὸὼν
3706 2506 3721 2532 ,
3756 2467 3885 2536 μένε
3950 2482 4048 2536 μοι

2455 2560 2546 2611 ἐπὶ
2575 2559 2673 2628 τῆς
2702 2556 2866 2611 αὐτοῦ
2896 2558 3250 2626 ἁγαῢότητος,
3287 2560 3489 2627 μᾶλλον
3526 2559 3581 2610 δὲ
3615 2559 3911 2619 ἀναϐάσεις
3941 2561 4042 2610 καὶ

2455 2651 2742 2721 προκοπὰς
2803 2652 2860 2703 ὲν
2904 2650 3075 2720 ταύτῃ
3127 2649 3341 2703 τίθεσον
3368 2690 3384 2713 ,
3416 2649 3574 2720 εἴπερ
3597 2650 3711 2702 ὲστξ
3736 2668 3790 2703 τι
3835 2650 4045 2719 μέτρον

2457 2743 2542 2795 ἐπ’
2581 2743 2767 2794 ἐκεῖνα
2798 2740 3167 2811 κατώρθωσας
3190 2758 3206 2773 ο
3242 2742 3335 2794 καὶ
3370 2742 3445 2811 μὴ
3478 2741 3739 2810 ἐκσταιης
3770 2742 3864 2793 τοῦ
3900 2741 4039 2793 θεο-

2456 2832 2606 2884 δότον
2635 2833 2823 2897 τόπου,
2877 2832 2975 2901 τῆς
3002 2831 3362 2901 εὐεργητικῆς
3388 2850 3529 2902 φημι
3580 2834 3671 2885 καὶ
3702 2832 4043 2900 ἀγαοοποιοῦ

2456 2927 2768 2995 διαθέρεως,
2817 2926 2915 2995 τῆς
2939 2942 2997 2977 τε
3039 2927 3131 2978 ἐπὶ
3166 2926 3297 2977 πᾶσι
3336 2924 3827 2995 μετριοφροσύνης,
3880 2926 3916 2992 ἦ
3971 2940 4035 2976 σε

2458 3021 2551 3072 καὶ
2586 3016 2769 3086 minus:
2822 3018 2919 3077 καὶ
2974 3016 3178 3086 ὑψώσει
3221 3020 3339 3085 μὲν,
3390 3016 3549 3086 ἡμῶν
3602 3017 3711 3069 τῶν
3766 3016 4046 3073 ταπεινῶν

2460 3110 2561 3163 κᾶν
2594 3110 2839 3180 αἰτῶμεν
2865 3108 2974 3161 τῶν
3004 3107 3282 3175 συγγενῶν
3320 3107 3478 3177 ἡμῶν
3512 3106 3621 3161 τῶν
3964 3109 4028 3159 ἐν

791 3214 882 3254 tua
912 3202 965 3255 iu
996 3200 1252 3254 onmibus
1279 3199 1675 3262 moderatione,
1710 3212 1832 3267 qua:
1866 3199 2087 3268 quidem
2125 3208 2176 3253 te
2213 3200 2355 3252 cxal-
2384 3199 2424 3251 Ο

2457 3202 2632 3271 τούτῳ
2678 3205 2744 3271 τῇ
2796 3200 3009 3271 μεγάλῃ
3047 3215 3142 3252 σου
3176 3200 3319 3269 χειρὶ
3373 3198 3933 3269 ἀντιλαμΰανόμενον.

794 3296 947 3357 tavit,
974 3302 1029 3347 et
1058 3292 1325 3347 exaltabit
1357 3291 1600 3362 quidem,
1632 3305 1824 3361 magna
1861 3300 1952 3343 tua
1985 3305 2170 3349 tnanu.
2203 3293 2360 3345 nobis
2395 3294 2609 3347 miseris
2644 3301 2699 3346 et
2743 3294 2785 3346 si
2815 3301 3065 3362 petamus
3139 3292 3305 3347 ctiam
3366 3293 3615 3362 cognatis
3693 3291 4026 3345 nostris.....

794 3385 1174 3453 opitulante-tu.

1376 3475 1593 3530 EPIST.
1625 3473 1759 3530 χιιι.

1008 3564 1368 3634 Toruosopufo
1418 3565 1848 3635 Dociscopiurum
1884 3566 2145 3632 episcopo.

867 3656 923 3707 Si
962 3656 1181 3725 quidem
1212 3655 1565 3724 desipientem
1602 3669 1762 3724 atque
1797 3656 2083 3709 insanabili
2114 3655 2381 3709 laborati»

797 3760 901 3798 tem
937 3748 1117 3800 furore
1175 3747 1650 3816 archiepiscopum
1706 3746 1987 3808 audivisti,
2015 3746 2363 3799 sanctissime

794 3836 869 3887 mi
900 3834 1141 3897 domine,
1173 3834 1303 3888 illud
1334 3836 1612 3905 oportebat
1648 3834 1741 3887 tibi
1792 3834 2055 3897 suasisse,
2100 3847 2225 3887 eum
2262 3847 2357 3886 no-

796 3926 962 3979 luisse
992 3924 1080 3978 illa
1109 3940 1229 3993 qua:
1270 3926 1594 3995 scripseras,
1646 3925 1870 3989 audire;
1925 3937 2024 3977 nec
2060 3923 2357 3993 quidquam

798 4016 961 4081 (heu!
997 4017 1089 4085 qui
1121 4013 1173 4068 id
1204 4030 1425 4084 possum
1466 4016 1710 4084 dicere?)
1755 4015 2035 4085 dignatum
2067 4030 2188 4070 esse
2211 4015 2277 4069 ad
2310 4028 2363 4070 te

796 4103 1118 4158 rescribere.
1150 4104 1418 4158 Craterum
1444 4104 1488 4157 si
1546 4118 1671 4157 vere
1701 4102 2001 4156 dementati
2052 4118 2263 4169 sumus,
2297 4117 2363 4158 ac

797 4194 954 4262 quasi
985 4192 1225 4261 pecudes
1253 4192 1381 4245 facti
1438 4192 1804 4260 passionibus,
1852 4201 1905 4246 ct
1956 4192 2219 4261 corrupti,
2245 4200 2301 4247 et
2330 4206 2360 4245 a

798 4285 996 4338 divinae
1030 4284 1355 4339 imitationis
1407 4284 1593 4338 studio
1640 4284 2015 4348 abhorrentes,
2044 4285 2098 4337 in
2136 4284 2239 4337 hoc
2265 4284 2361 4337 ad-

803 4378 911 4431 huc
969 4378 1215 4445 sapimus
1269 4375 1502 4429 videndo
1557 4373 1899 4443 prudentiam
1932 4383 2194 4438 vestram,
2256 4386 2363 4443 qua

800 4470 1089 4534 praestatis,
1140 4474 1196 4521 ct
1254 4474 1474 4535 propter
1548 4479 1711 4534 quam
1788 4466 2031 4533 praeestis
2084 4465 2361 4519 omnibus.

801 4559 980 4611 t\0|l|.0
1010 4566 1119 4610 tam
1153 4556 1343 4610 faciles
1376 4555 1444 4609 iis
1479 4567 1643 4608 aures
1674 4553 1938 4621 praebere,
1965 4554 2056 4622 qui
2093 4553 2366 4607 blaterant

802 4657 1138 4702 t-outranos.
1182 4645 1286 4701 Sed
1334 4652 1484 4699 muta
1546 4644 1675 4698 llam
1719 4644 1859 4697 labia
1916 4643 2364 4698 calumniantium

803 4758 901 4795 nos
932 4741 1073 4809 apud
1106 4748 1254 4793 tuam
1291 4737 1620 4792 bonitatem.
1680 4734 1984 4790 Ostendam
2005 4736 2092 4789 cui
2115 4735 2367 4789 dederint

805 4833 1083 4896 tabellam,
1113 4846 1232 4900 qua:
1260 4830 1327 4884 de
1382 4828 1700 4898 episcopatu
1760 4834 2037 4886 tractaret.
2077 4828 2200 4895 quis
2246 4842 2366 4882 eam

806 4925 962 4977 nobis
1020 4924 1283 4998 attulerit,
1313 4929 1367 4975 et
1427 4931 1555 4974 tunc
1595 4918 1846 4974 saneicat
1872 4931 1993 4986 quat
2024 4918 2235 4981 dicunt,
2267 4932 2368 4974 nos

807 5015 1017 5069 scilicet
1040 5021 1453 5068 contemnentes
1484 5010 1617 5064 nihil
1641 5010 1708 5065 ad
1727 5024 1789 5065 ea
1814 5007 2179 5076 rescripsisse.
2211 5009 2371 5063 Certe

809 5123 901 5175 per
935 5118 1136 5160 sancta:
1159 5105 1353 5158 matris
1408 5111 1513 5174 tua:
1558 5116 1749 5170 preces
1809 5100 2099 5169 inquirite,
2151 5099 2369 5153 cuinam

809 5197 1003 5249 tabella
1039 5197 1160 5248 data
1203 5195 1387 5249 fuerit.
1423 5193 1488 5245 Et
1518 5193 1563 5246 si
1595 5197 1933 5260 compertum
1974 5188 2099 5253 erit,
2136 5204 2222 5244 nte
2248 5203 2369 5243 eam

808 5285 1026 5351 quidem
1085 5282 1381 5350 accepisse,
1430 5278 1565 5332 nihil
1591 5292 1721 5331 vero
1759 5275 2130 5344 rescripsisse.
2173 5289 2372 5345 arguar

810 5388 1066 5441 tanquam
1128 5379 1491 5440 contemptor.
1534 5367 1803 5433 Quoniam
1853 5381 1980 5421 vero
2031 5381 2097 5422 ex
2130 5380 2196 5422 eo
2225 5365 2372 5435 quod

814 5481 921 5518 non
958 5472 1179 5531 accepta
1212 5470 1296 5516 est
1325 5460 1595 5528 scriptura
1625 5457 1833 5511 domini
1876 5458 1978 5514 mei
2015 5458 2083 5511 de.
2112 5457 2371 5525 episcopo

816 5570 1008 5627 agens,
1045 5554 1157 5621 jam
1183 5552 1441 5608 defensus
1473 5567 1613 5617 sum,
1644 5566 1772 5605 ecce
1795 5559 1850 5605 et
1903 5549 1970 5603 de
2022 5549 2140 5618 ipso
2191 5549 2373 5604 scribo

814 5650 1154 5716 episcopatu.
1210 5645 1396 5715 Neque
1430 5644 1574 5699 enim
1629 5642 1784 5699 decet
1815 5649 1876 5696 ut
1908 5641 2140 5712 teipsum
2172 5640 2373 5695 talibus

810 5738 1143 5805 immisceas,
1197 5735 1413 5789 domine
1471 5738 1541 5788 mi
1589 5748 1829 5805 :magna
1891 5734 2034 5789 enim
2086 5742 2139 5790 et
2191 5733 2375 5789 fortui-

3055 3473 3280 3525 ΕΠΙΣΤ.
3327 3472 3409 3526 ll".

2666 3565 2753 3630 Τῷ
2786 3565 3270 3633 Τορνωσοςτούλῳ
3300 3564 3378 3628 τῷ
3408 3562 3839 3616 Δοκισκοπιῶν.

2540 3659 2598 3710 ΕΞ
2636 3658 2733 3718 μὲν
2767 3656 3261 3725 παραφρονήσαντα
3298 3654 3387 3706 τὸν
3416 3653 3847 3722 ἀρχιεπξσκοπον
3877 3652 4038 3721 ηκου-

2470 3767 2588 3811 σας,
2617 3747 2849 3815 πανάγιὲ
2900 3764 3003 3816 μου
3054 3744 3311 3813 αὐθέντη,
3353 3744 3447 3796 καὶ
3487 3742 3683 3811 μανίαν
3731 3743 4041 3810 νοσήσαντα

2466 3839 2922 3909 δυσοεράπεντον,
2951 3837 3013 3889 τὸ
3054 3836 3147 3889 τὸν
3180 3833 3247 3907 [ι’.
3275 3832 3471 3904 τούτῳ]
3501 3834 3605 3885 ἔδει
3639 3849 3696 3884 σε
3726 3832 4035 3899 πεισθῆναι,

2467 3926 2669 3982 ὄτι⁹καὶ
2701 3928 2799 3996 σῆς
2821 3925 3039 3994 γραφῆς
3071 3926 3405 3994 παρήκουσε,
3440 3923 3535 3975 καὶ
3566 3922 3673 3974 οὐδ’
3697 3922 4035 3990 ἀντιγράψας

2467 4018 2627 4089 (φεῦί
2665 4017 2781 4079 πῶς
2813 4017 3010 4082 εῐπω;)
3062 4014 3315 4083 ἠξίωσεν.
3342 4014 3402 4065 Εἰ
3442 4010 3499 4065 δὲ
3541 4011 3651 4063 τῶν
3678 4009 3816 4063 ἀλλά
3859 4010 3924 4081 υ.
3970 4012 4037 4062 τὰ

2469 4112 2627 4185 ἄλλα]
2667 4114 2763 4184 μὲν
2800 4110 3035 4180 ἀφρονές
3067 4111 3255 4178 ἐσμεν,
3285 4102 3375 4160 οἷα
3414 4106 3471 4158 δὲ
3518 4105 3584 4177 [Ῑ.
3613 4103 3703 4176 δὴ]
3744 4103 4035 4175 κτηνὼδεις

2471 4203 2754 4270 γεγονότες
2779 4202 2891 4261 τοῖς
2920 4198 3120 4251 πάθεσι
3147 4197 3242 4249 καὶ
3283 4194 3695 4264 διαφθαρέντες,
3727 4194 3823 4245 καὶ
3850 4193 4036 4261 βδελυ-

2472 4294 2692 4363 χθέντες
2721 4291 2835 4353 τοϊς
2886 4289 3314 4358 θεομιμήσονσιν
3362 4284 3829 4354 ἐπιτηδεύμασιν·
3878 4286 3936 4336 ἐν
3978 4283 4035 4335 δὲ

2470 4384 2647 4453 τούτῳ
2677 4384 2814 4447 τέως
2865 4380 3192 4453 φρονοῦμεν,
3244 4377 3322 4447 τῷ
3374 4377 3573 4430 εἰδέναι
3626 4375 3727 4445 τὴν
3768 4375 4037 4445 ὑμετέραν

2400 4492 2441 4545 D
2470 4470 2760 4542 περιωπὴν
2788 4470 2872 4538 ἐφ’
2901 4462 2968 4539 ἧς
2998 4466 3241 4531 ἴστασθε,
3276 4465 3369 4517 καὶ
3396 4466 3465 4517 δι’
3508 4464 3577 4535 ἡν
3612 4464 3831 4517 πάντων
3869 4463 4034 4529 ὺπέρ-

2466 4561 2674 4617 κεισθε.
2706 4562 2798 4631 Μὴ
2823 4559 2965 4614 οὕτω
2996 4558 3191 4630 ῥᾳδίως
3239 4556 3428 4610 πείθου
3467 4557 3576 4617 τοῖς
3607 4555 3729 4607 καθ’
3757 4553 3913 4624 ἡμῶν
3951 4554 4037 4605 λέ-

2467 4667 2677 4719 γονσιν,
2721 4650 2836 4705 ἀλλ’
2884 4648 3054 4703 ἀλαλα
3080 4645 3367 4716 γενηθήτω
3403 4644 3474 4697 τὰ
3515 4642 3679 4712 χειλη
3728 4640 3837 4693 τῶν
3866 4641 4036 4692 ἐνδια-

2470 4742 2773 4796 ϐαλλόντων
2799 4741 2947 4812 ἡμᾶς
2986 4739 3125 4810 πρὸς
3158 4738 3257 4809 τὴν
3295 4736 3393 4808 σὴν
3439 4734 3770 4803 ἀγαθότητα.
3810 4731 4035 4785 Ἐπιδει-

2470 4831 2719 4897 ξάτωσαν
2757 4830 2864 4883 τίνι
2915 4827 3179 4881 δεδώκασι
3212 4825 3274 4878 τὸ
3323 4825 3608 4878 πιττάκιον
3655 4820 3718 4874 τὸ
3766 4821 3897 4889 περὶ
3939 4821 4031 4887 τῆς

2471 4921 2782 4991 ἐπισκοπῆς
2821 4918 3209 4989 διαλαμϐάνον,
3246 4916 3333 4978 τίς
3373 4915 3504 4983 ἡμῖν
3535 4910 3694 4965 τοῦτο
3725 4909 3997 4978 διεκόμισε
4018 4925 4031 4939 ·

2471 5015 2565 5067 καὶ
2592 5013 2713 5065 τότε
2762 5010 3105 5082 κυρώσονσιν
3140 5008 3284 5077 ἅπερ
3315 5006 3588 5074 λέγουσιν,
3634 5003 3716 5055 ὅτι
3748 5002 3826 5063 ὡς
3868 5017 4032 5052 κατα-

2472 5102 2798 5172 φρονοῦντες
2820 5102 2921 5153 οὐκ
2950 5097 3401 5169 ἀντεγράψαμιν,
3431 5096 3527 5149 καὶ
3572 5093 3710 5162 πρὸς
3739 5095 3838 5161 τῆς
3871 5090 4030 5159 εὐχῆς

2471 5194 2567 5262 τῆς
2595 5192 2756 5261 ἁγίας
2790 5210 2883 5245 σου
2928 5192 3185 5262 μητέρος,
3216 5190 3514 5259 ὲρεύνησον
3545 5184 3675 5254 περὶ
3712 5181 3809 5236 τοῦ
3844 5197 4028 5234 πιττα-

2473 5283 2593 5335 κίον
2626 5283 2735 5334 τίνι
2777 5281 2971 5350 ἐδόθη·
3027 5280 3121 5332 καὶ
3161 5280 3210 5329 ει
3258 5280 3544 5347 εὑρεθείην
3599 5270 3712 5339 ἐγὼ
3747 5270 4031 5338 δεξάμενις

2476 5374 2576 5444 μὶν
2604 5372 2783 5437 τοῦτο,
2835 5372 2911 5441 μὴ
2967 5368 3309 5439 ἀντιγράψας
3361 5368 3455 5429 δὲ,
3502 5365 3580 5427 ὡς
3625 5363 4031 5431 καταφρονητὴς

2474 5465 2895 5534 εὐθυνοήσομαι.
2952 5460 3093 5513 Ἀλλ’
3126 5459 3314 5529 ἐπειδὴ
3347 5457 3475 5526 περὶ
3526 5453 3621 5508 τοῦ
3671 5455 3753 5523 μὴ
3790 5452 4028 5517 δέξασθαι

2473 5555 2692 5625 γραφὴν
2719 5554 2812 5607 τοῦ
2856 5552 3116 5607 αὐθέντου
3163 5568 3264 5617 μου
3317 5550 3444 5618 περὶ
3475 5545 3778 5599 ἐπισκόπου
3816 5543 4032 5610 διαλαμ-

2469 5633 2743 5701 ἶῖἀνουσαν
2777 5645 2871 5701 ἀπ’
2902 5644 3037 5715 ἐμοῦ
3066 5643 3388 5713 λογησάμην
3411 5642 3477 5712 Lf.
3504 5636 3924 5707 ἀπε).ογ.],·ῐεοῦ
3945 5638 4031 5687 καὶ

2480 5738 2605 5807 περὶ
2634 5736 2805 5807 αὐτῆς
2847 5735 2945 5805 τῆς
2978 5736 3280 5803 ἐπισκοπῆς
3316 5733 3513 5802 γράφω
3534 5747 3548 5763 ·
3576 5730 3697 5783 οὔτε
3734 5729 3791 5781 σὲ
3823 5728 3908 5781 τὸν
3940 5729 4031 5781 αὐ-
