4240 6440
211 398 318 461 525

1129 389 1516 452 EPIS’I‘OLJ‘.
1561 387 1763 447 XXXV
1810 386 1850 444 Α
1888 386 1939 444 J.
1991 387 2228 448 LABIIU
2271 390 2541 451 EDl'l‘Ai.

3365 393 3472 458 526

210 516 409 582 θέντην
451 528 551 582 μου
579 509 658 562 δεῖ
689 507 768 571 είς
819 506 887 560 τὰ
934 504 1161 559 τοιαῦτα
1204 503 1614 574 παρεμβάλλειν
1646 503 1810 555 αὑτὸν
1840 579 1851 582 Α
1880 526 1884 549 ‹

1794 517 1810 550 δ
1840 579 1851 582 Α
1880 500 2076 567 danda,
2105 521 2204 560 uec
2237 522 2338 562 nos
2373 508 2442 560 ita
2487 505 2645 562 facile
2676 506 2822 561 circa
2857 507 3046 562 divina
3076 508 3468 579 gratificvuiur.

203 579 572 673 (μεγάλείγάρ
605 604 700 654 καὶ
743 599 995 671 φρικτὰ),
1043 597 1159 650 οὗθ’
1198 599 1348 667 ἡμᾶς
1392 595 1567 657 οὕτως
1595 593 1783 653 ἁπλῶς
1827 579 1864 629 Α

1827 579 1864 629 Α
1898 591 2031 646 Nam
2072 608 2136 648 ex
2175 595 2243 648 iis
2270 597 2360 666 qttl
2418 613 2509 666 per
2537 613 2636 651 nos
2675 598 2738 650 ad
2797 597 3174 667 episcopatum
3206 604 3469 671 assumpti

202 693 270 745 τὰ
331 693 453 744 θεία
495 689 983 761 καταχαρίζεσοαι.
1025 690 1145 741 Των
1183 691 1287 756 γὰρ
1341 689 1418 749 εἰς
1473 684 1779 745 ὲπιεγοπὰς

202 784 632 856 προσαχθέντων
685 781 816 852 παρ’
872 781 1051 850 ἡμῶν.
1113 781 1161 832 οἱ
1220 780 1338 848 μὲν,
1399 777 1459 827 ὲν
1504 777 1674 845 ταύτῃ
1717 777 1782 844 τῇ

213 875 514 944 Ἐκκλησία
535 873 923 935 δουλεύσαντες
949 873 1042 924 καί
1061 871 1148 922 ἐπ’
1177 869 1434 938 εύλαὸεία
1471 869 1566 922 καὶ
1593 869 1784 936 σεμνό-

199 987 327 1037 τητι
360 966 824 1037 μαρτυρούμενοι,
858 965 960 1033 τῆς
1008 963 1313 1030 ἐπισκοπῆς
1371 962 1602 1029 ἐπέσχον
1624 1005 1637 1026 ,
1675 955 1784 1020 οἶος

201 1064 229 1114 ὁ
259 1061 536 1130 Μορῦϐου,
575 1060 602 1111 ὁ
647 1058 969 1128 Πρισδιάνης
993 1075 1008 1088 ο
1045 1058 1093 1109 οἱ
1124 1057 1202 1119 δὲ,
1238 1058 1294 1108 ἐν
1342 1056 1782 1107 Κωνσταντινουο

203 1155 362 1210 πόλει
390 1153 535 1222 λόγῳ
567 1154 659 1204 καὶ
705 1151 1024 1221 διδασκαλίᾳ
1075 1149 1414 1218 λάμψαντες,
1447 1139 1555 1206 οἷος
1599 1147 1626 1196 ὁ
1671 1145 1783 1195 Κα-

204 1249 457 1318 στορίας,
488 1246 883 1316 ο-Βελεγάρδης
909 1262 921 1276 ·
953 1247 1001 1296 oi
1036 1247 1093 1297 ἐν
1128 1242 1476 1314 μοναστηρίῳ
1519 1238 1595 1304 τῷ
1627 1255 1788 1307 μονα-

202 1342 343 1412 δικῷ
400 1342 500 1410 βίῳ
555 1339 962 1409 ἐμπρέψαντες,
1030 1334 1140 1397 οἷος
1201 1336 1229 1385 ὁ
1285 1331 1646 1404 Τριαδίτζης·
1692 1331 1789 1397 τῆς

201 1434 602 1504 ἀρχιερατικῆς
639 1433 794 1498 ἀξίας
826 1431 1111 1500 ἐπέτυχον.
1146 1429 1206 1480 ΕΞ
1259 1429 1358 1496 μὲν
1403 1424 1496 1477 οὖν
1545 1423 1786 1482 τοιοῦτος

200 1529 288 1596 εἴη
329 1527 426 1580 καὶ
452 1531 477 1578 ὸ
523 1525 673 1594 παρὰ
703 1523 797 1576 τοῦ
829 1524 1092 1576 αὑθέντου
1127 1539 1226 1590 μου
1276 1520 1692 1587 συνιστάμενος,
1728 1517 1788 1567 οὐ

203 1620 269 1669 σὺ
305 1619 468 1686 χάριν
505 1618 636 1687 ἡμῖν
665 1614 830 1679 ἕξεις,
874 1613 990 1666 ἀλλ’
1021 1616 1180 1682 ἡμεῖς
1216 1612 1332 1663 σοί·
1368 1611 1416 1662 εί
1443 1611 1499 1662 δὲ
1545 1611 1684 1679 μήτε
1721 1611 1784 1676 τῇ

197 1711 459 1780 ἡμετέρα
493 1709 795 1778 Ἐκκλησία
823 1707 1083 1774 γνωστὸς,
1112 1707 1246 1774 μήτε
1278 1706 1390 1766 τοῖς
1414 1706 1469 1755 ἐν
1499 1705 1789 1755 Κωνστανο

201 1804 518 1854 τινουπῦλει
549 1803 642 1853 ἐπὶ
679 1801 844 1870 λόγῳ,
880 1801 912 1869 ἢ
970 1800 1071 1868 βίῳ
1107 1798 1581 1868 μαρτυρουμένοις
1635 1812 1790 1864 περι-

205 1895 409 1962 φανὴς,
451 1894 583 1962 μηδὲ
630 1891 864 1964 θελήσῃς
922 1891 1099 1960 μάτην
1128 1889 1220 1940 καὶ
1257 1887 1380 1955 είκῆ
1414 1885 1788 1955 προσκροῦσαι

203 1986 351 2052 θεῷ,
391 1987 524 2053 μηδὲ
553 1987 700 2054 ἡμᾶς
736 1985 895 2036 τοῦτο
918 1983 1127 2047 κέλευε,
1165 1982 1212 2033 οἳ
1243 1979 1556 2049 πειθαρχεῖν
1591 1979 1788 2046 μᾶλλον

203 2078 350 2147 Θεῷ,
383 2077 416 2146 ἦ
453 2078 762 2146 ἀνθρώποις
795 2075 1224 2141 διατετὲγμεθα.
1255 2073 1486 2124 Ἔπειτα
1518 2071 1612 2122 καὶ
1633 2070 1791 2121 τοῦτό

205 2184 420 2235 φαμεν,
453 2167 528 2228 ὡς
564 2166 684 2218 οἰδὲ
714 2165 890 2218 λείπει
926 2165 1019 2216 νῦν
1067 2167 1199 2232 ἡμῖν
1231 2164 1523 2231 ἑπισκοπὴ,
1562 2161 1714 2220 ἐκτὸς
1746 2161 1792 2211 εἰ

206 2256 288 2326 μὴ
327 2257 425 2326 τὴν
485 2257 713 2325 [ludiqu
761 2256 909 2321 λέγοι
943 2273 1046 2318 τις,
1094 2251 1158 2326 ἧς
1198 2256 1288 2306 τὸν
1335 2255 1484 2319 ἄξιον
1534 2254 1624 2304 καὶ
1653 2251 1791 2303 πάνυ

203 2345 509 2407 ποθοῦντες
532 2347 714 2415 εὑρεῖν
737 2347 797 2397 οὐ
825 2345 1234 2413 δυνάμεθα.Δεῖ
1261 2345 1370 2414 γὶρ
1400 2342 1592 2412 ἀνδρὸς
1622 2341 1792 2409 ταύτῃ

207 2437 761 2504 συγκεκροτημένου,
793 2437 886 2487 καὶ
923 2434 1082 2506 θοροῦ
1113 2435 1182 2487 τὰ
1214 2435 1556 2502 πθευματικξ
1602 2432 1694 2482 καὶ
1726 2432 1792 2480 τὰ

204 2530 477 2597 κοσμικά.
517 2529 637 2590 Πῶς
669 2528 726 2580 δὲ
777 2530 1104 2597 παρήκουσα
1148 2527 1226 2597 τῷ
1261 2526 1494 2594 αὖθέντη
1533 2543 1655 2595 μου.
1699 2525 1793 2576 καὶ

204 2621 288 2681 εἰς
322 2620 421 2688 τὴν
446 2618 539 2671 τοῦ
566 2620 830 2689 κληρικοῦ
872 2620 972 2688 μὲν
1001 2619 1304 2687 ἀποστολὴν
1338 2620 1439 2670 οὐκ
1473 2617 1688 2688 ἔγραψα
1717 2615 1793 2686 τῷ

205 2711 480 2781 Προξίμῳ
506 2730 519 2776 ;
550 2714 664 2765 Οὐκ
712 2712 926 2764 ἔστειλα
981 2713 1186 2764 ἐκεῖνον
1226 2712 1321 2764 καὶ
1351 2713 1616 2781 πρότερον
1637 2751 1652 2772 ,
1694 2709 1794 2762 κᾶν

206 2803 321 2854 ἁτζ
345 2820 438 2854 του
469 2802 767 2868 Αἰγυπτίου
791 2801 1096 2871 ἀπατηθεὶς
1122 2802 1449 2871 ὑπιστράφτλ
1468 2818 1481 2831 ο
1513 2806 1607 2854 καὶ
1635 2801 1795 2855 πάλιν

207 2894 277 2942 ἐκ
298 2891 558 2961 δευτέρον
587 2895 696 2954 τοῖς
727 2891 1025 2955 ταξεὼταις
1050 2893 1462 2945 συναπέστειλα.
1509 2893 1603 2955 Τίς
1627 2895 1793 2958 ἔστιν,

205 2984 268 3046 ὃς
298 2983 390 3035 τὸν
423 2983 662 3054 καθαρόν
695 3000 786 3036 σου
844 2984 1107 3053 λογισμὸν
1149 2983 1271 3036 καθ’
1315 2985 1472 3054 ἡμῶν
1522 2985 1792 3047 ἐπιτελεῖς

211 3077 402 3137 Δολιός
461 3094 564 3138 τις,
613 3076 688 3139 ὡς
739 3067 937 3140 εόῑκει,
976 3076 1281 3145 ἄνθρωπος,
1319 3078 1414 3128 καὶ
1459 3077 1565 3147 μὴν
1604 3076 1713 3146 γὰρ
1763 3075 1793 3144 ἢ

206 3166 481 3229 διάϐολος.
520 3167 658 3219 Ἀλλ’
691 3169 895 3219 ἐκεῖνον
954 3167 1076 3236 μὲν,
1107 3168 1162 3229 ὃς
1189 3183 1272 3230 τις
1317 3166 1383 3219 ἂν
1423 3167 1532 3234 εἴη.
1564 3166 1794 3237 ϐραύσαι

1892 685 2133 750 fuerunt,
2186 687 2276 740 alii
2311 688 2541 756 hujusce
2582 690 2841 744 ECClCSltB
2900 691 3130 744 Servilio
3165 694 3389 758 addicti,
3422 704 3474 747 et

1889 779 2150 845 religione
2166 791 2217 834 et
2250 797 2462 835 morum
2493 783 2803 851 integritate
2829 784 3069 852 probati,
3092 785 3471 855 episcopatum

1888 872 2264 934 obtinuerunt,
2285 876 2761 945 qualisrpiscopus
2780 875 3318 947 Morobi,episcopus
3338 879 3477 936 l’ris-

1889 966 2081 1018 diana:
2098 968 2196 1020 Alii
2221 984 2369 1029 vero,
2392 971 2483 1037 qui
2505 971 2982 1039 Constantinpoli
3012 971 3209 1027 fulsere
3227 987 3477 1026 sermone

1891 1064 1941 1107 et
1964 1055 2231 1122 doctrina,
2291 1059 2469 1126 qualis
2528 1063 2819 1132 episcopus
2900 1060 3204 1126 Castoria‘,
3263 1064 3476 1132 cpisco-

1893 1162 1994 1214 pus
2027 1147 2266 1218 Belgradi
2292 1168 2305 1209 ;
2334 1151 2495 1220 722
2532 1154 2642 1216 alii,
2675 1154 2765 1223 qui
2802 1154 2854 1207 in
2909 1155 3249 1208 monasterio
3281 1171 3474 1208 mona-

1895 1241 2118 1295 chorum
2148 1244 2252 1296 vita
2300 1247 2643 1298 celeberrimi
2701 1257 3016 1312 evaserunt,
3075 1248 3255 1316 qualis
3313 1248 3476 1303 Triu-

1897 1334 2096 1396 ditzcs,
2130 1335 2502 1404 epise0palem
2540 1340 2780 1392 assecuti
2816 1350 2943 1393 sunt
2986 1340 3325 1409 dignitatem.
3370 1342 3476 1395 Ita-

1894 1443 2023 1494 que,
2051 1442 2175 1478 cum
2209 1429 2332 1480 talis
2369 1430 2458 1488 sit.
2495 1446 2654 1498 quem
2705 1431 2963 1486 dominus
3007 1447 3160 1486 meus
3197 1447 3477 1487 Commen-

1894 1519 2010 1579 dat,
2048 1533 2154 1572 nou
2185 1530 2240 1573 tu
2280 1521 2460 1583 nobis,
2495 1523 2588 1575 tibi
2628 1538 2728 1577 uos
2752 1524 2955 1592 gratias
2989 1505 3333 1578 habebimus.
3373 1524 3478 1579 Ve—

1895 1620 2200 1664 rumtamen
2239 1611 2283 1664 si
2316 1625 2491 1680 neque
2529 1621 2694 1666 notus
2728 1615 2780 1666 in
2832 1613 3074 1668 Ecclesia
3119 1614 3219 1668 hac
3264 1624 3475 1681 nostra,

1897 1719 2071 1770 neque
2102 1703 2167 1757 iis
2217 1704 2308 1770 qui
2343 1703 2820 1774 Constantinopoli
2854 1709 3062 1774 probati
3109 1716 3260 1768 sunt.
3301 1709 3478 1761 mani—

1897 1793 2090 1854 festus,
2134 1794 2383 1846 doctrina
2415 1810 2467 1849 et
2498 1797 2622 1857 vita,
2654 1799 2826 1850 nolito
2858 1798 3026 1850 Deum
3059 1799 3263 1852 frustra
3290 1816 3353 1854 ae
3393 1811 3475 1853 te-

1899 1903 2046 1939 mere
2081 1886 2144 1939 ad
2185 1887 2316 1940 iram
2379 1904 2711 1956 provocare,
2743 1906 2918 1956 neque
2959 1891 3009 1942 id
3045 1891 3204 1944 nobis
3251 1891 3470 1960 jubeas,

1893 1977 1984 2044 qui
2021 1979 2309 2033 statuimus
2350 1980 2532 2047 potius
2565 1980 2671 2034 Deo
2712 1999 2874 2048 quam
2915 1982 3228 2035 hominibus
3262 1984 3475 2037 obtem-

1895 2086 2107 2138 perare.
2145 2071 2350 2125 Deinde
2384 2074 2433 2125 id
2466 2076 2628 2126 etiam
2665 2076 2898 2128 dicimus
2952 2077 3176 2144 perinde
3199 2093 3261 2130 ac
3291 2077 3334 2130 si
3367 2094 3473 2130 non

1895 2162 2032 2215 desit
2062 2163 2218 2217 nobis
2250 2179 2394 2216 nunc
2438 2166 2806 2233 episcopatus,
2872 2166 2975 2220 nisi
3033 2167 3156 2235 quis
3207 2165 3473 2236 Vydinam

1893 2254 2060 2320 dicul,
2095 2270 2196 2322 qua
2237 2255 2456 2324 quidem
2489 2255 2711 2323 dignum
2768 2257 2931 2309 etiam
2967 2265 3220 2327 optantes
3281 2273 3477 2326 possu-

1894 2361 2016 2400 mus
2048 2346 2294 2400 invenirc
2330 2348 2628 2399 nemiuem.
2665 2345 2816 2415 Opus
2865 2347 3011 2400 enim
3048 2356 3128 2402 cst
3162 2348 3277 2400 viro
3307 2349 3372 2400 ad
3413 2349 3478 2402 il-

1896 2439 2002 2492 lam
2032 2449 2239 2507 parato,
2268 2439 2359 2504 qui
2399 2449 2453 2492 et
2485 2441 2790 2508 spiritualia
2829 2448 2882 2494 et
2941 2440 3218 2495 mundana
3263 2442 3469 2496 intelli-

1894 2537 2004 2599 gat.
2033 2529 2318 2594 Quomodo
2364 2539 2543 2583 autetn
2576 2530 2781 2599 neglexi
2822 2531 3103 2584 dominum
3143 2550 3320 2587 meum
3377 2549 3477 2587 au-

1896 2623 2032 2685 dire,
2059 2631 2110 2675 et
2143 2624 2362 2675 mittens
2392 2623 2652 2675 clericum
2691 2638 2870 2675 meum
2924 2625 3128 2677 nullam
3181 2623 3247 2678 ad
3282 2623 3477 2679 Proxi-

1900 2729 2046 2766 mum
2074 2714 2197 2767 dedi
2230 2713 2560 2781 cpi-"tolatn?
2596 2712 2747 2767 Haud
2783 2729 2884 2782 ego
2913 2715 3062 2767 illtun
3102 2715 3247 2777 misi,
3280 2725 3334 2770 et
3360 2716 3477 2784 pri-

1900 2819 2046 2856 mum
2087 2804 2157 2858 ab
2181 2802 2437 2873 Egyptio
2483 2803 2646 2856 etiam
2703 2804 2970 2873 deceptus
3029 2805 3223 2873 pedem
3268 2808 3478 2861 rel‘erre

1899 2904 2124 2949 coactus
2155 2905 2272 2956 est;
2311 2895 2550 2947 secundo
2587 2910 2716 2948 vero
2748 2895 2899 2949 illum
2957 2897 3080 2950 misi
3135 2911 3257 2950 cum
3309 2912 3479 2967 appa—

1903 2988 2183 3042 ritoribus.
2216 2988 2415 3056 Ecquis
2481 2997 2566 3041 est
2595 2987 2686 3056 qui
2743 2998 2856 3041 tam
2907 2989 3130 3057 elegans
3185 2990 3477 3045 adversum

1903 3092 2003 3130 nos
2032 3077 2242 3146 perlicit
2267 3078 2689 3144 argumentum?
2722 3078 2974 3144 Dolosus,
3011 3088 3067 3133 ut
3125 3080 3343 3134 videtur
3373 3082 3474 3134 ho-

1908 3183 2029 3234 mo;
2059 3171 2258 3223 etenim
2295 3169 2659 3224 calumniator
2686 3180 2790 3224 est.
2817 3170 2886 3224 At
2939 3170 3117 3235 illum,
3161 3172 3477 3242 quicunque

213 3260 448 3330 Κύριος,
507 3260 606 3330 τὴν
662 3259 861 3311 κακίαν
920 3259 1086 3312 αὐτοῦ
1134 3259 1472 3330 συντρίϐων·
1538 3261 1702 3314 αὐτὸν
1744 3261 1874 3326 δὲο

1799 3303 1801 3310 ,
1831 3270 1874 3326 ο
1909 3263 2003 3323 sit,
2034 3268 2246 3314 evertat
2280 3260 2545 3314 Dominus
2602 3271 2893 3316 conterens
2923 3262 3187 3315 malitiam
3213 3262 3355 3330 ejus,
3391 3263 3473 3331 ip-

218 3353 478 3421 ἱὼμενος,
525 3352 586 3404 σὲ
619 3351 971 3420 διαφυλάττοι
1012 3353 1143 3422 ἡμῖν
1179 3353 1423 3422 ποταμὸν
1455 3352 1529 3415 ὡς
1577 3353 1797 3422 ὑδάριον

213 3446 397 3496 εἰπεῖν
425 3444 715 3496 ἁδόλωτον.
751 3444 814 3494 Οί
844 3440 888 3494 δ’
927 3443 986 3494 ὲν
1025 3441 1104 3513 τῷ
1135 3443 1391 3516 πολιχνίῳ
1431 3446 1619 3516 ἱερεῖς,
1647 3445 1798 3498 οὐδε-

221 3537 354 3603 μιῖὶς
389 3536 568 3598 ἀδείας
603 3535 659 3604 ἢ,
691 3533 929 3599 ἀνέσεως
963 3535 1172 3604 ἔτυχον,
1210 3538 1314 3589 κᾶν
1342 3538 1430 3602 σὺ,
1462 3539 1490 3590 ὁ
1531 3536 1797 3605 αὐθέντης

222 3645 352 3694 μου,
389 3627 604 3696 γράψας
635 3628 768 3696 ἡμῖν
793 3627 880 3678 διὰ
923 3627 1187 3682 σεϐαστοῦ
1220 3645 1315 3681 σου
1351 3630 1635 3683 πιττακίου
1662 3631 1797 3700 πρὸς

218 3726 311 3771 τ’,ν
342 3721 404 3771 ὲκ
433 3718 728 3788 προσώπου
761 3724 1073 3793 γενομένου,
1105 3723 1291 3777 ἄνεσιν
1322 3724 1505 3787 αὐτοῖς
1535 3724 1796 3787 δέδωκας.

221 3814 336 3864 Καὶ
373 3814 452 3876 εἰς
487 3815 813 3883 παραμονᾶς
841 3817 952 3884 γὰρ
985 3815 1260 3879 ἕλκονται,
1299 3815 1389 3868 καὶ
1421 3818 1500 3876 εἰς
1533 3813 1798 3885 ψωμοζή-

223 3923 350 3974 μιον
370 3921 384 3935 ο
416 3906 703 3959 καὶταῦτα
729 3907 822 3960 τού
851 3908 1214 3978 χρυσοὸούλου
1238 3907 1594 3971 κελεύσαντος
1626 3909 1797 3978 ὑπερ-

222 4002 418 4071 τὲρους
451 3996 590 4054 εἶναι
636 4003 730 4054 καὶ
768 4001 1052 4072 ῥυπαριῶν
1087 4000 1434 4070 λειτουργούς
1473 4019 1530 4054 τε
1564 4007 1656 4054 καὶ
1683 4003 1798 4070 ψω-

225 4093 538 4162 μοξημιῶν.
593 4093 735 4158 Ἐγὼ
775 4094 875 4162 μὲν
912 4095 1050 4161 ὅπερ
1093 4093 1302 4146 δίκαιον
1349 4089 1494 4162 εἶχον
1543 4095 1636 4145 καὶ
1691 4095 1800 4162 ἔχω

223 4189 494 4254 ἐνήνεγκα
530 4184 610 4255 τῷ
642 4187 877 4258 αὐθέντῃ
906 4204 1008 4255 μου
1033 4201 1050 4216 ο
1089 4187 1137 4238 εἰ
1166 4185 1220 4237 δέ
1265 4203 1406 4249 τινες
1451 4189 1517 4256 τῇ
1560 4190 1625 4255 σῇ
1662 4204 1798 4256 χρη-

225 4281 447 4346 στότητι
499 4278 875 4346 ἐμποδίζουσι,
906 4277 1076 4344 γνῶοι
1133 4275 1355 4340 τούτους
1394 4277 1619 4347 ἐχθροὺς
1659 4275 1798 4330 εἶναι

223 4369 322 4422 τοῦ
356 4370 585 4436 ἀγαθοῦ,
621 4369 930 4432 κωλύοντας
963 4371 1060 4423 καὶ
1098 4371 1196 4437 τὴν
1230 4371 1476 4438 καθαράν
1501 4387 1593 4422 σου
1619 4371 1800 4439 ψυχὴν

223 4464 536 4516 ἀποδιδόναι
570 4464 639 4517 τὰ
659 4464 753 4516 τοῦ
783 4463 920 4518 Θεοῦ
942 4463 1021 4533 τῷ
1045 4464 1186 4533 Θεῷ,
1205 4463 1264 4517 ὃν
1287 4465 1344 4516 ὲν
1356 4466 1491 4517 πᾶσι
1513 4463 1799 4532 σύμμαχον

225 4553 389 4623 ἔχων,
441 4555 516 4624 μὴ
555 4553 730 4615 οὕτως
771 4555 899 4616 τοὺς
946 4553 1095 4623 αὐτῷ
1129 4556 1458 4624 ίερωμένους
1505 4555 1670 4626 ἐάσῃς
1725 4558 1797 4623 τῷ
1835 4599 1873 4648 υ

228 4645 398 4714 κοινῷ
442 4647 559 4717 λαῷ
590 4645 958 4714 συνάγεσθαι·
1004 4647 1099 4698 καί
1134 4663 1196 4713 γε
1246 4647 1411 4700 αὑτὸν
1441 4647 1698 4713 φυλάττοι
1742 4650 1797 4698 ὲν

227 4737 550 4806 πολεμικοῖς
604 4741 817 4808 καιροῖς
855 4740 950 4791 καὶ
991 4740 1312 4808 εἰρηνικοῖς,
1351 4739 1488 4808 πρὸς
1527 4740 1689 4792 αὑτὸν
1720 4740 1796 4790 εἱ-

227 4845 360 4898 ρηνε
368 4829 540 4882 ύοντα.

825 4922 1051 4976 ΕΠΙΣΤ.
1102 4921 1198 4977 1Δ’.

757 5012 839 5078 Τῷ
875 5015 1259 5081 Ταρχανείτῳ.

301 5107 412 5157 Καὶ
443 5107 527 5167 τίς
565 5104 746 5174 ἡμῶν,
786 5105 1172 5174 μακαριώτατε
1220 5108 1310 5155 καὶ
1367 5103 1802 5170 μεγαλεπιφανέ-

228 5197 398 5248 στατέ
422 5213 524 5263 μου
545 5196 804 5266 αὐθέντη,
826 5197 877 5246 εἰ
893 5211 954 5261 γε
983 5195 1316 5264 τηλικαύτην
1335 5194 1513 5263 ψυχὴν
1534 5193 1804 5259 ὠφελοὶηο

231 5301 332 5353 μεν
352 5302 368 5350 ;
393 5285 454 5336 El.
477 5286 586 5352 γὰρ
605 5286 732 5337 ὅταν
750 5286 844 5336 καὶ
873 5287 983 5344 τοῖς
1007 5284 1308 5352 ἐλαχίστοις
1329 5283 1666 5351 ποιήσωμεν,
1687 5278 1805 5348 Θεῷ

229 5379 406 5429 ποιεῖν
436 5378 903 5444 πεπιστεύκαμεν,
936 5377 1010 5437 ὡς
1039 5378 1066 5426 ὁ
1091 5375 1264 5442 μέγας
1293 5374 1426 5434 Θεὸς
1472 5375 1566 5425 καί
1615 5373 1805 5439 Σωτὴρ

229 5469 392 5537 ἡμῶν
418 5468 655 5534 ἐδίδαξεν
672 5487 684 5498 ·
719 5470 848 5521 ὅταν
878 5468 1108 5537 μεγίστῃ
1137 5467 1304 5535 ψυχῇ,
1328 5466 1493 5534 ἡλίκη
1520 5465 1735 5526 πάντως
1773 5466 1803 5531 ἡ

232 5568 323 5628 σὴ,
352 5563 622 5630 θησαυρὸν
658 5561 843 5628 ὠφέλῆ
894 5558 1366 5626 καταϐαλλώμεθα
1397 5597 1412 5620 ,
1450 5558 1616 5608 πόσον
1662 5559 1806 5625 ἡμᾶς

230 5656 310 5707 δεῖ
339 5655 725 5721 ὰγαλλιᾶσθαι,
749 5657 844 5706 καὶ
865 5655 924 5705 τὸ
946 5655 1040 5722 τῆς
1074 5655 1443 5720 πνευματικῆς
1467 5651 1806 5722 εὐφροσύνης

235 5749 450 5814 ἱμάτιον
495 5745 821 5800 ἀναδύεσθαι
850 5745 917 5815 [τ’.
945 5743 1110 5815 ὲνδ.]·
1148 5745 1222 5806 ὡς
1253 5745 1409 5812 μόνον
1431 5744 1527 5796 ούκ
1547 5746 1605 5795 ὲν
1626 5746 1809 5814 χερσὶν

233 5844 456 5908 ἔχοντας
483 5839 669 5909 βαρεῖς
711 5855 768 5889 τε
801 5840 894 5890 καὶ
929 5838 1124 5906 ἁδροὺς
1164 5840 1284 5900 τοὺς
1321 5837 1464 5904 ὑπὲρ
1493 5836 1679 5889 τούτου
1721 5855 1811 5908 μι-

1903 3368 2024 3407 sum
2056 3362 2238 3408 autem
2279 3368 2506 3417 sanans,
2541 3362 2593 3406 te
2618 3354 2775 3407 nobis
2803 3353 3028 3417 ﬂumen,
3067 3363 3125 3407 ut
3153 3354 3478 3408 suavissime

1901 3446 2098 3508 dicam,
2135 3444 2418 3514 limpidum
2475 3452 2676 3498 servet.
2705 3443 2869 3499 Urbis
2923 3451 3106 3498 autem
3165 3444 3477 3497 sacerdotes

1903 3536 2109 3590 nullam
2159 3537 2360 3590 habent
2391 3535 2644 3590 fiduciam
2674 3547 2765 3589 aut
2787 3536 3169 3590 remissionem
3198 3553 3212 3601 ;
3239 3537 3341 3590 etsi
3383 3545 3470 3602 tu,

1902 3628 2125 3682 domine
2198 3628 2293 3692 mi,
2363 3644 2486 3682 cum
2549 3628 2710 3681 nobis
2767 3631 3107 3695 scripsisses,
3171 3643 3265 3695 per
3315 3645 3449 3682 vem-

1903 3721 2075 3774 rabilc
2140 3730 2292 3773 tuum
2351 3721 2678 3790 rescriptum
2741 3721 2806 3774 ad
2836 3737 2983 3782 eum,
3041 3721 3135 3790 qui
3185 3723 3247 3772 ἐκ
3301 3738 3406 3791 προ
3427 3737 3476 3770 x-

1901 3812 2054 3865 ώπον
2075 3821 2179 3877 est,
2222 3813 2424 3867 laetum
2459 3813 2835 3866 remissionem
2870 3815 2950 3866 eis
2982 3814 3174 3867 dedisti
3239 3823 3293 3863 ut
3323 3829 3484 3882 para-

1904 3907 2134 3960 mouarii
2168 3906 2322 3968 (iunt.
2351 3915 2406 3960 et
2428 3908 2704 3960 deliciosis
2729 3907 2866 3960 cibis
2898 3909 3237 3964 nutriuntur,
3264 3917 3317 3959 et
3346 3909 3481 3966 hinc.

1903 4011 2026 4048 cum
2049 3995 2273 4064 jusserit
2318 4013 2481 4051 aurea
2517 3998 2686 4060 bulla,
2729 3998 3059 4052 excellentes
3089 4014 3184 4051 eos
3211 4014 3335 4052 esse
3360 4014 3480 4052 sor-

1901 4073 2050 4145 dium
2084 4093 2388 4156 ministros,
2421 4105 2583 4161 atque
2612 4095 2971 4148 delicatarum
3017 4095 3331 4160 epularum.
3367 4095 3478 4162 Ego

1901 4186 2070 4247 enim,
2104 4183 2248 4252 quod
2292 4185 2556 4237 habebam
2587 4194 2640 4238 et
2690 4184 3091 4252 habeojustum
3124 4229 3134 4240 .
3173 4185 3343 4238 olim"-
3385 4188 3449 4236 tlt-

1905 4276 2051 4328 mino
2096 4296 2108 4329 :
2145 4276 2288 4344 quod
2312 4275 2354 4330 si
2379 4277 2473 4344 qui
2503 4288 2631 4331 sunt
2670 4285 2814 4329 tuam
2846 4276 3144 4330 bonitatem
3178 4280 3282 4343 im,
3299 4278 3446 4330 :dtet.

1904 4376 2005 4434 tes,
2032 4368 2176 4421 scias
2208 4368 2343 4423 istos
2381 4383 2504 4422 esse
2538 4369 2667 4421 boui
2700 4368 2974 4432 inimicos,
2997 4365 3351 4435 prohibentes
3381 4384 3451 4438 pie

1903 4473 2017 4510 ram
2050 4465 2196 4510 tuam
2235 4458 2494 4520 animam,
2533 4457 2830 4526 quominus
2861 4453 2970 4510 Deo
2990 4453 3183 4510 reddat
3224 4469 3346 4522 qua
3385 4453 3477 4507 Del

1904 4555 2056 4611 sunt,
2089 4562 2248 4617 quem
2276 4548 2494 4614 quidem
2527 4547 2578 4599 in
2624 4529 2883 4599 onmibus
2928 4546 3135 4598 habens
3185 4543 3478 4596 aurilialo-

1905 4655 2015 4692 rem
2067 4654 2131 4691 ne
2166 4639 2316 4691 siuas
2342 4640 2463 4705 ejus
2495 4638 2670 4689 cultui
2701 4635 2954 4689 addictos
2986 4636 3134 4689 viros
3157 4635 3351 4701 subjici
3379 4651 3479 4700 po-

1902 4732 2032 4798 pulo
2063 4730 2319 4784 universo
2348 4747 2362 4794 ;
2391 4731 2507 4798 ipse
2560 4739 2742 4782 autem
2801 4737 3047 4796 tempore
3101 4726 3223 4779 belli
3254 4737 3303 4778 ct
3328 4727 3480 4794 pacis

1904 4831 2119 4874 tueatur
2150 4830 2222 4884 te,
2250 4837 2376 4889 erga
2430 4821 2608 4890 ipsum
2652 4836 2785 4888 pace
2818 4819 3108 4872 fruentem.

2487 4913 2702 4967 EPIST.
2741 4913 2876 4966 XIV.

2534 5003 2877 5056 Turchauilo.

1977 5098 2180 5166 Ecquis
2249 5109 2519 5159 nostrum,
2573 5097 2890 5150 beatissime
2943 5107 2994 5148 ct
3068 5098 3483 5162 praeclarissime

1906 5194 2148 5256 domine,
2179 5192 2220 5244 si
2251 5201 2357 5243 tam
2400 5189 2638 5257 amplum
2672 5190 2911 5240 animum
2953 5190 3310 5256 consequitur
3371 5191 3483 5242 fru-

1908 5293 2079 5346 ctum,
2111 5284 2157 5336 si
2203 5283 2346 5351 quod
2384 5292 2438 5334 et
2477 5280 2718 5335 minimis
2774 5280 3067 5332 fecerimus
3137 5280 3245 5333 lico
3304 5280 3484 5333 facere

1909 5375 2267 5439 credidimus,
2301 5373 2758 5442 quemadmodum
2784 5385 3016 5438 magnus
3044 5371 3187 5424 Deus
3209 5379 3261 5424 et
3285 5371 3485 5423 Serva-

1911 5478 1996 5519 tor
2020 5476 2205 5521 noster
2233 5466 2444 5529 edocet,
2487 5464 2720 5516 maxima
2750 5463 2914 5515 animi
2939 5463 3246 5524 alacritate,
3283 5472 3487 5531 quanta

1911 5561 2127 5627 quidem
2144 5567 2200 5611 tu
2235 5557 2495 5624 praeditus
2526 5570 2603 5618 es,
2635 5555 2953 5607 thesaurum
2989 5562 3097 5605 tam
3125 5553 3307 5606 utilem
3340 5569 3487 5627 com-

1917 5652 2226 5722 paraverit?
2259 5651 2536 5716 Quantum
2579 5656 2796 5715 oportet
2829 5660 2928 5698 uos
2963 5645 3284 5698 exsultare?
3317 5644 3490 5710 Spiri—

1914 5747 2080 5798 tualis
2110 5748 2274 5797 etiam
2297 5743 2494 5794 laetitia:
2522 5749 2724 5794 restem
2756 5738 3021 5791 debemus
3054 5737 3304 5801 induere,
3329 5736 3489 5804 723

1918 5849 2102 5910 utpote
2131 5837 2224 5908 qui
2250 5837 2425 5893 solum
2459 5849 2566 5890 non
2606 5833 2869 5889 habemus
2897 5833 2950 5886 in
2975 5845 3153 5900 manu
3187 5843 3411 5898 magnas
3438 5836 3492 5881 ct
