4240 6440
774 365 873 423 527

1707 361 1805 419 ΤΗ
1816 360 2283 422 EOPHYLACTI
2315 358 2724 423 BULGARI’E
2785 361 3139 425 ARCIIIEP.

3892 362 4013 425 523

772 474 1054 543 opulentas
1095 487 1188 541 pro
1218 484 1283 525 eo
1310 473 1582 527 mercedes
1620 470 1685 521 ab
1709 471 1800 524 illo
1827 472 1920 541 qui
1979 468 2201 525 verbum
2232 472 2324 523 dat
2354 473 2402 531 Λ
2433 487 2446 521 ‹

2354 473 2402 531 Λ
2433 468 2592 531 σοοὺι,
2630 464 2784 538 παρὰ
2824 467 2919 520 τοῦ
2970 469 3066 521 καὶ
3108 467 3340 531 διδὸντος
3375 469 3525 539 ῥῆμα
3570 473 3683 531 τοῖς
3721 469 4016 537 εὐαγγελι-

769 564 1284 635 cvangelizautibus,
1319 569 1374 616 et
1432 562 1605 615 reddit
1664 561 1959 630 unicuique
2022 562 2329 614 mercedem

766 656 922 725 juxta
954 658 1191 709 laborem
1223 654 1363 722 ejus,
1395 653 1732 707 constituens
1757 668 1922 723 supra
1956 663 2034 708 tot
2065 660 2117 706 et
2146 662 2225 706 tot
2255 652 2336 705 ci-

778 751 969 801 vitates
991 762 1104 811 eos,
1135 747 1223 814 qui
1257 744 1429 796 minas
1464 744 1843 813 multiplicant.
1895 742 2027 798 Nam
2074 744 2184 798 scis
2213 758 2334 796 om-

777 840 907 893 nino
938 838 1212 906 Evangelii
1247 834 1581 904 parabolam,
1610 853 1730 905 qua:
1763 837 1932 890 bonos
1984 851 2176 891 servos
2206 837 2333 890 bea-

772 942 855 985 tos
873 942 925 986 et
948 931 1140 985 divites
1169 930 1341 985 factos
1373 930 1501 983 mihi
1550 931 1621 982 ob
1647 930 1836 982 oculos
1903 929 2107 998 posuit,
2136 937 2189 982 et
2214 943 2332 982 ser-

768 1038 890 1075 vum
923 1022 1228 1091 iniquitatis
1252 1022 1506 1091 probrum
1531 1018 1880 1087 recipientem
1909 1029 1965 1072 et
1991 1019 2332 1074 mendacium

770 1114 991 1177 factum,
1009 1113 1151 1182 quod
1176 1113 1373 1165 minam
1398 1113 1451 1165 in
1474 1112 1696 1166 sudario
1723 1112 2156 1167 mortilicationis
2176 1122 2228 1166 et
2256 1113 2336 1180 pi-

774 1205 949 1271 gritia:
1003 1211 1463 1273 rcposuerat,nce
1520 1203 1897 1257 nummttlariis
1962 1205 2330 1258 commiserat.

775 1293 970 1349 Omnis
1001 1303 1179 1347 autem
1233 1294 1394 1347 homo
1426 1300 1507 1347 cst
1536 1295 1951 1358 nummularius,
1984 1295 2074 1363 qui
2132 1295 2331 1348 denunt

769 1382 1035 1435 sermonis
1066 1382 1277 1450 recipit,
1300 1381 1455 1450 quasi
1513 1383 1671 1450 regiae
1729 1381 1989 1451 imaginis
2044 1383 2333 1437 characte-

769 1488 904 1527 rem.
933 1470 1044 1526 Nos
1076 1472 1264 1540 igitur,
1293 1474 1383 1542 qui
1418 1475 1470 1526 in
1503 1473 1777 1527 sermonis
1824 1474 2186 1528 ministerium
2245 1490 2334 1529 as-

769 1563 972 1632 sumpti
997 1578 1210 1628 sumus,
1250 1563 1508 1617 debemus
1530 1562 1598 1616 ad
1632 1578 1874 1616 mensam
1910 1564 2057 1618 omni
2110 1563 2330 1616 homini

771 1668 1079 1708 sermonem
1117 1652 1441 1721 pretiosum,
1489 1652 1823 1705 dominicum
1854 1654 2125 1705 numistna
2179 1652 2329 1718 dare,

771 1748 891 1814 igne
921 1743 1290 1799 examinatum
1320 1752 1627 1813 argentum,
1666 1753 1815 1797 easta
1858 1742 1951 1799 Dei
2001 1743 2239 1812 eloquia,
2274 1751 2333 1796 ut

2438 561 2709 628 ζομένοις,
2737 558 2829 611 καὶ
2881 559 3221 620 ἀποδιδόντος
3252 561 3467 629 ἑκάστῳ
3507 561 3598 612 τὸν
3644 559 3833 629 μισθὸν
3864 562 4017 612 κατὰ

2435 651 2525 701 τὸν
2592 649 2722 700 ἷδιον
2782 649 2949 699 κόπον
2974 687 2989 711 ,
3049 650 3144 700 καὶ
3199 650 3384 703 ἐπάνω
3423 650 3631 702 πόλεων
3690 652 3863 704 τόσων
3915 654 4020 703 καὶ

2434 741 2628 803 τόσων,
2656 742 2783 801 τοὺς
2812 742 2910 801 τὰς
2949 742 3087 810 μνᾶς
3122 742 3659 805 πολυπλασιὰζοντας
3690 744 4013 801 τάσσοντος.

2434 828 2605 883 Οἶσθα
2636 831 2743 900 γὰρ
2778 834 2994 894 πάντως
3024 831 3122 901 τὴν
3169 831 3263 884 τοῦ
3312 833 3645 901 Εὐαγγελίου
3687 832 4017 902 παραϐολὴν

2431 924 2466 991 ἦ
2503 940 2593 991 μοι
2628 922 2724 974 καὶ
2755 921 2875 985 τοὺς
2904 923 3253 991 εὐγνώμονας
3279 923 3496 984 δούλους
3531 923 4013 993 μακαριζομένους

2432 1012 2530 1065 καὶ
2574 1010 3031 1078 πλουτιζομένους
3067 1012 3375 1080 ὑπέγραφε,
3422 1010 3517 1062 καὶ
3550 1012 3643 1062 τὸν
3695 1011 3793 1077 τῆς
3824 1012 4015 1074 ἀγνω-

2436 1101 2673 1171 μοσύνης
2701 1101 2777 1171 τῷ
2793 1103 2904 1153 δντι
2924 1100 3107 1153 δοῦλον
3135 1102 3527 1171 ὀνειδιζόμενιῦν
3552 1118 3609 1153 τε
3642 1102 3737 1153 καὶ
3769 1116 4013 1169 προσ-χι-

2433 1192 2684 1260 ζὸμενον,
2711 1192 2793 1244 ὅτι
2822 1191 2920 1263 τὴν
2955 1194 3094 1261 μνᾶν
3148 1192 3226 1261 τῷ
3260 1192 3356 1261 τῆς
3398 1192 3715 1260 νεκρὼσεως
3746 1194 3837 1243 καὶ
3868 1194 4013 1258 ἀερ-

2431 1285 2554 1351 γίας
2596 1284 2863 1354 σουδαρίῳ
2897 1286 3321 1354 ὲγκατεδήσατο,
3370 1287 3464 1339 καὶ
3512 1285 3588 1357 μὴ
3628 1287 3743 1348 τοῖς
3791 1301 4013 1352 τραπε-

2432 1375 2606 1438 ζίταις
2649 1376 2928 1427 κατέθετο.
2963 1377 3077 1438 Πᾶς
3113 1376 3175 1427 δὲ
3224 1377 3508 1446 ἄνθρωπος
3541 1378 3913 1447 τραπεζίτης,
3947 1377 4014 1427 τὸ

2430 1462 2525 1516 τοῦ
2579 1465 2737 1531 λόγου
2788 1463 2967 1517 λαϐὼν
3010 1467 3279 1536 χάρισμα,
3309 1468 3385 1529 ὡς
3440 1468 3651 1530 εἰκόνος
3710 1466 4013 1535 βασιλικῆς

2430 1554 2716 1623 χάραγμα.
2753 1556 2845 1607 Δεῖ
2871 1551 2965 1607 οὖν
2989 1557 3134 1625 ἡμᾶς
3162 1559 3396 1625 μάλιστα
3428 1556 3554 1620 τούς
3585 1559 3663 1619 είς
3686 1557 3845 1624 λόγου
3881 1557 4009 1609 διαο

2432 1647 2617 1699 κονίαν
2642 1645 2898 1709 τεθέντας
2928 1648 3065 1717 πρὸς
3096 1650 3272 1701 πάντα
3330 1650 3421 1701 τὸν
3448 1649 3602 1713 λόγον
3633 1647 4013 1718 τετιμημένον

2428 1736 2491 1789 τὸ
2523 1735 2852 1788 Δεσποτικδν
2892 1735 3330 1789 καταϐάλλεσθαι
3354 1738 3620 1805 νόμισμα,
3645 1737 3706 1788 τὸ
3733 1738 4010 1806 ἀργύριον

769 1835 914 1904 quod
945 1844 1190 1888 nostrum
1218 1842 1301 1887 est
1359 1835 1478 1887 sine
1508 1834 1861 1888 damnatione
1909 1836 1998 1900 sit,
2039 1849 2199 1888 omne
2235 1850 2331 1887 au-
2357 1802 2405 1861 Β
2432 1846 2443 1859 ·

2357 1802 2405 1861 Β
2432 1828 2491 1880 τὸ
2517 1827 2886 1896 ἑκυζωμένον,
2916 1830 2983 1882 τὰ
3018 1827 3160 1895 ἁγνὰ
3186 1827 3278 1881 τοῦ
3308 1802 3441 1880 θεού
3468 1802 3645 1895 λόγια,
3673 1802 3848 1881 ἶνα-ἐδ
3872 1802 4011 1896 γοῦν

772 1937 875 1980 tem
908 1925 1118 1994 pondus
1173 1925 1479 1978 accumulct
1533 1926 1797 1993 reliquum
1843 1925 2330 1978 nummulariorum

771 2016 1134 2071 abundantiae.
1172 2015 1287 2083 Ego
1310 2016 1474 2084 igitur
1503 2017 1771 2069 minutum
1803 2030 1877 2068 aes
1904 2016 2001 2070 tibi
2029 2017 2332 2080 committo,

771 2116 827 2157 ttt
866 2119 993 2159 vero
1015 2103 1145 2157 illttd
1174 2102 1304 2156 mihi
1338 2102 1721 2173 multiplicato,
1755 2110 1809 2158 et
1854 2103 2163 2157 thesaurum
2191 2104 2335 2159 obti-

774 2194 928 2247 nebis
972 2193 1026 2245 in
1078 2191 1230 2246 cmlis
1265 2191 1332 2244 ab
1361 2204 1428 2244 eo
1455 2192 1545 2259 qui
1576 2193 1863 2246 thesauros
1911 2191 2262 2247 absconditos
2282 2204 2337 2248 et

774 2284 1076 2339 invisibiles
1138 2284 1407 2353 promittit
1437 2281 1568 2336 dare
1597 2283 1748 2350 juxta
1794 2282 1870 2348 id,
1922 2284 2067 2352 quod
2113 2294 2336 2340 sanctus

773 2374 1150 2430 dixit-Isaias:
1198 2373 1337 2438 Quid
1368 2381 1648 2427 autemest
1693 2374 1819 2425 mihi
1873 2382 2023 2426 tenue
2081 2373 2216 2425 illud
2254 2374 2337 2426 lu-

791 2465 976 2518 crum?
1010 2463 1138 2518 Noli
1162 2464 1404 2519 wmnlari
1431 2464 1484 2515 in
1510 2462 1920 2531 malignantibus
1944 2464 2009 2515 ⁸⁸.
2037 2461 2150 2515 Hoc
2171 2464 2258 2533 [ac
2286 2474 2336 2517 et

756 2556 907 2609 cives
933 2555 1004 2618 ⁸³,
1033 2556 1283 2625 et,gratia
1312 2554 1527 2608 Domini
1548 2551 1678 2607 Jesu
1706 2568 1830 2607 cum
1868 2554 2062 2623 spiritu
2102 2565 2214 2609 tuo.

1368 2811 1587 2866 EPIST.
1623 2810 1738 2865 XV.

1256 2908 1511 2977 Episcopo
1541 2908 1862 2976 Pelagoniae.

846 3001 1066 3070 Accepi,
1125 2999 1295 3054 frater
1350 3001 1406 3053 in
1459 3000 1648 3069 primis
1697 2999 2056 3064 observande,
2132 3000 2336 3057 nostris

2434 1921 2701 1989 ἡμετέρον
2732 1921 2886 1983 ἐκτὸς
2927 1920 3157 1989 εὐθύνης
3194 1921 3280 1990 εἴη
3302 1937 3314 1950 ·
3343 1921 3403 1972 τὸ
3426 1920 3481 1973 δὲ
3512 1922 3621 1972 πᾶν
3665 1920 3850 1990 βάρος,
3882 1923 4013 1973 ἐπι-

2432 2011 2548 2080 κλῷ
2598 2014 2660 2064 τὸ
2708 2012 2895 2065 λοιπὸν
2921 2013 2997 2082 τῷ
3042 2013 3152 2065 τῶν
3202 2013 3545 2082 τραπεζιτῶν
3594 2014 4004 2083 ὲμπορεύματι.

2445 2100 2587 2171 Ἐγὼ
2620 2104 2721 2172 μὲν
2754 2102 2847 2156 οὖν
2882 2104 3204 2158 καταὸἀ).λω
3236 2120 3318 2156 σοι
3348 2103 3545 2156 λεπτόν
3585 2122 3638 2156 τι
3666 2103 3970 2173 κερμάτιον
3993 2120 4007 2133 ·

2437 2194 2500 2247 σὺ
2530 2194 2585 2246 δέ
2621 2212 2711 2263 μοι
2748 2194 2905 2248 τοῦτο
2934 2196 3362 2259 πολυπλασίαζε,
3395 2196 3490 2248 καὶ
3536 2195 3812 2265 Θησαυρὸν
3860 2195 4012 2259 ἕξεις

2436 2286 2493 2337 ὲν
2524 2286 2775 2354 οὐρανοῖς
2804 2287 2952 2354 παρὰ
2984 2285 3079 2337 τοῦ
3107 2286 3413 2353 θησαυροὺς
3453 2284 3806 2354 ἀποκρύφους
3840 2286 4011 2354 ἀορὰ-

2435 2392 2563 2436 τους
2593 2374 3068 2441 ἐπαγγελλομένου
3095 2374 3317 2437 διδόναι,
3348 2376 3487 2427 κατὰ
3518 2374 3611 2426 τὸν
3644 2376 3799 2439 ἅγιον
3827 2376 4010 2426 εἰπεῖν

2446 2464 2704 2519 Ἡσαΐαν·
2732 2467 2789 2517 Τί
2800 2464 2868 2517 δὲ
2890 2466 2952 2517 τὸ
2974 2467 3199 2519 ,λεπτόν
3205 2483 3303 2534 μοι
3325 2466 3666 2534 κερμάτιοι·;
3695 2469 3747 2518 Μ
3758 2466 3789 2532 ἡ
3814 2481 4011 2532 παρα-

2437 2556 2620 2623 ζήλου
2646 2557 2717 2609 ἐν
2753 2558 3277 2625 πονηρευομένρις.
3309 2556 3491 2611 τοῦτο
3522 2560 3673 2609 ποίει
3701 2558 3795 2610 καί
3828 2558 4006 2623 ζήσῃ,

2440 2647 2537 2697 καὶ
2564 2647 2595 2713 ἡ
2622 2645 2780 2714 χάρις
2814 2645 2909 2698 τοῦ
2942 2646 3147 2714 Κυρίου
3189 2644 3364 2714 Ἰησοῦ
3401 2646 3535 2716 μετὰ
3563 2644 3655 2696 τοῦ
3688 2646 4008 2715 πνεύματός

2438 2749 2558 2785 σου.

3032 2825 3255 2881 ΕΠΙΣΤ.
3300 2825 3363 2878 ΙΕ
3386 2866 3400 2881 .

2971 2914 3054 2977 Τῷ
3094 2916 3477 2982 Helm-oriae.

2520 3004 2853 3073 Ἐπυθόμην,
2908 3004 3206 3074 τιμιώτατε
3254 3008 3472 3076 αδελφὶ,
3519 3012 3632 3071 to";
3686 3009 3809 3063 καθ’
3856 3010 4002 3079 ἡμᾶς

779 3090 939 3145 modo
968 3089 1199 3158 negotiis
1228 3087 1462 3157 aliquem
1485 3086 1606 3140 addi
1641 3088 1947 3150 stimulum,
1977 3086 2122 3156 quod
2151 3097 2205 3141 et
2236 3087 2335 3139 tni-
2363 3137 2408 3196 ϐ
2439 3110 2453 3147 1

2331 3116 2335 3125 ι
2363 3137 2408 3196 C
2439 3096 2731 3164 πράγμασι
2755 3097 2963 3165 νυγμὸν
2987 3113 3109 3150 τινα
3148 3097 3398 3165 γενέσθαι
3430 3099 3616 3161 τανῦν,
3646 3102 3739 3153 καὶ
3778 3101 3869 3152 τὸν
3904 3100 4005 3169 μὲν

783 3181 909 3234 litiae
936 3178 1223 3249 pratfectus
1253 3177 1415 3246 paulo
1452 3184 1579 3229 ante
1612 3190 1891 3245 repressus
1946 3184 2051 3240 est,
2078 3185 2131 3229 et
2181 3176 2335 3230 dom-

785 3287 889 3326 nus
922 3268 1203 3325 Eumallus
1232 3267 1519 3332 dimissus,
1543 3266 1768 3335 hujusce
1819 3278 2036 3320 actuum
2070 3268 2333 3336 scriptor,

785 3374 947 3431 atque
976 3375 1006 3415 e
1033 3360 1314 3414 contrario
1344 3358 1569 3412 Michael
1622 3358 1809 3411 domni
1864 3356 2141 3428 Polyeucti
2196 3359 2338 3413 illius

779 3453 883 3505 dux
916 3459 1189 3506 exerettus
1219 3451 1560 3504 renuntiatus
1594 3462 1698 3510 est,
1734 3458 1787 3503 et
1818 3450 2001 3503 animo
2034 3450 2254 3518 quidem
2283 3461 2337 3505 et

782 3551 1008 3612 paterna
1039 3541 1208 3611 gloria
1241 3540 1462 3594 nobilis.
1491 3539 1675 3608 Itaque
1711 3541 1965 3609 quoniam
2006 3555 2069 3593 ea
2106 3540 2183 3593 sic
2209 3555 2342 3592 con-

783 3635 1042 3703 tigerunt,
1074 3639 1128 3684 et
1156 3630 1211 3683 bi
1263 3638 1393 3684 sunt
1443 3629 1544 3683 mei
1574 3629 1802 3697 judiees,
1857 3631 1923 3683 ad
1976 3629 2339 3683 sacerdotium

784 3730 938 3776 tuum
969 3720 1040 3772 do
1064 3719 1296 3783 litteras,
1330 3729 1388 3771 ut
1412 3717 1517 3772 illis
1555 3725 1818 3781 quantum
1878 3728 2031 3787 potes
2076 3732 2231 3786 opem
2260 3717 2341 3771 ie-

785 3827 894 3876 ras,
926 3809 1223 3879 praesertim
1256 3823 1382 3863 vero
1416 3806 1710 3869 Demetrio,
1744 3809 1834 3876 qui
1863 3816 1916 3860 et
1941 3808 2125 3877 plures
2183 3807 2345 3862 habet

788 3900 1062 3963 inimicos,
1089 3897 1355 3966 siquidem
1388 3910 1511 3949 cum
1541 3903 1795 3965 operatus
1822 3895 1984 3949 fuerit
2045 3895 2100 3949 iu
2144 3896 2342 3963 medio,

787 4006 887 4045 nec
940 3989 1197 4043 omnibus
1246 3987 1459 4056 placere
1516 3986 1773 4055 potuerit,
1822 3992 2014 4037 contra
2055 3985 2345 4052 quemdam

787 4079 1125 4134 exoticorum
1160 4078 1482 4145 sapientium
1513 4078 1837 4131 sententiam
1873 4076 2016 4140 tulit,
2066 4090 2133 4131 ne
2169 4076 2345 4129 dicam

788 4168 982 4222 contra
1011 4166 1190 4235 ipsum
1232 4164 1540 4227 Dominum,
1598 4164 1745 4233 quod
1775 4164 1968 4219 melius
2017 4172 2123 4228 est,
2182 4179 2345 4233 quam

790 4258 837 4313 si
877 4272 977 4327 pro
1004 4256 1181 4310 nobis.
1226 4254 1311 4309 Va:
1328 4256 1493 4320 vobis,
1521 4256 1714 4322 inquit,
1750 4271 1868 4308 cunt
1916 4254 1981 4308 de
2012 4255 2155 4309 vobis
2178 4256 2349 4309 Itami-

791 4363 880 4402 τισι
912 4347 1036 4401 bene
1089 4346 1319 4399 dixerint
1358 4344 1425 4399 “.
1490 4344 1692 4399 Praesta
1745 4346 1909 4416 igitur
1956 4348 2245 4414 auxilium,
2300 4349 2347 4403 si

2438 3184 2631 3255 πρώην
2657 3186 3068 3255 στρατηγοῦντα
3103 3188 3541 3257 παρασταλῆναι,
3564 3192 3658 3242 καὶ
3686 3189 4005 3258 ἁναγραφέα

2437 3277 2533 3346 τῆς
2568 3277 2758 3330 τούτου
2789 3277 3041 3347 πράξεως
3073 3278 3440 3349 ἀποσταλῆναι
3472 3280 3563 3332 τὸν
3601 3280 3759 3349 κῦριν
3788 3280 4000 3349 Εὐμᾶλς

2438 3366 2529 3418 λον
2558 3354 2654 3419 triti.
2692 3368 3028 3435 καταστῆναι
3067 3366 3162 3421 νῦν
3192 3370 3497 3439 στρατηγὸν
3540 3370 3631 3422 τὸν
3667 3373 3864 3440 εὐγενῆ
3906 3371 4000 3422 καὶ

2439 3457 2584 3527 ψυχῇ
2624 3456 2721 3510 καὶ
2753 3457 2986 3528 πατρῴᾳ
3029 3458 3155 3529 δόξῃ
3186 3459 3401 3530 Μιχαὴλ
3431 3459 3521 3513 τὸν
3555 3460 3648 3514 τοῦ
3700 3460 3870 3531 κυροῦ
3902 3461 4001 3514 Πο-

2439 3548 2702 3600 λυεύκτου
2732 3549 2877 3619 υἱόν.
2917 3549 3071 3601 Ἐπεὶ
3099 3544 3191 3601 οὖν
3218 3549 3391 3604 ταῦτα
3419 3549 3589 3613 οὕτως
3613 3552 3836 3619 συνιΰη,
3866 3552 3915 3604 οί
3946 3550 4004 3604 δὲ

2440 3643 2629 3710 κριταὶ
2660 3618 2783 3708 ἐμοί
2804 3656 2818 3669 ⁸
2843 3639 3039 3709 γράφω
3070 3642 3137 3710 τῆ
3168 3640 3403 3709 ίερότητί
3451 3657 3566 3705 σου,
3608 3642 3697 3695 ἵνα
3725 3618 3969 3712 χειραγω
3988 3674 3999 3681 -

2440 3734 2695 3801 γητωσαν
2719 3730 2781 3803 [Ῑ.
2805 3761 2872 3809 —_-
2899 3731 3132 3803 γηοῶσι]
3157 3734 3307 3801 παρὰ
3353 3731 3446 3785 σοῦ
3484 3733 3581 3799 ὅση
3612 3733 3871 3802 δύναμις·
3913 3735 4007 3786 καὶ

2451 3819 2686 3889 μάλιστα
2714 3822 2742 3871 ὁ
2776 3823 3105 3889 Δημήτριος,
3134 3819 3191 3881 ὃς
3224 3820 3318 3873 καὶ
3356 3820 3576 3883 πλείους
3614 3822 3725 3889 ἔχει
3757 3823 4006 3892 ἐχθροὺς,

2446 3909 2541 3963 ἅτε
2601 3911 2696 3962 καὶ
2745 3911 2802 3961 ὲν
2860 3909 2937 3978 τῷ
2975 3909 3123 3979 μέσῳ
3166 3910 3537 3979 διενεργήσας,
3581 3914 3674 3963 καὶ
3718 3915 3795 3981 μὴ
3842 3914 4007 3965 πᾶσιν

2447 3999 2643 4068 ἀρέσαι
2673 3997 2948 4067 δυνηθεὶς,
3000 3999 3143 4051 κατά
3191 4014 3334 4061 τινος
3388 3999 3455 4070 [ι’.
3485 4000 3626 4057 καθά
3650 3999 3757 4072 τις]
3791 4003 3857 4054 ὲκ
3898 4002 4009 4055 τῶν

2450 4089 2557 4152 ἔξω
2585 4090 2763 4157 σοφῶν
2790 4090 3128 4159 ἀπεφήνατο,
3165 4089 3251 4144 ἵνα
3282 4089 3357 4159 μὴ
3399 4091 3544 4158 λέγω
3572 4092 3665 4144 τοῦ
3695 4091 3859 4145 αὐτοῦ
3900 4094 4012 4145 Ku—

2451 4180 2591 4249 ρίου,
2622 4180 2697 4241 ὼς
2745 4182 2992 4248 κρεῖττον
3019 4179 3052 4247 ἢ
3089 4180 3210 4233 καθ’
3232 4182 3377 4250 ἡμᾶς
3400 4196 3414 4211 ⁸
3446 4182 3592 4234 Οὐαί
3632 4181 3793 4250 ὑμῖν,
3819 4182 4007 4251 φησὶν,

2449 4267 2595 4319 ὅταν
2616 4264 2813 4333 καλῶς
2835 4266 2992 4334 ὑμᾶς
3011 4268 3065 4319 οι
3089 4266 3388 4335 ἅνθρωποι
3412 4270 3644 4323 εἴπωσι.
3670 4271 4008 4339 Συνέργησον

2450 4354 2562 4423 οὖν,
2590 4359 2645 4411 εἴ
2684 4375 2735 4411 τι
2772 4360 2865 4410 καὶ
2893 4359 3195 4428 πρόσαντες
3231 4360 3417 4423 αὐτοῖς
3447 4362 3789 4429 συναντήσει.
3825 4362 4011 4414 Πάντα

787 4437 918 4507 quid
948 4436 1238 4491 adversum
1270 4434 1377 4490 illis
1434 4435 1732 4503 continget.
1790 4436 1984 4491 Omnia
2044 4440 2191 4492 enim
2226 4452 2347 4506 qua:
2382 4463 2461 4518 D-

2334 4452 2347 4492 ξ
2382 4463 2426 4518 D
2454 4448 2561 4517 γὰρ
2592 4449 2662 4500 τὰ
2693 4447 2789 4500 τοῦ
2843 4448 3454 4517 μεγαλεπιφανεστάτου
3518 4452 3688 4520 κυροῦ
3734 4452 4008 4521 Εὐμαθίου

794 4522 1201 4595 praeelarissimi
1227 4522 1433 4577 domini
1491 4522 1764 4577 Eumatbii
1796 4535 1946 4587 sunt,
1976 4533 2070 4579 tua
2102 4536 2266 4590 sunt,
2299 4534 2353 4580 et

791 4626 880 4670 tua
936 4614 1081 4669 illius
1111 4630 1129 4679 ;
1162 4614 1206 4666 si
1241 4613 1457 4683 quidem
1488 4612 1641 4666 Salva
1675 4613 1763 4666 illa
1785 4623 1869 4669 est
1901 4615 2167 4680 cbaritas,
2195 4625 2249 4670 et
2276 4619 2357 4669 in-

794 4697 1078 4779 spectores
1109 4707 1206 4758 abs
1242 4713 1291 4759 te
1325 4707 1377 4758 in
1410 4706 1665 4760 omnibus
1693 4706 1862 4775 adjuti
1891 4715 2041 4761 sunt.
2082 4706 2355 4763 Caeterum

792 4808 848 4852 et
872 4796 1089 4852 aliunde
1127 4796 1288 4865 hujus
1317 4796 1440 4849 vita}
1474 4794 1679 4849 ﬂuxum
1736 4796 1955 4863 novisti,
1990 4798 2121 4861 imo,
2152 4807 2211 4852 ut
2234 4815 2356 4853 cum

796 4888 1079 4958 Scriptura
1121 4887 1334 4956 loquar,
1370 4889 1681 4954 vanitatem,
1703 4898 1867 4957 atque
1886 4901 1942 4943 ut
1964 4890 2180 4958 quidam
2203 4907 2234 4946 e
2254 4907 2355 4946 no-

795 4979 927 5033 stris
958 4979 1291 5047 sapientibus
1315 4980 1410 5041 ait,
1442 4977 1523 5031 Ne
1543 4979 1809 5046 perturbes
1830 4983 2065 5034 animum
2086 4984 2361 5038 conturba-

798 5081 928 5121 tum.
960 5066 1105 5121 Deus
1133 5076 1311 5121 autem
1340 5068 1430 5123 det
1462 5068 1562 5121 tibi
1598 5071 1650 5121 in
1676 5072 1929 5125 omnibus
1992 5072 2353 5137 intellectum,

798 5168 961 5229 atque
985 5156 1148 5230 ⁵124
1179 5159 1231 5212 id
1263 5158 1477 5224 elfteiat,
1513 5170 1571 5213 ut
1603 5162 1766 5213 timor
1786 5169 1840 5214 et
1872 5161 2205 5216 desiderium
2236 5165 2358 5233 ejus

807 5251 862 5303 in
886 5250 1064 5302 anima
1093 5258 1185 5302 tua
1215 5249 1394 5303 mittat
1421 5248 1655 5302 radices.
1679 5248 1861 5326 Quare
1904 5259 1954 5303 te
1982 5266 2161 5304 veram
2193 5254 2354 5305 vitetn

801 5354 1017 5395 omnem
1046 5340 1101 5394 in
1131 5342 1358 5395 Domino
1388 5339 1646 5394 ferentem
1672 5342 1906 5395 lructttm
1949 5343 2252 5407 inveniens,
2294 5354 2356 5397 ut

801 5430 880 5485 ait
919 5428 1186 5487 Jeremias
1237 5430 1307 5495 ⁸⁸,
1358 5436 1563 5488 inserat
1612 5435 1664 5486 in
1716 5449 1816 5488 suo
1872 5437 2145 5505 paradiso,
2189 5451 2252 5490 ac
2291 5436 2358 5490 de

798 5530 989 5578 sancto
1019 5529 1260 5592 protegat
1288 5536 1499 5592 semper
1530 5523 1918 5593 episcopatum.

878 5692 923 5724 "
959 5693 1103 5750 Psal.
1142 5709 1322 5749 xxxvi.
1370 5698 1417 5751 l.
1494 5696 1539 5728 ⁸³
1568 5695 1695 5752 Luc.
1724 5714 1776 5762 ι,
1807 5700 1902 5756 9.8.

2453 4539 2547 4592 σά·
2586 4539 2680 4590 καὶ
2730 4538 2797 4590 τὰ
2843 4540 2910 4589 σὰ
2953 4538 3193 4591 ἐκείνουο
3265 4541 3424 4609 εἴπερ
3450 4541 3483 4609 ἡ
3529 4542 3716 4611 ἀγάπη
3758 4542 4008 4606 σώζεται.

2453 4629 2564 4681 Καὶ
2600 4630 2649 4681 oi
2681 4631 3065 4682 ἐπισκεπτῖται
3090 4629 3146 4682 δὲ
3177 4632 3328 4700 παρὰ
3358 4631 3454 4683 σοῦ
3481 4632 3540 4684 ἐν
3575 4633 3707 4685 πᾶσι
3745 4649 4013 4703 χειραγω·

2453 4718 2781 4787 γείσθωσαν.
2810 4714 2970 4783 Οἶδας
2996 4722 3104 4789 γὰρ
3125 4720 3219 4772 καὶ
3241 4720 3416 4783 ἄλλως
3441 4720 3540 4790 τὴν
3566 4722 3658 4775 τοῦ
3682 4723 3800 4791 βίου
3821 4724 4010 4775 coam

2454 4810 2803 4881 παλίρροιαν,
2836 4812 2870 4882 ἢ
2914 4810 3116 4878 μᾶλλον
3142 4812 3202 4864 τὸ
3241 4812 3340 4880 τῆς
3386 4811 3608 4882 Γρατῆς
3658 4814 3870 4877 εἰπεῖν,
3913 4830 4014 4881 μα-

2462 4902 2745 4971 ταιότητα,
2788 4903 2882 4954 καὶ
2922 4901 2995 4964 ὡς
3031 4898 3153 4955 εἶπέ
3189 4918 3274 4966 τις
3311 4902 3420 4957 τῶν
3470 4903 3752 4973 ἡμετέρων
3804 4905 4009 4971 σοφῶν·

2463 4991 2677 5058 Ψυχὴν
2721 4992 3163 5060 τεταραγμένην
3202 4992 3290 5060 μὴ
3341 4992 3626 5060 ταράξῃς.
3661 4993 3781 5063 Δῲη
3823 4994 3879 5045 δέ
3930 5010 4009 5046 σοι

2458 5080 2660 5150 Κύριος
2698 5081 2915 5133 σύνεσιν
2947 5083 3002 5132 ὲν
3039 5082 3193 5148 πᾶσι,
3228 5082 3323 5135 καὶ
3368 5082 3462 5134 τὸν
3509 5082 3672 5153 φόὸον
3703 5080 3868 5135 αὐτοῦ
3921 5087 4012 5137 καὶ

2457 5170 2548 5222 τὸν
2580 5170 2739 5223 πόθον
2773 5175 2839 5241 τῇ
2872 5175 2938 5241 σῇ
2983 5172 3127 5241 ψυχῇ
3174 5172 3539 5243 ὲρῤιζωθῆναι
3583 5176 3858 5243 ποιήσειεν
3881 5191 3894 5205 ν
3929 5176 4012 5229 ἵνα

2462 5276 2543 5321 σε,
2578 5261 2671 5312 καὶ
2690 5261 2935 5328 ἄμπελον
2963 5263 3312 5331 καρποφόρον
3340 5264 3518 5315 πᾶσαν
3552 5262 3812 5333 ἀληθινὴν
3841 5264 4012 5335 εὑρὼν

2460 5354 2518 5403 ὲν
2554 5352 2760 5420 Κυρίῳ,
2790 5352 2864 5415 ὡς
2907 5354 3173 5423 Ἱερεμίας
3208 5356 3363 5422 φησι,
3394 5355 3471 5424 τῷ
3510 5355 3819 5423 παραδείσῳ
3852 5357 4010 5409 αὐτοῦ

2458 5444 2813 5511 ἐμ·,ςυτεύσειε
2840 5485 2856 5511 ,
2881 5445 2976 5497 καὶ
3010 5447 3096 5498 ἀεὶ
3122 5448 3186 5515 τῇ
3220 5446 3277 5512 ἐξ
3309 5447 3463 5514 ἁγίου
3490 5447 3761 5517 ἐπισκοπῇ
3795 5449 4009 5500 ἐπισκέ-

2456 5529 2633 5601 emo.

1996 5702 2041 5733 ⁸³
2080 5701 2217 5756 Luc.
2255 5718 2329 5770 \‘l,
2355 5703 2443 5757 26.
2526 5708 2572 5738 ⁸⁸
2609 5706 2810 5763 Jcrctn.
2842 5724 2957 5775 utt,
2986 5710 3071 5764 15.
