4240 6440
197 413 302 474 533

1116 405 1502 469 El’iSTOLtE
1543 406 1746 466 XXXV
1785 406 1829 463 A
1865 407 1919 466 Ι.
1965 409 2204 467 LAMiO
2247 412 2510 470 EDITtE.

3343 412 3450 478 531

196 527 398 587 ὁδίταις
427 525 710 594 σωτήριον.
743 525 802 576 Εἰ
840 523 944 589 γὰρ
982 523 1054 592 μὴ
1084 523 1153 574 δι’
1179 525 1266 590 ἣν,
1303 523 1458 585 ἀλλὰ,
1493 522 1579 574 ἶνα
1605 521 1772 584 σωζό-
1803 525 1844 580 Α

1803 525 1844 580 Α
1876 528 2087 576 cunctis
2121 524 2419 578 viatoribus
2462 524 2718 578 salutare.
2759 525 2815 579 Si
2882 524 2933 578 id
2982 524 3085 576 alia
3138 538 3299 577 causa
3345 539 3449 576 non

200 636 361 687 μενον
387 616 549 680 σώζει
581 618 706 678 τοὺς
728 617 1133 683 διερχομένους,
1168 615 1317 680 ἄξιον
1346 613 1634 675 ἐλεεῖσθαι,
1670 616 1765 665 καὶ

197 706 436 773 μάλιστα
469 705 619 773 παρὰ
663 705 761 758 τοῦ
810 705 1068 757 αὖθέντου
1116 721 1250 772 μου·
1287 704 1516 774 ἀρκοῦσι
1548 703 1679 765 γοῦν
1721 705 1768 754 οἱ

195 798 561 866 ἐκϐληθέντες
596 798 751 861 πεζοὶ
785 797 919 863 πρὸς
963 799 1021 849 τὸ
1070 797 1424 866 συντριϐῆναι
1469 797 1616 864 ἡμᾶς
1639 811 1651 825 ⁸
1681 797 1772 846 καὶ

305 890 618 960 περαιτέρω
647 890 904 960 χορήσειν
935 887 1182 958 [χωρήσῃ
1207 888 1248 958 ?|
1278 889 1310 956 ἡ
1337 887 1531 957 ἐκϐολὴ
1562 888 1648 939 διὰ
1675 887 1771 956 τῆς

199 981 468 1047 μεγίστης
527 996 619 1030 σου
666 980 1021 1048 ἀντιλήψεως,
1054 979 1148 1031 τοῦ
1196 980 1286 1030 ἐπὶ
1341 979 1584 1048 σωτηρίᾳ
1619 979 1772 1047 ἡμῶν

196 1069 606 1136 ὲ-ιδημήσαντος
630 1069 892 1121 αὖθέντου
915 1069 1069 1138 ἡμῶν
1093 1085 1104 1097 ο
1134 1068 1333 1130 ἱκανῶς
1359 1070 1485 1137 γὰρ.
1513 1067 1586 1128 ὡς
1613 1067 1771 1136 ἔφην,

192 1163 241 1212 οἱ
299 1161 676 1229 ἐκϐληθέντες.
714 1161 812 1230 τὴν
863 1160 957 1212 τοῦ
992 1160 1252 1229 θεματίου
1317 1160 1542 1228 μείωσιν
1603 1157 1775 1225 ἐξειρ-

195 1254 458 1317 γάσαντο.
517 1253 590 1305 Οὐ
637 1252 754 1320 γὰρ,
811 1252 1111 1319 Πελαγονία
1151 1251 1218 1303 τὰ
1265 1251 1532 1320 ἡμέτερα,
1582 1249 1695 1301 ἀλλ’
1741 1251 1774 1318 ἡ

195 1343 663 1411 παροιμιασθεῖσα
704 1343 936 1411 βραχεῖα
985 1344 1252 1402 Μύκονος.
1290 1339 1352 1393 ΊΙ
1405 1339 1460 1390 δὲ
1515 1340 1774 1398 θεοτόκος

193 1428 260 1496 ἧς
294 1434 477 1500 ἡμεῖς,
509 1432 542 1501 ἦ
579 1431 756 1484 πάντα
793 1431 984 1483 δίδωσι.
1016 1433 1118 1483 ὅσα
1156 1431 1289 1498 ἡμῖν
1323 1429 1527 1497 ἔργοις,
1551 1427 1663 1497 δῴη
1695 1444 1776 1479 σοι

196 1526 257 1576 τὸ
300 1524 433 1590 πρὸς
463 1525 595 1575 θεὸν
620 1522 995 1592 ἀπρόσκοπον,
1029 1523 1088 1574 τὸ
1123 1522 1257 1590 πρὸς
1286 1520 1512 1590 ἐχθροὺς
1543 1519 1778 1588 ἄκτητον

196 1621 260 1688 lf.
301 1616 631 1688 ἀήττητον]’
668 1618 752 1668 ἵνα
789 1617 992 1685 μείζων
1013 1617 1130 1684 εῖης
1168 1615 1386 1666 πάντων
1424 1612 1515 1664 καὶ
1559 1613 1627 1666 τὰ
1660 1611 1780 1664 θεῖα

197 1714 292 1766 καὶ
319 1713 388 1764 τὰ
425 1711 762 1782 ἀνθρώπινα.

793 1799 1016 1855 ΕΙΙΙΣΤ.
1076 1797 1175 1851 ΙΘ’.

648 1893 730 1958 Τῷ
758 1891 1338 1961 Μερμουγτοπούλῳ.

283 1988 480 2058 Ἐορτή
519 2005 610 2056 μοι
655 1987 724 2038 τὰ
758 1986 895 2055 πρὸς
938 1984 996 2035 σὲ
1041 1982 1366 2051 γράμματα,
1401 1977 1444 2036 ὧ
1487 1983 1689 2042 πάντας
1723 1982 1779 2031 ἐν

198 2083 369 2132 πᾶσιν
395 2080 775 2149 ὑπερλάμπων
799 2079 913 2139 τοῖς
937 2074 1433 2146 χαρακτηρίζουσιν
1455 2075 1740 2141 ἄνθρωπον
1764 2087 1777 2100 °

201 2175 249 2224 εἱ
284 2172 340 2223 δὲ
380 2172 473 2222 καὶ
498 2170 825 2240 γράμμασιν
852 2167 1222 2234 ἁντιτύχοιμι,
1250 2164 1410 2216 τοῦτο
1442 2164 1541 2232 ἤδη
1578 2163 1780 2232 ἑορτῶν

201 2263 333 2330 ἡμῖν
389 2261 552 2331 ἑορτὴ
613 2259 708 2312 καὶ
764 2257 1000 2328 χαρίτων
1039 2256 1246 2325 ἀληθὴς
1293 2256 1574 2322 στέφανος.
1641 2253 1778 2306 Ἀλλ’

198 2357 348 2416 ξπως
391 2353 467 2421 μή
523 2369 611 2421 μοι
645 2353 930 2421 ναρκήσῃς
985 2350 1084 2419 τὴν
1141 2351 1322 2418 χεῖρα,
1367 2346 1501 2400 ἀλλὰ
1552 2347 1782 2414 δεξιώσῃ

199 2448 308 2505 τοῖς
341 2443 509 2495 ποθου
517 2443 726 2512 μένοις,
748 2441 842 2493 καὶ
867 2443 1288 2510 χειραγωγήσῃς
1318 2438 1453 2505 πρὸς
1478 2438 1572 2506 τὴν
1597 2438 1780 2489 ἑστίαν

197 2537 299 2603 τῆς
337 2536 396 2587 ὲν
427 2536 510 2586 σοι
536 2533 855 2600 καλλιόπης.
904 2530 1374 2600 Ἀνδραποδισῖιεις
1406 2529 1512 2597 γὰρ
1545 2528 1649 2579 ὑπὸ
1685 2530 1782 2597 τῆς

199 2628 438 2680 ἐνταῦθα
471 2626 864 2695 τυραννούσης,
918 2624 994 2685 ὡς
1028 2623 1192 2685 εξκὸς,
1244 2621 1534 2690 ἀμουσίας,
1593 2621 1784 2688 δέομαί

201 2737 352 2780 τινος
400 2717 494 2770 τοῦ
531 2719 665 2786 πρὸς
691 2717 760 2769 τὰ
799 2717 979 2768 οἰκεῖα
1005 2713 1092 2766 διὰ
1124 2714 1220 2776 τῆς
1267 2713 1628 2781 ἀναμνήσεως
1655 2711 1784 2777 γοῦν

200 2809 586 2872 ἐπανάξοντος.
602 2807 764 2860 Γενοῦ
787 2824 875 2875 μοι
893 2807 1068 2858 τοίνυν
1085 2797 1239 2865 οὗτος
1266 2803 1428 2864 αὐτὸς
1451 2820 1465 2832 ν
1489 2804 1580 2854 καὶ
1597 2801 1786 2871 ὥσπερ

205 2903 401 2970 παρὼν
432 2902 543 2956 τοῖς
599 2900 709 2958 σοῖς
763 2896 1066 2963 ὲθελγόμην
1105 2895 1284 2960 λόγοις
1319 2892 1598 2961 (ἀλήθειαν
1645 2892 1788 2959 λέγω

204 2998 266 3046 ὲν
332 2991 575 3062 Χριστῷ,
638 2991 700 3042 οὐ
731 2989 1020 3067 ιζίεύδομαι,
1066 2989 1160 3039 καὶ
1230 2986 1373 3037 εἴτι
1435 2985 1788 3053 παρέπτυσας

205 3082 302 3151 [—
328 3079 546 3150 πταισ.]
580 3077 809 3147 μακρῶν
847 3076 1330 3146 λαρυγγισμὰτων,
1368 3073 1455 3141 ἐφ’
1496 3068 1576 3134 οἷς
1608 3073 1791 3124 πολλοὶ

207 3169 733 3240 φρονηματίζονται,
771 3166 994 3235 τέμενος
1021 3162 1395 3232 ὑψηλότερον),
1427 3159 1567 3210 ὥστε
1597 3158 1659 3226 δὴ
1696 3157 1788 3210 καὶ

208 3265 391 3326 ἀπὼν,
418 3262 563 3325 ἄξιος
601 3262 667 3313 ἂν
713 3261 829 3328 εἴην
875 3261 973 3326 τῆς
1018 3257 1267 3322 δοθείσης
1321 3271 1414 3305 σου
1446 3256 1510 3320 τῇ
1566 3250 1785 3320 γλώσσῃ

207 3355 434 3425 γάριτος
458 3351 770 3405 ἀπολαύειν·
802 3351 924 3402 εἰδὲ
953 3348 1027 3418 μὴ
1054 3347 1265 3416 μέλιτος
1292 3345 1438 3413 ἡμᾶς
1465 3346 1492 3395 ὁ
1525 3343 1788 3411 Ὑμηττὸς

211 3445 402 3510 αξιοῦν
459 3444 664 3513 μέλλει,
716 3443 862 3504 τίνος
912 3442 1067 3492 ἓνεκε
1129 3437 1344 3489 πάντων
1379 3435 1536 3504 ὡρῶν
1587 3435 1678 3486 ἐπὶ
1723 3437 1790 3501 τῇ

211 3535 518 3604 ἀνθοφορία
557 3533 934 3602 προκάθηται,
985 3529 1125 3582 Ἀλλ’
1163 3529 1373 3596 ὑποσχῇ
1424 3543 1511 3595 μοι
1548 3542 1792 3592 καταμε-

211 3630 465 3689 λιτῶσαι,
497 3628 592 3679 καὶ
627 3624 844 3692 πλέονῆ
879 3623 951 3692 μὴ
981 3621 1264 3688 βούλομαι.
1297 3618 1505 3670 Οὐκοῦν
1537 3618 1629 3668 καὶ
1658 3616 1795 3685 ἁγίῳ

214 3718 280 3787 ιῙ.
329 3714 463 3784 ἐγώ]
502 3731 582 3765 σοι
616 3711 894 3778 ἀντιδώτῳ
942 3709 1004 3778 If.
1031 3739 1099 3748 ——
1128 3705 1307 3773 δώσω]
1339 3709 1398 3757 τὸ
1447 3707 1541 3757 ἐπὶ
1580 3706 1795 3767 τούτοις

215 3807 590 3875 εὐχαριστεῖν·
641 3805 688 3854 εἰ
739 3803 795 3852 δὲ
831 3800 926 3851 καὶ
971 3799 1398 3868 εὐμουσώτερον,
1450 3797 1482 3866 ἢ
1542 3795 1655 3860 νῦν,
1705 3796 1795 3847 καὶ

215 3898 578 3964 γλυκύτερον,
612 3895 766 3946 ἔσται
805 3894 905 3963 ἢδη
946 3892 973 3942 ὁ
999 3893 1062 3942 ὲκ
1093 3891 1185 3942 τοῦ
1229 3889 1322 3940 σοῦ
1358 3889 1571 3956 μέλιτος
1603 3890 1793 3956 χυμός.

230 3990 288 4040 'O
321 3983 378 4039 δὲ
412 3988 579 4039 πᾶσιν
623 3985 844 4053 ἀγαθοῖς
875 3982 1188 4054 χαριτώσας
1224 3997 1281 4032 σε
1326 3981 1550 4050 Κύριος,
1604 3980 1798 4047 τηροίη

219 4079 399 4145 δεῖτῆς
428 4079 483 4127 ἐν
515 4077 614 4146 βίῳ
633 4077 1018 4143 κρυπτομένης
1039 4075 1234 4133 κῖκίας
1253 4071 1522 4143 ἀνώτερον
1540 4071 1616 4139 τῷ
1632 4071 1800 4122 Ilva-J-

220 4187 352 4236 ματι
404 4167 568 4220 αὑτοῦ
617 4167 693 4234 τῷ
729 4165 916 4233 ἀγαθῷ
948 4167 1180 4233 ὁδηγῶν.

863 4258 1085 4311 ΕΠΙΣΤ.
1123 4256 1204 4310 κ’.

449 4352 529 4417 Τῷ
547 4352 823 4417 σεϐαστῷ
851 4353 956 4405 τοῦ
978 4349 1552 4417 σεϐαστοκράτορος.

303 4447 446 4513 Ἐγὼ
501 4446 557 4498 δὲ
617 4449 708 4499 καὶ
751 4446 932 4505 ἄλλοις
992 4443 1294 4512 μεσιτεύειν
1331 4443 1463 4512 πρὸς
1516 4444 1615 4512 τὴν
1668 4461 1802 4495 παν-

1877 615 2134 681 postulat,
2167 617 2357 667 saltem
2397 626 2450 668 ιιι
2489 623 2763 667 servatum
2807 623 2986 668 servet
3037 623 3448 683 pt'mtereunles.

1875 706 2098 772 dignum
2131 707 2374 774 quidem,
2402 708 2561 775 cujus
2606 705 2805 772 aliquis
2841 707 3184 761 misereatur.
3221 719 3447 771 praeser-

1879 797 1971 850 tim
2005 811 2132 849 vero
2179 797 2435 849 dominus
2482 813 2653 852 meus.
2697 795 2844 850 Satis
2903 795 3065 864 igitur
3100 801 3225 846 sunt
3264 793 3453 846 emissi

1877 892 2088 960 pedites
2120 890 2186 943 ad
2219 906 2316 946 nos
2351 892 2736 955 conterendos,
2767 898 2820 944 et
2853 905 2921 942 ne
2947 890 3085 941 ultra
3119 903 3176 940 se
3209 886 3456 941 conferat

1877 983 2177 1044 immissio,
2209 983 2444 1036 maxime
2483 983 2688 1035 domini
2717 983 2820 1035 mei
2860 980 3084 1042 auxilio,
3117 979 3209 1043 qui
3252 980 3452 1046 populo

1879 1075 2105 1127 interest
2145 1089 2240 1142 pro
2277 1083 2462 1127 nostra
2499 1072 2694 1126 salute.
2745 1071 2911 1135 Satis,
2947 1079 3005 1123 ut
3045 1069 3306 1131 arbitror,
3355 1069 3447 1136 qni

1877 1162 2065 1216 emissi
2095 1171 2244 1223 sunt,
2276 1164 2341 1217 ad
2373 1163 2760 1232 perﬁciendam
2797 1163 2944 1229 parvi
2977 1162 3230 1214 thematis
3269 1160 3449 1211 immi-

1880 1255 2183 1308 nutionem.
2233 1253 2419 1321 Neque
2447 1255 2591 1308 enim
2647 1253 2952 1315 Pelagonia-
2984 1263 3111 1305 snnt
3163 1252 3275 1303 haec
3313 1251 3452 1308 loca,

1879 1347 1971 1400 sed
2003 1347 2054 1400 in
2097 1347 2444 1415 proverbium
2483 1346 2714 1399 deducta
2751 1343 2999 1414 Mycenis
3051 1343 3308 1395 brevitas.
3359 1340 3450 1393 Dei

1879 1446 2057 1492 autem
2108 1437 2277 1492 Mater
2317 1437 2474 1507 cujus
2515 1452 2638 1498 nos,
2673 1451 2791 1503 qua:
2836 1446 3032 1489 cuncta
3069 1434 3161 1486 dat
3196 1449 3457 1502 qumeun~

1880 1544 1984 1597 que
2029 1530 2083 1582 in
2142 1545 2241 1582 nos
2291 1528 2559 1598 operaris,
2614 1527 2706 1580 det
2739 1527 2834 1579 tibi
2891 1526 3163 1580 inoffenso
3199 1525 3333 1593 pede
3389 1526 3453 1576 ad

1881 1621 2050 1673 Deum
2086 1620 2404 1688 provedere,
2441 1629 2602 1687 atque
2632 1619 2699 1672 ab
2755 1617 2991 1672 inimicis
3029 1633 3136 1671 non
3183 1617 3456 1684 superari,

1881 1718 1939 1762 ut
1964 1710 2143 1779 quoad
2176 1709 2355 1761 divina
2385 1717 2437 1762 et
2471 1709 2704 1760 humana
2736 1707 2992 1759 omnibus
3025 1706 3345 1760 antecellas.

2465 1795 2678 1850 EPIST.
2722 1795 2865 1852 XIX.

2447 1889 2895 1958 Mermuntopttlo.

1955 1982 2173 2036 Festum
2234 1981 2364 2034 mibi
2423 1982 2553 2035 dare
2604 1980 2670 2033 ad
2731 1989 2784 2034 te
2840 1980 3071 2040 litteras,
3127 1982 3218 2047 qui
3269 1995 3460 2033 omnes

1883 2074 2160 2139 omnibus,
2189 2087 2309 2142 qua:
2360 2073 2596 2126 hominis
2643 2073 2878 2141 propriae
2909 2080 3060 2132 sunt,
3101 2071 3323 2124 dotibus
3350 2072 3462 2123 cla-

1882 2169 2139 2224 rissimus
2193 2184 2275 2229 es.
2334 2169 2432 2224 abs
2484 2178 2536 2221 te
2595 2175 2777 2220 autem
2825 2167 3033 2219 litteras
3079 2167 3354 2235 accipere,
3407 2166 3460 2219 id

1885 2260 2046 2314 nobis
2073 2259 2289 2328 quidem
2333 2260 2591 2313 festorum
2641 2259 2838 2313 festum
2891 2268 2944 2310 et
2994 2273 3117 2311 vera
3167 2258 3460 2325 gratiarum

1887 2364 2110 2403 corona.
2158 2348 2260 2404 Sed
2297 2366 2363 2403 ne
2396 2359 2606 2419 torpeat
2639 2349 2769 2403 milii
2806 2365 3004 2405 manus
3052 2361 3162 2412 tua,
3214 2349 3322 2402 itno
3369 2365 3462 2417 per

1889 2440 2097 2494 litteras
2127 2455 2264 2509 quas
2294 2441 2476 2510 cupio,
2517 2457 2599 2494 me
2629 2442 2828 2510 saepius
2864 2442 3166 2510 alloquere,
3198 2449 3362 2508 atque
3394 2440 3460 2493 ad

1885 2532 2053 2584 eadem
2091 2533 2360 2600 perducas
2399 2538 2504 2582 tum
2540 2531 2841 2598 elegantia).
2878 2529 3264 2598 Etnancipatus
3316 2530 3463 2582 enim

1891 2623 1959 2675 ab
1994 2622 2096 2675 liae
2142 2622 2314 2674 nostri
2356 2621 2598 2683 domina,
2643 2631 2702 2674 ιιι
2745 2637 2843 2690 pur
2876 2631 2980 2679 est,
3029 2619 3333 2672 rusticitate
3367 2619 3469 2670 ali-

1889 2729 2051 2783 quem
2091 2727 2303 2781 precor,
2352 2713 2567 2782 quinos
2610 2713 2883 2765 monendo
2922 2713 3123 2778 dirigat
3177 2711 3240 2761 ad
3280 2712 3467 2762 ti0l|l2‘-

1891 2810 2049 2860 stica.
2083 2805 2164 2858 Tu
2197 2806 2362 2874 igitur
2389 2812 2509 2858 esto
2562 2805 2649 2858 hic
2707 2805 2862 2864 mibi,
2915 2819 2977 2856 ac
3009 2803 3466 2870 quemadmodum

1891 2909 2212 2968 przesenlem
2267 2898 2345 2950 tui
2402 2913 2484 2949 me
2526 2897 2875 2950 delectabant
2926 2909 3235 2957 sermones,
3272 2894 3470 2946 verila-

1891 3001 1998 3044 tem
2051 2988 2174 3042 dico
2231 2987 2286 3040 in
2347 2986 2588 3048 Christo,
2632 3001 2743 3040 non
2804 2985 3058 3048 mentior,
3115 2984 3218 3038 etsi
3281 2985 3466 3052 longas

1894 3088 2179 3135 aversatus
2211 3095 2272 3134 es
2304 3077 2752 3141 vociferationes,
2796 3084 3016 3146 propter
3055 3091 3193 3145 quas
3247 3076 3468 3145 plurimi

1893 3172 2210 3242 concipiunt
2243 3171 2535 3225 sublimius
2589 3169 2871 3235 templum,
2908 3170 2983 3221 ita
3016 3169 3216 3222 absens
3249 3183 3470 3235 quoque

1892 3266 2092 3334 dignus
2121 3280 2241 3319 sum
2286 3263 2379 3332 qui
2417 3262 2589 3330 gratia
2626 3261 2716 3314 illa
2751 3261 2900 3314 fruar
2930 3275 3094 3328 quam
3136 3266 3228 3311 tua
3285 3259 3470 3327 lingua

1891 3355 2079 3409 sortita
2103 3363 2207 3408 est.
2243 3353 2398 3418 Quod
2431 3352 2477 3407 si
2511 3368 2611 3406 nos
2643 3351 2926 3422 Hymettus
2961 3351 3117 3403 melle
3142 3365 3250 3402 non
3283 3349 3475 3418 digna-

1894 3448 2060 3508 bitnr,
2100 3444 2261 3511 cujus
2291 3443 2464 3513 gratia
2498 3442 2693 3497 ﬂorum
2728 3441 3071 3511 productioni
3103 3440 3284 3494 studet
3317 3443 3465 3492 omni

1895 3538 2054 3606 727
2097 3546 2363 3607 tempore,
2417 3536 2548 3589 mibi
2608 3537 2800 3589 saltem
2852 3535 3139 3603 promittas
3189 3531 3348 3585 melle
3388 3547 3474 3584 me

1896 3628 2221 3698 perfundere
2261 3629 2316 3680 in
2365 3638 2642 3697 posterum
2676 3627 2912 3695 amplius
2951 3643 3111 3695 quam
3146 3627 3287 3678 volo.
3317 3625 3471 3677 llaud

1895 3737 1994 3788 ego
2023 3734 2118 3786 par
2145 3719 2403 3772 referrem
2435 3735 2602 3786 agens
2642 3720 2707 3770 de
2735 3719 2820 3771 bis
2849 3718 2944 3770 tibi
2977 3719 3180 3785 gratias
3215 3717 3394 3784 :quod
3426 3717 3472 3767 si

1896 3809 2198 3878 elegantius
2250 3815 2304 3859 et
2369 3806 2582 3860 dulcius
2646 3807 2756 3870 ﬁat,
2810 3807 2914 3859 erit
2981 3807 3091 3874 jam
3155 3806 3356 3859 mellis.
3395 3816 3472 3857 ιιιι

1900 3915 2118 3954 sueeus.
2165 3900 2424 3953 Dominus
2475 3900 2721 3952 omnium
2777 3901 2872 3951 tibi
2927 3900 3195 3951 bonorum
3244 3899 3470 3964 gratiam

1901 3993 2206 4047 concedens
2246 4001 2296 4045 te
2335 3991 2571 4059 desuper
2603 3991 2806 4059 Spiritu
2839 4007 2939 4046 suo
2975 3991 3116 4044 duce
3147 3999 3366 4044 tueatur
3408 3989 3476 4041 ab

1903 4086 2050 4139 omni
2087 4085 2317 4150 malitia,
2351 4100 2472 4156 quae
2498 4084 2631 4139 latet
2665 4086 2720 4139 in
2765 4085 3044 4138 hominum
3083 4084 3212 4137 vita.

2504 4269 2723 4322 EPIST.
2765 4268 2880 4321 XX.

2323 4362 2540 4414 Sebaslo
2579 4362 2912 4428 imperatoris
2936 4361 3070 4427 ﬁlio.

1987 4449 2242 4503 Volebam
2270 4449 2522 4516 equidem
2555 4451 2606 4503 in
2642 4466 2784 4504 nova
2814 4451 3114 4504 innutritus
3140 4465 3236 4518 spe
3271 4453 3320 4501 in
3353 4450 3474 4502 aliis

223 4537 491 4590 σέϐαστον
519 4536 795 4605 ὑπεροχὴν
822 4532 918 4586 τοῦ
965 4533 1146 4585 κοινοῦ
1206 4532 1489 4596 αὑθέντου,
1521 4533 1796 4585 ὲ.τεκαλοί-
1837 4561 1877 4612 D

1837 4561 1877 4612 υ
1907 4545 2066 4594 etiam
2104 4556 2188 4594 me
2221 4542 2568 4609 interponere
2591 4539 2742 4609 apud
2786 4541 3139 4594 eminentiam
3170 4540 3478 4593 communis

225 4647 338 4698 μην
379 4631 564 4690 κεναῖς
611 4628 793 4680 ἐλπίσι
842 4626 1190 4695 βοσκόμενος,
1227 4625 1462 4691 ὲπεγέλα
1491 4625 1548 4676 δέ
1608 4641 1698 4691 μοι
1739 4625 1799 4674 τὸ

222 4720 405 4788 χρέως
425 4718 595 4780 οὕτως
623 4717 1171 4787 ἀποδουκολουμένῳ.
1214 4716 1481 4784 Ἐμελλον
1525 4715 1633 4782 γὰρ
1676 4715 1800 4766 ὅσον

222 4807 383 4860 οὔπω
406 4809 498 4859 καὶ
538 4809 699 4869 αὐτὸς
725 4807 836 4860 τῶν
863 4808 1079 4860 οἰκείων
1110 4806 1445 4876 στέρεεσθαι,
1498 4807 1591 4857 καὶ
1629 4804 1801 4867 οὕτως

227 4898 515 4967 ἐμπύρως,
545 4897 684 4949 ὥστε
707 4893 846 4950 εἷναί
889 4916 977 4966 μοι
1006 4898 1068 4949 τὸ
1117 4898 1285 4949 κακὸν
1328 4897 1508 4964 πάσης
1554 4895 1803 4964 βοηθείας

225 4989 554 5057 ὑπέρτερον.
603 4988 745 5054 Ἐγὼ
769 4988 899 5057 γὰρ,
947 4987 1182 5055 αὖθὲντη
1211 5005 1337 5054 μου,
1371 4987 1429 5038 τὸ
1465 4986 1661 5056 χωρίον
1688 4986 1715 5036 ὃ
1747 4986 1805 5048 ἐξ

233 5077 488 5144 ἀρχαίων
518 5075 628 5128 τῶν
673 5077 880 5145 χρόνων
938 5079 1187 5144 κατεῖχεν
1234 5079 1267 5145 ἠ
1297 5075 1616 5144 Ἐκκλησία,
1671 5077 1805 5144 μηδὲ

230 5167 526 5234 πρακτικῷ
579 5168 960 5236 ὑποκείμενον,
986 5166 1336 5238 ἀφαιρ[εθ]ὲν
1385 5169 1538 5237 παρᾶ
1578 5169 1673 5220 τοῦ
1707 5168 1805 5236 βα-

234 5257 428 5316 σιλέως
453 5251 612 5326 εὗρον
659 5258 752 5309 καὶ
795 5258 891 5326 τῆς
920 5257 1247 5325 Ἐκκλησίας
1271 5257 1618 5309 ἀποσπασθὲν
1639 5274 1653 5289 ·
1700 5257 1805 5308 ῶσ-

233 5366 344 5416 περ
371 5348 465 5400 οὗν
491 5349 586 5400 καὶ
613 5348 678 5400 τὰ
713 5349 819 5399 τῶν
844 5349 1117 5417 ἀρχόντων
1168 5347 1406 5402 πὰιτων.
1465 5345 1595 5399 Εἶτα
1657 5348 1808 5414 παρὰ

231 5437 328 5489 τοῦ
353 5438 492 5489 κατὰ
552 5439 650 5506 τὴν
702 5439 912 5505 ἡμέραν
966 5439 1274 5506 πρακτορος
1324 5437 1410 5488 διὰ
1440 5438 1640 5505 μικράν
1686 5455 1807 5488 τινα

232 5528 590 5595 παραμυθίαν
639 5529 882 5580 δουλείαν
920 5528 1094 5596 εὑρὼν
1125 5568 1138 5589 ,
1208 5525 1352 5597 εἷγον
1411 5528 1600 5596 ὥσπερ
1657 5529 1804 5581 ἄλλοι

234 5620 440 5670 πολλοί.
478 5618 902 5688 Ἀφαερούμενος
935 5619 991 5670 δὲ
1030 5619 1188 5670 τοῦτο
1214 5621 1362 5686 παρὰ
1387 5618 1479 5670 τοῦ
1509 5619 1674 5686 κυροῦ
1709 5622 1805 5671 αὖ·

235 5716 426 5765 θέντου
457 5716 610 5783 ἡμῶν
632 5760 644 5779 ,
675 5715 995 5784 χαρίζεσθαι
1028 5714 1372 5782 βουλομένου,
1425 5715 1529 5782 ὅτῳ
1552 5716 1616 5766 ἂν
1655 5713 1803 5783 θέλῃ,

233 5812 331 5863 ο’.κ
376 5813 653 5864 ,ἶντετεί-λιι)
716 5813 903 5865 lia-ito;
954 5813 1159 5864 δῖκκεον
1193 5807 1254 5879 ἦν
1301 5812 1373 5880 μὴ
1409 5812 1549 5881 πκρίτ
1585 5815 1679 5878 τῆς
1715 5814 1804 5865 tof-

1903 4631 2106 4686 domiui
2155 4631 2446 4684 admodum
2501 4631 2886 4693 venerabilem,
2939 4631 3125 4684 arrisit
3174 4645 3299 4684 vero
3349 4631 3478 4685 mihi

1906 4723 1979 4777 ita
2001 4720 2237 4774 abducto
2270 4721 2571 4775 necessitas
2597 4738 2611 4773 :
2633 4720 2878 4774 l'ntnrum
2917 4721 3061 4773 enim
3093 4731 3235 4781 erat,
3277 4728 3335 4773 ut
3366 4721 3481 4788 ipse

1905 4829 2121 4883 quoque
2147 4821 2410 4882 quantum
2442 4813 2594 4866 nullo
2625 4827 2865 4880 unquam
2902 4820 3146 4878 tempore
3178 4811 3479 4865 domestiCa

1906 4917 2167 4968 amarem,
2202 4911 2364 4970 atque
2413 4904 2488 4958 ita
2544 4903 2822 4963 ardenter,
2851 4911 2909 4955 ut
2939 4902 3073 4955 mibi
3101 4904 3304 4954 malum
3337 4913 3484 4957 esset

1907 4995 2054 5050 omni
2106 4995 2282 5063 majus
2311 4996 2536 5048 auxilio.
2587 4994 2840 5063 Comperi
2891 4994 3062 5057 enim,
3115 4993 3334 5045 domine
3386 4995 3478 5051 mi,

1907 5101 2094 5154 agrum
2127 5100 2285 5154 quem
2345 5084 2563 5151 quidem
2603 5098 2632 5136 a
2680 5083 2867 5151 primis
2915 5083 3250 5149 temporibus
3293 5097 3480 5150 posse—

1908 5179 1986 5230 dit
2022 5178 2262 5231 Ecclesia
2313 5178 2443 5230 nulli
2494 5176 2800 5245 subjectum
2842 5177 3480 5242 exactioni,occupatum

1908 5271 1976 5321 ab
2001 5271 2326 5338 imperatore
2353 5268 2538 5330 fuisse,
2578 5280 2737 5336 atque
2778 5267 2849 5320 ab
2889 5268 3140 5321 Ecclesia:
3182 5267 3338 5319 bonis
3359 5267 3484 5318 abs‘

1910 5367 2162 5413 tractum.
2231 5357 2303 5413 Ut
2336 5358 2522 5426 igitur,
2558 5358 3019 5424 quemadmodum
3052 5358 3294 5410 omniunt
3329 5358 3480 5425 prin-

1911 5453 2090 5517 cipum
2121 5464 2230 5511 res,
2265 5459 2552 5517 postquam
2582 5449 2723 5517 apud
2757 5457 3069 5502 exactorem
3105 5464 3206 5516 pro
3240 5457 3484 5515 tempore

1912 5541 2224 5592 servitutem
2259 5541 2555 5591 invenerim
2586 5553 2753 5606 parva
2801 5539 3038 5605 quadam
3079 5537 3480 5595 consolatione,

1912 5649 1995 5685 me
2029 5634 2188 5684 habui
2233 5641 2290 5684 ut
2329 5632 2418 5683 alii
2474 5630 2805 5698 complures.
2862 5629 3016 5682 Illum
3064 5629 3209 5681 enim
3255 5642 3284 5680 a
3331 5643 3479 5679 cont-

1913 5725 2059 5776 muui
2098 5722 2320 5775 domino
2353 5729 2539 5773 nostro
2567 5729 2914 5788 occupatum,
2953 5720 3043 5787 qui
3070 5719 3276 5770 donare
3307 5717 3475 5784 cupit,

1914 5833 2018 5870 non
2095 5815 2360 5870 contende
2431 5815 2678 5884 equidem
2739 5817 2783 5868 si
2850 5813 3104 5883 utiquam
3171 5809 3474 5866 donaverit.
