4240 6440
281 330 391 392 537

1206 329 1588 392 EPISTOL/E
1625 319 1831 391 xxxv
1875 333 1915 389 Α
1961 334 2017 394 J.
2049 334 2284 395 LAMIO
2322 335 2582 398 EDITzE.
3417 340 3518 400 me

277 439 382 505 τὴν
399 436 555 504 ὀλοὴν
581 439 922 507 ἐνεμέτρησα
1033 437 1150 510 ἀνι]
1174 439 1470 511 Χάρυϐδινι
1494 441 1586 493 καὶ
1613 441 1672 491 τὸ
1696 458 1857 507 στρα-
1889 447 1930 500 Α

1843 470 1857 483 ·
1889 447 1930 500 Α
1963 444 2106 496 enim
2142 454 2194 498 et
2235 447 2596 513 perniciosam
2631 446 2957 515 Charybdim
2992 459 3244 498 emensus
3292 461 3432 510 sum,
3465 457 3517 500 et

276 531 508 580 τότεόον
543 529 754 597 ἔτριψα,
775 529 946 592 οὕτως
972 531 1227 599 πράττειν
1259 534 1402 599 ἡμᾶς
1429 533 1567 585 πάνυ
1598 533 1850 600 πονηρῶς

279 619 564 685 ἐπείγεται
594 621 621 671 ὁ
652 621 746 672 ἀπ’
807 622 976 690 ἀρχῆς
1019 622 1110 674 τοῦ
1144 622 1302 674 πόνου
1335 625 1400 690 τῇ
1435 622 1592 688 φύσει
1632 622 1847 687 αἴτιος),

279 709 632 762 ἐπανελθόντι
665 711 794 777 γοῦν
818 730 906 780 μοι
936 713 1168 782 γράμμα
1197 713 1294 780 τῆς
1318 715 1414 781 σῆς
1437 714 1745 781 ἁγιωσύνης
1770 716 1849 777 εἰς

276 799 471 862 χεῖρας
501 799 778 862 ἐνέπεσεν,
820 799 992 863 οὕτως
1021 803 1117 870 ἡδὺ
1142 803 1327 868 φανὲν,
1368 802 1443 864 ὡς
1477 803 1594 854 οὐδὲ
1626 805 1847 862 ναύταις

277 887 342 937 τδ
371 889 433 938 ἐκ
462 889 714 958 πρύμνης
758 892 974 955 πνεῦμα
1005 894 1144 961 ἐπήν
1187 910 1246 944 κε
1281 895 1528 959 κάμωσιν
1578 894 1847 957 εὐξέστοις

277 980 568 1048 ἐλάτῃσινζ·
604 983 651 1033 εί
687 981 865 1049 βούλει
897 984 949 1035 δέ
984 1001 1093 1051 μοι,
1131 985 1277 1054 πηγὴ
1317 987 1382 1051 τῇ
1409 984 1614 1052 διψώσῃ
1641 984 1841 1052 94.951!)-

275 1071 424 1121 Ἂλλ⁶
451 1074 599 1140 ὅμως
631 1075 704 1141 μή
744 1074 808 1141 μέ
848 1092 973 1126 ποτε
1015 1077 1282 1145 στερήσῃς
1335 1078 1431 1142 σῆς
1483 1075 1669 1135 λαλιᾶς
1715 1073 1845 1126 ταύο

277 1178 383 1232 της
411 1163 512 1231 τῆς
553 1162 762 1231 ὡραίας
786 1181 799 1194 ο
837 1166 922 1217 ἀεὶ
952 1165 1007 1217 δὲ
1041 1168 1134 1217 καὶ
1179 1166 1266 1218 ἀεὶ
1317 1166 1627 1228 ἀκουτίζοις
1651 1183 1714 1232 με
1747 1167 1844 1234 τὴν

275 1254 468 1320 φωνήν
500 1271 614 1313 σου,
667 1255 866 1306 ταυτὸν
905 1255 960 1306 δὲ
1016 1258 1191 1307 εἰπεῖν
1225 1257 1317 1308 καί
1359 1257 1458 1325 τὴν
1500 1256 1840 1321 ἁγαλλίασιν.

289 1343 379 1393 Ἐν
411 1345 517 1410 γὰρ
547 1343 686 1396 οὕτω
707 1345 1118 1415 ἁπαρακλήτοις
1147 1346 1386 1413 χωρίοις,
1413 1346 1612 1413 μᾶλλον
1656 1345 1712 1396 δὲ
1741 1362 1840 1396 κα»

274 1434 439 1496 κίσας
471 1437 1064 1505 πάσηςέργαστηρτοις,
1097 1438 1240 1505 εἰμὴ
1267 1439 1358 1489 καὶ
1383 1437 1545 1497 αὐτὸς
1571 1434 1838 1503 ψωμίζεις

275 1525 430 1592 ἡμᾶς
463 1527 560 1585 τὰς
590 1526 843 1592 γλυκείας
908 1530 1197 1595 κεφαλίδας
1253 1528 1476 1591 ταύτας,
1512 1528 1574 1588 ἃς
1604 1529 1679 1588 ὼς
1719 1527 1839 1597 χεὶρ

273 1615 400 1666 θεία
454 1617 546 1667 καὶ
599 1617 1080 1680 καλοδιδασκάλους
1126 1619 1324 1683 οὔσας,
1376 1621 1429 1671 τί
1487 1619 1600 1672 ἀλλ’
1654 1620 1686 1688 ἢ
1744 1637 1838 1670 κα-

270 1709 581 1778 ταρρυῆναι
630 1710 725 1775 μὲν
771 1713 898 1778 ἡμῖν
930 1715 1006 1774 είς
1037 1712 1182 1782 ᾅδου,
1205 1713 1543 1781 ἀπορρυῆναι
1591 1713 1646 1763 δὲ
1701 1713 1835 1779 πρὸς

273 1800 463 1851 πᾶσαν
512 1801 709 1853 κακίαν
769 1802 1054 1868 λείπεται;
1090 1806 1180 1873 Μὴ
1214 1804 1450 1858 παύσαιο
1487 1805 1665 1856 τοίνυν
1693 1803 1834 1856 οὕτω

273 1889 486 1957 βάλλων
533 1892 624 1944 καὶ
674 1893 851 1962 λύπην
907 1897 997 1948 καὶ
1053 1896 1270 1960 κακίαν,
1306 1898 1403 1958 τὰς
1457 1895 1550 1948 τοῦ
1599 1897 1834 1965 πονηροῦ

270 1978 332 2029 δύ
351 2007 363 2028 ι
397 1984 602 2048 χεῖρας,
629 1978 714 2046 αἷς
740 1986 887 2052 ἡμᾶς
926 1986 1207 2037 συλλαϐεῖν
1235 1986 1507 2052 ἐπείγεται
1533 1986 1616 2039 ἀεί
1638 2005 1688 2038 τι
1712 1985 1834 2038 καθ’

270 2070 431 2136 ἡμῶν
464 2072 883 2139 παλαμὼμενος.
928 2076 1089 2128 Ἀλλὰ
1135 2077 1305 2128 ταῦτα
1362 2079 1476 2145 μὲν,
1513 2081 1574 2130 σύ
1612 2096 1690 2140 τε,
1741 2077 1834 2129 καλ⁵

274 2161 535 2228 μὴαξίων
570 2163 736 2214 ὄντων
775 2165 951 2234 ἡμῶν,
995 2169 1328 2236 προμηθεύει
1357 2167 1706 2238 [[.-μῆθευε
1757 2171 1835 2222 rel

266 2251 654 2323 -μηθεύοις].
687 2259 778 2306 καὶ
809 2257 940 2316 Θεὸς
970 2258 1078 2328 δῴη
1127 2259 1377 2329 καθάπερ
1403 2260 1710 2327 ἠλπίσαμεν
1733 2277 1746 2290 ·
1780 2263 1830 2314 οἱ

265 2343 321 2395 δέ
361 2344 508 2407 ἇγιοι
542 2348 833 2416 Σερῤἦται,
867 2351 973 2402 ο;δ’
1009 2355 1172 2415 αὐτὸς
1216 2355 1313 2422 μὲν
1355 2356 1530 2420 ἀγνοῶ
1561 2358 1622 2406 ἐκ
1663 2357 1830 2407 ποίων

266 2435 479 2500 αίτιῶν,
516 2440 609 2490 καὶ
652 2439 727 2502 ὡς
760 2445 821 2492 ἐκ
880 2443 972 2492 τοῦ
1017 2444 1115 2511 τῆς
1163 2447 1424 2513 ἀναρχίας
1479 2448 1828 2515 κυμαίνονται

266 2527 602 2595 πνεύματος,
639 2530 778 2599 πλὴν
807 2534 905 2584 οὐκ
933 2533 1038 2602 ξχω
1069 2535 1184 2596 πῶς
1219 2537 1278 2587 τὸ
1311 2537 1524 2606 πνεῦμα
1572 2555 1830 2590 καταστε-

264 2616 340 2666 λῶ
373 2633 386 2646 ·
413 2617 533 2670 οὔτε
583 2622 689 2688 γὰρ
725 2623 857 2683 ὅλως
916 2625 1023 2676 τῶν
1064 2627 1120 2677 ἐν
1159 2629 1221 2695 τῇ
1254 2631 1388 2696 μονῇ
1443 2646 1524 2689 τις
1569 2629 1715 2691 ἄξιός
1740 2648 1826 2697 μοι

263 2707 522 2774 τοιαύτης
554 2712 876 2776 ἐπιστασίας
911 2715 1178 2781 φαίνεται,
1208 2717 1328 2770 οὔτε
1360 2718 1465 2769 τῶν
1498 2719 1692 2783 ἔξωθέν
1743 2738 1824 2783 τις

263 2797 608 2864 εὐπόριστες.
637 2803 754 2852 Δεῖν
783 2799 874 2854 οὗν
915 2806 1083 2874 κρίνω
1131 2807 1224 2858 τοῦ
1269 2808 1441 2860 κακοῦ
1506 2811 1822 2878 προελέσθαι

260 2889 322 2939 τὸ
359 2890 599 2956 κάλλιον,
669 2894 854 2963 ἐπειδὴ
891 2895 948 2946 τὸ
1001 2898 1162 2948 καλὸν
1201 2899 1260 2949 οὐ
1329 2901 1606 2967 πάρεστιν.
1668 2901 1822 2951 Ἀ).λᾶ

259 2980 437 3031 ταῦτα
475 2982 570 3048 μὲν
598 2984 878 3051 ποῤῥωθεν
904 2988 1117 3037 σκοπῶν
1146 2989 1356 3055 γράψω.
1387 2989 1444 3038 ΕΞ
1474 2989 1527 3039 δὲ
1577 2992 1818 3055 ἀναγκα-

1954 542 2129 588 castra
2180 537 2547 603 obambulavi,
2581 539 2652 591 ita
2696 538 2872 591 facere
2906 553 3006 591 nos
3057 538 3300 604 improbe
3350 540 3512 599 regit,

1952 625 2041 695 qui
2063 626 2130 679 ab
2163 627 2319 680 initio
2341 629 2554 695 quidem
2586 637 2791 682 natura:
2817 629 3016 681 laboris
3054 643 3272 680 causam
3307 627 3506 694 dedit),

1951 729 2072 768 cum
2110 715 2274 781 igitur
2320 728 2619 770 reret-terer
2650 758 2662 778 ,
2699 718 2841 769 illico
2872 717 3000 769 mihi
3035 717 3258 768 reddite
3298 717 3514 768 fuerunt

1951 809 2261 862 sanctitatis
2312 817 2418 861 tua!
2467 809 2676 870 litterm,
2716 810 2859 878 quod
2919 822 3023 860 tam
3060 810 3219 861 dulce
3270 810 3422 870 mihi,
3455 817 3513 860 ut

1950 913 2125 964 neque
2151 899 2221 949 ita
2252 899 2437 950 nautis
2464 909 2655 950 ventus
2688 916 2712 950 a
2748 899 2931 967 puppi,
2953 906 3236 965 postquam
3267 897 3510 964 levigatis

1949 989 2113 1041 remis
2148 989 2237 1040 diu
2269 991 2672 1045 laboraverunt.
2713 1006 2886 1058 neque
2916 990 3118 1042 sitienti
3164 1002 3344 1048 cervo,
3381 988 3425 1042 si
3454 988 3506 1041 itl

1948 1080 2100 1139 velis,
2125 1095 2390 1147 aquarum
2417 1081 2558 1136 fons.
2579 1080 2981 1140 Verumtamen,
3010 1097 3074 1133 ne
3106 1082 3242 1133 desit
3267 1095 3503 1145 unquam

1948 1169 2108 1222 nobis
2146 1180 2452 1236 Opportuna
2487 1171 2699 1238 loquela
2732 1181 2816 1222 tua
2849 1185 2862 1232 ;
2900 1169 3006 1220 imo
3032 1169 3126 1222 des
3168 1184 3411 1238 operam,
3447 1177 3507 1220 ut

1944 1259 2089 1311 omni
2120 1274 2217 1327 ego
2248 1269 2490 1326 tempore
2519 1276 2704 1311 vocem
2734 1270 2877 1312 tuam
2918 1262 3155 1324 audiam,
3187 1262 3327 1329 quod
3362 1261 3502 1314 idem

1942 1358 2024 1400 est
2056 1363 2117 1402 ac
2165 1350 2208 1402 si
2239 1350 2496 1410 dicerem,
2530 1351 2969 1406 exsultationem.
3006 1350 3138 1404 Nam
3181 1352 3329 1405 hisce
3369 1366 3504 1403 con-

1942 1439 2209 1491 solatione
2251 1441 2568 1493 carentibus
2614 1441 2769 1500 locis.
2806 1442 2914 1492 imo
2953 1457 3079 1493 vero
3119 1443 3265 1495 hisce
3293 1451 3503 1493 cunctze

1943 1527 2165 1579 malitiae
2185 1527 2436 1590 ollieinis,
2463 1529 2563 1582 nisi
2613 1530 2873 1582 duleiaria
2915 1531 3074 1583 nobis
3111 1533 3225 1598 ipse
3261 1533 3500 1598 pra‘beas

1939 1617 2165 1684 hujusce
2196 1618 2369 1670 modis
2417 1617 2577 1686 729
2604 1620 2708 1672 tuis
2735 1621 3005 1687 capitulis,
3040 1635 3158 1687 qua:
3209 1621 3275 1673 ad
3334 1621 3498 1671 hone-

1937 1719 2130 1763 statem
2165 1709 2493 1763 edocendam
2532 1725 2726 1762 manus
2750 1721 2935 1761 exarat
2971 1727 3104 1777 pene
3135 1712 3338 1774 divina,
3370 1710 3498 1779 quid

1936 1801 2079 1855 aliud
2105 1811 2269 1856 restat
2294 1801 2445 1862 mihi,
2474 1818 2632 1870 quam
2654 1803 2980 1870 prmcipitem
3005 1804 3174 1869 abripi
3196 1803 3248 1854 in
3274 1802 3496 1865 inferos,

1935 1903 1988 1948 et
2022 1895 2072 1948 in
2097 1910 2310 1948 omnem
2342 1910 2498 1948 ruere
2516 1895 2814 1947 malitiam?
2841 1893 2914 1946 Ne
2947 1895 3129 1946 mittas
3161 1895 3322 1959 igitur
3349 1895 3399 1945 id
3423 1895 3498 1946 fa-

1937 1999 2078 2047 cere,
2111 1993 2164 2037 et
2194 1985 2435 2036 dolorem
2467 1993 2520 2037 et
2564 1984 2822 2035 malitiam
2854 1982 3173 2044 amandans,
3207 1983 3343 2034 duas
3367 1983 3494 2034 mali

1938 2074 2143 2127 inimici
2181 2089 2398 2133 manus,
2430 2073 2626 2139 quibus
2651 2083 2880 2124 conatur
2906 2087 2999 2122 nos
3031 2070 3496 2137 comprehendere

1933 2174 1988 2218 et
2018 2164 2224 2230 aliquid
2266 2179 2478 2232 semper
2503 2164 2763 2216 adversus
2814 2178 2914 2215 nos
2945 2163 3259 2215 meditatur.
3300 2163 3492 2215 Verum

1931 2255 2108 2324 quoad
2142 2256 2251 2306 haec
2279 2262 2332 2306 ct
2381 2261 2437 2305 ιιι
2468 2253 2623 2306 nobis
2660 2252 2896 2320 indignis
2927 2252 3200 2316 consulas,
3253 2261 3304 2304 et
3351 2251 3492 2306 Deus

1932 2347 2021 2399 det
2053 2345 2504 2414 quemadmodum
2556 2346 2914 2410 speravimus.
2953 2343 3069 2395 Non
3115 2344 3307 2409 ignoro
3338 2344 3492 2409 equi-

1929 2438 2047 2492 dem
2078 2439 2277 2508 quibus
2302 2438 2368 2490 de
2398 2437 2603 2495 causis.
2627 2445 2679 2490 et
2704 2438 2974 2504 quomodo
3010 2437 3183 2488 sancti
3204 2435 3488 2489 Serrarnm

1928 2535 2074 2584 cives
2107 2531 2464 2597 principatum
2510 2530 2842 2582 detrectante
2891 2529 3082 2595 spiritu
3126 2528 3488 2596 exagitentur.

1930 2637 2036 2674 non
2067 2622 2194 2674 mihi
2232 2631 2408 2672 tamen
2441 2623 2673 2686 suppetit
2729 2620 2887 2680 ratio,
2910 2632 3013 2684 qua
3060 2618 3308 2684 spiritum
3338 2617 3487 2669 illum

1930 2728 2292 2778 compescant.
2328 2710 2458 2764 Nam
2493 2726 2666 2776 neque
2715 2711 2765 2762 in
2802 2709 3134 2763 monasterio
3200 2708 3487 2775 quisquam

1927 2804 2055 2855 mihi
2088 2803 2286 2863 dignus
2313 2802 2542 2858 videtur.
2575 2801 2664 2867 qui
2697 2801 2834 2852 hanc
2882 2815 3065 2851 curam
3109 2806 3276 2866 gerat,
3316 2812 3489 2865 neque

1925 2894 2223 2945 alienorum
2274 2892 2418 2945 nllus
2478 2891 2876 2958 paratissimus.
2913 2891 3172 2956 Oportere
3204 2891 3368 2958 igitur
3398 2905 3486 2942 ar-

1925 2985 2097 3035 bitror
2157 2983 2317 3044 malo,
2349 2988 2492 3050 quod
2559 2981 2749 3034 melius
2794 2990 2894 3034 est.
2941 2983 3198 3049 prmponi,
3246 2982 3488 3050 quando-

264 3070 453 3136 σθείην
483 3070 557 3132 ὦς
581 3088 638 3123 τε
663 3074 950 3142 ἀναϐῆναι,
985 3077 1104 3128 τότε
1129 3080 1248 3139 τοῖς
1267 3079 1582 3146 πράγμασιν
1608 3082 1816 3146 ἐφιστέ-
1847 3093 1888 3150 c
1925 3090 1938 3124 ί

1810 3109 1816 3120 .
1847 3093 1888 3150 C
1925 3073 2140 3142 quidem
2185 3072 2384 3124 bonum
2427 3085 2532 3122 non
2557 3079 2750 3138 praesto
2781 3080 2862 3121 est
2900 3071 3216 3123 :cuimvero
3270 3070 3336 3122 ad
3371 3070 3484 3122 hmc

271 3179 368 3215 mw
391 3161 1031 3234 Ῑ[.-σταν.]ὲγγύτερον,
1055 3168 1081 3218 ὅ
1103 3184 1162 3233 γε
1192 3167 1319 3238 θέλῃ
1337 3169 1467 3229 Θεὸς
1486 3169 1569 3220 διὰ
1588 3170 1692 3219 τῶν
1715 3170 1819 3220 σῶν

259 3253 437 3320 εὐχῶν
466 3257 530 3320 τῇ
563 3259 694 3323 μονῇ
737 3258 1253 3326 πραγματεύσομαι.
1291 3258 1476 3322 nam,
1540 3259 1692 3329 βάλλε
1729 3261 1820 3312 τὸν

259 3344 567 3410 κατάρατον
632 3345 824 3412 ἐχθρὸν
877 3348 978 3413 τῆς
1030 3348 1302 3415 σωτηρίας
1366 3351 1523 3418 ἡμῶν
1570 3350 1655 3401 διὰ
1715 3350 1822 3402 τῶν

266 3430 371 3496 τῆς
395 3432 492 3498 σῆς
523 3433 806 3502 ἁγιότητος
832 3437 1032 3499 ὃπλων,
1057 3439 1153 3505 τῆς
1170 3438 1331 3490 αὐτοῦ
1379 3439 1557 3508 χειρὸς
1578 3438 1816 3509 ἐξαρπά-

261 3523 368 3582 ζων
419 3521 514 3590 τὴν
541 3524 812 3591 ἡμετέραν
867 3526 1170 3579 ἀσθένειαν.

818 3706 1040 3758 ΕΠΙΣΤ.
1077 3708 1205 3760 Kl".

786 3793 868 3860 Τῷ
905 3795 1249 3866 Καματτιρῷ,

327 3885 402 3938 05
438 3884 700 3938 παύσεταί
757 3903 882 3939 ποτε
925 3891 950 3939 ὁ
979 3888 1073 3941 ἀπ’
1120 3890 1291 3958 ἀρχῆς
1351 3887 1816 3958 ἀνθρωποκτόνος,

255 3977 731 4045 πανυπέρλαμπρὲ
770 3996 857 4045 μοι
891 3981 947 4029 ἐν
987 3981 1174 4045 Κυρίῳ
1199 3981 1279 4032 υἰέ
1317 3981 1408 4031 καὶ
1440 3981 1818 4050 αὐθέντη,ὲπι-

258 4067 439 4134 ςέρων
501 4071 694 4136 φορτία
745 4073 808 4135 τῇ
859 4072 963 4139 ἐμῇ
996 4072 1293 4141 ἀθλιότητι.
1359 4074 1642 4125 Ἀλλόὺδὲ
1690 4075 1818 4135 Θεὸς

258 4159 626 4224 ἐπικουφίζων
678 4159 910 4214 ἐνταῦθα
938 4161 1027 4213 διὰ
1058 4165 1419 4232 χρηστότητα,
1452 4163 1590 4215 ὥστε
1637 4165 1710 4231 μὴ
1759 4165 1818 4215 τὸ

257 4247 349 4299 τοῦ
389 4249 714 4301 Ἀποστόλου
751 4250 1085 4317 συμϐαίνειν,
1127 4254 1200 4319 μὴ
1247 4253 1645 4320 συγχωρεῖσθαι
1696 4271 1818 4304 πει-

259 4338 489 4407 ραθῆναι
520 4340 648 4406 παρ’
671 4341 698 4392 ὃ
731 4341 1044 4405 ὑπενεγκεῖν
1087 4341 1341 4410 δύναμαι,
1389 4343 1523 4394 ἀλλὰ
1576 4344 1816 4410 γίνεσθαί

1923 3161 2108 3230 procul
2130 3159 2612 3213 animadvertentes
2644 3161 2855 3224 scribo;
2891 3161 3030 3227 quod
3056 3161 3100 3213 si
3127 3175 3347 3213 necesse
3371 3159 3485 3210 fite-

1921 3251 2012 3316 rit,
2048 3260 2105 3303 ut
2161 3251 2275 3318 ipse
2310 3251 2538 3312 veniam,
2603 3258 2731 3302 tunc
2789 3250 2935 3317 Operi
2981 3251 3202 3317 propius
3251 3250 3483 3312 instabo,

1920 3342 2062 3409 quod
2096 3342 2236 3397 Deus
2263 3343 2388 3394 velit
2427 3358 2520 3410 per
2545 3351 2666 3394 tuas
2693 3357 2906 3410 preces,
2947 3350 3002 3393 nt
3033 3341 3256 3395 eﬂiciam
3287 3343 3337 3393 in
3366 3355 3483 3392 mo-

1924 3432 2186 3484 nasterio.
2244 3431 2410 3500 Ejice,
2450 3433 2583 3500 ejiee
2639 3433 2992 3486 sacerrimum
3058 3431 3249 3484 salutis
3289 3440 3484 3486 nostra:

1925 3525 2201 3576 inimicum
2237 3539 2331 3592 per
2360 3540 2508 3577 arma
2544 3527 2850 3578 sanctitatis
2903 3535 3026 3586 tum,
3070 3524 3302 3590 eripiens
3336 3523 3407 3577 illi
3453 3539 3483 3577 e

1922 3615 2172 3668 manibus
2204 3623 2446 3668 nostram
2472 3614 2862 3667 inﬁrmitatem.

2482 3704 2696 3757 EPIST.
2738 3703 2925 3758 XXIII.

2553 3794 2856 3847 Cantatero.

1992 3883 2108 3936 Non
2137 3883 2362 3937 desistet
2390 3899 2646 3951 unquam,
2679 3886 2770 3951 qui
2809 3884 2875 3936 ab
2905 3884 3060 3937 initio
3083 3893 3163 3936 est
3187 3883 3476 3947 homicida,

1908 3989 2093 4032 ,onera
2154 3973 2285 4026 mihi
2339 3973 2539 4027 misero
2588 3975 2888 4042 imponere.
2941 3976 3360 4041 praaclarissime
3425 3975 3476 4028 in

1933 4065 2157 4119 Domino
2187 4062 2257 4116 ﬁli
2293 4073 2346 4116 et
2375 4063 2593 4117 domine
2637 4066 2727 4129 mi,
2781 4075 2833 4117 at
2871 4079 3042 4131 neque
3097 4065 3236 4119 Dens
3281 4065 3466 4118 eadem

1921 4171 2014 4224 per
2043 4153 2334 4207 bonitatem
2365 4153 2622 4217 allevans,
2653 4169 2719 4206 ne
2752 4154 2880 4206 illud
2912 4155 3152 4221 Apostoli
3178 4156 3476 4222 contingat,

1918 4259 2018 4298 nec
2055 4256 2140 4297 me
2165 4244 2360 4296 tentari
2397 4246 2670 4311 permittat
2697 4259 2860 4313 supra
2897 4245 2947 4296 id
2992 4245 3134 4312 quod
3184 4245 3325 4298 ferre
3358 4260 3480 4312 pos-

1919 4354 2061 4392 sum.
2119 4336 2497 4391 Verumtamen
2553 4351 2581 4389 a
2655 4338 2761 4390 lleo
2824 4339 2987 4390 etiam
3043 4339 3248 4391 exitum
3325 4353 3477 4389 asse-

261 4447 350 4496 μοι
379 4429 528 4497 παρὰ
561 4429 694 4481 Θεοῦ
728 4434 821 4483 σὺν
861 4431 936 4500 τῷ
983 4433 1273 4502 πειρασμῷ
1303 4433 1396 4484 καὶ
1425 4434 1522 4501 τὴν
1568 4435 1815 4497 ἔκϐασιν,
1850 4407 1894 4464 θ
1922 4443 1935 4481 t

1802 4475 1815 4497 ,
1850 4407 2059 4496 anar
2095 4444 2217 4482 cum
2280 4429 2596 4492 tentatione,
2646 4437 2702 4480 et
2751 4429 3007 4480 transibo
3063 4443 3155 4495 per
3211 4427 3388 4496 ignem
3423 4439 3476 4480 et

255 4518 352 4569 καὶ
379 4517 688 4585 διέρχεσθαι
714 4519 809 4587 μὲν
837 4520 921 4572 διὰ
955 4522 1120 4590 πυρὸς
1154 4523 1238 4573 καὶ
1273 4521 1480 4584 ὓδατος,
1530 4523 1819 4590 ἐξάγεσθαι

253 4608 309 4659 δὲ
332 4609 411 4668 είς
439 4608 717 4673 ἀναψυξιν,
749 4611 775 4660 ὁ
829 4611 989 4662 Δα6“ιδ
1040 4612 1450 4681 ἐψαλμῲδησεν.
1497 4610 1657 4665 Εἶπον
1682 4615 1725 4665 δ’
1754 4616 1819 4668 ἄν

255 4714 308 4748 τι
332 4699 425 4747 καὶ
448 4698 497 4747 οἱ
525 4702 741 4765 ποιηταὶ
771 4701 1276 4769 ἐπιρῤαψῳδοῦντες
1311 4706 1422 4765 τοῖς
1452 4707 1600 4770 ἐμοῖς
1649 4705 1818 4765 οὕτως

255 4782 502 4848 ἕχουσιν’
540 4785 782 4852 Ὅμηρος
844 4787 937 4851 μέν
968 4803 980 4815 ·
1014 4789 1300 4857 Καμμίξας
1350 4794 1375 4842 ο
1422 4793 1553 4852 Ζεὺς
1585 4794 1647 4843 ἐκ
1703 4795 1816 4844 τοῖν

257 4871 435 4921 πίθοι-ι
493 4872 581 4921 τὸν
631 4873 762 4938 ἐμὸν
799 4873 910 4941 βίον
958 4877 1218 4946 ἐκέρασεν
1245 4895 1258 4910 ·
1299 4879 1536 4942 Ἠσίοδος
1597 4881 1685 4944 δὲ,
1722 4883 1812 4934 τοῦ

257 4959 422 5024 μέσου
475 4961 724 5012 πλάττων
777 4963 964 5029 γένους
1019 4969 1204 5034 ἡμᾶς.
1243 4968 1317 5030 ὡς
1370 4969 1476 5040 ἄρα
1533 4972 1814 5039 μεμίξεται

255 5048 418 5098 ἐσθλὰ
450 5054 714 5105 κακοῖσμν.
742 5056 905 5107 Ὅταν
933 5058 1030 5123 μὲν
1061 5058 1151 5111 οὖν
1178 5060 1544 5129 ἐκλογίσωμαι
1575 5062 1673 5132 τὴν
1705 5063 1814 5115 τῶν

255 5142 576 5206 πειρασμῶν
610 5144 944 5213 δεκακυμίαν
967 5150 1048 5213 (οὐ
1078 5149 1182 5218 γὰρ
1205 5152 1496 5218 τρικυμία-ι
1524 5153 1589 5204 ἃν
1644 5155 1813 5207 εἴποι-

258 5233 364 5296 μι),
405 5233 763 5296 ἁπογινὼσκω
818 5240 914 5306 τὴν
1070 5243 1190 5294 add.
1225 5241 1303 5312 ἐν]
1356 5245 1537 5300 αὐτοῖς
1569 5246 1810 5314 ἐμαυτὴν

257 5321 528 5389 σωτηρίαν
555 5342 610 5376 τε
653 5329 744 5379 καὶ
774 5329 1027 5381 ἀνάδυσιν
1047 5348 1058 5360 ο
1082 5333 1206 5384 ὅταν
1245 5333 1299 5384 δὲ
1327 5335 1456 5399 πρὸς
1483 5335 1572 5386 τὸν
1610 5335 1804 5404 κυϐερ-

252 5409 416 5475 νήτην
449 5413 736 5481 ἀποϐλέψω
769 5419 1075 5486 πανσὸφως,
1125 5422 1183 5474 τὸ
1247 5424 1448 5489 σκάφος
1494 5441 1582 5493 μοι
1629 5428 1800 5478 οἰακί-

253 5496 429 5560 gem,
451 5501 698 5572 ὑπερέχω
723 5509 815 5560 καὶ
843 5510 938 5579 τῆς
970 5513 1326 5579 ἀπογνώσεως
1355 5516 1446 5568 καὶ
1474 5515 1565 5569 τοῦ
1598 5516 1798 5570 κλύδω-

322 5676 365 5706 ⁸⁹
389 5678 531 5731 Psal.
560 5695 683 5745 ων,
719 5684 797 5737 l2.

1918 4533 2135 4587 aquam,
2187 4525 2242 4569 et
2300 4516 2505 4571 educar
2573 4518 2625 4569 iu
2677 4516 3014 4584 refrigerium
3072 4517 3138 4574 5’.
3193 4524 3251 4568 ut
3311 4517 3474 4569 David

1917 4607 2125 4676 psalmo
2152 4607 2365 4659 ceelnit.
2403 4605 2508 4658 Sed
2549 4613 2601 4659 et
2655 4617 2824 4674 poeta:
2873 4606 3073 4673 aliquid
3105 4606 3358 4657 dixerunt
3410 4605 3476 4659 de

1918 4698 2052 4750 meis
2083 4698 2153 4749 ita
2190 4697 2514 4750 habentibus
2557 4698 2798 4748 carmina
2857 4705 3233 4751 contexentes.
3273 4696 3473 4750 llome-

1914 4802 2009 4839 rus
2039 4788 2276 4856 quidem,
2307 4786 2378 4838 Ex
2413 4787 2643 4845 duobus,
2686 4788 2880 4855 inquit,
2934 4787 3142 4856 Jupiter
3196 4788 3476 4840 etl‘nndeus

1915 4879 2097 4941 doliis,
2129 4895 2298 4931 meam
2334 4879 2550 4930 miscuit
2576 4879 2762 4930 vitam.
2800 4877 3068 4931 Hesiodus
3101 4886 3284 4930 autem
3311 4877 3471 4930 medii

1915 4989 2012 5026 nos
2035 4973 2241 5040 (ingens
2264 4974 2494 5040 generis,
2530 4973 2668 5026 bona
2696 4975 2848 5024 malis
2906 4971 3153 5023 immista
3182 4987 3302 5042 esse
3327 4986 3472 5022 asse-

1913 5070 2082 5118 verat.
2117 5062 2342 5127 Quoties
2370 5063 2513 5114 enim
2551 5062 2797 5129 expende
2833 5060 3189 5113 teutationum
3219 5060 3474 5110 decuma-

1911 5170 2010 5208 nos
2068 5154 2284 5217 ﬂuctus,
2342 5169 2446 5204 non
2504 5154 2646 5206 enim
2727 5168 2940 5219 possum
2989 5151 3319 5221 τρικυμίαν,
3371 5166 3464 5203 seu

1917 5244 2241 5298 mediocrem
2284 5252 2675 5311 tempestatem,
2706 5243 2907 5303 dicere.
2969 5244 3198 5309 despero
3232 5243 3286 5293 in
3329 5241 3461 5308 ipsis

1912 5336 2237 5390 constitutus
2275 5333 2342 5386 de
2374 5350 2489 5386 mea
2526 5336 2700 5388 salute
2730 5345 2781 5387 et
2803 5335 3107 5387 emersioue
3135 5350 3148 5384 :
3187 5347 3307 5384 cum
3341 5347 3465 5382 vero

1908 5430 2326 5495 gubernatorem
2363 5424 2591 5490 respicio
2623 5439 2794 5477 meam
2824 5424 3225 5493 sapientissime
3272 5433 3467 5488 regen-

1917 5524 2022 5570 tcm
2062 5513 2341 5583 scapham,
2368 5524 2421 5566 et
2447 5512 2886 5582 desperationem
2947 5525 3144 5580 supero
3177 5520 3229 5564 et
3263 5507 3468 5578 procel-
