  <div class='ocr_page' id='page_1' title='image "/cluster/home/n/w/nwhite01/storage/ocr_20150623/126/nnc1.0046979859/277.png"; bbox 0 0 4240 6440; ppageno 0'>
   <div class='ocr_carea' id='block_1_1' title="bbox 698 375 807 439">
    <p class='ocr_par' dir='ltr' id='par_1_1' title="bbox 698 375 807 439">
     <span class='ocr_line' id='line_1_1' title="bbox 698 375 807 439; baseline 0.028 -2"><span class='ocrx_word' id='word_1_1' title='bbox 698 375 807 439; x_wconf 83' lang='grc'><strong>539</strong></span> 
     </span>
    </p>
   </div>
   <div class='ocr_carea' id='block_1_2' title="bbox 1612 336 3030 436">
    <p class='ocr_par' dir='ltr' id='par_1_2' title="bbox 1612 336 3030 436">
     <span class='ocr_line' id='line_1_2' title="bbox 1612 336 3030 436; baseline 0.002 -3"><span class='ocrx_word' id='word_1_2' title='bbox 1612 370 2191 433; x_wconf 84' lang='lat' dir='ltr'><strong>THEOPHYLACTI</strong></span> <span class='ocrx_word' id='word_1_3' title='bbox 2231 336 2642 433; x_wconf 66' lang='lat' dir='ltr'><strong>nummus</strong></span> <span class='ocrx_word' id='word_1_4' title='bbox 2676 372 3030 436; x_wconf 80' lang='lat' dir='ltr'><strong>ARCHIEP.</strong></span> 
     </span>
    </p>
   </div>
   <div class='ocr_carea' id='block_1_3' title="bbox 3856 373 3977 435">
    <p class='ocr_par' dir='ltr' id='par_1_3' title="bbox 3856 373 3977 435">
     <span class='ocr_line' id='line_1_3' title="bbox 3856 373 3977 435; baseline -0.041 0"><span class='ocrx_word' id='word_1_5' title='bbox 3856 373 3977 435; x_wconf 53' lang='grc' dir='ltr'><strong>ἔξω</strong></span> 
     </span>
    </p>
   </div>
   <div class='ocr_carea' id='block_1_4' title="bbox 697 483 2371 557">
    <p class='ocr_par' dir='ltr' id='par_1_4' title="bbox 697 483 2344 555">
     <span class='ocr_line' id='line_1_4' title="bbox 697 483 2344 555; baseline -0.002 -16"><span class='ocrx_word' id='word_1_6' title='bbox 697 487 830 541; x_wconf 87' lang='lat' dir='ltr'><strong>lam.</strong></span> <span class='ocrx_word' id='word_1_7' title='bbox 856 483 1271 554; x_wconf 74' lang='lat' dir='ltr'><strong>Quamprimum</strong></span> <span class='ocrx_word' id='word_1_8' title='bbox 1306 483 1493 555; x_wconf 77' lang='lat' dir='ltr'><strong>igitur,</strong></span> <span class='ocrx_word' id='word_1_9' title='bbox 1541 499 1663 554; x_wconf 73' lang='lat' dir='ltr'><strong>qua:</strong></span> <span class='ocrx_word' id='word_1_10' title='bbox 1697 486 1825 539; x_wconf 91' lang='lat' dir='ltr'><strong>mihi</strong></span> <span class='ocrx_word' id='word_1_11' title='bbox 1876 490 2177 538; x_wconf 87' lang='lat' dir='ltr'><strong>occurrunt</strong></span> <span class='ocrx_word' id='word_1_12' title='bbox 2215 483 2267 536; x_wconf 92' lang='lat' dir='ltr'><strong>iu</strong></span> <span class='ocrx_word' id='word_1_13' title='bbox 2297 488 2344 546; x_wconf 83' lang='grc' dir='ltr'><strong>Α</strong></span> 
     </span>
    </p>
   </div>
   <div class='ocr_carea' id='block_1_5' title="bbox 2300 483 3974 557">
    <p class='ocr_par' dir='ltr' id='par_1_5' title="bbox 2300 484 3974 557">
     <span class='ocr_line' id='line_1_5' title="bbox 2300 484 3974 557; baseline 0.001 -21"><span class='ocrx_word' id='word_1_14' title='bbox 2300 488 2344 546; x_wconf 79' lang='grc' dir='ltr'><strong>Α</strong></span> <span class='ocrx_word' id='word_1_15' title='bbox 2372 500 2481 547; x_wconf 86' lang='grc' dir='ltr'>νος.</span> <span class='ocrx_word' id='word_1_16' title='bbox 2511 484 2722 540; x_wconf 78' lang='grc' dir='ltr'>Αὐτίκα</span> <span class='ocrx_word' id='word_1_17' title='bbox 2756 487 2886 554; x_wconf 89' lang='grc' dir='ltr'>γοῦν</span> <span class='ocrx_word' id='word_1_18' title='bbox 2916 487 2952 541; x_wconf 80' lang='grc' dir='ltr'><strong>ἆ</strong></span> <span class='ocrx_word' id='word_1_19' title='bbox 2997 503 3087 556; x_wconf 86' lang='grc' dir='ltr'><strong>μοι</strong></span> <span class='ocrx_word' id='word_1_20' title='bbox 3113 486 3205 539; x_wconf 75' lang='grc' dir='ltr'>ἐπὶ</span> <span class='ocrx_word' id='word_1_21' title='bbox 3237 484 3314 557; x_wconf 85' lang='grc' dir='ltr'>τῷ</span> <span class='ocrx_word' id='word_1_22' title='bbox 3343 486 3450 540; x_wconf 79' lang='grc' dir='ltr'><strong>τῶν</strong></span> <span class='ocrx_word' id='word_1_23' title='bbox 3498 485 3800 555; x_wconf 71' lang='grc' dir='ltr'><strong>ἐκκλησιῶν</strong></span> <span class='ocrx_word' id='word_1_24' title='bbox 3858 504 3974 556; x_wconf 67' lang='grc' dir='ltr'><strong>χωι</strong></span> 
     </span>
    </p>
   </div>
   <div class='ocr_carea' id='block_1_6' title="bbox 704 573 2273 646">
    <p class='ocr_par' dir='ltr' id='par_1_6' title="bbox 704 573 2273 646">
     <span class='ocr_line' id='line_1_6' title="bbox 704 573 2273 646; baseline -0.001 -17"><span class='ocrx_word' id='word_1_25' title='bbox 704 591 836 646; x_wconf 80' lang='lat' dir='ltr'><strong>agro</strong></span> <span class='ocrx_word' id='word_1_26' title='bbox 865 575 1258 639; x_wconf 80' lang='lat' dir='ltr'><strong>Ecclesiarum,</strong></span> <span class='ocrx_word' id='word_1_27' title='bbox 1308 589 1578 643; x_wconf 87' lang='lat' dir='ltr'><strong>quosnam</strong></span> <span class='ocrx_word' id='word_1_28' title='bbox 1636 576 1970 628; x_wconf 88' lang='lat' dir='ltr'><strong>altcrnormn</strong></span> <span class='ocrx_word' id='word_1_29' title='bbox 2008 573 2273 628; x_wconf 81' lang='lat' dir='ltr'><strong>ﬂuctuum</strong></span> 
     </span>
    </p>
   </div>
   <div class='ocr_carea' id='block_1_7' title="bbox 706 664 2273 734">
    <p class='ocr_par' dir='ltr' id='par_1_7' title="bbox 706 664 2273 734">
     <span class='ocr_line' id='line_1_7' title="bbox 706 664 2273 734; baseline -0.001 -16"><span class='ocrx_word' id='word_1_30' title='bbox 706 683 812 721; x_wconf 89' lang='lat' dir='ltr'><strong>non</strong></span> <span class='ocrx_word' id='word_1_31' title='bbox 843 674 1104 734; x_wconf 89' lang='lat' dir='ltr'><strong>superant</strong></span> <span class='ocrx_word' id='word_1_32' title='bbox 1132 665 1155 716; x_wconf 89' lang='lat'><strong>?</strong></span> <span class='ocrx_word' id='word_1_33' title='bbox 1186 664 1399 718; x_wconf 84' lang='lat' dir='ltr'><strong>Etenim</strong></span> <span class='ocrx_word' id='word_1_34' title='bbox 1442 665 1673 734; x_wconf 91' lang='lat' dir='ltr'><strong>primum</strong></span> <span class='ocrx_word' id='word_1_35' title='bbox 1704 666 1990 733; x_wconf 85' lang='lat' dir='ltr'><strong>scopulum</strong></span> <span class='ocrx_word' id='word_1_36' title='bbox 2029 665 2273 720; x_wconf 89' lang='lat' dir='ltr'><strong>nondum</strong></span> 
     </span>
    </p>
   </div>
   <div class='ocr_carea' id='block_1_8' title="bbox 705 756 2276 827">
    <p class='ocr_par' dir='ltr' id='par_1_8' title="bbox 705 756 2276 827">
     <span class='ocr_line' id='line_1_8' title="bbox 705 756 2276 827; baseline 0.001 -20"><span class='ocrx_word' id='word_1_37' title='bbox 705 756 1020 827; x_wconf 71' lang='lat' dir='ltr'><strong>ollugimus,</strong></span> <span class='ocrx_word' id='word_1_38' title='bbox 1049 757 1385 822; x_wconf 83' lang='lat' dir='ltr'><strong>eunuchum,</strong></span> <span class='ocrx_word' id='word_1_39' title='bbox 1419 758 1665 825; x_wconf 90' lang='lat' dir='ltr'><strong>inquam,</strong></span> <span class='ocrx_word' id='word_1_40' title='bbox 1701 765 1757 809; x_wconf 90' lang='lat' dir='ltr'><strong>tu</strong></span> <span class='ocrx_word' id='word_1_41' title='bbox 1794 773 1925 811; x_wconf 81' lang='lat' dir='ltr'><strong>vero</strong></span> <span class='ocrx_word' id='word_1_42' title='bbox 1950 773 2013 811; x_wconf 80' lang='lat' dir='ltr'><strong>cx</strong></span> <span class='ocrx_word' id='word_1_43' title='bbox 2054 772 2276 826; x_wconf 86' lang='lat' dir='ltr'><strong>poema-</strong></span> 
     </span>
    </p>
   </div>
   <div class='ocr_carea' id='block_1_9' title="bbox 707 847 2281 920">
    <p class='ocr_par' dir='ltr' id='par_1_9' title="bbox 707 847 2281 920">
     <span class='ocr_line' id='line_1_9' title="bbox 707 847 2281 920; baseline -0.001 -19"><span class='ocrx_word' id='word_1_44' title='bbox 707 850 778 902; x_wconf 90' lang='lat' dir='ltr'><strong>tis</strong></span> <span class='ocrx_word' id='word_1_45' title='bbox 828 849 1038 902; x_wconf 83' lang='lat' dir='ltr'><strong>diceres</strong></span> <span class='ocrx_word' id='word_1_46' title='bbox 1104 847 1343 919; x_wconf 80' lang='lat' dir='ltr'><strong>Scyllam</strong></span> <span class='ocrx_word' id='word_1_47' title='bbox 1398 857 1492 902; x_wconf 89' lang='lat' dir='ltr'><strong>aut</strong></span> <span class='ocrx_word' id='word_1_48' title='bbox 1558 847 1942 920; x_wconf 80' lang='lat' dir='ltr'><strong>Charybdim:</strong></span> <span class='ocrx_word' id='word_1_49' title='bbox 2005 848 2281 902; x_wconf 89' lang='lat' dir='ltr'><strong>recentior</strong></span> 
     </span>
    </p>
   </div>
   <div class='ocr_carea' id='block_1_10' title="bbox 701 938 2279 1010">
    <p class='ocr_par' dir='ltr' id='par_1_10' title="bbox 701 938 2279 1010">
     <span class='ocr_line' id='line_1_10' title="bbox 701 938 2279 1010; baseline 0.001 -19"><span class='ocrx_word' id='word_1_50' title='bbox 701 940 867 991; x_wconf 78' lang='lat' dir='ltr'><strong>etiam</strong></span> <span class='ocrx_word' id='word_1_51' title='bbox 895 948 1109 1001; x_wconf 89' lang='lat' dir='ltr'><strong>ventus,</strong></span> <span class='ocrx_word' id='word_1_52' title='bbox 1155 941 1245 993; x_wconf 89' lang='lat' dir='ltr'><strong>cui</strong></span> <span class='ocrx_word' id='word_1_53' title='bbox 1299 955 1495 993; x_wconf 84' lang='lat' dir='ltr'><strong>nomen</strong></span> <span class='ocrx_word' id='word_1_54' title='bbox 1526 938 1867 1010; x_wconf 88' lang='lat' dir='ltr'><strong>Typhonius,</strong></span> <span class='ocrx_word' id='word_1_55' title='bbox 1912 955 2081 994; x_wconf 90' lang='lat' dir='ltr'><strong>curus</strong></span> <span class='ocrx_word' id='word_1_56' title='bbox 2138 938 2279 992; x_wconf 84' lang='lat' dir='ltr'><strong>ﬂuc-</strong></span> 
     </span>
    </p>
   </div>
   <div class='ocr_carea' id='block_1_11' title="bbox 706 1030 2276 1100">
    <p class='ocr_par' dir='ltr' id='par_1_11' title="bbox 706 1030 2276 1100">
     <span class='ocr_line' id='line_1_11' title="bbox 706 1030 2276 1100; baseline 0.002 -20"><span class='ocrx_word' id='word_1_57' title='bbox 706 1040 903 1083; x_wconf 85' lang='lat' dir='ltr'><strong>tuosus</strong></span> <span class='ocrx_word' id='word_1_58' title='bbox 959 1031 1120 1085; x_wconf 90' lang='lat' dir='ltr'><strong>nobis</strong></span> <span class='ocrx_word' id='word_1_59' title='bbox 1188 1030 1439 1097; x_wconf 76' lang='lat' dir='ltr'><strong>spiravit,</strong></span> <span class='ocrx_word' id='word_1_60' title='bbox 1499 1030 1575 1084; x_wconf 87' lang='lat' dir='ltr'><strong>ait</strong></span> <span class='ocrx_word' id='word_1_61' title='bbox 1628 1032 1805 1085; x_wconf 87' lang='lat' dir='ltr'><strong>Lucas</strong></span> <span class='ocrx_word' id='word_1_62' title='bbox 1871 1039 2029 1100; x_wconf 82' lang='lat' dir='ltr'><strong>poeta</strong></span> <span class='ocrx_word' id='word_1_63' title='bbox 2101 1045 2276 1084; x_wconf 91' lang='lat' dir='ltr'><strong>meus.</strong></span> 
     </span>
    </p>
   </div>
   <div class='ocr_carea' id='block_1_12' title="bbox 713 1117 2281 1189">
    <p class='ocr_par' dir='ltr' id='par_1_12' title="bbox 713 1117 2281 1189">
     <span class='ocr_line' id='line_1_12' title="bbox 713 1117 2281 1189; baseline 0.002 -21"><span class='ocrx_word' id='word_1_64' title='bbox 713 1117 1104 1171; x_wconf 78' lang='lat' dir='ltr'><strong>Verumtamen</strong></span> <span class='ocrx_word' id='word_1_65' title='bbox 1135 1134 1260 1173; x_wconf 90' lang='lat' dir='ltr'><strong>eum</strong></span> <span class='ocrx_word' id='word_1_66' title='bbox 1298 1120 1495 1184; x_wconf 81' lang='lat' dir='ltr'><strong>habeo,</strong></span> <span class='ocrx_word' id='word_1_67' title='bbox 1541 1120 1634 1189; x_wconf 89' lang='lat' dir='ltr'><strong>qui</strong></span> <span class='ocrx_word' id='word_1_68' title='bbox 1671 1120 1805 1173; x_wconf 83' lang='lat' dir='ltr'><strong>dicit</strong></span> <span class='ocrx_word' id='word_1_69' title='bbox 1842 1120 2018 1174; x_wconf 86' lang='lat' dir='ltr'><strong>mari:</strong></span> <span class='ocrx_word' id='word_1_70' title='bbox 2075 1120 2211 1174; x_wconf 75' lang='lat' dir='ltr'><strong>Tace</strong></span> <span class='ocrx_word' id='word_1_71' title='bbox 2233 1130 2281 1173; x_wconf 83' lang='lat' dir='ltr'><strong>et</strong></span> 
     </span>
    </p>
   </div>
   <div class='ocr_carea' id='block_1_13' title="bbox 706 1210 2286 1281">
    <p class='ocr_par' dir='ltr' id='par_1_13' title="bbox 706 1210 2286 1281">
     <span class='ocr_line' id='line_1_13' title="bbox 706 1210 2286 1281; baseline 0.002 -20"><span class='ocrx_word' id='word_1_72' title='bbox 706 1212 999 1263; x_wconf 66' lang='lat' dir='ltr'><strong>obmutesce</strong></span> <span class='ocrx_word' id='word_1_73' title='bbox 1022 1211 1093 1275; x_wconf 78' lang='lat'><strong>‘°,</strong></span> <span class='ocrx_word' id='word_1_74' title='bbox 1156 1212 1245 1264; x_wconf 91' lang='lat' dir='ltr'><strong>cui</strong></span> <span class='ocrx_word' id='word_1_75' title='bbox 1288 1221 1344 1265; x_wconf 93' lang='lat' dir='ltr'><strong>et</strong></span> <span class='ocrx_word' id='word_1_76' title='bbox 1380 1212 1524 1263; x_wconf 85' lang='lat' dir='ltr'><strong>venti</strong></span> <span class='ocrx_word' id='word_1_77' title='bbox 1564 1210 1848 1277; x_wconf 87' lang='lat' dir='ltr'><strong>obediunt,</strong></span> <span class='ocrx_word' id='word_1_78' title='bbox 1904 1214 1995 1281; x_wconf 91' lang='lat' dir='ltr'><strong>qui</strong></span> <span class='ocrx_word' id='word_1_79' title='bbox 2043 1211 2286 1265; x_wconf 85' lang='lat' dir='ltr'><strong>ambuiat</strong></span> 
     </span>
    </p>
   </div>
   <div class='ocr_carea' id='block_1_14' title="bbox 710 1299 2284 1371">
    <p class='ocr_par' dir='ltr' id='par_1_14' title="bbox 710 1299 2284 1371">
     <span class='ocr_line' id='line_1_14' title="bbox 710 1299 2284 1371; baseline 0.001 -20"><span class='ocrx_word' id='word_1_80' title='bbox 710 1316 875 1369; x_wconf 62' lang='lat' dir='ltr'><strong>super</strong></span> <span class='ocrx_word' id='word_1_81' title='bbox 928 1315 1099 1368; x_wconf 83' lang='lat' dir='ltr'><strong>aquas</strong></span> <span class='ocrx_word' id='word_1_82' title='bbox 1133 1302 1201 1364; x_wconf 80' lang='lat'><strong>&quot;,</strong></span> <span class='ocrx_word' id='word_1_83' title='bbox 1233 1310 1285 1353; x_wconf 92' lang='lat' dir='ltr'><strong>et</strong></span> <span class='ocrx_word' id='word_1_84' title='bbox 1339 1300 1502 1371; x_wconf 79' lang='lat'><strong>730</strong></span> <span class='ocrx_word' id='word_1_85' title='bbox 1544 1301 1669 1355; x_wconf 89' lang='lat' dir='ltr'><strong>aliis</strong></span> <span class='ocrx_word' id='word_1_86' title='bbox 1721 1302 1955 1369; x_wconf 87' lang='lat' dir='ltr'><strong>idipsum</strong></span> <span class='ocrx_word' id='word_1_87' title='bbox 2016 1299 2197 1353; x_wconf 79' lang='lat' dir='ltr'><strong>facere</strong></span> <span class='ocrx_word' id='word_1_88' title='bbox 2229 1307 2284 1352; x_wconf 86' lang='lat' dir='ltr'><strong>et</strong></span> 
     </span>
    </p>
   </div>
   <div class='ocr_carea' id='block_1_15' title="bbox 719 1392 2287 1460">
    <p class='ocr_par' dir='ltr' id='par_1_15' title="bbox 719 1392 2287 1460">
     <span class='ocr_line' id='line_1_15' title="bbox 719 1392 2287 1460; baseline 0.001 -16"><span class='ocrx_word' id='word_1_89' title='bbox 719 1395 952 1459; x_wconf 85' lang='lat' dir='ltr'><strong>imperat</strong></span> <span class='ocrx_word' id='word_1_90' title='bbox 979 1402 1031 1446; x_wconf 93' lang='lat' dir='ltr'><strong>ct</strong></span> <span class='ocrx_word' id='word_1_91' title='bbox 1082 1400 1328 1458; x_wconf 65' lang='lat' dir='ltr'><strong>praestat.</strong></span> <span class='ocrx_word' id='word_1_92' title='bbox 1359 1392 1435 1446; x_wconf 89' lang='lat' dir='ltr'><strong>Ita</strong></span> <span class='ocrx_word' id='word_1_93' title='bbox 1478 1393 1609 1445; x_wconf 90' lang='lat' dir='ltr'><strong>mihi</strong></span> <span class='ocrx_word' id='word_1_94' title='bbox 1646 1392 1734 1445; x_wconf 92' lang='lat' dir='ltr'><strong>ille</strong></span> <span class='ocrx_word' id='word_1_95' title='bbox 1792 1393 1944 1460; x_wconf 87' lang='lat' dir='ltr'><strong>quasi</strong></span> <span class='ocrx_word' id='word_1_96' title='bbox 1980 1406 2203 1445; x_wconf 87' lang='lat' dir='ltr'><strong>manum</strong></span> <span class='ocrx_word' id='word_1_97' title='bbox 2235 1403 2287 1446; x_wconf 84' lang='lat' dir='ltr'><strong>te</strong></span> 
     </span>
    </p>
   </div>
   <div class='ocr_carea' id='block_1_16' title="bbox 713 1486 2289 1555">
    <p class='ocr_par' dir='ltr' id='par_1_16' title="bbox 713 1486 2289 1555">
     <span class='ocr_line' id='line_1_16' title="bbox 713 1486 2289 1555; baseline 0.001 -17"><span class='ocrx_word' id='word_1_98' title='bbox 713 1486 984 1553; x_wconf 62' lang='lat' dir='ltr'><strong>pra-hens,</strong></span> <span class='ocrx_word' id='word_1_99' title='bbox 1017 1486 1110 1555; x_wconf 85' lang='lat' dir='ltr'><strong>qui</strong></span> <span class='ocrx_word' id='word_1_100' title='bbox 1144 1487 1211 1540; x_wconf 91' lang='lat' dir='ltr'><strong>ad</strong></span> <span class='ocrx_word' id='word_1_101' title='bbox 1248 1487 1429 1540; x_wconf 87' lang='lat' dir='ltr'><strong>omnia</strong></span> <span class='ocrx_word' id='word_1_102' title='bbox 1466 1495 1692 1555; x_wconf 86' lang='lat' dir='ltr'><strong>paratus</strong></span> <span class='ocrx_word' id='word_1_103' title='bbox 1724 1501 1808 1553; x_wconf 90' lang='lat' dir='ltr'><strong>es,</strong></span> <span class='ocrx_word' id='word_1_104' title='bbox 1844 1494 1899 1542; x_wconf 87' lang='lat' dir='ltr'><strong>et</strong></span> <span class='ocrx_word' id='word_1_105' title='bbox 1930 1486 2062 1542; x_wconf 91' lang='lat' dir='ltr'><strong>nihil</strong></span> <span class='ocrx_word' id='word_1_106' title='bbox 2120 1487 2289 1540; x_wconf 88' lang='lat' dir='ltr'><strong>habes</strong></span> 
     </span>
    </p>
   </div>
   <div class='ocr_carea' id='block_1_17' title="bbox 712 1576 2286 1649">
    <p class='ocr_par' dir='ltr' id='par_1_17' title="bbox 712 1576 2286 1649">
     <span class='ocr_line' id='line_1_17' title="bbox 712 1576 2286 1649; baseline 0.004 -24"><span class='ocrx_word' id='word_1_107' title='bbox 712 1576 929 1629; x_wconf 76' lang='lat' dir='ltr'><strong>adversi</strong></span> <span class='ocrx_word' id='word_1_108' title='bbox 977 1585 1029 1629; x_wconf 94' lang='lat' dir='ltr'><strong>et</strong></span> <span class='ocrx_word' id='word_1_109' title='bbox 1083 1577 1318 1640; x_wconf 89' lang='lat' dir='ltr'><strong>sinistri,</strong></span> <span class='ocrx_word' id='word_1_110' title='bbox 1378 1577 1627 1631; x_wconf 81' lang='lat' dir='ltr'><strong>servabit</strong></span> <span class='ocrx_word' id='word_1_111' title='bbox 1679 1578 1962 1649; x_wconf 85' lang='lat' dir='ltr'><strong>scapham,</strong></span> <span class='ocrx_word' id='word_1_112' title='bbox 1994 1593 2115 1645; x_wconf 76' lang='lat' dir='ltr'><strong>qua:</strong></span> <span class='ocrx_word' id='word_1_113' title='bbox 2178 1593 2286 1631; x_wconf 92' lang='lat' dir='ltr'><strong>non</strong></span> 
     </span>
    </p>
   </div>
   <div class='ocr_carea' id='block_1_18' title="bbox 717 1667 2285 1737">
    <p class='ocr_par' dir='ltr' id='par_1_18' title="bbox 717 1667 2285 1737">
     <span class='ocr_line' id='line_1_18' title="bbox 717 1667 2285 1737; baseline 0.003 -21"><span class='ocrx_word' id='word_1_114' title='bbox 717 1667 881 1722; x_wconf 87' lang='lat' dir='ltr'><strong>modo</strong></span> <span class='ocrx_word' id='word_1_115' title='bbox 916 1668 1162 1721; x_wconf 78' lang='lat' dir='ltr'><strong>subverti</strong></span> <span class='ocrx_word' id='word_1_116' title='bbox 1189 1677 1242 1721; x_wconf 91' lang='lat' dir='ltr'><strong>et</strong></span> <span class='ocrx_word' id='word_1_117' title='bbox 1273 1668 1441 1737; x_wconf 83' lang='lat' dir='ltr'><strong>mergi</strong></span> <span class='ocrx_word' id='word_1_118' title='bbox 1470 1668 1739 1737; x_wconf 86' lang='lat' dir='ltr'><strong>nequibit.</strong></span> <span class='ocrx_word' id='word_1_119' title='bbox 1781 1669 1875 1725; x_wconf 89' lang='lat' dir='ltr'><strong>sed</strong></span> <span class='ocrx_word' id='word_1_120' title='bbox 1910 1668 2053 1737; x_wconf 90' lang='lat' dir='ltr'><strong>quod</strong></span> <span class='ocrx_word' id='word_1_121' title='bbox 2088 1668 2285 1721; x_wconf 91' lang='lat' dir='ltr'><strong>mirum</strong></span> 
     </span>
    </p>
   </div>
   <div class='ocr_carea' id='block_1_19' title="bbox 711 1758 2292 1826">
    <p class='ocr_par' dir='ltr' id='par_1_19' title="bbox 711 1758 2292 1826">
     <span class='ocr_line' id='line_1_19' title="bbox 711 1758 2292 1826; baseline 0.002 -17"><span class='ocrx_word' id='word_1_122' title='bbox 711 1767 817 1822; x_wconf 63' lang='lat' dir='ltr'><strong>est,</strong></span> <span class='ocrx_word' id='word_1_123' title='bbox 843 1773 1021 1826; x_wconf 88' lang='lat' dir='ltr'><strong>neque</strong></span> <span class='ocrx_word' id='word_1_124' title='bbox 1071 1759 1331 1814; x_wconf 87' lang='lat' dir='ltr'><strong>alluetur.</strong></span> <span class='ocrx_word' id='word_1_125' title='bbox 1387 1758 1504 1813; x_wconf 86' lang='lat' dir='ltr'><strong>Non</strong></span> <span class='ocrx_word' id='word_1_126' title='bbox 1562 1759 1891 1814; x_wconf 86' lang='lat' dir='ltr'><strong>mediocrem</strong></span> <span class='ocrx_word' id='word_1_127' title='bbox 1940 1758 2084 1813; x_wconf 90' lang='lat' dir='ltr'><strong>enim</strong></span> <span class='ocrx_word' id='word_1_128' title='bbox 2132 1758 2292 1813; x_wconf 88' lang='lat' dir='ltr'><strong>nobis</strong></span> 
     </span>
    </p>
   </div>
   <div class='ocr_carea' id='block_1_20' title="bbox 713 1851 2291 1922">
    <p class='ocr_par' dir='ltr' id='par_1_20' title="bbox 713 1851 2291 1922">
     <span class='ocr_line' id='line_1_20' title="bbox 713 1851 2291 1922; baseline 0.002 -21"><span class='ocrx_word' id='word_1_129' title='bbox 713 1851 896 1904; x_wconf 81' lang='lat' dir='ltr'><strong>attulit</strong></span> <span class='ocrx_word' id='word_1_130' title='bbox 927 1851 1197 1913; x_wconf 83' lang='lat' dir='ltr'><strong>dolorem,</strong></span> <span class='ocrx_word' id='word_1_131' title='bbox 1240 1854 1384 1921; x_wconf 86' lang='lat' dir='ltr'><strong>quod</strong></span> <span class='ocrx_word' id='word_1_132' title='bbox 1415 1854 1483 1907; x_wconf 93' lang='lat' dir='ltr'><strong>de</strong></span> <span class='ocrx_word' id='word_1_133' title='bbox 1541 1852 1656 1922; x_wconf 84' lang='lat' dir='ltr'><strong>agri</strong></span> <span class='ocrx_word' id='word_1_134' title='bbox 1697 1851 2045 1906; x_wconf 90' lang='lat' dir='ltr'><strong>dimensione</strong></span> <span class='ocrx_word' id='word_1_135' title='bbox 2080 1852 2291 1920; x_wconf 61' lang='lat' dir='ltr'><strong>accepi-</strong></span> 
     </span>
    </p>
   </div>
   <div class='ocr_carea' id='block_1_21' title="bbox 714 1941 2293 2012">
    <p class='ocr_par' dir='ltr' id='par_1_21' title="bbox 714 1941 2293 2012">
     <span class='ocr_line' id='line_1_21' title="bbox 714 1941 2293 2012; baseline 0.001 -19"><span class='ocrx_word' id='word_1_136' title='bbox 714 1954 873 1995; x_wconf 88' lang='lat' dir='ltr'><strong>mus:</strong></span> <span class='ocrx_word' id='word_1_137' title='bbox 903 1956 1028 1995; x_wconf 88' lang='lat' dir='ltr'><strong>nam</strong></span> <span class='ocrx_word' id='word_1_138' title='bbox 1066 1941 1307 1999; x_wconf 86' lang='lat' dir='ltr'><strong>Ecclesia</strong></span> <span class='ocrx_word' id='word_1_139' title='bbox 1342 1957 1559 2012; x_wconf 87' lang='lat' dir='ltr'><strong>semper</strong></span> <span class='ocrx_word' id='word_1_140' title='bbox 1587 1958 1857 1997; x_wconf 89' lang='lat' dir='ltr'><strong>venenum</strong></span> <span class='ocrx_word' id='word_1_141' title='bbox 1893 1941 2096 1996; x_wconf 88' lang='lat' dir='ltr'><strong>delibat</strong></span> <span class='ocrx_word' id='word_1_142' title='bbox 2124 1942 2293 2011; x_wconf 89' lang='lat' dir='ltr'><strong>prior,</strong></span> 
     </span>
    </p>
   </div>
   <div class='ocr_carea' id='block_1_22' title="bbox 714 2036 2297 2107">
    <p class='ocr_par' dir='ltr' id='par_1_22' title="bbox 714 2036 2297 2107">
     <span class='ocr_line' id='line_1_22' title="bbox 714 2036 2297 2107; baseline 0.001 -19"><span class='ocrx_word' id='word_1_143' title='bbox 714 2048 771 2088; x_wconf 81' lang='lat' dir='ltr'><strong>ct</strong></span> <span class='ocrx_word' id='word_1_144' title='bbox 827 2036 1096 2105; x_wconf 86' lang='lat' dir='ltr'><strong>judicium</strong></span> <span class='ocrx_word' id='word_1_145' title='bbox 1150 2038 1362 2107; x_wconf 88' lang='lat' dir='ltr'><strong>incipit,</strong></span> <span class='ocrx_word' id='word_1_146' title='bbox 1417 2038 1563 2100; x_wconf 72' lang='lat' dir='ltr'><strong>iuxta</strong></span> <span class='ocrx_word' id='word_1_147' title='bbox 1634 2036 2013 2107; x_wconf 89' lang='lat' dir='ltr'><strong>Scripturam,</strong></span> <span class='ocrx_word' id='word_1_148' title='bbox 2049 2050 2079 2090; x_wconf 86' lang='lat' dir='ltr'><strong>a</strong></span> <span class='ocrx_word' id='word_1_149' title='bbox 2133 2037 2297 2091; x_wconf 92' lang='lat' dir='ltr'><strong>domo</strong></span> 
     </span>
    </p>
   </div>
   <div class='ocr_carea' id='block_1_23' title="bbox 727 2116 2300 2199">
    <p class='ocr_par' dir='ltr' id='par_1_23' title="bbox 727 2116 2300 2199">
     <span class='ocr_line' id='line_1_23' title="bbox 727 2116 2300 2199; baseline 0.001 -17"><span class='ocrx_word' id='word_1_150' title='bbox 727 2128 960 2185; x_wconf 79' lang='lat' dir='ltr'><strong>Domini.</strong></span> <span class='ocrx_word' id='word_1_151' title='bbox 989 2129 1257 2184; x_wconf 68' lang='lat' dir='ltr'><strong>Caeterum</strong></span> <span class='ocrx_word' id='word_1_152' title='bbox 1301 2116 1608 2199; x_wconf 81' lang='lat' dir='ltr'><strong>opponunt,</strong></span> <span class='ocrx_word' id='word_1_153' title='bbox 1649 2130 1907 2198; x_wconf 84' lang='lat' dir='ltr'><strong>quoniam</strong></span> <span class='ocrx_word' id='word_1_154' title='bbox 1937 2130 2052 2184; x_wconf 60' lang='lat' dir='ltr'><strong>hinc</strong></span> <span class='ocrx_word' id='word_1_155' title='bbox 2108 2130 2161 2182; x_wconf 91' lang='lat' dir='ltr'><strong>in</strong></span> <span class='ocrx_word' id='word_1_156' title='bbox 2188 2131 2300 2184; x_wconf 90' lang='lat' dir='ltr'><strong>tuis</strong></span> 
     </span>
    </p>
   </div>
   <div class='ocr_carea' id='block_1_24' title="bbox 716 2222 2301 2291">
    <p class='ocr_par' dir='ltr' id='par_1_24' title="bbox 716 2222 2301 2291">
     <span class='ocr_line' id='line_1_24' title="bbox 716 2222 2301 2291; baseline 0.003 -20"><span class='ocrx_word' id='word_1_157' title='bbox 716 2222 952 2286; x_wconf 69' lang='lat' dir='ltr'><strong>genibus</strong></span> <span class='ocrx_word' id='word_1_158' title='bbox 987 2223 1164 2291; x_wconf 88' lang='lat' dir='ltr'><strong>posita</strong></span> <span class='ocrx_word' id='word_1_159' title='bbox 1204 2233 1354 2287; x_wconf 87' lang='lat' dir='ltr'><strong>sunt,</strong></span> <span class='ocrx_word' id='word_1_160' title='bbox 1416 2231 1475 2275; x_wconf 92' lang='lat' dir='ltr'><strong>ut</strong></span> <span class='ocrx_word' id='word_1_161' title='bbox 1503 2222 1661 2275; x_wconf 88' lang='lat' dir='ltr'><strong>dolor</strong></span> <span class='ocrx_word' id='word_1_162' title='bbox 1698 2222 1791 2274; x_wconf 82' lang='lat' dir='ltr'><strong>liat</strong></span> <span class='ocrx_word' id='word_1_163' title='bbox 1855 2222 2045 2286; x_wconf 82' lang='lat' dir='ltr'><strong>levior,</strong></span> <span class='ocrx_word' id='word_1_164' title='bbox 2087 2231 2141 2276; x_wconf 87' lang='lat' dir='ltr'><strong>et</strong></span> <span class='ocrx_word' id='word_1_165' title='bbox 2199 2238 2301 2277; x_wconf 90' lang='lat' dir='ltr'><strong>nos</strong></span> 
     </span>
    </p>
   </div>
   <div class='ocr_carea' id='block_1_25' title="bbox 724 2312 2300 2383">
    <p class='ocr_par' dir='ltr' id='par_1_25' title="bbox 724 2312 2300 2383">
     <span class='ocr_line' id='line_1_25' title="bbox 724 2312 2300 2383; baseline 0.004 -19"><span class='ocrx_word' id='word_1_166' title='bbox 724 2313 1030 2369; x_wconf 75' lang='lat' dir='ltr'><strong>suaviores.</strong></span> <span class='ocrx_word' id='word_1_167' title='bbox 1063 2312 1203 2378; x_wconf 83' lang='lat' dir='ltr'><strong>Quid</strong></span> <span class='ocrx_word' id='word_1_168' title='bbox 1229 2329 1359 2367; x_wconf 89' lang='lat' dir='ltr'><strong>vero</strong></span> <span class='ocrx_word' id='word_1_169' title='bbox 1386 2328 1494 2367; x_wconf 91' lang='lat' dir='ltr'><strong>non</strong></span> <span class='ocrx_word' id='word_1_170' title='bbox 1528 2328 1613 2368; x_wconf 92' lang='lat' dir='ltr'><strong>me</strong></span> <span class='ocrx_word' id='word_1_171' title='bbox 1643 2314 1981 2380; x_wconf 84' lang='lat' dir='ltr'><strong>consoletur,</strong></span> <span class='ocrx_word' id='word_1_172' title='bbox 2009 2315 2137 2369; x_wconf 82' lang='lat' dir='ltr'><strong>dum</strong></span> <span class='ocrx_word' id='word_1_173' title='bbox 2174 2330 2300 2383; x_wconf 85' lang='lat' dir='ltr'><strong>spes</strong></span> 
     </span>
    </p>
   </div>
   <div class='ocr_carea' id='block_1_26' title="bbox 727 2405 2299 2477">
    <p class='ocr_par' dir='ltr' id='par_1_26' title="bbox 727 2405 2299 2477">
     <span class='ocr_line' id='line_1_26' title="bbox 727 2405 2299 2477; baseline 0.001 -20"><span class='ocrx_word' id='word_1_174' title='bbox 727 2407 794 2458; x_wconf 87' lang='lat' dir='ltr'><strong>de</strong></span> <span class='ocrx_word' id='word_1_175' title='bbox 824 2420 883 2458; x_wconf 86' lang='lat' dir='ltr'><strong>re</strong></span> <span class='ocrx_word' id='word_1_176' title='bbox 908 2405 963 2457; x_wconf 87' lang='lat' dir='ltr'><strong>in</strong></span> <span class='ocrx_word' id='word_1_177' title='bbox 996 2412 1089 2459; x_wconf 87' lang='lat' dir='ltr'><strong>tua</strong></span> <span class='ocrx_word' id='word_1_178' title='bbox 1118 2406 1295 2474; x_wconf 87' lang='lat' dir='ltr'><strong>posita</strong></span> <span class='ocrx_word' id='word_1_179' title='bbox 1320 2416 1401 2460; x_wconf 89' lang='lat' dir='ltr'><strong>cst</strong></span> <span class='ocrx_word' id='word_1_180' title='bbox 1428 2421 1557 2477; x_wconf 86' lang='lat' dir='ltr'><strong>erga</strong></span> <span class='ocrx_word' id='word_1_181' title='bbox 1594 2422 1693 2461; x_wconf 87' lang='lat' dir='ltr'><strong>nos</strong></span> <span class='ocrx_word' id='word_1_182' title='bbox 1724 2406 1988 2470; x_wconf 83' lang='lat' dir='ltr'><strong>bonitate,</strong></span> <span class='ocrx_word' id='word_1_183' title='bbox 2021 2421 2112 2475; x_wconf 86' lang='lat' dir='ltr'><strong>per</strong></span> <span class='ocrx_word' id='word_1_184' title='bbox 2136 2423 2299 2475; x_wconf 85' lang='lat' dir='ltr'><strong>quam</strong></span> 
     </span>
    </p>
   </div>
   <div class='ocr_carea' id='block_1_27' title="bbox 726 2497 2302 2569">
    <p class='ocr_par' dir='ltr' id='par_1_27' title="bbox 726 2497 2302 2569">
     <span class='ocr_line' id='line_1_27' title="bbox 726 2497 2302 2569; baseline 0.003 -22"><span class='ocrx_word' id='word_1_185' title='bbox 726 2499 911 2565; x_wconf 70' lang='lat' dir='ltr'><strong>priora</strong></span> <span class='ocrx_word' id='word_1_186' title='bbox 944 2499 1295 2553; x_wconf 87' lang='lat' dir='ltr'><strong>meminimus</strong></span> <span class='ocrx_word' id='word_1_187' title='bbox 1324 2500 1604 2566; x_wconf 86' lang='lat' dir='ltr'><strong>accepisse</strong></span> <span class='ocrx_word' id='word_1_188' title='bbox 1635 2499 1928 2569; x_wconf 86' lang='lat' dir='ltr'><strong>?Utroque</strong></span> <span class='ocrx_word' id='word_1_189' title='bbox 1972 2497 2153 2553; x_wconf 88' lang='lat' dir='ltr'><strong>modo.</strong></span> <span class='ocrx_word' id='word_1_190' title='bbox 2193 2497 2302 2552; x_wconf 87' lang='lat' dir='ltr'><strong>Sed</strong></span> 
     </span>
    </p>
   </div>
   <div class='ocr_carea' id='block_1_28' title="bbox 728 2590 2307 2660">
    <p class='ocr_par' dir='ltr' id='par_1_28' title="bbox 728 2590 2307 2660">
     <span class='ocr_line' id='line_1_28' title="bbox 728 2590 2307 2660; baseline 0.002 -19"><span class='ocrx_word' id='word_1_191' title='bbox 728 2590 929 2654; x_wconf 86' lang='lat' dir='ltr'><strong>habeo,</strong></span> <span class='ocrx_word' id='word_1_192' title='bbox 961 2591 1032 2645; x_wconf 90' lang='lat' dir='ltr'><strong>de</strong></span> <span class='ocrx_word' id='word_1_193' title='bbox 1056 2606 1165 2659; x_wconf 91' lang='lat' dir='ltr'><strong>quo</strong></span> <span class='ocrx_word' id='word_1_194' title='bbox 1192 2606 1391 2660; x_wconf 88' lang='lat' dir='ltr'><strong>querar</strong></span> <span class='ocrx_word' id='word_1_195' title='bbox 1438 2590 1734 2646; x_wconf 86' lang='lat' dir='ltr'><strong>adversum</strong></span> <span class='ocrx_word' id='word_1_196' title='bbox 1774 2600 1849 2656; x_wconf 89' lang='lat' dir='ltr'><strong>te,</strong></span> <span class='ocrx_word' id='word_1_197' title='bbox 1888 2590 1943 2645; x_wconf 90' lang='lat' dir='ltr'><strong>id</strong></span> <span class='ocrx_word' id='word_1_198' title='bbox 2000 2598 2183 2645; x_wconf 88' lang='lat' dir='ltr'><strong>autem</strong></span> <span class='ocrx_word' id='word_1_199' title='bbox 2209 2606 2307 2660; x_wconf 86' lang='lat' dir='ltr'><strong>per</strong></span> 
     </span>
    </p>
   </div>
   <div class='ocr_carea' id='block_1_29' title="bbox 725 2682 2304 2752">
    <p class='ocr_par' dir='ltr' id='par_1_29' title="bbox 725 2682 2304 2752">
     <span class='ocr_line' id='line_1_29' title="bbox 725 2682 2304 2752; baseline 0 -17"><span class='ocrx_word' id='word_1_200' title='bbox 725 2683 1013 2750; x_wconf 80' lang='lat' dir='ltr'><strong>epistolam</strong></span> <span class='ocrx_word' id='word_1_201' title='bbox 1041 2684 1385 2752; x_wconf 85' lang='lat' dir='ltr'><strong>signiﬁcabo,</strong></span> <span class='ocrx_word' id='word_1_202' title='bbox 1419 2685 1511 2740; x_wconf 92' lang='lat' dir='ltr'><strong>sed</strong></span> <span class='ocrx_word' id='word_1_203' title='bbox 1542 2684 1647 2739; x_wconf 92' lang='lat' dir='ltr'><strong>erit</strong></span> <span class='ocrx_word' id='word_1_204' title='bbox 1669 2698 1828 2751; x_wconf 62' lang='lat' dir='ltr'><strong>aequo</strong></span> <span class='ocrx_word' id='word_1_205' title='bbox 1872 2682 2122 2752; x_wconf 79' lang='lat' dir='ltr'><strong>longior;</strong></span> <span class='ocrx_word' id='word_1_206' title='bbox 2178 2697 2304 2736; x_wconf 92' lang='lat' dir='ltr'><strong>cum</strong></span> 
     </span>
    </p>
   </div>
   <div class='ocr_carea' id='block_1_30' title="bbox 728 2775 2305 2845">
    <p class='ocr_par' dir='ltr' id='par_1_30' title="bbox 728 2775 2305 2845">
     <span class='ocr_line' id='line_1_30' title="bbox 728 2775 2305 2845; baseline -0.001 -17"><span class='ocrx_word' id='word_1_207' title='bbox 728 2775 895 2845; x_wconf 82' lang='lat' dir='ltr'><strong>igitur</strong></span> <span class='ocrx_word' id='word_1_208' title='bbox 929 2783 982 2829; x_wconf 89' lang='lat' dir='ltr'><strong>te</strong></span> <span class='ocrx_word' id='word_1_209' title='bbox 1008 2777 1326 2830; x_wconf 89' lang='lat' dir='ltr'><strong>conveniam</strong></span> <span class='ocrx_word' id='word_1_210' title='bbox 1352 2785 1406 2830; x_wconf 92' lang='lat' dir='ltr'><strong>et</strong></span> <span class='ocrx_word' id='word_1_211' title='bbox 1441 2777 1553 2840; x_wconf 88' lang='lat' dir='ltr'><strong>illa,</strong></span> <span class='ocrx_word' id='word_1_212' title='bbox 1588 2785 1642 2829; x_wconf 89' lang='lat' dir='ltr'><strong>et</strong></span> <span class='ocrx_word' id='word_1_213' title='bbox 1673 2775 1815 2829; x_wconf 90' lang='lat' dir='ltr'><strong>hanc</strong></span> <span class='ocrx_word' id='word_1_214' title='bbox 1869 2776 2146 2844; x_wconf 86' lang='lat' dir='ltr'><strong>querelam</strong></span> <span class='ocrx_word' id='word_1_215' title='bbox 2181 2790 2305 2829; x_wconf 92' lang='lat' dir='ltr'><strong>cum</strong></span> 
     </span>
    </p>
   </div>
   <div class='ocr_carea' id='block_1_31' title="bbox 729 2863 2307 2934">
    <p class='ocr_par' dir='ltr' id='par_1_31' title="bbox 729 2863 2307 2934">
     <span class='ocr_line' id='line_1_31' title="bbox 729 2863 2307 2934; baseline 0 -15"><span class='ocrx_word' id='word_1_216' title='bbox 729 2881 917 2920; x_wconf 89' lang='lat' dir='ltr'><strong>amore</strong></span> <span class='ocrx_word' id='word_1_217' title='bbox 942 2882 1129 2920; x_wconf 87' lang='lat' dir='ltr'><strong>coram</strong></span> <span class='ocrx_word' id='word_1_218' title='bbox 1166 2881 1461 2934; x_wconf 76' lang='lat' dir='ltr'><strong>exponam.</strong></span> <span class='ocrx_word' id='word_1_219' title='bbox 1493 2865 1704 2921; x_wconf 87' lang='lat' dir='ltr'><strong>Etenim</strong></span> <span class='ocrx_word' id='word_1_220' title='bbox 1728 2880 1825 2918; x_wconf 92' lang='lat' dir='ltr'><strong>ero</strong></span> <span class='ocrx_word' id='word_1_221' title='bbox 1845 2864 1985 2919; x_wconf 86' lang='lat' dir='ltr'><strong>duce</strong></span> <span class='ocrx_word' id='word_1_222' title='bbox 2018 2863 2130 2919; x_wconf 85' lang='lat' dir='ltr'><strong>Deo</strong></span> <span class='ocrx_word' id='word_1_223' title='bbox 2164 2865 2307 2934; x_wconf 80' lang='lat' dir='ltr'><strong>apud</strong></span> 
     </span>
    </p>
   </div>
   <div class='ocr_carea' id='block_1_32' title="bbox 727 2955 2305 3027">
    <p class='ocr_par' dir='ltr' id='par_1_32' title="bbox 727 2955 2305 3027">
     <span class='ocr_line' id='line_1_32' title="bbox 727 2955 2305 3027; baseline -0.001 -18"><span class='ocrx_word' id='word_1_224' title='bbox 727 2967 780 3009; x_wconf 89' lang='lat' dir='ltr'><strong>te</strong></span> <span class='ocrx_word' id='word_1_225' title='bbox 807 2966 1097 3026; x_wconf 90' lang='lat' dir='ltr'><strong>postquam</strong></span> <span class='ocrx_word' id='word_1_226' title='bbox 1126 2956 1398 3011; x_wconf 86' lang='lat' dir='ltr'><strong>celebrata</strong></span> <span class='ocrx_word' id='word_1_227' title='bbox 1423 2957 1587 3011; x_wconf 79' lang='lat' dir='ltr'><strong>fuerit</strong></span> <span class='ocrx_word' id='word_1_228' title='bbox 1613 2956 1858 3027; x_wconf 85' lang='lat' dir='ltr'><strong>synodus</strong></span> <span class='ocrx_word' id='word_1_229' title='bbox 1884 2955 2027 3024; x_wconf 86' lang='lat' dir='ltr'><strong>apud</strong></span> <span class='ocrx_word' id='word_1_230' title='bbox 2053 2964 2305 3010; x_wconf 90' lang='lat' dir='ltr'><strong>sanctum</strong></span> 
     </span>
    </p>
   </div>
   <div class='ocr_carea' id='block_1_33' title="bbox 729 3046 2306 3115">
    <p class='ocr_par' dir='ltr' id='par_1_33' title="bbox 729 3046 2306 3115">
     <span class='ocr_line' id='line_1_33' title="bbox 729 3046 2306 3115; baseline -0.004 -13"><span class='ocrx_word' id='word_1_231' title='bbox 729 3048 946 3103; x_wconf 76' lang='lat' dir='ltr'><strong>Patrem</strong></span> <span class='ocrx_word' id='word_1_232' title='bbox 980 3049 1264 3113; x_wconf 81' lang='lat' dir='ltr'><strong>Achillem,</strong></span> <span class='ocrx_word' id='word_1_233' title='bbox 1298 3058 1349 3101; x_wconf 89' lang='lat' dir='ltr'><strong>et</strong></span> <span class='ocrx_word' id='word_1_234' title='bbox 1384 3049 1597 3113; x_wconf 83' lang='lat' dir='ltr'><strong>videbo,</strong></span> <span class='ocrx_word' id='word_1_235' title='bbox 1626 3056 1681 3102; x_wconf 89' lang='lat' dir='ltr'><strong>et</strong></span> <span class='ocrx_word' id='word_1_236' title='bbox 1709 3046 1859 3101; x_wconf 79' lang='lat' dir='ltr'><strong>fruar</strong></span> <span class='ocrx_word' id='word_1_237' title='bbox 1886 3046 2306 3115; x_wconf 66' lang='lat' dir='ltr'><strong>praeclarissima</strong></span> 
     </span>
    </p>
   </div>
   <div class='ocr_carea' id='block_1_34' title="bbox 2328 1806 2366 1858">
    <p class='ocr_par' dir='ltr' id='par_1_34' title="bbox 2328 1806 2366 1858">
     <span class='ocr_line' id='line_1_34' title="bbox 2328 1806 2366 1858; baseline 0 0"><span class='ocrx_word' id='word_1_238' title='bbox 2328 1806 2366 1858; x_wconf 84' lang='grc' dir='ltr'><strong>Β</strong></span> 
     </span>
    </p>
   </div>
   <div class='ocr_carea' id='block_1_35' title="bbox 2390 575 3976 648">
    <p class='ocr_par' dir='ltr' id='par_1_35' title="bbox 2390 575 3976 648">
     <span class='ocr_line' id='line_1_35' title="bbox 2390 575 3976 648; baseline 0.002 -22"><span class='ocrx_word' id='word_1_239' title='bbox 2390 575 2490 645; x_wconf 80' lang='grc' dir='ltr'>ρίῳ</span> <span class='ocrx_word' id='word_1_240' title='bbox 2526 576 2836 646; x_wconf 75' lang='grc' dir='ltr'>συμϐαίνει,</span> <span class='ocrx_word' id='word_1_241' title='bbox 2897 577 3019 631; x_wconf 87' lang='grc' dir='ltr'>τίνα</span> <span class='ocrx_word' id='word_1_242' title='bbox 3071 578 3181 631; x_wconf 83' lang='grc' dir='ltr'>τῶν</span> <span class='ocrx_word' id='word_1_243' title='bbox 3232 578 3652 647; x_wconf 74' lang='grc' dir='ltr'>άλλεπαλλὴλων</span> <span class='ocrx_word' id='word_1_244' title='bbox 3701 580 3976 648; x_wconf 79' lang='grc' dir='ltr'>κυμάτων</span> 
     </span>
    </p>
   </div>
   <div class='ocr_carea' id='block_1_36' title="bbox 2384 666 3977 740">
    <p class='ocr_par' dir='ltr' id='par_1_36' title="bbox 2384 666 3977 740">
     <span class='ocr_line' id='line_1_36' title="bbox 2384 666 3977 740; baseline 0.001 -22"><span class='ocrx_word' id='word_1_245' title='bbox 2384 667 2485 735; x_wconf 78' lang='grc' dir='ltr'>οὐχ</span> <span class='ocrx_word' id='word_1_246' title='bbox 2520 667 2841 736; x_wconf 77' lang='grc' dir='ltr'>ὑπερϐαίνει</span> <span class='ocrx_word' id='word_1_247' title='bbox 2870 687 2884 731; x_wconf 86' lang='grc'>;</span> <span class='ocrx_word' id='word_1_248' title='bbox 2912 666 3080 722; x_wconf 81' lang='grc' dir='ltr'>υῦπω</span> <span class='ocrx_word' id='word_1_249' title='bbox 3116 669 3215 740; x_wconf 85' lang='grc' dir='ltr'><strong>τὴν</strong></span> <span class='ocrx_word' id='word_1_250' title='bbox 3254 670 3537 739; x_wconf 80' lang='grc' dir='ltr'><strong>προτέρως</strong></span> <span class='ocrx_word' id='word_1_251' title='bbox 3574 669 3803 722; x_wconf 75' lang='grc' dir='ltr'>σπιλάδα</span> <span class='ocrx_word' id='word_1_252' title='bbox 3845 669 3977 721; x_wconf 82' lang='grc' dir='ltr'>δια-</span> 
     </span>
    </p>
   </div>
   <div class='ocr_carea' id='block_1_37' title="bbox 2386 758 3974 831">
    <p class='ocr_par' dir='ltr' id='par_1_37' title="bbox 2386 758 3974 831">
     <span class='ocr_line' id='line_1_37' title="bbox 2386 758 3974 831; baseline 0 -20"><span class='ocrx_word' id='word_1_253' title='bbox 2386 758 2743 829; x_wconf 77' lang='grc' dir='ltr'>πεφεύγαμεν</span> <span class='ocrx_word' id='word_1_254' title='bbox 2772 759 2882 830; x_wconf 79' lang='grc' dir='ltr'>(τὸν</span> <span class='ocrx_word' id='word_1_255' title='bbox 2907 760 3160 831; x_wconf 79' lang='grc' dir='ltr'><strong>εὐνοῦχον</strong></span> <span class='ocrx_word' id='word_1_256' title='bbox 3184 762 3347 830; x_wconf 85' lang='grc' dir='ltr'>λέγω·</span> <span class='ocrx_word' id='word_1_257' title='bbox 3370 761 3434 814; x_wconf 71' lang='grc' dir='ltr'><strong>σὺ</strong></span> <span class='ocrx_word' id='word_1_258' title='bbox 3456 761 3583 814; x_wconf 82' lang='grc' dir='ltr'>δ’ἆν</span> <span class='ocrx_word' id='word_1_259' title='bbox 3604 762 3773 823; x_wconf 76' lang='grc' dir='ltr'>εἴποις</span> <span class='ocrx_word' id='word_1_260' title='bbox 3802 760 3974 821; x_wconf 66' lang='grc' dir='ltr'>αὐτὸς</span> 
     </span>
    </p>
   </div>
   <div class='ocr_carea' id='block_1_38' title="bbox 2388 850 3976 924">
    <p class='ocr_par' dir='ltr' id='par_1_38' title="bbox 2388 850 3976 924">
     <span class='ocr_line' id='line_1_38' title="bbox 2388 850 3976 924; baseline -0.001 -21"><span class='ocrx_word' id='word_1_261' title='bbox 2388 850 2592 905; x_wconf 80' lang='grc' dir='ltr'>Σύλλαν</span> <span class='ocrx_word' id='word_1_262' title='bbox 2612 852 2644 921; x_wconf 83' lang='grc' dir='ltr'>ἢ</span> <span class='ocrx_word' id='word_1_263' title='bbox 2665 853 2936 924; x_wconf 77' lang='grc' dir='ltr'>Χάρυϐδιν</span> <span class='ocrx_word' id='word_1_264' title='bbox 2954 854 3016 906; x_wconf 70' lang='grc' dir='ltr'>ἐκ</span> <span class='ocrx_word' id='word_1_265' title='bbox 3037 854 3147 906; x_wconf 88' lang='grc' dir='ltr'><strong>τῶν</strong></span> <span class='ocrx_word' id='word_1_266' title='bbox 3165 855 3482 924; x_wconf 77' lang='grc' dir='ltr'><strong>ποιημάτων</strong></span> <span class='ocrx_word' id='word_1_267' title='bbox 3501 853 3766 917; x_wconf 73' lang='grc' dir='ltr'>ἐπιστὰς),</span> <span class='ocrx_word' id='word_1_268' title='bbox 3782 854 3976 919; x_wconf 67' lang='grc' dir='ltr'>νεαροο</span> 
     </span>
    </p>
   </div>
   <div class='ocr_carea' id='block_1_39' title="bbox 2383 941 3978 1013">
    <p class='ocr_par' dir='ltr' id='par_1_39' title="bbox 2383 941 3978 1013">
     <span class='ocr_line' id='line_1_39' title="bbox 2383 941 3978 1013; baseline -0.003 -18"><span class='ocrx_word' id='word_1_269' title='bbox 2383 959 2543 1013; x_wconf 84' lang='grc' dir='ltr'>τερος</span> <span class='ocrx_word' id='word_1_270' title='bbox 2565 943 2660 996; x_wconf 80' lang='grc' dir='ltr'>καὶ</span> <span class='ocrx_word' id='word_1_271' title='bbox 2680 945 2875 1013; x_wconf 81' lang='grc' dir='ltr'>ἄνεμος</span> <span class='ocrx_word' id='word_1_272' title='bbox 2892 944 3284 1012; x_wconf 83' lang='grc' dir='ltr'>τυφωνητικδς,</span> <span class='ocrx_word' id='word_1_273' title='bbox 3299 946 3327 996; x_wconf 87' lang='grc' dir='ltr'>ὁ</span> <span class='ocrx_word' id='word_1_274' title='bbox 3340 942 3670 1012; x_wconf 71' lang='grc' dir='ltr'>καλούμενος</span> <span class='ocrx_word' id='word_1_275' title='bbox 3712 941 3978 1010; x_wconf 63' lang='grc' dir='ltr'>εὐροκλύ-</span> 
     </span>
    </p>
   </div>
   <div class='ocr_carea' id='block_1_40' title="bbox 2388 1034 3975 1105">
    <p class='ocr_par' dir='ltr' id='par_1_40' title="bbox 2388 1034 3975 1105">
     <span class='ocr_line' id='line_1_40' title="bbox 2388 1034 3975 1105; baseline -0.001 -19"><span class='ocrx_word' id='word_1_276' title='bbox 2388 1034 2512 1095; x_wconf 86' lang='grc' dir='ltr'>δων,</span> <span class='ocrx_word' id='word_1_277' title='bbox 2555 1034 2687 1102; x_wconf 77' lang='grc' dir='ltr'>ἡμῖν</span> <span class='ocrx_word' id='word_1_278' title='bbox 2724 1036 3064 1099; x_wconf 75' lang='grc' dir='ltr'>ἐνέπνευσεν,</span> <span class='ocrx_word' id='word_1_279' title='bbox 3093 1039 3120 1089; x_wconf 87' lang='grc' dir='ltr'>ὁ</span> <span class='ocrx_word' id='word_1_280' title='bbox 3147 1037 3277 1105; x_wconf 79' lang='grc' dir='ltr'>ἐμός</span> <span class='ocrx_word' id='word_1_281' title='bbox 3304 1052 3437 1104; x_wconf 81' lang='grc' dir='ltr'>φησι</span> <span class='ocrx_word' id='word_1_282' title='bbox 3470 1035 3701 1104; x_wconf 83' lang='grc' dir='ltr'>ποιητὴς</span> <span class='ocrx_word' id='word_1_283' title='bbox 3729 1035 3975 1094; x_wconf 77' lang='grc' dir='ltr'>Λουκᾶς.</span> 
     </span>
    </p>
   </div>
   <div class='ocr_carea' id='block_1_41' title="bbox 2402 1126 3971 1201">
    <p class='ocr_par' dir='ltr' id='par_1_41' title="bbox 2402 1126 3971 1201">
     <span class='ocr_line' id='line_1_41' title="bbox 2402 1126 3971 1201; baseline -0.001 -22"><span class='ocrx_word' id='word_1_284' title='bbox 2402 1126 2541 1179; x_wconf 83' lang='grc' dir='ltr'>Ἀλλ’</span> <span class='ocrx_word' id='word_1_285' title='bbox 2558 1126 2666 1195; x_wconf 75' lang='grc' dir='ltr'>ἔχω</span> <span class='ocrx_word' id='word_1_286' title='bbox 2680 1127 2772 1181; x_wconf 75' lang='grc' dir='ltr'>τὸν</span> <span class='ocrx_word' id='word_1_287' title='bbox 2784 1126 3010 1195; x_wconf 83' lang='grc' dir='ltr'>λέγοντα</span> <span class='ocrx_word' id='word_1_288' title='bbox 3022 1132 3085 1200; x_wconf 77' lang='grc' dir='ltr'>τῇ</span> <span class='ocrx_word' id='word_1_289' title='bbox 3108 1128 3369 1201; x_wconf 81' lang='grc' dir='ltr'><strong>θαλάττῃ·</strong></span> <span class='ocrx_word' id='word_1_290' title='bbox 3382 1128 3599 1193; x_wconf 78' lang='grc' dir='ltr'>Σιώπα,</span> <span class='ocrx_word' id='word_1_291' title='bbox 3620 1129 3937 1196; x_wconf 58' lang='grc' dir='ltr'>πεφίμωσο</span> <span class='ocrx_word' id='word_1_292' title='bbox 3958 1142 3971 1153; x_wconf 95' lang='grc'><strong>·</strong></span> 
     </span>
    </p>
   </div>
   <div class='ocr_carea' id='block_1_42' title="bbox 2389 1211 3968 1289">
    <p class='ocr_par' dir='ltr' id='par_1_42' title="bbox 2389 1211 3968 1289">
     <span class='ocr_line' id='line_1_42' title="bbox 2389 1211 3968 1289; baseline -0.001 -19"><span class='ocrx_word' id='word_1_293' title='bbox 2389 1211 2451 1271; x_wconf 83' lang='grc' dir='ltr'><strong>οῦ</strong></span> <span class='ocrx_word' id='word_1_294' title='bbox 2483 1219 2575 1271; x_wconf 73' lang='grc' dir='ltr'>καὶ</span> <span class='ocrx_word' id='word_1_295' title='bbox 2605 1218 2792 1289; x_wconf 80' lang='grc' dir='ltr'>ἄνεμοι</span> <span class='ocrx_word' id='word_1_296' title='bbox 2826 1219 3193 1273; x_wconf 81' lang='grc' dir='ltr'><strong>ὑπακούουσιν</strong></span> <span class='ocrx_word' id='word_1_297' title='bbox 3213 1237 3226 1251; x_wconf 78' lang='grc'><strong><em>⁸</em></strong></span> <span class='ocrx_word' id='word_1_298' title='bbox 3259 1220 3318 1282; x_wconf 80' lang='grc' dir='ltr'>ὃς</span> <span class='ocrx_word' id='word_1_299' title='bbox 3348 1220 3443 1273; x_wconf 75' lang='grc' dir='ltr'><strong>καὶ</strong></span> <span class='ocrx_word' id='word_1_300' title='bbox 3464 1218 3683 1281; x_wconf 77' lang='grc' dir='ltr'>πεζεύει</span> <span class='ocrx_word' id='word_1_301' title='bbox 3714 1220 3797 1286; x_wconf 79' lang='grc' dir='ltr'><strong>ἐφ’</strong></span> <span class='ocrx_word' id='word_1_302' title='bbox 3828 1218 3968 1269; x_wconf 81' lang='grc' dir='ltr'>ὑδά-</span> 
     </span>
    </p>
   </div>
   <div class='ocr_carea' id='block_1_43' title="bbox 2330 1308 3968 1381">
    <p class='ocr_par' dir='ltr' id='par_1_43' title="bbox 2330 1308 3968 1381">
     <span class='ocr_line' id='line_1_43' title="bbox 2330 1308 3968 1381; baseline -0.001 -20"><span class='ocrx_word' id='word_1_303' title='bbox 2330 1372 2335 1381; x_wconf 37' lang='lat'><strong>,</strong></span> <span class='ocrx_word' id='word_1_304' title='bbox 2393 1327 2525 1372; x_wconf 85' lang='grc' dir='ltr'>των,</span> <span class='ocrx_word' id='word_1_305' title='bbox 2553 1311 2646 1363; x_wconf 70' lang='grc' dir='ltr'>καὶ</span> <span class='ocrx_word' id='word_1_306' title='bbox 2669 1312 2779 1371; x_wconf 84' lang='grc' dir='ltr'>τοῖς</span> <span class='ocrx_word' id='word_1_307' title='bbox 2808 1310 2990 1373; x_wconf 82' lang='grc' dir='ltr'>ἄλλοις</span> <span class='ocrx_word' id='word_1_308' title='bbox 3046 1311 3217 1364; x_wconf 76' lang='grc' dir='ltr'><strong>ταὺτὸ</strong></span> <span class='ocrx_word' id='word_1_309' title='bbox 3256 1309 3417 1364; x_wconf 84' lang='grc' dir='ltr'>τοῦτο</span> <span class='ocrx_word' id='word_1_310' title='bbox 3475 1312 3570 1363; x_wconf 74' lang='grc' dir='ltr'>καὶ</span> <span class='ocrx_word' id='word_1_311' title='bbox 3622 1308 3830 1363; x_wconf 82' lang='grc' dir='ltr'>κελεύει</span> <span class='ocrx_word' id='word_1_312' title='bbox 3864 1309 3968 1361; x_wconf 78' lang='grc' dir='ltr'>καὶ</span> 
     </span>
    </p>
   </div>
   <div class='ocr_carea' id='block_1_44' title="bbox 2394 1399 3974 1472">
    <p class='ocr_par' dir='ltr' id='par_1_44' title="bbox 2394 1399 3974 1472">
     <span class='ocr_line' id='line_1_44' title="bbox 2394 1399 3974 1472; baseline 0 -22"><span class='ocrx_word' id='word_1_313' title='bbox 2394 1399 2628 1453; x_wconf 79' lang='grc' dir='ltr'>δίδωσιν.</span> <span class='ocrx_word' id='word_1_314' title='bbox 2660 1400 2818 1453; x_wconf 82' lang='grc' dir='ltr'>Οὕτω</span> <span class='ocrx_word' id='word_1_315' title='bbox 2848 1418 2939 1469; x_wconf 91' lang='grc' dir='ltr'><strong>μοι</strong></span> <span class='ocrx_word' id='word_1_316' title='bbox 2957 1403 3117 1472; x_wconf 86' lang='grc' dir='ltr'>χεῖρα</span> <span class='ocrx_word' id='word_1_317' title='bbox 3146 1402 3269 1464; x_wconf 89' lang='grc' dir='ltr'>δούς</span> <span class='ocrx_word' id='word_1_318' title='bbox 3296 1418 3355 1454; x_wconf 87' lang='grc' dir='ltr'><strong>σε</strong></span> <span class='ocrx_word' id='word_1_319' title='bbox 3384 1400 3476 1455; x_wconf 80' lang='grc' dir='ltr'><strong>τὸν</strong></span> <span class='ocrx_word' id='word_1_320' title='bbox 3504 1402 3640 1469; x_wconf 74' lang='grc' dir='ltr'>πρὸς</span> <span class='ocrx_word' id='word_1_321' title='bbox 3671 1401 3847 1453; x_wconf 81' lang='grc' dir='ltr'>πάντα</span> <span class='ocrx_word' id='word_1_322' title='bbox 3879 1399 3974 1451; x_wconf 89' lang='grc' dir='ltr'>δε-</span> 
     </span>
    </p>
   </div>
   <div class='ocr_carea' id='block_1_45' title="bbox 2406 1492 3981 1563">
    <p class='ocr_par' dir='ltr' id='par_1_45' title="bbox 2406 1492 3981 1563">
     <span class='ocr_line' id='line_1_45' title="bbox 2406 1492 3981 1563; baseline -0.003 -18"><span class='ocrx_word' id='word_1_323' title='bbox 2406 1492 2519 1558; x_wconf 75' lang='grc' dir='ltr'>ξιὸν</span> <span class='ocrx_word' id='word_1_324' title='bbox 2553 1493 2647 1547; x_wconf 73' lang='grc' dir='ltr'><strong>καὶ</strong></span> <span class='ocrx_word' id='word_1_325' title='bbox 2673 1494 2840 1563; x_wconf 82' lang='grc' dir='ltr'>μηδὲν</span> <span class='ocrx_word' id='word_1_326' title='bbox 2883 1494 3073 1563; x_wconf 80' lang='grc' dir='ltr'>ἔχοντα</span> <span class='ocrx_word' id='word_1_327' title='bbox 3102 1494 3291 1547; x_wconf 87' lang='grc' dir='ltr'>σκαιόν</span> <span class='ocrx_word' id='word_1_328' title='bbox 3314 1510 3374 1546; x_wconf 83' lang='grc' dir='ltr'><strong>τε</strong></span> <span class='ocrx_word' id='word_1_329' title='bbox 3403 1495 3498 1548; x_wconf 79' lang='grc' dir='ltr'><strong>καὶ</strong></span> <span class='ocrx_word' id='word_1_330' title='bbox 3547 1493 3633 1546; x_wconf 80' lang='grc' dir='ltr'><strong>ἐπ’</strong></span> <span class='ocrx_word' id='word_1_331' title='bbox 3684 1492 3981 1562; x_wconf 69' lang='grc' dir='ltr'>ἀριστερόν</span> 
     </span>
    </p>
   </div>
   <div class='ocr_carea' id='block_1_46' title="bbox 2397 1583 3979 1655">
    <p class='ocr_par' dir='ltr' id='par_1_46' title="bbox 2397 1583 3979 1655">
     <span class='ocr_line' id='line_1_46' title="bbox 2397 1583 3979 1655; baseline -0.001 -20"><span class='ocrx_word' id='word_1_332' title='bbox 2397 1584 2463 1655; x_wconf 76' lang='grc' dir='ltr'>υ,</span> <span class='ocrx_word' id='word_1_333' title='bbox 2494 1583 2798 1655; x_wconf 55' lang='lat' dir='ltr'><strong>Excolat],</strong></span> <span class='ocrx_word' id='word_1_334' title='bbox 2818 1584 3078 1637; x_wconf 81' lang='grc' dir='ltr'><strong>διασώσει</strong></span> <span class='ocrx_word' id='word_1_335' title='bbox 3097 1584 3157 1636; x_wconf 74' lang='grc' dir='ltr'>τὸ</span> <span class='ocrx_word' id='word_1_336' title='bbox 3174 1585 3399 1651; x_wconf 83' lang='grc' dir='ltr'><strong>σκάφος,</strong></span> <span class='ocrx_word' id='word_1_337' title='bbox 3414 1584 3476 1637; x_wconf 80' lang='grc' dir='ltr'><strong>οὐ</strong></span> <span class='ocrx_word' id='word_1_338' title='bbox 3498 1584 3658 1653; x_wconf 81' lang='grc' dir='ltr'>μόνον</span> <span class='ocrx_word' id='word_1_339' title='bbox 3675 1584 3778 1636; x_wconf 80' lang='grc' dir='ltr'>ἀπε</span> <span class='ocrx_word' id='word_1_340' title='bbox 3790 1583 3944 1651; x_wconf 83' lang='grc' dir='ltr'>ρίτρε</span> <span class='ocrx_word' id='word_1_341' title='bbox 3959 1612 3979 1622; x_wconf 88' lang='lat'><strong>-</strong></span> 
     </span>
    </p>
   </div>
   <div class='ocr_carea' id='block_1_47' title="bbox 2400 1671 3983 1741">
    <p class='ocr_par' dir='ltr' id='par_1_47' title="bbox 2400 1671 3983 1741">
     <span class='ocr_line' id='line_1_47' title="bbox 2400 1671 3983 1741; baseline -0.003 -15"><span class='ocrx_word' id='word_1_342' title='bbox 2400 1689 2532 1726; x_wconf 89' lang='grc' dir='ltr'>πτον</span> <span class='ocrx_word' id='word_1_343' title='bbox 2566 1672 2659 1725; x_wconf 60' lang='grc' dir='ltr'><strong>καὶ⁵</strong></span> <span class='ocrx_word' id='word_1_344' title='bbox 2713 1672 3068 1738; x_wconf 76' lang='grc' dir='ltr'>ἀϐάπτιστον,</span> <span class='ocrx_word' id='word_1_345' title='bbox 3099 1672 3255 1737; x_wconf 83' lang='grc' dir='ltr'>ἀλλὰ,</span> <span class='ocrx_word' id='word_1_346' title='bbox 3284 1672 3344 1725; x_wconf 86' lang='grc' dir='ltr'>τὺ</span> <span class='ocrx_word' id='word_1_347' title='bbox 3394 1671 3605 1741; x_wconf 90' lang='grc' dir='ltr'>θαῦμα,</span> <span class='ocrx_word' id='word_1_348' title='bbox 3635 1672 3728 1725; x_wconf 75' lang='grc' dir='ltr'>καὶ</span> <span class='ocrx_word' id='word_1_349' title='bbox 3785 1672 3983 1741; x_wconf 79' lang='grc' dir='ltr'>ἀπερί-</span> 
     </span>
    </p>
   </div>
   <div class='ocr_carea' id='block_1_48' title="bbox 2398 1762 3979 1834">
    <p class='ocr_par' dir='ltr' id='par_1_48' title="bbox 2398 1762 3979 1834">
     <span class='ocr_line' id='line_1_48' title="bbox 2398 1762 3979 1834; baseline -0.002 -17"><span class='ocrx_word' id='word_1_350' title='bbox 2398 1764 2652 1817; x_wconf 86' lang='grc' dir='ltr'>κλυστον.</span> <span class='ocrx_word' id='word_1_351' title='bbox 2689 1764 2849 1834; x_wconf 81' lang='grc' dir='ltr'>Λύπη</span> <span class='ocrx_word' id='word_1_352' title='bbox 2877 1766 2974 1833; x_wconf 76' lang='grc' dir='ltr'>μὲν</span> <span class='ocrx_word' id='word_1_353' title='bbox 2999 1762 3103 1833; x_wconf 78' lang='grc' dir='ltr'>γὰρ</span> <span class='ocrx_word' id='word_1_354' title='bbox 3128 1762 3342 1832; x_wconf 82' lang='grc' dir='ltr'>άληθῶς</span> <span class='ocrx_word' id='word_1_355' title='bbox 3364 1764 3498 1832; x_wconf 79' lang='grc' dir='ltr'>ἡμῖν</span> <span class='ocrx_word' id='word_1_356' title='bbox 3527 1764 3588 1816; x_wconf 84' lang='grc' dir='ltr'><strong>οὐ</strong></span> <span class='ocrx_word' id='word_1_357' title='bbox 3621 1764 3793 1833; x_wconf 68' lang='grc' dir='ltr'>μικρὰ</span> <span class='ocrx_word' id='word_1_358' title='bbox 3843 1765 3979 1832; x_wconf 72' lang='grc' dir='ltr'>περὶ</span> 
     </span>
    </p>
   </div>
   <div class='ocr_carea' id='block_1_49' title="bbox 2394 1850 3983 1923">
    <p class='ocr_par' dir='ltr' id='par_1_49' title="bbox 2394 1850 3983 1923">
     <span class='ocr_line' id='line_1_49' title="bbox 2394 1850 3983 1923; baseline -0.001 -18"><span class='ocrx_word' id='word_1_359' title='bbox 2394 1853 2494 1923; x_wconf 80' lang='grc' dir='ltr'>τῆς</span> <span class='ocrx_word' id='word_1_360' title='bbox 2521 1850 2616 1905; x_wconf 90' lang='grc' dir='ltr'><strong>τοῦ</strong></span> <span class='ocrx_word' id='word_1_361' title='bbox 2652 1855 2853 1923; x_wconf 80' lang='grc' dir='ltr'><strong>χωρίου</strong></span> <span class='ocrx_word' id='word_1_362' title='bbox 2912 1852 3177 1922; x_wconf 81' lang='grc' dir='ltr'>μαθοῦσιν</span> <span class='ocrx_word' id='word_1_363' title='bbox 3220 1854 3665 1923; x_wconf 75' lang='grc' dir='ltr'>άναμετρήσεως.</span> <span class='ocrx_word' id='word_1_364' title='bbox 3711 1854 3821 1906; x_wconf 75' lang='grc' dir='ltr'><strong>Ἀεὶ</strong></span> <span class='ocrx_word' id='word_1_365' title='bbox 3868 1856 3983 1920; x_wconf 67' lang='grc' dir='ltr'>γᾶρ</span> 
     </span>
    </p>
   </div>
   <div class='ocr_carea' id='block_1_50' title="bbox 2396 1944 3981 2019">
    <p class='ocr_par' dir='ltr' id='par_1_50' title="bbox 2396 1944 3981 2019">
     <span class='ocr_line' id='line_1_50' title="bbox 2396 1944 3981 2019; baseline 0.001 -24"><span class='ocrx_word' id='word_1_366' title='bbox 2396 1945 2431 2013; x_wconf 78' lang='grc' dir='ltr'><strong>η</strong></span> <span class='ocrx_word' id='word_1_367' title='bbox 2464 1944 2762 2013; x_wconf 79' lang='grc' dir='ltr'><strong>Ἐκκλησία</strong></span> <span class='ocrx_word' id='word_1_368' title='bbox 2809 1944 3000 2017; x_wconf 80' lang='grc' dir='ltr'>πρώτη</span> <span class='ocrx_word' id='word_1_369' title='bbox 3038 1947 3131 2000; x_wconf 89' lang='grc' dir='ltr'><strong>τοῦ</strong></span> <span class='ocrx_word' id='word_1_370' title='bbox 3162 1948 3490 2019; x_wconf 75' lang='grc' dir='ltr'>δηλητηρίου</span> <span class='ocrx_word' id='word_1_371' title='bbox 3530 1948 3773 2015; x_wconf 86' lang='grc' dir='ltr'>γεύεται,</span> <span class='ocrx_word' id='word_1_372' title='bbox 3804 1948 3897 1998; x_wconf 72' lang='grc' dir='ltr'><strong>καὶ</strong></span> <span class='ocrx_word' id='word_1_373' title='bbox 3919 1950 3981 1997; x_wconf 70' lang='grc' dir='ltr'>τὸ</span> 
     </span>
    </p>
   </div>
   <div class='ocr_carea' id='block_1_51' title="bbox 2400 2038 3984 2112">
    <p class='ocr_par' dir='ltr' id='par_1_51' title="bbox 2400 2038 3984 2112">
     <span class='ocr_line' id='line_1_51' title="bbox 2400 2038 3984 2112; baseline 0.003 -23"><span class='ocrx_word' id='word_1_374' title='bbox 2400 2039 2577 2105; x_wconf 80' lang='grc' dir='ltr'>κρῖμα</span> <span class='ocrx_word' id='word_1_375' title='bbox 2610 2039 2673 2090; x_wconf 77' lang='grc' dir='ltr'>ἐκ</span> <span class='ocrx_word' id='word_1_376' title='bbox 2703 2038 2798 2091; x_wconf 91' lang='grc' dir='ltr'><strong>τοῦ</strong></span> <span class='ocrx_word' id='word_1_377' title='bbox 2827 2038 2979 2091; x_wconf 86' lang='grc' dir='ltr'>οῖκου</span> <span class='ocrx_word' id='word_1_378' title='bbox 3008 2040 3101 2092; x_wconf 90' lang='grc' dir='ltr'><strong>τοῦ</strong></span> <span class='ocrx_word' id='word_1_379' title='bbox 3135 2043 3364 2112; x_wconf 80' lang='grc' dir='ltr'>Κυρίου,</span> <span class='ocrx_word' id='word_1_380' title='bbox 3401 2041 3541 2095; x_wconf 78' lang='grc' dir='ltr'>κατά</span> <span class='ocrx_word' id='word_1_381' title='bbox 3585 2040 3684 2110; x_wconf 76' lang='grc' dir='ltr'>τὴν</span> <span class='ocrx_word' id='word_1_382' title='bbox 3734 2039 3984 2109; x_wconf 64' lang='grc' dir='ltr'>Γραᾳὴν,</span> 
     </span>
    </p>
   </div>
   <div class='ocr_carea' id='block_1_52' title="bbox 2403 2129 3981 2201">
    <p class='ocr_par' dir='ltr' id='par_1_52' title="bbox 2403 2129 3981 2201">
     <span class='ocr_line' id='line_1_52' title="bbox 2403 2129 3981 2201; baseline -0.001 -20"><span class='ocrx_word' id='word_1_383' title='bbox 2403 2129 2652 2199; x_wconf 80' lang='grc' dir='ltr'>ἄρχεται.</span> <span class='ocrx_word' id='word_1_384' title='bbox 2685 2129 2832 2199; x_wconf 78' lang='grc' dir='ltr'>Πλὴν</span> <span class='ocrx_word' id='word_1_385' title='bbox 2871 2131 3230 2201; x_wconf 83' lang='grc' dir='ltr'>ἀντιτιθῆσιν,</span> <span class='ocrx_word' id='word_1_386' title='bbox 3261 2133 3337 2195; x_wconf 83' lang='grc' dir='ltr'>ὡς</span> <span class='ocrx_word' id='word_1_387' title='bbox 3363 2135 3503 2186; x_wconf 89' lang='grc' dir='ltr'>σοῖσι</span> <span class='ocrx_word' id='word_1_388' title='bbox 3543 2132 3765 2199; x_wconf 87' lang='grc' dir='ltr'>γούνασι</span> <span class='ocrx_word' id='word_1_389' title='bbox 3803 2134 3981 2181; x_wconf 76' lang='grc' dir='ltr'>κεῖται</span> 
     </span>
    </p>
   </div>
   <div class='ocr_carea' id='block_1_53' title="bbox 2402 2219 3983 2293">
    <p class='ocr_par' dir='ltr' id='par_1_53' title="bbox 2402 2219 3983 2293">
     <span class='ocr_line' id='line_1_53' title="bbox 2402 2219 3983 2293; baseline -0.003 -21"><span class='ocrx_word' id='word_1_390' title='bbox 2402 2219 2598 2283; x_wconf 88' lang='grc' dir='ltr'>ταῦτα,</span> <span class='ocrx_word' id='word_1_391' title='bbox 2632 2220 2747 2290; x_wconf 78' lang='grc' dir='ltr'>ῥᾴω</span> <span class='ocrx_word' id='word_1_392' title='bbox 2771 2236 2829 2272; x_wconf 86' lang='grc' dir='ltr'><strong>τε</strong></span> <span class='ocrx_word' id='word_1_393' title='bbox 2860 2220 2927 2273; x_wconf 75' lang='grc' dir='ltr'>τὰ</span> <span class='ocrx_word' id='word_1_394' title='bbox 2962 2220 3062 2290; x_wconf 81' lang='grc' dir='ltr'><strong>τῆς</strong></span> <span class='ocrx_word' id='word_1_395' title='bbox 3094 2220 3293 2293; x_wconf 83' lang='grc' dir='ltr'>λύπης,</span> <span class='ocrx_word' id='word_1_396' title='bbox 3312 2222 3408 2275; x_wconf 74' lang='grc' dir='ltr'>καὶ</span> <span class='ocrx_word' id='word_1_397' title='bbox 3444 2224 3607 2292; x_wconf 76' lang='grc' dir='ltr'>ἡμεῖς</span> <span class='ocrx_word' id='word_1_398' title='bbox 3634 2220 3777 2290; x_wconf 78' lang='grc' dir='ltr'>ἡδεῖς</span> <span class='ocrx_word' id='word_1_399' title='bbox 3836 2220 3983 2286; x_wconf 75' lang='grc' dir='ltr'>γινέ-</span> 
     </span>
    </p>
   </div>
   <div class='ocr_carea' id='block_1_54' title="bbox 2409 2310 3987 2383">
    <p class='ocr_par' dir='ltr' id='par_1_54' title="bbox 2409 2310 3987 2383">
     <span class='ocr_line' id='line_1_54' title="bbox 2409 2310 3987 2383; baseline -0.001 -20"><span class='ocrx_word' id='word_1_400' title='bbox 2409 2310 2568 2380; x_wconf 89' lang='grc' dir='ltr'>μεθα.</span> <span class='ocrx_word' id='word_1_401' title='bbox 2598 2310 2664 2363; x_wconf 90' lang='grc' dir='ltr'>Τί</span> <span class='ocrx_word' id='word_1_402' title='bbox 2691 2311 2745 2363; x_wconf 79' lang='grc' dir='ltr'>δὲ</span> <span class='ocrx_word' id='word_1_403' title='bbox 2778 2313 2837 2364; x_wconf 84' lang='grc' dir='ltr'><strong>ού</strong></span> <span class='ocrx_word' id='word_1_404' title='bbox 2873 2312 3055 2381; x_wconf 85' lang='grc' dir='ltr'>μέλλω</span> <span class='ocrx_word' id='word_1_405' title='bbox 3089 2313 3547 2383; x_wconf 81' lang='grc' dir='ltr'>παρακαλεῖσθαι,</span> <span class='ocrx_word' id='word_1_406' title='bbox 3585 2310 3680 2364; x_wconf 86' lang='grc' dir='ltr'><strong>τοῦ</strong></span> <span class='ocrx_word' id='word_1_407' title='bbox 3724 2313 3866 2380; x_wconf 62' lang='grc' dir='ltr'>πράκ,</span> <span class='ocrx_word' id='word_1_408' title='bbox 3884 2328 3987 2377; x_wconf 64' lang='grc' dir='ltr'>,ια-</span> 
     </span>
    </p>
   </div>
   <div class='ocr_carea' id='block_1_55' title="bbox 2404 2402 3989 2475">
    <p class='ocr_par' dir='ltr' id='par_1_55' title="bbox 2404 2402 3989 2475">
     <span class='ocr_line' id='line_1_55' title="bbox 2404 2402 3989 2475; baseline -0.003 -20"><span class='ocrx_word' id='word_1_409' title='bbox 2404 2420 2496 2465; x_wconf 85' lang='grc' dir='ltr'><strong>τος</strong></span> <span class='ocrx_word' id='word_1_410' title='bbox 2528 2403 2892 2473; x_wconf 84' lang='grc' dir='ltr'>ἀνακειμένου</span> <span class='ocrx_word' id='word_1_411' title='bbox 2922 2407 2989 2475; x_wconf 77' lang='grc' dir='ltr'>τῇ</span> <span class='ocrx_word' id='word_1_412' title='bbox 3024 2406 3090 2474; x_wconf 76' lang='grc' dir='ltr'>σῇ</span> <span class='ocrx_word' id='word_1_413' title='bbox 3122 2405 3249 2475; x_wconf 75' lang='grc' dir='ltr'>περὶ</span> <span class='ocrx_word' id='word_1_414' title='bbox 3278 2405 3425 2475; x_wconf 78' lang='grc' dir='ltr'>ἡμᾶς</span> <span class='ocrx_word' id='word_1_415' title='bbox 3462 2403 3778 2472; x_wconf 83' lang='grc' dir='ltr'>ἀγαθότητι,</span> <span class='ocrx_word' id='word_1_416' title='bbox 3807 2402 3872 2454; x_wconf 82' lang='grc' dir='ltr'>δι’</span> <span class='ocrx_word' id='word_1_417' title='bbox 3923 2403 3989 2468; x_wconf 69' lang='grc' dir='ltr'>ἦν</span> 
     </span>
    </p>
   </div>
   <div class='ocr_carea' id='block_1_56' title="bbox 2408 2488 3990 2564">
    <p class='ocr_par' dir='ltr' id='par_1_56' title="bbox 2408 2488 3990 2564">
     <span class='ocr_line' id='line_1_56' title="bbox 2408 2488 3990 2564; baseline -0.004 -19"><span class='ocrx_word' id='word_1_418' title='bbox 2408 2493 2503 2545; x_wconf 71' lang='grc' dir='ltr'><strong>καὶ</strong></span> <span class='ocrx_word' id='word_1_419' title='bbox 2554 2492 2625 2544; x_wconf 75' lang='grc' dir='ltr'><strong>τά</strong></span> <span class='ocrx_word' id='word_1_420' title='bbox 2678 2492 3019 2561; x_wconf 79' lang='grc' dir='ltr'>προλαῦὁντα</span> <span class='ocrx_word' id='word_1_421' title='bbox 3048 2493 3335 2564; x_wconf 81' lang='grc' dir='ltr'>διήλθομεν</span> <span class='ocrx_word' id='word_1_422' title='bbox 3368 2507 3383 2523; x_wconf 83' lang='lat'><strong><em>°</em></strong></span> <span class='ocrx_word' id='word_1_423' title='bbox 3430 2492 3765 2563; x_wconf 77' lang='grc' dir='ltr'>’Δμφότερον</span> <span class='ocrx_word' id='word_1_424' title='bbox 3790 2508 3804 2521; x_wconf 91' lang='grc'><strong>·</strong></span> <span class='ocrx_word' id='word_1_425' title='bbox 3844 2488 3990 2543; x_wconf 77' lang='grc' dir='ltr'>Ἀλλ’</span> 
     </span>
    </p>
   </div>
   <div class='ocr_carea' id='block_1_57' title="bbox 2412 2583 3993 2658">
    <p class='ocr_par' dir='ltr' id='par_1_57' title="bbox 2412 2583 3993 2658">
     <span class='ocr_line' id='line_1_57' title="bbox 2412 2583 3993 2658; baseline -0.004 -19"><span class='ocrx_word' id='word_1_426' title='bbox 2412 2588 2522 2656; x_wconf 75' lang='grc' dir='ltr'>ἔχω</span> <span class='ocrx_word' id='word_1_427' title='bbox 2546 2588 2599 2640; x_wconf 88' lang='grc' dir='ltr'><strong>τί</strong></span> <span class='ocrx_word' id='word_1_428' title='bbox 2628 2604 2709 2639; x_wconf 91' lang='grc' dir='ltr'><strong>σοι</strong></span> <span class='ocrx_word' id='word_1_429' title='bbox 2736 2587 2831 2639; x_wconf 73' lang='grc' dir='ltr'><strong>καὶ</strong></span> <span class='ocrx_word' id='word_1_430' title='bbox 2864 2586 3140 2655; x_wconf 80' lang='grc' dir='ltr'>ἐγκαλεῖν.</span> <span class='ocrx_word' id='word_1_431' title='bbox 3206 2586 3322 2658; x_wconf 81' lang='grc' dir='ltr'><strong>Ἀρ’</strong></span> <span class='ocrx_word' id='word_1_432' title='bbox 3357 2586 3452 2640; x_wconf 86' lang='grc' dir='ltr'><strong>οῦν</strong></span> <span class='ocrx_word' id='word_1_433' title='bbox 3482 2586 3772 2657; x_wconf 72' lang='grc' dir='ltr'>γράμματι</span> <span class='ocrx_word' id='word_1_434' title='bbox 3834 2583 3993 2635; x_wconf 78' lang='grc' dir='ltr'>δώσω</span> 
     </span>
    </p>
   </div>
   <div class='ocr_carea' id='block_1_58' title="bbox 2410 2676 3993 2749">
    <p class='ocr_par' dir='ltr' id='par_1_58' title="bbox 2410 2676 3993 2749">
     <span class='ocr_line' id='line_1_58' title="bbox 2410 2676 3993 2749; baseline -0.005 -16"><span class='ocrx_word' id='word_1_435' title='bbox 2410 2682 2607 2747; x_wconf 80' lang='grc' dir='ltr'>τοῦτος</span> <span class='ocrx_word' id='word_1_436' title='bbox 2646 2680 2960 2733; x_wconf 78' lang='grc' dir='ltr'>Ἀλλ’ἔσται</span> <span class='ocrx_word' id='word_1_437' title='bbox 3001 2678 3096 2731; x_wconf 91' lang='grc' dir='ltr'><strong>τοῦ</strong></span> <span class='ocrx_word' id='word_1_438' title='bbox 3158 2680 3358 2749; x_wconf 86' lang='grc' dir='ltr'>μέτρου</span> <span class='ocrx_word' id='word_1_439' title='bbox 3405 2680 3762 2749; x_wconf 80' lang='grc' dir='ltr'>μακρότερον.</span> <span class='ocrx_word' id='word_1_440' title='bbox 3819 2676 3993 2728; x_wconf 81' lang='grc' dir='ltr'>Ὅταν</span> 
     </span>
    </p>
   </div>
   <div class='ocr_carea' id='block_1_59' title="bbox 2412 2768 3990 2845">
    <p class='ocr_par' dir='ltr' id='par_1_59' title="bbox 2412 2768 3990 2845">
     <span class='ocr_line' id='line_1_59' title="bbox 2412 2768 3990 2845; baseline -0.005 -18"><span class='ocrx_word' id='word_1_441' title='bbox 2412 2774 2470 2827; x_wconf 73' lang='grc' dir='ltr'><strong>δὲ</strong></span> <span class='ocrx_word' id='word_1_442' title='bbox 2502 2777 2677 2844; x_wconf 81' lang='grc' dir='ltr'>στόμα</span> <span class='ocrx_word' id='word_1_443' title='bbox 2716 2778 2810 2831; x_wconf 73' lang='grc' dir='ltr'><strong>καὶ</strong></span> <span class='ocrx_word' id='word_1_444' title='bbox 2838 2778 3013 2845; x_wconf 78' lang='grc' dir='ltr'>στόμα</span> <span class='ocrx_word' id='word_1_445' title='bbox 3044 2772 3337 2842; x_wconf 82' lang='grc' dir='ltr'>προσλαλῶ</span> <span class='ocrx_word' id='word_1_446' title='bbox 3389 2774 3487 2825; x_wconf 71' lang='grc' dir='ltr'>καὶ</span> <span class='ocrx_word' id='word_1_447' title='bbox 3515 2770 3655 2823; x_wconf 76' lang='grc' dir='ltr'>αὐτὰ</span> <span class='ocrx_word' id='word_1_448' title='bbox 3694 2770 3785 2822; x_wconf 68' lang='grc' dir='ltr'><strong>καὶ</strong></span> <span class='ocrx_word' id='word_1_449' title='bbox 3836 2768 3895 2820; x_wconf 72' lang='grc' dir='ltr'>τὸ</span> <span class='ocrx_word' id='word_1_450' title='bbox 3930 2768 3990 2831; x_wconf 78' lang='grc' dir='ltr'>ἐξ</span> 
     </span>
    </p>
   </div>
   <div class='ocr_carea' id='block_1_60' title="bbox 2414 2858 3994 2935">
    <p class='ocr_par' dir='ltr' id='par_1_60' title="bbox 2414 2858 3994 2935">
     <span class='ocr_line' id='line_1_60' title="bbox 2414 2858 3994 2935; baseline -0.004 -18"><span class='ocrx_word' id='word_1_451' title='bbox 2414 2866 2632 2933; x_wconf 79' lang='grc' dir='ltr'>ἀγάπης</span> <span class='ocrx_word' id='word_1_452' title='bbox 2654 2867 2841 2932; x_wconf 78' lang='grc' dir='ltr'>ἐπάξω</span> <span class='ocrx_word' id='word_1_453' title='bbox 2872 2866 3125 2935; x_wconf 77' lang='grc' dir='ltr'>ἔγκλημα</span> <span class='ocrx_word' id='word_1_454' title='bbox 3151 2881 3165 2895; x_wconf 82' lang='grc'><em>’</em></span> <span class='ocrx_word' id='word_1_455' title='bbox 3193 2864 3504 2934; x_wconf 68' lang='grc' dir='ltr'>παρέσομαι</span> <span class='ocrx_word' id='word_1_456' title='bbox 3520 2861 3629 2929; x_wconf 88' lang='grc' dir='ltr'><strong>γάρ</strong></span> <span class='ocrx_word' id='word_1_457' title='bbox 3654 2877 3735 2913; x_wconf 90' lang='grc' dir='ltr'><strong>σοι</strong></span> <span class='ocrx_word' id='word_1_458' title='bbox 3755 2858 3895 2911; x_wconf 80' lang='grc' dir='ltr'>Θεοῦ</span> <span class='ocrx_word' id='word_1_459' title='bbox 3928 2870 3994 2925; x_wconf 83' lang='grc' dir='ltr'><strong>με</strong></span> 
     </span>
    </p>
   </div>
   <div class='ocr_carea' id='block_1_61' title="bbox 2420 2949 3995 3026">
    <p class='ocr_par' dir='ltr' id='par_1_61' title="bbox 2420 2949 3995 3026">
     <span class='ocr_line' id='line_1_61' title="bbox 2420 2949 3995 3026; baseline -0.004 -21"><span class='ocrx_word' id='word_1_460' title='bbox 2420 2955 2771 3025; x_wconf 79' lang='grc' dir='ltr'>πορεύοντος,</span> <span class='ocrx_word' id='word_1_461' title='bbox 2809 2957 2949 3025; x_wconf 81' lang='grc' dir='ltr'>μετὰ</span> <span class='ocrx_word' id='word_1_462' title='bbox 2963 2956 3060 3026; x_wconf 83' lang='grc' dir='ltr'>τὴν</span> <span class='ocrx_word' id='word_1_463' title='bbox 3086 2957 3144 3009; x_wconf 82' lang='grc' dir='ltr'>ὲν</span> <span class='ocrx_word' id='word_1_464' title='bbox 3170 2954 3248 3024; x_wconf 83' lang='grc' dir='ltr'>τῷ</span> <span class='ocrx_word' id='word_1_465' title='bbox 3279 2955 3336 3007; x_wconf 75' lang='grc' dir='ltr'>ἐν</span> <span class='ocrx_word' id='word_1_466' title='bbox 3353 2952 3527 3020; x_wconf 83' lang='grc' dir='ltr'>ἁγίοις</span> <span class='ocrx_word' id='word_1_467' title='bbox 3556 2969 3621 3004; x_wconf 89' lang='grc' dir='ltr'><strong>πε</strong></span> <span class='ocrx_word' id='word_1_468' title='bbox 3633 2953 3685 3022; x_wconf 79' lang='lat' dir='ltr'><strong>pl.</strong></span> <span class='ocrx_word' id='word_1_469' title='bbox 3700 2949 3995 3020; x_wconf 74' lang='grc' dir='ltr'>Ἀχιλλέως</span> 
     </span>
    </p>
   </div>
   <div class='ocr_carea' id='block_1_62' title="bbox 2421 3040 3995 3119">
    <p class='ocr_par' dir='ltr' id='par_1_62' title="bbox 2421 3040 3995 3119">
     <span class='ocr_line' id='line_1_62' title="bbox 2421 3040 3995 3119; baseline -0.006 -19"><span class='ocrx_word' id='word_1_470' title='bbox 2421 3048 2755 3118; x_wconf 81' lang='grc' dir='ltr'>τελουμένην</span> <span class='ocrx_word' id='word_1_471' title='bbox 2788 3047 3021 3101; x_wconf 77' lang='grc' dir='ltr'>ἐνταῦθα</span> <span class='ocrx_word' id='word_1_472' title='bbox 3038 3047 3275 3119; x_wconf 76' lang='grc' dir='ltr'>σύνοδον,</span> <span class='ocrx_word' id='word_1_473' title='bbox 3306 3046 3399 3099; x_wconf 74' lang='grc' dir='ltr'><strong>καὶ</strong></span> <span class='ocrx_word' id='word_1_474' title='bbox 3430 3044 3657 3113; x_wconf 74' lang='grc' dir='ltr'>ὂψομαι,</span> <span class='ocrx_word' id='word_1_475' title='bbox 3692 3040 3788 3094; x_wconf 71' lang='grc' dir='ltr'>καὶ</span> <span class='ocrx_word' id='word_1_476' title='bbox 3822 3057 3995 3092; x_wconf 80' lang='grc' dir='ltr'>κατα-</span> 
     </span>
    </p>
   </div>
   <div class='ocr_carea' id='block_1_63' title="bbox 736 3129 2410 3209">
    <p class='ocr_par' dir='ltr' id='par_1_63' title="bbox 736 3130 2384 3209">
     <span class='ocr_line' id='line_1_63' title="bbox 736 3130 2384 3209; baseline 0 -18"><span class='ocrx_word' id='word_1_477' title='bbox 736 3149 826 3193; x_wconf 89' lang='lat' dir='ltr'><strong>tua</strong></span> <span class='ocrx_word' id='word_1_478' title='bbox 891 3139 1196 3195; x_wconf 87' lang='lat' dir='ltr'><strong>nobilitate.</strong></span> <span class='ocrx_word' id='word_1_479' title='bbox 1252 3140 1385 3194; x_wconf 86' lang='lat' dir='ltr'><strong>Nam</strong></span> <span class='ocrx_word' id='word_1_480' title='bbox 1452 3147 1743 3208; x_wconf 87' lang='lat' dir='ltr'><strong>antequam</strong></span> <span class='ocrx_word' id='word_1_481' title='bbox 1791 3138 2037 3209; x_wconf 85' lang='lat' dir='ltr'><strong>synodus</strong></span> <span class='ocrx_word' id='word_1_482' title='bbox 2088 3147 2309 3207; x_wconf 82' lang='lat' dir='ltr'><strong>peracta</strong></span> <span class='ocrx_word' id='word_1_483' title='bbox 2340 3130 2384 3185; x_wconf 82' lang='lat' dir='ltr'><strong><em>C</em></strong></span> 
     </span>
    </p>
   </div>
   <div class='ocr_carea' id='block_1_64' title="bbox 2318 3129 3992 3209">
    <p class='ocr_par' dir='ltr' id='par_1_64' title="bbox 2340 3129 3992 3209">
     <span class='ocr_line' id='line_1_64' title="bbox 2340 3129 3992 3209; baseline -0.009 -15"><span class='ocrx_word' id='word_1_484' title='bbox 2340 3130 2384 3185; x_wconf 63' lang='grc' dir='ltr'><strong>(ἶ</strong></span> <span class='ocrx_word' id='word_1_485' title='bbox 2420 3141 2701 3209; x_wconf 86' lang='grc' dir='ltr'>σπάσομαι</span> <span class='ocrx_word' id='word_1_486' title='bbox 2728 3139 2825 3207; x_wconf 83' lang='grc' dir='ltr'><strong>τὴν</strong></span> <span class='ocrx_word' id='word_1_487' title='bbox 2856 3136 3357 3208; x_wconf 75' lang='grc' dir='ltr'>πανυπέρλαμπρόν</span> <span class='ocrx_word' id='word_1_488' title='bbox 3384 3152 3480 3189; x_wconf 88' lang='grc' dir='ltr'><strong>σου</strong></span> <span class='ocrx_word' id='word_1_489' title='bbox 3516 3134 3816 3200; x_wconf 74' lang='grc' dir='ltr'>εὐγένειαν.</span> <span class='ocrx_word' id='word_1_490' title='bbox 3854 3129 3992 3199; x_wconf 74' lang='grc' dir='ltr'>Πρὶν</span> 
     </span>
    </p>
   </div>
   <div class='ocr_carea' id='block_1_65' title="bbox 735 3231 2307 3302">
    <p class='ocr_par' dir='ltr' id='par_1_65' title="bbox 735 3231 2307 3302">
     <span class='ocr_line' id='line_1_65' title="bbox 735 3231 2307 3302; baseline -0.004 -15"><span class='ocrx_word' id='word_1_491' title='bbox 735 3234 830 3295; x_wconf 69' lang='lat' dir='ltr'><strong>sit.</strong></span> <span class='ocrx_word' id='word_1_492' title='bbox 898 3234 1001 3287; x_wconf 90' lang='lat' dir='ltr'><strong>etsi</strong></span> <span class='ocrx_word' id='word_1_493' title='bbox 1045 3234 1296 3302; x_wconf 88' lang='lat' dir='ltr'><strong>cupimus</strong></span> <span class='ocrx_word' id='word_1_494' title='bbox 1346 3232 1721 3296; x_wconf 82' lang='lat' dir='ltr'><strong>vehementer,</strong></span> <span class='ocrx_word' id='word_1_495' title='bbox 1782 3231 1897 3285; x_wconf 78' lang='lat' dir='ltr'><strong>ﬁeri</strong></span> <span class='ocrx_word' id='word_1_496' title='bbox 1961 3244 2307 3298; x_wconf 88' lang='lat' dir='ltr'><strong>nequaquam</strong></span> 
     </span>
    </p>
   </div>
   <div class='ocr_carea' id='block_1_66' title="bbox 740 3319 2313 3391">
    <p class='ocr_par' dir='ltr' id='par_1_66' title="bbox 740 3319 2313 3391">
     <span class='ocr_line' id='line_1_66' title="bbox 740 3319 2313 3391; baseline -0.001 -16"><span class='ocrx_word' id='word_1_497' title='bbox 740 3331 939 3391; x_wconf 86' lang='lat' dir='ltr'><strong>potest,</strong></span> <span class='ocrx_word' id='word_1_498' title='bbox 977 3332 1037 3377; x_wconf 93' lang='lat' dir='ltr'><strong>ut</strong></span> <span class='ocrx_word' id='word_1_499' title='bbox 1073 3324 1219 3377; x_wconf 90' lang='lat' dir='ltr'><strong>istuc</strong></span> <span class='ocrx_word' id='word_1_500' title='bbox 1255 3322 1564 3376; x_wconf 86' lang='lat' dir='ltr'><strong>veniamus.</strong></span> <span class='ocrx_word' id='word_1_501' title='bbox 1616 3322 1685 3374; x_wconf 83' lang='lat' dir='ltr'><strong>At</strong></span> <span class='ocrx_word' id='word_1_502' title='bbox 1738 3319 1906 3383; x_wconf 89' lang='lat' dir='ltr'><strong>Deus,</strong></span> <span class='ocrx_word' id='word_1_503' title='bbox 1938 3321 2030 3389; x_wconf 93' lang='lat' dir='ltr'><strong>qui</strong></span> <span class='ocrx_word' id='word_1_504' title='bbox 2083 3321 2313 3390; x_wconf 79' lang='lat' dir='ltr'><strong>largitur</strong></span> 
     </span>
    </p>
   </div>
   <div class='ocr_carea' id='block_1_67' title="bbox 737 3411 2313 3481">
    <p class='ocr_par' dir='ltr' id='par_1_67' title="bbox 737 3411 2313 3481">
     <span class='ocr_line' id='line_1_67' title="bbox 737 3411 2313 3481; baseline -0.002 -13"><span class='ocrx_word' id='word_1_505' title='bbox 737 3415 835 3468; x_wconf 83' lang='lat' dir='ltr'><strong>tibi</strong></span> <span class='ocrx_word' id='word_1_506' title='bbox 871 3413 1015 3467; x_wconf 83' lang='lat' dir='ltr'><strong>unde</strong></span> <span class='ocrx_word' id='word_1_507' title='bbox 1058 3415 1223 3469; x_wconf 90' lang='lat' dir='ltr'><strong>nobis</strong></span> <span class='ocrx_word' id='word_1_508' title='bbox 1255 3413 1520 3466; x_wconf 79' lang='lat' dir='ltr'><strong>auxilium</strong></span> <span class='ocrx_word' id='word_1_509' title='bbox 1572 3420 1833 3481; x_wconf 71' lang='lat' dir='ltr'><strong>prmstare</strong></span> <span class='ocrx_word' id='word_1_510' title='bbox 1894 3411 2099 3480; x_wconf 88' lang='lat' dir='ltr'><strong>possis,</strong></span> <span class='ocrx_word' id='word_1_511' title='bbox 2135 3426 2313 3479; x_wconf 89' lang='lat' dir='ltr'><strong>quan-</strong></span> 
     </span>
    </p>
   </div>
   <div class='ocr_carea' id='block_1_68' title="bbox 739 3502 2317 3574">
    <p class='ocr_par' dir='ltr' id='par_1_68' title="bbox 739 3502 2317 3574">
     <span class='ocr_line' id='line_1_68' title="bbox 739 3502 2317 3574; baseline -0.001 -17"><span class='ocrx_word' id='word_1_512' title='bbox 739 3515 855 3560; x_wconf 91' lang='lat' dir='ltr'><strong>tum</strong></span> <span class='ocrx_word' id='word_1_513' title='bbox 896 3504 1221 3574; x_wconf 84' lang='lat' dir='ltr'><strong>indigemus,</strong></span> <span class='ocrx_word' id='word_1_514' title='bbox 1245 3504 1335 3558; x_wconf 91' lang='lat' dir='ltr'><strong>det</strong></span> <span class='ocrx_word' id='word_1_515' title='bbox 1360 3503 1524 3557; x_wconf 90' lang='lat' dir='ltr'><strong>etiam</strong></span> <span class='ocrx_word' id='word_1_516' title='bbox 1559 3503 1754 3557; x_wconf 88' lang='lat' dir='ltr'><strong>melius</strong></span> <span class='ocrx_word' id='word_1_517' title='bbox 1805 3509 1860 3556; x_wconf 88' lang='lat' dir='ltr'><strong>et</strong></span> <span class='ocrx_word' id='word_1_518' title='bbox 1895 3502 2133 3570; x_wconf 82' lang='lat' dir='ltr'><strong>amplius</strong></span> <span class='ocrx_word' id='word_1_519' title='bbox 2156 3516 2317 3570; x_wconf 77' lang='lat' dir='ltr'><strong>posse</strong></span> 
     </span>
    </p>
   </div>
   <div class='ocr_carea' id='block_1_69' title="bbox 742 3593 2319 3663">
    <p class='ocr_par' dir='ltr' id='par_1_69' title="bbox 742 3593 2319 3663">
     <span class='ocr_line' id='line_1_69' title="bbox 742 3593 2319 3663; baseline -0.001 -15"><span class='ocrx_word' id='word_1_520' title='bbox 742 3595 1094 3651; x_wconf 89' lang='lat' dir='ltr'><strong>ascensioues</strong></span> <span class='ocrx_word' id='word_1_521' title='bbox 1130 3597 1183 3648; x_wconf 90' lang='lat' dir='ltr'><strong>in</strong></span> <span class='ocrx_word' id='word_1_522' title='bbox 1218 3596 1385 3649; x_wconf 86' lang='lat' dir='ltr'><strong>corde</strong></span> <span class='ocrx_word' id='word_1_523' title='bbox 1416 3594 1818 3663; x_wconf 89' lang='lat' dir='ltr'><strong>disponentem,</strong></span> <span class='ocrx_word' id='word_1_524' title='bbox 1844 3602 1899 3648; x_wconf 92' lang='lat' dir='ltr'><strong>et</strong></span> <span class='ocrx_word' id='word_1_525' title='bbox 1931 3593 2072 3647; x_wconf 90' lang='lat' dir='ltr'><strong>bona</strong></span> <span class='ocrx_word' id='word_1_526' title='bbox 2102 3608 2319 3663; x_wconf 85' lang='lat' dir='ltr'><strong>semper</strong></span> 
     </span>
    </p>
   </div>
   <div class='ocr_carea' id='block_1_70' title="bbox 748 3685 2319 3754">
    <p class='ocr_par' dir='ltr' id='par_1_70' title="bbox 748 3685 2319 3754">
     <span class='ocr_line' id='line_1_70' title="bbox 748 3685 2319 3754; baseline 0 -15"><span class='ocrx_word' id='word_1_527' title='bbox 748 3686 1019 3741; x_wconf 88' lang='lat' dir='ltr'><strong>volentem</strong></span> <span class='ocrx_word' id='word_1_528' title='bbox 1056 3688 1122 3753; x_wconf 82' lang='grc'><strong>⁹¹,</strong></span> <span class='ocrx_word' id='word_1_529' title='bbox 1154 3694 1207 3741; x_wconf 90' lang='lat' dir='ltr'><strong>et</strong></span> <span class='ocrx_word' id='word_1_530' title='bbox 1244 3693 1297 3742; x_wconf 90' lang='lat' dir='ltr'><strong>te</strong></span> <span class='ocrx_word' id='word_1_531' title='bbox 1320 3687 1390 3739; x_wconf 87' lang='lat' dir='ltr'><strong>ab</strong></span> <span class='ocrx_word' id='word_1_532' title='bbox 1424 3686 1574 3739; x_wconf 93' lang='lat' dir='ltr'><strong>omni</strong></span> <span class='ocrx_word' id='word_1_533' title='bbox 1604 3685 1809 3738; x_wconf 89' lang='lat' dir='ltr'><strong>malitia</strong></span> <span class='ocrx_word' id='word_1_534' title='bbox 1841 3693 1895 3739; x_wconf 91' lang='lat' dir='ltr'><strong>et</strong></span> <span class='ocrx_word' id='word_1_535' title='bbox 1917 3685 2062 3739; x_wconf 86' lang='lat' dir='ltr'><strong>malo</strong></span> <span class='ocrx_word' id='word_1_536' title='bbox 2083 3685 2319 3754; x_wconf 87' lang='lat' dir='ltr'><strong>desuper</strong></span> 
     </span>
    </p>
   </div>
   <div class='ocr_carea' id='block_1_71' title="bbox 743 3785 980 3834">
    <p class='ocr_par' dir='ltr' id='par_1_71' title="bbox 743 3785 980 3834">
     <span class='ocr_line' id='line_1_71' title="bbox 743 3785 980 3834; baseline 0 -2"><span class='ocrx_word' id='word_1_537' title='bbox 743 3785 980 3834; x_wconf 89' lang='lat' dir='ltr'><strong>tueatur.</strong></span> 
     </span>
    </p>
   </div>
   <div class='ocr_carea' id='block_1_72' title="bbox 1310 3866 1731 3922">
    <p class='ocr_par' dir='ltr' id='par_1_72' title="bbox 1310 3866 1731 3922">
     <span class='ocr_line' id='line_1_72' title="bbox 1310 3866 1731 3922; baseline -0.007 -1"><span class='ocrx_word' id='word_1_538' title='bbox 1310 3866 1527 3922; x_wconf 84' lang='lat' dir='ltr'><strong>EPIST.</strong></span> <span class='ocrx_word' id='word_1_539' title='bbox 1563 3866 1731 3921; x_wconf 76' lang='lat' dir='ltr'><strong>XXIV</strong></span> 
     </span>
    </p>
   </div>
   <div class='ocr_carea' id='block_1_73' title="bbox 1416 3959 1633 4011">
    <p class='ocr_par' dir='ltr' id='par_1_73' title="bbox 1416 3959 1633 4011">
     <span class='ocr_line' id='line_1_73' title="bbox 1416 3959 1633 4011; baseline 0.005 -2"><span class='ocrx_word' id='word_1_540' title='bbox 1416 3959 1633 4011; x_wconf 79' lang='lat' dir='ltr'><strong>Anemo.</strong></span> 
     </span>
    </p>
   </div>
   <div class='ocr_carea' id='block_1_74' title="bbox 818 4049 2322 4111">
    <p class='ocr_par' dir='ltr' id='par_1_74' title="bbox 818 4049 2322 4111">
     <span class='ocr_line' id='line_1_74' title="bbox 818 4049 2322 4111; baseline -0.004 -3"><span class='ocrx_word' id='word_1_541' title='bbox 818 4054 991 4108; x_wconf 83' lang='lat' dir='ltr'><strong>Amici</strong></span> <span class='ocrx_word' id='word_1_542' title='bbox 1056 4050 1330 4107; x_wconf 85' lang='lat' dir='ltr'><strong>sermonis</strong></span> <span class='ocrx_word' id='word_1_543' title='bbox 1384 4049 1876 4111; x_wconf 85' lang='lat' dir='ltr'><strong>oblectamentum,</strong></span> <span class='ocrx_word' id='word_1_544' title='bbox 1939 4049 2208 4102; x_wconf 79' lang='lat' dir='ltr'><strong>auxilium</strong></span> <span class='ocrx_word' id='word_1_545' title='bbox 2270 4050 2322 4103; x_wconf 92' lang='lat' dir='ltr'><strong>iu</strong></span> 
     </span>
    </p>
   </div>
   <div class='ocr_carea' id='block_1_75' title="bbox 760 4139 2326 4214">
    <p class='ocr_par' dir='ltr' id='par_1_75' title="bbox 760 4139 2326 4214">
     <span class='ocr_line' id='line_1_75' title="bbox 760 4139 2326 4214; baseline -0.004 -14"><span class='ocrx_word' id='word_1_546' title='bbox 760 4146 977 4209; x_wconf 87' lang='lat' dir='ltr'><strong>morbo,</strong></span> <span class='ocrx_word' id='word_1_547' title='bbox 1010 4159 1172 4214; x_wconf 88' lang='lat' dir='ltr'><strong>quam</strong></span> <span class='ocrx_word' id='word_1_548' title='bbox 1228 4156 1395 4195; x_wconf 90' lang='lat' dir='ltr'><strong>suave</strong></span> <span class='ocrx_word' id='word_1_549' title='bbox 1428 4140 1560 4193; x_wconf 91' lang='lat' dir='ltr'><strong>mihi</strong></span> <span class='ocrx_word' id='word_1_550' title='bbox 1620 4139 1818 4193; x_wconf 89' lang='lat' dir='ltr'><strong>accidit</strong></span> <span class='ocrx_word' id='word_1_551' title='bbox 1874 4149 2180 4209; x_wconf 87' lang='lat' dir='ltr'><strong>opportune</strong></span> <span class='ocrx_word' id='word_1_552' title='bbox 2214 4140 2326 4193; x_wconf 63' lang='lat' dir='ltr'><strong>llﬁa</strong></span> 
     </span>
    </p>
   </div>
   <div class='ocr_carea' id='block_1_76' title="bbox 752 4229 2325 4302">
    <p class='ocr_par' dir='ltr' id='par_1_76' title="bbox 752 4229 2325 4302">
     <span class='ocr_line' id='line_1_76' title="bbox 752 4229 2325 4302; baseline -0.004 -12"><span class='ocrx_word' id='word_1_553' title='bbox 752 4245 882 4291; x_wconf 88' lang='lat' dir='ltr'><strong>sunt</strong></span> <span class='ocrx_word' id='word_1_554' title='bbox 919 4236 1150 4299; x_wconf 75' lang='lat' dir='ltr'><strong>Orestze,</strong></span> <span class='ocrx_word' id='word_1_555' title='bbox 1185 4242 1245 4287; x_wconf 92' lang='lat' dir='ltr'><strong>ut</strong></span> <span class='ocrx_word' id='word_1_556' title='bbox 1280 4233 1448 4302; x_wconf 90' lang='lat' dir='ltr'><strong>probe</strong></span> <span class='ocrx_word' id='word_1_557' title='bbox 1476 4233 1611 4295; x_wconf 89' lang='lat' dir='ltr'><strong>scis,</strong></span> <span class='ocrx_word' id='word_1_558' title='bbox 1664 4239 1830 4299; x_wconf 87' lang='lat' dir='ltr'><strong>caput</strong></span> <span class='ocrx_word' id='word_1_559' title='bbox 1861 4229 1993 4284; x_wconf 90' lang='lat' dir='ltr'><strong>mihi</strong></span> <span class='ocrx_word' id='word_1_560' title='bbox 2051 4230 2325 4285; x_wconf 87' lang='lat' dir='ltr'><strong>amicissi-</strong></span> 
     </span>
    </p>
   </div>
   <div class='ocr_carea' id='block_1_77' title="bbox 752 4320 2327 4396">
    <p class='ocr_par' dir='ltr' id='par_1_77' title="bbox 752 4320 2327 4396">
     <span class='ocr_line' id='line_1_77' title="bbox 752 4320 2327 4396; baseline -0.004 -14"><span class='ocrx_word' id='word_1_561' title='bbox 752 4343 927 4391; x_wconf 89' lang='lat' dir='ltr'><strong>mum,</strong></span> <span class='ocrx_word' id='word_1_562' title='bbox 967 4342 1090 4396; x_wconf 70' lang='lat' dir='ltr'><strong>ane</strong></span> <span class='ocrx_word' id='word_1_563' title='bbox 1127 4326 1193 4379; x_wconf 90' lang='lat' dir='ltr'><strong>de</strong></span> <span class='ocrx_word' id='word_1_564' title='bbox 1223 4332 1275 4378; x_wconf 91' lang='lat' dir='ltr'><strong>te</strong></span> <span class='ocrx_word' id='word_1_565' title='bbox 1314 4338 1409 4393; x_wconf 82' lang='lat' dir='ltr'><strong>per</strong></span> <span class='ocrx_word' id='word_1_566' title='bbox 1464 4321 1745 4393; x_wconf 89' lang='lat' dir='ltr'><strong>parodiam</strong></span> <span class='ocrx_word' id='word_1_567' title='bbox 1805 4322 2067 4392; x_wconf 56' lang='lat' dir='ltr'><strong>praedico.</strong></span> <span class='ocrx_word' id='word_1_568' title='bbox 2104 4320 2200 4377; x_wconf 84' lang='lat' dir='ltr'><strong>Vis</strong></span> <span class='ocrx_word' id='word_1_569' title='bbox 2230 4323 2327 4376; x_wconf 89' lang='lat' dir='ltr'><strong>tibi</strong></span> 
     </span>
    </p>
   </div>
   <div class='ocr_carea' id='block_1_78' title="bbox 752 4414 2328 4489">
    <p class='ocr_par' dir='ltr' id='par_1_78' title="bbox 752 4414 2328 4489">
     <span class='ocr_line' id='line_1_78' title="bbox 752 4414 2328 4489; baseline -0.002 -16"><span class='ocrx_word' id='word_1_570' title='bbox 752 4419 1042 4489; x_wconf 83' lang='lat' dir='ltr'><strong>subjiciam</strong></span> <span class='ocrx_word' id='word_1_571' title='bbox 1071 4427 1125 4470; x_wconf 89' lang='lat' dir='ltr'><strong>et</strong></span> <span class='ocrx_word' id='word_1_572' title='bbox 1150 4417 1240 4469; x_wconf 89' lang='lat' dir='ltr'><strong>illa</strong></span> <span class='ocrx_word' id='word_1_573' title='bbox 1273 4415 1493 4477; x_wconf 86' lang='lat' dir='ltr'><strong>comici.</strong></span> <span class='ocrx_word' id='word_1_574' title='bbox 1529 4423 1589 4468; x_wconf 92' lang='lat' dir='ltr'><strong>ut</strong></span> <span class='ocrx_word' id='word_1_575' title='bbox 1616 4414 1861 4469; x_wconf 83' lang='lat' dir='ltr'><strong>delector</strong></span> <span class='ocrx_word' id='word_1_576' title='bbox 1892 4421 1947 4469; x_wconf 90' lang='lat' dir='ltr'><strong>et</strong></span> <span class='ocrx_word' id='word_1_577' title='bbox 1986 4416 2328 4482; x_wconf 89' lang='lat' dir='ltr'><strong>oblcctor,et</strong></span> 
     </span>
    </p>
   </div>
   <div class='ocr_carea' id='block_1_79' title="bbox 755 4505 2321 4579">
    <p class='ocr_par' dir='ltr' id='par_1_79' title="bbox 755 4505 2321 4579">
     <span class='ocr_line' id='line_1_79' title="bbox 755 4505 2321 4579; baseline -0.003 -16"><span class='ocrx_word' id='word_1_578' title='bbox 755 4525 915 4579; x_wconf 82' lang='lat' dir='ltr'><strong>agere</strong></span> <span class='ocrx_word' id='word_1_579' title='bbox 945 4510 1069 4563; x_wconf 87' lang='lat' dir='ltr'><strong>volo</strong></span> <span class='ocrx_word' id='word_1_580' title='bbox 1099 4508 1333 4562; x_wconf 89' lang='lat' dir='ltr'><strong>choreas</strong></span> <span class='ocrx_word' id='word_1_581' title='bbox 1364 4506 1388 4558; x_wconf 84' lang='lat'><strong>?</strong></span> <span class='ocrx_word' id='word_1_582' title='bbox 1424 4505 1624 4561; x_wconf 76' lang='lat' dir='ltr'><strong>Verum</strong></span> <span class='ocrx_word' id='word_1_583' title='bbox 1650 4506 1779 4575; x_wconf 86' lang='lat' dir='ltr'><strong>quid</strong></span> <span class='ocrx_word' id='word_1_584' title='bbox 1841 4515 1992 4560; x_wconf 87' lang='lat' dir='ltr'><strong>tuam</strong></span> <span class='ocrx_word' id='word_1_585' title='bbox 2032 4507 2321 4575; x_wconf 89' lang='lat' dir='ltr'><strong>epistulam</strong></span> 
     </span>
    </p>
   </div>
   <div class='ocr_carea' id='block_1_80' title="bbox 755 4598 2326 4672">
    <p class='ocr_par' dir='ltr' id='par_1_80' title="bbox 755 4598 2326 4672">
     <span class='ocr_line' id='line_1_80' title="bbox 755 4598 2326 4672; baseline -0.001 -18"><span class='ocrx_word' id='word_1_586' title='bbox 755 4600 1104 4672; x_wconf 84' lang='lat' dir='ltr'><strong>pinguelacio</strong></span> <span class='ocrx_word' id='word_1_587' title='bbox 1170 4600 1293 4653; x_wconf 86' lang='lat' dir='ltr'><strong>oleo</strong></span> <span class='ocrx_word' id='word_1_588' title='bbox 1360 4599 1703 4667; x_wconf 86' lang='lat' dir='ltr'><strong>peccatoris.</strong></span> <span class='ocrx_word' id='word_1_589' title='bbox 1760 4613 1884 4652; x_wconf 91' lang='lat' dir='ltr'><strong>cum</strong></span> <span class='ocrx_word' id='word_1_590' title='bbox 1943 4599 2105 4653; x_wconf 85' lang='lat' dir='ltr'><strong>liceat</strong></span> <span class='ocrx_word' id='word_1_591' title='bbox 2166 4598 2326 4653; x_wconf 91' lang='lat' dir='ltr'><strong>donis</strong></span> 
     </span>
    </p>
   </div>
   <div class='ocr_carea' id='block_1_81' title="bbox 760 4688 2327 4761">
    <p class='ocr_par' dir='ltr' id='par_1_81' title="bbox 760 4688 2327 4761">
     <span class='ocr_line' id='line_1_81' title="bbox 760 4688 2327 4761; baseline -0.003 -15"><span class='ocrx_word' id='word_1_592' title='bbox 760 4692 1033 4761; x_wconf 77' lang='lat' dir='ltr'><strong>frugiferae</strong></span> <span class='ocrx_word' id='word_1_593' title='bbox 1082 4692 1216 4745; x_wconf 73' lang='lat' dir='ltr'><strong>olea:</strong></span> <span class='ocrx_word' id='word_1_594' title='bbox 1282 4690 1621 4759; x_wconf 89' lang='lat' dir='ltr'><strong>splendidam</strong></span> <span class='ocrx_word' id='word_1_595' title='bbox 1694 4688 1949 4744; x_wconf 87' lang='lat' dir='ltr'><strong>eﬂicere?</strong></span> <span class='ocrx_word' id='word_1_596' title='bbox 2015 4688 2327 4758; x_wconf 77' lang='lat' dir='ltr'><strong>Magniﬁcat</strong></span> 
     </span>
    </p>
   </div>
   <div class='ocr_carea' id='block_1_82' title="bbox 758 4780 2320 4847">
    <p class='ocr_par' dir='ltr' id='par_1_82' title="bbox 758 4780 2320 4847">
     <span class='ocr_line' id='line_1_82' title="bbox 758 4780 2320 4847; baseline -0.003 -10"><span class='ocrx_word' id='word_1_597' title='bbox 758 4786 939 4837; x_wconf 83' lang='lat' dir='ltr'><strong>anima</strong></span> <span class='ocrx_word' id='word_1_598' title='bbox 967 4800 1079 4836; x_wconf 84' lang='lat' dir='ltr'><strong>mea</strong></span> <span class='ocrx_word' id='word_1_599' title='bbox 1122 4782 1424 4845; x_wconf 85' lang='lat' dir='ltr'><strong>Dominum,</strong></span> <span class='ocrx_word' id='word_1_600' title='bbox 1457 4790 1505 4833; x_wconf 88' lang='lat' dir='ltr'><strong>et</strong></span> <span class='ocrx_word' id='word_1_601' title='bbox 1534 4780 1817 4833; x_wconf 72' lang='lat' dir='ltr'><strong>exsultavit</strong></span> <span class='ocrx_word' id='word_1_602' title='bbox 1854 4781 2073 4847; x_wconf 77' lang='lat' dir='ltr'><strong>spiritus</strong></span> <span class='ocrx_word' id='word_1_603' title='bbox 2100 4796 2243 4832; x_wconf 83' lang='lat' dir='ltr'><strong>meus</strong></span> <span class='ocrx_word' id='word_1_604' title='bbox 2266 4781 2320 4833; x_wconf 90' lang='lat' dir='ltr'><strong>in</strong></span> 
     </span>
    </p>
   </div>
   <div class='ocr_carea' id='block_1_83' title="bbox 764 4871 2336 4941">
    <p class='ocr_par' dir='ltr' id='par_1_83' title="bbox 764 4871 2336 4941">
     <span class='ocr_line' id='line_1_83' title="bbox 764 4871 2336 4941; baseline -0.003 -12"><span class='ocrx_word' id='word_1_605' title='bbox 764 4878 871 4929; x_wconf 88' lang='lat' dir='ltr'><strong>Deo</strong></span> <span class='ocrx_word' id='word_1_606' title='bbox 896 4873 966 4937; x_wconf 79' lang='lat'><strong>&quot;,</strong></span> <span class='ocrx_word' id='word_1_607' title='bbox 993 4875 1241 4941; x_wconf 81' lang='lat' dir='ltr'><strong>quoniam</strong></span> <span class='ocrx_word' id='word_1_608' title='bbox 1268 4873 1572 4926; x_wconf 73' lang='lat' dir='ltr'><strong>vestimento</strong></span> <span class='ocrx_word' id='word_1_609' title='bbox 1606 4872 1833 4933; x_wconf 76' lang='lat' dir='ltr'><strong>lwtitiw,</strong></span> <span class='ocrx_word' id='word_1_610' title='bbox 1876 4882 1923 4924; x_wconf 84' lang='lat' dir='ltr'><strong>et</strong></span> <span class='ocrx_word' id='word_1_611' title='bbox 1980 4871 2120 4924; x_wconf 71' lang='lat' dir='ltr'><strong>stola</strong></span> <span class='ocrx_word' id='word_1_612' title='bbox 2153 4872 2336 4939; x_wconf 52' lang='lat' dir='ltr'><strong>gloria</strong></span> 
     </span>
    </p>
   </div>
   <div class='ocr_carea' id='block_1_84' title="bbox 758 4962 2337 5033">
    <p class='ocr_par' dir='ltr' id='par_1_84' title="bbox 758 4962 2337 5033">
     <span class='ocr_line' id='line_1_84' title="bbox 758 4962 2337 5033; baseline -0.003 -15"><span class='ocrx_word' id='word_1_613' title='bbox 758 4968 931 5018; x_wconf 74' lang='lat' dir='ltr'><strong>induit</strong></span> <span class='ocrx_word' id='word_1_614' title='bbox 963 4982 1040 5019; x_wconf 83' lang='lat' dir='ltr'><strong>me</strong></span> <span class='ocrx_word' id='word_1_615' title='bbox 1071 4965 1349 5017; x_wconf 78' lang='lat' dir='ltr'><strong>adversum</strong></span> <span class='ocrx_word' id='word_1_616' title='bbox 1379 4966 1626 5033; x_wconf 74' lang='lat' dir='ltr'><strong>spirimm</strong></span> <span class='ocrx_word' id='word_1_617' title='bbox 1669 4962 1906 5016; x_wconf 76' lang='lat' dir='ltr'><strong>tristitia&#39;</strong></span> <span class='ocrx_word' id='word_1_618' title='bbox 1933 4962 1982 4992; x_wconf 75' lang='lat'>”</span> <span class='ocrx_word' id='word_1_619' title='bbox 2011 5004 2026 5025; x_wconf 88' lang='lat'><strong>,</strong></span> <span class='ocrx_word' id='word_1_620' title='bbox 2080 4962 2337 5014; x_wconf 71' lang='lat' dir='ltr'><strong>conscidit</strong></span> 
     </span>
    </p>
   </div>
   <div class='ocr_carea' id='block_1_85' title="bbox 760 5051 2339 5119">
    <p class='ocr_par' dir='ltr' id='par_1_85' title="bbox 760 5051 2339 5119">
     <span class='ocr_line' id='line_1_85' title="bbox 760 5051 2339 5119; baseline -0.002 -11"><span class='ocrx_word' id='word_1_621' title='bbox 760 5072 971 5108; x_wconf 77' lang='lat' dir='ltr'><strong>saccum</strong></span> <span class='ocrx_word' id='word_1_622' title='bbox 1001 5072 1193 5118; x_wconf 79' lang='lat' dir='ltr'><strong>nteant,</strong></span> <span class='ocrx_word' id='word_1_623' title='bbox 1226 5064 1274 5106; x_wconf 83' lang='lat' dir='ltr'><strong>et</strong></span> <span class='ocrx_word' id='word_1_624' title='bbox 1301 5053 1643 5107; x_wconf 74' lang='lat' dir='ltr'><strong>circumdedit</strong></span> <span class='ocrx_word' id='word_1_625' title='bbox 1667 5068 1747 5105; x_wconf 81' lang='lat' dir='ltr'><strong>me</strong></span> <span class='ocrx_word' id='word_1_626' title='bbox 1777 5051 1965 5104; x_wconf 71' lang='lat' dir='ltr'><strong>lwtitia</strong></span> <span class='ocrx_word' id='word_1_627' title='bbox 1991 5053 2059 5116; x_wconf 79' lang='lat'><strong>”,</strong></span> <span class='ocrx_word' id='word_1_628' title='bbox 2086 5053 2339 5119; x_wconf 85' lang='lat' dir='ltr'><strong>quoniam</strong></span> 
     </span>
    </p>
   </div>
   <div class='ocr_carea' id='block_1_86' title="bbox 761 5140 2335 5205">
    <p class='ocr_par' dir='ltr' id='par_1_86' title="bbox 761 5140 2335 5205">
     <span class='ocr_line' id='line_1_86' title="bbox 761 5140 2335 5205; baseline -0.004 -8"><span class='ocrx_word' id='word_1_629' title='bbox 761 5157 807 5198; x_wconf 82' lang='lat' dir='ltr'><strong>et</strong></span> <span class='ocrx_word' id='word_1_630' title='bbox 849 5145 1092 5197; x_wconf 79' lang='lat' dir='ltr'><strong>inimicos</strong></span> <span class='ocrx_word' id='word_1_631' title='bbox 1134 5159 1274 5196; x_wconf 77' lang='lat' dir='ltr'><strong>meos</strong></span> <span class='ocrx_word' id='word_1_632' title='bbox 1303 5141 1446 5194; x_wconf 76' lang='lat' dir='ltr'><strong>dedit</strong></span> <span class='ocrx_word' id='word_1_633' title='bbox 1478 5142 1606 5194; x_wconf 86' lang='lat' dir='ltr'><strong>mihi</strong></span> <span class='ocrx_word' id='word_1_634' title='bbox 1637 5140 1879 5205; x_wconf 82' lang='lat' dir='ltr'><strong>dorsum,</strong></span> <span class='ocrx_word' id='word_1_635' title='bbox 1910 5148 1959 5193; x_wconf 80' lang='lat' dir='ltr'><strong>et</strong></span> <span class='ocrx_word' id='word_1_636' title='bbox 1994 5140 2229 5193; x_wconf 81' lang='lat' dir='ltr'><strong>odientcs</strong></span> <span class='ocrx_word' id='word_1_637' title='bbox 2258 5156 2335 5192; x_wconf 86' lang='lat' dir='ltr'><strong>mc</strong></span> 
     </span>
    </p>
   </div>
   <div class='ocr_carea' id='block_1_87' title="bbox 763 5232 2341 5303">
    <p class='ocr_par' dir='ltr' id='par_1_87' title="bbox 763 5232 2341 5303">
     <span class='ocr_line' id='line_1_87' title="bbox 763 5232 2341 5303; baseline -0.003 -13"><span class='ocrx_word' id='word_1_638' title='bbox 763 5237 1067 5303; x_wconf 72' lang='lat' dir='ltr'><strong>dispcrdcns</strong></span> <span class='ocrx_word' id='word_1_639' title='bbox 1095 5236 1164 5300; x_wconf 76' lang='grc'><strong>’⁸,</strong></span> <span class='ocrx_word' id='word_1_640' title='bbox 1202 5236 1352 5289; x_wconf 76' lang='lat' dir='ltr'><strong>misit</strong></span> <span class='ocrx_word' id='word_1_641' title='bbox 1386 5234 1664 5287; x_wconf 84' lang='lat' dir='ltr'><strong>hominem</strong></span> <span class='ocrx_word' id='word_1_642' title='bbox 1721 5242 1847 5286; x_wconf 88' lang='lat' dir='ltr'><strong>ante</strong></span> <span class='ocrx_word' id='word_1_643' title='bbox 1889 5247 1994 5296; x_wconf 88' lang='lat' dir='ltr'><strong>me,</strong></span> <span class='ocrx_word' id='word_1_644' title='bbox 2052 5232 2145 5301; x_wconf 92' lang='lat' dir='ltr'><strong>qui</strong></span> <span class='ocrx_word' id='word_1_645' title='bbox 2180 5243 2341 5285; x_wconf 86' lang='lat' dir='ltr'><strong>sanat</strong></span> 
     </span>
    </p>
   </div>
   <div class='ocr_carea' id='block_1_88' title="bbox 766 5324 2337 5391">
    <p class='ocr_par' dir='ltr' id='par_1_88' title="bbox 766 5324 2337 5391">
     <span class='ocr_line' id='line_1_88' title="bbox 766 5324 2337 5391; baseline -0.004 -9"><span class='ocrx_word' id='word_1_646' title='bbox 766 5327 1054 5391; x_wconf 72' lang='lat' dir='ltr'><strong>contuitus,</strong></span> <span class='ocrx_word' id='word_1_647' title='bbox 1105 5335 1159 5380; x_wconf 88' lang='lat' dir='ltr'><strong>et</strong></span> <span class='ocrx_word' id='word_1_648' title='bbox 1189 5326 1375 5379; x_wconf 90' lang='lat' dir='ltr'><strong>visitat</strong></span> <span class='ocrx_word' id='word_1_649' title='bbox 1440 5325 1713 5386; x_wconf 86' lang='lat' dir='ltr'><strong>inﬁrmos,</strong></span> <span class='ocrx_word' id='word_1_650' title='bbox 1778 5325 2023 5377; x_wconf 81' lang='lat' dir='ltr'><strong>futurum</strong></span> <span class='ocrx_word' id='word_1_651' title='bbox 2076 5324 2337 5377; x_wconf 85' lang='lat' dir='ltr'><strong>omnilms</strong></span> 
     </span>
    </p>
   </div>
   <div class='ocr_carea' id='block_1_89' title="bbox 770 5416 2340 5486">
    <p class='ocr_par' dir='ltr' id='par_1_89' title="bbox 770 5416 2340 5486">
     <span class='ocr_line' id='line_1_89' title="bbox 770 5416 2340 5486; baseline -0.004 -12"><span class='ocrx_word' id='word_1_652' title='bbox 770 5419 956 5475; x_wconf 89' lang='lat' dir='ltr'><strong>omnia</strong></span> <span class='ocrx_word' id='word_1_653' title='bbox 1014 5420 1077 5469; x_wconf 79' lang='lat' dir='ltr'><strong>ad</strong></span> <span class='ocrx_word' id='word_1_654' title='bbox 1114 5418 1365 5473; x_wconf 87' lang='lat' dir='ltr'><strong>salutem.</strong></span> <span class='ocrx_word' id='word_1_655' title='bbox 1416 5416 1561 5486; x_wconf 87' lang='lat' dir='ltr'><strong>Euge</strong></span> <span class='ocrx_word' id='word_1_656' title='bbox 1587 5430 1738 5481; x_wconf 87' lang='lat' dir='ltr'><strong>vero,</strong></span> <span class='ocrx_word' id='word_1_657' title='bbox 1765 5416 1918 5470; x_wconf 88' lang='lat' dir='ltr'><strong>visus</strong></span> <span class='ocrx_word' id='word_1_658' title='bbox 1966 5430 2025 5469; x_wconf 90' lang='lat' dir='ltr'><strong>es</strong></span> <span class='ocrx_word' id='word_1_659' title='bbox 2074 5430 2104 5469; x_wconf 89' lang='lat' dir='ltr'><strong>e</strong></span> <span class='ocrx_word' id='word_1_660' title='bbox 2154 5427 2340 5469; x_wconf 90' lang='lat' dir='ltr'><strong>nostro</strong></span> 
     </span>
    </p>
   </div>
   <div class='ocr_carea' id='block_1_90' title="bbox 772 5506 2340 5581">
    <p class='ocr_par' dir='ltr' id='par_1_90' title="bbox 772 5506 2340 5581">
     <span class='ocr_line' id='line_1_90' title="bbox 772 5506 2340 5581; baseline -0.006 -14"><span class='ocrx_word' id='word_1_661' title='bbox 772 5528 1001 5581; x_wconf 82' lang='lat' dir='ltr'><strong>corpore</strong></span> <span class='ocrx_word' id='word_1_662' title='bbox 1068 5511 1207 5563; x_wconf 87' lang='lat' dir='ltr'><strong>mala</strong></span> <span class='ocrx_word' id='word_1_663' title='bbox 1264 5509 1639 5580; x_wconf 86' lang='lat' dir='ltr'><strong>prohibuisse,</strong></span> <span class='ocrx_word' id='word_1_664' title='bbox 1701 5516 1890 5576; x_wconf 83' lang='lat' dir='ltr'><strong>utpote</strong></span> <span class='ocrx_word' id='word_1_665' title='bbox 1962 5508 2055 5575; x_wconf 89' lang='lat' dir='ltr'><strong>qui</strong></span> <span class='ocrx_word' id='word_1_666' title='bbox 2115 5520 2177 5559; x_wconf 86' lang='lat' dir='ltr'><strong>ea</strong></span> <span class='ocrx_word' id='word_1_667' title='bbox 2228 5506 2340 5574; x_wconf 91' lang='lat' dir='ltr'><strong>jam</strong></span> 
     </span>
    </p>
   </div>
   <div class='ocr_carea' id='block_1_91' title="bbox 777 5598 2312 5674">
    <p class='ocr_par' dir='ltr' id='par_1_91' title="bbox 777 5598 2312 5674">
     <span class='ocr_line' id='line_1_91' title="bbox 777 5598 2312 5674; baseline -0.006 -16"><span class='ocrx_word' id='word_1_668' title='bbox 777 5603 1192 5674; x_wconf 72' lang='lat' dir='ltr'><strong>improbaVeris,</strong></span> <span class='ocrx_word' id='word_1_669' title='bbox 1230 5611 1284 5653; x_wconf 83' lang='lat' dir='ltr'><strong>et</strong></span> <span class='ocrx_word' id='word_1_670' title='bbox 1312 5600 1754 5672; x_wconf 71' lang='lat' dir='ltr'><strong>Lysiasdierrrt,</strong></span> <span class='ocrx_word' id='word_1_671' title='bbox 1787 5599 2075 5667; x_wconf 86' lang='lat' dir='ltr'><strong>abjeccris,</strong></span> <span class='ocrx_word' id='word_1_672' title='bbox 2146 5598 2312 5665; x_wconf 71' lang='lat' dir='ltr'><strong>prmio</strong></span> 
     </span>
    </p>
   </div>
   <div class='ocr_carea' id='block_1_92' title="bbox 882 5736 1379 5790">
    <p class='ocr_par' dir='ltr' id='par_1_92' title="bbox 882 5736 1379 5790">
     <span class='ocr_line' id='line_1_92' title="bbox 882 5736 1379 5790; baseline -0.02 2"><span class='ocrx_word' id='word_1_673' title='bbox 882 5740 926 5767; x_wconf 80' lang='grc' dir='ltr'><strong>’³ο</strong></span> <span class='ocrx_word' id='word_1_674' title='bbox 983 5737 1145 5790; x_wconf 72' lang='lat' dir='ltr'><strong>Marc.</strong></span> <span class='ocrx_word' id='word_1_675' title='bbox 1188 5751 1259 5790; x_wconf 79' lang='lat' dir='ltr'><strong>Iv.</strong></span> <span class='ocrx_word' id='word_1_676' title='bbox 1293 5736 1379 5786; x_wconf 69' lang='lat' dir='ltr'><strong>Bt).</strong></span> 
     </span>
    </p>
   </div>
   <div class='ocr_carea' id='block_1_93' title="bbox 773 5804 1477 5871">
    <p class='ocr_par' dir='ltr' id='par_1_93' title="bbox 773 5804 1477 5871">
     <span class='ocr_line' id='line_1_93' title="bbox 773 5804 1477 5871; baseline -0.009 -10"><span class='ocrx_word' id='word_1_677' title='bbox 773 5811 818 5842; x_wconf 64' lang='grc' dir='ltr'><strong>’τ</strong></span> <span class='ocrx_word' id='word_1_678' title='bbox 861 5808 999 5863; x_wconf 60' lang='grc' dir='ltr'><strong>Ιδδίιὶς</strong></span> <span class='ocrx_word' id='word_1_679' title='bbox 1034 5822 1182 5871; x_wconf 62' lang='grc' dir='ltr'>χλιιι,</span> <span class='ocrx_word' id='word_1_680' title='bbox 1223 5806 1303 5859; x_wconf 66' lang='grc'><strong>12.</strong></span> <span class='ocrx_word' id='word_1_681' title='bbox 1382 5807 1423 5829; x_wconf 47' lang='grc' dir='ltr'><strong>⁴⁴ν·</strong></span> <span class='ocrx_word' id='word_1_682' title='bbox 1461 5804 1477 5856; x_wconf 92' lang='lat' dir='ltr'><strong>l</strong></span> 
     </span>
    </p>
   </div>
   <div class='ocr_carea' id='block_1_94' title="bbox 1487 5733 1897 5788">
    <p class='ocr_par' dir='ltr' id='par_1_94' title="bbox 1487 5733 1897 5788">
     <span class='ocr_line' id='line_1_94' title="bbox 1487 5733 1897 5788; baseline -0.005 -4"><span class='ocrx_word' id='word_1_683' title='bbox 1487 5740 1523 5763; x_wconf 71' lang='lat'><strong>‘“</strong></span> <span class='ocrx_word' id='word_1_684' title='bbox 1558 5733 1750 5785; x_wconf 51' lang='lat' dir='ltr'><strong>Malia.</strong></span> <span class='ocrx_word' id='word_1_685' title='bbox 1790 5748 1897 5788; x_wconf 74' lang='lat' dir='ltr'><strong>MV.</strong></span> 
     </span>
    </p>
   </div>
   <div class='ocr_carea' id='block_1_95' title="bbox 1486 5802 1890 5867">
    <p class='ocr_par' dir='ltr' id='par_1_95' title="bbox 1486 5802 1890 5867">
     <span class='ocr_line' id='line_1_95' title="bbox 1486 5802 1890 5867; baseline -0.01 -10"><span class='ocrx_word' id='word_1_686' title='bbox 1486 5805 1599 5857; x_wconf 64' lang='lat' dir='ltr'><strong>‘sal.</strong></span> <span class='ocrx_word' id='word_1_687' title='bbox 1636 5818 1767 5867; x_wconf 70' lang='lat' dir='ltr'><strong>ml,</strong></span> <span class='ocrx_word' id='word_1_688' title='bbox 1805 5802 1890 5859; x_wconf 69' lang='lat' dir='ltr'><strong>«ll.</strong></span> 
     </span>
    </p>
   </div>
   <div class='ocr_carea' id='block_1_96' title="bbox 1956 5730 2350 5784">
    <p class='ocr_par' dir='ltr' id='par_1_96' title="bbox 1956 5730 2350 5784">
     <span class='ocr_line' id='line_1_96' title="bbox 1956 5730 2350 5784; baseline -0.008 -21"><span class='ocrx_word' id='word_1_689' title='bbox 1956 5735 2021 5765; x_wconf 51' lang='lat' dir='ltr'><strong>om</strong></span> <span class='ocrx_word' id='word_1_690' title='bbox 2123 5736 2164 5762; x_wconf 53' lang='grc' dir='ltr'>ις</span> <span class='ocrx_word' id='word_1_691' title='bbox 2233 5730 2284 5784; x_wconf 63' lang='grc' dir='ltr'><strong>επ,</strong></span> <span class='ocrx_word' id='word_1_692' title='bbox 2320 5732 2350 5782; x_wconf 73' lang='grc' dir='ltr'>,ι</span> 
     </span>
     <span class='ocr_line' id='line_1_97' title="bbox 1962 5768 2329 5784; baseline -0.003 0"><span class='ocrx_word' id='word_1_693' title='bbox 1962 5771 2004 5784; x_wconf 75' lang='lat' dir='ltr'><strong>-I</strong></span> <span class='ocrx_word' id='word_1_694' title='bbox 2031 5772 2044 5784; x_wconf 76' lang='grc' dir='ltr'><strong>ο</strong></span> <span class='ocrx_word' id='word_1_695' title='bbox 2274 5768 2329 5784; x_wconf 50' lang='grc' dir='ltr'><strong>μμ</strong></span> 
     </span>
    </p>
   </div>
   <div class='ocr_carea' id='block_1_97' title="bbox 1962 5768 2371 5786">
    <p class='ocr_par' dir='ltr' id='par_1_97' title="bbox 1962 5768 2371 5786">
     <span class='ocr_line' id='line_1_98' title="bbox 1962 5768 2371 5786; baseline 0 -2"><span class='ocrx_word' id='word_1_696' title='bbox 1962 5771 2044 5786; x_wconf 71' lang='lat' dir='ltr'><strong>-II</strong></span> <span class='ocrx_word' id='word_1_697' title='bbox 2233 5768 2245 5784; x_wconf 73' lang='grc' dir='ltr'><strong>Ι</strong></span> <span class='ocrx_word' id='word_1_698' title='bbox 2274 5768 2371 5784; x_wconf 48' lang='grc' dir='ltr'>Γιηο</span> 
     </span>
    </p>
   </div>
   <div class='ocr_carea' id='block_1_98' title="bbox 2414 3222 3998 3301">
    <p class='ocr_par' dir='ltr' id='par_1_98' title="bbox 2414 3222 3998 3301">
     <span class='ocr_line' id='line_1_99' title="bbox 2414 3222 3998 3301; baseline -0.007 -18"><span class='ocrx_word' id='word_1_699' title='bbox 2414 3233 2521 3301; x_wconf 72' lang='grc' dir='ltr'>γὰρ</span> <span class='ocrx_word' id='word_1_700' title='bbox 2558 3231 2726 3301; x_wconf 78' lang='grc' dir='ltr'>αὐτὴν</span> <span class='ocrx_word' id='word_1_701' title='bbox 2754 3230 2970 3283; x_wconf 83' lang='grc' dir='ltr'>σύνοδον</span> <span class='ocrx_word' id='word_1_702' title='bbox 2998 3229 3239 3291; x_wconf 84' lang='grc' dir='ltr'>τελέσαι,</span> <span class='ocrx_word' id='word_1_703' title='bbox 3293 3227 3554 3281; x_wconf 83' lang='grc' dir='ltr'>ἀδύνατον</span> <span class='ocrx_word' id='word_1_704' title='bbox 3600 3226 3749 3296; x_wconf 73' lang='grc' dir='ltr'>ἡμᾶς</span> <span class='ocrx_word' id='word_1_705' title='bbox 3806 3222 3998 3275; x_wconf 73' lang='grc' dir='ltr'>αὐτόθι</span> 
     </span>
    </p>
   </div>
   <div class='ocr_carea' id='block_1_99' title="bbox 2414 3314 3998 3391">
    <p class='ocr_par' dir='ltr' id='par_1_99' title="bbox 2414 3314 3998 3391">
     <span class='ocr_line' id='line_1_100' title="bbox 2414 3314 3998 3391; baseline -0.008 -16"><span class='ocrx_word' id='word_1_706' title='bbox 2414 3323 2688 3391; x_wconf 67' lang='grc' dir='ltr'>διαϐῆναι,</span> <span class='ocrx_word' id='word_1_707' title='bbox 2724 3321 2815 3374; x_wconf 74' lang='grc' dir='ltr'>καὶ</span> <span class='ocrx_word' id='word_1_708' title='bbox 2850 3320 3053 3390; x_wconf 73' lang='grc' dir='ltr'>σφόδρα</span> <span class='ocrx_word' id='word_1_709' title='bbox 3110 3319 3377 3381; x_wconf 86' lang='grc' dir='ltr'>θέλοντες.</span> <span class='ocrx_word' id='word_1_710' title='bbox 3426 3318 3559 3381; x_wconf 77' lang='grc' dir='ltr'>Θεὸς</span> <span class='ocrx_word' id='word_1_711' title='bbox 3597 3318 3654 3370; x_wconf 75' lang='grc' dir='ltr'>δὲ</span> <span class='ocrx_word' id='word_1_712' title='bbox 3685 3318 3712 3369; x_wconf 86' lang='grc' dir='ltr'>ὁ</span> <span class='ocrx_word' id='word_1_713' title='bbox 3734 3314 3861 3377; x_wconf 87' lang='grc' dir='ltr'>δούς</span> <span class='ocrx_word' id='word_1_714' title='bbox 3917 3330 3998 3366; x_wconf 88' lang='grc' dir='ltr'><strong>σοι</strong></span> 
     </span>
    </p>
   </div>
   <div class='ocr_carea' id='block_1_100' title="bbox 2414 3404 3998 3479">
    <p class='ocr_par' dir='ltr' id='par_1_100' title="bbox 2414 3404 3998 3479">
     <span class='ocr_line' id='line_1_101' title="bbox 2414 3404 3998 3479; baseline -0.006 -15"><span class='ocrx_word' id='word_1_715' title='bbox 2414 3412 2478 3465; x_wconf 74' lang='grc' dir='ltr'>τὸ</span> <span class='ocrx_word' id='word_1_716' title='bbox 2512 3412 2773 3464; x_wconf 81' lang='grc' dir='ltr'>δύνασθαι</span> <span class='ocrx_word' id='word_1_717' title='bbox 2834 3412 2965 3479; x_wconf 78' lang='grc' dir='ltr'>ἡμῖν</span> <span class='ocrx_word' id='word_1_718' title='bbox 3019 3409 3235 3478; x_wconf 78' lang='grc' dir='ltr'>βοηθεῖν</span> <span class='ocrx_word' id='word_1_719' title='bbox 3273 3408 3369 3462; x_wconf 89' lang='grc' dir='ltr'><strong>νῦν</strong></span> <span class='ocrx_word' id='word_1_720' title='bbox 3414 3409 3496 3471; x_wconf 84' lang='grc' dir='ltr'><strong>είς</strong></span> <span class='ocrx_word' id='word_1_721' title='bbox 3554 3409 3583 3460; x_wconf 85' lang='grc' dir='ltr'><strong>ὅ</strong></span> <span class='ocrx_word' id='word_1_722' title='bbox 3608 3424 3701 3459; x_wconf 90' lang='grc' dir='ltr'><strong>σου</strong></span> <span class='ocrx_word' id='word_1_723' title='bbox 3739 3404 3998 3473; x_wconf 78' lang='grc' dir='ltr'>δεόμεθα,</span> 
     </span>
    </p>
   </div>
   <div class='ocr_carea' id='block_1_101' title="bbox 2418 3499 4001 3574">
    <p class='ocr_par' dir='ltr' id='par_1_101' title="bbox 2418 3499 4001 3574">
     <span class='ocr_line' id='line_1_102' title="bbox 2418 3499 4001 3574; baseline -0.006 -18"><span class='ocrx_word' id='word_1_724' title='bbox 2418 3503 2531 3574; x_wconf 78' lang='grc' dir='ltr'>δῴη</span> <span class='ocrx_word' id='word_1_725' title='bbox 2569 3505 2661 3556; x_wconf 77' lang='grc' dir='ltr'>καὶ</span> <span class='ocrx_word' id='word_1_726' title='bbox 2692 3504 2752 3555; x_wconf 79' lang='grc' dir='ltr'>τὸ</span> <span class='ocrx_word' id='word_1_727' title='bbox 2794 3505 2978 3572; x_wconf 76' lang='grc' dir='ltr'>μεῖζον</span> <span class='ocrx_word' id='word_1_728' title='bbox 3009 3504 3104 3555; x_wconf 73' lang='grc' dir='ltr'>καὶ</span> <span class='ocrx_word' id='word_1_729' title='bbox 3140 3502 3221 3554; x_wconf 76' lang='grc' dir='ltr'>ἔτι</span> <span class='ocrx_word' id='word_1_730' title='bbox 3254 3500 3539 3561; x_wconf 80' lang='grc' dir='ltr'>δύνασθαι,</span> <span class='ocrx_word' id='word_1_731' title='bbox 3587 3499 3885 3558; x_wconf 69' lang='grc' dir='ltr'>ἀναϐάσεις</span> <span class='ocrx_word' id='word_1_732' title='bbox 3944 3499 4001 3548; x_wconf 79' lang='grc' dir='ltr'>ἐν</span> 
     </span>
    </p>
   </div>
   <div class='ocr_carea' id='block_1_102' title="bbox 2419 3588 4003 3667">
    <p class='ocr_par' dir='ltr' id='par_1_102' title="bbox 2419 3588 4003 3667">
     <span class='ocr_line' id='line_1_103' title="bbox 2419 3588 4003 3667; baseline -0.005 -20"><span class='ocrx_word' id='word_1_733' title='bbox 2419 3600 2485 3667; x_wconf 82' lang='grc' dir='ltr'>τῇ</span> <span class='ocrx_word' id='word_1_734' title='bbox 2528 3596 2728 3665; x_wconf 72' lang='grc' dir='ltr'>καρδίᾳ</span> <span class='ocrx_word' id='word_1_735' title='bbox 2773 3595 3134 3666; x_wconf 86' lang='grc' dir='ltr'>διατιθεμένῳ</span> <span class='ocrx_word' id='word_1_736' title='bbox 3177 3596 3272 3647; x_wconf 70' lang='grc' dir='ltr'><strong>καὶ</strong></span> <span class='ocrx_word' id='word_1_737' title='bbox 3304 3595 3380 3663; x_wconf 78' lang='grc' dir='ltr'>τῷ</span> <span class='ocrx_word' id='word_1_738' title='bbox 3406 3593 3474 3665; x_wconf 77' lang='grc' dir='ltr'>Π,</span> <span class='ocrx_word' id='word_1_739' title='bbox 3526 3590 3608 3663; x_wconf 70' lang='grc' dir='ltr'><strong>τὸ]</strong></span> <span class='ocrx_word' id='word_1_740' title='bbox 3642 3592 3729 3644; x_wconf 72' lang='grc' dir='ltr'><strong>ἀεὶ</strong></span> <span class='ocrx_word' id='word_1_741' title='bbox 3785 3588 4003 3656; x_wconf 71' lang='grc' dir='ltr'>τάγαθὰ</span> 
     </span>
    </p>
   </div>
   <div class='ocr_carea' id='block_1_103' title="bbox 2424 3682 4004 3757">
    <p class='ocr_par' dir='ltr' id='par_1_103' title="bbox 2424 3682 4004 3757">
     <span class='ocr_line' id='line_1_104' title="bbox 2424 3682 4004 3757; baseline -0.006 -17"><span class='ocrx_word' id='word_1_742' title='bbox 2424 3688 2709 3757; x_wconf 86' lang='grc' dir='ltr'>βούλεσθαι</span> <span class='ocrx_word' id='word_1_743' title='bbox 2739 3728 2754 3753; x_wconf 92' lang='grc'><strong>,</strong></span> <span class='ocrx_word' id='word_1_744' title='bbox 2788 3687 2881 3739; x_wconf 87' lang='grc' dir='ltr'><strong>καί</strong></span> <span class='ocrx_word' id='word_1_745' title='bbox 2935 3704 2993 3740; x_wconf 85' lang='grc' dir='ltr'><strong>σε</strong></span> <span class='ocrx_word' id='word_1_746' title='bbox 3028 3688 3222 3757; x_wconf 87' lang='grc' dir='ltr'>τηροίη</span> <span class='ocrx_word' id='word_1_747' title='bbox 3270 3687 3449 3755; x_wconf 86' lang='grc' dir='ltr'>πάσης</span> <span class='ocrx_word' id='word_1_748' title='bbox 3487 3685 3686 3747; x_wconf 81' lang='grc' dir='ltr'>κακίας</span> <span class='ocrx_word' id='word_1_749' title='bbox 3726 3682 4004 3750; x_wconf 80' lang='grc' dir='ltr'>ἀνώτερον</span> 
     </span>
    </p>
   </div>
   <div class='ocr_carea' id='block_1_104' title="bbox 2422 3780 2857 3841">
    <p class='ocr_par' dir='ltr' id='par_1_104' title="bbox 2422 3780 2857 3841">
     <span class='ocr_line' id='line_1_105' title="bbox 2422 3780 2857 3841; baseline -0.002 -9"><span class='ocrx_word' id='word_1_750' title='bbox 2422 3780 2517 3834; x_wconf 65' lang='grc' dir='ltr'><strong>καὶ</strong></span> <span class='ocrx_word' id='word_1_751' title='bbox 2546 3780 2857 3841; x_wconf 74' lang='grc' dir='ltr'>κακώσεως.</span> 
     </span>
    </p>
   </div>
   <div class='ocr_carea' id='block_1_105' title="bbox 3006 3864 3396 3920">
    <p class='ocr_par' dir='ltr' id='par_1_105' title="bbox 3006 3864 3396 3920">
     <span class='ocr_line' id='line_1_106' title="bbox 3006 3864 3396 3920; baseline -0.008 0"><span class='ocrx_word' id='word_1_752' title='bbox 3006 3866 3229 3920; x_wconf 83' lang='grc' dir='ltr'><strong>ΕΠΙΣΤ.</strong></span> <span class='ocrx_word' id='word_1_753' title='bbox 3273 3864 3396 3917; x_wconf 66' lang='lat' dir='ltr'><strong>KA&#39;.</strong></span> 
     </span>
    </p>
   </div>
   <div class='ocr_carea' id='block_1_106' title="bbox 3022 3956 3368 4024">
    <p class='ocr_par' dir='ltr' id='par_1_106' title="bbox 3022 3956 3368 4024">
     <span class='ocr_line' id='line_1_107' title="bbox 3022 3956 3368 4024; baseline -0.009 -13"><span class='ocrx_word' id='word_1_754' title='bbox 3022 3956 3105 4021; x_wconf 80' lang='grc' dir='ltr'><strong>Τῷ</strong></span> <span class='ocrx_word' id='word_1_755' title='bbox 3130 3956 3368 4024; x_wconf 77' lang='grc' dir='ltr'><strong>Ἀνέμῳ.</strong></span> 
     </span>
    </p>
   </div>
   <div class='ocr_carea' id='block_1_107' title="bbox 2496 4040 4009 4116">
    <p class='ocr_par' dir='ltr' id='par_1_107' title="bbox 2496 4040 4009 4116">
     <span class='ocr_line' id='line_1_108' title="bbox 2496 4040 4009 4116; baseline -0.007 -14"><span class='ocrx_word' id='word_1_756' title='bbox 2496 4052 2656 4103; x_wconf 75' lang='grc' dir='ltr'>«ιιίλου</span> <span class='ocrx_word' id='word_1_757' title='bbox 2705 4049 2865 4116; x_wconf 82' lang='grc' dir='ltr'>λόγου</span> <span class='ocrx_word' id='word_1_758' title='bbox 2919 4047 3237 4116; x_wconf 87' lang='grc' dir='ltr'>θέλγητρον,</span> <span class='ocrx_word' id='word_1_759' title='bbox 3269 4044 3560 4113; x_wconf 76' lang='grc' dir='ltr'>ἐπίκουρον</span> <span class='ocrx_word' id='word_1_760' title='bbox 3586 4043 3766 4101; x_wconf 65' lang='grc' dir='ltr'>νόσου,</span> <span class='ocrx_word' id='word_1_761' title='bbox 3806 4041 3882 4093; x_wconf 68' lang='grc' dir='ltr'>ὡς</span> <span class='ocrx_word' id='word_1_762' title='bbox 3911 4040 4009 4107; x_wconf 55' lang='lat' dir='ltr'><strong>tio</strong></span> 
     </span>
    </p>
   </div>
   <div class='ocr_carea' id='block_1_108' title="bbox 2431 4133 4006 4213">
    <p class='ocr_par' dir='ltr' id='par_1_108' title="bbox 2431 4133 4006 4213">
     <span class='ocr_line' id='line_1_109' title="bbox 2431 4133 4006 4213; baseline -0.01 -16"><span class='ocrx_word' id='word_1_763' title='bbox 2431 4162 2519 4213; x_wconf 87' lang='grc' dir='ltr'><strong>μοι</strong></span> <span class='ocrx_word' id='word_1_764' title='bbox 2552 4142 2856 4213; x_wconf 83' lang='grc' dir='ltr'>προσῆλθεν</span> <span class='ocrx_word' id='word_1_765' title='bbox 2879 4143 2936 4195; x_wconf 81' lang='grc' dir='ltr'>ὲν</span> <span class='ocrx_word' id='word_1_766' title='bbox 2958 4140 3133 4194; x_wconf 86' lang='grc' dir='ltr'>δέοντὶ</span> <span class='ocrx_word' id='word_1_767' title='bbox 3173 4155 3258 4205; x_wconf 89' lang='grc' dir='ltr'>γε.</span> <span class='ocrx_word' id='word_1_768' title='bbox 3300 4135 3489 4189; x_wconf 87' lang='grc' dir='ltr'>Ταῦτα</span> <span class='ocrx_word' id='word_1_769' title='bbox 3536 4135 3793 4203; x_wconf 83' lang='grc' dir='ltr'>Ὀρέστου</span> <span class='ocrx_word' id='word_1_770' title='bbox 3856 4133 4006 4190; x_wconf 78' lang='grc' dir='ltr'>ὄντα.</span> 
     </span>
    </p>
   </div>
   <div class='ocr_carea' id='block_1_109' title="bbox 2427 4224 4010 4304">
    <p class='ocr_par' dir='ltr' id='par_1_109' title="bbox 2427 4224 4010 4304">
     <span class='ocr_line' id='line_1_110' title="bbox 2427 4224 4010 4304; baseline -0.009 -17"><span class='ocrx_word' id='word_1_771' title='bbox 2427 4236 2502 4296; x_wconf 84' lang='grc' dir='ltr'>ὼς</span> <span class='ocrx_word' id='word_1_772' title='bbox 2531 4229 2711 4297; x_wconf 75' lang='grc' dir='ltr'>οἶσθα,</span> <span class='ocrx_word' id='word_1_773' title='bbox 2738 4234 2966 4303; x_wconf 82' lang='grc' dir='ltr'>φιλτάτη</span> <span class='ocrx_word' id='word_1_774' title='bbox 2999 4251 3090 4304; x_wconf 88' lang='grc' dir='ltr'><strong>μοι</strong></span> <span class='ocrx_word' id='word_1_775' title='bbox 3116 4232 3349 4301; x_wconf 76' lang='grc' dir='ltr'>κεφαλὴ,</span> <span class='ocrx_word' id='word_1_776' title='bbox 3388 4229 3580 4300; x_wconf 85' lang='grc' dir='ltr'>μικρόν</span> <span class='ocrx_word' id='word_1_777' title='bbox 3604 4244 3656 4279; x_wconf 88' lang='grc' dir='ltr'><strong>τι</strong></span> <span class='ocrx_word' id='word_1_778' title='bbox 3682 4224 4010 4296; x_wconf 77' lang='grc' dir='ltr'>παρῳδήσας</span> 
     </span>
    </p>
   </div>
   <div class='ocr_carea' id='block_1_110' title="bbox 2430 4314 4011 4395">
    <p class='ocr_par' dir='ltr' id='par_1_110' title="bbox 2430 4314 4011 4395">
     <span class='ocr_line' id='line_1_111' title="bbox 2430 4314 4011 4395; baseline -0.008 -16"><span class='ocrx_word' id='word_1_779' title='bbox 2430 4328 2522 4379; x_wconf 71' lang='grc' dir='ltr'><strong>ἐπὶ</strong></span> <span class='ocrx_word' id='word_1_780' title='bbox 2554 4328 2638 4379; x_wconf 64' lang='grc' dir='ltr'><strong>σο)⁵</strong></span> <span class='ocrx_word' id='word_1_781' title='bbox 2673 4326 2818 4393; x_wconf 78' lang='grc' dir='ltr'>λέγω</span> <span class='ocrx_word' id='word_1_782' title='bbox 2845 4344 2858 4358; x_wconf 92' lang='grc'><strong>·</strong></span> <span class='ocrx_word' id='word_1_783' title='bbox 2901 4326 3081 4395; x_wconf 81' lang='grc' dir='ltr'>βούλει</span> <span class='ocrx_word' id='word_1_784' title='bbox 3112 4343 3194 4377; x_wconf 90' lang='grc' dir='ltr'><strong>τοι</strong></span> <span class='ocrx_word' id='word_1_785' title='bbox 3217 4324 3281 4394; x_wconf 83' lang='grc' dir='ltr'><strong>[ί.</strong></span> <span class='ocrx_word' id='word_1_786' title='bbox 3316 4321 3423 4393; x_wconf 87' lang='grc' dir='ltr'>σοι]</span> <span class='ocrx_word' id='word_1_787' title='bbox 3450 4320 3745 4391; x_wconf 83' lang='grc' dir='ltr'>προσθήσω</span> <span class='ocrx_word' id='word_1_788' title='bbox 3794 4317 3894 4370; x_wconf 72' lang='grc' dir='ltr'>καὶ</span> <span class='ocrx_word' id='word_1_789' title='bbox 3944 4314 4011 4366; x_wconf 75' lang='grc' dir='ltr'>τὰ</span> 
     </span>
    </p>
   </div>
   <div class='ocr_carea' id='block_1_111' title="bbox 2360 4406 4013 4516">
    <p class='ocr_par' dir='ltr' id='par_1_111' title="bbox 2360 4406 4013 4516">
     <span class='ocr_line' id='line_1_112' title="bbox 2360 4406 4013 4516; baseline -0.01 -44"><span class='ocrx_word' id='word_1_790' title='bbox 2360 4460 2404 4516; x_wconf 76' lang='lat' dir='ltr'><strong>D</strong></span> <span class='ocrx_word' id='word_1_791' title='bbox 2430 4418 2524 4472; x_wconf 79' lang='grc' dir='ltr'><strong>τοῦ</strong></span> <span class='ocrx_word' id='word_1_792' title='bbox 2589 4416 2862 4487; x_wconf 85' lang='grc' dir='ltr'>κωμικοῦ,</span> <span class='ocrx_word' id='word_1_793' title='bbox 2920 4418 2996 4480; x_wconf 86' lang='grc' dir='ltr'>ὡς</span> <span class='ocrx_word' id='word_1_794' title='bbox 3036 4416 3260 4487; x_wconf 75' lang='grc' dir='ltr'>ἥδομαι,</span> <span class='ocrx_word' id='word_1_795' title='bbox 3292 4416 3386 4468; x_wconf 73' lang='grc' dir='ltr'><strong>καὶ</strong></span> <span class='ocrx_word' id='word_1_796' title='bbox 3417 4414 3713 4484; x_wconf 85' lang='grc' dir='ltr'>τέρπομαι,</span> <span class='ocrx_word' id='word_1_797' title='bbox 3752 4410 3843 4460; x_wconf 62' lang='grc' dir='ltr'><strong>καὶ</strong></span> 
     </span>
    </p>
   </div>
   <div class='ocr_carea' id='block_1_112' title="bbox 2433 4499 4014 4579">
    <p class='ocr_par' dir='ltr' id='par_1_112' title="bbox 2433 4499 4014 4579">
     <span class='ocr_line' id='line_1_113' title="bbox 2433 4499 4014 4579; baseline -0.009 -17"><span class='ocrx_word' id='word_1_798' title='bbox 2433 4510 2595 4578; x_wconf 88' lang='grc' dir='ltr'>λομαι</span> <span class='ocrx_word' id='word_1_799' title='bbox 2623 4508 2908 4579; x_wconf 85' lang='grc' dir='ltr'>χορεύειν;</span> <span class='ocrx_word' id='word_1_800' title='bbox 2942 4508 3104 4561; x_wconf 78' lang='grc' dir='ltr'>Ἀλλὰ</span> <span class='ocrx_word' id='word_1_801' title='bbox 3138 4508 3191 4560; x_wconf 86' lang='grc' dir='ltr'><strong>τί</strong></span> <span class='ocrx_word' id='word_1_802' title='bbox 3224 4508 3331 4560; x_wconf 85' lang='grc' dir='ltr'><strong>τῶν</strong></span> <span class='ocrx_word' id='word_1_803' title='bbox 3363 4504 3701 4577; x_wconf 84' lang='grc' dir='ltr'>ἁμαρτωλῶν</span> <span class='ocrx_word' id='word_1_804' title='bbox 3725 4500 3890 4565; x_wconf 80' lang='grc' dir='ltr'>ἐλαίῳ</span> <span class='ocrx_word' id='word_1_805' title='bbox 3933 4499 4014 4549; x_wconf 79' lang='grc' dir='ltr'>λι-</span> 
     </span>
    </p>
   </div>
   <div class='ocr_carea' id='block_1_113' title="bbox 2436 4587 4014 4671">
    <p class='ocr_par' dir='ltr' id='par_1_113' title="bbox 2436 4587 4014 4671">
     <span class='ocr_line' id='line_1_114' title="bbox 2436 4587 4014 4671; baseline -0.002 -18"><span class='ocrx_word' id='word_1_806' title='bbox 2436 4602 2614 4654; x_wconf 76' lang='grc' dir='ltr'>παὶνω</span> <span class='ocrx_word' id='word_1_807' title='bbox 2658 4618 2752 4653; x_wconf 88' lang='grc' dir='ltr'><strong>σου</strong></span> <span class='ocrx_word' id='word_1_808' title='bbox 2781 4601 2841 4654; x_wconf 76' lang='grc' dir='ltr'>τὸ</span> <span class='ocrx_word' id='word_1_809' title='bbox 2889 4602 3261 4671; x_wconf 81' lang='grc' dir='ltr'>γραμμάτιον,</span> <span class='ocrx_word' id='word_1_810' title='bbox 3304 4600 3426 4665; x_wconf 73' lang='grc' dir='ltr'>ἐξὸν</span> <span class='ocrx_word' id='word_1_811' title='bbox 3463 4600 3576 4658; x_wconf 80' lang='grc' dir='ltr'>τοῖς</span> <span class='ocrx_word' id='word_1_812' title='bbox 3626 4594 3735 4646; x_wconf 84' lang='grc' dir='ltr'><strong>τῶν</strong></span> <span class='ocrx_word' id='word_1_813' title='bbox 3797 4590 3863 4662; x_wconf 76' lang='grc' dir='ltr'><strong>[Γ.</strong></span> <span class='ocrx_word' id='word_1_814' title='bbox 3893 4587 4014 4656; x_wconf 71' lang='grc' dir='ltr'><strong>τῆς]</strong></span> 
     </span>
    </p>
   </div>
   <div class='ocr_carea' id='block_1_114' title="bbox 2438 4679 4012 4761">
    <p class='ocr_par' dir='ltr' id='par_1_114' title="bbox 2438 4679 4012 4761">
     <span class='ocr_line' id='line_1_115' title="bbox 2438 4679 4012 4761; baseline -0.001 -17"><span class='ocrx_word' id='word_1_815' title='bbox 2438 4691 2780 4745; x_wconf 79' lang='grc' dir='ltr'>καλλιελαίου</span> <span class='ocrx_word' id='word_1_816' title='bbox 2842 4689 3034 4761; x_wconf 79' lang='grc' dir='ltr'>δώροις</span> <span class='ocrx_word' id='word_1_817' title='bbox 3093 4690 3495 4761; x_wconf 84' lang='grc' dir='ltr'>φαιδρύνασθαι</span> <span class='ocrx_word' id='word_1_818' title='bbox 3534 4706 3547 4753; x_wconf 91' lang='lat'><strong>;</strong></span> <span class='ocrx_word' id='word_1_819' title='bbox 3584 4683 3923 4753; x_wconf 64' lang='grc' dir='ltr'>Μεγαλύνει</span> <span class='ocrx_word' id='word_1_820' title='bbox 3976 4679 4012 4742; x_wconf 66' lang='lat' dir='ltr'><strong>1i</strong></span> 
     </span>
    </p>
   </div>
   <div class='ocr_carea' id='block_1_115' title="bbox 2438 4769 4015 4851">
    <p class='ocr_par' dir='ltr' id='par_1_115' title="bbox 2438 4769 4015 4851">
     <span class='ocr_line' id='line_1_116' title="bbox 2438 4769 4015 4851; baseline -0.018 -1"><span class='ocrx_word' id='word_1_821' title='bbox 2438 4782 2609 4850; x_wconf 65' lang='grc' dir='ltr'><strong>ψυχύ</strong></span> <span class='ocrx_word' id='word_1_822' title='bbox 2630 4801 2748 4851; x_wconf 76' lang='grc' dir='ltr'><strong>μου</strong></span> <span class='ocrx_word' id='word_1_823' title='bbox 2773 4784 2879 4836; x_wconf 77' lang='grc' dir='ltr'><strong>τὸν</strong></span> <span class='ocrx_word' id='word_1_824' title='bbox 2904 4784 3142 4850; x_wconf 77' lang='grc' dir='ltr'>Κύριον,</span> <span class='ocrx_word' id='word_1_825' title='bbox 3177 4785 3273 4834; x_wconf 66' lang='grc' dir='ltr'><strong>καί</strong></span> <span class='ocrx_word' id='word_1_826' title='bbox 3308 4780 3649 4849; x_wconf 42' lang='lat' dir='ltr'><strong>viruit/uos</strong></span> <span class='ocrx_word' id='word_1_827' title='bbox 3683 4776 3748 4828; x_wconf 80' lang='grc' dir='ltr'>τὸ</span> <span class='ocrx_word' id='word_1_828' title='bbox 3776 4769 4015 4839; x_wconf 72' lang='grc' dir='ltr'>πνεῦμά</span> 
     </span>
    </p>
   </div>
   <div class='ocr_carea' id='block_1_116' title="bbox 2431 4864 4016 4940">
    <p class='ocr_par' dir='ltr' id='par_1_116' title="bbox 2431 4864 4016 4940">
     <span class='ocr_line' id='line_1_117' title="bbox 2431 4864 4016 4940; baseline -0.01 -15"><span class='ocrx_word' id='word_1_829' title='bbox 2431 4889 2551 4940; x_wconf 77' lang='grc' dir='ltr'><strong>μου</strong></span> <span class='ocrx_word' id='word_1_830' title='bbox 2583 4871 2682 4923; x_wconf 79' lang='grc' dir='ltr'><strong>ἐπὶ</strong></span> <span class='ocrx_word' id='word_1_831' title='bbox 2706 4871 2786 4935; x_wconf 84' lang='grc' dir='ltr'>τῷ</span> <span class='ocrx_word' id='word_1_832' title='bbox 2816 4870 2958 4936; x_wconf 82' lang='grc' dir='ltr'>Θεῷ,</span> <span class='ocrx_word' id='word_1_833' title='bbox 2991 4871 3079 4923; x_wconf 85' lang='grc' dir='ltr'>ὅτι</span> <span class='ocrx_word' id='word_1_834' title='bbox 3107 4868 3363 4923; x_wconf 78' lang='grc' dir='ltr'>ἑνέδυσέ</span> <span class='ocrx_word' id='word_1_835' title='bbox 3400 4884 3477 4935; x_wconf 83' lang='grc' dir='ltr'><strong>με</strong></span> <span class='ocrx_word' id='word_1_836' title='bbox 3528 4865 3763 4933; x_wconf 77' lang='grc' dir='ltr'>ἱμάτιον</span> <span class='ocrx_word' id='word_1_837' title='bbox 3796 4864 4016 4928; x_wconf 55' lang='grc' dir='ltr'>εὐφρο-</span> 
     </span>
    </p>
   </div>
   <div class='ocr_carea' id='block_1_117' title="bbox 2436 4951 4015 5029">
    <p class='ocr_par' dir='ltr' id='par_1_117' title="bbox 2436 4951 4015 5029">
     <span class='ocr_line' id='line_1_118' title="bbox 2436 4951 4015 5029; baseline -0.002 -16"><span class='ocrx_word' id='word_1_838' title='bbox 2436 4962 2655 5029; x_wconf 75' lang='grc' dir='ltr'>σύνης,</span> <span class='ocrx_word' id='word_1_839' title='bbox 2688 4962 2786 5015; x_wconf 80' lang='grc' dir='ltr'>καὶ</span> <span class='ocrx_word' id='word_1_840' title='bbox 2818 4960 3212 5026; x_wconf 70' lang='grc' dir='ltr'>καταστολὴν</span> <span class='ocrx_word' id='word_1_841' title='bbox 3247 4957 3432 5022; x_wconf 77' lang='grc' dir='ltr'>δόξης</span> <span class='ocrx_word' id='word_1_842' title='bbox 3484 4956 3615 5009; x_wconf 71' lang='grc' dir='ltr'><strong>ἀντὶ</strong></span> <span class='ocrx_word' id='word_1_843' title='bbox 3673 4951 4015 5018; x_wconf 67' lang='grc' dir='ltr'>πνεύματος</span> 
     </span>
    </p>
   </div>
   <div class='ocr_carea' id='block_1_118' title="bbox 2437 5044 4014 5119">
    <p class='ocr_par' dir='ltr' id='par_1_118' title="bbox 2437 5044 4014 5119">
     <span class='ocr_line' id='line_1_119' title="bbox 2437 5044 4014 5119; baseline -0.01 -14"><span class='ocrx_word' id='word_1_844' title='bbox 2437 5052 2744 5118; x_wconf 78' lang='grc' dir='ltr'>ἁκηδείας.</span> <span class='ocrx_word' id='word_1_845' title='bbox 2781 5051 3062 5119; x_wconf 74' lang='grc' dir='ltr'><strong>Διέρῤηξε</strong></span> <span class='ocrx_word' id='word_1_846' title='bbox 3094 5051 3201 5104; x_wconf 72' lang='grc' dir='ltr'><strong>τὸν</strong></span> <span class='ocrx_word' id='word_1_847' title='bbox 3254 5051 3491 5104; x_wconf 78' lang='grc' dir='ltr'>σάκκον</span> <span class='ocrx_word' id='word_1_848' title='bbox 3516 5064 3659 5116; x_wconf 65' lang='grc' dir='ltr'>μου,</span> <span class='ocrx_word' id='word_1_849' title='bbox 3700 5044 3793 5095; x_wconf 77' lang='grc' dir='ltr'>καὶ</span> <span class='ocrx_word' id='word_1_850' title='bbox 3852 5056 4014 5105; x_wconf 71' lang='grc' dir='ltr'>περι-</span> 
     </span>
    </p>
   </div>
   <div class='ocr_carea' id='block_1_119' title="bbox 2436 5134 4015 5211">
    <p class='ocr_par' dir='ltr' id='par_1_119' title="bbox 2436 5134 4015 5211">
     <span class='ocr_line' id='line_1_120' title="bbox 2436 5134 4015 5211; baseline -0.01 -15"><span class='ocrx_word' id='word_1_851' title='bbox 2436 5142 2616 5202; x_wconf 71' lang='grc' dir='ltr'>έζωσέ</span> <span class='ocrx_word' id='word_1_852' title='bbox 2657 5160 2731 5211; x_wconf 81' lang='grc' dir='ltr'><strong>με</strong></span> <span class='ocrx_word' id='word_1_853' title='bbox 2767 5144 3182 5211; x_wconf 57' lang='grc' dir='ltr'>εὐφροσύνην,</span> <span class='ocrx_word' id='word_1_854' title='bbox 3240 5142 3329 5194; x_wconf 83' lang='grc' dir='ltr'>ὅτι</span> <span class='ocrx_word' id='word_1_855' title='bbox 3389 5139 3527 5204; x_wconf 72' lang='grc' dir='ltr'>τοὺς</span> <span class='ocrx_word' id='word_1_856' title='bbox 3588 5134 3839 5205; x_wconf 59' lang='grc' dir='ltr'>ἐχθρούς</span> <span class='ocrx_word' id='word_1_857' title='bbox 3900 5146 4015 5198; x_wconf 76' lang='grc' dir='ltr'>μοι·</span> 
     </span>
    </p>
   </div>
   <div class='ocr_carea' id='block_1_120' title="bbox 2438 5221 4015 5302">
    <p class='ocr_par' dir='ltr' id='par_1_120' title="bbox 2438 5221 4015 5302">
     <span class='ocr_line' id='line_1_121' title="bbox 2438 5221 4015 5302; baseline -0.01 -14"><span class='ocrx_word' id='word_1_858' title='bbox 2438 5234 2624 5288; x_wconf 77' lang='grc' dir='ltr'>ἐδωκέ</span> <span class='ocrx_word' id='word_1_859' title='bbox 2660 5252 2759 5302; x_wconf 82' lang='grc' dir='ltr'><strong>μοι</strong></span> <span class='ocrx_word' id='word_1_860' title='bbox 2817 5233 3033 5299; x_wconf 77' lang='grc' dir='ltr'>νῶτον,</span> <span class='ocrx_word' id='word_1_861' title='bbox 3080 5235 3173 5287; x_wconf 75' lang='grc' dir='ltr'>καὶ</span> <span class='ocrx_word' id='word_1_862' title='bbox 3232 5234 3373 5297; x_wconf 73' lang='grc' dir='ltr'>τρὶ-ς</span> <span class='ocrx_word' id='word_1_863' title='bbox 3435 5225 3768 5297; x_wconf 75' lang='grc' dir='ltr'>μισυῦντιίς</span> <span class='ocrx_word' id='word_1_864' title='bbox 3820 5239 3898 5292; x_wconf 81' lang='grc' dir='ltr'><strong>με</strong></span> <span class='ocrx_word' id='word_1_865' title='bbox 3922 5221 4015 5281; x_wconf 74' lang='grc' dir='ltr'><strong>ἐξ·</strong></span> 
     </span>
    </p>
   </div>
   <div class='ocr_carea' id='block_1_121' title="bbox 2441 5315 4017 5393">
    <p class='ocr_par' dir='ltr' id='par_1_121' title="bbox 2441 5315 4017 5393">
     <span class='ocr_line' id='line_1_122' title="bbox 2441 5315 4017 5393; baseline -0.01 -16"><span class='ocrx_word' id='word_1_866' title='bbox 2441 5327 2807 5393; x_wconf 75' lang='grc' dir='ltr'>ωλόθρευσε,</span> <span class='ocrx_word' id='word_1_867' title='bbox 2849 5328 2945 5379; x_wconf 72' lang='grc' dir='ltr'>καὶ</span> <span class='ocrx_word' id='word_1_868' title='bbox 2997 5325 3317 5379; x_wconf 82' lang='grc' dir='ltr'>ἀπέστειλεν</span> <span class='ocrx_word' id='word_1_869' title='bbox 3374 5323 3659 5391; x_wconf 80' lang='grc' dir='ltr'>ἄνθρωπον</span> <span class='ocrx_word' id='word_1_870' title='bbox 3705 5315 4017 5384; x_wconf 74' lang='grc' dir='ltr'>ἔμπροσθεν</span> 
     </span>
    </p>
   </div>
   <div class='ocr_carea' id='block_1_122' title="bbox 2441 5404 4014 5486">
    <p class='ocr_par' dir='ltr' id='par_1_122' title="bbox 2441 5404 4014 5486">
     <span class='ocr_line' id='line_1_123' title="bbox 2441 5404 4014 5486; baseline -0.008 -19"><span class='ocrx_word' id='word_1_871' title='bbox 2441 5417 2600 5485; x_wconf 83' lang='grc' dir='ltr'>ἡμῶν</span> <span class='ocrx_word' id='word_1_872' title='bbox 2640 5418 2765 5479; x_wconf 75' lang='grc' dir='ltr'>τοὺς</span> <span class='ocrx_word' id='word_1_873' title='bbox 2802 5418 3295 5486; x_wconf 79' lang='grc' dir='ltr'>συντετριμμένους</span> <span class='ocrx_word' id='word_1_874' title='bbox 3318 5414 3626 5482; x_wconf 64' lang='grc' dir='ltr'>ἰασόμενον,</span> <span class='ocrx_word' id='word_1_875' title='bbox 3677 5410 3802 5469; x_wconf 68' lang='grc' dir='ltr'>τοὺς</span> <span class='ocrx_word' id='word_1_876' title='bbox 3856 5404 4014 5456; x_wconf 79' lang='grc' dir='ltr'>ἀσθε-</span> 
     </span>
    </p>
   </div>
   <div class='ocr_carea' id='block_1_123' title="bbox 2442 5500 4020 5577">
    <p class='ocr_par' dir='ltr' id='par_1_123' title="bbox 2442 5500 4020 5577">
     <span class='ocr_line' id='line_1_124' title="bbox 2442 5500 4020 5577; baseline -0.009 -19"><span class='ocrx_word' id='word_1_877' title='bbox 2442 5506 2670 5570; x_wconf 80' lang='grc' dir='ltr'>νοῦντας</span> <span class='ocrx_word' id='word_1_878' title='bbox 2695 5508 3149 5577; x_wconf 51' lang='grc' dir='ltr'>ἐπισκεψόμενον,</span> <span class='ocrx_word' id='word_1_879' title='bbox 3185 5510 3319 5559; x_wconf 79' lang='grc' dir='ltr'>πᾶσι</span> <span class='ocrx_word' id='word_1_880' title='bbox 3358 5506 3422 5557; x_wconf 71' lang='grc' dir='ltr'><strong>τὰ</strong></span> <span class='ocrx_word' id='word_1_881' title='bbox 3467 5505 3643 5557; x_wconf 72' lang='grc' dir='ltr'>πάντα</span> <span class='ocrx_word' id='word_1_882' title='bbox 3671 5500 3805 5567; x_wconf 63' lang='grc' dir='ltr'>προς</span> <span class='ocrx_word' id='word_1_883' title='bbox 3851 5513 4020 5561; x_wconf 66' lang='grc' dir='ltr'>σωτη-</span> 
     </span>
    </p>
   </div>
   <div class='ocr_carea' id='block_1_124' title="bbox 3958 5605 3987 5613">
    <p class='ocr_par' dir='ltr' id='par_1_124' title="bbox 3958 5605 3987 5613">
     <span class='ocr_line' id='line_1_125' title="bbox 3958 5605 3987 5613; baseline 0 -2"><span class='ocrx_word' id='word_1_884' title='bbox 3958 5605 3987 5613; x_wconf 61' lang='grc' dir='ltr'><strong>ρ</strong></span> 
     </span>
    </p>
   </div>
   <div class='ocr_carea' id='block_1_125' title="bbox 2456 5592 4020 5667">
    <p class='ocr_par' dir='ltr' id='par_1_125' title="bbox 2456 5592 4020 5667">
     <span class='ocr_line' id='line_1_126' title="bbox 2456 5592 4020 5667; baseline 0.001 -19"><span class='ocrx_word' id='word_1_885' title='bbox 2456 5599 2577 5667; x_wconf 74' lang='grc' dir='ltr'>ρίαν</span> <span class='ocrx_word' id='word_1_886' title='bbox 2613 5599 2895 5667; x_wconf 73' lang='grc' dir='ltr'>ἐσόμενον.</span> <span class='ocrx_word' id='word_1_887' title='bbox 2950 5600 3103 5652; x_wconf 79' lang='grc' dir='ltr'><strong>’Λ“·.λ⁹</strong></span> <span class='ocrx_word' id='word_1_888' title='bbox 3130 5598 3253 5666; x_wconf 74' lang='grc' dir='ltr'>εῦγε</span> <span class='ocrx_word' id='word_1_889' title='bbox 3281 5602 3360 5651; x_wconf 71' lang='grc' dir='ltr'>ὅτι</span> <span class='ocrx_word' id='word_1_890' title='bbox 3422 5600 3531 5657; x_wconf 70' lang='grc' dir='ltr'>τοῖς</span> <span class='ocrx_word' id='word_1_891' title='bbox 3561 5595 3679 5646; x_wconf 65' lang='grc' dir='ltr'>καθ’</span> <span class='ocrx_word' id='word_1_892' title='bbox 3714 5592 3856 5657; x_wconf 55' lang='grc' dir='ltr'><strong>ἡμᾶς</strong></span> <span class='ocrx_word' id='word_1_893' title='bbox 3922 5592 4020 5638; x_wconf 52' lang='grc' dir='ltr'>ἓέτ</span> 
     </span>
    </p>
   </div>
   <div class='ocr_carea' id='block_1_126' title="bbox 3516 5721 4018 5779">
    <p class='ocr_par' dir='ltr' id='par_1_126' title="bbox 3516 5721 4018 5779">
     <span class='ocr_line' id='line_1_127' title="bbox 3516 5721 4018 5779; baseline -0.004 -10"><span class='ocrx_word' id='word_1_894' title='bbox 3516 5732 3555 5757; x_wconf 46' lang='grc'><strong>’⁷⁵</strong></span> <span class='ocrx_word' id='word_1_895' title='bbox 3622 5724 3759 5777; x_wconf 61' lang='grc' dir='ltr'>Ειιίῖ</span> <span class='ocrx_word' id='word_1_896' title='bbox 3831 5736 3915 5779; x_wconf 62' lang='lat' dir='ltr'><strong>XV,</strong></span> <span class='ocrx_word' id='word_1_897' title='bbox 3967 5721 4018 5779; x_wconf 53' lang='grc' dir='ltr'><strong>ξι,</strong></span> 
     </span>
    </p>
   </div>
   <div class='ocr_carea' id='block_1_127' title="bbox 2440 5731 3398 5796">
    <p class='ocr_par' dir='ltr' id='par_1_127' title="bbox 2440 5731 3398 5796">
     <span class='ocr_line' id='line_1_128' title="bbox 2440 5731 3398 5796; baseline -0.001 -13"><span class='ocrx_word' id='word_1_898' title='bbox 2440 5748 2667 5795; x_wconf 70' lang='lat' dir='ltr'><strong>num,</strong></span> <span class='ocrx_word' id='word_1_899' title='bbox 2719 5738 2767 5786; x_wconf 75' lang='lat' dir='ltr'><strong>ti.</strong></span> <span class='ocrx_word' id='word_1_900' title='bbox 2854 5735 2897 5768; x_wconf 69' lang='lat'><strong>’-‘</strong></span> <span class='ocrx_word' id='word_1_901' title='bbox 2936 5734 3041 5787; x_wconf 78' lang='lat' dir='ltr'><strong>Luc</strong></span> <span class='ocrx_word' id='word_1_902' title='bbox 3104 5750 3135 5793; x_wconf 79' lang='grc' dir='ltr'><strong>ι,</strong></span> <span class='ocrx_word' id='word_1_903' title='bbox 3194 5734 3267 5796; x_wconf 68' lang='grc' dir='ltr'>ιιι,</span> <span class='ocrx_word' id='word_1_904' title='bbox 3326 5731 3398 5782; x_wconf 78' lang='grc' dir='ltr'><strong>ἱῖ.</strong></span> 
     </span>
    </p>
   </div>
  </div>
