4240 6440
239 382 337 450 541

1160 328 1542 441 mer
1568 378 1778 440 xxxv
1807 379 1852 436 Α
1886 377 1944 438 ι.
1985 339 2222 437 LAMIo
2253 355 2522 434 enim.

3367 367 3470 430 512

239 494 444 563 εφάνης
484 489 702 560 μέρεσιν
749 489 1089 558 ἀλεξίκακος,
1150 489 1224 552 ὡς
1250 489 1422 543 ταῦτά
1475 506 1536 556 γε
1568 489 1668 558 ἢδη
1702 489 1806 540 ἀπ·
1836 491 1884 548 Α

1795 491 2130 548 -Αοιοιιιιιι
2197 470 2629 552 improbitatem.
2652 479 2716 531 Et
2772 477 2930 532 modo
2996 478 3160 531 castri
3221 480 3469 534 conditor

240 585 502 647 ἔγνωστο,
538 582 632 632 καὶ
682 581 882 644 Λυσίας
909 581 974 633 ἂν
997 576 1148 633 εἶπεν
1177 580 1509 648 ὲξειργάστω
1545 579 1745 649 [-γάσω
1763 577 1807 647 ?]

238 673 524 739 ἡγεμόνων
557 669 854 738 κακότητα.
894 672 1002 722 Καὶ
1033 670 1126 722 νῦν
1178 669 1277 738 μὲν
1311 671 1338 721 ὁ
1383 669 1812 738 καστροκτίστης

240 763 477 831 καθῄρει
513 760 580 813 τὰ
607 762 712 813 τῶν
745 760 990 814 ἐλεεινῶν
1012 777 1024 790 ·
1053 761 1170 812 νυνὶ
1196 760 1252 812 δὲ
1293 761 1320 813 ὁ
1373 760 1660 828 κατάγχων
1717 761 1809 811 καὶ

234 850 327 900 τὸν
351 849 482 917 χοῦν
510 850 784 917 ὲλοιμάτο.
805 845 910 900 Ἠν
928 866 980 900 τι
1004 849 1110 901 καὶ·
1127 848 1308 917 τρίτον
1331 849 1535 910 αὐτοῖς,
1566 848 1642 916 τῷ
1666 846 1811 898 eet.)-

240 940 318 1006 ρῷ
348 940 432 996 τίς
468 941 773 1008 προσήκεις
810 940 866 1001 ὃς
905 941 1035 1005 γοῦν
1089 940 1196 993 ἀπὸ
1243 941 1344 1009 τῆς
1401 940 1666 1008 κλήσεως,
1714 940 1810 991 οὐκ

235 1026 359 1081 οἶδα
403 1031 448 1081 εἰ
518 1031 625 1080 τῶν
669 1031 1073 1100 προ).εχ¹)ἑντων
1106 1029 1407 1082 ὁπωστιοῦν
1439 1028 1805 1097 ἀνεκτότερος.

250 1121 416 1173 Ἀλλὰ
455 1121 548 1174 νῦν
582 1122 998 1191 ἐπεσκέφθησαν
1038 1123 1308 1190 ἐπισκοπῇ
1349 1121 1407 1183 ἐξ
1437 1119 1624 1186 ὕψους,
1659 1121 1750 1172 καὶ
1779 1121 1806 1171 ὁ

236 1210 402 1273 λόγος
443 1210 798 1278 ὲπιστατήσει
833 1209 1032 1262 αὐτῶν.
1077 1211 1136 1261 Et
1179 1210 1345 1278 μήπω
1383 1210 1490 1276 ἐγὼ
1521 1208 1612 1261 τοῦ
1675 1207 1808 1275 ἐμοῦ

237 1299 337 1350 καὶ
365 1299 434 1350 τὰ
486 1299 663 1352 πάντα
693 1299 858 1367 ἡδέως
913 1299 1179 1352 Νικολάου
1216 1299 1593 1368 ἐπιλέλησμαι,
1647 1298 1812 1366 ἀγαλ-

237 1390 518 1442 λιάσονται
547 1390 662 1442 ἀνθ’
694 1383 768 1441 ῶν
809 1391 1030 1460 ἡμερῶν
1062 1389 1502 1456 ἐταπεινώθησαν
1531 1389 1687 1448 ἐτῶν,
1739 1382 1812 1438 ῶν

237 1481 456 1542 εἰδομεν
489 1480 655 1532 κακά.
684 1480 852 1531 Τοῦτο
892 1480 989 1548 μὲν
1019 1480 1110 1532 οῦν
1133 1482 1315 1541 αὐτοῖς
1347 1479 1516 1541 ἔσται,
1548 1480 1642 1530 καὶ
1705 1495 1811 1546 μη-

237 1569 407 1635 νυτὴς
439 1569 547 1636 ἐγὼ
563 1570 672 1622 τῶν
694 1572 965 1638 ἐσομένων
991 1569 1307 1636 εὐάγγελος.
1336 1571 1396 1621 '0
1413 1570 1468 1621 δὲ
1501 1569 1629 1638 παρ’
1661 1568 1814 1637 ἡμῶν

239 1659 578 1729 προληφθεὶς
615 1662 1018 1723 Κωνσταντῖνος
1053 1663 1079 1712 ὁ
1108 1659 1523 1728 Χοιροσφάκτης
1555 1661 1610 1710 ὲν
1641 1653 1719 1720 οἷς
1750 1659 1814 1711 ἄν

241 1766 338 1800 σου
364 1749 618 1817 δεήσεται
662 1749 738 1810 είς
768 1748 828 1800 τὸ
878 1747 1414 1816 πτωχοκτηματίζιον
1442 1749 1542 1814 τῆς
1585 1747 1812 1813 Ἐκκλη-

243 1843 391 1902 σίας,
426 1840 899 1910 συνεργεῖσοωδια
929 1842 1024 1908 τῆς
1054 1839 1389 1907 άντιλήτᾷεώς
1423 1855 1540 1892 σου.
1595 1839 1811 1906 Ἀφελέ.

242 1946 333 1981 στε
348 1946 437 1997 ρος
463 1930 570 1997 γάρ
597 1927 671 1979 ῶν
700 1929 872 1990 ἄλλως
899 1931 992 1982 καὶ
1051 1930 1453 1998 μαλακώτερος,
1480 1929 1527 1979 εί
1564 1926 1636 1996 μὴ
1682 1927 1814 1978 πολ-

237 2019 338 2084 λῆς
373 2018 513 2084 παρ’
571 2016 724 2084 ὑμῶν
787 2017 1041 2084 τυγχάνει
1099 2016 1430 2084 συνάρσεως,
1479 2015 1694 2074 τελείως
1750 2016 1817 2068 ἂν

245 2107 444 2175 φανείη
477 2106 755 2174 ἀδόκιμος.
795 2106 852 2158 ὐ
902 2106 1106 2174 Κύριος
1135 2107 1326 2176 τηροίη
1389 2124 1445 2158 σε
1504 2107 1684 2175 πάσης
1719 2123 1816 2156 κα-

238 2200 369 2262 κίας
396 2199 664 2269 ἀνώτερον
695 2201 786 2251 καὶ
819 2198 1137 2262 κακώσεως.

839 2289 1060 2341 ΕΠΙΣΤ.
1107 2286 1234 2340 KE'.

747 2379 828 2444 Τῷ
853 2380 1302 2445 Μερμεντούλῳ.

318 2472 380 2523 Ei
423 2469 519 2539 μὲν
546 2469 737 2537 ἔγνως,
769 2467 977 2537 ἀνδρῶν
1010 2467 1264 2522 ἀπάνπων
1287 2466 1384 2534 τὴν
1417 2466 1608 2532 σοφίαν
1643 2466 1812 2536 ὑπέρ-

242 2577 394 2629 τερε,
421 2559 490 2611 τὰ
535 2560 836 2627 γράμματα
869 2559 967 2627 ἡδὺ
1008 2558 1457 2627 προσγελάσαντα
1509 2557 1602 2608 καὶ
1654 2573 1810 2624 περι-

247 2653 526 2706 πλακέντα
579 2653 953 2720 χαριέστερον,
1007 2649 1039 2718 ἢ
1095 2650 1381 2717 πρότερον,
1416 2649 1511 2700 καὶ
1541 2649 1629 2700 διὰ
1656 2648 1811 2700 τοῦτο

244 2742 345 2809 τὴν
378 2741 483 2792 ἀπο
511 2740 610 2806 τῆς
647 2739 743 2807 σῆς
775 2738 1021 2806 γλώττης
1061 2739 1267 2806 ὲπιχεῖς
1294 2736 1533 2808 [ἐπέχεις
1554 2736 1598 2806 ?]
1629 2738 1808 2804 χάριν,

244 2832 320 2892 ὡς
354 2829 664 2898 ἀρκούντων
699 2829 805 2881 τῶν
837 2827 1177 2896 πραγμάτων
1226 2828 1287 2880 οὐ
1333 2827 1494 2880 πόθεν
1532 2826 1745 2898 [ὁπόθεν
1767 2826 1810 2892 '3]

241 2922 394 2988 ἡμᾶς
435 2919 700 2986 γανῶσαι,
733 2921 792 2997 τί)
846 2919 944 2987 ἔαρ
995 2920 1284 2986 ὑποφερεῖς
1321 2917 1683 2987 [ὑπαφαιρεῖς
1741 2916 1814 2969 re!

241 3009 593 3079 ἀποστερεῖς]
621 3010 712 3061 τοῦ
738 3001 1005 3072 ἐνιαυτοῦ,
1053 3010 1146 3061 καὶ
1205 3007 1311 3060 τῶν
1354 3007 1664 3075 Ὀλυμπίων
1717 3007 1813 3075 τὴν

1915 577 2051 629 tollit
2079 591 2164 636 ea.
2221 589 2340 643 quae
2388 572 2608 641 quidem
2673 577 2800 624 sunt
2852 571 3255 628 miseratorum,
3307 573 3466 625 modo

1913 677 2089 722 autem
2123 668 2215 735 qui
2252 666 2552 719 suffocatet
2575 677 2824 730 aggerem
2851 662 3100 714 vastavit.
3134 661 3261 714 Erat
3295 662 3363 716 iis
3420 674 3471 715 et

1913 759 2115 826 aliquid
2151 758 2394 810 tertium.
2429 757 2584 825 731
2617 756 2750 819 Quis
2783 755 2846 807 ad
2881 753 3176 805 Phthorum
3218 753 3473 807 accedat?

1910 867 2071 921 quem
2118 850 2271 919 juxta
2310 865 2506 903 nomen
2532 851 2719 901 nescio
2771 865 2839 902 an
2881 863 2990 918 pra:
3042 849 3250 900 caeteris
3277 849 3472 916 praedi-

1911 943 2012 996 Ctis
2034 941 2172 995 ferre
2190 943 2310 1009 quis
2329 942 2522 1010 possit.
2552 942 2842 994 Enimvero
2870 941 3073 992 utinam
3102 939 3466 994 visitationem

1914 1033 2271 1099 accipiantex
2308 1033 2436 1096 alto,
2468 1040 2522 1084 et
2558 1030 2794 1084 Verbum
2831 1030 3010 1096 praesit
3044 1031 3171 1082 illis.
3226 1027 3338 1081 Nisi
3371 1043 3469 1102 ego

1914 1121 2114 1174 oblitus
2141 1121 2319 1171 adhuc
2352 1134 2471 1172 sum
2505 1119 2606 1172 mei
2642 1120 2864 1171 omnino
2895 1118 3208 1172 suavissimi
3239 1115 3467 1176 Nieolai,

1920 1210 2274 1263 exsultabunt
2334 1226 2433 1278 pro
2473 1210 2540 1263 iis
2569 1209 2782 1272 diebus,
2815 1210 3010 1274 quibus
3038 1208 3303 1260 bumiliati
3343 1218 3471 1260 sunt

1916 1304 1967 1355 in
2007 1303 2114 1356 illis
2141 1303 2320 1365 annis,
2362 1302 2560 1370 quibus
2597 1301 2832 1353 vidimus
2881 1302 3019 1352 mala
3051 1302 3116 1353 θ’.
3167 1298 3277 1352 Hoc
3309 1297 3473 1365 igitur

1915 1394 2046 1461 ipsis
2078 1393 2376 1459 continget.
2408 1392 2518 1460 Ego
2553 1393 2699 1446 enim
2750 1391 2964 1445 faustus
3016 1406 3135 1444 sum
3168 1390 3468 1444 futurorum

1915 1500 2112 1552 prmco.
2151 1485 2548 1538 Constantinus
2579 1493 2764 1536 autem
2815 1483 3278 1549 Climrosphactes
3309 1495 3470 1548 supra

1918 1574 2166 1628 laudatus
2192 1583 2334 1642 petet
2358 1589 2386 1625 a
2415 1583 2486 1636 te,
2521 1582 2578 1625 ut
2610 1573 2873 1626 Ecclesia:
2906 1572 3195 1640 hospitiolo
3221 1570 3470 1638 pauperi-

1917 1664 2017 1717 bus
2052 1663 2328 1717 destinato
2364 1665 2672 1733 opituleris.
2700 1662 2781 1716 Tu
2813 1678 2939 1718 vero
2975 1677 3134 1725 cura,
3187 1673 3244 1715 ut
3274 1672 3472 1730 praesto

1916 1757 1986 1808 sit
2015 1756 2272 1808 auxilium
2309 1764 2482 1808 tuum.
2537 1755 2672 1808 Cum
2707 1757 2850 1808 enim
2903 1755 3130 1821 simplex
3193 1751 3355 1804 nimis
3420 1759 3473 1800 c't

1920 1845 2097 1908 mollis
2130 1845 2222 1907 sit,
2251 1843 2354 1896 nisi
2389 1843 2612 1895 multum
2667 1859 2695 1895 a
2732 1844 2886 1897 vobis
2945 1849 3268 1909 asseqnatur
3317 1840 3474 1906 adju-

1914 1946 2179 1996 mentum,
2254 1950 2358 1987 non
2435 1933 2707 1987 videbitur
2778 1934 3172 2002 approbatione
3254 1932 3470 1997 dignus.

1912 2023 2172 2077 Dominus
2205 2033 2384 2078 autem
2421 2033 2473 2079 te
2549 2025 2617 2077 ab
2647 2024 2794 2078 omni
2833 2024 3035 2078 malitia
3063 2032 3114 2078 et
3145 2023 3283 2074 malo
3307 2021 3471 2075 desu-

1912 2131 2009 2184 per
2048 2123 2283 2168 tueatur.

2488 2291 2700 2345 EPIST.
2739 2291 2882 2344 XXV

2512 2363 2903 2435 Μενηιεηιιιίο.⁸

1979 2475 2245 2541 Equidem
2294 2476 2506 2524 litteras
2561 2483 2637 2533 tu,
2677 2472 3148 2540 praestantissime.
3194 2471 3286 2538 qui
3337 2469 3474 2522 viro-

1913 2579 2031 2616 rum
2059 2563 2297 2616 omnium
2329 2563 2648 2629 sapientiam
2681 2564 2847 2626 nosti,
2909 2569 2961 2615 et
3012 2562 3169 2614 dulce
3205 2563 3472 2624 ridentes,

1909 2663 1963 2706 et
2016 2654 2222 2721 majore
2267 2669 2428 2721 quam
2479 2661 2638 2704 antea
2695 2653 2867 2718 gratia
2919 2652 3301 2719 complicatas,
3347 2665 3471 2704 nam

1911 2743 2116 2797 idcirco
2150 2745 2378 2809 gratiam
2415 2751 2505 2794 tua
2541 2742 2772 2795 effundit
2824 2743 3029 2809 lingua,
3061 2751 3140 2802 ut.
3172 2743 3272 2794 etsi
3305 2742 3475 2795 abun-

1912 2832 2169 2884 dantibus
2201 2831 2436 2899 negotiis
2468 2831 2775 2892 obruimur,
2820 2829 3176 2883 nihilominus
3206 2845 3304 2883 nos
3328 2829 3475 2880 exhi-

1913 2921 2078 2985 lares,
2115 2930 2168 2974 et
2193 2936 2288 2973 ver
2319 2922 2470 2982 anni,
2501 2928 2553 2973 et
2582 2922 2843 2973 musicam
2876 2921 3036 2973 affers
3074 2918 3470 2988 Olympiorum.

1912 3011 1967 3063 Si
1999 3025 2126 3063 vero
2158 3011 2211 3062 in
2241 3025 2344 3074 qua
2374 3026 2430 3062 re
2462 3009 2658 3063 difficili
2687 3023 2912 3063 necesse
2941 3008 3101 3062 fuerit
3140 3016 3347 3060 tentare
3379 3005 3475 3060 hu-

246 3102 540 3170 μουσικήν.
595 3100 655 3151 Εἰ
712 3100 769 3151 δέ
819 3117 965 3162 τινος
1014 3096 1308 3166 πειρᾶσθαι
1375 3098 1482 3148 τῶν
1534 3090 1920 3169 δυσχερῶνεξ

1798 3116 1810 3148 I
1838 3090 1879 3146 (σῖ
1914 3101 2071 3169 jusce
2099 3101 2357 3167 temporis
2385 3101 2696 3153 sacerdotes
2743 3114 2852 3152 non
2885 3100 3064 3152 minus
3095 3113 3256 3166 quam
3285 3097 3472 3151 hume-

239 3192 459 3256 ἀνάγκη
489 3189 613 3246 τοὺς
645 3187 736 3238 νῦν
767 3189 950 3256 ἱερεῖς,
981 3187 1079 3255 οἰχ
1123 3181 1289 3255 ἦττον
1346 3184 1696 3252 ὑγραίνεσθαι
1720 3186 1809 3236 τὸν

239 3280 560 3349 νηχόμενον,
601 3278 652 3329 τί
705 3278 802 3344 τῆς
843 3280 906 3328 ἐκ
954 3276 1060 3328 τῶν
1096 3277 1441 3344 γραμμάτων
1489 3277 1810 3344 ἀποστερεῖς

244 3372 646 3440 παρακλήσεως
668 3387 681 3400 ·
717 3372 901 3439 ὅμοιον
953 3369 1140 3437 ῶσπερ
1176 3370 1223 3420 εἰ
1272 3367 1364 3420 τοῦ
1395 3368 1674 3428 νοσοῦντος
1704 3369 1810 3420 ἀπ-

247 3464 384 3530 Ιἦγες
430 3461 497 3514 τΞι
546 3461 830 3529 φάρμακα.
864 3459 1016 3528 ἢτοῦ
1077 3458 1626 3526 καταπολιμουμένου
1682 3459 1808 3521 τοὺς

239 3553 564 3622 ἐπικούρους
590 3568 604 3614 ;
636 3548 783 3603 Οἶσθ*
812 3547 904 3603 οὖν
932 3551 1076 3619 οἴμοι
1112 3550 1162 3620 [ὅ
1195 3549 1344 3619 μοιί]
1380 3551 1450 3602 δι’
1481 3550 1809 3619 ἀμφοτέρων

237 3643 546 3711 λημμάτων
595 3640 937 3708 περαίνεται,
963 3638 1018 3690 τὸ
1045 3639 1153 3690 δεῖν
1181 3639 1411 3706 γράφειν
1442 3639 1714 3706 ὁποτέρως
1745 3639 1810 3691 ἀν

237 3735 494 3803 ἔχοιμεν·
529 3733 561 3802 ἢ
603 3731 664 3801 [Ῑ.
715 3729 783 3800 εἰ]
828 3731 923 3797 μὲν
960 3728 1220 3797 εὐτυχῶς,
1250 3727 1594 3796 προσάγοντα
1623 3725 1812 3798 [προσ-

245 3821 542 3893 ᾴδονταῖ]ο
600 3821 631 3887 ἥ
690 3819 752 3890 [Ῑ.
803 3818 872 3889 εί]
928 3817 982 3869 δὲ
1035 3816 1314 3884 δυστυχῶς
1354 3857 1369 3880 ,
1425 3817 1806 3868 καταπεσόντα

238 3911 702 3984 [καταπέσσοντα,
759 3908 1214 3967 καταπάσσοντα,
1265 3905 1713 3957 καταπλάσσονται
1731 3905 1797 3976 ?].

236 4003 426 4055 Ταῦτα
475 4002 584 4069 γάρ
633 4016 714 4051 σοι
748 4001 778 4067 ἠ
812 3998 985 4068 χρυσῆ
1021 3997 1209 4067 ῥάϐδος
1239 3996 1332 4048 τοῦ
1367 3996 1522 4069 λόγου
1551 3996 1796 4056 δύναται,

234 4096 303 4160 τῇ
338 4094 388 4142 τ’
418 4068 626 4158 ἀνδρῶν
659 4089 884 4157 ὄμματα
918 4086 1287 4154 θέλγεις,τοὺς
1319 4085 1361 4137 δ’
1387 4068 1514 4138 ⁸ἄντε
1544 4084 1609 4155 [Ῑ.
1642 4085 1793 4155 abte]

235 4185 332 4234 καὶ
359 4180 733 4242 ὑπνώττοντας
763 4181 1018 4247 ὲγείρεις.
1057 4176 1336 4247 Εὐξαίμην
1375 4171 1467 4229 οῦν
1495 4176 1587 4228 καὶ
1626 4178 1793 4229 πολυε-

1913 3205 2061 3246 ctare
2094 3199 2390 3252 natantem,
2428 3189 2558 3257 quid
2595 3190 2752 3243 nobis
2785 3189 3216 3243 consolationem
3255 3188 3471 3252 adimis,

1911 3296 2072 3350 quam
2124 3296 2190 3333 ex
2253 3280 2363 3333 tuis
2409 3278 2717 3346 hujusmodi
2775 3279 3170 3345 consequimur
3233 3277 3474 3331 litteris?

1911 3369 2135 3440 perinde
2165 3385 2228 3422 ac
2257 3370 2301 3423 si
2334 3372 2627 3438 pharmaca
2652 3370 2890 3435 eriperes
2905 3375 3127 3436 :Irgroto.
3149 3368 3342 3421 bellum
3375 3382 3473 3434 pa-

1911 3460 2062 3514 tienti
2089 3459 2332 3513 auxilia?
2365 3458 2499 3511 Illud
2531 3459 2698 3526 igitur
2731 3458 3008 3527 intelligis.
3053 3458 3136 3510 hei
3171 3459 3339 3510 mihi!
3378 3473 3472 3525 per

1914 3558 2200 3615 utrumque
2215 3549 2450 3616 spatium
2483 3548 2784 3616 perficitur,
2806 3563 2944 3615 Opus
2973 3556 3054 3601 est
3090 3547 3280 3616 quovis
3305 3546 3465 3600 modo

1908 3641 2170 3703 scribere,
2208 3649 2301 3692 aut
2334 3640 2565 3694 feliciter
2587 3657 2672 3694 res
2705 3642 3043 3708 contingant,
3074 3650 3163 3693 aut
3188 3641 3322 3693 male
3348 3655 3472 3704 sue-

1910 3732 2126 3786 cedant.
2164 3732 2236 3784 Ea
2263 3732 2427 3800 igitur
2458 3739 2635 3800 potest
2679 3747 2842 3785 aurea
2878 3735 3147 3785 sermonis
3178 3734 3253 3785 tui
3292 3733 3463 3800 virga,

1908 3836 2014 3890 qua
2074 3821 2293 3889 quidem
2344 3821 2627 3872 hominum
2681 3820 2870 3874 oculos
2924 3819 3200 3874 demulces
3247 3827 3301 3873 ct
3343 3821 3471 3872 dor-

1912 3910 2146 3964 mientes
2176 3911 2410 3979 excitas.
2447 3910 2666 3964 Utinam
2695 3926 2909 3979 possem
2948 3911 3218 3979 longiores
3254 3911 3468 3977 assequi

1904 4007 2027 4053 tuas
2071 4001 2299 4065 litteras,
2321 4001 2492 4069 ipsam
2509 4001 2651 4054 enim
2681 4012 2916 4054 tenerem
2941 4015 3117 4054 arcem
3149 4000 3468 4068 gratiarum.

1892 4091 2158 4157 Quoniam
2188 4109 2313 4148 vero
2344 4102 2422 4158 tu,
2454 4094 2546 4161 qui
2589 4093 2730 4152 talis.
2767 4093 3109 4161 temporariis
3138 4091 3287 4145 hisce
3311 4091 3473 4144 rebus

1894 4199 1998 4237 non
2022 4185 2348 4249 immoraris,
2373 4185 2572 4253 incipe,
2601 4197 2653 4238 et
2683 4200 2781 4253 ego
2799 4199 2961 4236 omne
2985 4184 3154 4238 habeo
3175 4183 3466 4239 canticum.

233 4276 435 4342 στίχων
485 4291 576 4325 σου
631 4273 915 4341 τυγχάνειν
955 4271 1328 4341 γραμμάτων·
1392 4269 1561 4340 αὐτὴν
1611 4269 1715 4340 γὰρ
1769 4272 1836 4326 ἂν
1883 4278 2170 4346 κατέχοιμι
2238 4279 2337 4347 τὴν
2385 4277 2492 4329 τῶν
2562 4276 2801 4346 χαρίτων
2854 4277 3168 4345 ἀκρόπολιν.
3223 4276 3373 4329 Ἐπεὶ
3415 4275 3471 4328 δὲ

230 4369 346 4426 τοῖς
375 4365 636 4425 τοιούτοις
666 4365 764 4415 οὐκ
801 4363 1133 4431 ὲνευκαιρείς
1181 4363 1209 4413 ὁ
1267 4361 1540 4426 τοσοῦτος,
1599 4362 1934 4433 ἀνάκρούσαι
1965 4369 2144 4435 μόνον,
2177 4367 2274 4421 καὶ
2300 4366 2360 4419 τὸ
2394 4368 2502 4419 πᾶν
2532 4366 2638 4434 ἔχω
2664 4365 2756 4418 τοῦ
2783 4366 3047 4435 ᾅσματος.

821 4453 1042 4505 eum.
1088 4452 1232 4518 κεῖν.

841 4542 923 4606 Τῷ
979 4543 1027 4596 Ἀ
1034 4542 1209 4611 νέμῳ.

307 4639 382 4688 Τὸ
412 4636 544 4703 ἐμοῦ
579 4635 708 4702 ὄναρ
746 4651 834 4701 μοι
874 4634 1077 4701 λέγοις,
1133 4634 1341 4702 ἀνδρῶν
1383 4635 1506 4704 ἐμοὶ
1559 4635 1805 4689 ποθεινόο

232 4745 388 4790 τατε,
417 4724 828 4793 ἐϐαρϐαρῶσοαι
861 4724 1032 4791 λέγων
1061 4725 1218 4785 αὐτος
1247 4727 1302 4776 ἐν
1337 4727 1518 4793 μέσοις
1571 4725 1808 4793 Βουλγά-

239 4839 377 4890 ροις.
404 4819 600 4870 Σκόπει
633 4819 740 4885 γὰρ
770 4819 891 4868 ὅταν
939 4816 1050 4882 ἐγὼ
1083 4816 1173 4867 τοῦ
1223 4817 1320 4883 τῆς
1353 4819 1641 4886 ἀγροικίας
1671 4836 1809 4887 κρα-

233 4911 403 4979 τῆρος
456 4909 709 4970 πέπτωκα,
773 4906 1042 4959 τοσούτων
1101 4907 1236 4958 ὲτῶν
1363 4910 1492 4961 add.
1542 4909 1674 4980 τῶν]
1705 4913 1803 4979 τῆς

238 5001 434 5067 σοφίας
482 5000 693 5069 χωρίων
742 4998 1184 5067 ἀποδημῶν,·καὶ
1216 4999 1290 5061 ὡς
1343 4999 1652 5069 ὲμεθύσθην
1708 5001 1808 5068 τῆς

236 5092 532 5160 ἀμουσίας.
567 5090 725 5141 Ἀλλά
792 5089 901 5159 γὰρ
960 5090 1043 5151 τίς
1089 5092 1219 5158 ἡμῖν
1263 5090 1373 5160 δῴη
1431 5090 1528 5160 τὴν
1563 5093 1808 5144 ἐναντίαν

241 5181 580 5250 μεθυσθῆναι
616 5181 807 5248 μέθην,
841 5184 902 5232 ἐκ
925 5181 1016 5232 τοῦ
1055 5181 1152 5248 τῆς
1195 5183 1386 5249 σοφίας
1419 5183 1715 5251 κρατῆρος,
1747 5177 1806 5236 οὗ

237 5271 379 5338 αὕτη
415 5271 563 5340 παρά
591 5270 684 5322 τοῦ
711 5271 1051 5338 Σολομῶντος
1079 5272 1346 5341 κίρνησιν,
1377 5272 1640 5340 εὔφρονας
1667 5277 1800 5327 ἁπο-

236 5360 500 5412 δεικνῦσα
549 5361 672 5418 τοὺς
716 5361 856 5422 τέως
890 5361 1171 5429 ἀφρονας;
1201 5362 1439 5424 Ποσάκις
1466 5364 1599 5430 πρὸς
1633 5363 1799 5429 αὐτὴν

237 5447 392 5503 εἷπον
416 5469 428 5481 ·
457 5450 634 5514 Δεῖξον
664 5469 750 5517 μοι
773 5453 867 5521 τὴν
894 5452 1014 5519 ὃψιν
1045 5470 1159 5516 σου,
1185 5455 1271 5506 κα“’
1298 5454 1581 5506 ἀκούτιοόν
1617 5471 1682 5522 με
1703 5455 1798 5521 τὴν

239 5543 427 5611 φωνήν
465 5543 590 5594 sou!
637 5542 698 5593 Ἠ
732 5542 785 5592 δέ
826 5560 888 5609 με
919 5544 1214 5611 ὑποφεύγει
1241 5546 1334 5595 καὶ
1364 5543 1795 5612 ἀποκρύπτεται,

237 5635 334 5684 καὶ
367 5632 645 5694 ύποκνίζει
697 5633 894 5699 μᾶλλον
926 5634 1047 5696 τοὺς
1098 5635 1261 5704 ὲμοῦς
1307 5634 1530 5704 ἔρωτας.
1576 5633 1713 5703 Ἐγὼ
1741 5635 1796 5686 δὲ

309 5745 355 5776 ⁸⁷
393 5744 536 5800 Paul.
575 5759 790 5810 mxtlv,
828 5744 909 5796 15.

1841 4461 1890 4518 D

2474 4454 2692 4509 EPIST.
2738 4453 2926 4509 XXVI.

2577 4547 2794 4601 Anemo.

1981 4639 2159 4694 Meum
2195 4638 2327 4692 mihi
2373 4653 2568 4691 narras
2612 4638 2909 4698 somnium,
2952 4639 3197 4691 virorum
3227 4637 3470 4691 omnium

1910 4729 2040 4782 mihi
2087 4727 2742 4789 desideratissime,‘dum
2781 4736 2834 4780 te
2881 4728 3058 4796 ipsum
3094 4730 3231 4783 dicis
3277 4731 3474 4784 barba~

1910 4835 2030 4873 rum
2073 4819 2186 4872 fieri
2217 4819 2359 4872 inter
2386 4817 2670 4886 Bulgaros.
2699 4818 3083 4876 Animadverte
3128 4821 3271 4872 enim
3299 4837 3475 4890 quan-

1910 4919 2022 4962 tum
2065 4925 2165 4978 ego
2215 4909 2282 4962 de
2335 4908 2666 4962 rusticitatis
2716 4909 2912 4975 poculo
2964 4909 3215 4974 hiberir'n,
3257 4913 3348 4980 qui
3393 4919 3474 4964 tot

1910 5003 2112 5055 abhinc
2163 5001 2320 5054 annis
2376 5001 2658 5069 sapientiae
2719 5001 2838 5054 loca
2906 5000 3144 5066 deserui,
3198 5012 3362 5071 atque
3413 5012 3474 5055 ut

1908 5091 2092 5144 ebrius
2143 5091 2245 5143 sim
2293 5089 2589 5156 imperitia.
2637 5088 2772 5152 Quis
2829 5101 3008 5143 autem
3054 5095 3147 5144 det
3197 5093 3375 5156 nobis,
3415 5100 3472 5143 ut

1908 5183 2184 5236 contraria
2240 5180 2577 5234 inebriemur
2635 5181 2898 5234 ebrietate
2946 5179 3012 5233 de
3061 5181 3344 5248 sapientiae
3373 5197 3470 5248 po-

1911 5273 2054 5334 culo,
2121 5271 2262 5339 quod
2315 5271 2431 5340 ipsa
2495 5269 2635 5338 apud
2686 5269 3027 5324 Salomonem
3085 5273 3297 5334 miscet,
3368 5286 3462 5325 eos

1911 5364 2121 5418 faciens
2175 5361 2333 5430 732
2419 5361 2688 5428 sapientes
2757 5362 2846 5430 qui
2917 5362 3172 5414 hactenus
3253 5363 3466 5414 fuerant

1909 5453 2271 5521 insipientes?
2300 5453 2522 5518 Quoties
2563 5452 2626 5504 ad
2667 5468 2785 5506 eam
2813 5452 2923 5506 dixi
2975 5469 2987 5504 :
3036 5451 3273 5506 Ostende
3331 5452 3463 5505 mihi

1909 5543 2098 5597 faciem
2146 5552 2315 5604 tuam,
2351 5552 2404 5597 et
2425 5543 2524 5606 fac,
2555 5554 2612 5595 nt
2660 5561 2846 5597 vocem
2898 5552 3043 5596 tuam
3085 5543 3342 5596 audiam!
3375 5542 3465 5596 Illa

1909 5653 2035 5691 vero
2085 5651 2169 5690 me
2221 5635 2373 5704 fugit,
2429 5645 2480 5688 et
2518 5637 2763 5699 Iath,-et
2809 5635 2980 5701 magis
3033 5649 3179 5688 meos
3221 5632 3460 5688 retardat
