4240 6440
804 390 909 453 563

1703 378 2267 443 TIIEOPHYLACTI
2300 376 2707 439 BULGARUE
2748 374 3094 439 ARCHIEP.

3912 376 4019 441 ΒΗ

799 515 1034 557 amares.
1060 501 1171 573 Ego
1208 514 1334 555 vero
1366 496 1420 552 in
1466 509 1651 551 amore
1691 494 1901 552 infelix,
1934 500 1986 545 et
2028 486 2346 546 insanabilis
2376 490 2418 543 Α
2446 486 2473 538 δ

2376 490 2418 543 Α
2446 486 2683 556 δύσερως
2701 487 3087 557 ἀθεράπευτος.
3119 486 3437 542 κινδυνεύων
3469 487 3636 558 μῦθος
3658 491 3909 557 γενέσθαι
3940 493 4021 561 τῷ

799 592 851 643 in
881 604 945 643 eo
982 604 1166 643 versor
1199 586 1461 656 periculo,
1504 592 1561 636 ut
1592 582 1735 651 vulgi
1762 580 1943 634 fabula
1985 580 2129 642 liam,
2161 593 2351 647 quem-

798 681 1085 735 admodum
1117 678 1340 733 eebonis
1373 683 1601 735 amator,
1633 673 1745 727 sive
1776 673 2009 733 daemon,
2045 672 2158 725 sive
2183 670 2347 733 deus,

798 780 945 823 certe
995 769 1437 838 loquacissimus,
1468 779 1682 834 semper
1714 765 1908 817 sitiens
1938 762 2177 832 quidem,
2209 777 2352 815 sem-

800 878 893 929 per
918 871 1097 916 autem
1143 863 1405 932 deceptus
1448 875 1478 913 a
1522 868 1674 929 potu.
1709 858 1836 911 Mihi
1873 859 2064 912 iterum
2115 858 2353 909 occurrit

798 954 929 1006 illud
965 955 1144 1008 dicere
1175 952 1538 1005 Salomonis"
1572 969 1583 1003 :
1618 951 1760 1009 Diri,
1788 949 2009 1016 Sapiens
2032 965 2142 1009 ero,
2169 958 2219 1001 et
2238 950 2352 1015 ipsa

796 1044 1043 1111 clougata
1068 1054 1143 1097 est
1185 1060 1215 1095 a
1243 1059 1324 1096 me
1349 1058 1507 1110 supra
1532 1041 1585 1094 id
1620 1042 1756 1110 quod
1797 1049 1933 1105 erat,
1967 1041 2222 1109 nullaque
2249 1040 2351 1093 alia

800 1135 1062 1201 tragmdia
1118 1143 1222 1198 est,
1275 1150 1396 1204 qum
1456 1134 1591 1187 meis
1644 1132 1932 1185 conveniat
1974 1132 2347 1200 passionilms.

800 1229 1023 1294 Oportet
1056 1228 1287 1296 aliquam
1338 1227 1649 1294 excogitare
1681 1224 2038 1277 curationem.
2071 1224 2234 1293 Igitur
2256 1239 2352 1276 no-

800 1320 882 1374 bis
927 1318 1167 1388 quidem,
1215 1319 1304 1387 qui
1349 1318 1557 1384 jamdiu
1602 1316 1691 1369 hic
1741 1316 1795 1369 in
1836 1316 2080 1383 Bulgaria
2139 1330 2349 1378 sumus,

799 1411 1199 1478 barbariesjam
1228 1400 1498 1474 congruit,
1527 1416 1579 1460 et
1604 1407 2008 1461 contubernalis
2034 1412 2215 1458 nostra
2244 1414 2349 1459 est.

799 1499 881 1552 Τιι
922 1512 1053 1552 vero
1087 1514 1153 1550 ne
1181 1498 1251 1550 ita
1280 1496 1573 1559 delicieris,
1604 1503 1657 1548 et
1677 1509 1846 1563 nugas
1874 1507 2006 1561 agas
2038 1508 2161 1546 cum
2185 1493 2352 1562 probe

802 1601 853 1641 te
879 1589 1229 1642 noscentibus
1260 1587 1433 1640 ironia
1469 1592 1664 1650 utens;
1700 1586 1812 1637 heri
1855 1585 1998 1638 enim
2038 1586 2206 1639 libros
2236 1599 2353 1636 ma-

800 1680 961 1746 nibus
994 1677 1315 1747 apposuisti.
1353 1677 1509 1744 quasi
1542 1676 1637 1729 tibi
1672 1676 1851 1729 adhuc
1884 1676 2064 1730 adsint
2101 1691 2239 1729 sono
2264 1692 2355 1728 ev-

802 1779 974 1821 tremo
994 1769 1298 1836 sapientum
1325 1777 1609 1835 prmcepta.
1641 1764 1835 1819 Verum
1862 1766 2111 1821 misimus
2134 1779 2181 1821 et
2209 1767 2352 1820 hunc

799 1857 896 1911 tibi
921 1858 1289 1927 Cbrysostomi
1318 1859 1536 1911 librum.
1567 1856 1711 1911 Fons
1742 1870 1920 1911 autem
1953 1859 2231 1927 sapientiae
2260 1874 2349 1912 sa-

800 1947 1000 2015 pientia
1027 1946 1300 2002 Christus.
1338 1947 1437 2001 bet
1470 1956 1650 2002 autem
1673 1948 1761 2001 ille
1786 1949 1883 2001 tibi
1921 1950 2279 2012 intellectum,
2302 1958 2356 2003 et

800 2037 1039 2090 instruat
1068 2046 1119 2091 te
1159 2038 1211 2089 in
1250 2038 1331 2090 via
1372 2038 1492 2101 hac,
1534 2052 1639 2104 qua
1672 2038 1935 2107 gradieris
1967 2039 2039 2105 ”,
2067 2037 2271 2093 docens
2303 2047 2357 2093 te

803 2129 1089 2183 scientiam
1128 2144 1252 2182 cum
1286 2130 1621 2197 operatione.

1350 2217 1565 2271 El‘IST.
1607 2216 1819 2270 XXVII.

1034 2309 1402 2378 Clirysoberga:
1447 2307 1713 2376 Naupacti
1750 2310 2118 2377 metropolitw.

874 2395 1224 2450 Transinimus
1259 2412 1349 2463 per
1392 2399 1561 2466 ignem
1596 2408 1642 2451 et
1682 2416 1896 2467 aquam,
1924 2412 1972 2455 et
2000 2403 2232 2456 eduxisti
2265 2421 2357 2458 nos

802 2489 856 2539 in
889 2488 1286 2554 refrigerium‘,
1317 2487 1409 2557 qui
1444 2488 1628 2543 educis
1656 2490 1868 2545 vinctos
1894 2492 1945 2544 in
1979 2492 2294 2550 fortitudine
2315 2498 2356 2558 ’,

803 2587 857 2630 et
884 2579 1054 2631 vertis
1092 2579 1144 2630 in
1177 2592 1333 2632 mane
1370 2579 1618 2631 umbram
1670 2582 1881 2646 mortis,
1919 2585 2137 2639 domine
2170 2589 2360 2641 adnuo-

804 2670 930 2721 dum
957 2669 1301 2725 venerabilis.
1332 2668 1440 2723 Nisi
1459 2670 1603 2723 enim
1640 2670 1897 2726 Dominus
1912 2683 2027 2726 erat
2051 2674 2358 2739 nobiscum,

805 2755 1032 2809 forsitan
1068 2771 1208 2825 aqua
1238 2756 1616 2813 absorbuisset
1646 2774 1746 2813 nos
1775 2761 1814 2825 ⁸,
1851 2771 1905 2815 et
1934 2764 2075 2832 ignis
2100 2773 2354 2835 tanquam

805 2856 1121 2914 peceatores
1147 2847 1496 2901 incendisset.
1536 2847 1913 2906 Verumtamen
1943 2870 2049 2909 non
2087 2861 2356 2912 sustinuit

806 2937 1041 3004 amplius
1080 2936 1281 3006 virgam
1324 2946 1673 3006 peccatorum
1707 2942 1853 2996 clero
1896 2958 1994 2998 suo
2030 2945 2230 3000 inferre
2261 2966 2272 3002 :
2306 2951 2357 3002 in

809 3027 1115 3080 humilitate
1159 3034 1342 3080 nostra
1399 3044 1606 3083 memor
1653 3028 1754 3084 fuit
1799 3037 1969 3087 nostri
1995 3038 2037 3100 ⁵,
2070 3047 2123 3091 et
2156 3055 2359 3092 memor

815 3114 1088 3166 benedixit
1127 3114 1306 3175 nobis,
1345 3122 1398 3169 et
1433 3130 1634 3169 annum
1671 3118 1814 3171 hunc
1856 3121 2201 3192 benignitatis
2230 3128 2355 3181 fecit
2380 3156 2425 3216 ρ

808 3208 983 3261 nobis.
1027 3208 1221 3262 Verum
1250 3217 1305 3261 ut
1340 3225 1546 3264 mecum
1585 3213 1819 3279 gaudeas
1854 3217 2038 3281 simul,
2073 3228 2126 3272 et
2160 3221 2233 3273 illi
2263 3223 2358 3277 des

808 3298 1055 3365 gloriam.
1096 3300 1186 3368 qui
1217 3302 1330 3354 hmc
1368 3301 1564 3353 mirum
1617 3304 1668 3356 in
1716 3306 1933 3358 modum
1971 3316 2264 3375 connectit,
2298 3329 2360 3367 ac

806 3395 863 3438 tu
898 3388 1013 3455 ipse
1037 3389 1104 3440 al)
1136 3389 1361 3456 hujusce
1389 3393 1563 3444 :ctatis
1603 3393 1752 3455 viris,
1772 3406 1932 3461 atque
1955 3399 2022 3448 ab
2050 3400 2358 3466 junioribus

810 3479 1060 3531 obtiucas
1082 3480 1136 3532 iu
1170 3491 1411 3547 tempore
1451 3485 1902 3541 consolationem.
1950 3488 2123 3544 llomo
2157 3494 2299 3547 enim
2331 3511 2357 3547 τι

808 3581 919 3621 sum
947 3570 1122 3623 aetatis
1163 3571 1293 3626 viris
1356 3584 1498 3624 amat
1543 3578 1713 3642 magis
1746 3578 1991 3645 accipere
2030 3584 2359 3641 exhortatio-

808 3672 949 3721 nem,
979 3675 1141 3726 quam
1168 3676 1195 3713 a
1222 3665 1516 3718 veteribus.
1553 3665 1695 3720 Cura
1737 3668 1922 3736 igitur,
1962 3680 2019 3723 ttt
2061 3675 2218 3731 nobis
2254 3688 2364 3731 sta-

809 3748 933 3802 bilis
975 3749 1063 3802 fiat
1106 3750 1219 3802 bsvc
1285 3750 1374 3805 Dei
1427 3754 1678 3820 bonitas;
1729 3757 1781 3811 id
1829 3769 2007 3815 autem
2039 3764 2127 3817 flet
2156 3768 2198 3819 si
2242 3784 2364 3821 nos-

816 3841 1077 3909 metipsos
1101 3857 1161 3895 ea
1214 3844 1501 3901 reddamus
1540 3847 1752 3917 dignos,
1799 3855 2240 3924 quandoquidem
2275 3861 2364 3912 il'o

807 3932 900 3984 dat
922 3948 983 3986 ea
1018 3933 1316 3996 afﬂuenter,
1347 3952 1466 4003 quae
1485 3938 1740 4004 petimus,
1765 3949 1816 3995 et
1853 3958 1959 3997 non
1988 3954 2043 3998 ut
2073 3949 2363 4005 abutamur

808 4022 861 4074 in
894 4024 1424 4091 condemnationem,
1461 4029 1753 4086 inerassati
1781 4033 1833 4085 iu
1863 4035 2219 4102 relaxatione,
2253 4043 2363 4094 cal-

806 4113 1069 4168 citrautes
1099 4115 1293 4170 deinde
1327 4123 1778 4178 contumeliosam
1812 4126 2175 4191 saturitatem,
2202 4139 2363 4199 atque

806 4202 1066 4258 adversus
1146 4207 1513 4277 nosmetipsos
1582 4212 1925 4282 insurgentes
1979 4228 2032 4271 et
2094 4220 2361 4279 ludentes.

804 4292 935 4346 Novi
972 4296 1219 4362 equidem
1252 4306 1302 4351 te
1330 4314 1423 4366 per
1454 4299 1767 4357 dilectionis
1806 4305 2000 4375 legem.
2032 4325 2153 4378 quae
2195 4312 2363 4369 debes

806 4384 986 4448 nobis,
1013 4384 1277 4440 facturmn
1325 4390 1476 4444 satis.
1516 4392 1669 4455 Quod
1720 4405 1929 4462 spectat
1966 4400 2032 4452 ad
2062 4400 2359 4466 Chaonios,

2458 577 2557 647 βιῳ
2579 596 2593 610 ·
2624 578 2873 645 καθάπερ
2888 580 2916 631 ὀ
2935 578 3030 647 τῆς
3050 578 3184 648 ἡχοῦ
3204 578 3266 651 Π,
3288 578 3474 649 ἠχοῦς]
3498 582 3659 649 ἐρῶν.
3682 583 3788 635 εἴτε
3812 583 4023 654 δαίμων

2457 669 2565 721 εἴτε
2598 668 2749 731 θεόςσ
2780 668 2812 736 ἢ
2839 671 2867 721 ὁ
2888 669 3255 739 πολυλάλητος
3285 672 3369 724 ἀεὶ
3391 671 3487 739 μὲν
3513 672 3703 739 διψῶν,
3729 675 3891 726 ἀεὶδὲ
3921 677 4023 743 τὴν

2460 760 2617 811 πόσιν
2658 757 3101 826 ἐξαπατώμενος.
3133 755 3295 822 Αὖθίς
3331 778 3419 828 μοι
3448 762 3509 813 τὸ
3553 763 3647 814 τοῦ
3677 764 4023 832 Σολομῶντος

2457 848 2636 901 ἔπεισι
2688 848 2894 915 λέγειν·
2941 846 3123 901 Ebur
3173 850 3653 921 Σοφισθήσομαν
3705 856 3804 907 καὶ
3869 857 4025 923 αὕτη

2458 940 2800 1008 ἐμακρύνθη
2849 940 2950 995 ἀπ’
2991 941 3136 1009 ἐμοῦ
3186 942 3423 1009 μακρὰν
3472 945 3623 1013 ὑπὲρ
3680 946 3711 998 ὃ
3773 943 3880 1014 ἦν’
3915 950 4027 1000 Καὶ

2456 1029 2631 1097 λέγων
2660 1030 2852 1095 ταῦτα,
2898 1030 3069 1095 οὐδὲν,
3102 1031 3235 1085 ἀλλὰ
3262 1032 3325 1103 [Ῑ.
3364 1034 3512 1106 ἄλλο]
3558 1038 3675 1090 ἐστι
3721 1038 4026 1107 τραγῳδεῖν

2457 1122 2569 1182 τοῖς
2600 1124 2754 1188 ἐμοῖς
2799 1123 2975 1185 ἐοικὸς
3016 1122 3264 1177 πάθεσιν.
3307 1125 3571 1194 Ὶατρείαν
3600 1128 3654 1179 δέ
3680 1145 3802 1181 τινα
3826 1130 4027 1181 πολλοῦ

2460 1226 2525 1274 γε
2561 1209 2641 1262 δεῖ
2672 1214 3041 1280 μηχανᾶσθαι.
3085 1213 3246 1282 Ἡμῖν
3286 1216 3383 1283 μὲν
3415 1216 3508 1270 οὖν
3533 1218 3608 1281 ὡς
3644 1222 3877 1287 χρονὲοις
3904 1220 4028 1273 οὖσι

2460 1302 2517 1354 ὲν
2547 1304 2613 1370 τῇ
2643 1302 2970 1371 Βουλταρία,
3004 1304 3307 1373 ὁμότροπος
3338 1307 3435 1375 ἤδη
3467 1308 3499 1377 ἡ
3531 1310 3725 1377 ἀγροία
3749 1310 3812 1381 if.
3837 1314 4029 1380 ἀγροι-

2459 1391 2576 1463 κία]
2621 1396 2712 1447 καὶ
2765 1394 3065 1463 ὁμοέστιος.
3106 1398 3177 1449 Σὺ
3227 1398 3284 1449 δὲ
3332 1398 3406 1467 μὴ
3453 1399 3595 1452 οὕτω
3617 1401 3854 1470 Optimo-4
3891 1406 4031 1469 πρὲις

2462 1484 2591 1546 τοὺς
2623 1484 2837 1546 ἰδιώτας
2886 1486 3309 1555 εἰρωνευόμενος
3330 1505 3343 1519 ο
3372 1489 3495 1557 χθὲς
3529 1490 3639 1558 γάρ
3684 1507 3788 1544 που
3818 1494 3918 1555 τὰς
3941 1494 4031 1561 ξιι-

2459 1572 2617 1635 6λους
2645 1575 2898 1642 παρῆκας
2921 1578 3034 1627 τοῖν
3060 1580 3266 1644 χεροῖν,
3299 1577 3437 1629 ὥστε
3470 1596 3552 1631 σοι
3579 1581 3656 1631 ἐτι
3678 1584 3932 1649 παρεῖναι
3958 1583 4035 1635 τὰ

2459 1665 2568 1715 τῶν
2592 1665 2771 1731 σοφῶν
2799 1666 2964 1734 ἐνηχή
2976 1685 3141 1734 ματα.
3175 1669 3320 1737 Πλὴν
3348 1669 3483 1721 ἀλλὰ
3510 1672 3604 1723 καὶ
3625 1672 3720 1724 νῦν
3746 1689 3826 1724 σοι
3846 1674 4031 1743 βίϐλον

2461 1757 2914 1825 Χρυσοστομικὴν
2942 1758 3288 1826 ἐπέμψαμεν.
3336 1760 3401 1812 Ἠ
3428 1761 3483 1813 δὲ
3517 1760 3617 1827 τῆς
3649 1764 3840 1829 σοφίας
3876 1768 4032 1834 πηγὴ

2456 1848 2489 1915 ἡ
2535 1849 2694 1913 σοφία
2728 1849 2978 1916 Χριστος,
3014 1850 3101 1917 εἴη
3130 1867 3193 1917 γε
3229 1853 3516 1916 σμνετίζων
3548 1855 3640 1906 καὶ
3674 1856 4032 1924 συμδιεαζων

2457 1940 2514 1990 ἐν
2543 1939 2647 2006 ὀδῷ
2676 1941 2870 2010 ταύτῃ,
2996 1940 3225 2009 πορεύῃ,
3270 1944 3363 1994 καὶ
3404 1944 3669 1996 διδάσκων
3711 1946 3812 2017 τὴν
3860 1950 4031 2002 αὑτοῦ

2458 2029 2679 2097 γνῶσιν,
2714 2032 2853 2098 μετὰ
2885 2031 2979 2099 τῆς
3012 2032 3282 2101 πράξεως.

3044 2218 3263 2274 ΕΠΙΣΤ.
3306 2221 3434 2275 KZ'.

2544 2304 2626 2367 Τῷ
2652 2308 3056 2373 μητροπολίτῃ
3096 2310 3459 2364 Ναυπάκτου
3488 2313 3566 2377 τῷ
3618 2317 4029 2386 Χρυσοόέργῃ.

2531 2395 2860 2464 Διήλθυμεν
2888 2399 2987 2451 διὰ
3032 2400 3220 2465 πυρὸς
3261 2403 3358 2453 καὶ
3396 2402 3635 2467 ὕδατος.
3675 2408 3769 2457 καὶ
3808 2408 4034 2474 ἐξήγα-

2461 2506 2562 2558 γες
2600 2489 2756 2558 ἡμᾶς
2786 2494 2872 2555 εὶς
2908 2492 3255 2559 ἀναψυχὴν,
3290 2495 3317 2545 ὁ
3347 2493 3560 2560 ἐξάγων
3612 2497 4026 2566 πεπεδημένους

2461 2584 2520 2633 ἐν
2549 2582 2788 2651 ἀνδρείᾳ,
2830 2583 2920 2634 καλ⁸
2960 2585 3241 2653 ἐκτρέπων
3272 2586 3349 2646 εἰς
3381 2584 3439 2637 τὸ
3474 2586 3615 2654 πρωῒ
3671 2590 3826 2641 σκιὰν
3856 2589 4032 2642 θανά-

2461 2690 2576 2735 του,
2605 2676 2900 2741 τιμιώτατε
2925 2673 3181 2726 δέσποτα.
3212 2675 3274 2727 Εἰ
3304 2676 3376 2746 μὴ
3406 2677 3513 2743 γὰρ
3549 2675 3802 2750 Κύριοςῇ

2464 2764 2585 2831 μεθ’
2620 2766 2796 2833 ἡμῶν,
2824 2768 2931 2834 ἄρα
2960 2767 3017 2817 τὸ
3041 2766 3181 2837 ὓδωρ
3211 2768 3275 2820 ἇν
3321 2770 3708 2822 κατεπόντισεν
3738 2774 3905 2840 ἡμᾶς,
3934 2776 4032 2825 καὶ

2463 2853 2593 2920 φλὸξ
2639 2855 2968 2921 κατέφλεξεν
3020 2857 3095 2917 ὡς
3140 2857 3516 2926 ἁμαρτωλούς.
3568 2860 3707 2910 Ἀλλ’
3777 2863 3876 2914 οὐκ
3927 2865 4030 2914 ἁν-

2462 2943 2653 3009 έσχετο
2700 2942 3045 2994 ἐπιπλεῖστον
3076 2944 3182 3011 τὴν
3211 2946 3316 2996 τῶν
3346 2947 3685 3015 ἁμαρτωλῶν
3730 2951 3922 3018 ῥάϐδον
3950 2952 4032 3018 τῷ

2466 3036 2653 3103 κλήρῳ
2685 3035 2847 3088 αὑτοῦ
2880 3036 3252 3105 ἐπιφέρεσθαι.
3293 3040 3379 3092 Ἐν
3405 3044 3467 3110 τῇ
3500 3044 3822 3095 ταπεινώσει
3849 3048 4029 3113 ἡμῶν,

2464 3124 2704 3193 ἐμνήσθη
2736 3125 2891 3192 ἡμῶν
2917 3142 2928 3154 ·
2968 3126 3061 3179 καὶ
3109 3128 3367 3196 μνησθεὶς
3398 3131 3691 3201 εὐλόγησεν
3722 3134 3891 3203 ἡμᾶς,
3932 3137 4030 3188 καί

2462 3212 2552 3264 τὸν
2585 3214 2822 3265 ἐνιαυτὸν
2870 3213 3058 3268 τοῦτον
3107 3219 3469 3289 χρηστότητος
3524 3223 3839 3293 ἐποιήσατο.
3886 3215 4033 3279 Ἀλλ’

2465 3303 2612 3363 ὃπως
2653 3321 2743 3371 μοι
2792 3307 3187 3376 συνευφραίνῃς
3240 3311 3332 3361 καὶ
3379 3310 3603 3379 δοξάζῃς
3653 3313 3742 3364 τὸν
3798 3317 4029 3371 τοιαῦτα

2464 3392 2791 3459 θαυμαστῶς
2834 3395 3122 3460 πλέκοντα,
3182 3398 3275 3450 καὶ
3331 3400 3394 3468 δὴ
3444 3401 3536 3452 καὶ
3574 3404 3735 3465 αὐτὸς
3794 3404 3939 3473 ἔχοις
3972 3414 4028 3459 ἐν

2462 3485 2637 3553 καιρῷ
2684 3491 2776 3538 καὶ
2814 3485 2966 3557 [ὲκῖδ]
3012 3488 3120 3539 τῶν
3181 3490 3296 3541 καθ’
3331 3493 3478 3558 ἡμᾶς
3528 3493 3619 3544 καὶ
3670 3500 4028 3565 νεαρωτέμυν

2462 3579 2826 3647 παράκλησιν.
2859 3580 3009 3631 Φιλεῖ
3029 3583 3135 3649 γὰρ
3165 3580 3450 3649 ἄνθρωπος
3480 3585 3543 3635 ἐκ
3567 3585 3672 3635 τῶν
3710 3589 3827 3638 κατ’
3864 3591 4029 3640 αὐτὸν

2467 3669 2684 3736 μᾶλλον,
2728 3669 2760 3736 ἢ
2799 3670 2907 3721 τῶν
2938 3670 3314 3740 παλαιοτέρων
3351 3673 3763 3741 συμπείθεσῦαι.
3793 3678 4028 3747 Συνέχου

2461 3756 2515 3810 δὲ
2555 3762 2644 3810 καὶ
2691 3762 2751 3811 τὸ
2787 3760 3044 3829 σταθερὸν
3076 3764 3231 3831 ἡμῖν.
3269 3763 3467 3831 ταύτην
3521 3764 3583 3833 δὴ
3628 3767 3726 3833 τὴν
3768 3768 3857 3819 τοῦ
3890 3769 4028 3822 Θεοῦ

2464 3851 2714 3916 γενέσθαι
2744 3853 3106 3920 χρηστότητα.
3143 3853 3215 3905 Τὸ
3238 3853 3292 3904 δὲ
3329 3855 3501 3913 ἔσται,
3535 3856 3629 3906 ἐὰν
3660 3856 3843 3920 ἀξίους
3876 3862 4029 3927 ἡμᾶς

2462 3941 2655 4002 αὐτοὺς
2673 3940 3213 4012 αὐτῆςὲργαζώμεθα
3232 3958 3245 3972 ·
3264 3942 3422 3995 τοῦτο
3451 3944 3513 4012 δὴ
3540 3946 3630 3996 καὶ
3660 3946 3823 3999 αὐτοῦ
3843 3966 4027 4019 παρα-

2462 4032 2692 4094 διδόντος
2746 4034 3213 4102 ὑπερεκπερισσοῦ
3270 4027 3343 4086 ὦν
3395 4035 3713 4104 αἱτούμεθα,
3754 4040 3848 4092 καὶ
3890 4046 4027 4107 1:96;

2462 4141 2525 4191 γε
2553 4125 2611 4177 τὸ
2642 4126 2715 4193 μὴ
2742 4126 2819 4187 εἰς
2870 4126 3192 4196 κατάκρισιν
3222 4126 3393 4179 πλείω
3417 4127 3593 4197 ταύτῃ
3618 4132 4025 4202 προσχρῆσθαι,

2462 4215 2520 4265 ἐν
2586 4214 2765 4266 ἀνέσει
2830 4215 3172 4281 πεισθέντας,
3226 4213 3341 4268 εἶτα
3384 4217 3744 4281 λακτίσαντας
3794 4221 3883 4274 διὰ
3930 4224 4027 4276 τὸν

2464 4306 2719 4375 ὑϐριστὴν
2750 4306 2927 4374 κόρον,
2967 4307 3056 4358 καὶ
3108 4306 3228 4358 καθ’
3268 4307 3422 4375 ἡμῶν
3470 4308 3648 4360 αὐτῶν
3680 4311 4025 4377 ἀναστάντας

2463 4399 2557 4450 καὶ
2602 4397 2916 4458 παίζοντας.
2954 4395 3137 4449 Ταῦτα
3188 4397 3285 4465 μὲν
3333 4397 3397 4449 εὖ
3428 4396 3525 4450 οἶδ’
3555 4401 3636 4451 ὅτι
3675 4401 3763 4452 διὰ
3800 4402 3891 4454 τὸν
3921 4408 4025 4473 τῆς

806 4474 851 4523 si
892 4474 1108 4539 quando
1141 4476 1282 4529 Deus
1309 4477 1399 4529 det
1433 4480 1590 4533 nobis
1625 4482 1938 4538 discedendi
1991 4497 2226 4558 tempus,
2259 4508 2360 4545 na-
2394 4483 2435 4537 ι)
2463 4486 2480 4538 ἀ

2348 4522 2360 4535 .
2394 4483 2435 4537 ι)
2463 4486 2681 4552 ἀγάπης
2710 4486 2870 4553 νόμον
2910 4484 3139 4552 ὀφείλων
3188 4487 3318 4555 ἡμῖν
3356 4488 3747 4556 ἐκπληρώσεις.
3802 4492 3923 4542 Ἐπὶ
3966 4494 4022 4544 δὲ

804 4563 1055 4617 vabimus
1088 4580 1331 4631 operam,
1378 4578 1431 4621 ut
1459 4584 1618 4623 aures
1658 4575 2062 4648 sacerdotii‘tui
2096 4581 2146 4631 id
2184 4583 2361 4648 perci-

804 4652 975 4717 piant,
1005 4653 1049 4706 si
1082 4653 1171 4705 Dei
1213 4657 1464 4711 voluntas
1492 4668 1594 4723 est,
1622 4670 1676 4713 et
1712 4672 1843 4717 tunc
1874 4645 1972 4719 nos
2021 4645 2250 4722 invicem
2284 4671 2357 4723 vi-

803 4739 994 4794 dentes
1041 4751 1309 4804 nostrum,
1366 4748 1508 4812 quod
1571 4749 1885 4811 habuimus.
1940 4755 2078 4807 alter
2135 4756 2360 4812 alterius

802 4829 1133 4883 desiderium
1166 4836 1497 4889 curabimus.
1528 4839 1661 4890 Cum
1712 4851 1890 4893 autem
1927 4843 2129 4911 aliquid
2182 4848 2360 4902 volue-

801 4919 903 4970 rim
934 4921 996 4971 ad
1037 4930 1086 4973 te
1133 4924 1375 4975 scribere
1418 4926 1484 4978 de
1518 4926 1683 4981 fratre
1729 4939 1823 4981 tuo
1853 4929 2077 4987 domino
2112 4933 2357 4999 Nicolao,

804 5016 862 5061 ut
915 5010 1092 5077 ipsum
1154 5014 1359 5081 majore
1407 5015 1585 5071 foveas
1629 5019 2023 5087 benevolentia,
2072 5025 2230 5095 733
2278 5043 2364 5082 me

808 5101 1022 5164 puduit,
1063 5111 1247 5170 utpote
1275 5106 1364 5169 qui
1403 5105 1470 5157 de
1504 5106 1667 5161 fratre
1694 5110 1759 5161 ad
1796 5109 2011 5163 fratrem
2056 5116 2361 5183 scripturus

803 5202 973 5247 ermn,
1006 5192 1304 5255 primm-tim
1332 5210 1459 5246 vero
1492 5196 1553 5244 ad
1586 5206 1655 5262 te,
1685 5200 1775 5264 qui
1811 5199 1944 5252 bene
1972 5203 2078 5256 scis
2111 5202 2360 5272 Paulum,

805 5280 960 5345 cujus
997 5279 1249 5334 l'lcclesise
1300 5300 1488 5349 przces,
1532 5288 1795 5341 tremendi
1844 5290 1966 5344 illos
2004 5292 2197 5360 judieii
2239 5311 2362 5351 reos

810 5368 1007 5432 facere,
1048 5371 1139 5435 qui
1178 5374 1432 5439 prnprils,
1486 5385 1542 5427 ut
1580 5390 1715 5444 opus
1750 5388 1855 5444 est,
1904 5393 2206 5451 opportune
2252 5402 2359 5439 non

808 5461 1121 5514 consulunt.
1158 5462 1232 5515 Ne
1265 5480 1381 5530 qua!
1425 5467 1771 5535 antiquorum
1807 5479 1934 5524 sunt
1982 5474 2180 5538 dicant,
2228 5477 2358 5529 nihil

812 5551 1013 5604 iJcirco
1052 5553 1265 5609 locutus
1290 5569 1406 5607 smn
1449 5572 1759 5626 persuasus,
1802 5563 1945 5629 quod
1990 5562 2211 5635 propior
2238 5582 2356 5621 sus-

880 5727 927 5757 "
953 5724 1123 5781 lirt'le.
1146 5728 1344 5790 mpii.
1411 5736 1451 5762 δ’
1484 5732 1620 5786 Psal.
1648 5750 1793 5798 aut,
1826 5737 1910 5791 ‘28.

1995 5738 2151 5794 'l'sal
2195 5758 2315 5807 LM,
2348 5744 2428 5795 19..

2460 4579 2529 4629 τὰ
2556 4577 2663 4628 τῶν
2695 4579 2968 4629 Καννίνων
2994 4578 3132 4645 μέρη
3157 4579 3283 4629 ὅταν
3303 4576 3411 4646 δῴη
3438 4580 3465 4627 ὁ
3490 4579 3617 4639 θεὸς
3637 4582 3823 4646 καιρον
3851 4582 4022 4634 ἀπελ-

2462 4668 2574 4718 θεῖν
2608 4670 2776 4736 ήμᾶς,
2831 4670 2958 4728 fsto;
2995 4666 3381 4734 ὲνωθησόμεθα
3430 4671 3492 4735 τῇ
3540 4670 3775 4737 ἱερότητί
3824 4688 3939 4731 σου,
3977 4678 4024 4724 εἰ

2461 4757 2575 4809 ἔστι
2607 4758 2817 4827 θέλημα
2866 4757 3022 4820 Θεοῦ,
3058 4760 3150 4809 καὶ
3197 4758 3317 4808 τότε
3356 4758 3617 4827 ἀλλήλους
3674 4760 3891 4825 ἰδόντες,
3922 4765 4023 4827 τὴν

2459 4846 2749 4899 ὲπιποθίαν
2782 4847 2939 4914 ἡμῶν
2973 4848 3037 4915 ῆν
3075 4847 3331 4917 ἑκάτερος
3381 4850 3467 4917 ἐφ’
3497 4850 3740 4918 ἐκατέρῳ
3783 4853 4025 4919 ἐσχὴκα-

2467 4954 2585 5006 μεν,
2611 4938 3020 5008 θεραπεύσομεν
3041 4955 3056 4969 ο
3099 4940 3222 5006 περλ⁵
3251 4940 3306 4991 δε
3340 4940 3434 4992 τοῦ
3471 4941 3698 5008 ἀδελφοῦ
3728 4959 3818 4993 σου
3848 4947 4019 5011 κυροῦ

2462 5027 2728 5080 Νικολάου
2764 5028 3040 5097 βουληθείς
3082 5046 3163 5082 σοι
3188 5030 3413 5097 γράψαι,
3444 5031 3517 5092 ὡς
3540 5031 3604 5083 ἂν
3638 5032 3797 5085 αὐτὸν
3822 5036 4022 5087 οἰκειό-

2460 5134 2617 5185 τερον
2653 5118 3009 5187 περιοάλψῃς,
3045 5120 3343 5190 ᾐσχύνθην,
3368 5123 3416 5171 εἰ
3445 5120 3653 5188 ἁδελτῷ
3686 5122 3821 5189 ὑπὲρ
3864 5123 4020 5173 ἁδελ-

2462 5207 2562 5274 φοῡ
2595 5208 2801 5275 γράψαι
2839 5209 3106 5278 μέλλοιμι,
3139 5211 3232 5262 καὶ
3261 5210 3431 5261 ταῦτα
3468 5210 3557 5261 τον
3592 5209 3802 5261 Παυλον
3834 5211 4019 5268 εἰῶτι.

2459 5294 2521 5350 οὗ
2554 5299 2639 5350 ἐπ’
2673 5299 2994 5367 Ἐκκλησῐας
3035 5300 3382 5368 προΐστασαι,
3421 5297 3659 5365 φοσῐερᾶν
3693 5301 4021 5366 κατάκρισιν

2459 5392 2569 5451 τοῖς
2619 5388 2693 5457 μὴ
2745 5391 3160 5459 προνοουμένοις
3192 5389 3265 5451 ὡς
3301 5389 3380 5440 δεῖ
3413 5388 3518 5438 τῶν
3553 5388 3695 5439 ἰδίων
3722 5389 4019 5454 ἐπάγοντα.

2464 5478 2547 5529 ἵνα
2574 5479 2647 5547 μὴ
2679 5480 2743 5530 τὰ
2768 5479 2884 5529 τῶν
2910 5479 3150 5531 παλαιῶν
3174 5478 3403 5545 λέγοιμι.
3432 5478 3526 5528 Διὰ
3551 5474 3706 5527 τοῦτο
3732 5476 3828 5542 μὲν
3859 5480 4020 5528 ἀπει-

2466 5568 2673 5638 πάμην,
2722 5570 3081 5638 πεπεισμένος
3127 5568 3201 5631 ὡς
3255 5568 3545 5635 ἐγγύτερος
3593 5567 3877 5636 προσλήψῃ
3922 5570 4022 5619 αῖ.-

2508 5744 2680 5796 ’l’sul.
2714 5762 2877 5803 nm.
2906 5746 2948 5795 7.
3031 5745 3047 5774 ³
3076 5744 3211 5796 ἱ’›;ιί.
3244 5759 3425 5808 cum,
3454 5745 3504 5795 4.
3584 5755 3596 5772 ⁸
3626 5741 3765 5796 i‘sul.
3794 5757 3907 5797 ent.
3939 5741 4023 5795 Η..
