  <div class='ocr_page' id='page_1' title='image "/cluster/home/n/w/nwhite01/storage/ocr_20150623/126/nnc1.0046979859/280.png"; bbox 0 0 4240 6440; ppageno 0'>
   <div class='ocr_carea' id='block_1_1' title="bbox 212 386 325 450">
    <p class='ocr_par' dir='ltr' id='par_1_1' title="bbox 212 386 325 450">
     <span class='ocr_line' id='line_1_1' title="bbox 212 386 325 450; baseline 0.018 -2"><span class='ocrx_word' id='word_1_1' title='bbox 212 386 325 450; x_wconf 75' lang='lat'><strong>5115</strong></span> 
     </span>
    </p>
   </div>
   <div class='ocr_carea' id='block_1_2' title="bbox 1134 379 2537 443">
    <p class='ocr_par' dir='ltr' id='par_1_2' title="bbox 1134 379 2537 443">
     <span class='ocr_line' id='line_1_2' title="bbox 1134 379 2537 443; baseline -0.001 0"><span class='ocrx_word' id='word_1_2' title='bbox 1134 380 1520 443; x_wconf 60' lang='lat' dir='ltr'><strong>EPISTOLAE</strong></span> <span class='ocrx_word' id='word_1_3' title='bbox 1558 381 1767 441; x_wconf 73' lang='lat' dir='ltr'><strong>XXXV</strong></span> <span class='ocrx_word' id='word_1_4' title='bbox 1805 383 1851 438; x_wconf 81' lang='grc' dir='ltr'>Α</span> <span class='ocrx_word' id='word_1_5' title='bbox 1888 379 1943 442; x_wconf 82' lang='lat' dir='ltr'><strong>J.</strong></span> <span class='ocrx_word' id='word_1_6' title='bbox 1985 380 2224 442; x_wconf 81' lang='lat' dir='ltr'><strong>LAMIO</strong></span> <span class='ocrx_word' id='word_1_7' title='bbox 2263 382 2537 443; x_wconf 53' lang='lat' dir='ltr'><strong>EDITgE.</strong></span> 
     </span>
    </p>
   </div>
   <div class='ocr_carea' id='block_1_3' title="bbox 3351 381 3456 443">
    <p class='ocr_par' dir='ltr' id='par_1_3' title="bbox 3351 381 3456 443">
     <span class='ocr_line' id='line_1_3' title="bbox 3351 381 3456 443; baseline -0.01 0"><span class='ocrx_word' id='word_1_8' title='bbox 3351 381 3456 443; x_wconf 64' lang='grc'><strong>546</strong></span> 
     </span>
    </p>
   </div>
   <div class='ocr_carea' id='block_1_4' title="bbox 206 499 1880 571">
    <p class='ocr_par' dir='ltr' id='par_1_4' title="bbox 206 499 1858 571">
     <span class='ocr_line' id='line_1_4' title="bbox 206 499 1858 571; baseline -0.002 -19"><span class='ocrx_word' id='word_1_9' title='bbox 206 501 301 553; x_wconf 84' lang='grc' dir='ltr'><strong>τόν</strong></span> <span class='ocrx_word' id='word_1_10' title='bbox 331 518 386 552; x_wconf 89' lang='grc' dir='ltr'><strong>τε</strong></span> <span class='ocrx_word' id='word_1_11' title='bbox 428 501 519 552; x_wconf 78' lang='grc' dir='ltr'><strong>καὶ</strong></span> <span class='ocrx_word' id='word_1_12' title='bbox 571 502 747 571; x_wconf 74' lang='grc' dir='ltr'>πάσης</span> <span class='ocrx_word' id='word_1_13' title='bbox 792 499 1047 564; x_wconf 76' lang='grc' dir='ltr'>ἀξιώσεις</span> <span class='ocrx_word' id='word_1_14' title='bbox 1099 500 1454 570; x_wconf 84' lang='grc' dir='ltr'>κηδεμονίας,</span> <span class='ocrx_word' id='word_1_15' title='bbox 1491 501 1584 552; x_wconf 80' lang='grc' dir='ltr'><strong>καὶ</strong></span> <span class='ocrx_word' id='word_1_16' title='bbox 1623 500 1780 566; x_wconf 68' lang='grc' dir='ltr'>φύσει</span> <span class='ocrx_word' id='word_1_17' title='bbox 1815 501 1858 557; x_wconf 81' lang='grc' dir='ltr'><strong>Α</strong></span> 
     </span>
    </p>
   </div>
   <div class='ocr_carea' id='block_1_5' title="bbox 1781 499 3455 571">
    <p class='ocr_par' dir='ltr' id='par_1_5' title="bbox 1815 500 3455 570">
     <span class='ocr_line' id='line_1_5' title="bbox 1815 500 3455 570; baseline 0.004 -18"><span class='ocrx_word' id='word_1_18' title='bbox 1815 501 1858 557; x_wconf 82' lang='grc' dir='ltr'><strong>Α</strong></span> <span class='ocrx_word' id='word_1_19' title='bbox 1887 500 2056 567; x_wconf 86' lang='lat' dir='ltr'><strong>cipies</strong></span> <span class='ocrx_word' id='word_1_20' title='bbox 2087 516 2230 563; x_wconf 83' lang='lat' dir='ltr'><strong>ctnn,</strong></span> <span class='ocrx_word' id='word_1_21' title='bbox 2266 503 2523 570; x_wconf 89' lang='lat' dir='ltr'><strong>omnique</strong></span> <span class='ocrx_word' id='word_1_22' title='bbox 2549 515 2679 554; x_wconf 89' lang='lat' dir='ltr'><strong>cura</strong></span> <span class='ocrx_word' id='word_1_23' title='bbox 2729 501 3061 570; x_wconf 81' lang='lat' dir='ltr'><strong>dignaberis,</strong></span> <span class='ocrx_word' id='word_1_24' title='bbox 3111 502 3240 557; x_wconf 88' lang='lat' dir='ltr'><strong>dum</strong></span> <span class='ocrx_word' id='word_1_25' title='bbox 3270 514 3323 560; x_wconf 89' lang='lat' dir='ltr'><strong>et</strong></span> <span class='ocrx_word' id='word_1_26' title='bbox 3354 523 3455 561; x_wconf 88' lang='lat' dir='ltr'><strong>na-</strong></span> 
     </span>
    </p>
   </div>
   <div class='ocr_carea' id='block_1_6' title="bbox 206 588 1787 660">
    <p class='ocr_par' dir='ltr' id='par_1_6' title="bbox 206 588 1787 660">
     <span class='ocr_line' id='line_1_6' title="bbox 206 588 1787 660; baseline -0.003 -17"><span class='ocrx_word' id='word_1_27' title='bbox 206 592 307 643; x_wconf 73' lang='grc' dir='ltr'>καὶ</span> <span class='ocrx_word' id='word_1_28' title='bbox 365 591 504 660; x_wconf 85' lang='grc' dir='ltr'>λόγῳ</span> <span class='ocrx_word' id='word_1_29' title='bbox 553 592 894 660; x_wconf 83' lang='grc' dir='ltr'>νυττόμενος.</span> <span class='ocrx_word' id='word_1_30' title='bbox 967 589 1126 654; x_wconf 81' lang='grc' dir='ltr'>’Δξιῶ</span> <span class='ocrx_word' id='word_1_31' title='bbox 1175 590 1230 642; x_wconf 84' lang='grc' dir='ltr'><strong>δὲ</strong></span> <span class='ocrx_word' id='word_1_32' title='bbox 1280 590 1565 657; x_wconf 76' lang='grc' dir='ltr'><strong>τυγχάνειν</strong></span> <span class='ocrx_word' id='word_1_33' title='bbox 1612 588 1787 656; x_wconf 78' lang='grc' dir='ltr'>εὐχῶν</span> 
     </span>
    </p>
   </div>
   <div class='ocr_carea' id='block_1_7' title="bbox 208 679 1782 753">
    <p class='ocr_par' dir='ltr' id='par_1_7' title="bbox 208 679 1782 753">
     <span class='ocr_line' id='line_1_7' title="bbox 208 679 1782 753; baseline -0.003 -17"><span class='ocrx_word' id='word_1_34' title='bbox 208 686 353 752; x_wconf 69' lang='grc' dir='ltr'>προς</span> <span class='ocrx_word' id='word_1_35' title='bbox 391 687 488 747; x_wconf 67' lang='grc' dir='ltr'>τὰς</span> <span class='ocrx_word' id='word_1_36' title='bbox 536 687 777 753; x_wconf 77' lang='grc' dir='ltr'>πονηρὰς</span> <span class='ocrx_word' id='word_1_37' title='bbox 827 682 1105 753; x_wconf 80' lang='grc' dir='ltr'>συνεργῶν</span> <span class='ocrx_word' id='word_1_38' title='bbox 1151 682 1376 753; x_wconf 77' lang='grc' dir='ltr'>ἡμερῶν</span> <span class='ocrx_word' id='word_1_39' title='bbox 1406 680 1468 751; x_wconf 77' lang='grc' dir='ltr'><strong>[Ῑ.</strong></span> <span class='ocrx_word' id='word_1_40' title='bbox 1509 679 1744 750; x_wconf 80' lang='grc' dir='ltr'>ἡμέρας]</span> <span class='ocrx_word' id='word_1_41' title='bbox 1769 695 1782 709; x_wconf 76' lang='grc'><strong><em>⁸</em></strong></span> 
     </span>
    </p>
   </div>
   <div class='ocr_carea' id='block_1_8' title="bbox 209 770 1781 843">
    <p class='ocr_par' dir='ltr' id='par_1_8' title="bbox 209 770 1781 843">
     <span class='ocr_line' id='line_1_8' title="bbox 209 770 1781 843; baseline -0.003 -18"><span class='ocrx_word' id='word_1_42' title='bbox 209 776 368 841; x_wconf 78' lang='grc' dir='ltr'>μόλις</span> <span class='ocrx_word' id='word_1_43' title='bbox 406 776 509 843; x_wconf 73' lang='grc' dir='ltr'>γὰρ</span> <span class='ocrx_word' id='word_1_44' title='bbox 541 774 606 826; x_wconf 75' lang='grc' dir='ltr'><strong>ἂν</strong></span> <span class='ocrx_word' id='word_1_45' title='bbox 641 777 733 826; x_wconf 71' lang='grc' dir='ltr'>καὶ</span> <span class='ocrx_word' id='word_1_46' title='bbox 777 774 983 827; x_wconf 83' lang='grc' dir='ltr'>τούτων</span> <span class='ocrx_word' id='word_1_47' title='bbox 1025 773 1296 842; x_wconf 79' lang='grc' dir='ltr'>εὐπορῶν,</span> <span class='ocrx_word' id='word_1_48' title='bbox 1326 770 1781 840; x_wconf 82' lang='grc' dir='ltr'>δυσωπητικώτε-</span> 
     </span>
    </p>
   </div>
   <div class='ocr_carea' id='block_1_9' title="bbox 207 861 1783 934">
    <p class='ocr_par' dir='ltr' id='par_1_9' title="bbox 207 861 1783 934">
     <span class='ocr_line' id='line_1_9' title="bbox 207 861 1783 934; baseline -0.003 -17"><span class='ocrx_word' id='word_1_49' title='bbox 207 867 302 934; x_wconf 74' lang='grc' dir='ltr'><strong>ρον</strong></span> <span class='ocrx_word' id='word_1_50' title='bbox 337 884 395 917; x_wconf 88' lang='grc' dir='ltr'><strong>τε</strong></span> <span class='ocrx_word' id='word_1_51' title='bbox 431 867 523 917; x_wconf 69' lang='grc' dir='ltr'><strong>καὶ</strong></span> <span class='ocrx_word' id='word_1_52' title='bbox 561 865 883 934; x_wconf 86' lang='grc' dir='ltr'>συχνότερον</span> <span class='ocrx_word' id='word_1_53' title='bbox 915 866 1012 927; x_wconf 73' lang='grc' dir='ltr'><strong>τὰς</strong></span> <span class='ocrx_word' id='word_1_54' title='bbox 1058 865 1280 932; x_wconf 74' lang='grc' dir='ltr'>ἐνέδρας</span> <span class='ocrx_word' id='word_1_55' title='bbox 1308 863 1416 914; x_wconf 86' lang='grc' dir='ltr'><strong>τῶν</strong></span> <span class='ocrx_word' id='word_1_56' title='bbox 1446 862 1716 930; x_wconf 80' lang='grc' dir='ltr'><strong>πονηρῶν,</strong></span> <span class='ocrx_word' id='word_1_57' title='bbox 1751 861 1783 930; x_wconf 82' lang='grc' dir='ltr'>ἢ</span> 
     </span>
    </p>
   </div>
   <div class='ocr_carea' id='block_1_10' title="bbox 205 952 1784 1025">
    <p class='ocr_par' dir='ltr' id='par_1_10' title="bbox 205 952 1784 1025">
     <span class='ocr_line' id='line_1_10' title="bbox 205 952 1784 1025; baseline -0.003 -18"><span class='ocrx_word' id='word_1_58' title='bbox 205 957 301 1008; x_wconf 80' lang='grc' dir='ltr'>τοῦ</span> <span class='ocrx_word' id='word_1_59' title='bbox 357 955 602 1025; x_wconf 79' lang='grc' dir='ltr'>Πονηροῦ</span> <span class='ocrx_word' id='word_1_60' title='bbox 647 957 1042 1024; x_wconf 77' lang='grc' dir='ltr'>ὑπεκφύγοιμι.</span> <span class='ocrx_word' id='word_1_61' title='bbox 1093 956 1164 1006; x_wconf 87' lang='grc' dir='ltr'><strong>Τὸ</strong></span> <span class='ocrx_word' id='word_1_62' title='bbox 1191 955 1321 1020; x_wconf 81' lang='grc' dir='ltr'>γοῦν</span> <span class='ocrx_word' id='word_1_63' title='bbox 1360 954 1450 1004; x_wconf 73' lang='grc' dir='ltr'><strong>σὸν</strong></span> <span class='ocrx_word' id='word_1_64' title='bbox 1499 952 1681 1021; x_wconf 81' lang='grc' dir='ltr'>μέρος,</span> <span class='ocrx_word' id='word_1_65' title='bbox 1720 953 1784 1003; x_wconf 78' lang='grc' dir='ltr'><strong>σὺ</strong></span> 
     </span>
    </p>
   </div>
   <div class='ocr_carea' id='block_1_11' title="bbox 205 1045 1783 1118">
    <p class='ocr_par' dir='ltr' id='par_1_11' title="bbox 205 1045 1783 1118">
     <span class='ocr_line' id='line_1_11' title="bbox 205 1045 1783 1118; baseline -0.004 -17"><span class='ocrx_word' id='word_1_66' title='bbox 205 1050 282 1117; x_wconf 80' lang='grc' dir='ltr'>μὴ</span> <span class='ocrx_word' id='word_1_67' title='bbox 317 1051 573 1101; x_wconf 82' lang='grc' dir='ltr'>κατόκνει</span> <span class='ocrx_word' id='word_1_68' title='bbox 606 1050 806 1112; x_wconf 81' lang='grc' dir='ltr'>ταύτας</span> <span class='ocrx_word' id='word_1_69' title='bbox 837 1048 1010 1111; x_wconf 81' lang='grc' dir='ltr'>διδοὺς</span> <span class='ocrx_word' id='word_1_70' title='bbox 1041 1049 1173 1118; x_wconf 83' lang='grc' dir='ltr'>ἡμῖν</span> <span class='ocrx_word' id='word_1_71' title='bbox 1201 1047 1577 1117; x_wconf 82' lang='grc' dir='ltr'>χειραγωγοὺς</span> <span class='ocrx_word' id='word_1_72' title='bbox 1612 1045 1783 1111; x_wconf 87' lang='grc' dir='ltr'>ὁπόση</span> 
     </span>
    </p>
   </div>
   <div class='ocr_carea' id='block_1_12' title="bbox 199 1138 1709 1209">
    <p class='ocr_par' dir='ltr' id='par_1_12' title="bbox 199 1138 1709 1209">
     <span class='ocr_line' id='line_1_12' title="bbox 199 1138 1709 1209; baseline -0.001 -20"><span class='ocrx_word' id='word_1_73' title='bbox 199 1139 453 1208; x_wconf 79' lang='grc' dir='ltr'>δύναμις.</span> <span class='ocrx_word' id='word_1_74' title='bbox 485 1139 689 1209; x_wconf 77' lang='grc' dir='ltr'>Κύριος</span> <span class='ocrx_word' id='word_1_75' title='bbox 723 1141 808 1208; x_wconf 82' lang='grc' dir='ltr'>εἴη</span> <span class='ocrx_word' id='word_1_76' title='bbox 841 1140 977 1209; x_wconf 87' lang='grc' dir='ltr'><strong>μετά</strong></span> <span class='ocrx_word' id='word_1_77' title='bbox 1012 1140 1104 1192; x_wconf 75' lang='grc' dir='ltr'>σοῦ</span> <span class='ocrx_word' id='word_1_78' title='bbox 1139 1139 1228 1192; x_wconf 85' lang='grc' dir='ltr'>τοῦ</span> <span class='ocrx_word' id='word_1_79' title='bbox 1258 1138 1596 1206; x_wconf 75' lang='grc' dir='ltr'>ἐξαιρεῖσθαί</span> <span class='ocrx_word' id='word_1_80' title='bbox 1631 1153 1709 1188; x_wconf 85' lang='grc' dir='ltr'><strong>σε.</strong></span> 
     </span>
    </p>
   </div>
   <div class='ocr_carea' id='block_1_13' title="bbox 792 1320 1189 1375">
    <p class='ocr_par' dir='ltr' id='par_1_13' title="bbox 792 1320 1189 1375">
     <span class='ocr_line' id='line_1_13' title="bbox 792 1320 1189 1375; baseline -0.003 -1"><span class='ocrx_word' id='word_1_81' title='bbox 792 1321 1013 1375; x_wconf 82' lang='grc' dir='ltr'><strong>ΕΠΙΣΤ.</strong></span> <span class='ocrx_word' id='word_1_82' title='bbox 1057 1320 1189 1373; x_wconf 83' lang='lat' dir='ltr'><strong>KII&#39;.</strong></span> 
     </span>
    </p>
   </div>
   <div class='ocr_carea' id='block_1_14' title="bbox 732 1415 1248 1481">
    <p class='ocr_par' dir='ltr' id='par_1_14' title="bbox 732 1415 1248 1481">
     <span class='ocr_line' id='line_1_14' title="bbox 732 1415 1248 1481; baseline -0.002 -15"><span class='ocrx_word' id='word_1_83' title='bbox 732 1415 815 1478; x_wconf 83' lang='grc' dir='ltr'><strong>Τῷ</strong></span> <span class='ocrx_word' id='word_1_84' title='bbox 854 1417 1248 1481; x_wconf 70' lang='grc' dir='ltr'>Πελαγονίας.</span> 
     </span>
    </p>
   </div>
   <div class='ocr_carea' id='block_1_15' title="bbox 283 1502 1775 1575">
    <p class='ocr_par' dir='ltr' id='par_1_15' title="bbox 283 1502 1775 1575">
     <span class='ocr_line' id='line_1_15' title="bbox 283 1502 1775 1575; baseline -0.001 -19"><span class='ocrx_word' id='word_1_85' title='bbox 283 1503 348 1556; x_wconf 85' lang='grc' dir='ltr'>Ὀ</span> <span class='ocrx_word' id='word_1_86' title='bbox 380 1502 475 1556; x_wconf 74' lang='grc' dir='ltr'>τοῦ</span> <span class='ocrx_word' id='word_1_87' title='bbox 504 1504 640 1557; x_wconf 78' lang='grc' dir='ltr'>Θεοῦ</span> <span class='ocrx_word' id='word_1_88' title='bbox 665 1506 820 1571; x_wconf 85' lang='grc' dir='ltr'>λόγος</span> <span class='ocrx_word' id='word_1_89' title='bbox 850 1506 918 1557; x_wconf 82' lang='grc' dir='ltr'>τά</span> <span class='ocrx_word' id='word_1_90' title='bbox 957 1523 1013 1558; x_wconf 84' lang='grc' dir='ltr'><strong>τε</strong></span> <span class='ocrx_word' id='word_1_91' title='bbox 1052 1505 1188 1558; x_wconf 83' lang='grc' dir='ltr'>ἄλλα</span> <span class='ocrx_word' id='word_1_92' title='bbox 1222 1506 1367 1574; x_wconf 77' lang='grc' dir='ltr'>ἡμᾶς</span> <span class='ocrx_word' id='word_1_93' title='bbox 1413 1505 1775 1575; x_wconf 77' lang='grc' dir='ltr'><strong>εὐηργέτησε,</strong></span> 
     </span>
    </p>
   </div>
   <div class='ocr_carea' id='block_1_16' title="bbox 192 1595 1782 1665">
    <p class='ocr_par' dir='ltr' id='par_1_16' title="bbox 192 1595 1782 1665">
     <span class='ocr_line' id='line_1_16' title="bbox 192 1595 1782 1665; baseline 0.002 -20"><span class='ocrx_word' id='word_1_94' title='bbox 192 1595 495 1662; x_wconf 81' lang='grc' dir='ltr'>τιμιώτατε</span> <span class='ocrx_word' id='word_1_95' title='bbox 526 1596 720 1662; x_wconf 77' lang='grc' dir='ltr'>ἀδελφὲ</span> <span class='ocrx_word' id='word_1_96' title='bbox 751 1597 842 1648; x_wconf 70' lang='grc' dir='ltr'><strong>καὶ</strong></span> <span class='ocrx_word' id='word_1_97' title='bbox 875 1596 1273 1664; x_wconf 82' lang='grc' dir='ltr'>συλλειτουργὲ,</span> <span class='ocrx_word' id='word_1_98' title='bbox 1301 1598 1393 1648; x_wconf 69' lang='grc' dir='ltr'><strong>καὶ</strong></span> <span class='ocrx_word' id='word_1_99' title='bbox 1414 1597 1476 1665; x_wconf 85' lang='grc' dir='ltr'><strong>δὴ</strong></span> <span class='ocrx_word' id='word_1_100' title='bbox 1502 1598 1594 1649; x_wconf 73' lang='grc' dir='ltr'>καὶ</span> <span class='ocrx_word' id='word_1_101' title='bbox 1624 1597 1782 1649; x_wconf 77' lang='grc' dir='ltr'>τοῦτο</span> 
     </span>
    </p>
   </div>
   <div class='ocr_carea' id='block_1_17' title="bbox 193 1685 1780 1755">
    <p class='ocr_par' dir='ltr' id='par_1_17' title="bbox 193 1685 1780 1755">
     <span class='ocr_line' id='line_1_17' title="bbox 193 1685 1780 1755; baseline 0.003 -22"><span class='ocrx_word' id='word_1_102' title='bbox 193 1687 326 1750; x_wconf 74' lang='grc' dir='ltr'>ἡμῖν</span> <span class='ocrx_word' id='word_1_103' title='bbox 360 1686 669 1755; x_wconf 76' lang='grc' dir='ltr'>ἐχαρὲσατο,</span> <span class='ocrx_word' id='word_1_104' title='bbox 701 1689 951 1754; x_wconf 86' lang='grc' dir='ltr'>παρεῖναι</span> <span class='ocrx_word' id='word_1_105' title='bbox 984 1686 1075 1737; x_wconf 77' lang='grc' dir='ltr'>καὶ</span> <span class='ocrx_word' id='word_1_106' title='bbox 1108 1685 1233 1736; x_wconf 75' lang='grc' dir='ltr'>ἔνθα</span> <span class='ocrx_word' id='word_1_107' title='bbox 1254 1687 1327 1755; x_wconf 83' lang='grc' dir='ltr'>μὴ</span> <span class='ocrx_word' id='word_1_108' title='bbox 1352 1686 1658 1754; x_wconf 74' lang='grc' dir='ltr'>πάρεσμεν,</span> <span class='ocrx_word' id='word_1_109' title='bbox 1687 1687 1780 1738; x_wconf 78' lang='grc' dir='ltr'><strong>καὶ</strong></span> 
     </span>
    </p>
   </div>
   <div class='ocr_carea' id='block_1_18' title="bbox 188 1774 1777 1845">
    <p class='ocr_par' dir='ltr' id='par_1_18' title="bbox 188 1774 1777 1845">
     <span class='ocr_line' id='line_1_18' title="bbox 188 1774 1777 1845; baseline 0.001 -21"><span class='ocrx_word' id='word_1_110' title='bbox 188 1774 343 1843; x_wconf 78' lang='grc' dir='ltr'>τόπῳ</span> <span class='ocrx_word' id='word_1_111' title='bbox 372 1775 744 1844; x_wconf 84' lang='grc' dir='ltr'>περίγραπτον</span> <span class='ocrx_word' id='word_1_112' title='bbox 765 1776 924 1842; x_wconf 78' lang='grc' dir='ltr'>φύσιν</span> <span class='ocrx_word' id='word_1_113' title='bbox 947 1776 1223 1843; x_wconf 73' lang='grc' dir='ltr'><strong>λαχόντας,</strong></span> <span class='ocrx_word' id='word_1_114' title='bbox 1245 1777 1369 1828; x_wconf 83' lang='grc' dir='ltr'>ὅσον</span> <span class='ocrx_word' id='word_1_115' title='bbox 1396 1792 1458 1836; x_wconf 86' lang='grc' dir='ltr'><strong>γε</strong></span> <span class='ocrx_word' id='word_1_116' title='bbox 1491 1777 1549 1828; x_wconf 78' lang='grc' dir='ltr'>τὸ</span> <span class='ocrx_word' id='word_1_117' title='bbox 1565 1775 1777 1845; x_wconf 79' lang='grc' dir='ltr'>ὁρώμε-</span> 
     </span>
    </p>
   </div>
   <div class='ocr_carea' id='block_1_19' title="bbox 193 1863 1780 1936">
    <p class='ocr_par' dir='ltr' id='par_1_19' title="bbox 193 1863 1780 1936">
     <span class='ocr_line' id='line_1_19' title="bbox 193 1863 1780 1936; baseline 0.001 -22"><span class='ocrx_word' id='word_1_118' title='bbox 193 1884 303 1925; x_wconf 89' lang='grc' dir='ltr'>νον,</span> <span class='ocrx_word' id='word_1_119' title='bbox 337 1868 443 1917; x_wconf 85' lang='grc' dir='ltr'><strong>ἀπε</strong></span> <span class='ocrx_word' id='word_1_120' title='bbox 457 1867 784 1936; x_wconf 76' lang='grc' dir='ltr'>ριγράπτους</span> <span class='ocrx_word' id='word_1_121' title='bbox 807 1863 940 1918; x_wconf 75' lang='grc' dir='ltr'>εἶναι</span> <span class='ocrx_word' id='word_1_122' title='bbox 967 1866 1148 1934; x_wconf 79' lang='grc' dir='ltr'>σχεδὸν</span> <span class='ocrx_word' id='word_1_123' title='bbox 1167 1870 1230 1934; x_wconf 81' lang='grc' dir='ltr'>τῇ</span> <span class='ocrx_word' id='word_1_124' title='bbox 1249 1866 1470 1935; x_wconf 82' lang='grc' dir='ltr'>δυνάμει</span> <span class='ocrx_word' id='word_1_125' title='bbox 1492 1869 1589 1934; x_wconf 82' lang='grc' dir='ltr'><strong>τῆς</strong></span> <span class='ocrx_word' id='word_1_126' title='bbox 1621 1868 1780 1936; x_wconf 82' lang='grc' dir='ltr'>χάρι-</span> 
     </span>
    </p>
   </div>
   <div class='ocr_carea' id='block_1_20' title="bbox 190 1942 1777 2028">
    <p class='ocr_par' dir='ltr' id='par_1_20' title="bbox 190 1942 1777 2028">
     <span class='ocr_line' id='line_1_20' title="bbox 190 1942 1777 2028; baseline 0.001 -21"><span class='ocrx_word' id='word_1_127' title='bbox 190 1975 278 2016; x_wconf 84' lang='grc' dir='ltr'><strong>τος</strong></span> <span class='ocrx_word' id='word_1_128' title='bbox 339 1958 543 2025; x_wconf 70' lang='grc' dir='ltr'>ταύτης</span> <span class='ocrx_word' id='word_1_129' title='bbox 567 1974 579 1986; x_wconf 92' lang='grc'><strong>·</strong></span> <span class='ocrx_word' id='word_1_130' title='bbox 611 1961 703 2010; x_wconf 82' lang='grc' dir='ltr'><strong>καὶ</strong></span> <span class='ocrx_word' id='word_1_131' title='bbox 726 1960 753 2008; x_wconf 84' lang='grc' dir='ltr'>ὁ</span> <span class='ocrx_word' id='word_1_132' title='bbox 769 1962 825 2012; x_wconf 80' lang='grc' dir='ltr'>ὲν</span> <span class='ocrx_word' id='word_1_133' title='bbox 847 1959 980 2026; x_wconf 81' lang='grc' dir='ltr'><strong>Αἱγύ</strong></span> <span class='ocrx_word' id='word_1_134' title='bbox 995 1976 1106 2027; x_wconf 87' lang='grc' dir='ltr'>πτῳ</span> <span class='ocrx_word' id='word_1_135' title='bbox 1121 1958 1318 2027; x_wconf 85' lang='grc' dir='ltr'>τυχὼν,</span> <span class='ocrx_word' id='word_1_136' title='bbox 1338 1942 1619 2028; x_wconf 21' lang='grc' dir='ltr'><strong>ὲνΙΣκυθῖᾳ</strong></span> <span class='ocrx_word' id='word_1_137' title='bbox 1644 1960 1777 2023; x_wconf 70' lang='grc' dir='ltr'>ἐστὶ,</span> 
     </span>
    </p>
   </div>
   <div class='ocr_carea' id='block_1_21' title="bbox 195 2047 1781 2118">
    <p class='ocr_par' dir='ltr' id='par_1_21' title="bbox 195 2047 1781 2118">
     <span class='ocr_line' id='line_1_21' title="bbox 195 2047 1781 2118; baseline 0.003 -22"><span class='ocrx_word' id='word_1_138' title='bbox 195 2047 329 2115; x_wconf 80' lang='grc' dir='ltr'>μήτε</span> <span class='ocrx_word' id='word_1_139' title='bbox 358 2048 461 2113; x_wconf 74' lang='grc' dir='ltr'>τῆς</span> <span class='ocrx_word' id='word_1_140' title='bbox 487 2048 740 2117; x_wconf 84' lang='grc' dir='ltr'>πατρίδος</span> <span class='ocrx_word' id='word_1_141' title='bbox 768 2049 1152 2116; x_wconf 75' lang='grc' dir='ltr'><strong>ἀφιστάμενος,</strong></span> <span class='ocrx_word' id='word_1_142' title='bbox 1187 2049 1279 2102; x_wconf 68' lang='grc' dir='ltr'><strong>καὶ</strong></span> <span class='ocrx_word' id='word_1_143' title='bbox 1303 2052 1367 2118; x_wconf 83' lang='grc' dir='ltr'>τῇ</span> <span class='ocrx_word' id='word_1_144' title='bbox 1385 2049 1642 2118; x_wconf 76' lang='grc' dir='ltr'><strong>ἀλλοτρίᾳ</strong></span> <span class='ocrx_word' id='word_1_145' title='bbox 1660 2067 1781 2100; x_wconf 84' lang='grc' dir='ltr'>και-</span> 
     </span>
    </p>
   </div>
   <div class='ocr_carea' id='block_1_22' title="bbox 187 2139 1779 2219">
    <p class='ocr_par' dir='ltr' id='par_1_22' title="bbox 187 2139 1779 2219">
     <span class='ocr_line' id='line_1_22' title="bbox 187 2139 1779 2219; baseline 0.01 -33"><span class='ocrx_word' id='word_1_146' title='bbox 187 2153 356 2206; x_wconf 90' lang='grc' dir='ltr'>νοπρε</span> <span class='ocrx_word' id='word_1_147' title='bbox 371 2139 484 2200; x_wconf 81' lang='grc' dir='ltr'><strong>πῶς</strong></span> <span class='ocrx_word' id='word_1_148' title='bbox 510 2141 889 2210; x_wconf 73' lang='grc' dir='ltr'>ἐφιστάμενος,</span> <span class='ocrx_word' id='word_1_149' title='bbox 916 2148 1009 2199; x_wconf 73' lang='grc' dir='ltr'><strong>καὶ</strong></span> <span class='ocrx_word' id='word_1_150' title='bbox 1033 2148 1234 2217; x_wconf 82' lang='grc' dir='ltr'>ταύτην</span> <span class='ocrx_word' id='word_1_151' title='bbox 1265 2151 1657 2218; x_wconf 78' lang='grc' dir='ltr'><strong>τερατουργίαν</strong></span> <span class='ocrx_word' id='word_1_152' title='bbox 1688 2149 1779 2219; x_wconf 83' lang='grc' dir='ltr'>δη-</span> 
     </span>
    </p>
   </div>
   <div class='ocr_carea' id='block_1_23' title="bbox 196 2231 1776 2308">
    <p class='ocr_par' dir='ltr' id='par_1_23' title="bbox 196 2231 1776 2308">
     <span class='ocr_line' id='line_1_23' title="bbox 196 2231 1776 2308; baseline 0.007 -29"><span class='ocrx_word' id='word_1_153' title='bbox 196 2246 316 2296; x_wconf 87' lang='grc' dir='ltr'>μιου</span> <span class='ocrx_word' id='word_1_154' title='bbox 327 2231 461 2298; x_wconf 78' lang='grc' dir='ltr'>ργοῦ</span> <span class='ocrx_word' id='word_1_155' title='bbox 471 2248 520 2282; x_wconf 90' lang='grc' dir='ltr'><strong>σι</strong></span> <span class='ocrx_word' id='word_1_156' title='bbox 540 2232 602 2284; x_wconf 84' lang='grc' dir='ltr'><strong>τά</strong></span> <span class='ocrx_word' id='word_1_157' title='bbox 619 2233 933 2304; x_wconf 84' lang='grc' dir='ltr'>γράμματα.</span> <span class='ocrx_word' id='word_1_158' title='bbox 946 2239 1153 2291; x_wconf 78' lang='grc' dir='ltr'>Οὐκοῦν</span> <span class='ocrx_word' id='word_1_159' title='bbox 1169 2240 1320 2308; x_wconf 80' lang='grc' dir='ltr'>κάγώ</span> <span class='ocrx_word' id='word_1_160' title='bbox 1334 2259 1411 2292; x_wconf 92' lang='grc' dir='ltr'><strong>τοι</strong></span> <span class='ocrx_word' id='word_1_161' title='bbox 1427 2240 1587 2293; x_wconf 78' lang='grc' dir='ltr'>τανῦν</span> <span class='ocrx_word' id='word_1_162' title='bbox 1601 2240 1776 2306; x_wconf 84' lang='grc' dir='ltr'>ἀπὼν,</span> 
     </span>
    </p>
   </div>
   <div class='ocr_carea' id='block_1_24' title="bbox 193 2320 1776 2403">
    <p class='ocr_par' dir='ltr' id='par_1_24' title="bbox 193 2320 1776 2403">
     <span class='ocr_line' id='line_1_24' title="bbox 193 2320 1776 2403; baseline 0.009 -35"><span class='ocrx_word' id='word_1_163' title='bbox 193 2320 428 2387; x_wconf 81' lang='grc' dir='ltr'>πάρειμι</span> <span class='ocrx_word' id='word_1_164' title='bbox 446 2321 532 2373; x_wconf 77' lang='grc' dir='ltr'>διά</span> <span class='ocrx_word' id='word_1_165' title='bbox 549 2322 640 2374; x_wconf 73' lang='grc' dir='ltr'>τοῦ</span> <span class='ocrx_word' id='word_1_166' title='bbox 658 2325 762 2376; x_wconf 86' lang='grc' dir='ltr'><strong>τῶν</strong></span> <span class='ocrx_word' id='word_1_167' title='bbox 776 2330 1116 2397; x_wconf 78' lang='grc' dir='ltr'>γραμμάτων</span> <span class='ocrx_word' id='word_1_168' title='bbox 1131 2331 1598 2400; x_wconf 80' lang='grc' dir='ltr'>σώματος,ἀδελφὲ</span> <span class='ocrx_word' id='word_1_169' title='bbox 1619 2331 1776 2403; x_wconf 81' lang='grc' dir='ltr'>ἱερώ-</span> 
     </span>
    </p>
   </div>
   <div class='ocr_carea' id='block_1_25' title="bbox 188 2413 1777 2492">
    <p class='ocr_par' dir='ltr' id='par_1_25' title="bbox 188 2413 1777 2492">
     <span class='ocr_line' id='line_1_25' title="bbox 188 2413 1777 2492; baseline 0.011 -36"><span class='ocrx_word' id='word_1_170' title='bbox 188 2425 336 2470; x_wconf 84' lang='grc' dir='ltr'>τατε,</span> <span class='ocrx_word' id='word_1_171' title='bbox 366 2413 460 2464; x_wconf 76' lang='grc' dir='ltr'><strong>καὶ</strong></span> <span class='ocrx_word' id='word_1_172' title='bbox 479 2413 808 2482; x_wconf 69' lang='grc' dir='ltr'>φθέγγομαι,</span> <span class='ocrx_word' id='word_1_173' title='bbox 831 2419 924 2470; x_wconf 74' lang='grc' dir='ltr'><strong>καὶ</strong></span> <span class='ocrx_word' id='word_1_174' title='bbox 945 2419 1280 2489; x_wconf 77' lang='grc' dir='ltr'>ἀσπάζομαι,</span> <span class='ocrx_word' id='word_1_175' title='bbox 1303 2422 1547 2492; x_wconf 72' lang='grc' dir='ltr'>καὶπρὸς</span> <span class='ocrx_word' id='word_1_176' title='bbox 1570 2422 1629 2473; x_wconf 73' lang='grc' dir='ltr'><strong>τὸ</strong></span> <span class='ocrx_word' id='word_1_177' title='bbox 1646 2424 1777 2491; x_wconf 79' lang='grc' dir='ltr'>ἡμῖν</span> 
     </span>
    </p>
   </div>
   <div class='ocr_carea' id='block_1_26' title="bbox 192 2502 1774 2584">
    <p class='ocr_par' dir='ltr' id='par_1_26' title="bbox 192 2502 1774 2584">
     <span class='ocr_line' id='line_1_26' title="bbox 192 2502 1774 2584; baseline 0.009 -33"><span class='ocrx_word' id='word_1_178' title='bbox 192 2502 397 2570; x_wconf 77' lang='grc' dir='ltr'>ἀνῆκον</span> <span class='ocrx_word' id='word_1_179' title='bbox 426 2503 588 2572; x_wconf 71' lang='grc' dir='ltr'>ἔργον</span> <span class='ocrx_word' id='word_1_180' title='bbox 622 2509 948 2574; x_wconf 84' lang='grc' dir='ltr'>παρακαλῶ.</span> <span class='ocrx_word' id='word_1_181' title='bbox 985 2512 1056 2563; x_wconf 84' lang='grc' dir='ltr'><strong>Τὸ</strong></span> <span class='ocrx_word' id='word_1_182' title='bbox 1086 2512 1140 2565; x_wconf 82' lang='grc' dir='ltr'>δέ</span> <span class='ocrx_word' id='word_1_183' title='bbox 1183 2516 1301 2566; x_wconf 75' lang='grc' dir='ltr'>ἐστι</span> <span class='ocrx_word' id='word_1_184' title='bbox 1332 2515 1511 2582; x_wconf 86' lang='grc' dir='ltr'>λόγος,</span> <span class='ocrx_word' id='word_1_185' title='bbox 1555 2517 1651 2569; x_wconf 81' lang='grc' dir='ltr'>καὶ</span> <span class='ocrx_word' id='word_1_186' title='bbox 1679 2533 1774 2584; x_wconf 89' lang='grc' dir='ltr'>με-</span> 
     </span>
    </p>
   </div>
   <div class='ocr_carea' id='block_1_27' title="bbox 191 2591 1773 2674">
    <p class='ocr_par' dir='ltr' id='par_1_27' title="bbox 191 2591 1773 2674">
     <span class='ocr_line' id='line_1_27' title="bbox 191 2591 1773 2674; baseline 0.008 -32"><span class='ocrx_word' id='word_1_187' title='bbox 191 2591 318 2660; x_wconf 85' lang='grc' dir='ltr'>λέτη</span> <span class='ocrx_word' id='word_1_188' title='bbox 353 2594 518 2646; x_wconf 81' lang='grc' dir='ltr'>θείων</span> <span class='ocrx_word' id='word_1_189' title='bbox 558 2597 788 2648; x_wconf 77' lang='grc' dir='ltr'>ἐντολῶν</span> <span class='ocrx_word' id='word_1_190' title='bbox 831 2600 921 2650; x_wconf 83' lang='grc' dir='ltr'>καὶ</span> <span class='ocrx_word' id='word_1_191' title='bbox 948 2601 1218 2670; x_wconf 73' lang='grc' dir='ltr'>ἱστοριῶν,</span> <span class='ocrx_word' id='word_1_192' title='bbox 1247 2603 1307 2666; x_wconf 77' lang='grc' dir='ltr'>ἐξ</span> <span class='ocrx_word' id='word_1_193' title='bbox 1345 2600 1411 2674; x_wconf 85' lang='grc' dir='ltr'>ἦς</span> <span class='ocrx_word' id='word_1_194' title='bbox 1442 2604 1502 2655; x_wconf 89' lang='grc' dir='ltr'><strong>τὸ</strong></span> <span class='ocrx_word' id='word_1_195' title='bbox 1535 2604 1646 2673; x_wconf 82' lang='grc' dir='ltr'><strong>πὺρ</strong></span> <span class='ocrx_word' id='word_1_196' title='bbox 1678 2603 1773 2656; x_wconf 84' lang='grc' dir='ltr'><strong>τοῦ</strong></span> 
     </span>
    </p>
   </div>
   <div class='ocr_carea' id='block_1_28' title="bbox 195 2685 1773 2764">
    <p class='ocr_par' dir='ltr' id='par_1_28' title="bbox 195 2685 1773 2764">
     <span class='ocr_line' id='line_1_28' title="bbox 195 2685 1773 2764; baseline 0.01 -32"><span class='ocrx_word' id='word_1_197' title='bbox 195 2685 328 2750; x_wconf 77' lang='grc' dir='ltr'>πρὸς</span> <span class='ocrx_word' id='word_1_198' title='bbox 371 2687 474 2753; x_wconf 73' lang='grc' dir='ltr'>τὴν</span> <span class='ocrx_word' id='word_1_199' title='bbox 504 2687 705 2756; x_wconf 71' lang='grc' dir='ltr'>ἀρετὴν</span> <span class='ocrx_word' id='word_1_200' title='bbox 736 2690 1020 2742; x_wconf 78' lang='grc' dir='ltr'>ἐκκαίεται</span> <span class='ocrx_word' id='word_1_201' title='bbox 1054 2693 1275 2760; x_wconf 72' lang='grc' dir='ltr'>ἔρωτος,</span> <span class='ocrx_word' id='word_1_202' title='bbox 1310 2695 1468 2764; x_wconf 79' lang='grc' dir='ltr'>εἴπερ</span> <span class='ocrx_word' id='word_1_203' title='bbox 1493 2694 1773 2759; x_wconf 84' lang='grc' dir='ltr'>ἀξιόλογος</span> 
     </span>
    </p>
   </div>
   <div class='ocr_carea' id='block_1_29' title="bbox 190 2773 1768 2848">
    <p class='ocr_par' dir='ltr' id='par_1_29' title="bbox 190 2773 1768 2848">
     <span class='ocr_line' id='line_1_29' title="bbox 190 2773 1768 2848; baseline 0.006 -26"><span class='ocrx_word' id='word_1_204' title='bbox 190 2787 219 2822; x_wconf 85' lang='grc' dir='ltr'><strong>τ</strong></span> <span class='ocrx_word' id='word_1_205' title='bbox 255 2789 378 2823; x_wconf 58' lang='lat' dir='ltr'><strong>uta-4</strong></span> <span class='ocrx_word' id='word_1_206' title='bbox 405 2773 612 2840; x_wconf 76' lang='grc' dir='ltr'>μάρτυς</span> <span class='ocrx_word' id='word_1_207' title='bbox 649 2776 834 2835; x_wconf 74' lang='grc' dir='ltr'>Δαόιδ,</span> <span class='ocrx_word' id='word_1_208' title='bbox 875 2777 976 2828; x_wconf 83' lang='lat' dir='ltr'><strong>‘Er</strong></span> <span class='ocrx_word' id='word_1_209' title='bbox 1006 2776 1077 2845; x_wconf 76' lang='grc' dir='ltr'>τῇ</span> <span class='ocrx_word' id='word_1_210' title='bbox 1101 2779 1324 2847; x_wconf 76' lang='grc' dir='ltr'>μελέτῃ</span> <span class='ocrx_word' id='word_1_211' title='bbox 1340 2797 1481 2848; x_wconf 80' lang='grc' dir='ltr'>μου,</span> <span class='ocrx_word' id='word_1_212' title='bbox 1518 2781 1768 2848; x_wconf 79' lang='grc' dir='ltr'>φάσκων,</span> 
     </span>
    </p>
   </div>
   <div class='ocr_carea' id='block_1_30' title="bbox 189 2861 1767 2939">
    <p class='ocr_par' dir='ltr' id='par_1_30' title="bbox 189 2861 1767 2939">
     <span class='ocr_line' id='line_1_30' title="bbox 189 2861 1767 2939; baseline 0.007 -28"><span class='ocrx_word' id='word_1_213' title='bbox 189 2861 632 2929; x_wconf 73' lang='grc' dir='ltr'><strong>ἐκκαυθήσεται</strong></span> <span class='ocrx_word' id='word_1_214' title='bbox 687 2866 823 2933; x_wconf 77' lang='grc' dir='ltr'>πῦρ.</span> <span class='ocrx_word' id='word_1_215' title='bbox 873 2869 1043 2920; x_wconf 71' lang='grc' dir='ltr'>Τοῦτο</span> <span class='ocrx_word' id='word_1_216' title='bbox 1102 2871 1158 2921; x_wconf 75' lang='grc' dir='ltr'><strong>το</strong></span> <span class='ocrx_word' id='word_1_217' title='bbox 1209 2870 1339 2938; x_wconf 81' lang='grc' dir='ltr'>πῦρ,</span> <span class='ocrx_word' id='word_1_218' title='bbox 1393 2872 1576 2923; x_wconf 71' lang='grc' dir='ltr'>πᾶσαν</span> <span class='ocrx_word' id='word_1_219' title='bbox 1633 2869 1767 2939; x_wconf 84' lang='grc' dir='ltr'>ὓλην</span> 
     </span>
    </p>
   </div>
   <div class='ocr_carea' id='block_1_31' title="bbox 193 2955 1764 3034">
    <p class='ocr_par' dir='ltr' id='par_1_31' title="bbox 193 2955 1764 3034">
     <span class='ocr_line' id='line_1_31' title="bbox 193 2955 1764 3034; baseline 0.008 -28"><span class='ocrx_word' id='word_1_220' title='bbox 193 2955 402 3028; x_wconf 80' lang='grc' dir='ltr'>ξυλώδη</span> <span class='ocrx_word' id='word_1_221' title='bbox 435 2960 528 3010; x_wconf 75' lang='grc' dir='ltr'>καὶ</span> <span class='ocrx_word' id='word_1_222' title='bbox 563 2962 891 3032; x_wconf 58' lang='grc' dir='ltr'>φρυγαμὼδη</span> <span class='ocrx_word' id='word_1_223' title='bbox 929 2966 1429 3034; x_wconf 79' lang='grc' dir='ltr'>καταὸοσκὸμενον,</span> <span class='ocrx_word' id='word_1_224' title='bbox 1465 2967 1586 3019; x_wconf 82' lang='grc' dir='ltr'>ὅσον</span> <span class='ocrx_word' id='word_1_225' title='bbox 1618 2967 1764 3018; x_wconf 78' lang='grc' dir='ltr'>ἐστιν</span> 
     </span>
    </p>
   </div>
   <div class='ocr_carea' id='block_1_32' title="bbox 192 3050 1767 3126">
    <p class='ocr_par' dir='ltr' id='par_1_32' title="bbox 192 3050 1767 3126">
     <span class='ocr_line' id='line_1_32' title="bbox 192 3050 1767 3126; baseline 0.007 -28"><span class='ocrx_word' id='word_1_226' title='bbox 192 3050 248 3099; x_wconf 67' lang='grc' dir='ltr'>ἐν</span> <span class='ocrx_word' id='word_1_227' title='bbox 287 3051 369 3099; x_wconf 77' lang='grc' dir='ltr'><strong>σοὶ</strong></span> <span class='ocrx_word' id='word_1_228' title='bbox 407 3053 720 3117; x_wconf 72' lang='grc' dir='ltr'>χρυσοειδὲς</span> <span class='ocrx_word' id='word_1_229' title='bbox 752 3057 843 3106; x_wconf 82' lang='grc' dir='ltr'>καὶ</span> <span class='ocrx_word' id='word_1_230' title='bbox 876 3057 1018 3107; x_wconf 88' lang='grc' dir='ltr'>θεῖον</span> <span class='ocrx_word' id='word_1_231' title='bbox 1049 3057 1314 3126; x_wconf 82' lang='grc' dir='ltr'>(τοιοῦτον</span> <span class='ocrx_word' id='word_1_232' title='bbox 1346 3058 1401 3109; x_wconf 83' lang='grc' dir='ltr'><strong>δὲ</strong></span> <span class='ocrx_word' id='word_1_233' title='bbox 1438 3060 1653 3118; x_wconf 79' lang='grc' dir='ltr'>πάντως</span> <span class='ocrx_word' id='word_1_234' title='bbox 1676 3059 1767 3109; x_wconf 76' lang='grc' dir='ltr'>τὸν</span> 
     </span>
    </p>
   </div>
   <div class='ocr_carea' id='block_1_33' title="bbox 191 3136 1834 3222">
    <p class='ocr_par' dir='ltr' id='par_1_33' title="bbox 191 3136 1834 3222">
     <span class='ocr_line' id='line_1_33' title="bbox 191 3136 1834 3222; baseline 0.008 -35"><span class='ocrx_word' id='word_1_235' title='bbox 191 3138 312 3189; x_wconf 72' lang='grc' dir='ltr'>νοῦν</span> <span class='ocrx_word' id='word_1_236' title='bbox 359 3136 502 3191; x_wconf 81' lang='grc' dir='ltr'>εἶναι</span> <span class='ocrx_word' id='word_1_237' title='bbox 552 3144 929 3215; x_wconf 80' lang='grc' dir='ltr'>πιστεύομεν),</span> <span class='ocrx_word' id='word_1_238' title='bbox 975 3148 1303 3217; x_wconf 85' lang='grc' dir='ltr'>λαμπρυνεῖ,</span> <span class='ocrx_word' id='word_1_239' title='bbox 1351 3150 1445 3199; x_wconf 81' lang='grc' dir='ltr'>καὶ</span> <span class='ocrx_word' id='word_1_240' title='bbox 1490 3149 1762 3219; x_wconf 83' lang='grc' dir='ltr'>καθαριεῖ,</span> <span class='ocrx_word' id='word_1_241' title='bbox 1793 3166 1834 3222; x_wconf 78' lang='lat' dir='ltr'>c</span> 
     </span>
    </p>
   </div>
   <div class='ocr_carea' id='block_1_34' title="bbox 191 3233 1763 3306">
    <p class='ocr_par' dir='ltr' id='par_1_34' title="bbox 191 3233 1763 3306">
     <span class='ocr_line' id='line_1_34' title="bbox 191 3233 1763 3306; baseline 0.005 -25"><span class='ocrx_word' id='word_1_242' title='bbox 191 3233 279 3281; x_wconf 70' lang='grc' dir='ltr'><strong>καὶ</strong></span> <span class='ocrx_word' id='word_1_243' title='bbox 321 3233 502 3301; x_wconf 74' lang='grc' dir='ltr'>πάσης</span> <span class='ocrx_word' id='word_1_244' title='bbox 536 3235 892 3302; x_wconf 75' lang='grc' dir='ltr'>μολιϐδώδους</span> <span class='ocrx_word' id='word_1_245' title='bbox 923 3239 1200 3306; x_wconf 76' lang='grc' dir='ltr'>ἐπιμιξίας</span> <span class='ocrx_word' id='word_1_246' title='bbox 1233 3238 1504 3301; x_wconf 73' lang='grc' dir='ltr'>ἀποδ-ίξει</span> <span class='ocrx_word' id='word_1_247' title='bbox 1549 3237 1763 3289; x_wconf 76' lang='grc' dir='ltr'>ἐλεύθε-</span> 
     </span>
    </p>
   </div>
   <div class='ocr_carea' id='block_1_35' title="bbox 191 3323 1764 3397">
    <p class='ocr_par' dir='ltr' id='par_1_35' title="bbox 191 3323 1764 3397">
     <span class='ocr_line' id='line_1_35' title="bbox 191 3323 1764 3397; baseline 0.006 -27"><span class='ocrx_word' id='word_1_248' title='bbox 191 3337 301 3385; x_wconf 82' lang='grc' dir='ltr'>ρον.</span> <span class='ocrx_word' id='word_1_249' title='bbox 333 3323 473 3390; x_wconf 72' lang='grc' dir='ltr'>Οὐχὶ</span> <span class='ocrx_word' id='word_1_250' title='bbox 513 3325 544 3391; x_wconf 83' lang='grc' dir='ltr'><strong>ἡ</strong></span> <span class='ocrx_word' id='word_1_251' title='bbox 590 3325 804 3392; x_wconf 80' lang='grc' dir='ltr'>καρδία,</span> <span class='ocrx_word' id='word_1_252' title='bbox 842 3329 1028 3396; x_wconf 72' lang='grc' dir='ltr'>φησιν,</span> <span class='ocrx_word' id='word_1_253' title='bbox 1071 3329 1229 3396; x_wconf 81' lang='grc' dir='ltr'>ἡμῶν</span> <span class='ocrx_word' id='word_1_254' title='bbox 1273 3325 1339 3397; x_wconf 79' lang='grc' dir='ltr'>ἦν</span> <span class='ocrx_word' id='word_1_255' title='bbox 1385 3330 1648 3397; x_wconf 81' lang='grc' dir='ltr'>καιομένη</span> <span class='ocrx_word' id='word_1_256' title='bbox 1709 3330 1764 3380; x_wconf 78' lang='grc' dir='ltr'>ἐν</span> 
     </span>
    </p>
   </div>
   <div class='ocr_carea' id='block_1_36' title="bbox 192 3411 1760 3488">
    <p class='ocr_par' dir='ltr' id='par_1_36' title="bbox 192 3411 1760 3488">
     <span class='ocr_line' id='line_1_36' title="bbox 192 3411 1760 3488; baseline 0.008 -29"><span class='ocrx_word' id='word_1_257' title='bbox 192 3413 345 3476; x_wconf 82' lang='grc' dir='ltr'>ἡμῖν,</span> <span class='ocrx_word' id='word_1_258' title='bbox 394 3411 471 3474; x_wconf 79' lang='grc' dir='ltr'>ὡς</span> <span class='ocrx_word' id='word_1_259' title='bbox 514 3413 690 3470; x_wconf 82' lang='grc' dir='ltr'>ὲλάλει</span> <span class='ocrx_word' id='word_1_260' title='bbox 729 3418 860 3484; x_wconf 76' lang='grc' dir='ltr'>ἡμῖν</span> <span class='ocrx_word' id='word_1_261' title='bbox 910 3418 965 3468; x_wconf 80' lang='grc' dir='ltr'>ὲν</span> <span class='ocrx_word' id='word_1_262' title='bbox 1013 3421 1077 3487; x_wconf 83' lang='grc' dir='ltr'>τῇ</span> <span class='ocrx_word' id='word_1_263' title='bbox 1255 3421 1346 3469; x_wconf 72' lang='grc' dir='ltr'><strong>καὶ</strong></span> <span class='ocrx_word' id='word_1_264' title='bbox 1381 3419 1454 3479; x_wconf 86' lang='grc' dir='ltr'>ὼς</span> <span class='ocrx_word' id='word_1_265' title='bbox 1492 3421 1760 3488; x_wconf 80' lang='grc' dir='ltr'>διήνοιγεν</span> 
     </span>
    </p>
   </div>
   <div class='ocr_carea' id='block_1_37' title="bbox 188 3503 1765 3579">
    <p class='ocr_par' dir='ltr' id='par_1_37' title="bbox 188 3503 1765 3579">
     <span class='ocr_line' id='line_1_37' title="bbox 188 3503 1765 3579; baseline 0.008 -29"><span class='ocrx_word' id='word_1_266' title='bbox 188 3503 320 3568; x_wconf 78' lang='grc' dir='ltr'>ἡμῖν</span> <span class='ocrx_word' id='word_1_267' title='bbox 363 3504 463 3562; x_wconf 77' lang='grc' dir='ltr'>τὰς</span> <span class='ocrx_word' id='word_1_268' title='bbox 509 3504 726 3572; x_wconf 78' lang='grc' dir='ltr'>Γραφάς</span> <span class='ocrx_word' id='word_1_269' title='bbox 751 3523 765 3571; x_wconf 88' lang='grc'><strong>;</strong></span> <span class='ocrx_word' id='word_1_270' title='bbox 804 3507 1131 3571; x_wconf 76' lang='grc' dir='ltr'>Συμὸαδίζει</span> <span class='ocrx_word' id='word_1_271' title='bbox 1157 3508 1253 3560; x_wconf 80' lang='grc' dir='ltr'>καὶ</span> <span class='ocrx_word' id='word_1_272' title='bbox 1289 3511 1370 3560; x_wconf 74' lang='grc' dir='ltr'><strong>σοὶ</strong></span> <span class='ocrx_word' id='word_1_273' title='bbox 1395 3509 1488 3561; x_wconf 77' lang='grc' dir='ltr'>νῦν</span> <span class='ocrx_word' id='word_1_274' title='bbox 1515 3513 1541 3561; x_wconf 89' lang='grc' dir='ltr'>ὁ</span> <span class='ocrx_word' id='word_1_275' title='bbox 1566 3511 1765 3579; x_wconf 82' lang='grc' dir='ltr'>Κύριος</span> 
     </span>
    </p>
   </div>
   <div class='ocr_carea' id='block_1_38' title="bbox 191 3593 1760 3669">
    <p class='ocr_par' dir='ltr' id='par_1_38' title="bbox 191 3593 1760 3669">
     <span class='ocr_line' id='line_1_38' title="bbox 191 3593 1760 3669; baseline 0.008 -29"><span class='ocrx_word' id='word_1_276' title='bbox 191 3593 245 3641; x_wconf 80' lang='grc' dir='ltr'>ἐν</span> <span class='ocrx_word' id='word_1_277' title='bbox 271 3595 334 3660; x_wconf 83' lang='grc' dir='ltr'>τῇ</span> <span class='ocrx_word' id='word_1_278' title='bbox 370 3593 479 3660; x_wconf 76' lang='grc' dir='ltr'>όδῷ</span> <span class='ocrx_word' id='word_1_279' title='bbox 507 3595 596 3645; x_wconf 76' lang='grc' dir='ltr'>τοῦ</span> <span class='ocrx_word' id='word_1_280' title='bbox 637 3595 752 3664; x_wconf 71' lang='grc' dir='ltr'>βίου</span> <span class='ocrx_word' id='word_1_281' title='bbox 777 3600 870 3649; x_wconf 75' lang='grc' dir='ltr'><strong>καὶ</strong></span> <span class='ocrx_word' id='word_1_282' title='bbox 903 3598 1120 3650; x_wconf 79' lang='grc' dir='ltr'>σύνεστι</span> <span class='ocrx_word' id='word_1_283' title='bbox 1148 3599 1234 3652; x_wconf 70' lang='grc' dir='ltr'>διὰ</span> <span class='ocrx_word' id='word_1_284' title='bbox 1263 3599 1356 3652; x_wconf 78' lang='grc' dir='ltr'><strong>τοῦ</strong></span> <span class='ocrx_word' id='word_1_285' title='bbox 1381 3600 1760 3669; x_wconf 81' lang='grc' dir='ltr'>ἀρχιερατικοῦ</span> 
     </span>
    </p>
   </div>
   <div class='ocr_carea' id='block_1_39' title="bbox 190 3681 1762 3755">
    <p class='ocr_par' dir='ltr' id='par_1_39' title="bbox 190 3681 1762 3755">
     <span class='ocr_line' id='line_1_39' title="bbox 190 3681 1762 3755; baseline 0.008 -25"><span class='ocrx_word' id='word_1_286' title='bbox 190 3681 539 3751; x_wconf 75' lang='grc' dir='ltr'>ἀξιώματοςο</span> <span class='ocrx_word' id='word_1_287' title='bbox 597 3690 707 3749; x_wconf 80' lang='grc' dir='ltr'>καὶ,</span> <span class='ocrx_word' id='word_1_288' title='bbox 761 3689 920 3755; x_wconf 84' lang='grc' dir='ltr'>εἴπερ</span> <span class='ocrx_word' id='word_1_289' title='bbox 960 3689 1168 3750; x_wconf 73' lang='grc' dir='ltr'>ἐθέλεις</span> <span class='ocrx_word' id='word_1_290' title='bbox 1231 3690 1469 3750; x_wconf 85' lang='grc' dir='ltr'>ἀκούειν,</span> <span class='ocrx_word' id='word_1_291' title='bbox 1512 3691 1659 3742; x_wconf 79' lang='grc' dir='ltr'>λαλεῖ</span> <span class='ocrx_word' id='word_1_292' title='bbox 1705 3694 1762 3743; x_wconf 78' lang='grc' dir='ltr'>ἐν</span> 
     </span>
    </p>
   </div>
   <div class='ocr_carea' id='block_1_40' title="bbox 195 3778 1762 3847">
    <p class='ocr_par' dir='ltr' id='par_1_40' title="bbox 195 3778 1762 3847">
     <span class='ocr_line' id='line_1_40' title="bbox 195 3778 1762 3847; baseline 0.008 -24"><span class='ocrx_word' id='word_1_293' title='bbox 195 3778 527 3841; x_wconf 77' lang='grc' dir='ltr'>προφήταις,</span> <span class='ocrx_word' id='word_1_294' title='bbox 593 3778 650 3827; x_wconf 82' lang='grc' dir='ltr'>ὲν</span> <span class='ocrx_word' id='word_1_295' title='bbox 715 3778 1052 3840; x_wconf 73' lang='grc' dir='ltr'>ἀποστόλοις,</span> <span class='ocrx_word' id='word_1_296' title='bbox 1116 3782 1174 3831; x_wconf 83' lang='grc' dir='ltr'>ὲν</span> <span class='ocrx_word' id='word_1_297' title='bbox 1220 3781 1653 3847; x_wconf 87' lang='grc' dir='ltr'>εὐαγγελισταῖς,</span> <span class='ocrx_word' id='word_1_298' title='bbox 1705 3785 1762 3836; x_wconf 81' lang='grc' dir='ltr'>ὲν</span> 
     </span>
    </p>
   </div>
   <div class='ocr_carea' id='block_1_41' title="bbox 192 3865 1764 3942">
    <p class='ocr_par' dir='ltr' id='par_1_41' title="bbox 192 3865 1764 3942">
     <span class='ocr_line' id='line_1_41' title="bbox 192 3865 1764 3942; baseline 0.01 -29"><span class='ocrx_word' id='word_1_299' title='bbox 192 3865 449 3932; x_wconf 80' lang='grc' dir='ltr'>ἱστορίαις</span> <span class='ocrx_word' id='word_1_300' title='bbox 476 3867 728 3934; x_wconf 81' lang='grc' dir='ltr'>ἀρχαίαις</span> <span class='ocrx_word' id='word_1_301' title='bbox 754 3869 1144 3938; x_wconf 75' lang='grc' dir='ltr'>φθεγγόμενος.</span> <span class='ocrx_word' id='word_1_302' title='bbox 1179 3872 1220 3923; x_wconf 86' lang='grc' dir='ltr'><em>Π</em></span> <span class='ocrx_word' id='word_1_303' title='bbox 1267 3873 1610 3942; x_wconf 79' lang='grc' dir='ltr'>ραδεξαμένῳ</span> <span class='ocrx_word' id='word_1_304' title='bbox 1636 3874 1764 3940; x_wconf 82' lang='grc' dir='ltr'>γοῦν</span> 
     </span>
    </p>
   </div>
   <div class='ocr_carea' id='block_1_42' title="bbox 190 3954 1763 4036">
    <p class='ocr_par' dir='ltr' id='par_1_42' title="bbox 190 3954 1763 4036">
     <span class='ocr_line' id='line_1_42' title="bbox 190 3954 1763 4036; baseline 0.009 -32"><span class='ocrx_word' id='word_1_305' title='bbox 190 3954 261 4014; x_wconf 69' lang='grc' dir='ltr'><strong>ὡς</strong></span> <span class='ocrx_word' id='word_1_306' title='bbox 297 3955 452 4007; x_wconf 86' lang='grc' dir='ltr'>λαλεῖ</span> <span class='ocrx_word' id='word_1_307' title='bbox 495 3974 597 4019; x_wconf 88' lang='grc' dir='ltr'>σοι,</span> <span class='ocrx_word' id='word_1_308' title='bbox 635 3960 890 4030; x_wconf 81' lang='grc' dir='ltr'>ἡκαρδίσ</span> <span class='ocrx_word' id='word_1_309' title='bbox 941 3962 1296 4030; x_wconf 80' lang='grc' dir='ltr'>καυθήσεται,</span> <span class='ocrx_word' id='word_1_310' title='bbox 1355 3965 1451 4016; x_wconf 74' lang='grc' dir='ltr'>καὶ</span> <span class='ocrx_word' id='word_1_311' title='bbox 1496 3965 1763 4036; x_wconf 80' lang='grc' dir='ltr'>ἄνθρακες</span> 
     </span>
    </p>
   </div>
   <div class='ocr_carea' id='block_1_43' title="bbox 192 4047 1759 4127">
    <p class='ocr_par' dir='ltr' id='par_1_43' title="bbox 192 4047 1759 4127">
     <span class='ocr_line' id='line_1_43' title="bbox 192 4047 1759 4127; baseline 0.009 -32"><span class='ocrx_word' id='word_1_312' title='bbox 192 4047 282 4095; x_wconf 69' lang='grc' dir='ltr'><strong>ἐπ’</strong></span> <span class='ocrx_word' id='word_1_313' title='bbox 322 4048 495 4100; x_wconf 76' lang='grc' dir='ltr'>αὑτοῦ</span> <span class='ocrx_word' id='word_1_314' title='bbox 547 4051 972 4118; x_wconf 78' lang='grc' dir='ltr'>ἀναφθήσονται,</span> <span class='ocrx_word' id='word_1_315' title='bbox 1001 4054 1068 4104; x_wconf 74' lang='grc' dir='ltr'>τὰ</span> <span class='ocrx_word' id='word_1_316' title='bbox 1099 4055 1321 4122; x_wconf 76' lang='grc' dir='ltr'>λείψανα</span> <span class='ocrx_word' id='word_1_317' title='bbox 1375 4059 1466 4108; x_wconf 73' lang='grc' dir='ltr'>καὶ</span> <span class='ocrx_word' id='word_1_318' title='bbox 1507 4058 1537 4125; x_wconf 79' lang='grc' dir='ltr'>ἡ</span> <span class='ocrx_word' id='word_1_319' title='bbox 1575 4058 1759 4127; x_wconf 83' lang='grc' dir='ltr'>μνήμη</span> 
     </span>
    </p>
   </div>
   <div class='ocr_carea' id='block_1_44' title="bbox 189 4137 1761 4210">
    <p class='ocr_par' dir='ltr' id='par_1_44' title="bbox 189 4137 1761 4210">
     <span class='ocr_line' id='line_1_44' title="bbox 189 4137 1761 4210; baseline 0.008 -27"><span class='ocrx_word' id='word_1_320' title='bbox 189 4137 294 4186; x_wconf 81' lang='grc' dir='ltr'><strong>τῶν</strong></span> <span class='ocrx_word' id='word_1_321' title='bbox 329 4137 699 4204; x_wconf 69' lang='grc' dir='ltr'>λαλουμένων,</span> <span class='ocrx_word' id='word_1_322' title='bbox 749 4141 839 4191; x_wconf 70' lang='grc' dir='ltr'>καὶ</span> <span class='ocrx_word' id='word_1_323' title='bbox 875 4142 1401 4210; x_wconf 64' lang='grc' dir='ltr'>ἀναγινωσκομένων</span> <span class='ocrx_word' id='word_1_324' title='bbox 1455 4161 1556 4196; x_wconf 89' lang='grc' dir='ltr'>σοι.</span> <span class='ocrx_word' id='word_1_325' title='bbox 1603 4145 1761 4196; x_wconf 58' lang='lat' dir='ltr'><strong>mm</strong></span> 
     </span>
    </p>
   </div>
   <div class='ocr_carea' id='block_1_45' title="bbox 193 4227 1758 4302">
    <p class='ocr_par' dir='ltr' id='par_1_45' title="bbox 193 4227 1758 4302">
     <span class='ocr_line' id='line_1_45' title="bbox 193 4227 1758 4302; baseline 0.006 -26"><span class='ocrx_word' id='word_1_326' title='bbox 193 4227 401 4294; x_wconf 67' lang='grc' dir='ltr'>φήσεις,</span> <span class='ocrx_word' id='word_1_327' title='bbox 436 4229 518 4278; x_wconf 86' lang='grc' dir='ltr'><strong>ὅτι</strong></span> <span class='ocrx_word' id='word_1_328' title='bbox 543 4230 811 4281; x_wconf 80' lang='grc' dir='ltr'>σκοτεινὸν</span> <span class='ocrx_word' id='word_1_329' title='bbox 843 4230 984 4297; x_wconf 75' lang='grc' dir='ltr'>ὕδωρ</span> <span class='ocrx_word' id='word_1_330' title='bbox 1013 4235 1070 4283; x_wconf 87' lang='grc' dir='ltr'>ὲν</span> <span class='ocrx_word' id='word_1_331' title='bbox 1100 4236 1354 4299; x_wconf 67' lang='grc' dir='ltr'>νεφέλαις</span> <span class='ocrx_word' id='word_1_332' title='bbox 1384 4234 1580 4302; x_wconf 81' lang='grc' dir='ltr'>ἀέρων,</span> <span class='ocrx_word' id='word_1_333' title='bbox 1604 4252 1758 4286; x_wconf 89' lang='grc' dir='ltr'>τουτ-</span> 
     </span>
    </p>
   </div>
   <div class='ocr_carea' id='block_1_46' title="bbox 190 4319 1760 4392">
    <p class='ocr_par' dir='ltr' id='par_1_46' title="bbox 190 4319 1760 4392">
     <span class='ocr_line' id='line_1_46' title="bbox 190 4319 1760 4392; baseline 0.006 -27"><span class='ocrx_word' id='word_1_334' title='bbox 190 4321 336 4367; x_wconf 78' lang='grc' dir='ltr'>έστιν</span> <span class='ocrx_word' id='word_1_335' title='bbox 388 4319 647 4383; x_wconf 71' lang='grc' dir='ltr'>ἀσάφεια,</span> <span class='ocrx_word' id='word_1_336' title='bbox 696 4322 788 4371; x_wconf 77' lang='grc' dir='ltr'>καὶ</span> <span class='ocrx_word' id='word_1_337' title='bbox 834 4324 1022 4383; x_wconf 82' lang='grc' dir='ltr'>σκότος</span> <span class='ocrx_word' id='word_1_338' title='bbox 1067 4325 1214 4376; x_wconf 75' lang='grc' dir='ltr'>ἐστὶν</span> <span class='ocrx_word' id='word_1_339' title='bbox 1251 4327 1307 4374; x_wconf 80' lang='grc' dir='ltr'>ἐν</span> <span class='ocrx_word' id='word_1_340' title='bbox 1340 4327 1457 4384; x_wconf 84' lang='grc' dir='ltr'>ταῖς</span> <span class='ocrx_word' id='word_1_341' title='bbox 1511 4325 1760 4392; x_wconf 76' lang='grc' dir='ltr'>νεφέλαις</span> 
     </span>
    </p>
   </div>
   <div class='ocr_carea' id='block_1_47' title="bbox 193 4409 1760 4481">
    <p class='ocr_par' dir='ltr' id='par_1_47' title="bbox 193 4409 1760 4481">
     <span class='ocr_line' id='line_1_47' title="bbox 193 4409 1760 4481; baseline 0.007 -25"><span class='ocrx_word' id='word_1_342' title='bbox 193 4410 306 4468; x_wconf 86' lang='grc' dir='ltr'>ταῖς</span> <span class='ocrx_word' id='word_1_343' title='bbox 352 4409 697 4478; x_wconf 63' lang='grc' dir='ltr'>Γραφικαῖςς</span> <span class='ocrx_word' id='word_1_344' title='bbox 747 4412 885 4463; x_wconf 82' lang='grc' dir='ltr'>Ἀλλ’</span> <span class='ocrx_word' id='word_1_345' title='bbox 922 4413 997 4464; x_wconf 79' lang='grc' dir='ltr'><strong>ἰδὲ</strong></span> <span class='ocrx_word' id='word_1_346' title='bbox 1049 4416 1137 4465; x_wconf 61' lang='grc' dir='ltr'>καὶ</span> <span class='ocrx_word' id='word_1_347' title='bbox 1198 4415 1258 4465; x_wconf 78' lang='grc' dir='ltr'>τὸ</span> <span class='ocrx_word' id='word_1_348' title='bbox 1299 4415 1515 4481; x_wconf 82' lang='grc' dir='ltr'>ἐφεξῆς,</span> <span class='ocrx_word' id='word_1_349' title='bbox 1543 4417 1624 4467; x_wconf 87' lang='grc' dir='ltr'>ὅτι</span> <span class='ocrx_word' id='word_1_350' title='bbox 1655 4417 1760 4467; x_wconf 73' lang='grc' dir='ltr'><strong>ἀπὸ</strong></span> 
     </span>
    </p>
   </div>
   <div class='ocr_carea' id='block_1_48' title="bbox 1895 591 3452 665">
    <p class='ocr_par' dir='ltr' id='par_1_48' title="bbox 1895 591 3452 665">
     <span class='ocr_line' id='line_1_48' title="bbox 1895 591 3452 665; baseline 0.007 -24"><span class='ocrx_word' id='word_1_351' title='bbox 1895 598 2010 641; x_wconf 91' lang='lat' dir='ltr'><strong>tura</strong></span> <span class='ocrx_word' id='word_1_352' title='bbox 2061 597 2116 642; x_wconf 90' lang='lat' dir='ltr'><strong>et</strong></span> <span class='ocrx_word' id='word_1_353' title='bbox 2159 591 2370 642; x_wconf 79' lang='lat' dir='ltr'><strong>ratione</strong></span> <span class='ocrx_word' id='word_1_354' title='bbox 2421 593 2628 644; x_wconf 76' lang='lat' dir='ltr'><strong>stimuli</strong></span> <span class='ocrx_word' id='word_1_355' title='bbox 2677 592 2770 644; x_wconf 90' lang='lat' dir='ltr'><strong>tibi</strong></span> <span class='ocrx_word' id='word_1_356' title='bbox 2814 593 3110 647; x_wconf 85' lang='lat' dir='ltr'><strong>adduntur.</strong></span> <span class='ocrx_word' id='word_1_357' title='bbox 3159 593 3270 665; x_wconf 76' lang='lat' dir='ltr'><strong>Ego</strong></span> <span class='ocrx_word' id='word_1_358' title='bbox 3325 613 3452 652; x_wconf 88' lang='lat' dir='ltr'><strong>vero</strong></span> 
     </span>
    </p>
   </div>
   <div class='ocr_carea' id='block_1_49' title="bbox 1891 679 3453 754">
    <p class='ocr_par' dir='ltr' id='par_1_49' title="bbox 1891 679 3453 754">
     <span class='ocr_line' id='line_1_49' title="bbox 1891 679 3453 754; baseline 0.006 -22"><span class='ocrx_word' id='word_1_359' title='bbox 1891 682 2097 732; x_wconf 98' lang='lat' dir='ltr'><strong>utinam</strong></span> <span class='ocrx_word' id='word_1_360' title='bbox 2125 679 2320 750; x_wconf 68' lang='lat' dir='ltr'><strong>dignus</strong></span> <span class='ocrx_word' id='word_1_361' title='bbox 2349 682 2449 734; x_wconf 89' lang='lat' dir='ltr'><strong>sim</strong></span> <span class='ocrx_word' id='word_1_362' title='bbox 2492 696 2679 749; x_wconf 92' lang='lat' dir='ltr'><strong>preces</strong></span> <span class='ocrx_word' id='word_1_363' title='bbox 2710 684 3009 743; x_wconf 86' lang='lat' dir='ltr'><strong>obtinendi,</strong></span> <span class='ocrx_word' id='word_1_364' title='bbox 3039 699 3161 754; x_wconf 61' lang='lat' dir='ltr'><strong>qua)</strong></span> <span class='ocrx_word' id='word_1_365' title='bbox 3189 688 3453 742; x_wconf 73' lang='lat' dir='ltr'><strong>auxilium</strong></span> 
     </span>
    </p>
   </div>
   <div class='ocr_carea' id='block_1_50' title="bbox 1893 773 3454 838">
    <p class='ocr_par' dir='ltr' id='par_1_50' title="bbox 1893 773 3454 838">
     <span class='ocr_line' id='line_1_50' title="bbox 1893 773 3454 838; baseline 0.008 -17"><span class='ocrx_word' id='word_1_366' title='bbox 1893 779 2150 838; x_wconf 63' lang='lat' dir='ltr'><strong>pra‘stant</strong></span> <span class='ocrx_word' id='word_1_367' title='bbox 2209 773 2473 827; x_wconf 87' lang='lat' dir='ltr'><strong>adversus</strong></span> <span class='ocrx_word' id='word_1_368' title='bbox 2527 775 2698 827; x_wconf 89' lang='lat' dir='ltr'><strong>malos</strong></span> <span class='ocrx_word' id='word_1_369' title='bbox 2758 776 2911 829; x_wconf 85' lang='lat' dir='ltr'><strong>dies!</strong></span> <span class='ocrx_word' id='word_1_370' title='bbox 2973 777 3183 830; x_wconf 78' lang='lat' dir='ltr'><strong>Etenim</strong></span> <span class='ocrx_word' id='word_1_371' title='bbox 3234 781 3320 832; x_wconf 80' lang='lat' dir='ltr'><strong>vix</strong></span> <span class='ocrx_word' id='word_1_372' title='bbox 3370 780 3454 835; x_wconf 91' lang='lat' dir='ltr'><strong>his</strong></span> 
     </span>
    </p>
   </div>
   <div class='ocr_carea' id='block_1_51' title="bbox 1893 862 3450 935">
    <p class='ocr_par' dir='ltr' id='par_1_51' title="bbox 1893 862 3450 935">
     <span class='ocr_line' id='line_1_51' title="bbox 1893 862 3450 935; baseline 0.005 -21"><span class='ocrx_word' id='word_1_373' title='bbox 1893 862 2174 915; x_wconf 87' lang='lat' dir='ltr'><strong>abundans</strong></span> <span class='ocrx_word' id='word_1_374' title='bbox 2207 862 2408 930; x_wconf 91' lang='lat' dir='ltr'><strong>majore</strong></span> <span class='ocrx_word' id='word_1_375' title='bbox 2439 879 2561 916; x_wconf 91' lang='lat' dir='ltr'><strong>cum</strong></span> <span class='ocrx_word' id='word_1_376' title='bbox 2584 866 2811 933; x_wconf 87' lang='lat' dir='ltr'><strong>pudore,</strong></span> <span class='ocrx_word' id='word_1_377' title='bbox 2847 869 3155 935; x_wconf 76' lang='lat' dir='ltr'><strong>smpiusqne</strong></span> <span class='ocrx_word' id='word_1_378' title='bbox 3188 871 3450 923; x_wconf 89' lang='lat' dir='ltr'><strong>malorum</strong></span> 
     </span>
    </p>
   </div>
   <div class='ocr_carea' id='block_1_52' title="bbox 1889 953 3475 1028">
    <p class='ocr_par' dir='ltr' id='par_1_52' title="bbox 1889 953 3475 1028">
     <span class='ocr_line' id='line_1_52' title="bbox 1889 953 3475 1028; baseline 0.005 -23"><span class='ocrx_word' id='word_1_379' title='bbox 1889 954 1970 1005; x_wconf 89' lang='lat' dir='ltr'><strong>vel</strong></span> <span class='ocrx_word' id='word_1_380' title='bbox 2013 953 2138 1004; x_wconf 89' lang='lat' dir='ltr'><strong>mali</strong></span> <span class='ocrx_word' id='word_1_381' title='bbox 2186 954 2413 1007; x_wconf 72' lang='lat' dir='ltr'><strong>insidias</strong></span> <span class='ocrx_word' id='word_1_382' title='bbox 2458 957 2792 1009; x_wconf 87' lang='lat' dir='ltr'><strong>evitaverim.</strong></span> <span class='ocrx_word' id='word_1_383' title='bbox 2832 957 2954 1010; x_wconf 66' lang='lat' dir='ltr'><strong>&quot;me</strong></span> <span class='ocrx_word' id='word_1_384' title='bbox 2989 960 3157 1026; x_wconf 81' lang='lat' dir='ltr'><strong>igitur</strong></span> <span class='ocrx_word' id='word_1_385' title='bbox 3201 977 3328 1028; x_wconf 88' lang='lat' dir='ltr'><strong>pars</strong></span> <span class='ocrx_word' id='word_1_386' title='bbox 3363 969 3475 1018; x_wconf 83' lang='lat' dir='ltr'><strong>tua;</strong></span> 
     </span>
    </p>
   </div>
   <div class='ocr_carea' id='block_1_53' title="bbox 1887 1045 3454 1113">
    <p class='ocr_par' dir='ltr' id='par_1_53' title="bbox 1887 1045 3454 1113">
     <span class='ocr_line' id='line_1_53' title="bbox 1887 1045 3454 1113; baseline 0.004 -16"><span class='ocrx_word' id='word_1_387' title='bbox 1887 1056 1988 1108; x_wconf 86' lang='lat' dir='ltr'><strong>est,</strong></span> <span class='ocrx_word' id='word_1_388' title='bbox 2031 1059 2097 1095; x_wconf 91' lang='lat' dir='ltr'><strong>ne</strong></span> <span class='ocrx_word' id='word_1_389' title='bbox 2136 1045 2283 1112; x_wconf 83' lang='lat' dir='ltr'><strong>piger</strong></span> <span class='ocrx_word' id='word_1_390' title='bbox 2327 1054 2447 1096; x_wconf 85' lang='lat' dir='ltr'><strong>esto</strong></span> <span class='ocrx_word' id='word_1_391' title='bbox 2491 1046 2646 1098; x_wconf 86' lang='lat' dir='ltr'><strong>nobis</strong></span> <span class='ocrx_word' id='word_1_392' title='bbox 2697 1047 2794 1099; x_wconf 87' lang='lat' dir='ltr'><strong>has</strong></span> <span class='ocrx_word' id='word_1_393' title='bbox 2841 1048 3103 1113; x_wconf 76' lang='lat' dir='ltr'><strong>impertiri</strong></span> <span class='ocrx_word' id='word_1_394' title='bbox 3151 1067 3310 1103; x_wconf 89' lang='lat' dir='ltr'><strong>manu</strong></span> <span class='ocrx_word' id='word_1_395' title='bbox 3352 1053 3454 1104; x_wconf 90' lang='lat' dir='ltr'><strong>du-</strong></span> 
     </span>
    </p>
   </div>
   <div class='ocr_carea' id='block_1_54' title="bbox 1886 1137 3449 1207">
    <p class='ocr_par' dir='ltr' id='par_1_54' title="bbox 1886 1137 3449 1207">
     <span class='ocr_line' id='line_1_54' title="bbox 1886 1137 3449 1207; baseline 0.006 -18"><span class='ocrx_word' id='word_1_396' title='bbox 1886 1147 2071 1189; x_wconf 80' lang='lat' dir='ltr'><strong>centes</strong></span> <span class='ocrx_word' id='word_1_397' title='bbox 2095 1145 2358 1203; x_wconf 89' lang='lat' dir='ltr'><strong>quantmn</strong></span> <span class='ocrx_word' id='word_1_398' title='bbox 2395 1137 2510 1190; x_wconf 84' lang='lat' dir='ltr'><strong>fieri</strong></span> <span class='ocrx_word' id='word_1_399' title='bbox 2541 1146 2741 1207; x_wconf 82' lang='lat' dir='ltr'><strong>potest.</strong></span> <span class='ocrx_word' id='word_1_400' title='bbox 2774 1139 3036 1195; x_wconf 88' lang='lat' dir='ltr'><strong>Dominus</strong></span> <span class='ocrx_word' id='word_1_401' title='bbox 3069 1152 3246 1196; x_wconf 87' lang='lat' dir='ltr'><strong>autem</strong></span> <span class='ocrx_word' id='word_1_402' title='bbox 3273 1155 3449 1198; x_wconf 91' lang='lat' dir='ltr'><strong>tecum</strong></span> 
     </span>
    </p>
   </div>
   <div class='ocr_carea' id='block_1_55' title="bbox 1889 1229 2394 1288">
    <p class='ocr_par' dir='ltr' id='par_1_55' title="bbox 1889 1229 2394 1288">
     <span class='ocr_line' id='line_1_55' title="bbox 1889 1229 2394 1288; baseline 0 -7"><span class='ocrx_word' id='word_1_403' title='bbox 1889 1230 1974 1288; x_wconf 61' lang='lat' dir='ltr'><strong>ait,</strong></span> <span class='ocrx_word' id='word_1_404' title='bbox 2007 1236 2062 1280; x_wconf 88' lang='grc' dir='ltr'><strong>ιιι</strong></span> <span class='ocrx_word' id='word_1_405' title='bbox 2095 1229 2288 1281; x_wconf 91' lang='lat' dir='ltr'><strong>liberet</strong></span> <span class='ocrx_word' id='word_1_406' title='bbox 2326 1238 2394 1281; x_wconf 86' lang='lat' dir='ltr'><strong>te.</strong></span> 
     </span>
    </p>
   </div>
   <div class='ocr_carea' id='block_1_56' title="bbox 2429 1318 2937 1374">
    <p class='ocr_par' dir='ltr' id='par_1_56' title="bbox 2429 1318 2937 1374">
     <span class='ocr_line' id='line_1_56' title="bbox 2429 1318 2937 1374; baseline 0.002 -2"><span class='ocrx_word' id='word_1_407' title='bbox 2429 1318 2650 1373; x_wconf 85' lang='lat' dir='ltr'><strong>EPIST.</strong></span> <span class='ocrx_word' id='word_1_408' title='bbox 2705 1319 2937 1374; x_wconf 70' lang='lat' dir='ltr'><strong>XXVIII.</strong></span> 
     </span>
    </p>
   </div>
   <div class='ocr_carea' id='block_1_57' title="bbox 2381 1406 2995 1480">
    <p class='ocr_par' dir='ltr' id='par_1_57' title="bbox 2381 1406 2995 1480">
     <span class='ocr_line' id='line_1_57' title="bbox 2381 1406 2995 1480; baseline 0.007 -21"><span class='ocrx_word' id='word_1_409' title='bbox 2381 1406 2634 1477; x_wconf 79' lang='lat' dir='ltr'><strong>Episcopo</strong></span> <span class='ocrx_word' id='word_1_410' title='bbox 2672 1408 2995 1480; x_wconf 74' lang='lat' dir='ltr'><strong>I’clagom’w.</strong></span> 
     </span>
    </p>
   </div>
   <div class='ocr_carea' id='block_1_58' title="bbox 1952 1493 3452 1568">
    <p class='ocr_par' dir='ltr' id='par_1_58' title="bbox 1952 1493 3452 1568">
     <span class='ocr_line' id='line_1_58' title="bbox 1952 1493 3452 1568; baseline 0.006 -16"><span class='ocrx_word' id='word_1_411' title='bbox 1952 1493 2193 1552; x_wconf 71' lang='lat' dir='ltr'><strong>Verbum</strong></span> <span class='ocrx_word' id='word_1_412' title='bbox 2219 1496 2310 1551; x_wconf 87' lang='lat' dir='ltr'><strong>Dei</strong></span> <span class='ocrx_word' id='word_1_413' title='bbox 2345 1499 2489 1551; x_wconf 88' lang='lat' dir='ltr'><strong>inter</strong></span> <span class='ocrx_word' id='word_1_414' title='bbox 2522 1500 2626 1561; x_wconf 85' lang='lat' dir='ltr'><strong>alia</strong></span> <span class='ocrx_word' id='word_1_415' title='bbox 2649 1516 2768 1568; x_wconf 76' lang='lat' dir='ltr'><strong>qua:</strong></span> <span class='ocrx_word' id='word_1_416' title='bbox 2800 1501 2960 1555; x_wconf 91' lang='lat' dir='ltr'><strong>nobis</strong></span> <span class='ocrx_word' id='word_1_417' title='bbox 2985 1505 3216 1557; x_wconf 84' lang='lat' dir='ltr'><strong>contulit</strong></span> <span class='ocrx_word' id='word_1_418' title='bbox 3252 1505 3452 1561; x_wconf 40' lang='lat' dir='ltr'><strong>beneﬂs</strong></span> 
     </span>
    </p>
   </div>
   <div class='ocr_carea' id='block_1_59' title="bbox 1882 1589 3449 1656">
    <p class='ocr_par' dir='ltr' id='par_1_59' title="bbox 1882 1589 3449 1656">
     <span class='ocr_line' id='line_1_59' title="bbox 1882 1589 3449 1656; baseline 0.006 -14"><span class='ocrx_word' id='word_1_419' title='bbox 1882 1590 1987 1651; x_wconf 88' lang='lat' dir='ltr'><strong>cia,</strong></span> <span class='ocrx_word' id='word_1_420' title='bbox 2043 1589 2372 1643; x_wconf 83' lang='lat' dir='ltr'><strong>venerabilis</strong></span> <span class='ocrx_word' id='word_1_421' title='bbox 2427 1589 2597 1642; x_wconf 88' lang='lat' dir='ltr'><strong>frater</strong></span> <span class='ocrx_word' id='word_1_422' title='bbox 2639 1600 2686 1642; x_wconf 84' lang='lat' dir='ltr'><strong>et</strong></span> <span class='ocrx_word' id='word_1_423' title='bbox 2747 1593 3133 1656; x_wconf 86' lang='lat' dir='ltr'><strong>consacerdos,</strong></span> <span class='ocrx_word' id='word_1_424' title='bbox 3191 1595 3244 1648; x_wconf 90' lang='lat' dir='ltr'><strong>id</strong></span> <span class='ocrx_word' id='word_1_425' title='bbox 3287 1598 3449 1651; x_wconf 89' lang='lat' dir='ltr'><strong>etiam</strong></span> 
     </span>
    </p>
   </div>
   <div class='ocr_carea' id='block_1_60' title="bbox 1882 1679 3453 1750">
    <p class='ocr_par' dir='ltr' id='par_1_60' title="bbox 1882 1679 3453 1750">
     <span class='ocr_line' id='line_1_60' title="bbox 1882 1679 3453 1750; baseline 0.006 -20"><span class='ocrx_word' id='word_1_426' title='bbox 1882 1679 2219 1748; x_wconf 87' lang='lat' dir='ltr'><strong>impertitum</strong></span> <span class='ocrx_word' id='word_1_427' title='bbox 2253 1689 2337 1733; x_wconf 87' lang='lat' dir='ltr'><strong>est</strong></span> <span class='ocrx_word' id='word_1_428' title='bbox 2369 1681 2547 1742; x_wconf 90' lang='lat' dir='ltr'><strong>nobis,</strong></span> <span class='ocrx_word' id='word_1_429' title='bbox 2580 1681 2772 1736; x_wconf 68' lang='lat' dir='ltr'><strong>adt-sse</strong></span> <span class='ocrx_word' id='word_1_430' title='bbox 2819 1684 2907 1735; x_wconf 90' lang='lat' dir='ltr'><strong>ubi</strong></span> <span class='ocrx_word' id='word_1_431' title='bbox 2939 1699 3043 1736; x_wconf 88' lang='lat' dir='ltr'><strong>non</strong></span> <span class='ocrx_word' id='word_1_432' title='bbox 3078 1686 3357 1750; x_wconf 90' lang='lat' dir='ltr'><strong>adsumus,</strong></span> <span class='ocrx_word' id='word_1_433' title='bbox 3397 1696 3453 1741; x_wconf 91' lang='lat' dir='ltr'><strong>et</strong></span> 
     </span>
    </p>
   </div>
   <div class='ocr_carea' id='block_1_61' title="bbox 1882 1769 3452 1844">
    <p class='ocr_par' dir='ltr' id='par_1_61' title="bbox 1882 1769 3452 1844">
     <span class='ocr_line' id='line_1_61' title="bbox 1882 1769 3452 1844; baseline 0.006 -24"><span class='ocrx_word' id='word_1_434' title='bbox 1882 1769 1976 1838; x_wconf 86' lang='lat' dir='ltr'><strong>qui</strong></span> <span class='ocrx_word' id='word_1_435' title='bbox 2007 1777 2255 1822; x_wconf 87' lang='lat' dir='ltr'><strong>naturam</strong></span> <span class='ocrx_word' id='word_1_436' title='bbox 2289 1771 2470 1822; x_wconf 89' lang='lat' dir='ltr'><strong>sortiti</strong></span> <span class='ocrx_word' id='word_1_437' title='bbox 2501 1785 2692 1824; x_wconf 90' lang='lat' dir='ltr'><strong>sumus</strong></span> <span class='ocrx_word' id='word_1_438' title='bbox 2720 1772 2837 1825; x_wconf 90' lang='lat' dir='ltr'><strong>loco</strong></span> <span class='ocrx_word' id='word_1_439' title='bbox 2870 1775 3367 1844; x_wconf 84' lang='lat' dir='ltr'><strong>circumscriptam,</strong></span> <span class='ocrx_word' id='word_1_440' title='bbox 3397 1786 3452 1830; x_wconf 85' lang='lat' dir='ltr'><strong>et</strong></span> 
     </span>
    </p>
   </div>
   <div class='ocr_carea' id='block_1_62' title="bbox 1884 1860 3452 1934">
    <p class='ocr_par' dir='ltr' id='par_1_62' title="bbox 1884 1860 3452 1934">
     <span class='ocr_line' id='line_1_62' title="bbox 1884 1860 3452 1934; baseline 0.006 -22"><span class='ocrx_word' id='word_1_441' title='bbox 1884 1871 2147 1929; x_wconf 90' lang='lat' dir='ltr'><strong>quantum</strong></span> <span class='ocrx_word' id='word_1_442' title='bbox 2182 1861 2232 1914; x_wconf 88' lang='lat' dir='ltr'><strong>id</strong></span> <span class='ocrx_word' id='word_1_443' title='bbox 2265 1863 2410 1929; x_wconf 90' lang='lat' dir='ltr'><strong>quod</strong></span> <span class='ocrx_word' id='word_1_444' title='bbox 2445 1860 2677 1924; x_wconf 72' lang='lat' dir='ltr'><strong>videtur,</strong></span> <span class='ocrx_word' id='word_1_445' title='bbox 2721 1864 3225 1934; x_wconf 86' lang='lat' dir='ltr'><strong>incircumscriptos</strong></span> <span class='ocrx_word' id='word_1_446' title='bbox 3258 1881 3452 1933; x_wconf 87' lang='lat' dir='ltr'><strong>prope-</strong></span> 
     </span>
    </p>
   </div>
   <div class='ocr_carea' id='block_1_63' title="bbox 1885 1953 3448 2024">
    <p class='ocr_par' dir='ltr' id='par_1_63' title="bbox 1885 1953 3448 2024">
     <span class='ocr_line' id='line_1_63' title="bbox 1885 1953 3448 2024; baseline 0.004 -20"><span class='ocrx_word' id='word_1_447' title='bbox 1885 1953 2108 2005; x_wconf 81' lang='lat' dir='ltr'><strong>modum</strong></span> <span class='ocrx_word' id='word_1_448' title='bbox 2174 1967 2298 2006; x_wconf 88' lang='lat' dir='ltr'><strong>csse</strong></span> <span class='ocrx_word' id='word_1_449' title='bbox 2374 1953 2573 2006; x_wconf 89' lang='lat' dir='ltr'><strong>virtute</strong></span> <span class='ocrx_word' id='word_1_450' title='bbox 2631 1953 2860 2022; x_wconf 73' lang='lat' dir='ltr'><strong>hujusce</strong></span> <span class='ocrx_word' id='word_1_451' title='bbox 2915 1958 3121 2024; x_wconf 66' lang='lat' dir='ltr'><strong>gratim,</strong></span> <span class='ocrx_word' id='word_1_452' title='bbox 3172 1969 3223 2010; x_wconf 90' lang='lat' dir='ltr'><strong>et</strong></span> <span class='ocrx_word' id='word_1_453' title='bbox 3258 1959 3346 2024; x_wconf 88' lang='lat' dir='ltr'><strong>qui</strong></span> <span class='ocrx_word' id='word_1_454' title='bbox 3394 1958 3448 2010; x_wconf 94' lang='lat' dir='ltr'><strong>in</strong></span> 
     </span>
    </p>
   </div>
   <div class='ocr_carea' id='block_1_64' title="bbox 1879 2043 3445 2116">
    <p class='ocr_par' dir='ltr' id='par_1_64' title="bbox 1879 2043 3445 2116">
     <span class='ocr_line' id='line_1_64' title="bbox 1879 2043 3445 2116; baseline 0.003 -19"><span class='ocrx_word' id='word_1_455' title='bbox 1879 2043 2115 2113; x_wconf 59' lang='lat' dir='ltr'><strong>[Egypto</strong></span> <span class='ocrx_word' id='word_1_456' title='bbox 2157 2044 2317 2097; x_wconf 89' lang='lat' dir='ltr'><strong>estin</strong></span> <span class='ocrx_word' id='word_1_457' title='bbox 2351 2043 2569 2112; x_wconf 79' lang='lat' dir='ltr'><strong>Scythia</strong></span> <span class='ocrx_word' id='word_1_458' title='bbox 2606 2057 2877 2110; x_wconf 83' lang='lat' dir='ltr'><strong>versatur,</strong></span> <span class='ocrx_word' id='word_1_459' title='bbox 2945 2057 2997 2101; x_wconf 84' lang='lat' dir='ltr'><strong>et</strong></span> <span class='ocrx_word' id='word_1_460' title='bbox 3023 2052 3114 2116; x_wconf 88' lang='lat' dir='ltr'><strong>qui</strong></span> <span class='ocrx_word' id='word_1_461' title='bbox 3167 2064 3445 2116; x_wconf 90' lang='lat' dir='ltr'><strong>nunquam</strong></span> 
     </span>
    </p>
   </div>
   <div class='ocr_carea' id='block_1_65' title="bbox 1881 2135 3448 2207">
    <p class='ocr_par' dir='ltr' id='par_1_65' title="bbox 1881 2135 3448 2207">
     <span class='ocr_line' id='line_1_65' title="bbox 1881 2135 3448 2207; baseline 0.003 -19"><span class='ocrx_word' id='word_1_462' title='bbox 1881 2135 2135 2188; x_wconf 87' lang='lat' dir='ltr'><strong>discessit</strong></span> <span class='ocrx_word' id='word_1_463' title='bbox 2166 2151 2193 2187; x_wconf 87' lang='lat' dir='ltr'><strong>e</strong></span> <span class='ocrx_word' id='word_1_464' title='bbox 2221 2136 2395 2204; x_wconf 84' lang='lat' dir='ltr'><strong>patria</strong></span> <span class='ocrx_word' id='word_1_465' title='bbox 2415 2139 2556 2191; x_wconf 88' lang='lat' dir='ltr'><strong>inter</strong></span> <span class='ocrx_word' id='word_1_466' title='bbox 2581 2146 2796 2192; x_wconf 77' lang='lat' dir='ltr'><strong>exteras</strong></span> <span class='ocrx_word' id='word_1_467' title='bbox 2819 2147 3004 2207; x_wconf 80' lang='lat' dir='ltr'><strong>gentes</strong></span> <span class='ocrx_word' id='word_1_468' title='bbox 3041 2153 3174 2192; x_wconf 88' lang='lat' dir='ltr'><strong>nova</strong></span> <span class='ocrx_word' id='word_1_469' title='bbox 3209 2138 3448 2207; x_wconf 89' lang='lat' dir='ltr'><strong>quadam</strong></span> 
     </span>
    </p>
   </div>
   <div class='ocr_carea' id='block_1_66' title="bbox 1881 2227 3446 2298">
    <p class='ocr_par' dir='ltr' id='par_1_66' title="bbox 1881 2227 3446 2298">
     <span class='ocr_line' id='line_1_66' title="bbox 1881 2227 3446 2298; baseline 0.003 -19"><span class='ocrx_word' id='word_1_470' title='bbox 1881 2230 2097 2280; x_wconf 87' lang='lat' dir='ltr'><strong>ratione</strong></span> <span class='ocrx_word' id='word_1_471' title='bbox 2129 2242 2370 2296; x_wconf 61' lang='lat' dir='ltr'><strong>praesens</strong></span> <span class='ocrx_word' id='word_1_472' title='bbox 2407 2238 2515 2281; x_wconf 89' lang='lat' dir='ltr'><strong>est.</strong></span> <span class='ocrx_word' id='word_1_473' title='bbox 2549 2227 2673 2283; x_wconf 70' lang='lat' dir='ltr'><strong>Haec</strong></span> <span class='ocrx_word' id='word_1_474' title='bbox 2707 2238 2887 2283; x_wconf 87' lang='lat' dir='ltr'><strong>autem</strong></span> <span class='ocrx_word' id='word_1_475' title='bbox 2943 2230 3191 2298; x_wconf 79' lang='lat' dir='ltr'><strong>prodigia</strong></span> <span class='ocrx_word' id='word_1_476' title='bbox 3252 2231 3446 2285; x_wconf 70' lang='lat' dir='ltr'><strong>littera:</strong></span> 
     </span>
    </p>
   </div>
   <div class='ocr_carea' id='block_1_67' title="bbox 1876 2317 3450 2392">
    <p class='ocr_par' dir='ltr' id='par_1_67' title="bbox 1876 2317 3450 2392">
     <span class='ocr_line' id='line_1_67' title="bbox 1876 2317 3450 2392; baseline 0.003 -22"><span class='ocrx_word' id='word_1_477' title='bbox 1876 2330 2188 2387; x_wconf 87' lang='lat' dir='ltr'><strong>operantur.</strong></span> <span class='ocrx_word' id='word_1_478' title='bbox 2215 2317 2326 2386; x_wconf 82' lang='lat' dir='ltr'><strong>Ego</strong></span> <span class='ocrx_word' id='word_1_479' title='bbox 2362 2320 2654 2388; x_wconf 80' lang='lat' dir='ltr'><strong>igitur,qui</strong></span> <span class='ocrx_word' id='word_1_480' title='bbox 2690 2321 2740 2371; x_wconf 91' lang='lat' dir='ltr'><strong>in</strong></span> <span class='ocrx_word' id='word_1_481' title='bbox 2769 2336 3006 2379; x_wconf 77' lang='lat' dir='ltr'><strong>przesens</strong></span> <span class='ocrx_word' id='word_1_482' title='bbox 3041 2322 3138 2373; x_wconf 88' lang='lat' dir='ltr'><strong>abs</strong></span> <span class='ocrx_word' id='word_1_483' title='bbox 3197 2332 3248 2374; x_wconf 90' lang='lat' dir='ltr'><strong>te</strong></span> <span class='ocrx_word' id='word_1_484' title='bbox 3292 2322 3450 2392; x_wconf 75' lang='lat' dir='ltr'><strong>longe</strong></span> 
     </span>
    </p>
   </div>
   <div class='ocr_carea' id='block_1_68' title="bbox 1877 2411 3450 2479">
    <p class='ocr_par' dir='ltr' id='par_1_68' title="bbox 1877 2411 3450 2479">
     <span class='ocr_line' id='line_1_68' title="bbox 1877 2411 3450 2479; baseline 0 -16"><span class='ocrx_word' id='word_1_485' title='bbox 1877 2414 2092 2473; x_wconf 87' lang='lat' dir='ltr'><strong>absum,</strong></span> <span class='ocrx_word' id='word_1_486' title='bbox 2129 2425 2224 2477; x_wconf 86' lang='lat' dir='ltr'><strong>per</strong></span> <span class='ocrx_word' id='word_1_487' title='bbox 2257 2411 2563 2462; x_wconf 90' lang='lat' dir='ltr'><strong>litterarum</strong></span> <span class='ocrx_word' id='word_1_488' title='bbox 2624 2426 2825 2479; x_wconf 87' lang='lat' dir='ltr'><strong>corpus</strong></span> <span class='ocrx_word' id='word_1_489' title='bbox 2883 2413 3074 2464; x_wconf 80' lang='lat' dir='ltr'><strong>adsum</strong></span> <span class='ocrx_word' id='word_1_490' title='bbox 3131 2412 3247 2473; x_wconf 91' lang='lat' dir='ltr'><strong>tibi,</strong></span> <span class='ocrx_word' id='word_1_491' title='bbox 3281 2412 3450 2466; x_wconf 80' lang='lat' dir='ltr'><strong>frater</strong></span> 
     </span>
    </p>
   </div>
   <div class='ocr_carea' id='block_1_69' title="bbox 1876 2501 3443 2570">
    <p class='ocr_par' dir='ltr' id='par_1_69' title="bbox 1876 2501 3443 2570">
     <span class='ocr_line' id='line_1_69' title="bbox 1876 2501 3443 2570; baseline 0.001 -16"><span class='ocrx_word' id='word_1_492' title='bbox 1876 2502 2249 2564; x_wconf 88' lang='lat' dir='ltr'><strong>sanctissime,</strong></span> <span class='ocrx_word' id='word_1_493' title='bbox 2283 2511 2337 2554; x_wconf 90' lang='lat' dir='ltr'><strong>et</strong></span> <span class='ocrx_word' id='word_1_494' title='bbox 2374 2501 2589 2569; x_wconf 91' lang='lat' dir='ltr'><strong>loquor,</strong></span> <span class='ocrx_word' id='word_1_495' title='bbox 2618 2509 2672 2554; x_wconf 83' lang='lat' dir='ltr'><strong>et</strong></span> <span class='ocrx_word' id='word_1_496' title='bbox 2699 2503 2899 2563; x_wconf 91' lang='lat' dir='ltr'><strong>saluto,</strong></span> <span class='ocrx_word' id='word_1_497' title='bbox 2928 2509 2982 2554; x_wconf 84' lang='lat' dir='ltr'><strong>ct</strong></span> <span class='ocrx_word' id='word_1_498' title='bbox 3014 2502 3078 2554; x_wconf 90' lang='lat' dir='ltr'><strong>ad</strong></span> <span class='ocrx_word' id='word_1_499' title='bbox 3122 2518 3260 2570; x_wconf 88' lang='lat' dir='ltr'><strong>opus</strong></span> <span class='ocrx_word' id='word_1_500' title='bbox 3297 2503 3443 2570; x_wconf 89' lang='lat' dir='ltr'><strong>quod</strong></span> 
     </span>
    </p>
   </div>
   <div class='ocr_carea' id='block_1_70' title="bbox 1873 2592 3447 2660">
    <p class='ocr_par' dir='ltr' id='par_1_70' title="bbox 1873 2592 3447 2660">
     <span class='ocr_line' id='line_1_70' title="bbox 1873 2592 3447 2660; baseline 0.001 -14"><span class='ocrx_word' id='word_1_501' title='bbox 1873 2592 1939 2646; x_wconf 89' lang='lat' dir='ltr'><strong>ad</strong></span> <span class='ocrx_word' id='word_1_502' title='bbox 1969 2609 2065 2645; x_wconf 91' lang='lat' dir='ltr'><strong>nos</strong></span> <span class='ocrx_word' id='word_1_503' title='bbox 2098 2600 2327 2660; x_wconf 89' lang='lat' dir='ltr'><strong>spectat,</strong></span> <span class='ocrx_word' id='word_1_504' title='bbox 2358 2592 2641 2646; x_wconf 78' lang='lat' dir='ltr'><strong>exhortor.</strong></span> <span class='ocrx_word' id='word_1_505' title='bbox 2677 2592 2730 2645; x_wconf 93' lang='lat' dir='ltr'><strong>Id</strong></span> <span class='ocrx_word' id='word_1_506' title='bbox 2765 2593 3022 2646; x_wconf 89' lang='lat' dir='ltr'><strong>nimirum</strong></span> <span class='ocrx_word' id='word_1_507' title='bbox 3050 2609 3230 2648; x_wconf 86' lang='lat' dir='ltr'><strong>sermo</strong></span> <span class='ocrx_word' id='word_1_508' title='bbox 3260 2603 3362 2655; x_wconf 76' lang='lat' dir='ltr'><strong>est,</strong></span> <span class='ocrx_word' id='word_1_509' title='bbox 3393 2604 3447 2648; x_wconf 89' lang='lat' dir='ltr'><strong>et</strong></span> 
     </span>
    </p>
   </div>
   <div class='ocr_carea' id='block_1_71' title="bbox 1873 2682 3444 2747">
    <p class='ocr_par' dir='ltr' id='par_1_71' title="bbox 1873 2682 3444 2747">
     <span class='ocr_line' id='line_1_71' title="bbox 1873 2682 3444 2747; baseline -0.001 -10"><span class='ocrx_word' id='word_1_510' title='bbox 1873 2683 2157 2738; x_wconf 88' lang='lat' dir='ltr'><strong>meditatio</strong></span> <span class='ocrx_word' id='word_1_511' title='bbox 2182 2683 2490 2737; x_wconf 81' lang='lat' dir='ltr'><strong>divinorum</strong></span> <span class='ocrx_word' id='word_1_512' title='bbox 2518 2685 2894 2736; x_wconf 88' lang='lat' dir='ltr'><strong>mandatorum</strong></span> <span class='ocrx_word' id='word_1_513' title='bbox 2962 2692 3016 2736; x_wconf 85' lang='lat' dir='ltr'><strong>et</strong></span> <span class='ocrx_word' id='word_1_514' title='bbox 3065 2682 3444 2747; x_wconf 81' lang='lat' dir='ltr'><strong>historiarum,</strong></span> 
     </span>
    </p>
   </div>
   <div class='ocr_carea' id='block_1_72' title="bbox 1871 2773 3443 2844">
    <p class='ocr_par' dir='ltr' id='par_1_72' title="bbox 1871 2773 3443 2844">
     <span class='ocr_line' id='line_1_72' title="bbox 1871 2773 3443 2844; baseline -0.001 -17"><span class='ocrx_word' id='word_1_515' title='bbox 1871 2791 1934 2827; x_wconf 80' lang='lat' dir='ltr'><strong>ex</strong></span> <span class='ocrx_word' id='word_1_516' title='bbox 1974 2789 2082 2843; x_wconf 89' lang='lat' dir='ltr'><strong>qua</strong></span> <span class='ocrx_word' id='word_1_517' title='bbox 2150 2773 2294 2844; x_wconf 72' lang='lat' dir='ltr'><strong>ignis</strong></span> <span class='ocrx_word' id='word_1_518' title='bbox 2347 2775 2651 2826; x_wconf 81' lang='lat' dir='ltr'><strong>exardescit</strong></span> <span class='ocrx_word' id='word_1_519' title='bbox 2728 2774 2933 2827; x_wconf 83' lang='lat' dir='ltr'><strong>amoris</strong></span> <span class='ocrx_word' id='word_1_520' title='bbox 2979 2788 3106 2840; x_wconf 78' lang='lat' dir='ltr'><strong>erga</strong></span> <span class='ocrx_word' id='word_1_521' title='bbox 3164 2775 3443 2835; x_wconf 86' lang='lat' dir='ltr'><strong>virtutem,</strong></span> 
     </span>
    </p>
   </div>
   <div class='ocr_carea' id='block_1_73' title="bbox 1872 2863 3443 2933">
    <p class='ocr_par' dir='ltr' id='par_1_73' title="bbox 1872 2863 3443 2933">
     <span class='ocr_line' id='line_1_73' title="bbox 1872 2863 3443 2933; baseline -0.003 -14"><span class='ocrx_word' id='word_1_522' title='bbox 1872 2865 2139 2933; x_wconf 88' lang='lat' dir='ltr'><strong>siquidem</strong></span> <span class='ocrx_word' id='word_1_523' title='bbox 2172 2863 2336 2916; x_wconf 83' lang='lat' dir='ltr'><strong>David</strong></span> <span class='ocrx_word' id='word_1_524' title='bbox 2369 2864 2600 2931; x_wconf 80' lang='lat' dir='ltr'><strong>hujusce</strong></span> <span class='ocrx_word' id='word_1_525' title='bbox 2632 2864 2707 2916; x_wconf 90' lang='lat' dir='ltr'><strong>rei</strong></span> <span class='ocrx_word' id='word_1_526' title='bbox 2760 2863 2915 2915; x_wconf 86' lang='lat' dir='ltr'><strong>testis</strong></span> <span class='ocrx_word' id='word_1_527' title='bbox 2965 2863 3067 2916; x_wconf 89' lang='lat' dir='ltr'><strong>lide</strong></span> <span class='ocrx_word' id='word_1_528' title='bbox 3104 2863 3300 2932; x_wconf 78' lang='lat' dir='ltr'><strong>dignus</strong></span> <span class='ocrx_word' id='word_1_529' title='bbox 3332 2882 3347 2918; x_wconf 89' lang='lat'><strong>:</strong></span> <span class='ocrx_word' id='word_1_530' title='bbox 3383 2863 3443 2916; x_wconf 81' lang='lat' dir='ltr'><strong>In</strong></span> 
     </span>
    </p>
   </div>
   <div class='ocr_carea' id='block_1_74' title="bbox 1870 2952 3430 3022">
    <p class='ocr_par' dir='ltr' id='par_1_74' title="bbox 1870 2952 3430 3022">
     <span class='ocr_line' id='line_1_74' title="bbox 1870 2952 3430 3022; baseline 0.001 -16"><span class='ocrx_word' id='word_1_531' title='bbox 1870 2954 2207 3006; x_wconf 79' lang='lat' dir='ltr'><strong>meditatione</strong></span> <span class='ocrx_word' id='word_1_532' title='bbox 2228 2970 2364 3018; x_wconf 88' lang='lat' dir='ltr'><strong>mea,</strong></span> <span class='ocrx_word' id='word_1_533' title='bbox 2398 2953 2590 3022; x_wconf 89' lang='lat' dir='ltr'><strong>inquit,</strong></span> <span class='ocrx_word' id='word_1_534' title='bbox 2636 2953 2930 3005; x_wconf 78' lang='lat' dir='ltr'><strong>exardescit</strong></span> <span class='ocrx_word' id='word_1_535' title='bbox 2961 2954 3095 3021; x_wconf 83' lang='lat' dir='ltr'><strong>ignis</strong></span> <span class='ocrx_word' id='word_1_536' title='bbox 3132 2955 3173 3006; x_wconf 85' lang='grc'>⁵.</span> <span class='ocrx_word' id='word_1_537' title='bbox 3204 2952 3302 3008; x_wconf 84' lang='lat' dir='ltr'><strong>Hic</strong></span> <span class='ocrx_word' id='word_1_538' title='bbox 3340 2954 3430 3008; x_wconf 89' lang='lat' dir='ltr'><strong>ille</strong></span> 
     </span>
    </p>
   </div>
   <div class='ocr_carea' id='block_1_75' title="bbox 1871 3042 3441 3113">
    <p class='ocr_par' dir='ltr' id='par_1_75' title="bbox 1871 3042 3441 3113">
     <span class='ocr_line' id='line_1_75' title="bbox 1871 3042 3441 3113; baseline 0 -19"><span class='ocrx_word' id='word_1_539' title='bbox 1871 3043 2011 3113; x_wconf 81' lang='lat' dir='ltr'><strong>ignis</strong></span> <span class='ocrx_word' id='word_1_540' title='bbox 2047 3044 2138 3112; x_wconf 90' lang='lat' dir='ltr'><strong>qui</strong></span> <span class='ocrx_word' id='word_1_541' title='bbox 2171 3058 2388 3096; x_wconf 86' lang='lat' dir='ltr'><strong>onmem</strong></span> <span class='ocrx_word' id='word_1_542' title='bbox 2445 3042 2728 3094; x_wconf 85' lang='lat' dir='ltr'><strong>materiam</strong></span> <span class='ocrx_word' id='word_1_543' title='bbox 2799 3042 3030 3109; x_wconf 83' lang='lat' dir='ltr'><strong>ligneam</strong></span> <span class='ocrx_word' id='word_1_544' title='bbox 3093 3051 3146 3096; x_wconf 88' lang='lat' dir='ltr'><strong>et</strong></span> <span class='ocrx_word' id='word_1_545' title='bbox 3201 3053 3441 3096; x_wconf 85' lang='lat' dir='ltr'><strong>arentem</strong></span> 
     </span>
    </p>
   </div>
   <div class='ocr_carea' id='block_1_76' title="bbox 1869 3131 3444 3202">
    <p class='ocr_par' dir='ltr' id='par_1_76' title="bbox 1869 3131 3444 3202">
     <span class='ocr_line' id='line_1_76' title="bbox 1869 3131 3444 3202; baseline -0.001 -15"><span class='ocrx_word' id='word_1_546' title='bbox 1869 3133 2113 3194; x_wconf 87' lang='lat' dir='ltr'><strong>devorat,</strong></span> <span class='ocrx_word' id='word_1_547' title='bbox 2148 3143 2202 3185; x_wconf 93' lang='lat' dir='ltr'><strong>et</strong></span> <span class='ocrx_word' id='word_1_548' title='bbox 2239 3141 2502 3201; x_wconf 88' lang='lat' dir='ltr'><strong>quantum</strong></span> <span class='ocrx_word' id='word_1_549' title='bbox 2545 3133 2598 3201; x_wconf 83' lang='lat' dir='ltr'><strong>in</strong></span> <span class='ocrx_word' id='word_1_550' title='bbox 2644 3143 2694 3185; x_wconf 91' lang='lat' dir='ltr'><strong>te</strong></span> <span class='ocrx_word' id='word_1_551' title='bbox 2717 3143 2798 3186; x_wconf 92' lang='lat' dir='ltr'><strong>est</strong></span> <span class='ocrx_word' id='word_1_552' title='bbox 2818 3131 2938 3185; x_wconf 87' lang='lat' dir='ltr'><strong>falsi</strong></span> <span class='ocrx_word' id='word_1_553' title='bbox 2983 3133 3101 3184; x_wconf 89' lang='lat' dir='ltr'><strong>auri</strong></span> <span class='ocrx_word' id='word_1_554' title='bbox 3137 3141 3190 3186; x_wconf 91' lang='lat' dir='ltr'><strong>ct</strong></span> <span class='ocrx_word' id='word_1_555' title='bbox 3214 3134 3444 3202; x_wconf 85' lang='lat' dir='ltr'><strong>sulphu-</strong></span> 
     </span>
    </p>
   </div>
   <div class='ocr_carea' id='block_1_77' title="bbox 1869 3223 3442 3288">
    <p class='ocr_par' dir='ltr' id='par_1_77' title="bbox 1869 3223 3442 3288">
     <span class='ocr_line' id='line_1_77' title="bbox 1869 3223 3442 3288; baseline 0.001 -12"><span class='ocrx_word' id='word_1_556' title='bbox 1869 3225 1961 3278; x_wconf 87' lang='lat' dir='ltr'><strong>ris.</strong></span> <span class='ocrx_word' id='word_1_557' title='bbox 1986 3223 2084 3278; x_wconf 85' lang='lat' dir='ltr'><strong>Hic</strong></span> <span class='ocrx_word' id='word_1_558' title='bbox 2110 3233 2315 3288; x_wconf 89' lang='lat' dir='ltr'><strong>autem,</strong></span> <span class='ocrx_word' id='word_1_559' title='bbox 2343 3236 2399 3277; x_wconf 92' lang='lat' dir='ltr'><strong>ut</strong></span> <span class='ocrx_word' id='word_1_560' title='bbox 2424 3224 2718 3284; x_wconf 80' lang='lat' dir='ltr'><strong>credimus,</strong></span> <span class='ocrx_word' id='word_1_561' title='bbox 2740 3232 2974 3276; x_wconf 89' lang='lat' dir='ltr'><strong>mentem</strong></span> <span class='ocrx_word' id='word_1_562' title='bbox 3005 3224 3224 3277; x_wconf 80' lang='grc' dir='ltr'><strong>011ῖηίηο</strong></span> <span class='ocrx_word' id='word_1_563' title='bbox 3243 3224 3442 3277; x_wconf 88' lang='lat' dir='ltr'><strong>illumi-</strong></span> 
     </span>
    </p>
   </div>
   <div class='ocr_carea' id='block_1_78' title="bbox 1869 3314 3439 3382">
    <p class='ocr_par' dir='ltr' id='par_1_78' title="bbox 1869 3314 3439 3382">
     <span class='ocr_line' id='line_1_78' title="bbox 1869 3314 3439 3382; baseline -0.001 -14"><span class='ocrx_word' id='word_1_564' title='bbox 1869 3315 2016 3368; x_wconf 88' lang='lat' dir='ltr'><strong>nabit</strong></span> <span class='ocrx_word' id='word_1_565' title='bbox 2048 3323 2102 3367; x_wconf 90' lang='lat' dir='ltr'><strong>et</strong></span> <span class='ocrx_word' id='word_1_566' title='bbox 2135 3314 2452 3368; x_wconf 91' lang='lat' dir='ltr'><strong>emundabit</strong></span> <span class='ocrx_word' id='word_1_567' title='bbox 2487 3323 2542 3367; x_wconf 91' lang='lat' dir='ltr'><strong>et</strong></span> <span class='ocrx_word' id='word_1_568' title='bbox 2604 3314 2672 3366; x_wconf 89' lang='lat' dir='ltr'><strong>ab</strong></span> <span class='ocrx_word' id='word_1_569' title='bbox 2711 3314 2858 3366; x_wconf 91' lang='lat' dir='ltr'><strong>omni</strong></span> <span class='ocrx_word' id='word_1_570' title='bbox 2915 3314 3162 3382; x_wconf 89' lang='lat' dir='ltr'><strong>plumbea</strong></span> <span class='ocrx_word' id='word_1_571' title='bbox 3212 3315 3439 3368; x_wconf 86' lang='lat' dir='ltr'><strong>commi-</strong></span> 
     </span>
    </p>
   </div>
   <div class='ocr_carea' id='block_1_79' title="bbox 1867 3405 3437 3468">
    <p class='ocr_par' dir='ltr' id='par_1_79' title="bbox 1867 3405 3437 3468">
     <span class='ocr_line' id='line_1_79' title="bbox 1867 3405 3437 3468; baseline 0 -9"><span class='ocrx_word' id='word_1_572' title='bbox 1867 3407 2044 3460; x_wconf 80' lang='lat' dir='ltr'><strong>stione</strong></span> <span class='ocrx_word' id='word_1_573' title='bbox 2093 3405 2252 3459; x_wconf 83' lang='lat' dir='ltr'><strong>faciet</strong></span> <span class='ocrx_word' id='word_1_574' title='bbox 2315 3406 2563 3460; x_wconf 85' lang='lat' dir='ltr'><strong>liberam.</strong></span> <span class='ocrx_word' id='word_1_575' title='bbox 2610 3405 2798 3460; x_wconf 79' lang='lat' dir='ltr'><strong>Nonne</strong></span> <span class='ocrx_word' id='word_1_576' title='bbox 2865 3420 2961 3458; x_wconf 91' lang='lat' dir='ltr'><strong>cor</strong></span> <span class='ocrx_word' id='word_1_577' title='bbox 3024 3416 3296 3468; x_wconf 87' lang='lat' dir='ltr'><strong>nostrum,</strong></span> <span class='ocrx_word' id='word_1_578' title='bbox 3349 3405 3437 3459; x_wconf 89' lang='lat' dir='ltr'><strong>in-</strong></span> 
     </span>
    </p>
   </div>
   <div class='ocr_carea' id='block_1_80' title="bbox 1866 3497 3438 3567">
    <p class='ocr_par' dir='ltr' id='par_1_80' title="bbox 1866 3497 3438 3567">
     <span class='ocr_line' id='line_1_80' title="bbox 1866 3497 3438 3567; baseline -0.001 -17"><span class='ocrx_word' id='word_1_579' title='bbox 1866 3500 2084 3567; x_wconf 89' lang='lat' dir='ltr'><strong>quiunt,</strong></span> <span class='ocrx_word' id='word_1_580' title='bbox 2131 3501 2330 3554; x_wconf 88' lang='lat' dir='ltr'><strong>ardens</strong></span> <span class='ocrx_word' id='word_1_581' title='bbox 2383 3506 2499 3552; x_wconf 90' lang='lat' dir='ltr'><strong>erat</strong></span> <span class='ocrx_word' id='word_1_582' title='bbox 2564 3499 2617 3551; x_wconf 91' lang='lat' dir='ltr'><strong>in</strong></span> <span class='ocrx_word' id='word_1_583' title='bbox 2685 3498 2864 3561; x_wconf 89' lang='lat' dir='ltr'><strong>nobis,</strong></span> <span class='ocrx_word' id='word_1_584' title='bbox 2939 3497 3067 3551; x_wconf 89' lang='lat' dir='ltr'><strong>dum</strong></span> <span class='ocrx_word' id='word_1_585' title='bbox 3127 3498 3438 3567; x_wconf 85' lang='lat' dir='ltr'><strong>loqueretur</strong></span> 
     </span>
    </p>
   </div>
   <div class='ocr_carea' id='block_1_81' title="bbox 1866 3587 3437 3657">
    <p class='ocr_par' dir='ltr' id='par_1_81' title="bbox 1866 3587 3437 3657">
     <span class='ocr_line' id='line_1_81' title="bbox 1866 3587 3437 3657; baseline -0.001 -15"><span class='ocrx_word' id='word_1_586' title='bbox 1866 3591 2148 3644; x_wconf 91' lang='lat' dir='ltr'><strong>nobiscum</strong></span> <span class='ocrx_word' id='word_1_587' title='bbox 2182 3590 2235 3643; x_wconf 92' lang='lat' dir='ltr'><strong>in</strong></span> <span class='ocrx_word' id='word_1_588' title='bbox 2300 3590 2402 3651; x_wconf 86' lang='lat' dir='ltr'><strong>via,</strong></span> <span class='ocrx_word' id='word_1_589' title='bbox 2448 3597 2502 3642; x_wconf 90' lang='lat' dir='ltr'><strong>et</strong></span> <span class='ocrx_word' id='word_1_590' title='bbox 2536 3588 2769 3656; x_wconf 81' lang='lat' dir='ltr'><strong>aperiret</strong></span> <span class='ocrx_word' id='word_1_591' title='bbox 2820 3589 2977 3643; x_wconf 87' lang='lat' dir='ltr'><strong>nobis</strong></span> <span class='ocrx_word' id='word_1_592' title='bbox 3036 3587 3344 3657; x_wconf 58' lang='lat' dir='ltr'><strong>Scripturas</strong></span> <span class='ocrx_word' id='word_1_593' title='bbox 3373 3588 3437 3641; x_wconf 81' lang='lat'><strong>‘?</strong></span> 
     </span>
    </p>
   </div>
   <div class='ocr_carea' id='block_1_82' title="bbox 1864 3679 3434 3742">
    <p class='ocr_par' dir='ltr' id='par_1_82' title="bbox 1864 3679 3434 3742">
     <span class='ocr_line' id='line_1_82' title="bbox 1864 3679 3434 3742; baseline -0.003 -6"><span class='ocrx_word' id='word_1_594' title='bbox 1864 3683 2167 3736; x_wconf 81' lang='lat' dir='ltr'><strong>Coatitatur</strong></span> <span class='ocrx_word' id='word_1_595' title='bbox 2188 3682 2348 3736; x_wconf 89' lang='lat' dir='ltr'><strong>etiam</strong></span> <span class='ocrx_word' id='word_1_596' title='bbox 2382 3691 2431 3734; x_wconf 90' lang='lat' dir='ltr'><strong>te</strong></span> <span class='ocrx_word' id='word_1_597' title='bbox 2456 3679 2717 3733; x_wconf 89' lang='lat' dir='ltr'><strong>Dominus</strong></span> <span class='ocrx_word' id='word_1_598' title='bbox 2765 3680 2818 3732; x_wconf 91' lang='lat' dir='ltr'><strong>in</strong></span> <span class='ocrx_word' id='word_1_599' title='bbox 2854 3680 2938 3732; x_wconf 87' lang='lat' dir='ltr'><strong>via</strong></span> <span class='ocrx_word' id='word_1_600' title='bbox 2968 3680 3112 3742; x_wconf 65' lang='lat' dir='ltr'><strong>vitm,</strong></span> <span class='ocrx_word' id='word_1_601' title='bbox 3165 3689 3218 3732; x_wconf 93' lang='lat' dir='ltr'><strong>et</strong></span> <span class='ocrx_word' id='word_1_602' title='bbox 3255 3688 3434 3732; x_wconf 87' lang='lat' dir='ltr'><strong>tecum</strong></span> 
     </span>
    </p>
   </div>
   <div class='ocr_carea' id='block_1_83' title="bbox 1864 3770 3434 3842">
    <p class='ocr_par' dir='ltr' id='par_1_83' title="bbox 1864 3770 3434 3842">
     <span class='ocr_line' id='line_1_83' title="bbox 1864 3770 3434 3842; baseline -0.003 -15"><span class='ocrx_word' id='word_1_603' title='bbox 1864 3775 2024 3828; x_wconf 85' lang='lat' dir='ltr'><strong>estin</strong></span> <span class='ocrx_word' id='word_1_604' title='bbox 2057 3773 2502 3842; x_wconf 86' lang='lat' dir='ltr'><strong>archiepiscopali</strong></span> <span class='ocrx_word' id='word_1_605' title='bbox 2533 3773 2819 3841; x_wconf 83' lang='lat' dir='ltr'><strong>dignitate.</strong></span> <span class='ocrx_word' id='word_1_606' title='bbox 2853 3771 3008 3835; x_wconf 88' lang='lat' dir='ltr'><strong>Quod</strong></span> <span class='ocrx_word' id='word_1_607' title='bbox 3042 3770 3088 3824; x_wconf 91' lang='lat' dir='ltr'><strong>si</strong></span> <span class='ocrx_word' id='word_1_608' title='bbox 3117 3771 3254 3823; x_wconf 80' lang='lat' dir='ltr'><strong>velis</strong></span> <span class='ocrx_word' id='word_1_609' title='bbox 3281 3770 3434 3822; x_wconf 90' lang='lat' dir='ltr'><strong>illum</strong></span> 
     </span>
    </p>
   </div>
   <div class='ocr_carea' id='block_1_84' title="bbox 1864 3860 3436 3932">
    <p class='ocr_par' dir='ltr' id='par_1_84' title="bbox 1864 3860 3436 3932">
     <span class='ocr_line' id='line_1_84' title="bbox 1864 3860 3436 3932; baseline -0.003 -15"><span class='ocrx_word' id='word_1_610' title='bbox 1864 3864 2072 3928; x_wconf 90' lang='lat' dir='ltr'><strong>audire,</strong></span> <span class='ocrx_word' id='word_1_611' title='bbox 2111 3865 2352 3932; x_wconf 87' lang='lat' dir='ltr'><strong>loquitur</strong></span> <span class='ocrx_word' id='word_1_612' title='bbox 2403 3864 2540 3916; x_wconf 90' lang='lat' dir='ltr'><strong>dans</strong></span> <span class='ocrx_word' id='word_1_613' title='bbox 2565 3877 2751 3916; x_wconf 88' lang='lat' dir='ltr'><strong>vocem</strong></span> <span class='ocrx_word' id='word_1_614' title='bbox 2790 3876 2943 3914; x_wconf 91' lang='lat' dir='ltr'><strong>suam</strong></span> <span class='ocrx_word' id='word_1_615' title='bbox 2971 3862 3023 3913; x_wconf 92' lang='lat' dir='ltr'><strong>in</strong></span> <span class='ocrx_word' id='word_1_616' title='bbox 3055 3861 3355 3929; x_wconf 85' lang='lat' dir='ltr'><strong>prophetis,</strong></span> <span class='ocrx_word' id='word_1_617' title='bbox 3378 3860 3436 3913; x_wconf 86' lang='lat' dir='ltr'><strong>in</strong></span> 
     </span>
    </p>
   </div>
   <div class='ocr_carea' id='block_1_85' title="bbox 1863 3952 3430 4024">
    <p class='ocr_par' dir='ltr' id='par_1_85' title="bbox 1863 3952 3430 4024">
     <span class='ocr_line' id='line_1_85' title="bbox 1863 3952 3430 4024; baseline -0.003 -16"><span class='ocrx_word' id='word_1_618' title='bbox 1863 3955 2146 4024; x_wconf 88' lang='lat' dir='ltr'><strong>apostolis,</strong></span> <span class='ocrx_word' id='word_1_619' title='bbox 2201 3954 2252 4006; x_wconf 91' lang='lat' dir='ltr'><strong>in</strong></span> <span class='ocrx_word' id='word_1_620' title='bbox 2305 3954 2680 4020; x_wconf 78' lang='lat' dir='ltr'><strong>evangelistis,</strong></span> <span class='ocrx_word' id='word_1_621' title='bbox 2720 3954 2775 4005; x_wconf 90' lang='lat' dir='ltr'><strong>in</strong></span> <span class='ocrx_word' id='word_1_622' title='bbox 2833 3952 3112 4006; x_wconf 78' lang='lat' dir='ltr'><strong>veteribus</strong></span> <span class='ocrx_word' id='word_1_623' title='bbox 3168 3952 3430 4005; x_wconf 84' lang='lat' dir='ltr'><strong>historiis.</strong></span> 
     </span>
    </p>
   </div>
   <div class='ocr_carea' id='block_1_86' title="bbox 1862 4042 3432 4113">
    <p class='ocr_par' dir='ltr' id='par_1_86' title="bbox 1862 4042 3432 4113">
     <span class='ocr_line' id='line_1_86' title="bbox 1862 4042 3432 4113; baseline -0.004 -13"><span class='ocrx_word' id='word_1_624' title='bbox 1862 4047 1996 4100; x_wconf 85' lang='lat' dir='ltr'><strong>Cum</strong></span> <span class='ocrx_word' id='word_1_625' title='bbox 2034 4044 2195 4113; x_wconf 79' lang='lat' dir='ltr'><strong>igitur</strong></span> <span class='ocrx_word' id='word_1_626' title='bbox 2229 4052 2282 4096; x_wconf 88' lang='lat' dir='ltr'><strong>te</strong></span> <span class='ocrx_word' id='word_1_627' title='bbox 2313 4042 2669 4108; x_wconf 87' lang='lat' dir='ltr'><strong>accipientem</strong></span> <span class='ocrx_word' id='word_1_628' title='bbox 2706 4043 3025 4110; x_wconf 86' lang='lat' dir='ltr'><strong>alloquitur,</strong></span> <span class='ocrx_word' id='word_1_629' title='bbox 3063 4042 3274 4095; x_wconf 87' lang='lat' dir='ltr'><strong>ardebit</strong></span> <span class='ocrx_word' id='word_1_630' title='bbox 3315 4057 3432 4102; x_wconf 90' lang='lat' dir='ltr'><strong>cor.</strong></span> 
     </span>
    </p>
   </div>
   <div class='ocr_carea' id='block_1_87' title="bbox 1861 4132 3434 4200">
    <p class='ocr_par' dir='ltr' id='par_1_87' title="bbox 1861 4132 3434 4200">
     <span class='ocr_line' id='line_1_87' title="bbox 1861 4132 3434 4200; baseline -0.001 -12"><span class='ocrx_word' id='word_1_631' title='bbox 1861 4144 1914 4188; x_wconf 86' lang='lat' dir='ltr'><strong>ct</strong></span> <span class='ocrx_word' id='word_1_632' title='bbox 1941 4134 2208 4188; x_wconf 84' lang='lat' dir='ltr'><strong>carbones</strong></span> <span class='ocrx_word' id='word_1_633' title='bbox 2259 4134 2510 4187; x_wconf 85' lang='lat' dir='ltr'><strong>succensi</strong></span> <span class='ocrx_word' id='word_1_634' title='bbox 2567 4140 2729 4186; x_wconf 86' lang='lat' dir='ltr'><strong>erunt</strong></span> <span class='ocrx_word' id='word_1_635' title='bbox 2779 4133 2848 4185; x_wconf 92' lang='lat' dir='ltr'><strong>ab</strong></span> <span class='ocrx_word' id='word_1_636' title='bbox 2893 4147 2957 4184; x_wconf 89' lang='lat' dir='ltr'><strong>eo</strong></span> <span class='ocrx_word' id='word_1_637' title='bbox 2987 4133 3036 4196; x_wconf 89' lang='lat'><strong>&quot;,</strong></span> <span class='ocrx_word' id='word_1_638' title='bbox 3092 4132 3333 4200; x_wconf 73' lang='lat' dir='ltr'><strong>reliquia:</strong></span> <span class='ocrx_word' id='word_1_639' title='bbox 3380 4142 3434 4187; x_wconf 82' lang='lat' dir='ltr'><strong>et</strong></span> 
     </span>
    </p>
   </div>
   <div class='ocr_carea' id='block_1_88' title="bbox 1863 4223 3434 4293">
    <p class='ocr_par' dir='ltr' id='par_1_88' title="bbox 1863 4223 3434 4293">
     <span class='ocr_line' id='line_1_88' title="bbox 1863 4223 3434 4293; baseline 0.001 -15"><span class='ocrx_word' id='word_1_640' title='bbox 1863 4227 2122 4279; x_wconf 88' lang='lat' dir='ltr'><strong>memoria</strong></span> <span class='ocrx_word' id='word_1_641' title='bbox 2153 4239 2366 4286; x_wconf 86' lang='lat' dir='ltr'><strong>eorum,</strong></span> <span class='ocrx_word' id='word_1_642' title='bbox 2388 4239 2507 4293; x_wconf 63' lang='lat' dir='ltr'><strong>quae</strong></span> <span class='ocrx_word' id='word_1_643' title='bbox 2529 4225 2672 4279; x_wconf 89' lang='lat' dir='ltr'><strong>dicta</strong></span> <span class='ocrx_word' id='word_1_644' title='bbox 2703 4232 2756 4277; x_wconf 89' lang='lat' dir='ltr'><strong>et</strong></span> <span class='ocrx_word' id='word_1_645' title='bbox 2786 4225 2921 4277; x_wconf 90' lang='lat' dir='ltr'><strong>lecta</strong></span> <span class='ocrx_word' id='word_1_646' title='bbox 2975 4233 3104 4277; x_wconf 86' lang='lat' dir='ltr'><strong>sunt</strong></span> <span class='ocrx_word' id='word_1_647' title='bbox 3158 4224 3276 4277; x_wconf 91' lang='lat' dir='ltr'><strong>tibi.</strong></span> <span class='ocrx_word' id='word_1_648' title='bbox 3329 4223 3434 4279; x_wconf 75' lang='lat' dir='ltr'><strong>Vc-</strong></span> 
     </span>
    </p>
   </div>
   <div class='ocr_carea' id='block_1_89' title="bbox 1862 4315 3433 4384">
    <p class='ocr_par' dir='ltr' id='par_1_89' title="bbox 1862 4315 3433 4384">
     <span class='ocr_line' id='line_1_89' title="bbox 1862 4315 3433 4384; baseline 0.002 -15"><span class='ocrx_word' id='word_1_649' title='bbox 1862 4325 2190 4378; x_wconf 83' lang='lat' dir='ltr'><strong>rumtamen,</strong></span> <span class='ocrx_word' id='word_1_650' title='bbox 2215 4315 2450 4384; x_wconf 88' lang='lat' dir='ltr'><strong>inquies,</strong></span> <span class='ocrx_word' id='word_1_651' title='bbox 2477 4316 2602 4383; x_wconf 89' lang='lat' dir='ltr'><strong>quia</strong></span> <span class='ocrx_word' id='word_1_652' title='bbox 2629 4315 2913 4368; x_wconf 87' lang='lat' dir='ltr'><strong>tenebrosa</strong></span> <span class='ocrx_word' id='word_1_653' title='bbox 2943 4331 3082 4384; x_wconf 90' lang='lat' dir='ltr'><strong>aqua</strong></span> <span class='ocrx_word' id='word_1_654' title='bbox 3116 4317 3168 4369; x_wconf 93' lang='lat' dir='ltr'><strong>in</strong></span> <span class='ocrx_word' id='word_1_655' title='bbox 3193 4317 3433 4372; x_wconf 85' lang='lat' dir='ltr'><strong>nubibus</strong></span> 
     </span>
    </p>
   </div>
   <div class='ocr_carea' id='block_1_90' title="bbox 1863 4404 3430 4470">
    <p class='ocr_par' dir='ltr' id='par_1_90' title="bbox 1863 4404 3430 4470">
     <span class='ocr_line' id='line_1_90' title="bbox 1863 4404 3430 4470; baseline 0.001 -11"><span class='ocrx_word' id='word_1_656' title='bbox 1863 4407 2004 4460; x_wconf 87' lang='lat' dir='ltr'><strong>aeris</strong></span> <span class='ocrx_word' id='word_1_657' title='bbox 2023 4404 2068 4470; x_wconf 77' lang='lat'><strong>&#39;,</strong></span> <span class='ocrx_word' id='word_1_658' title='bbox 2094 4407 2196 4458; x_wconf 89' lang='lat' dir='ltr'><strong>boc</strong></span> <span class='ocrx_word' id='word_1_659' title='bbox 2225 4413 2309 4459; x_wconf 88' lang='lat' dir='ltr'><strong>est</strong></span> <span class='ocrx_word' id='word_1_660' title='bbox 2337 4406 2667 4470; x_wconf 78' lang='lat' dir='ltr'><strong>obscuritas,</strong></span> <span class='ocrx_word' id='word_1_661' title='bbox 2688 4415 2742 4459; x_wconf 91' lang='lat' dir='ltr'><strong>et</strong></span> <span class='ocrx_word' id='word_1_662' title='bbox 2774 4409 3011 4459; x_wconf 85' lang='lat' dir='ltr'><strong>tenebrae</strong></span> <span class='ocrx_word' id='word_1_663' title='bbox 3028 4414 3159 4459; x_wconf 88' lang='lat' dir='ltr'><strong>sunt</strong></span> <span class='ocrx_word' id='word_1_664' title='bbox 3184 4409 3237 4460; x_wconf 84' lang='lat' dir='ltr'><strong>in</strong></span> <span class='ocrx_word' id='word_1_665' title='bbox 3271 4407 3430 4460; x_wconf 83' lang='lat' dir='ltr'><strong>nubi-</strong></span> 
     </span>
    </p>
   </div>
   <div class='ocr_carea' id='block_1_91' title="bbox 193 4489 1867 4576">
    <p class='ocr_par' dir='ltr' id='par_1_91' title="bbox 193 4500 1834 4576">
     <span class='ocr_line' id='line_1_91' title="bbox 193 4500 1834 4576; baseline 0.006 -27"><span class='ocrx_word' id='word_1_666' title='bbox 193 4500 285 4566; x_wconf 77' lang='grc' dir='ltr'><strong>τῆς</strong></span> <span class='ocrx_word' id='word_1_667' title='bbox 319 4501 712 4569; x_wconf 76' lang='grc' dir='ltr'>τηλαυγήσεως</span> <span class='ocrx_word' id='word_1_668' title='bbox 739 4502 973 4556; x_wconf 79' lang='grc' dir='ltr'>ἐνώπιον</span> <span class='ocrx_word' id='word_1_669' title='bbox 998 4505 1163 4557; x_wconf 80' lang='grc' dir='ltr'>αὑτοῦ</span> <span class='ocrx_word' id='word_1_670' title='bbox 1194 4506 1251 4557; x_wconf 85' lang='lat' dir='ltr'><strong>al</strong></span> <span class='ocrx_word' id='word_1_671' title='bbox 1282 4507 1498 4574; x_wconf 80' lang='grc' dir='ltr'>νεφέλαι</span> <span class='ocrx_word' id='word_1_672' title='bbox 1520 4507 1760 4576; x_wconf 79' lang='grc' dir='ltr'>διέρχον-</span> <span class='ocrx_word' id='word_1_673' title='bbox 1792 4513 1834 4566; x_wconf 86' lang='lat' dir='ltr'><strong>D</strong></span> 
     </span>
    </p>
   </div>
   <div class='ocr_carea' id='block_1_92' title="bbox 1753 4489 3427 4576">
    <p class='ocr_par' dir='ltr' id='par_1_92' title="bbox 1753 4489 3427 4566">
     <span class='ocr_line' id='line_1_92' title="bbox 1753 4489 3427 4566; baseline 0.001 -19"><span class='ocrx_word' id='word_1_674' title='bbox 1753 4537 1760 4547; x_wconf 91' lang='lat'><strong>.</strong></span> <span class='ocrx_word' id='word_1_675' title='bbox 1792 4513 1834 4566; x_wconf 76' lang='grc' dir='ltr'><strong>ι)</strong></span> <span class='ocrx_word' id='word_1_676' title='bbox 1866 4499 1967 4552; x_wconf 89' lang='lat' dir='ltr'><strong>bus</strong></span> <span class='ocrx_word' id='word_1_677' title='bbox 2017 4495 2442 4565; x_wconf 82' lang='lat' dir='ltr'><strong>Scripturarum.</strong></span> <span class='ocrx_word' id='word_1_678' title='bbox 2479 4495 2548 4546; x_wconf 87' lang='lat' dir='ltr'><strong>At</strong></span> <span class='ocrx_word' id='word_1_679' title='bbox 2601 4489 2723 4548; x_wconf 82' lang='lat' dir='ltr'><strong>vide</strong></span> <span class='ocrx_word' id='word_1_680' title='bbox 2755 4496 2919 4548; x_wconf 83' lang='lat' dir='ltr'><strong>etiam</strong></span> <span class='ocrx_word' id='word_1_681' title='bbox 2949 4497 3092 4564; x_wconf 89' lang='lat' dir='ltr'><strong>quod</strong></span> <span class='ocrx_word' id='word_1_682' title='bbox 3133 4498 3382 4564; x_wconf 86' lang='lat' dir='ltr'><strong>sequitur</strong></span> <span class='ocrx_word' id='word_1_683' title='bbox 3412 4515 3427 4562; x_wconf 87' lang='lat'><strong>;</strong></span> 
     </span>
    </p>
   </div>
   <div class='ocr_carea' id='block_1_93' title="bbox 195 4591 1757 4662">
    <p class='ocr_par' dir='ltr' id='par_1_93' title="bbox 195 4591 1757 4662">
     <span class='ocr_line' id='line_1_93' title="bbox 195 4591 1757 4662; baseline 0.006 -27"><span class='ocrx_word' id='word_1_684' title='bbox 195 4603 299 4637; x_wconf 81' lang='grc' dir='ltr'>ται.</span> <span class='ocrx_word' id='word_1_685' title='bbox 335 4591 664 4657; x_wconf 73' lang='grc' dir='ltr'>Λάμποντος</span> <span class='ocrx_word' id='word_1_686' title='bbox 694 4593 802 4659; x_wconf 79' lang='grc' dir='ltr'><strong>γὰρ</strong></span> <span class='ocrx_word' id='word_1_687' title='bbox 835 4592 998 4643; x_wconf 82' lang='grc' dir='ltr'>αὑτοῦ</span> <span class='ocrx_word' id='word_1_688' title='bbox 1048 4595 1105 4644; x_wconf 85' lang='grc' dir='ltr'><strong>ὲν</strong></span> <span class='ocrx_word' id='word_1_689' title='bbox 1136 4593 1212 4660; x_wconf 79' lang='grc' dir='ltr'>τῷ</span> <span class='ocrx_word' id='word_1_690' title='bbox 1238 4593 1553 4662; x_wconf 78' lang='grc' dir='ltr'>ἡγεμονικῷ</span> <span class='ocrx_word' id='word_1_691' title='bbox 1579 4595 1757 4662; x_wconf 76' lang='grc' dir='ltr'>ἡμῶν,</span> 
     </span>
    </p>
   </div>
   <div class='ocr_carea' id='block_1_94' title="bbox 189 4679 1761 4749">
    <p class='ocr_par' dir='ltr' id='par_1_94' title="bbox 189 4679 1761 4749">
     <span class='ocr_line' id='line_1_94' title="bbox 189 4679 1761 4749; baseline 0.008 -24"><span class='ocrx_word' id='word_1_692' title='bbox 189 4681 287 4745; x_wconf 57' lang='grc' dir='ltr'>οὶχ</span> <span class='ocrx_word' id='word_1_693' title='bbox 328 4681 575 4732; x_wconf 79' lang='grc' dir='ltr'>ἵστανται</span> <span class='ocrx_word' id='word_1_694' title='bbox 623 4681 676 4732; x_wconf 89' lang='grc' dir='ltr'>αἱ</span> <span class='ocrx_word' id='word_1_695' title='bbox 728 4684 950 4749; x_wconf 78' lang='grc' dir='ltr'>νεφέλαι</span> <span class='ocrx_word' id='word_1_696' title='bbox 1000 4679 1157 4735; x_wconf 75' lang='grc' dir='ltr'>αὗται</span> <span class='ocrx_word' id='word_1_697' title='bbox 1207 4685 1261 4735; x_wconf 75' lang='grc' dir='ltr'>αἱ</span> <span class='ocrx_word' id='word_1_698' title='bbox 1311 4684 1761 4745; x_wconf 79' lang='grc' dir='ltr'>σκοτειναὶ,ἀλλά</span> 
     </span>
    </p>
   </div>
   <div class='ocr_carea' id='block_1_95' title="bbox 194 4767 1759 4844">
    <p class='ocr_par' dir='ltr' id='par_1_95' title="bbox 194 4767 1759 4844">
     <span class='ocr_line' id='line_1_95' title="bbox 194 4767 1759 4844; baseline 0.009 -30"><span class='ocrx_word' id='word_1_699' title='bbox 194 4767 514 4837; x_wconf 79' lang='grc' dir='ltr'>διέρχονται,</span> <span class='ocrx_word' id='word_1_700' title='bbox 567 4772 661 4838; x_wconf 66' lang='grc' dir='ltr'>ᾗτε</span> <span class='ocrx_word' id='word_1_701' title='bbox 708 4773 1036 4825; x_wconf 83' lang='grc' dir='ltr'>διαλύονται.</span> <span class='ocrx_word' id='word_1_702' title='bbox 1097 4776 1290 4839; x_wconf 77' lang='grc' dir='ltr'>Ἔλεγε</span> <span class='ocrx_word' id='word_1_703' title='bbox 1318 4778 1426 4837; x_wconf 86' lang='grc' dir='ltr'>τοῖς</span> <span class='ocrx_word' id='word_1_704' title='bbox 1489 4777 1759 4844; x_wconf 81' lang='grc' dir='ltr'>μαθηταῖς</span> 
     </span>
    </p>
   </div>
   <div class='ocr_carea' id='block_1_96' title="bbox 196 4860 1759 4936">
    <p class='ocr_par' dir='ltr' id='par_1_96' title="bbox 196 4860 1759 4936">
     <span class='ocr_line' id='line_1_96' title="bbox 196 4860 1759 4936; baseline 0.006 -27"><span class='ocrx_word' id='word_1_705' title='bbox 196 4860 287 4910; x_wconf 71' lang='grc' dir='ltr'>καὶ</span> <span class='ocrx_word' id='word_1_706' title='bbox 313 4864 423 4922; x_wconf 85' lang='grc' dir='ltr'>τοῖς</span> <span class='ocrx_word' id='word_1_707' title='bbox 453 4861 629 4930; x_wconf 56' lang='grc' dir='ltr'>ὄχλοις</span> <span class='ocrx_word' id='word_1_708' title='bbox 684 4865 1018 4932; x_wconf 70' lang='grc' dir='ltr'>παραϐολὰς,</span> <span class='ocrx_word' id='word_1_709' title='bbox 1053 4867 1134 4916; x_wconf 81' lang='grc' dir='ltr'><strong>οιό</strong></span> <span class='ocrx_word' id='word_1_710' title='bbox 1161 4866 1226 4935; x_wconf 69' lang='lat' dir='ltr'><strong>If.</strong></span> <span class='ocrx_word' id='word_1_711' title='bbox 1260 4864 1392 4936; x_wconf 75' lang='grc' dir='ltr'>οἷον]</span> <span class='ocrx_word' id='word_1_712' title='bbox 1424 4885 1573 4928; x_wconf 89' lang='grc' dir='ltr'>τινας</span> <span class='ocrx_word' id='word_1_713' title='bbox 1606 4871 1759 4934; x_wconf 86' lang='grc' dir='ltr'>νεφέ-</span> 
     </span>
    </p>
   </div>
   <div class='ocr_carea' id='block_1_97' title="bbox 199 4953 1759 5026">
    <p class='ocr_par' dir='ltr' id='par_1_97' title="bbox 199 4953 1759 5026">
     <span class='ocr_line' id='line_1_97' title="bbox 199 4953 1759 5026; baseline 0.006 -27"><span class='ocrx_word' id='word_1_714' title='bbox 199 4967 286 5010; x_wconf 76' lang='grc' dir='ltr'><strong>λας</strong></span> <span class='ocrx_word' id='word_1_715' title='bbox 321 4954 597 5004; x_wconf 75' lang='grc' dir='ltr'>σκοτεινὸν</span> <span class='ocrx_word' id='word_1_716' title='bbox 647 4953 786 5022; x_wconf 59' lang='grc' dir='ltr'>ὕδωρ</span> <span class='ocrx_word' id='word_1_717' title='bbox 823 4955 1070 5023; x_wconf 72' lang='grc' dir='ltr'>ἐχούσας.</span> <span class='ocrx_word' id='word_1_718' title='bbox 1121 4956 1263 5006; x_wconf 74' lang='grc' dir='ltr'>Ἀλλ’</span> <span class='ocrx_word' id='word_1_719' title='bbox 1293 4959 1342 5007; x_wconf 76' lang='grc' dir='ltr'><strong>οἱ</strong></span> <span class='ocrx_word' id='word_1_720' title='bbox 1385 4958 1482 5022; x_wconf 79' lang='grc' dir='ltr'><strong>μὲν</strong></span> <span class='ocrx_word' id='word_1_721' title='bbox 1520 4957 1759 5026; x_wconf 62' lang='grc' dir='ltr'><strong>μαθηταὶ⁵</strong></span> 
     </span>
    </p>
   </div>
   <div class='ocr_carea' id='block_1_98' title="bbox 198 5041 1764 5114">
    <p class='ocr_par' dir='ltr' id='par_1_98' title="bbox 198 5041 1764 5114">
     <span class='ocr_line' id='line_1_98' title="bbox 198 5041 1764 5114; baseline 0.006 -25"><span class='ocrx_word' id='word_1_722' title='bbox 198 5041 508 5106; x_wconf 65' lang='grc' dir='ltr'>ἐρωτῶντες</span> <span class='ocrx_word' id='word_1_723' title='bbox 567 5043 808 5109; x_wconf 79' lang='grc' dir='ltr'>ἐδέχοντο</span> <span class='ocrx_word' id='word_1_724' title='bbox 842 5046 941 5114; x_wconf 78' lang='grc' dir='ltr'>τὴν</span> <span class='ocrx_word' id='word_1_725' title='bbox 973 5045 1139 5096; x_wconf 79' lang='grc' dir='ltr'>αὑτοῦ</span> <span class='ocrx_word' id='word_1_726' title='bbox 1175 5045 1530 5114; x_wconf 82' lang='grc' dir='ltr'>τηλαύγησιν,</span> <span class='ocrx_word' id='word_1_727' title='bbox 1563 5050 1655 5099; x_wconf 82' lang='grc' dir='ltr'>καὶ</span> <span class='ocrx_word' id='word_1_728' title='bbox 1686 5049 1764 5099; x_wconf 79' lang='lat' dir='ltr'><strong>5t-</strong></span> 
     </span>
    </p>
   </div>
   <div class='ocr_carea' id='block_1_99' title="bbox 197 5130 1763 5204">
    <p class='ocr_par' dir='ltr' id='par_1_99' title="bbox 197 5130 1763 5204">
     <span class='ocr_line' id='line_1_99' title="bbox 197 5130 1763 5204; baseline 0.007 -27"><span class='ocrx_word' id='word_1_729' title='bbox 197 5130 404 5182; x_wconf 65' lang='grc' dir='ltr'>ελίιοντο</span> <span class='ocrx_word' id='word_1_730' title='bbox 433 5133 612 5193; x_wconf 78' lang='grc' dir='ltr'>αὑτοῖ,</span> <span class='ocrx_word' id='word_1_731' title='bbox 645 5137 701 5185; x_wconf 79' lang='grc' dir='ltr'>αἱ</span> <span class='ocrx_word' id='word_1_732' title='bbox 725 5136 964 5202; x_wconf 82' lang='grc' dir='ltr'>νεφέλαι,</span> <span class='ocrx_word' id='word_1_733' title='bbox 996 5134 1188 5204; x_wconf 83' lang='grc' dir='ltr'>ὥσπερ</span> <span class='ocrx_word' id='word_1_734' title='bbox 1223 5137 1326 5188; x_wconf 71' lang='grc' dir='ltr'><strong>ὑπὸ</strong></span> <span class='ocrx_word' id='word_1_735' title='bbox 1353 5137 1596 5203; x_wconf 79' lang='grc' dir='ltr'>ἡλιακῶν</span> <span class='ocrx_word' id='word_1_736' title='bbox 1618 5137 1763 5188; x_wconf 81' lang='grc' dir='ltr'>ἀκτί-</span> 
     </span>
    </p>
   </div>
   <div class='ocr_carea' id='block_1_100' title="bbox 197 5224 1760 5296">
    <p class='ocr_par' dir='ltr' id='par_1_100' title="bbox 197 5224 1760 5296">
     <span class='ocr_line' id='line_1_100' title="bbox 197 5224 1760 5296; baseline 0.006 -28"><span class='ocrx_word' id='word_1_737' title='bbox 197 5238 296 5271; x_wconf 88' lang='grc' dir='ltr'><strong>νων</strong></span> <span class='ocrx_word' id='word_1_738' title='bbox 319 5224 414 5289; x_wconf 81' lang='grc' dir='ltr'><strong>τῆς</strong></span> <span class='ocrx_word' id='word_1_739' title='bbox 447 5225 728 5293; x_wconf 75' lang='grc' dir='ltr'>Κυρισκῆς</span> <span class='ocrx_word' id='word_1_740' title='bbox 765 5227 970 5294; x_wconf 82' lang='grc' dir='ltr'>φωνῆς.</span> <span class='ocrx_word' id='word_1_741' title='bbox 999 5228 1062 5276; x_wconf 74' lang='lat' dir='ltr'><strong>Ol</strong></span> <span class='ocrx_word' id='word_1_742' title='bbox 1116 5226 1170 5277; x_wconf 78' lang='grc' dir='ltr'><strong>δὲ</strong></span> <span class='ocrx_word' id='word_1_743' title='bbox 1213 5226 1359 5295; x_wconf 76' lang='grc' dir='ltr'>ὄχλοι</span> <span class='ocrx_word' id='word_1_744' title='bbox 1412 5229 1488 5296; x_wconf 82' lang='grc' dir='ltr'>μὴ</span> <span class='ocrx_word' id='word_1_745' title='bbox 1516 5226 1760 5287; x_wconf 85' lang='grc' dir='ltr'>θέλοντες</span> 
     </span>
    </p>
   </div>
   <div class='ocr_carea' id='block_1_101' title="bbox 201 5313 1754 5387">
    <p class='ocr_par' dir='ltr' id='par_1_101' title="bbox 201 5313 1754 5387">
     <span class='ocr_line' id='line_1_101' title="bbox 201 5313 1754 5387; baseline 0.006 -25"><span class='ocrx_word' id='word_1_746' title='bbox 201 5313 540 5380; x_wconf 65' lang='grc' dir='ltr'>φιλοπονεῖν,</span> <span class='ocrx_word' id='word_1_747' title='bbox 588 5317 720 5384; x_wconf 82' lang='grc' dir='ltr'>μηδὲ</span> <span class='ocrx_word' id='word_1_748' title='bbox 771 5319 982 5387; x_wconf 79' lang='grc' dir='ltr'>ἐρωτᾷν</span> <span class='ocrx_word' id='word_1_749' title='bbox 1025 5320 1123 5372; x_wconf 72' lang='grc' dir='ltr'>τὰς</span> <span class='ocrx_word' id='word_1_750' title='bbox 1176 5318 1483 5381; x_wconf 69' lang='grc' dir='ltr'>ἐπιλύσεις,</span> <span class='ocrx_word' id='word_1_751' title='bbox 1528 5318 1754 5384; x_wconf 84' lang='grc' dir='ltr'>νεφέλας</span> 
     </span>
    </p>
   </div>
   <div class='ocr_carea' id='block_1_102' title="bbox 199 5403 1755 5477">
    <p class='ocr_par' dir='ltr' id='par_1_102' title="bbox 199 5403 1755 5477">
     <span class='ocr_line' id='line_1_102' title="bbox 199 5403 1755 5477; baseline 0.005 -25"><span class='ocrx_word' id='word_1_752' title='bbox 199 5403 357 5465; x_wconf 72' lang='grc' dir='ltr'>ὅντως</span> <span class='ocrx_word' id='word_1_753' title='bbox 383 5408 481 5467; x_wconf 72' lang='grc' dir='ltr'><strong>τὰς</strong></span> <span class='ocrx_word' id='word_1_754' title='bbox 514 5409 831 5476; x_wconf 74' lang='grc' dir='ltr'>παραὸολάς</span> <span class='ocrx_word' id='word_1_755' title='bbox 868 5409 1142 5477; x_wconf 77' lang='grc' dir='ltr'>εὕρισκον.</span> <span class='ocrx_word' id='word_1_756' title='bbox 1176 5411 1273 5460; x_wconf 79' lang='grc' dir='ltr'>Διά</span> <span class='ocrx_word' id='word_1_757' title='bbox 1318 5408 1475 5460; x_wconf 82' lang='grc' dir='ltr'>τοῦτο</span> <span class='ocrx_word' id='word_1_758' title='bbox 1511 5411 1602 5461; x_wconf 73' lang='grc' dir='ltr'><strong>καὶ</strong></span> <span class='ocrx_word' id='word_1_759' title='bbox 1633 5409 1755 5476; x_wconf 73' lang='grc' dir='ltr'>βλέ-</span> 
     </span>
    </p>
   </div>
   <div class='ocr_carea' id='block_1_103' title="bbox 202 5498 1752 5561">
    <p class='ocr_par' dir='ltr' id='par_1_103' title="bbox 202 5498 1752 5561">
     <span class='ocr_line' id='line_1_103' title="bbox 202 5498 1752 5561; baseline 0.003 -16"><span class='ocrx_word' id='word_1_760' title='bbox 202 5511 383 5557; x_wconf 79' lang='grc' dir='ltr'>ποντες</span> <span class='ocrx_word' id='word_1_761' title='bbox 430 5500 530 5549; x_wconf 66' lang='grc' dir='ltr'>οὐκ</span> <span class='ocrx_word' id='word_1_762' title='bbox 587 5498 836 5561; x_wconf 74' lang='grc' dir='ltr'>ἔϐλεπον,</span> <span class='ocrx_word' id='word_1_763' title='bbox 883 5504 976 5552; x_wconf 73' lang='grc' dir='ltr'>καὶ</span> <span class='ocrx_word' id='word_1_764' title='bbox 1032 5498 1321 5559; x_wconf 73' lang='grc' dir='ltr'>ἀκούοντῖς</span> <span class='ocrx_word' id='word_1_765' title='bbox 1379 5501 1438 5550; x_wconf 80' lang='grc' dir='ltr'>οὐ</span> <span class='ocrx_word' id='word_1_766' title='bbox 1500 5500 1752 5550; x_wconf 80' lang='grc' dir='ltr'>συνίεσαν</span> 
     </span>
    </p>
   </div>
   <div class='ocr_carea' id='block_1_104' title="bbox 203 5584 1752 5658">
    <p class='ocr_par' dir='ltr' id='par_1_104' title="bbox 203 5584 1752 5658">
     <span class='ocr_line' id='line_1_104' title="bbox 203 5584 1752 5658; baseline -0.001 -19"><span class='ocrx_word' id='word_1_767' title='bbox 203 5584 331 5652; x_wconf 65' lang='grc' dir='ltr'><strong>Μ’.-</strong></span> <span class='ocrx_word' id='word_1_768' title='bbox 351 5589 594 5658; x_wconf 68' lang='grc' dir='ltr'>νῄεσανΙ.</span> <span class='ocrx_word' id='word_1_769' title='bbox 625 5590 832 5652; x_wconf 80' lang='grc' dir='ltr'>’Λλλως</span> <span class='ocrx_word' id='word_1_770' title='bbox 857 5607 915 5641; x_wconf 87' lang='grc' dir='ltr'><strong>τε</strong></span> <span class='ocrx_word' id='word_1_771' title='bbox 953 5592 1042 5640; x_wconf 75' lang='grc' dir='ltr'><strong>καὶ</strong></span> <span class='ocrx_word' id='word_1_772' title='bbox 1079 5589 1174 5655; x_wconf 80' lang='grc' dir='ltr'>τῆς</span> <span class='ocrx_word' id='word_1_773' title='bbox 1206 5589 1426 5656; x_wconf 80' lang='grc' dir='ltr'>ἐντολῆς</span> <span class='ocrx_word' id='word_1_774' title='bbox 1445 5587 1752 5657; x_wconf 60' lang='grc' dir='ltr'>τηλαυγῶς</span> 
     </span>
    </p>
   </div>
   <div class='ocr_carea' id='block_1_105' title="bbox 270 5764 1406 5833">
    <p class='ocr_par' dir='ltr' id='par_1_105' title="bbox 270 5764 1406 5833">
     <span class='ocr_line' id='line_1_105' title="bbox 270 5764 1406 5833; baseline 0.001 -14"><span class='ocrx_word' id='word_1_775' title='bbox 270 5764 290 5795; x_wconf 81' lang='grc'>⁸</span> <span class='ocrx_word' id='word_1_776' title='bbox 352 5765 493 5819; x_wconf 87' lang='lat' dir='ltr'><strong>Psal.</strong></span> <span class='ocrx_word' id='word_1_777' title='bbox 536 5783 772 5833; x_wconf 73' lang='lat' dir='ltr'><strong>xxxvut,</strong></span> <span class='ocrx_word' id='word_1_778' title='bbox 812 5769 864 5822; x_wconf 71' lang='grc'>4.</span> <span class='ocrx_word' id='word_1_779' title='bbox 940 5767 959 5797; x_wconf 76' lang='grc'>⁸</span> <span class='ocrx_word' id='word_1_780' title='bbox 1000 5765 1109 5821; x_wconf 86' lang='lat' dir='ltr'><strong>Luc</strong></span> <span class='ocrx_word' id='word_1_781' title='bbox 1147 5783 1294 5831; x_wconf 77' lang='lat' dir='ltr'><strong>xxtv,</strong></span> <span class='ocrx_word' id='word_1_782' title='bbox 1323 5767 1406 5820; x_wconf 66' lang='grc'><strong>5³2.</strong></span> 
     </span>
    </p>
   </div>
   <div class='ocr_carea' id='block_1_106' title="bbox 1490 5765 2464 5842">
    <p class='ocr_par' dir='ltr' id='par_1_106' title="bbox 1490 5765 2464 5842">
     <span class='ocr_line' id='line_1_106' title="bbox 1490 5765 2464 5842; baseline 0 -25"><span class='ocrx_word' id='word_1_783' title='bbox 1490 5768 1507 5796; x_wconf 88' lang='grc'><strong>⁷</strong></span> <span class='ocrx_word' id='word_1_784' title='bbox 1550 5765 1742 5842; x_wconf 75' lang='lat' dir='ltr'><strong>IlBeg.</strong></span> <span class='ocrx_word' id='word_1_785' title='bbox 1774 5782 1884 5829; x_wconf 78' lang='lat' dir='ltr'><strong>ut,</strong></span> <span class='ocrx_word' id='word_1_786' title='bbox 1917 5767 1991 5832; x_wconf 84' lang='lat'><strong>9;</strong></span> <span class='ocrx_word' id='word_1_787' title='bbox 2064 5765 2206 5821; x_wconf 77' lang='lat' dir='ltr'><strong>Psal.</strong></span> <span class='ocrx_word' id='word_1_788' title='bbox 2247 5781 2378 5832; x_wconf 76' lang='lat' dir='ltr'><strong>xm,</strong></span> <span class='ocrx_word' id='word_1_789' title='bbox 2413 5765 2464 5820; x_wconf 84' lang='lat'><strong>9.</strong></span> 
     </span>
    </p>
   </div>
   <div class='ocr_carea' id='block_1_107' title="bbox 1855 4583 3428 4670">
    <p class='ocr_par' dir='ltr' id='par_1_107' title="bbox 1855 4583 3428 4670">
     <span class='ocr_line' id='line_1_107' title="bbox 1855 4583 3428 4670; baseline 0.001 -33"><span class='ocrx_word' id='word_1_790' title='bbox 1855 4587 2000 4670; x_wconf 77' lang='lat' dir='ltr'><strong>quod</strong></span> <span class='ocrx_word' id='word_1_791' title='bbox 2054 4601 2248 4654; x_wconf 89' lang='lat' dir='ltr'><strong>nempe</strong></span> <span class='ocrx_word' id='word_1_792' title='bbox 2288 4599 2399 4652; x_wconf 68' lang='lat' dir='ltr'><strong>pra:</strong></span> <span class='ocrx_word' id='word_1_793' title='bbox 2432 4583 2639 4652; x_wconf 71' lang='lat' dir='ltr'><strong>fulgore</strong></span> <span class='ocrx_word' id='word_1_794' title='bbox 2686 4586 2737 4637; x_wconf 91' lang='lat' dir='ltr'><strong>in</strong></span> <span class='ocrx_word' id='word_1_795' title='bbox 2770 4583 2934 4654; x_wconf 57' lang='lat'><strong>73‘.</strong></span> <span class='ocrx_word' id='word_1_796' title='bbox 2962 4594 3262 4653; x_wconf 83' lang='lat' dir='ltr'><strong>conspectu</strong></span> <span class='ocrx_word' id='word_1_797' title='bbox 3306 4586 3428 4652; x_wconf 89' lang='lat' dir='ltr'><strong>ejus</strong></span> 
     </span>
    </p>
   </div>
   <div class='ocr_carea' id='block_1_108' title="bbox 1857 4674 3428 4742">
    <p class='ocr_par' dir='ltr' id='par_1_108' title="bbox 1857 4674 3428 4742">
     <span class='ocr_line' id='line_1_108' title="bbox 1857 4674 3428 4742; baseline -0.002 -13"><span class='ocrx_word' id='word_1_798' title='bbox 1857 4679 2029 4730; x_wconf 90' lang='lat' dir='ltr'><strong>nubes</strong></span> <span class='ocrx_word' id='word_1_799' title='bbox 2081 4675 2426 4729; x_wconf 84' lang='lat' dir='ltr'><strong>transeunt’.</strong></span> <span class='ocrx_word' id='word_1_800' title='bbox 2455 4674 2665 4728; x_wconf 86' lang='lat' dir='ltr'><strong>Etenim</strong></span> <span class='ocrx_word' id='word_1_801' title='bbox 2705 4675 2831 4726; x_wconf 89' lang='lat' dir='ltr'><strong>dum</strong></span> <span class='ocrx_word' id='word_1_802' title='bbox 2860 4679 2975 4742; x_wconf 87' lang='lat' dir='ltr'><strong>ipse</strong></span> <span class='ocrx_word' id='word_1_803' title='bbox 3026 4676 3213 4729; x_wconf 91' lang='lat' dir='ltr'><strong>illucet</strong></span> <span class='ocrx_word' id='word_1_804' title='bbox 3243 4677 3428 4729; x_wconf 88' lang='lat' dir='ltr'><strong>animo</strong></span> 
     </span>
    </p>
   </div>
   <div class='ocr_carea' id='block_1_109' title="bbox 1857 4766 3426 4836">
    <p class='ocr_par' dir='ltr' id='par_1_109' title="bbox 1857 4766 3426 4836">
     <span class='ocr_line' id='line_1_109' title="bbox 1857 4766 3426 4836; baseline 0 -15"><span class='ocrx_word' id='word_1_805' title='bbox 1857 4778 2067 4834; x_wconf 84' lang='lat' dir='ltr'><strong>nostro,</strong></span> <span class='ocrx_word' id='word_1_806' title='bbox 2095 4783 2201 4821; x_wconf 91' lang='lat' dir='ltr'><strong>non</strong></span> <span class='ocrx_word' id='word_1_807' title='bbox 2229 4777 2550 4836; x_wconf 80' lang='lat' dir='ltr'><strong>permanent</strong></span> <span class='ocrx_word' id='word_1_808' title='bbox 2604 4767 2775 4818; x_wconf 88' lang='lat' dir='ltr'><strong>nubes</strong></span> <span class='ocrx_word' id='word_1_809' title='bbox 2813 4766 2916 4819; x_wconf 73' lang='lat' dir='ltr'><strong>illa:</strong></span> <span class='ocrx_word' id='word_1_810' title='bbox 2968 4766 3288 4830; x_wconf 42' lang='lat' dir='ltr'><strong>tenebrosae,</strong></span> <span class='ocrx_word' id='word_1_811' title='bbox 3329 4768 3426 4821; x_wconf 88' lang='lat' dir='ltr'><strong>sed</strong></span> 
     </span>
    </p>
   </div>
   <div class='ocr_carea' id='block_1_110' title="bbox 1858 4856 3427 4925">
    <p class='ocr_par' dir='ltr' id='par_1_110' title="bbox 1858 4856 3427 4925">
     <span class='ocr_line' id='line_1_110' title="bbox 1858 4856 3427 4925; baseline -0.001 -14"><span class='ocrx_word' id='word_1_812' title='bbox 1858 4867 2166 4919; x_wconf 87' lang='lat' dir='ltr'><strong>transeunt,</strong></span> <span class='ocrx_word' id='word_1_813' title='bbox 2216 4857 2758 4911; x_wconf 80' lang='lat' dir='ltr'><strong>autdissolvuntur.</strong></span> <span class='ocrx_word' id='word_1_814' title='bbox 2813 4856 2954 4910; x_wconf 91' lang='lat' dir='ltr'><strong>Dieit</strong></span> <span class='ocrx_word' id='word_1_815' title='bbox 3015 4856 3306 4925; x_wconf 91' lang='lat' dir='ltr'><strong>discipulis</strong></span> <span class='ocrx_word' id='word_1_816' title='bbox 3373 4867 3427 4911; x_wconf 89' lang='lat' dir='ltr'><strong>et</strong></span> 
     </span>
    </p>
   </div>
   <div class='ocr_carea' id='block_1_111' title="bbox 1860 4948 3426 5018">
    <p class='ocr_par' dir='ltr' id='par_1_111' title="bbox 1860 4948 3426 5018">
     <span class='ocr_line' id='line_1_111' title="bbox 1860 4948 3426 5018; baseline 0 -16"><span class='ocrx_word' id='word_1_817' title='bbox 1860 4951 2035 5002; x_wconf 89' lang='lat' dir='ltr'><strong>turbis</strong></span> <span class='ocrx_word' id='word_1_818' title='bbox 2069 4948 2355 5018; x_wconf 89' lang='lat' dir='ltr'><strong>parabolas</strong></span> <span class='ocrx_word' id='word_1_819' title='bbox 2396 4950 2551 5013; x_wconf 89' lang='lat' dir='ltr'><strong>quasi</strong></span> <span class='ocrx_word' id='word_1_820' title='bbox 2603 4949 2778 5001; x_wconf 86' lang='lat' dir='ltr'><strong>nubes</strong></span> <span class='ocrx_word' id='word_1_821' title='bbox 2819 4951 3162 5001; x_wconf 89' lang='lat' dir='ltr'><strong>tenebrosam</strong></span> <span class='ocrx_word' id='word_1_822' title='bbox 3231 4963 3426 5016; x_wconf 87' lang='lat' dir='ltr'><strong>aquam</strong></span> 
     </span>
    </p>
   </div>
   <div class='ocr_carea' id='block_1_112' title="bbox 1861 5039 3424 5108">
    <p class='ocr_par' dir='ltr' id='par_1_112' title="bbox 1861 5039 3424 5108">
     <span class='ocr_line' id='line_1_112' title="bbox 1861 5039 3424 5108; baseline -0.002 -14"><span class='ocrx_word' id='word_1_823' title='bbox 1861 5042 2157 5104; x_wconf 85' lang='lat' dir='ltr'><strong>habentes,</strong></span> <span class='ocrx_word' id='word_1_824' title='bbox 2206 5041 2298 5093; x_wconf 87' lang='lat' dir='ltr'><strong>sed</strong></span> <span class='ocrx_word' id='word_1_825' title='bbox 2329 5040 2581 5106; x_wconf 84' lang='lat' dir='ltr'><strong>discipuli</strong></span> <span class='ocrx_word' id='word_1_826' title='bbox 2612 5041 3016 5108; x_wconf 76' lang='lat' dir='ltr'><strong>intermgantes</strong></span> <span class='ocrx_word' id='word_1_827' title='bbox 3062 5041 3234 5092; x_wconf 86' lang='lat' dir='ltr'><strong>lucem</strong></span> <span class='ocrx_word' id='word_1_828' title='bbox 3277 5039 3424 5091; x_wconf 86' lang='lat' dir='ltr'><strong>acci-</strong></span> 
     </span>
    </p>
   </div>
   <div class='ocr_carea' id='block_1_113' title="bbox 1865 5126 3425 5196">
    <p class='ocr_par' dir='ltr' id='par_1_113' title="bbox 1865 5126 3425 5196">
     <span class='ocr_line' id='line_1_113' title="bbox 1865 5126 3425 5196; baseline 0 -16"><span class='ocrx_word' id='word_1_829' title='bbox 1865 5130 2105 5196; x_wconf 83' lang='lat' dir='ltr'><strong>piebant,</strong></span> <span class='ocrx_word' id='word_1_830' title='bbox 2156 5126 2665 5182; x_wconf 83' lang='lat' dir='ltr'><strong>etdissolvebautur</strong></span> <span class='ocrx_word' id='word_1_831' title='bbox 2719 5127 3028 5179; x_wconf 84' lang='lat' dir='ltr'><strong>illisnubes</strong></span> <span class='ocrx_word' id='word_1_832' title='bbox 3075 5141 3106 5178; x_wconf 83' lang='lat' dir='ltr'><strong>a</strong></span> <span class='ocrx_word' id='word_1_833' title='bbox 3151 5127 3425 5180; x_wconf 82' lang='lat' dir='ltr'><strong>solaribus</strong></span> 
     </span>
    </p>
   </div>
   <div class='ocr_carea' id='block_1_114' title="bbox 1866 5217 3423 5287">
    <p class='ocr_par' dir='ltr' id='par_1_114' title="bbox 1866 5217 3423 5287">
     <span class='ocr_line' id='line_1_114' title="bbox 1866 5217 3423 5287; baseline 0.001 -16"><span class='ocrx_word' id='word_1_834' title='bbox 1866 5219 2162 5273; x_wconf 70' lang='lat' dir='ltr'><strong>[mminit-aa</strong></span> <span class='ocrx_word' id='word_1_835' title='bbox 2187 5219 2335 5272; x_wconf 82' lang='lat' dir='ltr'><strong>vocis</strong></span> <span class='ocrx_word' id='word_1_836' title='bbox 2365 5218 2551 5272; x_wconf 83' lang='lat' dir='ltr'><strong>radiis.</strong></span> <span class='ocrx_word' id='word_1_837' title='bbox 2573 5217 2768 5271; x_wconf 69' lang='lat' dir='ltr'><strong>Turbae</strong></span> <span class='ocrx_word' id='word_1_838' title='bbox 2802 5234 2931 5272; x_wconf 84' lang='lat' dir='ltr'><strong>vero</strong></span> <span class='ocrx_word' id='word_1_839' title='bbox 2950 5221 3201 5287; x_wconf 81' lang='lat' dir='ltr'><strong>quoniam</strong></span> <span class='ocrx_word' id='word_1_840' title='bbox 3235 5219 3423 5272; x_wconf 80' lang='lat' dir='ltr'><strong>nolue-</strong></span> 
     </span>
    </p>
   </div>
   <div class='ocr_carea' id='block_1_115' title="bbox 1866 5309 3426 5378">
    <p class='ocr_par' dir='ltr' id='par_1_115' title="bbox 1866 5309 3426 5378">
     <span class='ocr_line' id='line_1_115' title="bbox 1866 5309 3426 5378; baseline 0.001 -16"><span class='ocrx_word' id='word_1_841' title='bbox 1866 5319 1993 5363; x_wconf 87' lang='lat' dir='ltr'><strong>runt</strong></span> <span class='ocrx_word' id='word_1_842' title='bbox 2022 5309 2250 5364; x_wconf 88' lang='lat' dir='ltr'><strong>sollicite</strong></span> <span class='ocrx_word' id='word_1_843' title='bbox 2277 5323 2438 5378; x_wconf 82' lang='lat' dir='ltr'><strong>agere</strong></span> <span class='ocrx_word' id='word_1_844' title='bbox 2482 5317 2536 5362; x_wconf 89' lang='lat' dir='ltr'><strong>et</strong></span> <span class='ocrx_word' id='word_1_845' title='bbox 2585 5324 2832 5377; x_wconf 67' lang='lat' dir='ltr'><strong>quaerere</strong></span> <span class='ocrx_word' id='word_1_846' title='bbox 2885 5311 3206 5372; x_wconf 87' lang='lat' dir='ltr'><strong>solutiones,</strong></span> <span class='ocrx_word' id='word_1_847' title='bbox 3251 5311 3426 5363; x_wconf 76' lang='lat' dir='ltr'><strong>nubes</strong></span> 
     </span>
    </p>
   </div>
   <div class='ocr_carea' id='block_1_116' title="bbox 1863 5400 3424 5470">
    <p class='ocr_par' dir='ltr' id='par_1_116' title="bbox 1863 5400 3424 5470">
     <span class='ocr_line' id='line_1_116' title="bbox 1863 5400 3424 5470; baseline -0.001 -16"><span class='ocrx_word' id='word_1_848' title='bbox 1863 5418 1988 5455; x_wconf 84' lang='lat' dir='ltr'><strong>vere</strong></span> <span class='ocrx_word' id='word_1_849' title='bbox 2013 5401 2065 5455; x_wconf 90' lang='lat' dir='ltr'><strong>in</strong></span> <span class='ocrx_word' id='word_1_850' title='bbox 2100 5401 2370 5470; x_wconf 82' lang='lat' dir='ltr'><strong>parabolis</strong></span> <span class='ocrx_word' id='word_1_851' title='bbox 2399 5400 2993 5470; x_wconf 80' lang='lat' dir='ltr'><strong>invenerunt.Propter</strong></span> <span class='ocrx_word' id='word_1_852' title='bbox 3039 5402 3139 5454; x_wconf 89' lang='lat' dir='ltr'><strong>hoc</strong></span> <span class='ocrx_word' id='word_1_853' title='bbox 3170 5409 3224 5453; x_wconf 91' lang='lat' dir='ltr'><strong>et</strong></span> <span class='ocrx_word' id='word_1_854' title='bbox 3245 5401 3424 5453; x_wconf 88' lang='lat' dir='ltr'><strong>viden-</strong></span> 
     </span>
    </p>
   </div>
   <div class='ocr_carea' id='block_1_117' title="bbox 1860 5491 3421 5547">
    <p class='ocr_par' dir='ltr' id='par_1_117' title="bbox 1860 5491 3421 5547">
     <span class='ocr_line' id='line_1_117' title="bbox 1860 5491 3421 5547; baseline -0.003 -1"><span class='ocrx_word' id='word_1_855' title='bbox 1860 5504 1942 5547; x_wconf 85' lang='lat' dir='ltr'><strong>tes</strong></span> <span class='ocrx_word' id='word_1_856' title='bbox 1978 5509 2084 5547; x_wconf 79' lang='lat' dir='ltr'><strong>non</strong></span> <span class='ocrx_word' id='word_1_857' title='bbox 2140 5492 2391 5546; x_wconf 85' lang='lat' dir='ltr'><strong>viderunt</strong></span> <span class='ocrx_word' id='word_1_858' title='bbox 2445 5501 2500 5544; x_wconf 90' lang='lat' dir='ltr'><strong>et</strong></span> <span class='ocrx_word' id='word_1_859' title='bbox 2535 5493 2815 5546; x_wconf 87' lang='lat' dir='ltr'><strong>audientes</strong></span> <span class='ocrx_word' id='word_1_860' title='bbox 2871 5507 2979 5544; x_wconf 85' lang='lat' dir='ltr'><strong>non</strong></span> <span class='ocrx_word' id='word_1_861' title='bbox 3019 5491 3421 5545; x_wconf 80' lang='lat' dir='ltr'><strong>intellexerunt.</strong></span> 
     </span>
    </p>
   </div>
   <div class='ocr_carea' id='block_1_118' title="bbox 1863 5581 3422 5652">
    <p class='ocr_par' dir='ltr' id='par_1_118' title="bbox 1863 5581 3422 5652">
     <span class='ocr_line' id='line_1_118' title="bbox 1863 5581 3422 5652; baseline -0.003 -13"><span class='ocrx_word' id='word_1_862' title='bbox 1863 5589 2147 5646; x_wconf 70' lang='lat' dir='ltr'><strong>Caeterum,</strong></span> <span class='ocrx_word' id='word_1_863' title='bbox 2204 5598 2326 5636; x_wconf 87' lang='lat' dir='ltr'><strong>cum</strong></span> <span class='ocrx_word' id='word_1_864' title='bbox 2357 5590 2411 5636; x_wconf 88' lang='lat' dir='ltr'><strong>et</strong></span> <span class='ocrx_word' id='word_1_865' title='bbox 2442 5591 2770 5652; x_wconf 57' lang='lat' dir='ltr'><strong>praeceptum</strong></span> <span class='ocrx_word' id='word_1_866' title='bbox 2840 5582 3078 5635; x_wconf 86' lang='lat' dir='ltr'><strong>lucidum</strong></span> <span class='ocrx_word' id='word_1_867' title='bbox 3117 5581 3207 5643; x_wconf 85' lang='lat' dir='ltr'><strong>sit,</strong></span> <span class='ocrx_word' id='word_1_868' title='bbox 3260 5589 3422 5648; x_wconf 74' lang='lat' dir='ltr'><strong>atque</strong></span> 
     </span>
    </p>
   </div>
   <div class='ocr_carea' id='block_1_119' title="bbox 2545 5760 3414 5830">
    <p class='ocr_par' dir='ltr' id='par_1_119' title="bbox 2545 5760 3414 5830">
     <span class='ocr_line' id='line_1_119' title="bbox 2545 5760 3414 5830; baseline -0.013 -11"><span class='ocrx_word' id='word_1_869' title='bbox 2545 5764 2565 5796; x_wconf 85' lang='grc'><strong><em>⁸</em></strong></span> <span class='ocrx_word' id='word_1_870' title='bbox 2599 5765 2740 5820; x_wconf 79' lang='lat' dir='ltr'><strong>Psal.</strong></span> <span class='ocrx_word' id='word_1_871' title='bbox 2785 5780 2912 5830; x_wconf 74' lang='lat' dir='ltr'><strong>xvtl,</strong></span> <span class='ocrx_word' id='word_1_872' title='bbox 2951 5764 3030 5816; x_wconf 74' lang='lat' dir='ltr'><strong>I2.</strong></span> <span class='ocrx_word' id='word_1_873' title='bbox 3107 5764 3127 5792; x_wconf 84' lang='lat'><strong>&#39;</strong></span> <span class='ocrx_word' id='word_1_874' title='bbox 3161 5760 3296 5814; x_wconf 85' lang='lat' dir='ltr'><strong>Ibid.</strong></span> <span class='ocrx_word' id='word_1_875' title='bbox 3333 5760 3414 5812; x_wconf 79' lang='lat' dir='ltr'><strong>I5.</strong></span> 
     </span>
    </p>
   </div>
  </div>
