4240 6440
160 393 259 458 ῑίῖ)

1075 383 1460 443 ΕΡΙΞΤΟΙΑΞ
1496 381 1706 441 XXXV
1744 381 1784 435 Α
1823 380 1879 441 J.
1912 380 2147 438 ΙΛΜΙΟ
2184 378 2455 436 ΕῘἨΊῚΞ.

3301 370 3404 433 5:0

163 504 344 558 σοῦτσν
365 503 421 555 δὲ
459 502 619 570 μόνον
671 498 794 567 περὶ
847 495 956 548 τῶν
999 497 1054 546 ὲν
1085 487 1352 560 οἷςὲσμεν
1386 491 1492 559 ἔχω
1517 490 1723 555 λέγειν,
1758 489 1804 546 Λ

1758 489 1804 546 Λ
1840 489 2077 541 scribam
2110 487 2176 539 de
2211 486 2276 539 iis
2325 487 2375 536 in
2405 483 2604 552 quilms
2641 495 2943 544 versamur,
2977 490 3035 533 ιιι
3085 480 3186 533 nisi
3219 479 3399 532 Domi.

160 597 229 657 ὡς
255 597 299 646 εἰ
332 596 406 663 μὴ
433 591 635 659 Κύριος
665 585 731 658 ἦν
754 590 885 656 ἡμῖν
905 628 919 652 ,
949 586 1055 654 ἄρα
1107 583 1315 649 ζῶντας
1365 581 1431 635 ἂν
1466 581 1722 634 κατέπιον

161 688 300 755 ἡμᾶς
348 686 396 736 οἱ
440 686 534 736 ἐπὶ
567 682 674 734 τῶν
706 680 892 731 νώτων
925 677 1083 749 ἡμῶν
1135 675 1507 735 τεκταίνοντες
1543 674 1724 741 ἁμαρ-

159 778 311 827 τωλοὶ
353 778 421 826 τὰ
452 776 549 841 τῆς
589 772 764 840 κακῆς
816 767 1109 838 οἰκοδομῆς
1143 769 1646 831 ὲπιτεκτονήματα,
1675 762 1724 813 οί

164 867 399 936 meum;
453 866 658 926 εἰδότες
718 863 902 930 κρίσιν
959 863 1051 914 καὶ
1109 861 1278 922 ἕλεος,
1328 859 1355 910 ὃ
1400 854 1560 928 [ὧςῗ]
1593 873 1725 924 φησι

161 956 427 1024 Σολομῶν.
480 957 569 1025 Μὴ
619 954 1050 1024 ἀφαιρεθείημεν
1084 949 1177 1004 οὖν
1208 953 1299 1003 τὸν
1333 951 1542 1011 τούτοις
1577 951 1725 1001 ἀντι-

161 1049 549 1118 καλαμώμςνον
583 1046 648 1118 [Ῑ.
684 1046 1049 1116 ἀντιπαλαμ.]
1093 1046 1320 1114 Κύριον,
1350 1048 1468 1103 ταῖς
1529 1041 1726 1111 ὑμετέ-

161 1159 273 1211 ραις
305 1140 525 1208 εὐχαῖς·
560 1139 677 1190 ἀλλ’
703 1139 788 1206 εἴη
817 1137 935 1207 μεθ’
973 1137 1131 1205 ἡμῶν
1178 1137 1373 1204 μέχρις
1425 1127 1482 1186 οὗ
1537 1151 1725 1187 συντε-

160 1231 315 1299 λεσθῇ
344 1232 413 1282 τὰ
451 1229 543 1282 τοῦ
581 1228 818 1297 πονηροῦ
844 1228 1041 1290 αἰῶνος
1067 1226 1227 1296 ἔργα,
1265 1225 1407 1277 κατὰ
1439 1227 1535 1293 τὴν
1561 1225 1728 1292 μεγά-

159 1323 250 1390 λην
292 1322 609 1390 ὑπόσχεσιν,
647 1324 740 1373 καὶ
796 1321 873 1390 μὴ
939 1318 1189 1382 νυστάξει
1238 1317 1372 1387 μηδὲ
1432 1315 1671 1368 ύπνώσει
1702 1317 1730 1366 ὁ

160 1416 443 1482 φυλάσσων
507 1413 660 1478 ἆγιος
715 1412 807 1464 τοῦ
864 1411 1082 1480 Ἰσραὴλ
1133 1410 1202 1462 τὰ
1257 1408 1526 1479 ἡμέτερα.
1556 1409 1616 1459 Εἰ
1653 1408 1730 1477 μὴ

162 1507 260 1574 γὰρ
290 1507 504 1566 ἐκεῖνςς
537 1503 785 1571 φυλάξει,
821 1505 901 1564 εἰς
955 1503 1133 1570 μάτην
1167 1503 1328 1569 ἡμεῖς
1383 1501 1446 1567 ἀγ
1463 1500 1733 1570 ρυπνήσο-

157 1616 289 1670 -μεν-
336 1600 419 1650 ὅτι
456 1599 512 1650 αἱ
545 1597 754 1667 ἡμέραι
789 1594 1024 1663 πονηραί
1057 1594 1185 1656 είσι,
1217 1593 1310 1643 καὶ
1349 1593 1457 1653 πᾶς
1501 1589 1731 1655 ἀδελφὸς

161 1689 360 1759 πτέρνῃ
405 1689 650 1758 πτέρνιεί
691 1685 782 1737 τὸν
833 1684 1063 1752 πλησίον
1100 1681 1286 1744 αὑτοῦ,
1317 1683 1412 1734 καὶ
1465 1680 1654 1748 ὲχοροὶ
1682 1680 1730 1732 οἱ

161 1784 441 1844 οἱκειακοὶ,
475 1780 567 1831 καὶ
599 1781 647 1830 οἱ
689 1779 998 1846 πράκτορες
1043 1775 1133 1827 ἀεὶ
1179 1773 1531 1842 καλαμῶνται
1561 1773 1728 1842 ἡμᾶς.

163 1873 263 1924 Καὶ
309 1873 479 1933 ὅντως
535 1869 766 1938 ἐξεχύθη
811 1868 895 1918 ἐπ’
929 1869 1196 1934 ἄρχοντας
1236 1859 1605 1926 ἐξουδένιυσις,
1637 1861 1730 1912 καὶ

161 1963 434 2016 ἀπόλωλεν
471 1960 711 2028 εὐλαϐὴς
745 1957 856 2012 ἀπὸ
878 1959 976 2026 τῆς
1013 1957 1137 2025 γῆς,
1180 1956 1274 2008 καὶ
1319 1955 1518 2016 πάντες
1556 1953 1731 2022 δέρμα

161 2059 219 2107 ὲκ
250 2054 466 2124 σαρκῶν
510 2052 840 2123 ἁρπάζουσι,
874 2050 970 2102 καὶ
1022 2047 1365 2115 οἰκοδομοῦσι
1399 2047 1497 2115 τὴν
1534 2043 1730 2096 ἑαυτοῦ

163 2148 288 2198 Σ.ὼν
313 2148 542 2207 ἕκαστος
571 2147 626 2197 ἑν
655 2144 978 2213 ἀρπάγμασι
1010 2142 1101 2193 καὶ
1130 2141 1386 2200 ἀδικίαις,
1422 2139 1514 2189 καὶ
1543 2137 1730 2206 μυρίαι

161 2241 252 2308 τῆς
279 2239 504 2308 eam“
533 2236 838 2306 Θυγατέρες
868 2235 988 2286 ἀντὶ
1020 2232 1186 2304 τριῶν
1215 2231 1588 2300 ἀνεφάνησαν.
1623 2228 1698 2280 Οὖ
1718 2256 1731 2268 -

162 2352 258 2396 τως
298 2333 594 2393 πολυτόκος
640 2329 734 2382 νῦν
780 2329 1005 2396 γέγονεν
1058 2326 1146 2378 ἀεὶ
1196 2325 1322 2377 καθ’
1350 2325 1508 2393 ἡμῶν
1539 2323 1734 2382 πόνους

165 2425 634 2494 συλλαμϐάνουσα,
678 2421 774 2474 καὶ
821 2422 921 2482 τὰς
987 2417 1221 2485 ἀνομίας
1264 2415 1595 2484 ἐκφέρουσα,
1642 2412 1736 2465 καὶ

165 2518 350 2584 γέγονα
401 2517 494 2569 διὰ.
531 2515 704 2568 ταῦτα
737 2515 810 2575 ὡς
845 2511 1160 2580 τερέϐινθος
1205 2507 1620 2576 ἀπυὸεδληκυῖα
1667 2507 1736 2557 τὰ

167 2608 331 2675 φύλλα
351 2608 546 2676 αὐτῆς,
570 2607 662 2658 καὶ
694 2605 768 2666 ὼς
793 2604 1121 2673 παράδεισος
1152 2599 1295 2668 ὕδωρ
1329 2599 1403 2667 μὴ
1432 2598 1591 2668 ἔχων.
1627 2598 1739 2649 Καὶ

169 2700 361 2767 βίϐλοις
412 2699 512 2769 μὲν
559 2697 695 2749 ἀλλὰ
739 2695 804 2747 δι“
830 2693 1079 2747 ἐνιαυτοῦ
1127 2692 1321 2761 ὁμιλῶ,
1372 2689 1658 2760 ὲμμελετῶ
1683 2690 1737 2740 δὲ

167 2794 276 2852 ταῖς
314 2793 466 2861 παρὰ
506 2791 613 2840 τῶν
661 2787 995 2841 ἀδικούντων
1030 2785 1299 2851 φροντίσι,
1346 2785 1441 2836 καὶ
1483 2784 1629 2842 ὅπως
1673 2780 1738 2834 ἂν

171 2884 356 2944 αὐτοὺς
391 2882 731 2952 μηλιξαίμην
782 2878 1090 2948 ἀδροτέροις
1125 2877 1445 2945 μηλέμμασι
1487 2873 1739 2944 [μειλίγ-

174 2994 317 3044 ματι,
365 2976 621 3044 λήμμασι
641 2974 707 3044 η.
755 2970 1038 3023 Βασιλεύει
1091 2969 1198 3037 γὰρ
1245 2967 1406 3034 φόϐος
1440 2963 1620 3017 αὐτῶν
1648 2959 1742 3014 ίσα

173 3068 256 3119 καὶ
277 3068 304 3118 ὁ
326 3066 419 3118 τοῦ
446 3065 582 3118 Θεοῦ
612 3062 857 3135 μακρὰν,
879 3060 952 3124 ὦς
977 3077 1162 3129 φασιν,
1191 3058 1520 3125 ἀπεχόντων.
1553 3053 1742 3124 Εύχῶν

169 3151 253 3206 οὖν
284 3156 360 3207 δεῖ
391 3155 501 3206 τῶν
527 3155 812 3224 ὑμετέρων
845 3155 975 3222 ἡμῖν
999 3170 1009 3180 ·
1037 3151 1134 3220 τὴν
1153 3150 1259 3218 γὰρ
1286 3148 1561 3217 ἡμετέραν
1579 3146 1744 3198 πάλαι
1775 3186 1817 3243 C

175 3246 470 3313 κατέγνωτε
515 3245 610 3313 τὴν
652 3244 958 3296 ἀσθένειαν.
1009 3239 1352 3308 Ἀσπάζομαι
1380 3239 1589 3300 πάντας
1622 3237 1746 3297 τοὺς

175 3337 289 3396 σοὺς
316 3338 490 3398 υἱοὺς,
516 3338 682 3402 ἐμοὺς
711 3335 764 3388 δὲ
781 3335 1061 3402 ἀδελφοὺς,
1087 3332 1179 3394 οὓς
1201 3331 1549 3400 παραστῆσαι
1581 3328 1747 3400 [παρ-

173 3428 454 3497 έστησαςῗι
489 3429 636 3489 υἱοὺς
688 3427 862 3496 φωτὸς
890 3424 967 3494 τῷ
1010 3425 1118 3476 τῶν
1165 3422 1356 3491 φώτων
1403 3421 1598 3489 Πατρί,
1632 3421 1750 3470 ἱκα-

174 3517 339 3582 νώσας
374 3523 571 3589 στῆσαι
602 3516 882 3589 [στῆναιῗ]
911 3519 990 3579 είς
1042 3514 1235 3585 μερίδα
1271 3511 1363 3565 τοῦ
1391 3512 1600 3582 ικλήρου
1641 3509 1750 3561 τῶν

176 3610 336 3676 ἁγίων
368 3613 424 3662 ἐν
459 3613 620 3679 φωτί.

794 3698 1014 3753 ΕΠΙΣΤ.
1060 3695 1138 3750 Λ’.

451 3792 543 3858 Τῴ
580 3792 895 3859 καματηρῷ
921 3789 1079 3858 κυρῷ
1106 3790 1433 3856 Γρηγορίῳ.

243 3884 387 3938 Εἶδον
411 3886 522 3952 ἐγὼ
553 3884 792 3950 πατέρας
821 3882 1078 3943 Αἰθίοπας
1105 3881 1171 3932 τὰ
1202 3880 1349 3946 σφῶν
1377 3879 1542 3929 τέκνα
1589 3892 1754 3945 προσ-

182 3978 413 4046 ορῶντας
465 3975 540 4038 ὡς
612 3973 787 4042 ἡλίου,
845 3972 1011 4039 φασὶ,
1053 3973 1370 4040 γεννήματα
1410 4010 1422 4032 ,
1471 3968 1563 4019 καὶ
1607 3968 1755 4037 ἥδιον

177 4070 271 4138 τὴν
319 4068 546 4120 ἐκείνων
588 4065 981 4134 ἀσχημοσύνην
1143 4066 1210 4132 τῇ
1261 4060 1451 4132 -σύνῃ]
1505 4059 1756 4130 προσπά-

185 4176 427 4227 σχοντας,
471 4159 505 4228 ἦ
538 4157 617 4226 τῷ
649 4157 814 4210 πάλαι
841 4156 902 4228 [Ῑ.
932 4154 1136 4226 xcidit].
1166 4155 1232 4206 ἂν
1274 4155 1573 4222 ἀλλότριον.
1605 4150 1756 4203 Εἶδον

178 4250 370 4316 ὁμοίως
423 4251 519 4302 καὶ
569 4248 828 4309 δικαστὰς
867 4249 965 4308 τας
999 4247 1206 4308 οἰκείας
1244 4245 1478 4313 ψήφους,
1529 4243 1629 4295 κᾶν
1681 4245 1756 4312 μὴ

182 4342 314 4394 πάνυ
329 4358 410 4393 τοι
429 4341 564 4410 πρὸς
579 4340 700 4403 τοὺς
724 4339 917 4409 νόμους
941 4339 1290 4401 ἀποξεσθοίεν
1308 4337 1416 4408 [οξε
1429 4336 1602 4388 σΟεῖεν
1623 4337 1759 4399 -ζω-

185 4432 732 4503 σθεῖενῖ],ὡςὲκΔιὸς
766 4429 896 4498 γοῦν
940 4432 1137 4483 δέλτων
1173 4429 1539 4497 ἐσπασμένοις,
1575 4429 1755 4480 ἀσπα-

1831 595 1931 634 nus
1977 587 2096 633 erat
2164 580 2213 631 in
2271 578 2448 638 nobis,
2516 572 2744 627 forsitan
2835 573 2986 626 vivos
3039 572 3400 639 deglutisscttt

1832 686 1930 723 nos
1965 670 2030 728 ’³,
2063 685 2227 737 supra
2259 669 2484 719 dorsum
2516 674 2766 717 nostrum
2813 666 2938 716 mali
2985 663 3199 716 mdiﬁeii
3236 677 3400 732 opera

1833 761 2166 814 lubricantes
2199 769 2514 827 peccatores
2541 756 2603 822 “,
2635 757 2727 825 qui
2781 771 2888 808 non
2927 756 3107 808 vident
3178 755 3403 807 omnino

1825 853 2090 920 judicium
2113 861 2166 904 et
2199 848 2657 911 misericordiam,
2693 859 2751 900 ut
2809 849 2883 898 ait
2935 846 3193 899 Salomon
3228 846 3288 898 ¹⁵.
3328 844 3405 898 Ne

1830 945 2145 998 auferamus
2183 944 2348 1012 igitur
2403 956 2431 992 a
2481 941 2636 993 nobis
2682 939 2993 998 hominum,
3052 939 3143 1004 qui
3206 937 3405 989 vestris

1832 1036 2084 1106 pree'hus
2112 1044 2315 1103 pugnat
2375 1041 2564 1086 contra
2600 1031 2723 1083 illos
2748 1069 2762 1091 ,
2825 1031 2913 1080 sed
2948 1037 3165 1080 maneat
3191 1042 3406 1095 semper

1833 1126 2115 1179 nobiseum
2142 1124 2314 1175 donec
2358 1123 2482 1172 mali
2562 1121 2741 1172 seaculi
2777 1133 2944 1186 opera
3000 1119 3108 1168 sint
3150 1131 3409 1169 consum-

1833 1221 2001 1277 mata,
2031 1213 2181 1280 juxta
2230 1211 2564 1278 promissum
2631 1224 2912 1275 magnum,
2937 1220 3112 1274 neque
3139 1205 3408 1258 dormita-

1835 1305 1932 1369 bit,
1959 1319 2135 1370 neque
2165 1302 2398 1355 dormiet
2428 1309 2648 1352 sanctus
2678 1299 2840 1350 Israel
2882 1299 2972 1366 qui
3015 1305 3201 1348 nostra
3226 1302 3408 1346 custo-

1835 1395 1914 1448 dit
1949 1396 2009 1445 ”.
2043 1393 2256 1446 Etenim
2285 1392 2384 1445 nisi
2434 1391 2523 1443 ille
2554 1388 2903 1451 custodierit,
2945 1389 2997 1439 in
3059 1399 3257 1438 vanum
3311 1398 3412 1435 nos

1834 1486 2202 1554 vigilabimus,
2231 1481 2491 1551 quoniam
2545 1480 2661 1531 dies
2716 1479 2841 1530 mali
2895 1478 3184 1539 sunt”,et
3231 1473 3412 1526 omnis

1838 1575 2010 1628 frater
2043 1576 2192 1628 calce
2220 1575 2391 1625 calcat
2419 1570 2730 1640 proximum
2764 1584 2946 1631 suunt,
2980 1578 3033 1619 et
3076 1566 3280 1619 inimici
3304 1566 3405 1617 do-

1836 1665 2047 1718 mestici
2086 1674 2370 1716 exactores
2411 1661 2648 1731 spoliant
2674 1673 2775 1711 nos
2810 1672 3048 1726 semper,
3077 1665 3130 1710 et
3173 1670 3301 1708 vero
3326 1654 3386 1708 cf

1839 1753 1954 1807 l‘usa
1982 1761 2066 1806 est
2105 1767 2269 1821 super
2289 1751 2566 1820 principes
2593 1749 2948 1817 contemptio,
2970 1759 3017 1800 et
3041 1747 3198 1815 periit
3225 1745 3407 1813 justus

1838 1844 1904 1896 de
1968 1852 2134 1903 terra,
2178 1855 2479 1910 omnesque
2522 1840 2714 1909 pellem
2786 1855 2815 1892 e
2871 1839 3130 1892 carnibus
3171 1839 3412 1906 rapiunt,

1839 1949 2002 2007 atque
2029 1936 2298 1990 aediﬁcant
2325 1948 2478 1989 suam
2501 1933 2880 2001 unusquisque
2925 1930 3056 1985 Sion
3104 1931 3155 1983 in
3203 1930 3414 2000 rapinis

1839 2040 1890 2082 et
1953 2028 2357 2096 iniquitatilms,
2393 2034 2446 2080 et
2517 2024 2943 2078 innumerabiles
2987 2022 3411 2076 abominationis

1842 2121 1964 2173 tiliae
1992 2136 2088 2189 pro
2126 2119 2302 2170 tribus
2329 2125 2723 2184 apparuerunt.
2761 2112 2836 2166 Ita
2857 2129 2973 2181 qua:
3008 2113 3208 2166 multos
3251 2112 3416 2165 habet

1843 2211 2002 2270 ﬁlios,
2039 2212 2178 2261 facta
2212 2216 2294 2261 est
2330 2206 2474 2275 apud
2530 2219 2632 2259 nos
2684 2214 2948 2273 perpetuo
2978 2202 3194 2256 dolores
3231 2201 3418 2255 conci-

1843 2304 1997 2372 piens
2032 2310 2080 2354 et
2106 2301 2324 2368 pariens
2355 2299 2734 2363 iniquitatem,
2773 2297 3006 2364 ideoque
3067 2294 3243 2348 factus
3299 2308 3419 2347 sum

1842 2394 1998 2461 quasi
2059 2390 2404 2443 terebinthus
2439 2389 2567 2440 folia
2609 2385 2897 2456 abjiciens.
2933 2385 3162 2454 etquasi
3196 2383 3416 2452 paradi-

1845 2500 1938 2538 sus
1969 2499 2166 2552 aquam
2201 2498 2310 2535 non
2349 2482 2578 2542 habens,
2609 2489 2662 2533 et
2696 2494 2820 2533 cum
2855 2479 3012 2532 libris
3041 2477 3260 2546 quidem
3304 2491 3426 2530 vcr-

1845 2592 1937 2630 sor
1967 2591 2061 2645 per
2093 2589 2318 2635 annum,
2344 2583 2397 2625 et
2426 2572 2659 2624 meditor
2683 2571 2736 2624 in
2768 2571 2919 2624 euris
2959 2585 3079 2639 qua:
3098 2571 3164 2623 ab
3193 2569 3425 2638 injurias

1847 2665 2178 2718 facientibus
2227 2663 2556 2724 inferuntur,
2589 2672 2642 2715 et
2701 2662 2976 2731 quomodo
3019 2677 3113 2715 eos
3154 2661 3424 2713 mulceant

1846 2756 2257 2812 deliratioribns
2307 2754 2764 2808 demulsionibus.
2828 2755 3150 2808 Dominatur
3175 2754 3319 2806 enim
3355 2753 3423 2807 iis

1847 2850 2034 2912 timor,
2064 2849 2217 2916 quasi
2279 2846 2366 2899 ille
2396 2847 2464 2899 sit
2494 2846 2588 2914 qui
2633 2847 2793 2916 longe
2837 2863 2866 2900 a
2903 2846 3031 2911 Deo,
3063 2855 3121 2899 ut
3161 2849 3338 2911 aiunt,
3364 2861 3424 2900 se

1850 2942 2244 2997 abstinentium
2276 2939 2552 3009 est.Opus
2584 2940 2747 3010 igitur
2788 2942 3056 2997 habemus
3078 2945 3423 3001 orationibus

1849 3035 2101 3088 vestris:
2143 3042 2386 3086 nostram
2447 3033 2592 3086 enim
2645 3033 2714 3086 ab
2772 3036 3000 3104 antiquo
3051 3037 3424 3094 inﬁrmitatem

1851 3126 2214 3195 eogtiovistis.
2241 3124 2428 3177 Saluto
2460 3138 2651 3176 omnes
2674 3125 2813 3179 ﬁlios
2840 3135 2984 3191 tuos,
3028 3143 3179 3183 meos
3202 3129 3424 3193 fratres.

1851 3234 1989 3289 quos
2028 3218 2175 3271 Patri
2233 3217 2496 3269 luminum
2565 3217 2706 3271 ﬁlios
2756 3218 2894 3272 lueis
2952 3220 3248 3275 exhibuisti
3308 3223 3426 3275 ido-

1853 3329 1984 3367 neos
2005 3312 2258 3376 reddens,
2294 3321 2352 3366 ut
2382 3318 2528 3366 stent
2557 3311 2609 3363 in
2638 3321 2794 3378 parte
2830 3311 2997 3365 sortis
3017 3323 3336 3367 sanctorum
3368 3314 3425 3369 in

1852 3406 2081 3459 lumine.

2318 3679 2483 3748 736
2529 3677 2747 3732 EPIST.
2792 3678 2960 3732 xxx.

2243 3774 2448 3822 Damno
2479 3767 2730 3838 Gregorio
2788 3779 3075 3822 canmlero.

1926 3863 2046 3917 Vidi
2096 3878 2196 3932 ego
2247 3873 2427 3932 patres
2483 3860 2770 3930 Ethiopcs
2824 3861 2875 3914 in
2919 3877 3048 3915 suos
3095 3861 3231 3916 ﬁlios
3278 3863 3432 3932 quasi

1858 3957 2014 4021 solis,
2049 3956 2225 4018 aiunt,
2254 3953 2570 4023 progeniem
2611 3953 2907 4018 intuentes,
2939 3968 3240 4022 eorumque
3268 3957 3434 4023 turpi—

1858 4046 2102 4099 tudinem
2132 4041 2468 4114 perjucuudc
2493 4043 2757 4110 perlerre,
2779 4043 2882 4096 etsi
2909 4043 2977 4097 ab
3003 4058 3090 4106 eo,
3120 4043 3262 4112 quod
3279 4055 3436 4100 erant

1859 4138 2185 4206 antiquitus,
2248 4137 2504 4189 alienam.
2544 4134 2662 4188 Vidi
2701 4136 2903 4203 pariter
2939 4135 3221 4202 etjudices
3246 4138 3436 4189 dome-

1860 4232 2022 4285 Stieis
2064 4229 2377 4293 sententiis,
2407 4228 2510 4282 etsi
2552 4243 2660 4280 non
2699 4226 3104 4296 on‘minojuxta
3134 4226 3282 4297 leges
3308 4242 3436 4279 exa-

1860 4324 1985 4386 ctis,
2042 4328 2304 4389 tanquam
2352 4318 2549 4372 eJovis
2575 4317 2931 4387 pugillatibus
2979 4319 3319 4387 depromptis
3352 4318 3434 4370 in-

1860 4414 2244 4485 separaliiliter
2279 4413 2632 4476 inliterentes,
2659 4421 2712 4474 et
2747 4411 2816 4465 iis
2863 4425 2983 4479 qua:
3018 4410 3184 4465 semel
3211 4409 3438 4479 placue-

185 4524 316 4585 στῶς
364 4525 754 4594 περιέποντας,
803 4524 898 4574 καὶ
942 4525 1056 4582 τοῖς
1100 4521 1444 4589 δεδογμένοις
1494 4520 1753 4588 ἐγκαρτε-
1785 4517 1828 4572 D

1785 4517 1828 4572 ι)
1862 4506 2218 4560 rintlirntiter
2243 4506 2621 4556 immanentes.
2649 4501 2802 4566 Quod
2852 4501 3090 4568 sijustas
3121 4516 3248 4555 vere
3305 4517 3437 4571 pro-

189 4614 381 4681 ροῦντα
414 4612 905 4681 ὲνοτατικώτερον.
946 4611 1007 4663 Ei
1029 4611 1083 4663 δὲ
1109 4613 1202 4663 καὶ
1225 4613 1438 4671 δικαίας
1468 4611 1636 4671 ὄντως
1658 4608 1755 4670 τὰς

181 4704 390 4774 ψήφους
426 4706 740 4775 ὲκφέροιεν,
789 4705 883 4756 καὶ
939 4705 995 4756 αἱ
1038 4703 1146 4754 τῶν
1193 4705 1524 4771 ἀποφάσεων
1577 4702 1758 4762 αὐτοῖς

187 4798 529 4866 πλάστιγγες,
547 4798 758 4858 Μίνωος
787 4792 940 4866 είενῆ
959 4795 1383 4864 Ῥαδαμάνθυος,
1404 4794 1498 4844 καὶ
1518 4793 1606 4844 ἐπ’
1624 4795 1760 4845 ἀπο-

185 4888 432 4959 θνήσκειν
498 4892 610 4950 τοῖς
679 4886 1124 4956 ἀπεσφαγμένοις
1201 4886 1505 4949 δικάζοιεν
1563 4881 1652 4954 ἆρ’
1698 4883 1759 4934 ού

187 4982 278 5034 καὶ
305 4984 367 5051 τῇ
403 4985 468 5051 σῇ
510 4981 762 5050 ἀγχινοίᾳ
790 4980 882 5032 καὶ
932 4976 1261 5048 μεγαλονοίᾳ
1307 4976 1554 5028 σσνδοκεῖ
1589 4973 1759 5027 ταῦτα

189 5072 586 5142 ὑπέρλαμπρα;
634 5071 773 5136 Ἐγὼ
811 5070 909 5138 μὲν
951 5064 1130 5138 οἶμαι,
1172 5070 1221 5120 εἰ
1269 5069 1342 5136 μή
1399 5085 1501 5118 που
1552 5067 1757 5119 ἀδικεῖν

191 5165 382 5227 ὲῡελεις
409 5167 508 5235 τὴν
547 5165 645 5233 σὴν
692 5161 972 5231 ἀλήθειαν.
1023 5161 1175 5213 Ἐπεὶ
1222 5159 1353 5228 γοῦν
1392 5161 1483 5211 καὶ
1516 5159 1756 5212 τέΟειταί

195 5273 279 5322 μοι
308 5257 480 5308 ταῦτα
512 5256 611 5308 καὶ
661 5253 1106 5324 ἀνωμολόγηται,
1141 5254 1278 5322 μήτε
1305 5251 1361 5304 δὲ
1390 5251 1757 5303 διττέσοωσαν

194 5344 255 5416 [Ῑ.
286 5347 502 5418 δεδιττ.Ι
549 5346 617 5399 τὰ
668 5345 776 5397 τῶν
816 5343 1112 5397 ἀντιθέτων
1163 5344 1296 5412 ἡμῖν
1351 5343 1755 5411 σκευωρήματα

194 5439 282 5489 καὶ
323 5439 810 5507 κακοτεχνὴματα,
866 5434 992 5505 μήτ’
1021 5436 1104 5487 ὃτι
1140 5451 1222 5486 σοι
1257 5434 1556 5486 ἐντείνουσι
1609 5433 1760 5497 τόξον

196 5529 389 5595 αὐτῶν,
423 5531 660 5598 πρᾶγμα
695 5528 914 5596 πικρὸν,
948 5524 1335 5595 παρείσθωσαν
1366 5542 1446 5576 σοι
1478 5525 1533 5576 αί
1560 5526 1760 5592 χεῖρες,

197 5620 226 5686 ἢ
255 5619 517 5688 ἐκκείσθω
551 5636 642 5670 σου
673 5620 703 5686 ἠ
744 5616 961 5686 καρδία,
1000 5613 1172 5666 ταῦτα
1202 5614 1265 5682 δὴ
1301 5613 1368 5664 τά
1410 5610 1756 5682 προφητικά·

288 5763 307 5793 ³
339 5763 476 5817 Ρεςιι.
515 5778 708 5822 cum,
742 5760 765 5811 l
800 5803 813 5823 ,
847 5762 902 5814 3.
976 5756 1016 5788 “
1047 5756 1185 5813 Psal.
1229 5773 1455 5824 curnt,
1491 5758 1541 5809 5.

199 5846 340 5897 uin,
371 5836 401 5888 4
501 5837 541 5867 ⁸³
576 5836 719 5889 l'sul.
742 5849 868 5896 xxx,
907 5831 997 5885 ‘25.

1623 5757 1664 5788 ⁸⁵
1699 5755 1854 5808 Prov.
1890 5770 1925 5817 I,
1955 5753 2004 5804 3.

1857 4598 2062 4652 ferrent
2094 4595 2394 4649 sententias
2420 4601 2467 4646 et
2488 4592 2824 4661 iudiciorum
2848 4593 2947 4659 ipsi
2969 4591 3152 4644 lances
3169 4591 3437 4644 haberent

1858 4690 2076 4753 Minois,
2113 4696 2205 4740 aut
2250 4685 2654 4738 Rhadamanthi
2694 4683 2980 4738 sententia:
3005 4681 3204 4747 forent,
3232 4691 3286 4736 et
3317 4691 3439 4752 post

1859 4795 2087 4836 mortem
2120 4779 2466 4845 mortuisjns
2498 4776 2764 4839 dicerent,
2819 4773 3086 4842 numquid
3139 4772 3437 4826 alacrima-

1861 4889 2078 4944 gnoque
2133 4872 2318 4924 animo
2358 4879 2451 4923 tuo
2487 4867 2743 4920 videntur
2788 4866 2901 4918 hau:
2963 4871 3159 4933 praeter
3217 4863 3437 4917 modum

1862 4964 2187 5034 splendida?
2231 4962 2343 5032 Ego
2402 4963 2656 5030 equidem
2703 4966 2859 5028 puto,
2919 4959 3024 5011 nisi
3098 4957 3230 5012 velis
3287 4964 3435 5009 tuam

1863 5061 2059 5113 lzedere
2080 5053 2684 5118 veritatem.Qu0niam
2727 5052 2895 5119 igitur
2945 5065 3008 5103 ea
3065 5049 3196 5102 mihi
3258 5048 3438 5116 posita

1861 5166 1910 5208 et
1946 5155 2245 5208 constituta
2277 5158 2426 5211 sunt,
2457 5162 2635 5215 neque
2661 5145 3015 5213 duplicentur
3041 5142 3199 5196 nobis
3245 5139 3439 5194 adver-

1862 5247 2133 5300 sariorqu
2168 5240 2379 5297 insidia:
2408 5249 2462 5292 et
2485 5237 2774 5297 muehime,
2825 5249 3002 5302 neque
3046 5231 3191 5300 quod
3250 5246 3436 5283 arcum

1863 5337 2154 5393 intendunt
2201 5333 2300 5386 tibi
2349 5345 2463 5384 rem
2517 5341 2757 5380 amaram
2798 5325 2862 5390 ⁸⁸,
2917 5323 3049 5376 ﬁant
3099 5321 3191 5374 tibi
3245 5334 3442 5374 manus

1870 5431 2137 5491 I'etnissm,
2193 5434 2246 5479 et
2303 5421 2763 5476 cﬂundatur-cor
2817 5425 2967 5468 tuum
3035 5414 3174 5483 (hac
3219 5410 3438 5480 quidem

1868 5517 2206 5589 prophetica)
2240 5553 2254 5575 .
2279 5520 2654 5567 verumtamen
2712 5506 2947 5559 viriliter
3003 5511 3126 5571 agat
3153 5508 3206 5553 et
3226 5499 3443 5553 confor-

1868 5587 2010 5666 tetur
2042 5626 2141 5664 cor
2198 5617 2350 5660 tuum
2405 5606 2466 5668 ¹⁹,
2504 5602 2689 5655 Justus
2717 5597 2859 5653 enim
2920 5595 3172 5648 Dominus
3201 5600 3248 5644 (ι
3284 5587 3445 5656 justi-

2087 5750 2128 5780 ¹⁶
2155 5746 2297 5800 Psal.
2352 5759 2474 5807 cxx,
2508 5742 2559 5793 τί.
2640 5738 2679 5768 "'
2720 5735 2921 5803 Ephcs.
2962 5745 3011 5794 ν,
3045 5729 3128 5779 lli.
3229 5725 3271 5756 ¹⁸
3297 5722 3441 5777 Psal.
