4240 6440
251 408 359 470 553

1194 407 1576 468 EPISTflLr’E
1613 405 1822 465 XXXV
1861 405 1900 460 Λ
1943 405 1993 464 J.
2045 407 2278 466 ΙΑΜΙΟ
2311 408 2574 469 ΕῸΙΤ.·Ε.

1861 405 1900 460 Λ
1943 405 1993 464 J.
2045 407 2278 466 ΙΑΜΙΟ
2311 408 2574 469 ΕῸΙΤ.·Ε.
3397 417 3496 478 554

248 522 446 576 οὐκοῦν
475 522 757 576 καὶτοῦτο
787 522 884 586 τῆς
921 521 1090 576 αὐτοῦ
1131 523 1322 593 μοίρας
1351 521 1507 573 τίθει.
1542 521 1615 572 Σὺ
1653 519 1707 570 δὲ
1746 519 1837 569 ἐκ·
1872 526 1906 573 Α

1829 545 1837 554 ·
1872 526 1906 573 Α
1941 526 1992 570 et
2024 519 2127 574 hoc.
2159 521 2278 589 ejus
2313 522 2481 577 fatum
2533 525 2672 578 idem
2700 537 2888 596 reputa
2920 543 2934 592 ;
2965 535 3017 579 et
3049 527 3320 582 delectare
3387 531 3503 597 ejus

248 614 456 682 τέρπου
501 611 563 682 [ι’.
609 611 746 683 ἐντ.]
787 614 853 682 τῇ
894 612 1154 681 ἐπωδύνῳ
1191 612 1453 683 παροικίᾳ
1493 611 1719 661 ἐκείνου.
1763 608 1826 659 Ei

251 705 353 772 μὲν
376 703 482 774 γὰρ
507 704 809 756 ἐννυπεέθει
835 705 1209 776 [ἐνηδυπάθει.
1233 703 1575 771 ἐνευπάθειῖι
1600 706 1664 771 τῇ
1691 702 1825 768 ζωῇ.

250 796 346 848 καὶ
379 796 560 859 καλῶς
593 793 741 865 εἶχεν
772 796 922 865 αὐτῴ
951 798 1018 848 τά
1053 798 1228 849 πάντα
1255 837 1268 857 ,
1301 796 1412 848 οὐδ’
1435 794 1604 856 οὕτως
1635 794 1740 845 ἔδει
1770 793 1831 844 τὸ

249 888 590 950 καταπενθές
634 887 790 939 τοῦτο
829 888 925 940 καὶ⁸
967 887 1262 957 φιλόδακρυ
1303 882 1730 938 ἐπιδείκνυσθαι.
1771 880 1832 932 Εἰ

246 982 302 1036 δὲ
336 984 438 1052 τὴν
470 983 614 1052 ζωὴν
647 984 835 1050 ἡγεῖτο
863 982 1060 1052 πικρὸν
1090 982 1165 1044 ὡς
1199 981 1415 1051 ἀληθῶς
1444 981 1672 1033 θάνατον
1693 1019 1705 1039 ,
1741 975 1832 1029 καὶ¹

246 1074 346 1142 τῆς
381 1075 627 1145 φυλακῆς
659 1075 950 1145 ἐξαλθῆναι
978 1073 1299 1146 [ἐξελαθ.⁶ἶ],
1327 1075 1421 1126 καὶ
1445 1074 1569 1132 τοὺς
1598 1070 1832 1139 δεσμοὺς

246 1169 400 1238 αὐτῷ
450 1169 818 1241 διαρραγῆναι
868 1171 1176 1240 ἐπηύχετο·
1223 1167 1310 1238 ἆρ’
1359 1171 1455 1221 οὐκ
1509 1169 1575 1220 ἂν
1623 1166 1833 1236 ἐχθρῶν

246 1259 389 1328 ἔργα
432 1265 704 1330 ποιοῖμεν,
750 1260 908 1331 εἴπερ
967 1261 1318 1330 διακοπείσης
1359 1259 1553 1329 ἐκείνῳ
1590 1257 1689 1326 τῆς
1727 1257 1835 1308 τῶν

243 1351 456 1402 ὀδυνῶν
504 1354 738 1421 σχοίνου,
785 1353 941 1405 αὐτοὶ
987 1352 1344 1422 δακρύοιμεν,
1397 1355 1492 1405 καὶ
1540 1351 1834 1418 πενθοῖμεν

245 1442 692 1512 ἀπαρηγόρ·.ςτα;
734 1443 875 1495 Ἀλλ’
905 1445 986 1496 ὅτι
1028 1445 1208 1507 καλῶς
1247 1441 1393 1512 εἶχεν
1426 1445 1558 1511 ἡμῖν
1592 1441 1834 1494 τοιοῦτον

245 1533 394 1602 ἔχειν
428 1534 743 1603 μεθ’ήμῶν,
773 1538 865 1586 ἐπὶ
892 1536 1069 1604 τούτῳ
1101 1535 1462 1603 κοπτώμεθα;
1496 1534 1656 1588 Ἀλλά
1685 1533 1833 1603 πρῶ-

243 1639 338 1672 τον
377 1623 477 1691 μὲν
511 1622 668 1675 τοῦτο
702 1622 995 1690 φίλαυτον,
1031 1624 1082 1674 εἴ
1117 1642 1179 1691 γε
1211 1626 1272 1675 τὸ
1303 1627 1502 1676 οἰκεῖον
1535 1625 1696 1675 καλὸν
1730 1623 1835 1692 πρὸ

243 1713 340 1764 τοῦ
393 1715 728 1784 καθήκοντος
776 1715 970 1785 ἐκείνῳ
1017 1715 1302 1785 τιθέμεθα.
1345 1716 1571 1781 Ἐκείνῳ
1618 1714 1728 1784 γὰρ
1775 1715 1835 1766 τό

242 1802 540 1869 ἀναλῦσαι,
584 1806 679 1858 καὶ
723 1806 822 1859 σὺν
865 1805 1089 1876 Χριστῷ
1131 1803 1295 1871 εἶναι,
1341 1807 1569 1877 βέλτιον.
1605 1807 1832 1858 Ἔπειτα

244 1897 342 1947 καὶ
381 1896 695 1949 τούναντίον
736 1901 908 1960 ἀπαν,
946 1897 1042 1952 νῦν
1083 1899 1286 1965 μᾶλλον
1329 1900 1426 1969 τῆς
1467 1899 1595 1967 παρ’
1622 1897 1831 1951 ἐκείνου

246 1985 503 2056 βοηθείας
527 1986 856 2058 τευξόμεθα,
883 1989 992 2056 ὅσῳ
1019 1991 1114 2040 καί⁹
1136 1988 1215 2058 τῷ
1245 1987 1391 2058 μόνῳ
1420 1988 1598 2057 βοηθῷ
1625 2006 1690 2040 πε
1705 1987 1834 2056 πλη-

245 2081 432 2142 σίακε,
477 2083 571 2134 καὶ
613 2082 836 2162 ἀμέσως
875 2080 1086 2151 ὁμιλεῖν
1125 2081 1321 2152 ἐκείνῳ
1359 2081 1448 2134 διά
1484 2080 1644 2133 τοῦτο
1680 2081 1828 2136 δεδὺο

244 2188 432 2240 νηται.

315 2260 510 2316 Ταῦτά
548 2281 658 2333 μοι,
686 2259 731 2316 ὦ
765 2265 823 2318 λέ
861 2264 1004 2337 [οὖλε
1029 2267 1053 2319 ?
1081 2258 1126 2318 ὦ
1159 2265 1330 2318 κα).ἐῖ
1361 2258 1406 2318 ὦ
1437 2265 1608 2335 λῷστε
1623 2265 1666 2336 ?]
1700 2267 1832 2328 παῖ,

241 2353 300 2405 ὃν
367 2356 482 2421 ἐγὼ
535 2358 593 2409 ἐν
648 2359 836 2429 Κυρίῳ
899 2359 1168 2430 ὡδίνησα,
1230 2359 1322 2412 καὶ
1384 2360 1687 2428 ἐγέννησα,
1741 2360 1835 2412 καὶ

244 2448 690 2515 ἀπεγαλάκτισα,
729 2453 758 2503 ὁ
798 2451 954 2518 λόγος
998 2451 1136 2522 πρὸς
1182 2452 1240 2504 τὸ
1283 2451 1453 2513 πάθος
1495 2451 1831 2521 ἁντερῤητὸ-

246 2561 429 2612 ρευσε.
464 2549 587 2598 Δεῖν
615 2547 670 2598 δὲ
705 2547 890 2618 ᾠήθην
923 2551 1014 2599 καί
1049 2550 1107 2600 οὲ
1141 2549 1394 2599 κοινωνὸν
1427 2547 1834 2614 προσλαὸέσθαι

244 2638 354 2687 τῶν
395 2638 460 2688 ὲκ
494 2638 589 2690 τοῦ
627 2640 785 2705 λόγου
831 2657 922 2708 μοι
963 2638 1205 2705 ἀγαθῶν,
1248 2641 1385 2708 ὅπερ
1426 2639 1490 2707 δὴ
1532 2642 1622 2691 καὶ
1666 2640 1833 2692 πάλαι

248 2746 337 2794 μοι
373 2729 625 2799 σύνηθες.
659 2731 731 2783 Σὺ
764 2730 820 2782 δέ
848 2731 938 2782 τὸν
975 2731 1244 2799 μακάριον
1278 2731 1482 2782 ἐκεῖνον
1515 2732 1608 2781 καὶ
1640 2731 1835 2784 πολλά-

247 2838 332 2883 κις
358 2823 551 2876 τοῦτον
578 2824 756 2887 ζῶντα
781 2825 837 2876 ἐν
865 2823 1048 2892 σαυτῷ
1077 2822 1378 2874 ἐπιδείκνυε
1401 2839 1414 2852 ο
1446 2823 1516 2874 κά
1529 2822 1677 2892 πειδὴ
1703 2824 1834 2885 Θεός

249 2932 331 2968 σοι
368 2916 470 2983 τὴν
506 2916 678 2984 ἀρχὴν
717 2915 1076 2984 ἐνεχείρισεν,
1114 2913 1281 2966 ἐννόει
1315 2914 1413 2983 τὴν
1451 2915 1660 2966 ἐκείνου
1698 2915 1834 2982 πρὸς

246 3008 372 3069 τοὺς
419 3007 698 3067 ὑποτελεῖς
743 3007 1044 3076 πραότητα.
1083 3005 1144 3057 τὸ
1184 3004 1457 3072 εὐόμιλον,
1493 3005 1553 3056 τὸ
1597 3006 1656 3056 ἐν
1699 3005 1833 3057 πᾶσι

254 3099 750 3167 τεριεσκεμμένον,
781 3100 874 3149 καὶ
904 3096 1284 3164 εὖόουλον,καὶ
1309 3095 1369 3148 τὸ
1390 3098 1554 3165 μηδὲν
1579 3098 1708 3150 ἄνευ
1739 3115 1834 3165 με⁸

247 3188 409 3258 λέτης
442 3190 635 3241 ποιεῖν.
669 3189 778 3240 Καὶ
806 3188 898 3240 ἐπὶ
925 3189 1058 3241 πᾶσι
1085 3187 1179 3239 καὶ
1206 3188 1311 3258 πρδ
1340 3189 1578 3250 πάντων,
1603 3187 1665 3238 τὸ
1695 3188 1829 3256 πρὸς
1859 3196 1904 3256 c

247 3279 379 3332 Θεὸν
420 3279 648 3340 εὐλαϐὲς
691 3280 784 3331 καὶ
823 3278 1148 3347 κακὸφοϐον,
1196 3279 1290 3330 καὶ
1331 3280 1466 3348 πρὸς
1508 3277 1830 3348 ἀνθρώπους

247 3371 574 3440 ἐντροπιγὸν
606 3387 664 3422 τε
701 3373 797 3423 καὶ
831 3369 1124 3440 εὔσχημον,
1157 3369 1252 3422 καὶ
1279 3369 1349 3420 τὰ
1380 3369 1511 3421 ἀλλα
1544 3371 1645 3422 ὅσα
1677 3372 1831 3437 κάγὼ

248 3466 304 3514 ἐν
331 3461 532 3532 ἐκείνῳ
559 3461 957 3530 κατανενόηκα,
988 3460 1084 3513 καὶΙ
1117 3461 1180 3512 σὺ
1211 3460 1272 3524 ἐξ
1298 3461 1509 3513 ἐκείνου
1541 3461 1790 3527 πέφυκας
1814 3500 1828 3514 .

249 3556 510 3622 Πὲφυκας
540 3553 647 3622 γὰρ
673 3552 752 3622 τῷ
782 3554 959 3605 πάντα
986 3553 1052 3605 τά
1079 3552 1220 3605 καλά
1250 3551 1345 3604 καὶ
1377 3553 1563 3620 φύοντι
1590 3553 1709 3620 Θεῷ
1739 3555 1832 3605 καὶ

251 3643 485 3715 [αὔξειν]
506 3644 996 3714 παρασκευάζοντι,
1010 3645 1088 3696 ὅτι
1104 3643 1196 3706 οὒς
1222 3645 1314 3696 ἀπ’
1334 3645 1544 3713 ἐκείνης
1561 3644 1660 3714 τῆς
1675 3645 1831 3714 ῥίζης

248 3735 403 3804 ἔσχες
453 3736 713 3799 κλάδους,
762 3735 955 3800 δείξεις
1003 3735 1258 3797 ίθυτενιίς
1300 3736 1696 3805 ἀνατρέχοντας
1739 3738 1830 3787 καὶ

250 3828 756 3897 καρποφοροῦντας,
801 3826 894 3878 καὶ
937 3824 1071 3877 Θεὸν
1111 3825 1205 3879 καὶ
1247 3825 1567 3895 ἀνθρώπους
1609 3827 1832 3895 εὐφραί-

250 3935 439 3980 νοντας
463 3934 478 3949 ⁸
508 3917 668 3988 μόνον
699 3917 843 3987 ἐχοις
873 3915 1097 3989 [ἔχοιοῖ]
1128 3918 1226 3984 τῆς
1259 3918 1435 3987 ῥίζης,
1465 3919 1558 3971 καὶ
1589 3917 1665 3988 μὴ
1696 3919 1830 3970 ἀπο-

254 4011 559 4078 σπασθιίης
588 4010 690 4078 τῆς
719 4009 931 4062 ἐκεῖθεν
963 4010 1240 4077 πιότητος.

852 4191 1076 4244 ΕΠΙΣΤ.
1120 4191 1243 4243 ΛΒ’.

561 4281 641 4346 Τῷ
679 4282 863 4349 κυρίῳ
900 4279 1126 4344 Nimim
1163 4279 1244 4343 τῷ
1284 4279 1528 4344 Πολίτῃ.

322 4372 551 4426 Οἶκοθεν
576 4371 758 4424 οἶκαδε
790 4370 920 4440 παρ’
943 4369 1098 4440 ἡμῶν
1126 4373 1150 4421 ὁ
1181 4369 1548 4439 Γλαόηνίτζης
1574 4371 1708 4441 πρὸς
1738 4374 1794 4423 σὲ
1813 4413 1828 4437 ,

252 4464 446 4532 ἀδελφέ
480 4463 765 4531 θεοτίμητε
801 4460 1018 4529 (τοῦτον
1049 4461 1156 4528 γὰρ
1186 4459 1280 4511 καὶ
1311 4460 1827 4514 αὑτὺνσσυνεπείσα-

1940 609 2175 664 incolatu
2210 614 2452 669 dolorem
2485 615 2752 672 aﬂerent-i.
2787 606 2997 676 Etenim
3022 622 3234 676 etiamsi
3284 623 3337 678 in
3390 627 3508 676 ani-

1942 716 2089 754 nmm
2126 704 2227 757 sibi
2267 704 2574 762 induxisset
2603 709 2807 772 viverc,
2842 720 2897 766 et
2964 711 3102 766 bene
3167 715 3268 767 sibi
3324 715 3508 770 omnia

1939 789 2154 854 habere,
2188 809 2294 846 non
2328 793 2449 847 ideo
2479 801 2837 854 conveniebat
2864 801 3041 856 ﬂebile
3069 803 3169 857 hoc
3216 813 3268 859 et
3338 807 3509 874 laery-

1936 883 2041 937 mis
2070 885 2293 953 dignum
2325 889 2648 953 ostendere;
2689 894 2732 946 si
2757 909 2887 946 vero
2944 897 3108 951 vitam
3176 898 3505 952 existimavit

1936 992 2201 1044 amaram,
2235 991 2294 1034 ut
2321 998 2447 1036 vere
2483 999 2630 1038 mors
2653 995 2758 1051 est,
2785 996 2840 1041 et
2869 988 3211 1044 desiderabat
3232 1007 3261 1046 e
3287 1007 3507 1047 careerc

1937 1070 2112 1131 exire,
2147 1082 2199 1125 et
2224 1074 2444 1127 vincula
2478 1075 2728 1142 dissolvi,
2753 1095 2936 1133 nonne
2958 1095 3120 1149 opera
3164 1083 3506 1138 inimicoru-n

1938 1161 2222 1223 faciemus.
2255 1166 2299 1216 si
2340 1169 2522 1234 modo,
2582 1169 2813 1239 ahrupto
2853 1174 2972 1240 ejus
3034 1172 3282 1228 dolorum
3360 1176 3507 1238 fune.

1938 1267 2037 1306 nos
2063 1252 2333 1317 ﬂebimus.
2363 1265 2418 1311 et
2457 1259 2580 1313 sine
2604 1262 2980 1314 consolatione
3005 1264 3379 1332 plorabimus?
3410 1265 3511 1318 Ye-

1937 1361 2054 1397 rutn
2084 1347 2343 1414 quoniam
2380 1348 2516 1403 bene
2555 1351 2743 1404 habuit
2777 1353 2955 1414 nobis.
2993 1355 3150 1407 talem
3182 1356 3382 1410 habere
3416 1372 3512 1408 no-

1940 1439 2169 1499 hiscum,
2201 1439 2325 1493 ideo
2348 1455 2489 1508 mgre
2532 1439 2798 1495 ferimus?
2851 1441 2918 1494 At
2955 1458 3082 1496 vero
3124 1445 3174 1496 id
3217 1446 3268 1497 in
3321 1448 3510 1513 primis

1940 1531 2111 1581 nostri
2169 1529 2372 1582 amoris
2423 1537 2530 1592 cst,
2591 1532 2636 1584 si
2695 1531 3054 1586 domesticum
3105 1534 3305 1588 bonum
3338 1536 3512 1589 olIicio

1939 1635 2357 1688 przeponamus;
2397 1623 2591 1676 melius
2619 1624 2768 1675 enim
2799 1624 2874 1678 illi
2908 1635 2988 1679 est
3010 1626 3337 1681 dissolutum
3366 1644 3509 1691 esse,

1935 1719 1988 1762 et
2009 1725 2130 1764 esse
2165 1726 2287 1764 cum
2316 1712 2552 1765 Christo.
2585 1714 2721 1767 Cum
2747 1716 2912 1784 igitur
2929 1731 3090 1770 omne
3121 1718 3408 1771 adversum
3439 1719 3513 1772 sit

1937 1803 2040 1856 hoc
2080 1811 2344 1871 tempore,
2372 1811 2526 1856 tanto
2559 1809 2767 1874 majore
2825 1823 2919 1875 per
2974 1809 3125 1861 illutn
3173 1809 3512 1864 instruamur

1939 1894 2162 1955 auxilio,
2190 1903 2396 1963 quanto
2428 1898 2654 1964 propius
2681 1899 2753 1949 illi
2784 1903 3040 1965 accessit,
3070 1902 3162 1970 qui
3205 1904 3357 1957 solus
3415 1903 3511 1958 ad-

1934 1985 2204 2052 jutorest,
2233 1996 2396 2055 atque
2427 1989 2566 2042 adeo
2589 1991 2736 2043 nulla
2762 2007 2817 2043 rc
2844 1993 3166 2061 interposita
3197 1994 3347 2046 illum
3377 1995 3514 2048 allor

1937 2076 2027 2144 qui
2061 2079 2257 2145 potttit.

2014 2256 2137 2310 lla-c
2161 2258 2314 2320 mihi,
2345 2260 2485 2312 hone
2516 2261 2612 2320 lili.
2642 2277 2801 2327 quem
2831 2277 2931 2329 ego
2964 2263 3016 2315 in
3053 2264 3282 2318 Domino
3309 2266 3516 2335 peperi,

1938 2359 1990 2400 et
2020 2364 2143 2401 eum
2172 2350 2360 2404 dolore
2394 2355 2576 2421 peperi
2624 2364 2678 2408 et
2723 2359 2885 2424 genui
2945 2364 2996 2409 et
3048 2357 3185 2416 lacte
3237 2360 3474 2412 enutrivi
3501 2399 3514 2423 ,

1942 2441 2052 2494 inec
2077 2441 2337 2497 adversus
2387 2453 2711 2499 maerentem
2746 2448 2990 2502 anitnum
3020 2449 3248 2505 deﬂuxit
3309 2454 3508 2507 oratio.

1938 2530 2201 2602 Oportere
2225 2535 2392 2603 igitur
2418 2537 2719 2592 arbitratus
2745 2555 2863 2593 sum
2896 2547 2948 2594 te
2972 2556 3190 2611 quoque
3220 2543 3510 2610 honorum,

1937 2640 2057 2694 qua:
2095 2640 2162 2678 ex
2231 2627 2482 2682 oratione
2532 2630 2873 2696 derivantur,
2936 2634 3253 2702 participem
3312 2635 3513 2696 facere.

1938 2717 2398 2785 quemadmodum
2427 2719 2586 2788 plane
2607 2722 2716 2774 alio
2763 2738 2863 2794 ego
2919 2733 3161 2795 tempore
3214 2741 3516 2783 consueve-

1941 2822 2076 2860 ram.
2114 2808 2225 2877 Age
2255 2823 2384 2863 vero
2412 2808 2629 2864 beatum
2694 2812 2843 2866 illum
2877 2821 2933 2868 et
2981 2815 3125 2870 hunc
3161 2832 3402 2886 persaepe
3431 2822 3514 2872 vi-

1940 2907 2151 2952 ventem
2171 2902 2224 2953 in
2254 2902 2548 2970 temetipso
2578 2902 2918 2959 demonstra.
2953 2907 3030 2960 Ac
3060 2910 3506 2980 quandoquidem

1939 2992 2033 3044 tibi
2074 2991 2214 3046 Deus
2243 2993 2529 3062 imperium
2571 2991 2734 3066 738
2767 2997 3016 3061 tradidit,
3047 3001 3100 3053 in
3148 3011 3386 3056 mentem
3428 3021 3513 3059 re-

1939 3097 2069 3135 voca
2103 3083 2247 3137 illius
2290 3086 2342 3137 in
2373 3085 2625 3139 subditos
2682 3092 3197 3158 mansuetudinem,
3229 3094 3518 3149 ali'abilita-

1938 3182 2067 3237 tem,
2104 3176 2443 3243 prudentiam
2476 3177 2527 3230 in
2555 3179 2827 3244 omnibus,
2860 3182 3170 3252 bonumque
3204 3189 3514 3250 consilium,

1937 3267 2068 3318 nihil
2119 3270 2219 3320 nisi
2255 3272 2448 3337 praevia
2497 3270 2677 3325 facere
2735 3273 3106 3338 meditatione,
3142 3286 3195 3330 et
3237 3281 3290 3332 in
3340 3285 3518 3333 omni-

1937 3361 2036 3411 bus
2072 3374 2230 3428 atque
2262 3372 2390 3415 ante
2416 3363 2600 3415 omnia
2663 3379 2790 3434 erga
2853 3366 3017 3420 Deum
3051 3370 3364 3439 religionem
3402 3390 3515 3426 me-

1939 3465 2168 3519 tumque
2199 3454 2324 3506 mali
2355 3470 2370 3518 ;
2397 3468 2529 3523 erga
2566 3455 2817 3510 homines
2847 3473 2976 3510 vero
3005 3460 3430 3515 sollicitudinem
3463 3473 3511 3515 et

1937 3545 2123 3606 dictis,
2163 3547 2379 3613 aliaque
2417 3555 2689 3616 quotquot
2717 3557 2771 3600 et
2815 3549 2931 3617 ipse
2961 3550 3015 3604 in
3039 3551 3130 3604 illo
3158 3550 3515 3620 deprehendi,

1935 3648 1988 3689 tu
2016 3654 2228 3692 veroex
2264 3640 2357 3691 illo
2393 3639 2723 3707 produxisti.
2775 3639 3086 3696 Produxisti
3145 3654 3324 3699 autem
3382 3646 3511 3708 Deo,

1934 3731 2024 3798 qui
2051 3730 2188 3782 bona
2217 3730 2402 3782 omnia
2450 3737 2675 3796 generat
2725 3739 3190 3802 augmentumque
3250 3735 3513 3804 disponit,

1933 3823 2134 3890 quippe
2165 3838 2303 3888 quos
2336 3823 2402 3874 ah
2445 3824 2532 3876 illa
2575 3823 2758 3877 radice
2809 3839 2990 3879 ramos
3049 3827 3223 3889 elicis,
3270 3832 3514 3885 ostendis

1934 3926 2080 3968 recte
2134 3930 2253 3969 sese
2305 3915 2688 3983 protendentes
2718 3957 2733 3978 ,
2784 3927 2837 3972 et
2891 3916 3127 3973 fructum
3185 3919 3514 3986 aﬂ'erentes,

1936 4007 2213 4075 Deumque
2248 4007 2982 4076 hominesquelmtiﬁcantes.
3012 4009 3246 4064 Tantum
3274 4014 3510 4067 radicem

1935 4111 2120 4152 teneas
2147 4115 2321 4167 neque
2353 4101 2418 4151 ab
2459 4100 2604 4152 illius
2636 4100 2962 4167 pinguedine
2995 4104 3268 4156 avellaris.

2491 4189 2704 4243 EPIST.
2741 4190 2954 4246 XXXII.

2367 4283 2592 4337 Domino
2623 4281 2672 4333 Ν
2678 4285 2772 4336 ice!
2780 4300 2824 4337 az
2873 4284 3084 4338 Polite.

2008 4377 2050 4427 Α
2090 4375 2248 4431 nobis
2272 4377 2336 4429 ad
2370 4386 2440 4437 te,
2498 4374 2664 4427 frater
2698 4374 2958 4430 di\iniltts
3003 4377 3286 4438 honorate,
3349 4377 3511 4431 domo

1940 4465 2160 4518 domum
2188 4471 2333 4520 venit
2367 4467 2655 4536 episcopus
2689 4466 3049 4520 Glabenitzes.
3092 4467 3222 4520 Eum
3263 4469 3407 4521 enim
3443 4485 3506 4523 ac

255 4556 400 4625 μεν),
445 4556 538 4607 καὶ
578 4553 749 4606 τᾶλλα
795 4570 856 4620 γε
900 4554 1108 4620 ἄθυμος
1135 4554 1162 4603 ὁ
1193 4551 1353 4621 ἀνὴρ,
1395 4552 1471 4613 ὡς
1515 4551 1576 4623 [Γ.
1617 4553 1695 4624 ὃς]
1737 4557 1832 4607 καὶ
1870 4532 1910 4586 D

1870 4532 1910 4586 θ
1943 4567 1994 4609 te
2033 4571 2131 4610 nos
2163 4557 2379 4610 allocuti
2417 4573 2629 4612 sumus.
2659 4558 2924 4612 Caeterum
2962 4557 3124 4612 homo
3162 4569 3247 4615 est
3282 4561 3505 4617 minimc

251 4647 402 4700 ἄκων
426 4645 489 4698 τὸ
518 4645 736 4715 φορτίον
760 4643 861 4713 τῆς
891 4643 1200 4710 ἐπισκοπῆς
1230 4643 1421 4710 ήρατο,
1453 4644 1547 4694 καὶ
1577 4644 1831 4698 τοσοῦτον

253 4735 595 4806 ὑπερεχὼρει
624 4731 939 4806 [ὑπεξεχῧῖ]
969 4733 1046 4804 τῷ
1075 4734 1342 4804 ἀμηχάνῳ
1375 4734 1528 4804 βάρει
1559 4734 1654 4786 τοῦ
1687 4737 1830 4804 πρά-

252 4844 490 4896 γματος,
525 4828 652 4878 ὅσον
686 4825 835 4878 ἄλλοι
874 4825 967 4876 καὶ
989 4825 1454 4894 προαρπαζουσιν.
1502 4825 1642 4877 Ἀλλ’
1670 4827 1829 4895 ἡμεῖς

253 4918 444 4980 ἄλλαις
469 4935 528 4970 τε
562 4918 733 4987 λόγων
761 4916 992 4986 ἐπῳδαῖς
1019 4916 1117 4981 τὴν
1142 4916 1338 4968 ἀσπίδι
1366 4917 1540 4984 τούτῳ
1565 4916 1667 4985 τῆς
1696 4917 1826 4971 ἀθυ-

259 5010 383 5076 μίας
415 5008 942 5078 ἐφαρμακεύσαμεν,
972 5010 1063 5060 καὶ
1096 5007 1159 5076 δὴ
1191 5009 1284 5059 καὶ
1313 5009 1410 5070 τάς
1440 5010 1530 5060 ἐπὶ
1563 5011 1645 5060 σοὶ
1677 5010 1831 5062 ἐλπί-

253 5102 343 5164 δας
379 5103 691 5173 ἐπᾴδοντες,
726 5105 785 5154 τὸ
814 5104 922 5154 πᾶν
952 5101 1313 5170 ἐξηνύσαμεν.
1342 5103 1526 5170 ’,Οπως
1559 5100 1650 5156 οὖν
1681 5103 1829 5173 αὐτῷ

256 5190 362 5258 οἷος
393 5195 686 5264 ὴλπίσθης,
714 5190 758 5247 ὦ
786 5194 854 5247 τὰ
885 5196 1062 5247 πάντα
1092 5195 1221 5248 καλέ
1250 5194 1478 5261 κάγαθὴ
1507 5196 1703 5262 γένοιο,
1733 5199 1827 5250 καὶ

259 5289 394 5357 μήτε
427 5287 604 5358 τούτῳ
623 5287 923 5357 ἀναφανείη
947 5290 975 5340 ὁ
991 5287 1284 5356 θησαυρὸς,
1305 5289 1491 5354 φασὶν,
1531 5287 1822 5358 ἄνθρακες,

258 5378 383 5448 μήτ’
409 5379 574 5442 αὐτὸς
619 5379 652 5451 ἢ
699 5378 884 5432 ἄνοιαν
930 5378 1338 5448 ἐγκληθείην,ἢ
1389 5378 1678 5432 κακόνοιαν
1706 5396 1719 5410 ο
1767 5379 1827 5431 τὸ

257 5471 384 5536 μὲν,
407 5470 482 5533 ὡς
515 5469 632 5522 ἐστι
663 5469 1084 5539 ἐξαπατώμενος
1104 5509 1120 5534 ,
1153 5473 1246 5522 καὶ
1282 5471 1492 5538 μήποτε
1526 5472 1736 5536 συνεὶς,
1768 5471 1827 5523 ὃν

255 5558 450 5612 είδέναι
481 5559 818 5629 διετεινόμην
869 5560 1102 5628 μᾶλλον,
1148 5558 1180 5628 ἢ
1232 5561 1393 5620 αὐτος
1442 5561 1675 5628 ἐμαυτόν
1703 5576 1715 5589 ·
1770 5559 1829 5612 τὸ

254 5647 396 5713 δ’ὡς
443 5652 807 5720 ἐξηπατηκὼς
851 5653 940 5704 τὸν
986 5654 1043 5705 ἐν
1089 5653 1403 5714 ἐπισκόποις
1450 5653 1827 5707 εὐνούστατον.

269 5742 428 5798 Ἀλλά
455 5744 630 5798 ταῦτα
661 5748 760 5814 μέν
788 5747 865 5808 είς
896 5746 1019 5814 δρος
1050 5747 1083 5815 ἢ
1116 5746 1194 5808 εἰς
1227 5744 1379 5812 κῦμα
1413 5745 1831 5814 πολυφλοίσϐοιο

258 5835 546 5906 θαλάσσης.
596 5837 667 5889 Σὺ
707 5837 764 5890 δέ
799 5837 868 5890 τά.
901 5854 958 5890 τε
1000 5839 1057 5889 ἐν
1096 5837 1338 5908 κοπρῶνι
1375 5839 1442 5888 τὰ
1498 5836 1577 5907 τῷ
1617 5835 1830 5906 ἀδελφῷ

579 5937 853 5996 ΡΑτιιοι..
897 5935 1013 5993 Gn.
1062 5933 1328 5993 CXXVI.

1936 4650 2237 4708 animosus,
2267 4651 2360 4717 qui
2395 4660 2448 4703 et
2475 4652 2676 4704 invitus
2705 4651 3057 4720 episcopatus
3075 4670 3218 4707 onus
3242 4658 3503 4723 suscepit.

1938 4749 2149 4793 tantum
2184 4749 2364 4794 autem
2429 4743 2757 4796 immensum
2797 4743 2994 4811 negotii
3023 4745 3236 4812 pondus
3267 4746 3502 4809 excedit,

1935 4842 2198 4900 quantum
2232 4833 2320 4886 alii
2363 4835 2526 4887 etiam
2583 4837 2922 4903 przeripiunt.
2984 4835 3179 4889 Verum
3228 4837 3349 4891 aliis
3404 4853 3506 4891 nos

1935 4937 2249 4978 sermonum
2274 4925 2733 4981 incantationibus
2759 4936 2973 4979 scutum
2992 4926 3067 4979 illi
3098 4927 3364 4982 adversus
3385 4930 3508 4981 des-

1937 5017 2273 5083 perationem
2338 5016 2698 5082 confecimus,
2734 5026 2894 5088 atquc
2929 5029 2986 5070 ut
3033 5017 3085 5070 in
3123 5029 3174 5072 te
3204 5027 3385 5087 speret
3415 5020 3508 5073 ad-

1943 5109 2226 5164 hortantes
2254 5115 2432 5163 omnia
2476 5109 2827 5178 perfecimus.
2893 5107 2963 5163 Ut
2991 5109 3157 5177 igitur
3189 5111 3261 5164 illi
3300 5113 3397 5174 sis,
3430 5113 3509 5166 vir

1937 5201 2345 5264 honestissime,
2369 5202 2587 5270 qualem
2617 5211 2668 5255 te
2698 5202 2955 5269 speravit,
2998 5216 3174 5269 neque
3229 5204 3509 5270 aperiatur

1936 5293 2011 5346 illi
2050 5293 2359 5358 thesaurus,
2388 5291 2661 5361 inquiunt,
2721 5291 3014 5354 carbones.
3066 5306 3243 5362 neque
3276 5295 3390 5362 ipse
3416 5305 3510 5349 aut

1937 5384 2004 5439 de
2033 5384 2266 5439 amentia
2295 5396 2603 5449 accusetur,
2641 5393 2733 5438 aut
2756 5386 2825 5439 de
2866 5385 3271 5448 malevolentia.
3304 5387 3504 5456 partim

1938 5477 2154 5545 quidem
2179 5485 2366 5545 utpote
2388 5477 2480 5545 qui
2500 5476 2760 5544 deceptus
2792 5485 2899 5539 est,
2932 5492 3108 5548 neque
3142 5494 3382 5548 unquam
3409 5495 3506 5533 co-

1939 5565 2148 5635 gnovit,
2176 5578 2340 5633 quem
2369 5579 2470 5634 ego
2502 5565 2671 5634 magis
2726 5577 3056 5632 cognoscere
3082 5579 3245 5632 quam
3279 5574 3509 5623 memet-

1934 5657 2112 5726 ipsum
2148 5656 2427 5717 contendi,
2497 5654 2694 5723 partim
2757 5669 2887 5709 vero
2938 5652 3066 5724 quia
3124 5656 3507 5724 episcOporum

1931 5744 2364 5798 amantissimum
2396 5743 2627 5812 decepit.
2659 5742 2728 5794 At
2774 5743 2876 5796 ista
2921 5744 2976 5796 in
3014 5754 3252 5799 montem
3283 5746 3501 5802 abeant.

1931 5837 2010 5891 vel
2039 5837 2091 5889 in
2123 5832 2321 5888 ﬂuctus
2353 5833 2519 5887 maris
2541 5834 2768 5889 multum
2806 5833 3194 5904 obstrepentis.
3253 5833 3332 5888 Tu
3378 5850 3505 5890 vero

3198 5930 3268 5989 18
