4240 6440
231 403 332 464 ἴδἸ

1130 403 1511 464 ΕΡΙΞΤΟΙ..Ἐ
1553 405 1760 465 XXXV
1800 407 1845 462 A
1872 406 1925 465 Ι.
1979 405 2213 464 LAMIO
2247 405 2513 465 EDlT/E.

3355 406 3460 469 558

238 514 435 576 πεινῶς
453 513 547 566 καὶ
566 513 871 580 ύποπεξίωτ
894 511 1348 583 [υπαιξλ-δεῶςῖ]
1369 511 1800 581 ὲκλαμόἀνεσθαι
1833 518 1877 575 Α
1907 533 1912 568 t

1787 529 1800 563 t
1833 518 1877 575 Α
1907 515 2135 569 suadeas
2156 514 2399 569 cmlestia
2432 529 2540 568 non
2568 513 2642 568 ita
2708 513 2985 569 humiliter
3022 527 3086 569 ac
3109 518 3457 582 contemptim

230 603 301 656 τὰ
321 602 569 672 ούρανια.
591 604 774 655 Ταῦτα
797 598 888 656 οὗν
906 602 1344 673 παραδεχόμενος
1366 600 1601 670 περὶτῆς
1619 601 1801 667 διαςοο

233 696 336 766 ρᾶς
380 697 490 745 τοῖν
531 695 766 765 ἀνδροῖν,
813 695 931 746 οὐδὲ
973 694 1132 746 τοῦτο
1175 692 1481 763 πατρώξεις
1520 695 1620 761 τὴν
1666 691 1799 762 πρὸς

228 787 358 847 τοὺς
386 781 454 854 ἦν
481 787 566 838 ὅτε
596 786 944 848 διδασκάλους
972 786 1283 854 ὀλιγωρίαν.
1315 785 1518 846 Ἐἀλως
1550 784 1644 836 οὖν
1672 785 1800 852 ἡμῖν

229 878 258 929 ὁ
291 877 492 938 πολλὰς
525 876 759 938 πλεκτὰς
791 877 1166 946 συλλογισμῶν
1197 875 1599 945 ἐπισπώμενος.
1640 875 1800 926 Ἀλλὰ

228 971 341 1038 γὰρ
381 969 488 1021 ἰδού
526 986 591 1036 με
627 970 718 1022 καὶ
747 968 1144 1038 διαδιδράσκεις
1175 969 1437 1037 διακόψας
1468 969 1536 1020 τὰ
1569 969 1798 1037 ἅμματα

225 1063 296 1129 τῇ
336 1061 581 1130 μαχαίρᾳ
613 1060 707 1127 τῆς
738 1059 928 1129 ἀρχῆς,
961 1059 1027 1129 ἣν
1056 1059 1340 1128 ἐφόρεσας.
1373 1060 1532 1128 Αίτιᾷ
1560 1060 1667 1127 γάρ
1698 1075 1798 1109 που

227 1150 320 1199 τὶν
345 1149 454 1200 τῶν
478 1149 814 1219 πραγμάτων
837 1149 1092 1219 τάραχον,
1116 1151 1217 1202 οὐκ
1239 1151 1429 1219 χέοντά
1457 1149 1573 1220 [pro
1599 1150 1696 1202 οὐκ
1721 1168 1798 1216 χ.,

228 1239 312 1309 [Ῑ.
350 1241 683 1312 συγχέοντα]
721 1258 812 1294 σου
844 1240 944 1308 τῆς
978 1241 1114 1310 πρὸς
1146 1241 1213 1293 τά
1249 1240 1440 1310 βελτίω
1475 1241 1671 1309 σχολῆς
1701 1241 1800 1309 τὴν

227 1331 570 1385 εὐστάθειαν.
601 1331 822 1394 Τούτοις
851 1333 908 1384 δὲ
940 1332 1251 1394 συντάττεις
1279 1335 1371 1384 καὶ
1398 1333 1464 1384 τὰ
1493 1333 1625 1399 πρὸς
1652 1335 1683 1401 ἡ
1694 1334 1799 1401 μᾶς

225 1422 556 1492 γράμματα,
593 1423 738 1492 ἐρεῖς
770 1441 822 1475 τι
863 1424 958 1476 καὶ
998 1423 1248 1492 δεύτερον
1282 1424 1358 1486 ὡς
1393 1425 1601 1493 ὁμιλεῖς
1642 1427 1797 1494 ἡμῖν,

224 1515 307 1584 τῷ
359 1517 564 1586 μετρίῳ
613 1517 705 1568 καὶ
758 1516 928 1579 ὅντως
979 1517 1130 1586 καλῷ
1173 1518 1391 1587 Ἰωάννῃ
1444 1518 1543 1586 τὴν
1601 1519 1796 1572 σαυτοῦ

222 1607 457 1677 καρδίαν
483 1607 707 1675 ὲκχέων,
735 1607 876 1661 ὥστε
911 1608 1086 1678 μάτην
1114 1627 1171 1661 σε
1200 1612 1294 1661 καὶ
1324 1611 1413 1662 τὸν
1442 1610 1678 1663 ἀναίτιον
1710 1613 1797 1662 αι-

222 1698 492 1768 τιώμεθα.
533 1699 706 1752 Τοῦτο
748 1700 804 1754 δέ
851 1718 943 1752 σου
983 1702 1082 1771 τῆς
1124 1702 1418 1769 ἀπολογίας
1461 1703 1554 1754 καὶ
1601 1702 1798 1770 μᾶλλον

221 1789 474 1860 δέχομαι.
521 1791 576 1842 ’0
635 1791 742 1861 γὰρ
802 1791 866 1859 δὴ
927 1792 1090 1855 καλὸς
1149 1790 1302 1855 οὗτος
1350 1795 1600 1864 Ἰωάννης
1659 1794 1796 1864 πρὸς

415 1882 663 1953 γράφων,
709 1856 876 1953 μυρία
915 1884 1012 1953 τὴν
1049 1884 1184 1952 πρὸς
1225 1885 1385 1936 αὐτόν
1425 1902 1519 1938 σου
1557 1856 1792 1955 γρηστό-
1827 1856 1868 1909 Β

219 1991 362 2042 τητα
394 1975 789 2042 κατευφήμησε
809 2016 823 2039 ,
859 1977 950 2028 καὶ
986 1977 1211 2039 ἐοικὼς,
1245 1977 1344 2030 ούκ
1375 1978 1666 2046 ἀχάριστον
1695 1977 1796 2046 ψυ-

221 2066 326 2133 χὴν
357 2065 438 2125 εἰς
463 2064 532 2116 τὰ
562 2065 865 2134 γράμματα
898 2067 1307 2121 κατατίθεσθαι.
1334 2069 1493 2122 Ὥστε
1531 2069 1680 2138 βάλλ’
1703 2068 1797 2122 οὖ-

220 2173 332 2218 ¹τως
357 2157 526 2227 χρίων
552 2158 618 2210 τὰ
645 2158 776 2228 βέλη
811 2175 903 2210 σου
934 2160 1130 2228 μέλιτι,
1156 2159 1249 2213 καὶ
1274 2160 1372 2212 οὐκ
1402 2161 1465 2213 ἄν
1491 2178 1550 2213 σε
1581 2161 1798 2230 γραψὰς

223 2247 615 2312 ἀπαιτοῦντες,
662 2251 760 2317 τῆς
805 2251 862 2312 ἐς
908 2249 1090 2318 φιλίαν
1136 2251 1169 2320 ἢ
1217 2250 1407 2318 λόγους
1451 2252 1796 2323 παρανομίας

220 2339 589 2408 γραψοίμεθα.
685 2341 988 2410 Ἀπέχομεν
1085 2345 1193 2412 γὰρ
1275 2342 1624 2411 τάςςόφειλας
1714 2339 1796 2406 οἷς

222 2429 566 2492 ἀποτιννύεις
597 2430 673 2500 τῷ
706 2431 946 2504 Ἰωάννῃ.
981 2431 1251 2501 Πρόδηλον
1281 2434 1362 2486 ὅτι
1399 2433 1489 2484 καὶ
1525 2434 1572 2484 oi
1609 2431 1798 2505 πάροι-

219 2540 310 2574 κοι
351 2521 508 2590 ἡμῶν
540 2522 632 2574 καὶ
669 2523 844 2575 πάντα
879 2523 978 2591 τῆς
1010 2524 1337 2590 Ἐκκλησίας
1372 2524 1558 2586 ἁπλῶς
1600 2525 1798 2588 λευκὰς

220 2616 441 2684 ἡμέρας
471 2615 749 2678 διάξουσιν
877 2617 1183 2689 διάξουσιν]
1216 2619 1380 2671 αὑτοῦ
1410 2621 1507 2688 τὴν
1539 2621 1638 2688 σὴν
1666 2620 1799 2687 γλυ-

221 2708 437 2774 κύτητα
467 2706 757 2775 δεχομένου
788 2708 1087 2779 [δεχόμενοι
1100 2709 1146 2782 ?]
1180 2710 1358 2781 πολλῷ
1386 2712 1692 2782 φερομένην
1720 2711 1796 2781 τῷ

223 2799 482 2868 ῥεύματι.
517 2800 617 2870 Εῖη
662 2816 721 2853 σε
758 2803 940 2872 τηρῶν
972 2805 1001 2855 ό
1031 2803 1131 2872 τῆς
1172 2803 1366 2873 σοφίας
1405 2803 1592 2874 Πατὴρ
1632 2803 1794 2871 Θεὸς,

223 2890 410 2960 πάσης
437 2890 754 2956 κακύνσεως
783 2893 1054 2961 ἀνώτερον
1082 2894 1177 2946 καὶ
1204 2893 1518 2956 κακώσεως.

823 2985 1043 3040 ΕΠΙΣΤ.
1080 2986 1200 3040 ΛΕ’.

867 3076 952 3140 Τῷ
989 3076 1170 3142 αὐτῷ.

1903 621 2024 661 esse
2054 606 2393 675 excipienda.
2421 604 2542 660 Haec
2579 605 2742 674 igitur
2793 606 3099 675 intelligens
3130 607 3197 660 de
3229 607 3459 660 duorum

1906 700 2144 752 virorum
2175 699 2517 762 discrimine,
2579 714 2646 753 ne
2701 706 2981 767 paternum
3048 700 3275 754 imiteris
3330 713 3463 754 cou-

1904 800 2166 861 tcmptum
2199 793 2458 847 adversus
2483 791 2618 846 istos
2655 791 2948 861 aliquando
2980 791 3306 860 discipulus.
3360 793 3463 844 Ca-

1905 894 2028 954 ptus
2061 884 2223 954 igitur
2249 899 2307 935 es
2359 897 2386 934 a
2420 883 2575 937 nobis
2602 883 2692 947 qui
2723 883 2922 938 multos
2967 884 3195 938 attraltis
3245 882 3463 954 syllogio

1902 991 2140 1030 Stuorum
2174 989 2371 1030 nexus.
2412 974 2517 1027 Sed
2550 974 2693 1028 enim
2723 989 2849 1028 ecce
2881 990 2962 1028 lue
2981 975 3142 1029 etiam
3172 974 3359 1044 eﬂ'ugis
3382 975 3464 1027 tli-

1901 1082 2160 1134 rutupeus
2187 1066 2402 1119 vincula
2437 1066 2609 1134 gladio
2635 1066 2974 1136 principatus
3004 1082 3164 1134 quem
3219 1065 3457 1133 gessisti.

1903 1156 2109 1209 Etenim
2141 1156 2385 1210 causaris
2435 1155 2836 1225 quodammodo
2882 1165 3226 1224 negotiorum
3263 1155 3438 1207 tumul

1904 1256 2015 1298 tum
2061 1262 2166 1298 uou
2206 1246 2529 1312 praebentem
2565 1244 2658 1298 tibi
2697 1245 2891 1300 stabile
2917 1246 3089 1298 otium
3118 1243 3185 1298 ad
3217 1243 3456 1297 meliora.

1903 1319 1997 1392 llis
2031 1348 2206 1391 autem
2238 1336 2453 1400 litteris,
2489 1352 2626 1406 quas
2656 1336 2720 1389 ad
2745 1350 2844 1391 nos
2873 1337 3040 1389 mittis
3081 1337 3381 1389 concinnas
3410 1344 3463 1388 et

1901 1429 2104 1497 aliquid
2133 1429 2294 1480 etiam
2345 1427 2524 1491 addis,
2575 1427 3031 1495 quemadmodum
3084 1425 3240 1479 uobis
3296 1425 3450 1478 collo-

1901 1517 2106 1587 queris,
2136 1517 2296 1588 740
2324 1517 2439 1570 viro
2496 1517 2664 1585 probo
2703 1531 2936 1585 vereque
2988 1517 3215 1571 honesto
3266 1514 3460 1569 Joanui

1900 1609 2185 1664 ell'undens
2213 1624 2305 1662 cor
2339 1618 2487 1661 tuum
2514 1610 2586 1662 ita
2632 1616 2691 1661 ut
2720 1609 2921 1662 frustra
2960 1617 3013 1663 et
3045 1608 3164 1663 sine
3193 1623 3358 1663 causa
3411 1617 3462 1662 te

1900 1714 2242 1754 accusemus.
2283 1701 2339 1754 ιιι
2401 1699 2651 1769 equidem
2699 1714 2796 1768 pro
2827 1710 2917 1752 tua
2978 1700 3208 1754 libenter
3253 1700 3463 1769 accipio

1902 1792 2170 1861 apologia.
2203 1789 2335 1844 Nam
2375 1792 2458 1844 vir
2509 1791 2599 1844 ille
2652 1793 2916 1845 honestus
2980 1791 3217 1846 Joannes
3243 1790 3309 1845 ad
3362 1806 3461 1846 nos

1901 1883 2144 1936 scribens
2173 1882 2399 1937 inﬁnitis
2427 1882 2645 1951 quidem
2671 1883 2921 1937 laudibus
2953 1892 3101 1935 tuam
3139 1884 3190 1935 in
3213 1897 3273 1937 se
3306 1891 3459 1935 extu-

1899 1975 1962 2029 lit
1996 1975 2312 2038 bonitatem,
2336 1985 2396 2030 et
2422 1991 2635 2044 aequum
2671 1984 2775 2038 est,
2812 1976 3047 2029 animam
3081 1974 3326 2029 beneﬁcii
3351 1989 3460 2028 nou

1902 2065 2275 2120 immemorem
2346 2065 2541 2118 litteris
2566 2065 2996 2134 consignare,nt
3045 2065 3116 2117 ita
3171 2063 3460 2132 eloquatur

1901 2157 2059 2209 melle
2081 2155 2278 2209 liuieus
2304 2154 2528 2224 sagittas
2561 2164 2705 2218 tuas,
2739 2167 2793 2207 et
2827 2169 2926 2207 uos
2963 2155 3167 2222 scripta
3200 2167 3229 2204 a
3261 2164 3311 2206 te
3337 2153 3455 2206 exi-

1900 2260 2087 2315 gentes
2119 2263 2225 2300 non
2252 2247 2559 2300 scribamus
2592 2255 2787 2314 praeter
2807 2261 3019 2314 mquum
3051 2253 3241 2301 contra
3271 2243 3435 2297 amici

1901 2338 2028 2390 tiam
2065 2347 2156 2390 aut
2183 2345 2371 2390 contra
2404 2350 2702 2391 sermones.
2759 2334 2946 2388 Debita
2998 2334 3313 2405 recipimus,
3342 2349 3462 2404 qua

1899 2427 2065 2481 solt-is
2097 2428 2327 2480 honesto
2357 2430 2476 2480 viro
2504 2425 2722 2482 Joanni.
2757 2426 3102 2480 Manifestum
3142 2436 3227 2481 est
3259 2436 3315 2480 et
3342 2441 3460 2492 eos,

1898 2519 2164 2586 quijuxta
2197 2534 2294 2572 nus
2337 2518 2606 2580 habitant,
2674 2527 2729 2571 et
2782 2516 3083 2572 Ecclesiam
3147 2517 3458 2571 universam

1897 2612 2012 2670 dies
2048 2612 2309 2667 candidos
2338 2610 2658 2679 simpliciter
2686 2609 2908 2672 ducere,
2956 2619 3101 2663 tuam
3163 2608 3256 2663 illo
3309 2608 3460 2662 accio

1899 2709 2078 2777 pieute
2127 2702 2466 2757 dulcedinem
2533 2701 2704 2754 multo
2734 2715 2857 2754 cum
2925 2700 3126 2769 impetu
3181 2699 3458 2754 ﬂuentem.

1900 2801 2039 2854 Deus
2066 2807 2266 2857 autem,
2299 2796 2392 2864 qui
2431 2795 2712 2861 sapientia
2733 2801 2887 2862 pater
2916 2802 3020 2858 est,
3046 2801 3101 2847 te
3136 2799 3322 2848 servet
3362 2791 3456 2846 deo

1898 2905 2064 2961 super
2088 2892 2155 2942 ab
2175 2885 2323 2942 omni
2356 2885 2563 2938 malitia
2608 2895 2662 2937 et
2697 2884 2860 2938 malo.

2451 2976 2669 3030 EPlST.
2699 2974 2914 3032 XXXV.

2571 3070 2777 3126 Eidem.

310 3167 422 3218 ’Λεί
463 3184 550 3236 μοι
585 3168 676 3221 τὸν
706 3168 866 3221 πόθον
898 3169 1178 3232 ἀνάπτεις,
1222 3168 1793 3238 μεγαλεπιφανέστατέ
1822 3180 1867 3241 C
1967 3169 1984 3219 ξ

1783 3168 1867 3241 EC
1967 3169 2194 3237 Semper
2241 3165 2374 3220 mihi
2413 3163 2744 3219 desiderium
2804 3160 3033 3222 excitas,
3089 3157 3457 3213 illustrissime

223 3276 318 3328 μοι
365 3259 629 3325 αὑθὲντα,
671 3261 760 3314 ἀεὶ
808 3260 1038 3314 σεαυτοῦ
1088 3261 1288 3331 μείζων
1330 3264 1420 3314 ἐπὶ
1466 3262 1794 3331 χρηστότητι

219 3350 643 3418 ἀγγελλίμενος.
670 3352 995 3413 Ἀναεάσεις
1023 3353 1131 3422 γάρ
1159 3355 1216 3406 ἐν
1239 3355 1308 3423 τῇ
1339 3353 1535 3423 καρδίᾳ
1566 3352 1796 3404 διατιθέ-

222 3456 419 3508 μενος,
459 3440 557 3509 τὴν
591 3438 786 3492 Ἰακὼῦ
831 3441 1199 3503 ὑποδεικνύεις
1240 3442 1372 3510 ἡμῖν
1416 3441 1694 3509 κλίμακα,
1733 3441 1795 3492 τὸ

222 3531 402 3601 παρδν
433 3529 524 3583 τοῦ
562 3531 842 3599 μέλλοντος
873 3529 1042 3593 τιθεὶς
1071 3530 1342 3585 ἐπίϐασιν.
1389 3531 1553 3583 Ὅθεν
1582 3533 1675 3583 καὶ
1707 3529 1794 3582 εὖ-

222 3624 395 3692 χομαί
423 3639 504 3673 σοι
526 3621 875 3689 τελειωθῆναι
901 3621 1105 3691 ταύτην
1131 3621 1340 3684 ἄνοδον,
1427 3622 1580 3686 Θεὸς,
1604 3621 1679 3683 ὡς
1708 3640 1796 3674 πι-

224 3713 513 3780 στεύομεν,
599 3713 1011 3782 ἐπεστηρικται.
1064 3710 1259 3770 Τοῦτο,
1287 3713 1396 3781 γὰρ
1465 3712 1616 3774 τέλος
1674 3712 1793 3764 ἐστὶ

225 3803 408 3869 πάσης
467 3801 801 3868 ἀναϐάσεως,
853 3797 913 3856 οὗ
979 3802 1306 3870 γενομένου,
1354 3803 1538 3864 στάσις
1605 3822 1793 3856 παντε-

223 3892 329 3958 λὴς
387 3894 484 3958 τῆς
560 3892 844 3960 κινήσεως.
920 3890 1125 3958 Στήσῃ
1183 3892 1312 3962 γὰρ,
1373 3894 1502 3960 φησὶ
1563 3893 1658 3945 καὶ
1714 3893 1792 3963 τῷ

223 3983 482 4045 Μωῦσεῖ,
511 3981 606 4034 ἐπὶ
638 3980 749 4049 τῆς
776 3981 1015 4049 πέτρας.
1048 3981 1252 4034 Σπεῦδε
1280 3981 1410 4050 γοῦν
1440 3984 1505 4052 τῇ
1534 3983 1790 4052 προαιρὲ-

228 4091 311 4126 cet
351 4072 462 4126 οἷόν
515 4090 658 4125 τισιν
685 4074 967 4143 ὀρμήμασι
998 4072 1299 4142 χρώμενος,
1345 4077 1440 4126 καὶ
1473 4076 1622 4143 παρὰ
1654 4076 1788 4128 Θεοῦ

224 4164 720 4234 κατευθυνθήσεταί
761 4181 841 4219 σοι
874 4164 943 4216 τά
975 4165 1289 4234 διαδήματα
1314 4183 1328 4197 ο
1362 4168 1422 4218 ού
1464 4169 1790 4237 προσκόψεις

223 4258 363 4327 πρὸς
391 4256 536 4308 λίθον
567 4256 655 4309 τὸν
681 4255 814 4309 πόδα
843 4273 959 4321 σου,
991 4256 1099 4308 εἴτε
1130 4257 1394 4328 αἰσθητὴν
1420 4261 1785 4328 δυσπραγίαν,

223 4349 324 4402 καὶ
356 4347 728 4418 σκληρότητα,
760 4351 856 4401 καὶ
888 4347 1164 4419 βαρύτητα
1193 4351 1284 4400 τὸν
1311 4350 1458 4403 λίθον
1488 4352 1784 4421 νοήσομεν,

221 4439 336 4492 εἶτα
363 4441 456 4492 τὸν
483 4440 768 4511 νοούμενον
792 4441 982 4510 ἐχθρὸν
1006 4440 1097 4492 τὸν
1120 4443 1186 4510 τῇ
1217 4441 1561 4512 ὑπερηφανία
1590 4443 1786 4512 βαρυν-

1900 3258 1970 3312 nti
2003 3258 2241 3322 domine,
2277 3270 2489 3325 semper
2517 3253 2778 3321 majorem
2812 3258 2866 3306 te
2925 3251 3172 3320 praebens
3211 3249 3265 3302 in
3302 3249 3453 3302 boni-

1899 3360 2028 3406 tate.
2095 3349 2524 3404 Asceusionibus
2563 3345 2706 3399 enim
2733 3344 2786 3397 in
2818 3346 2982 3396 corde
3002 3341 3286 3411 dispositis
3312 3340 3458 3393 exhi-

1897 3445 1991 3498 bes
2026 3442 2181 3495 uobis
2240 3439 2426 3494 Jacobi
2477 3436 2677 3491 scalam
2728 3449 2966 3505 praesens
3019 3434 3186 3486 futuri
3247 3445 3456 3502 ponens

1897 3535 2333 3589 fundamentum.
2372 3528 2528 3584 Unde
2564 3536 2765 3598 exopto
2796 3529 2962 3582 etiam
2999 3526 3130 3594 tibi,
3163 3533 3220 3578 ut
3259 3525 3452 3592 hujus-

1894 3626 2038 3678 modi
2067 3637 2326 3678 ascensus
2385 3620 2718 3689 perliciatur,
2761 3618 2815 3669 in
2864 3630 2996 3686 quo,
3075 3625 3132 3669 ut
3157 3613 3452 3672 credimus.

1893 3714 2036 3770 Deus
2067 3721 2268 3766 manet.
2301 3710 2516 3765 Etenim
2542 3708 2666 3762 talis
2691 3719 2773 3762 est
2812 3707 2937 3760 linis
2963 3709 3141 3760 oumis
3171 3705 3452 3758 ascensiu-

1892 3809 2001 3872 nis,
2049 3820 2156 3873 quo
2185 3811 2406 3874 peracto
2431 3801 2670 3872 perfecta
2701 3807 2882 3854 motus
2910 3799 3102 3852 statio.
3142 3797 3453 3851 Collocabe-

1892 3899 1970 3954 ris
1994 3898 2160 3959 enim,
2193 3897 2267 3950 ait
2323 3896 2486 3950 etiam
2515 3893 2712 3963 Moysi,
2772 3905 2937 3961 super
2994 3899 3222 3960 petram.
3284 3887 3452 3942 Stude

1892 3989 2056 4059 igitur
2081 3984 2363 4055 proposito
2396 3993 2654 4051 tanquam
2686 3980 2922 4035 stimulis
2974 3979 3297 4049 quibusdam
3348 3980 3449 4039 uti,

1891 4087 1997 4134 eta
2038 4076 2148 4129 Deo
2196 4090 2412 4144 gressus
2464 4074 2542 4125 tui
2625 4071 2953 4141 dirigentur,
2995 4086 3170 4138 neque
3209 4071 3450 4124 oll'eudes

1890 4169 1957 4223 ad
1992 4167 2222 4237 lapidem
2249 4165 2440 4236 pedem
2476 4171 2629 4215 tuum
2658 4163 2727 4226 ⁸⁸,
2761 4161 2874 4216 sive
2927 4169 3132 4230 petram
3170 4159 3449 4214 intellexe-

1888 4260 2061 4312 rimus
2084 4256 2393 4311 sensibilem
2431 4255 2799 4308 dimcultatem
2826 4261 2880 4308 et
2905 4253 3158 4306 duritiem
3191 4261 3242 4305 et
3271 4253 3449 4321 gravi-

1889 4357 2074 4413 tatem,
2111 4349 2226 4403 sive
2273 4345 2664 4415 iutelligibilem
2718 4345 2995 4399 inimicum
3055 4343 3308 4412 superbia
3331 4357 3424 4408 gn

1887 4453 2008 4491 vem
2028 4446 2082 4490 et
2105 4436 2172 4490 de
2197 4449 2452 4504 supremo
2474 4433 2665 4488 ordine
2688 4434 3050 4489 decidentem.
3068 4432 3248 4487 Bonus
3268 4442 3448 4486 autem

223 4531 408 4593 θέντα,
436 4533 529 4583 καὶ
555 4532 895 4584 ἀποπεσόντα
917 4533 1018 4600 τῆς
1044 4533 1156 4585 ἀνω
1179 4530 1402 4596 τάξεως.
1434 4533 1493 4586 Ὀ
1518 4534 1624 4603 γὰρ
1651 4535 1786 4602 ἀγα·
1815 4519 1859 4576 Ῑ)
1891 4531 1897 4584 1

1773 4564 1786 4576 -
1815 4519 1859 4576 Ι)
1891 4531 2052 4592 Deus,
2076 4543 2236 4596 quem
2271 4541 2488 4595 semper
2530 4519 2854 4579 conﬁdimus
2902 4526 3062 4579 bouis
3123 4525 3262 4577 bona
3294 4523 3447 4589 dare,

223 4622 315 4683 θδς
350 4621 484 4683 Θεὸς
518 4623 632 4684 τοῖς
671 4622 896 4690 ἀγαθοῖς
932 4623 1224 4690 ἀγαθύνειν
1257 4624 1342 4676 ἀεὶ
1379 4625 1786 4694 πιστευόμενος,

220 4714 345 4766 οὐδὲ
377 4715 476 4783 τὴν
507 4715 605 4783 σὴν
630 4717 934 4786 πειρήσεται
966 4717 1295 4784 ἀγαθότητα.
1336 4717 1459 4787 Ὑφ’
1481 4711 1542 4770 οὗ
1573 4719 1668 4772 καὶ
1691 4735 1787 4789 τη-

223 4807 339 4874 ρινίο
373 4804 552 4873 πάσης
585 4806 898 4866 κακύνσεως
927 4805 1196 4876 ἀνώτερος
1226 4805 1321 4858 καὶ
1350 4805 1664 4868 κακώσεως.

294 4984 341 5017 ’⁸
385 4983 529 5038 Psul.
563 5001 646 5049 xc,
673 4984 751 5038 19..

1889 4635 2067 4690 neque
2112 4628 2257 4672 tuam
2287 4617 2658 4686 praetermittet
2679 4616 2992 4679 bonitatem,
3023 4615 3304 4685 quietiam
3342 4615 3444 4667 uti-

1889 4727 2016 4767 uant
2046 4719 2224 4765 servet
2257 4718 2309 4762 te
2333 4710 2568 4777 desuper
2590 4710 2657 4761 ab
2675 4707 2824 4762 omni
2845 4706 3048 4761 malitia
3083 4713 3138 4760 et
3163 4705 3336 4759 malo!
