4240 6440
763 406 866 467 5,539
1208 406 1305 463 AD
1341 400 1913 464 TllEUPIiYLACTI
1958 401 2529 462 EXPOSITIONEM
2574 402 2654 462 IN
2694 401 3141 462 PROPHETAS
3170 403 3514 463 MiNOEIES
3896 407 4005 466 500

2125 557 2425 565 ’.σπι-...-

2436 558 2881 565 ,κ-α-...σ--υ--εαρη

774 573 884 583 -ν-υ-
914 575 1005 581 .—»
1041 576 1052 580 ο.
1126 571 2079 583 -α--νσ--Μ--σ--α-
2097 571 2455 580 —-.——-————.——.

1253 733 1505 884 AN
1519 731 2051 887 TONII
2144 733 2927 891 BONGIO‘

1805 735 2051 886 NII
2144 733 3479 893 BONGIOVANNI

1830 1008 2918 1125 IPBMEFAJHO

915 1262 1063 1352 AD
1126 1261 2054 1356 THEOPHYLACTI
2144 1262 2262 1351 IN
2334 1266 2450 1353 V.
2530 1263 3230 1359 PBOPHETAS
3300 1258 3842 1364 MINORES

1740 1483 3027 1598 COMMENTARIA.

3302 558 3584 568 *κα-...-

3590 558 3707 566 ﬁ...“
3716 561 3721 565 .
3742 561 3754 564 _
3772 557 3922 566 _-._...

2994 572 3231 581 _—_—

3282 571 3650 581 κ*

838 1885 962 1957 Qui
995 1888 1632 1946 veterumauctorum
1675 1894 1891 1956 opera,
1927 1878 2208 1938 nondum
2258 1876 2534 1955 vulgata,
2573 1881 2810 1958 publici
2850 1881 3017 1959 juris
3056 1881 3263 1944 facere
3307 1886 3591 1962 student,
3624 1890 3665 1952 ii
3712 1890 4000 1968 profecto

765 1987 852 2046 rei
888 1986 1206 2047 litterariae
1239 1982 1585 2061 plurimum
1625 1988 1916 2057 prosunt,
1946 1986 2007 2038 et
2042 1977 2213 2038 viros
2254 1977 2567 2049 eruditos,
2600 1980 3003 2058 antiquitatis
3038 1982 3385 2054 studiosos,
3419 1985 3762 2049 immortali
3798 1989 4004 2049 bene-

764 2088 905 2147 ﬁcio
955 2086 1073 2145 sibi
1122 2084 1524 2145 devinciunt.
1561 2081 1743 2155 Quod
1780 2096 1923 2140 cum
1965 2079 2049 2139 ita
2087 2080 2197 2152 sit,
2230 2083 2489 2160 egregio
2523 2082 2685 2154 viro,
2728 2083 3008 2144 senatori
3064 2084 3332 2159 eximio,
3366 2087 3706 2151 Francisco
3735 2092 4010 2154 Foscaro

765 2187 1035 2247 maxima
1062 2185 1343 2245 habenda
1384 2182 1604 2260 gratia,
1640 2179 1778 2259 qui,
1812 2196 1938 2241 non
1974 2178 2189 2241 minus
2225 2180 2547 2244 litterariae
2576 2199 2763 2262 Quam
2798 2184 3006 2244 civilis
3038 2184 3194 2262 reip.
3237 2187 3403 2248 bono
3429 2198 3638 2264 natus,
3682 2191 4011 2258 luculenta

765 2292 894 2351 haec
934 2285 1388 2366 'l‘beopb;,-lacti
1422 2284 1893 2345 Commentaria
1933 2299 2187 2343 summo
2213 2285 2429 2345 studio
2462 2283 2701 2347 edenda
2737 2287 3005 2347 curavit.
3050 2286 3208 2348 Cum
3245 2289 3414 2350 enim
3443 2308 3512 2351 ea
3547 2292 3611 2353 in
3646 2312 3760 2356 ms.
3788 2298 4011 2358 codice

769 2390 1172 2453 bibliotheczc
1204 2387 1516 2449 Bavaricm
1544 2387 1914 2449 delitescere
1962 2385 2395 2465 COgnovisset,
2423 2388 2911 2450 serenissimum
2948 2389 3200 2464 ducem,
3235 2391 3576 2455 clarissimi
3632 2396 3751 2457 viri
3809 2415 4012 2476 opera

768 2510 926 2555 usus
962 2492 1190 2553 Felicis
1228 2489 1490 2561 OEfelii,
1528 2488 1789 2567 rogavit,
1824 2497 1895 2549 ut
1921 2505 1990 2549 ea
2019 2487 2320 2559 describi,
2370 2495 2429 2549 et
2473 2507 2687 2551 secum
2722 2489 3182 2551 communicari
3222 2500 3564 2570 pateretur.
3605 2496 3852 2556 Annuit
3890 2498 4013 2558 bu-

771 2597 1185 2659 manissimus
1222 2596 1329 2657 ille
1364 2596 1681 2673 princeps,
1722 2612 1790 2653 ac
1819 2593 2117 2654 Vcnetias
2152 2610 2277 2654 non
2311 2593 2703 2672 exemplum,
2734 2592 2843 2655 sed
2882 2594 3164 2655 codicem
3205 2595 3419 2674 ipsum
3456 2612 3569 2674 pro
3599 2613 3713 2657 sua
3752 2600 4011 2675 magni-

770 2702 993 2762 tudine
1034 2698 1229 2759 animi
1270 2698 1342 2757 ad
1379 2713 1527 2757 eum
1564 2695 1758 2755 misit.
1802 2697 1982 2755 Nunc
2011 2696 2387 2756 demandata
2416 2694 2602 2756 nobis
2633 2695 2869 2757 codicis
2899 2679 3304 2758 exscribendi
3338 2702 3401 2758 et
3430 2696 3653 2758 Latine
3688 2699 4001 2759 reddendi

770 2818 942 2868 cura,
978 2815 1171 2877 pauca
1206 2797 1490 2875 quaedam
1532 2794 1609 2856 de
1642 2811 1705 2854 re
1749 2803 1869 2854 tota
1904 2791 2146 2871 prtefari
2181 2792 2404 2870 placet.

850 2904 1084 2975 Codex,
1115 2912 1184 2964 ut
1225 2900 1379 2961 mihi
1415 2898 1671 2977 quidem
1714 2897 1993 2969 videtur,
2027 2905 2323 2959 exaratos
2366 2906 2460 2960 est
2512 2898 2698 2960 tertio
2729 2899 2982 2961 decimo
3033 2899 3294 2963 circiter
3332 2901 3590 2973 seculo,
3625 2898 4013 2978 prafertque

772 3005 1030 3065 titulum
1097 3019 1111 3061 ε
1176 3000 1554 3067 Θεοπρυλάκτου
1597 2998 2033 3067 ἀρχιεπισκὸπου
2090 2998 2428 3067 Βουλγαρίας
2474 2997 2733 3069 ἐξήγηδις
2778 3002 2860 3063 εἰς
2889 2999 2948 3051 τὸ
2969 3000 3480 3072 δωδεκαπρὸφητον.
3511 2999 3962 3079 ΤὴεομΙιυΙασιί
3992 3040 4011 3068 ,

773 3101 1233 3180 archiepiscopi
1254 3099 1593 3176 Bulgariae,
1631 3098 2087 3159 Commenta-ria
2113 3097 2173 3156 in
2207 3098 2337 3157 XII
2368 3116 2447 3175 pr

2368 3099 2732 3175 prophetas.
2767 3100 3049 3171 Titulus,
3074 3100 3185 3177 qui
3219 3100 3386 3160 binis
3406 3099 3548 3160 aliis
3583 3100 3645 3158 in
3680 3100 4015 3160 codicibus

777 3205 1076 3277 occurrit,
1111 3206 1484 3282 Augustano
1508 3201 1733 3271 altero,
1760 3200 1957 3261 altero
1990 3200 2541 3276 Argentoratensi,
2575 3202 2642 3262 in
2676 3218 2955 3263 errorem
2996 3203 3249 3263 induxit
3291 3203 3458 3264 viros
3492 3203 3807 3274 eruditos,
3841 3200 4017 3263 inter

777 3326 939 3384 quos
974 3307 1154 3365 Joan.
1182 3302 1513 3363 Albertum
1548 3298 1939 3373 Fabricium,
1972 3299 2083 3379 qui
2117 3299 2587 3363 Couimentaria
2619 3302 2837 3363 haecin
2870 3304 2988 3364 Xll
3022 3305 3362 3383 prophetas
3415 3304 3629 3366 omnia
3664 3306 4016 3385 Theopby-

783 3408 918 3468 lacti
976 3422 1117 3465 esse
1185 3409 1508 3481 putarunt.
1576 3397 1722 3461 Ain’
1786 3401 2096 3461 tandem?
2150 3402 2614 3480 't'heophylacti
2671 3419 2891 3464 revera
2946 3420 3072 3464 non
3104 3407 3417 3466 suntHn
3452 3406 3681 3467 Oscam
3716 3406 4013 3481 quidem,

781 3512 1093 3581 Habacuc,
1127 3509 1375 3577 Jonam,
1407 3504 1678 3577 Nahum,
1706 3512 1897 3582 atque
1950 3505 2301 3576 Micbaiam,
2333 3514 2485 3570 sunt
2523 3507 3014 3585 TheOphylacti,
3050 3516 3117 3570 ut
3165 3527 3239 3570 ex
3283 3510 3423 3588 ejus
3456 3510 3626 3588 stylo
3660 3509 4005 3571 manifesto

785 3616 984 3687 liquet
1016 3628 1031 3682 ;
1066 3611 1130 3671 in
1164 3608 1448 3682 reliquos
1480 3612 1750 3682 septem,
1785 3621 1914 3666 non
1940 3606 2119 3677 item,
2154 3615 2218 3666 ut
2266 3615 2480 3683 postea
2530 3616 2926 3684 compertum
2962 3609 3334 3671 habuimus.
3368 3610 3525 3669 Cum
3561 3612 3733 3671 enim
3793 3611 4013 3671 Latine

782 3712 1204 3776 reddidissem
1239 3723 1383 3786 quae
1414 3706 1479 3767 in
1506 3704 1834 3766 Michmam
1854 3711 2033 3779 sunt,
2057 3706 2275 3767 Latine
2309 3708 2462 3766 item
2497 3706 2763 3769 reddere
2794 3708 3124 3786 cmpissem
3149 3727 3293 3787 qua:
3320 3712 3557 3771 suntin
3591 3712 4009 3787 Soplioniam,

785 3834 975 3899 atque
1006 3821 1133 3879 haec
1164 3819 1330 3878 inter
1353 3824 1413 3877 et
1439 3816 1543 3876 illa
1575 3812 1921 3876 discrimen
1952 3814 2244 3891 aliquod,
2284 3816 2361 3877 ad
2393 3814 2634 3891 stylum
2669 3820 2839 3894 quod
2873 3813 3142 3881 attinet,
3178 3812 3768 3889 deprehendisse-in,
3822 3818 4015 3878 duh‘-

789 3935 915 3983 tare
947 3920 1104 3997 ccepi
1136 3923 1433 3980 essentne
1466 3932 1613 3978 vere
1645 3914 2127 3993 Theophylacti,
2150 3932 2227 3976 an
2260 3917 2524 3977 alterius
2553 3914 2907 3991 scriptoris.
2950 3914 3129 3975 Illico
3160 3933 3380 3975 corum
3416 3918 3648 3995 scripta
3683 3921 4010 3993 consului,

786 4042 817 4083 τι
850 4021 1087 4100 quibus
1120 4016 1667 4095 TheOphylactum
1703 4013 2011 4076 nonnulla
2044 4015 2419 4092 depromere
2442 4016 3039 4076 animadverteram.
3071 4032 3141 4075 ac
3174 4016 3330 4075 meis
3359 4018 3565 4077 oculis
3597 4018 3748 4089 vidi,
3772 4040 3915 4095 quae
3945 4026 4010 4087 in

789 4119 1175 4198 SOphoniam
1211 4127 1271 4179 et
1304 4116 1589 4196 reliquos
1622 4115 1892 4193 ascripta
1925 4123 2140 4176 essent
2178 4116 2659 4189 commentaria,
2694 4116 3076 4177 Theodoreti
3126 4118 3605 4177 commentariis
3656 4123 3870 4183 omnia
3899 4144 4007 4185 re-

789 4222 1125 4300 Spondere.
1160 4218 1427 4277 Necesse
1460 4222 1792 4293 propterea
1823 4213 1946 4275 fuit
1978 4221 2039 4275 et
2070 4212 2232 4275 alios
2268 4216 2606 4275 consulere
2630 4214 2903 4286 codices,
2936 4216 3637 4291 Augustanumscilici-t
3663 4228 3721 4277 et
3757 4224 4009 4299 Argen-

792 4331 1200 4389 toratensem,
1236 4316 1304 4377 in
1340 4315 1577 4393 quibus
1621 4322 1681 4373 et
1728 4314 1887 4390 ipsis
1923 4320 2171 4375 exstare
2206 4313 2665 4390 TbeOpbylacti
2722 4314 2786 4373 in
2820 4314 2935 4373 XII
2986 4311 3325 4389 prephetas
3357 4319 3808 4377 commentaria
3840 4322 4015 4381 dice-

790 4427 1038 4484 buntur.
1082 4420 1327 4478 Horum
1367 4415 1561 4493 igitur
1591 4412 1890 4485 alterum,
1921 4413 2255 4491 impetrata
2305 4412 2488 4473 venia
2534 4415 2611 4473 ab
2647 4412 3137 4473 humanissimis
3168 4414 3558 4489 Augustalis;
3605 4417 4013 4483 bibliotheca

792 4519 1195 4597 prcesidibus,
1233 4513 1532 4573 Venetias
1569 4509 1752 4571 nobis
1790 4510 1967 4571 misit
2002 4510 2280 4571 eximius
2318 4511 2410 4570 vir
2438 4511 2813 4572 Gonfridius
2849 4510 3209 4589 Hekingius
3245 4528 3259 4570 :
3298 4512 3568 4573 alterum
3619 4532 3759 4575 cum
3795 4518 4011 4579 Theo-

793 4621 996 4681 doreti
1038 4613 1511 4677 commentariis
1539 4617 1829 4673 accurate
1861 4611 2133 4672 contulit
2161 4612 2557 4673 clarissimus
2584 4612 2979 4683 Schererius,
3014 4620 3075 4672 et
3116 4620 3462 4690 utrumque
3490 4632 3630 4674 cum
3668 4632 3781 4675 ms.
3822 4619 4015 4679 Bara-

796 4722 924 4780 i-ieo
982 4716 1328 4778 convenire
1376 4713 1944 4793 deprehendimus,
1996 4720 2067 4772 ut
2117 4713 2275 4773 alter
2323 4730 2400 4774 ex
2454 4714 2651 4773 altero
2683 4715 3044 4791 descriptus
3084 4716 3402 4777 videatur.
3444 4717 3513 4775 In
3558 4717 3863 4777 omnibus
3910 4719 4009 4780 bis

792 4819 1118 4880 codicibus
1142 4815 1589 4876 desiderantur
1613 4829 1736 4893 non
1763 4828 1959 4890 pauca
1981 4829 2058 4873 ex
2091 4815 2568 4874 commentariis
2588 4817 2652 4874 in
2681 4814 2936 4880 Oseam.
2958 4824 3026 4875 ut
3050 4817 3375 4896 prologus,
3409 4828 3467 4878 et
3503 4817 3623 4876 alia
3651 4820 4008 4895 complura.

796 4920 1131 4995 l’rologum
1178 4934 1251 4976 ex
1304 4916 1550 4974 Veneto
1577 4912 1815 4977 codice,
1852 4911 2169 4989 permissu
2212 4912 2405 4973 Marci
2441 4913 2799 4985 Foscareni,
2836 4914 2954 4973 viri
2998 4916 3259 4985 summi,
3295 4915 3533 4991 equitis
3574 4933 3645 4976 ac
3685 4918 3758 4976 D.
3811 4919 4005 4977 Marci

797 5017 1250 5096 procuratoris,
1287 5010 1686 5073 bibliothecre
1708 5008 2013 5086 praefecti,
2036 5009 2511 5070 accuratissime
2528 5011 2860 5087 descripsit
2894 5012 2968 5071 cl.
3009 5013 3104 5073 vir
3134 5013 3451 5073 Antonius
3484 5014 3755 5080 Zanctti,
3792 5016 4013 5074 "Olli:-

793 5134 920 5194 que
964 5117 1180 5175 Latine
1239 5113 1630 5173 reddendum
1671 5110 1866 5169 dedit.
1905 5111 2101 5170 Porro
2147 5126 2287 5169 cum
2344 5127 2455 5185 per
2493 5119 2851 5188 temporum
2894 5113 3192 5191 injuriam
3226 5114 3469 5192 aliquot
3531 5115 3594 5174 in
3628 5132 3704 5175 eo
3740 5118 4011 5192 promam

792 5217 982 5277 ιίηοερ
1010 5216 1546 5275 desideraremur,
1574 5211 1959 5289 insigniores
1994 5214 2261 5287 Eumpm
2295 5212 2487 5272 totius
2524 5212 2939 5276 bibliothecas
2966 5215 3495 5294 perquisivimus,
3525 5226 3589 5277 ut
3620 5238 3739 5293 ope
3779 5232 4009 5275 iiianu-

791 5317 1170 5389 seriptorum
1204 5310 1494 5372 codicum
1526 5326 1640 5380 eae,
1683 5309 1733 5369 si
1776 5308 1905 5369 tieri
1941 5318 2176 5385 posset,
2212 5312 2729 5373 restituerentur.
2762 5314 2900 5386 Qua
2938 5314 3004 5374 in
3039 5332 3103 5375 re
3134 5332 3213 5374 ne
3243 5316 3476 5375 Oriens
3499 5315 3758 5392 quidem
3796 5324 4009 5374 nostra

793 5416 994 5473 caruit
1023 5412 1376 5491 diligentia.
1401 5413 1728 5490 Siquidem
1769 5414 2013 5492 legatus
2044 5415 2117 5475 ad
2152 5418 2500 5476 Turcarum
2529 5416 2978 5494 imperatorem
3033 5418 3352 5495 profectus
3381 5434 3574 5495 supra
3622 5426 4010 5478 memoratus

792 5514 1167 5574 Franciscus
1194 5515 1526 5587 Foscarus,
1556 5515 1648 5574 vir
1680 5515 2007 5575 etconsilii
2040 5517 2250 5593 magni
2277 5522 2338 5576 et
2368 5516 2621 5579 eximias
2650 5518 2925 5588 vi-rtutis,
2963 5518 3077 5580 hac
3104 5526 3350 5597 arrepta
3372 5520 3729 5590 occasione,
3754 5518 4005 5577 studio-

792 5616 1045 5675 sissime
1078 5616 1491 5676 bibliothecas
1534 5616 1663 5675 illic
1693 5633 1941 5689 omnes,
1975 5620 2265 5679 omnium
2303 5620 2650 5695 prmsertim
2685 5621 3271 5691 celebratissimam,
3308 5638 3451 5700 quin
3491 5622 3555 5682 in
3597 5627 3811 5680 monte
3844 5619 4008 5679 Albo

791 5723 907 5786 est,
945 5716 1455 5792 pervcstigandas
1487 5719 1754 5776 curavit.
1778 5722 1851 5776 At
1885 5716 2119 5778 frustra
2151 5718 2341 5777 cessit
2376 5720 2552 5779 labor
2577 5721 2812 5780 omnis.
2850 5723 3066 5797 Itaque
3096 5739 3237 5782 cum
3275 5739 3418 5783 eum
3450 5722 3597 5781 dare
3631 5735 3758 5780 non
3798 5718 4006 5792 liccat,

795 5824 859 5877 ut
901 5816 1220 5891 volumus,
1254 5817 1479 5877 datuus
1521 5824 1583 5876 ut
1618 5836 1978 5894 possumus.
2014 5819 2196 5890 Quod
2224 5820 2437 5897 itatpie
2467 5821 2773 5897 prodeant
2808 5822 3077 5899 integra.
3117 5824 3332 5885 paucis
3372 5823 3557 5884 lineis
3595 5820 3903 5884 exceptis.
3940 5822 4005 5883 in
