4240 6440
234 372 328 432 εισι]
1250 375 1419 434 AN'i‘.
1455 375 1646 433 ,ινιΝυ
1665 376 1700 426 lt
1721 375 1908 433 :VAN.‘

1800 380 1822 422 λ
1840 375 1880 432 Ν
1894 375 1970 432 ΝΣ
2007 375 2418 434 PILEFATIO.
3368 373 3474 436 562

234 485 528 562 quinque
565 485 718 544 islos
750 483 1090 562 prephetas
1125 483 1581 558 'l‘heupnylacti
1620 486 2070 544 uutnttlentarif
2109 507 2125 554 ;
2166 485 2469 562 quodque
2518 483 2824 559 prodeant
2861 482 3151 542 omnium
3191 479 3463 540 maxime

234 584 570 644 emendata
613 605 628 645 :
663 586 860 645 debes
895 583 955 643 id
994 585 1100 643 uni
1137 584 1646 661 exquisitissimo
1681 586 2140 646 codicitirzerae
2174 587 2244 645 D.
2294 583 2482 644 Marci
2521 584 2946 652 bibliotbecm,
2985 581 3092 661 qui
3136 583 3226 641 vel
3263 583 3478 642 Theo-

236 687 514 764 pliylacti
552 689 757 767 ipsius
797 697 1104 764 tempore,
1150 689 1242 750 vel
1287 708 1413 751 non
1449 692 1648 752 multo
1677 701 1833 768 post,
1891 703 2182 752 exaratos
2213 693 2486 753 videtur.
2522 696 2664 762 Quo
2700 690 2762 751 in
2821 689 3037 751 codice
3081 689 3142 750 in
3186 689 3478 766 quinque

235 805 429 864 supra
501 797 882 851 memoratos
946 793 1251 852 duntaxat
1311 791 1650 869 pr0phelas
1709 801 1958 853 exstant
2015 792 2500 862 commentaria,
2568 790 2826 851 omissis
2881 789 3152 860 caeteris,
3212 807 3289 850 ex
3349 807 3478 867 quo

232 889 556 966 conjicere
615 891 783 964 licet,
844 890 1391 970 TheOphylactum
1424 899 1530 952 aut
1570 901 1768 952 morte
1821 902 2200 970 prmreptum
2232 938 2248 966 ,
2294 900 2402 953 aut
2446 893 2618 953 curis
2662 891 2808 953 aliis
2882 893 3236 952 distentum
3287 892 3476 951 Com-

233 995 551 1057 mentaria
631 997 698 1057 in
751 998 1036 1078 reliquos
1075 1004 1317 1074 septem
1371 995 1702 1058 absolvere
1762 1013 1886 1059 non
1934 996 2242 1068 potuisse.

314 1121 488 1193 Quid
542 1121 863 1200 prohibet,
928 1123 1171 1202 inquis,
1230 1124 1610 1203 quominus,
1662 1123 1853 1182 trium
1888 1125 2264 1184 auctoritate
2295 1124 2585 1184 codicum
2626 1121 2794 1191 freti,
2824 1121 3118 1182 dicamus
3156 1120 3373 1180 isthzec
3409 1118 3472 1178 in

234 1226 529 1304 reliquos
605 1237 851 1306 septem
912 1229 1254 1308 prephetas
1303 1229 1758 1291 commentaria
1812 1247 1953 1291 esse
2017 1230 2528 1307 TheOphylacti?
2597 1228 2765 1300 Quid
2803 1228 3170 1305 prohibeat,
3231 1227 3477 1300 rogas?

237 1326 543 1386 Prohibet
598 1327 804 1404 stylus
862 1343 894 1388 a
948 1327 1404 1406 TheOphylacti
1463 1330 1628 1406 stylo
1693 1327 1878 1406 plane
1921 1329 2259 1389 diversus:
2296 1329 2590 1408 prohibet
2624 1329 2911 1388 Venetus
2964 1327 3190 1398 codex,
3225 1324 3482 1402 ipsimet

237 1425 714 1502 'l‘heOpbylacto
745 1426 928 1487 facile
965 1445 1215 1488 coaevus
1251 1451 1264 1487 :
1316 1429 1656 1506 prohibent
1687 1429 1794 1488 alii
1826 1430 2074 1490 codices
2106 1427 2569 1505 antiquissimi,
2607 1425 3085 1505 Theophylacto
3117 1425 3256 1500 ipso
3293 1425 3482 1499 longe

241 1529 644 1598 vetustiores,
685 1531 751 1591 in
805 1532 1043 1609 quibus
1092 1531 1332 1591 Nanius
1380 1533 1621 1602 XXXI,
1668 1533 1907 1609 quibus
1943 1532 2007 1592 in
2040 1532 2373 1593 codicibus
2410 1529 2865 1590 commentaria
2901 1529 3018 1588 ista
3063 1526 3481 1587 "l‘heodoreto

239 1632 638 1695 tribuuntur.
671 1635 840 1707 Quid
881 1636 973 1694 vis
1006 1634 1340 1711 amplius?
1379 1635 1586 1696 Dicam
1627 1645 1834 1696 tamen
1867 1636 2166 1711 amplius.
2208 1635 2504 1694 Prohibet
2530 1633 2788 1694 demum
2837 1631 3106 1703 ipsemet
3141 1627 3482 1704 TheOphy-

240 1729 463 1791 lactus.
497 1732 831 1804 Quomodo
863 1731 1208 1808 prohibet?
1243 1734 1431 1795 Audi.
1478 1733 1725 1813 Prologi
1760 1735 1946 1796 initio
1983 1738 2221 1795 diserte
2271 1743 2557 1804 testatur,
2594 1751 2660 1793 se
2705 1729 3160 1792 commentaria
3196 1728 3326 1790 haec
3359 1728 3480 1788 im-

239 1829 571 1906 peratricis
595 1829 782 1907 jussu
814 1839 1049 1907 τρισσῶς
1075 1839 1520 1911 ἀπογράψασθαι.
1563 1831 1864 1894 trifariam
1896 1850 1913 1891 ε

1810 1849 1864 1891 m
1896 1849 2242 1911 exponere,
2286 1841 2476 1908 atque
2505 1838 2731 1908 τρισσὴν
2755 1839 3003 1908 ἐκδοχὴν,
3047 1827 3359 1906 triplicem
3412 1829 3475 1890 in

240 1930 336 1989 eis
373 1931 753 2009 plerumque
785 1931 1136 1992 consectari
1170 1930 1787 2010 interpretationem,
1831 1953 1973 2013 quae
2007 1935 2317 2012 triplicem
2363 1932 2638 2008 explicet
2677 1932 3147 2008 Scripturarum
3181 1946 3472 1998 sensum,

239 2032 576 2094 Iitteralem
617 2035 946 2108 nimirum,
984 2043 1052 2096 ut
1089 2045 1332 2109 vocant,
1364 2039 1666 2099 moralem
1707 2047 1898 2116 atque
1938 2038 2426 2116 tropologicum.
2465 2041 2610 2102 Haec
2638 2055 2828 2120 porro
2855 2054 3044 2116 quam
3077 2036 3201 2098 sibi
3236 2047 3477 2111 propo-

237 2135 334 2194 nit
376 2136 737 2206 metbodus.
776 2138 1172 2216 conspicitur
1214 2141 1276 2201 in
1323 2142 1613 2219 quinque
1651 2160 1842 2218 supra
1876 2142 2244 2203 memoratis
2287 2142 2640 2219 pmphetis,
2671 2142 2735 2203 in
2783 2140 3052 2219 reliquis
3112 2153 3239 2198 non
3296 2137 3475 2196 item.

237 2240 307 2298 in
346 2237 444 2297 bis
473 2237 645 2298 enim
678 2240 1009 2301 litteralem
1047 2243 1358 2303 duntaxat
1397 2259 1656 2303 sensum
1697 2251 1921 2304 auctor
1957 2243 2386 2321 persequitur,
2438 2243 2500 2304 id
2546 2245 2714 2322 quod
2754 2242 2960 2304 facere
3000 2239 3476 2301 Theodoretum

235 2352 589 2398 consuesse
622 2340 854 2398 eruditi
897 2348 1155 2400 norunt.
1210 2341 1407 2401 Visne
1441 2341 1592 2418 quid
1631 2342 1958 2421 amplius?
1994 2344 2206 2404 Dicam
2257 2342 2557 2420 amplius.
2601 2342 3118 2421 TheOphylactus
3165 2339 3478 2400 nimirum

237 2442 315 2500 ad
353 2440 585 2499 calcem
620 2441 934 2518 cujusque
965 2445 1407 2505 commentarii
1442 2446 1725 2522 quaedam
1760 2445 2079 2508 disserere
2112 2448 2273 2508 solet
2304 2448 2380 2507 de
2419 2448 2538 2506 vita
2569 2448 2889 2523 rebusque
2922 2443 3118 2522 gestis
3148 2443 3466 2520 cujusque

238 2547 589 2624 praphette,
644 2548 812 2623 quod
874 2564 999 2608 non
1049 2550 1190 2609 iacit
1243 2549 1704 2610 'l‘heodoretus.
1765 2553 1936 2612 Putet
1978 2552 2040 2613 id
2086 2569 2229 2613 cum
2279 2569 2352 2611 cx
2397 2552 2642 2612 Veneto
2686 2550 2928 2620 codice,
2968 2549 3151 2623 longe
3183 2543 3478 2606 omnium

238 2645 795 2722 priestantissimo,
839 2655 969 2706 tum
1013 2666 1090 2708 ex
1133 2649 1424 2710 Loniceri
1470 2650 2020 2726 interpretatione.
2058 2654 2125 2713 In
2160 2653 2379 2714 codice
2426 2661 2635 2713 autem
2685 2650 2984 2713 Bavarico
3017 2648 3079 2708 id
3131 2646 3347 2708 videre
3382 2647 3483 2704 est

239 2751 304 2807 in
373 2745 666 2823 quinque
717 2746 1102 2823 supradictis
1149 2755 1417 2817 tantum,
1464 2765 1586 2808 non
1637 2750 1785 2809 item
1839 2751 1902 2811 in
1959 2750 2250 2827 reliquis.
2295 2753 2633 2811 Fateamur
2685 2749 2882 2826 igitur
2927 2761 3189 2808 necesse
3237 2749 3356 2814 est,
3402 2754 3480 2800 ea

237 2845 627 2904 Theodoreti
665 2861 828 2914 esse,
859 2862 984 2906 non
1021 2847 1501 2925 TheOphylarti.
1527 2847 1693 2920 Quid
1731 2866 1879 2910 vero
1906 2853 1982 2912 de
2016 2851 2221 2910 tribus
2266 2865 2456 2925 supra
2504 2846 2872 2907 memoratis
2905 2843 3237 2906 codicibus
3294 2837 3476 2899 dice-

237 2960 386 3004 mus
418 2947 445 3002 ?
481 2946 544 3005 ld
590 2946 924 3019 nimirum,
962 2948 1130 3024 quod
1177 2965 1276 3008 res
1315 2957 1434 3019 est,
1472 2965 1582 3009 eos
1624 2965 1765 3009 esse
1808 2949 1998 3026 longe
2046 2949 2520 3010 recentissimos
2564 2995 2578 3021 ,
2627 2963 2865 3025 eosque
2913 2959 3029 3023 pro
3083 2955 3214 3003 uno
3257 2935 3478 2999 haberi

238 3043 498 3115 debere,
533 3063 676 3106 cum
710 3046 905 3107 alium
941 3063 1017 3106 ex
1047 3045 1176 3108 alio
1209 3047 1598 3126 descriptum
1634 3047 1833 3110 fuisse
1865 3056 2133 3111 constet.
2175 3051 2350 3110 Idem
2411 3047 2581 3108 enim
2611 3048 2674 3107 in
2709 3047 2983 3122 singulis
3015 3048 3274 3123 apparet
3302 3037 3486 3102 defe-

237 3155 404 3213 ctus,
459 3149 692 3208 eaedem
757 3149 1023 3209 omnino
1076 3150 1338 3222 lacuum,
1374 3151 1584 3212 hiatus
1617 3152 1832 3213 iidem.
1866 3153 2234 3215 Verisimile
2283 3170 2472 3232 porro
2501 3163 2597 3215 est
2627 3153 2988 3222 librarium,
3020 3165 3149 3227 quo
3191 3147 3474 3209 codicem

237 3263 433 3305 suum
495 3249 696 3325 pluris
749 3251 1076 3326 venderet,
1111 3253 1488 3331 apposuisse
1521 3255 1905 3318 Theodoreti
1952 3255 2433 3330 commentaria,
2491 3256 2604 3318 ubi
2662 3250 3122 3333 Theophylacti
3180 3248 3477 3310 deﬁceret

236 3347 706 3424 interpretatio.

321 3477 467 3537 Haec
498 3477 824 3541 hactenus.
856 3481 947 3540 Ad
982 3489 1431 3559 propnetarum
1474 3489 1712 3544 textum
1739 3484 1906 3561 quod
1939 3486 2184 3554 attinet,
2214 3487 2488 3546 retinere
2516 3483 2858 3546 maluimus
2884 3479 3473 3560 interpretationem

237 3597 384 3655 quas
417 3579 478 3642 in
515 3583 887 3661 Polyglottis
919 3603 952 3645 e
992 3586 1252 3663 regione
1287 3595 1396 3649 τῶν
1431 3590 1598 3649 LXX
1638 3588 1920 3666 portitor,
1954 3607 2144 3667 quam
2173 3606 2398 3650 novam
2416 3590 2696 3667 aliquam
2722 3587 3038 3665 adjicere;
3075 3601 3180 3657 ne,
3213 3581 3267 3643 si
3309 3581 3476 3642 forte

239 3682 307 3739 in
348 3699 411 3742 re
444 3683 596 3742 tanti
633 3684 937 3744 momenti
976 3685 1220 3763 aliquid
1263 3686 1580 3746 offensum
1621 3705 1759 3748 esse
1796 3688 2142 3762 videretur,
2195 3689 2258 3749 id
2301 3705 2530 3765 magno
2561 3688 2746 3749 nobis
2791 3685 3052 3748 crimini
3085 3690 3470 3746 verteretur.

240 3783 334 3841 Ad
372 3793 647 3842 nostram
684 3796 832 3840 vero
861 3779 1454 3855 interpretationem
1489 3784 1658 3861 quod
1691 3793 1954 3860 spectat,
1995 3787 2056 3846 in
2092 3802 2166 3848 eo
2202 3787 2297 3848 vel
2337 3786 2611 3847 maxime
2647 3783 3107 3858 laboravimus,
3153 3789 3223 3845 ut
3250 3783 3474 3844 Latina

238 3893 430 3948 esstt.
470 3894 534 3942 ut
570 3885 786 3945 Grmco
821 3885 1019 3945 textui
1049 3884 1468 3962 reSpondens,
1506 3891 1574 3943 ut
1611 3883 1912 3943 dilucida.
1954 3887 2015 3944 id
2046 3886 2099 3944 si
2136 3887 2352 3945 minus
2394 3885 2832 3964 prmstitimus,
2869 3899 3012 3944 cum
3067 3898 3180 3960 pro
3222 3881 3476 3944 viribus

243 3993 539 4060 praastare
579 3984 1045 4056 studuerimus,
1077 3991 1371 4044 conatum
1399 3985 1620 4044 saltem
1652 3991 1938 4045 nostrum
1971 3983 2292 4045 humanus
2321 3985 2517 4045 lector
2537 3985 2704 4062 ἃ)ᾳυὶ
2742 3984 3025 4060 bonique
3055 3983 3267 4045 faciet.
3303 3984 3474 4046 Illud

272 4099 304 4142 δ
344 4083 651 4141 monitum
714 4083 878 4153 volo,
930 4081 1386 4143 commentaria
1429 4083 1557 4142 hac
1588 4083 1801 4142 Greece
1855 4099 2025 4142 nunc
2060 4082 2337 4146 Primum
2379 4083 2661 4156 prodire,
2695 4082 2749 4144 si
2799 4083 3030 4161 qumin
3076 4083 3260 4144 Osem
3283 4089 3473 4161 caput

239 4185 520 4260 primum
560 4189 729 4251 sunt,
764 4193 824 4241 et
852 4181 1107 4241 initium
1144 4181 1406 4242 sec-undi
1440 4179 1744 4258 excipias.
1788 4182 2008 4241 Latine
2053 4196 2200 4240 vero
2230 4181 2607 4258 prodierunt
2647 4180 2709 4238 in
2745 4189 3020 4255 quatuor
3051 4180 3322 4258 priores,
3358 4181 3468 4240 sed

239 4302 384 4345 cum
421 4284 645 4342 iisdem
679 4280 945 4358 omnino
974 4279 1217 4341 lacunis
1249 4296 1408 4358 quas
1437 4280 1500 4340 in
1538 4279 1739 4340 tribus
1784 4296 1978 4357 supra
2011 4278 2377 4339 memoratis
2432 4277 2756 4338 codicibus
2799 4294 2940 4339 esse
2979 4280 3166 4340 modo
3209 4279 3468 4342 diceba-

241 4401 410 4444 mus.
443 4382 721 4443 Latinam
762 4380 945 4452 hanc,
973 4397 1115 4458 quas
1150 4379 1436 4440 Lonieeri
1477 4387 1594 4453 est,
1624 4379 2214 4457 interpretationem
2245 4396 2277 4438 θ
2312 4376 2576 4449 regione
2605 4377 2802 4437 (ΞΓωοὶ
2839 4384 3048 4438 textus
3085 4377 3466 4453 posuimus;

238 4494 298 4545 et
331 4481 536 4544 sicubi
578 4477 927 4540 Lonicerus
957 4494 988 4537 a
1022 4477 1480 4556 TheOpbylacti
1527 4485 1736 4541 mente
1767 4478 2061 4540 aberrare
2097 4478 2273 4539 visus
2313 4475 2479 4549 fuit,
2523 4493 2748 4537 novam
2795 4477 2981 4537 aliam
3027 4478 3104 4538 ad
3152 4481 3468 4560 cujusque

241 4589 488 4668 paginas
522 4587 754 4649 calcem
786 4599 1110 4660 apponere
1143 4583 1513 4656 maluimus,
1549 4600 1736 4662 quam
1773 4582 1910 4660 ejus
1936 4579 2526 4660 interpretationem
2560 4581 2924 4642 emendare.
2959 4581 3261 4644 Virorum
3293 4583 3465 4646 enim

237 4687 641 4749 eruditorum
681 4681 1008 4744 laboribus
1043 4682 1427 4754 parcendum
1473 4690 1796 4760 putamus.
1846 4683 1908 4742 Si
1947 4699 2069 4760 qua
2123 4685 2274 4742 item
2337 4680 2616 4742 occurrit
2654 4681 3083 4760 discrepantia
3136 4682 3306 4745 inter
3345 4702 3463 4748 ms.

238 4788 611 4850 Bavaricum
645 4795 706 4849 et
738 4788 1078 4858 Venetum,
1105 4801 1241 4847 eam
1279 4784 1551 4846 subinde
1581 4784 1957 4846 aduotamus
1990 4801 2109 4844 suo
2158 4783 2319 4853 loco,
2380 4782 2710 4844 meliorem
2765 4799 3044 4860 semper,
3099 4784 3210 4845 ubi
3257 4785 3465 4860 licuit,

241 4892 581 4952 lectionem
641 4888 1014 4950 retinentes.
1069 4887 1185 4948 Ubi
1241 4886 1444 4956 licuit,
1501 4885 1818 4964 inquam:
1860 4902 2004 4946 nam
2059 4900 2503 4963 saepenumero
2549 4883 2746 4944 coacti
2803 4900 3031 4944 sumus
3079 4885 3465 4947 deteriorem

240 5006 502 5067 ponere,
553 4996 623 5048 ut
670 4988 962 5049 Loniceri
997 4985 1508 5064 interpretationi
1541 4985 1956 5048 serviremus.
1993 4988 2227 5047 Caetera
2260 5000 2378 5045 nos
2413 4982 2603 5062 primi
2657 4991 2790 5044 tum
2829 4983 3046 5044 Graace
3079 4989 3214 5044 tum
3240 4984 3467 5048 Latine

239 5089 490 5145 damus.
522 5086 637 5146 Sed
668 5085 797 5144 hac
824 5083 1152 5144 hactenus.

319 5208 527 5267 Habes
579 5205 800 5283 igitur,
836 5207 1086 5267 erudite
1137 5207 1379 5277 Lector,
1438 5207 2010 5267 luculentissimam
2045 5207 2500 5285 TheOphytacti
2535 5209 2821 5285 Operum
2859 5209 3239 5283 editionem,
3267 5226 3462 5295 quam

237 5314 500 5393 quidem
565 5311 968 5372 bibiiotheris
1027 5312 1441 5373 necessariam
1493 5321 1670 5391 puto,
1720 5331 1862 5373 cum
1903 5318 1984 5375 ob
2040 5315 2412 5392 interpretis
2458 5315 2667 5390 ipsius
2706 5316 3158 5392 praestantiam,
3189 5324 3327 5378 tum
3367 5319 3455 5380 ad

234 5429 561 5474 sacrarum
600 5413 1068 5489 Scripturarum
1112 5413 1530 5488 interpretum
1566 5416 1796 5475 seriem
1823 5414 2299 5477 absolvendum.
2331 5416 2462 5477 Etsi
2500 5417 2672 5476 enim
2707 5434 2785 5478 ex
2819 5417 3298 5495 antiquissimis
3333 5435 3464 5479 non

234 5521 330 5573 est
380 5520 594 5570 noster
626 5510 726 5570 hic
760 5511 1072 5590 interpres
1106 5557 1121 5584 ,
1162 5515 1240 5574 ab
1283 5517 1361 5573 i...
1399 5524 1602 5574 tamen
1649 5515 1823 5592 ipsis,
1863 5516 2266 5578 Theodoreto
2318 5519 2696 5594 prmsertim,
2751 5519 2888 5597 apis
2927 5519 3168 5590 instar,
3221 5519 3460 5596 optima

233 5628 510 5689 qumque
573 5611 911 5688 decerpsit,
960 5615 1228 5686 suisque
1295 5617 1376 5675 ita
1453 5616 1848 5691 temperavit,
1930 5624 1996 5676 ut
2053 5616 2308 5677 illorum
2353 5619 2736 5680 industriam
2813 5636 2936 5680 non
2963 5621 3148 5679 modo
3179 5636 3460 5696 requare,

236 5719 343 5776 sed
383 5716 616 5778 aiieubi
676 5717 862 5777 etiam
901 5737 1202 5794 superare
1251 5721 1560 5781 videatur.
1615 5721 1934 5781 Claudicat
1993 5721 2042 5781 is
2077 5722 2335 5788 quidem
2374 5724 2437 5783 in
2471 5724 2802 5787 aliquibus
2836 5721 3220 5794 sententiis;
3255 5723 3364 5782 sed
3399 5731 3470 5782 et
