4254 6442
270 426 375 487 569

895 416 1294 479 EXPOSITIO
1334 416 1411 477 IN
1452 415 1835 477 PRUI’HE'I‘J

1811 412 1913 470 ΛΜ
1945 408 2213 469 USEAM.
2257 432 2321 442 -
2359 407 2817 470 ΡΗΟΕΕΜΙΠΜ.

3382 404 3492 469 570

267 538 512 604 χρήμασι
546 531 927 602 μαντεύονται·
951 532 1059 592 τοῖς
1090 531 1144 583 δὲ
1175 531 1351 598 ἁγίοις
1381 529 1555 597 πάντα
1601 525 1771 579 ταῦτα
1795 527 1823 577 ὁ

1811 527 1823 577 ⁵
1852 530 1895 586 Α
1928 542 2065 595 Deus
2090 541 2402 605 minitatur;
2432 556 2554 593 cuin
2579 550 2770 594 contra
2830 553 2939 593 non
2970 535 3347 599 emendamur,
3372 544 3487 589 tum

261 628 415 689 Θιδς,
456 626 550 679 καὶ
584 628 615 695 ἡ
646 625 812 692 ἀρετή
835 625 971 676 ἔστι.

265 720 638 790 inrntiscgent
661 724 715 770 et
749 718 997 780 materia,
1026 726 1079 771 et
1104 716 1261 771 locis.
1342 755 1355 769 .
1435 754 1450 769 .
1530 754 1544 769 .
1624 758 1634 770 .

264 812 398 868 viris
436 812 553 867 hac
582 810 763 865 omnia
809 808 951 865 Deus
990 816 1095 874 est,
1127 818 1287 880 atque
1311 807 1503 866 virtus.

330 902 618 972 Φυσικὴδὶ
646 903 975 973 πρόγνωσις.
1030 903 1081 954 oi
1156 940 1170 954 .

264 996 448 1066 ἔχουσι
476 994 645 1047 πολλά
668 993 776 1046 τῶν
793 991 967 1057 ζώων.
995 991 1306 1062 μύρμηκες,
1338 993 1525 1062 δκῖνοιι
1542 993 1822 1059 ἀλκύονες.

262 1085 523 1155 ὄμϐρους,
549 1083 637 1135 καὶ
664 1081 903 1150 ἀνέμους
931 1080 1028 1133 καὶ
1056 1078 1331 1150 χειμῶνας
1359 1081 1654 1151 προγινὼσ.
1718 1122 1731 1136 .
1811 1122 1827 1139 .

264 1218 279 1232 .
351 1220 363 1232 .
397 1175 642 1245 φυσικῶς
663 1191 678 1207 ο
716 1175 942 1244 τεχνικὴ
973 1173 1029 1226 δὲ
1057 1172 1368 1245 πρόγνωσις
1388 1174 1540 1244 παρά
1601 1175 1823 1245 ἰατροῖς.

267 1272 360 1322 καὶ
393 1266 775 1338 κυϐερνήταις.
823 1266 942 1318 Εἰσὶ
970 1264 1027 1318 δέ
1058 1281 1203 1327 τινες
1240 1266 1334 1319 καὶ
1395 1268 1689 1336 στοχασταὶ
1735 1267 1827 1321 τοῦ

266 1362 424 1427 μέλλ.
570 1398 585 1413 .
735 1401 750 1416 .
894 1358 1003 1412 ἀπὸ
1036 1357 1326 1423 συνέσεως,
1347 1352 1429 1419 οἷς
1466 1359 1561 1412 καὶ
1592 1359 1829 1429 συμϐού-

264 1453 377 1514 λοις
401 1452 661 1514 πολλάκις
684 1449 944 1520 χρώμεθα
978 1463 992 1478 ⁸
1023 1449 1097 1512 ὡς
1124 1450 1152 1501 ὁ
1179 1449 1403 1520 Βαλαὰμ
1440 1452 1827 1507 συνεϐούλευσε

260 1543 343 1611 τῷ
359 1541 544 1595 Βαλὰκ
574 1542 775 1612 πόρνας
804 1558 910 1610 προ
984 1578 998 1592 .
1148 1577 1160 1589 .
1312 1579 1324 1592 .
1474 1579 1489 1592 .
1560 1542 1827 1608 στοχασά·

268 1652 453 1703 μενος,
482 1635 564 1686 ὅτι
591 1633 657 1686 δι’
684 1632 863 1685 αὐτῶν
881 1632 1241 1701 προσκρούσει
1270 1631 1348 1697 τῷ
1378 1629 1495 1699 Θεῷ
1521 1632 1549 1684 ό
1588 1630 1823 1701 Ἰσραήλ.

270 1728 425 1780 Ἐστι
461 1727 517 1779 δὲ
552 1725 706 1794 κοινὴ
734 1725 827 1776 καὶ
859 1723 1113 1793 δημώδης
1144 1725 1451 1792 πρόγνωσις
1527 1763 1541 1776 .
1633 1720 1745 1775 οἷον
1776 1724 1825 1777 ὅ.

1932 646 2057 685 vero
2080 632 2309 683 maxime
2344 630 2693 684 inducuntur.
2731 629 3013 683 Daemones
3039 628 3258 682 demum
3283 630 3493 680 instru-

1808 760 1819 773 .
1870 755 1917 793 γ.
1978 722 2451 792 vaticinanturque
2478 720 2723 790 pecunia;
2779 720 2952 788 gratia
2986 737 2999 772 :
3060 718 3277 772 Sanctis
3311 726 3492 770 autem

1942 976 1945 978 γ
2003 908 2098 961 Est
2119 918 2297 961 autem
2331 909 2682 977 praescientia':
2716 923 2884 978 genus
2908 907 3197 976 quoddam,
3228 922 3256 958 a
3304 912 3495 957 natuta

1932 998 2177 1059 insitum,
2213 999 2371 1067 quale
2400 999 2573 1052 brutis
2598 1000 2969 1053 animantibus
3000 999 3051 1068 5
3084 998 3269 1051 multis
3329 998 3493 1056 inest,

1934 1098 1990 1141 ut
2020 1086 2285 1151 formicis,
2318 1099 2374 1142 et
2421 1089 2654 1152 ecliinis,
2698 1098 2751 1144 et
2779 1091 3119 1160 alcyonibus,
3152 1104 3272 1156 qum
3303 1096 3495 1140 natura

1933 1180 2288 1248 praesentiunt
2345 1183 2607 1250 pluviam,
2662 1192 2855 1238 ventos
2899 1194 3063 1251 atque
3120 1189 3492 1250 tempestates.

1934 1270 2029 1326 Est
2063 1272 2189 1327 item
2238 1274 2591 1341 prescientiae
2619 1291 2789 1343 genus
2823 1276 2968 1328 aliud
3012 1275 3154 1342 quod
3190 1285 3307 1327 arte
3347 1287 3497 1324 com-

1935 1372 2176 1432 paratur,
2203 1378 2311 1433 quo
2342 1365 2702 1432 praescientite
2733 1382 2933 1434 genere
2978 1372 3240 1433 praestant
3300 1362 3493 1415 medici

1934 1465 2094 1523 atque
2128 1468 2323 1509 nautae.
2358 1455 2499 1510 Sunt
2524 1467 2574 1511 et
2596 1472 2792 1526 genera
2832 1457 2936 1511 alia
2963 1472 3085 1525 qua:
3128 1452 3496 1521 intelligentiae

1932 1546 1981 1599 vi
2016 1546 2259 1602 futurum
2299 1548 2619 1615 conjiciunt,
2678 1551 2882 1617 quibus
2940 1550 3105 1602 veluti
3161 1547 3496 1601 consiliariis

1934 1640 2008 1690 uti
2049 1654 2189 1707 srepe
2216 1640 2618 1695 consuevimus.
2659 1640 2726 1694 Ut
2760 1641 2994 1704 Balsam,
3052 1642 3142 1709 qui
3207 1638 3496 1693 consilium

1937 1730 2128 1785 Balaco
2151 1733 2315 1798 dedit,
2346 1734 2661 1788 meretrices
2685 1734 3075 1793 introduceret,
3104 1731 3343 1783 futurum
3374 1728 3497 1782 inde

600 1856 613 1869 .
690 1818 840 1884 τρεῖς
894 1817 1086 1885 μῆνας,
1125 1814 1246 1883 ἔαρ,
1295 1813 1535 1884 ῆθέρος.
1598 1813 1679 1867 Τὰ
1729 1814 1826 1883 μὲν

1811 1831 1826 1866 I
1860 1832 1898 1885 Β
1927 1822 2249 1890 conjii-ieus,
2303 1834 2359 1876 ut
2387 1841 2479 1893 per
2500 1841 2592 1879 eas
2627 1824 3046 1878 Deumlsraelad
3074 1825 3204 1876 iram
3239 1834 3499 1890 provoca-

262 1905 359 1961 οὖν
400 1906 533 1959 ἄλλα
563 1907 865 1973 ὁμωνύμως
899 1901 1235 1973 προγνώσεις
1262 1902 1357 1955 καὶ
1387 1904 1713 1971 προφητεῖαι
1737 1902 1825 1955 λέ-

264 2015 453 2064 γονται
474 2014 487 2025 ·
520 1996 723 2066 κυρίως
740 1995 795 2047 δὲ
815 1994 1117 2063 προφητεία
1144 1994 1240 2046 καὶ
1261 1993 1589 2063 πρόγνωσις,
1615 1995 1647 2063 ή
1678 1993 1827 2062 παρὰ

263 2090 404 2141 Θεοῦ
446 2087 781 2157 necuitan
812 2086 878 2138 δι’
923 2086 1124 2156 ἀρετὴν
1174 2086 1288 2148 τοῖς
1335 2083 1527 2150 ἀξίοις,
1584 2086 1614 2154 ἢ
1660 2085 1725 2137 δι’
1760 2088 1827 2138 oi-

266 2181 529 2249 κονομίαν
553 2182 665 2243 τοῖς
693 2178 951 2244 ἀναξίοις.

1935 1924 2034 1967 ret.
2062 1914 2157 1968 Est
2188 1915 2419 1982 denique
2445 1931 2730 1969 commune
2758 1915 3028 1982 quoddam
3079 1925 3240 1980 atque
3270 1910 3495 1979 popula-

1935 2020 1990 2057 re
2018 2006 2368 2073 prmscientize
2400 2023 2589 2077 genus,
2620 2023 2728 2076 quo
2761 2007 2996 2075 quisque
3020 2004 3278 2073 prospicit
3316 2017 3499 2055 exem-

1937 2094 2192 2163 pligratia
2226 2094 2468 2151 futurum
2509 2105 2628 2165 pust
2659 2107 2767 2151 tres
2827 2110 3042 2149 menses
3078 2095 3323 2147 :cstivum
3359 2101 3497 2144 tem-

1939 2202 2039 2253 pus
2072 2196 2165 2241 aut
2200 2204 2445 2242 vernum.
2524 2188 2938 2255 Cmteraitaque
2968 2190 3073 2239 lato
3155 2185 3315 2238 modo
3374 2198 3500 2250 pro-

267 2278 467 2345 phetia:
526 2277 820 2339 dicuntur;
866 2272 1081 2342 proprie
1102 2287 1229 2328 vero
1273 2272 1552 2341 prophetia
1586 2280 1747 2342 atque
1800 2280 2114 2333 vaticinium
2151 2282 2487 2350 prescientia
2541 2298 2604 2337 ea
2637 2283 2850 2336 demum
2882 2290 2982 2341 est,
3023 2294 3142 2348 qua!
3170 2294 3198 2332 ιι
3231 2278 3340 2332 Deo
3398 2276 3499 2329 tri.

266 2370 476 2431 buitur,
506 2366 589 2420 vel
615 2363 793 2433 dignis
828 2361 1140 2418 hominibus
1164 2362 1234 2416 ob
1267 2364 1547 2425 virtutem,
1581 2364 1662 2416 vel
1724 2364 1960 2436 indignis
1994 2371 2064 2425 ob
2112 2388 2370 2425 arcanum
2409 2374 2583 2440 ipsius
2613 2372 2923 2426 ροηεῑιίυιη,

341 2464 415 2513 (ὶύ
456 2460 605 2511 πᾶσα
653 2456 772 2509 θεία
828 2454 1134 2525 προφητεία
1191 2454 1491 2524 ἔγγραφος,
1543 2455 1676 2508 ἀλλά
1736 2457 1832 2509 καὶ

264 2550 530 2617 ἀγράφως
558 2546 739 2615 μυρίοι
764 2544 1180 2615 προεφήτευσαν
1213 2560 1227 2573 ·
1258 2548 1306 2596 οἱ
1342 2545 1525 2612 μέντοι
1560 2548 1695 2615 μετὰ
1724 2549 1828 2598 Δα-

267 2643 375 2702 ωδ,
418 2640 513 2693 καὶ
564 2636 852 2705 Σολομῶνα
895 2637 909 2687 ι
986 2674 999 2689 .
1079 2674 1092 2691 .
1170 2652 1283 2702 τως
1321 2634 1400 2704 τῷ
1454 2635 1567 2705 λαῷ
1624 2653 1828 2705 προφη-

266 2732 461 2785 τεῦσαι
490 2728 928 2799 ἐμολογούμενοι,
955 2726 1147 2791 δεκαὲξ
1189 2726 1600 2795 ἀπηρίθμηνται
1640 2744 1652 2757 ·
1685 2721 1758 2780 ὧν
1781 2730 1828 2779 οἱ

272 2824 373 2893 μὲν
406 2822 610 2875 δώδεκα
640 2819 760 2882 ἑνὸς
798 2816 1072 2881 ἀξιοῦνται
1123 2816 1397 2882 πυκτίδος,
1433 2819 1528 2886 οὐχ
1573 2818 1648 2878 ὡς
1701 2836 1831 2886 συγ-

267 2913 619 2984 χρονίσαντες
651 2912 861 2981 (ἄλλοτε
889 2909 997 2978 γὰρ
1045 2908 1202 2971 ἄλλος
1228 2910 1682 2979 προεφήτευσαν),
1718 2911 1833 2961 ἀλλ’

268 3005 392 3059 ἐπεὶ
421 3002 483 3056 οὐ
538 3001 838 3071 πολύστιχα
880 2997 969 3071 ἦν,
1030 2999 1150 3052 οὐδὲ
1182 3000 1461 3071 μακράτά
1537 3039 1552 3054 .
1629 3042 1641 3055 .
1721 3040 1737 3055 .
1816 3038 1831 3053 .

269 3096 572 3164 γραφέντα.
606 3092 725 3145 οὐδὲ
748 3075 836 3144 οἷα
867 3094 1058 3161 ἀρκεῖν
1107 3093 1338 3144 ἕκαστον
1382 3093 1515 3161 πρὸς
1580 3096 1710 3161 μιᾶς
1755 3093 1833 3162 βί-

268 3189 399 3241 ϐλου
424 3186 719 3255 συνθήκην.
744 3182 1081 3253 Συναχθέντα
1123 3182 1191 3235 τὰ
1230 3182 1447 3235 πάντων
1494 3183 1650 3251 όμοῦ,
1700 3184 1830 3252 μίαν

271 3296 451 3333 συνετ.

269 3370 709 3439 πολυφωνότατοι
755 3369 812 3420 ιν
859 3365 1061 3435 βίϐλοις
1123 3366 1384 3435 τέσσαρσι
1444 3366 1826 3436 διωρίσθησιν.

270 3465 415 3517 [lict
457 3460 638 3530 μέντοι
666 3457 1011 3527 ἐνθεωρεῖται
1039 3457 1073 3508 ἀ
1191 3496 1204 3510 .
1352 3496 1366 3509 .
1466 3472 1613 3523 φεια,
1643 3457 1731 3508 διά
1774 3475 1829 3510 τε

269 3553 334 3606 τὸ
360 3552 488 3621 περὶ⁵
536 3548 839 3619 μελλόντων
894 3547 1239 3617 πραγμάτων
1285 3540 1424 3599 εἶναι
1480 3548 1604 3608 τοὺς
1642 3546 1831 3614 λόγους

273 3644 449 3711 (πᾶσα
474 3641 585 3708 γὰρ
606 3638 911 3709 πρόρρησις
938 3636 1001 3688 τὸ
1029 3637 1497 3703 συνεσκιασμένον
1543 3635 1701 3704 ἔχει),
1741 3636 1833 3686 καὶ

271 3734 354 3785 ἔτι
383 3732 470 3783 διὰ
544 3767 560 3783 .
636 3769 650 3782 .
728 3729 836 3782 ἀπὸ
863 3726 960 3794 τῆς
1000 3726 1277 3795 Ἐϐραῖδος
1322 3726 1568 3794 γλώττης
1599 3727 1677 3787 είς
1733 3727 1832 3792 τὴν

286 3825 511 3878 Ἐλλάδα
546 3820 996 3892 μεταφρασθῆναι
1030 3834 1045 3850 ·
1078 3818 1249 3871 πολλά
1304 3818 1412 3887 γὰρ
1454 3815 1561 3870 τῶν
1621 3818 1833 3884 ἐκείνης

277 3916 585 3985 ἰδιωμάτων
608 3913 780 3985 ταύτῃ
813 3912 913 3964 οὐκ
999 3947 1015 3962 .
1094 3949 1107 3964 .
1190 3950 1201 3961 .
1281 3909 1501 3978 μόζεται
1537 3924 1548 3936 ·
1581 3910 1704 3961 ὅθεν
1738 3910 1833 3961 καὶ

273 4007 512 4071 ἀσάφεια
549 4002 809 4055 τίκτεται.
841 4000 902 4052 El
933 3998 989 4051 δὲ
1018 4000 1113 4050 καὶ
1143 3997 1300 4057 ἄλλος
1327 3997 1485 4050 ἄλλου
1525 3998 1833 4067 ἀσαφέστε-

278 4115 389 4165 ρος,
415 4093 712 4161 θαυμάζειν
735 4094 793 4144 οὐ
812 4091 913 4161 χρή
943 4106 958 4120 ο
988 4090 1174 4158 ὥσπερ
1191 4091 1288 4159 ἀμ.
1370 4132 1386 4146 .
1461 4127 1478 4143 .
1557 4128 1570 4141 .
1615 4089 1831 4150 Ίσαΐαςν

273 4189 306 4257 ἢ
357 4184 619 4254 Ἰεζεκιὴλ
674 4182 956 4250 Ἰερεμίου.
1006 4180 1296 4248 Πολλαχῶς
1355 4179 1460 4249 γὰρ
1509 4180 1542 4248 ἡ
1595 4178 1833 4245 ἀσάφεια

284 4282 483 4345 γίνεται
518 4291 532 4304 ·
590 4278 622 4346 ἢ
672 4275 758 4327 διὰ
807 4274 905 4342 τὴν
949 4273 1108 4340 φύσιν
1183 4269 1291 4324 τῶν
1355 4271 1830 4341 ὲξαγγελλομένων

278 4370 620 4438 πριγμάτων
646 4380 658 4393 ·
689 4364 874 4434 ὥσπερ
904 4365 1018 4433 ἔχει
1044 4365 1194 4433 παρὰ
1245 4365 1343 4432 μὲν
1395 4366 1603 4429 Μωσεῖ,
1654 4368 1686 4435 ή
1722 4367 1833 4431 ίτῆς

280 4457 634 4525 σκηνοποιίας
657 4456 922 4524 ἐκφρασις
945 4471 959 4485 ⁸
987 4456 1134 4522 παρά
1158 4455 1213 4507 δὲ
1244 4455 1523 4524 Ἰεζεκιὴλ,
1553 4458 1586 4527 ή
1615 4460 1708 4525 τῆς
1746 4456 1835 4507 τοῦ

278 4551 408 4603 ναοῦ
434 4551 592 4601 κατὰ.
673 4590 684 4602 .
765 4588 778 4601 .
860 4586 874 4601 .

277 4641 464 4705 ἀξίους
492 4639 651 4699 ὄντας
688 4638 1034 4705 σαφεστέρων
1096 4638 1314 4692 ἀκούειν
1356 4654 1370 4667 ⁸
1424 4638 1615 4708 ὥσπερ
1673 4641 1766 4692 καὶ
1809 4642 1836 4692 ό

278 4733 484 4798 Κύριος
514 4732 569 4780 ἐν
594 4728 928 4796 παραϐολαῖς
961 4730 1070 4789 τοῖς
1102 4727 1276 4797 ὄχλοις
1306 4730 1415 4799 ὠμί
1491 4769 1505 4783 .
1819 4772 1833 4785 .

174 4873 179 4876 .
277 4824 436 4883 λάκις
480 4820 536 4873 δὲ
559 4820 647 4872 διὰ
674 4820 773 4887 τὴν
796 4818 890 4870 τοῦ
928 4818 1176 4884 λέγοντος
1226 4821 1318 4872 ἐπὶ
1375 4821 1435 4873 τὸ
1471 4823 1835 4890 ἀπαγγέλλειν

282 4910 521 4977 ἰδιότητα
551 4908 759 4973 γίνεται
789 4907 1049 4974 ἀσάφεια.
1091 4908 1179 4969 Ὠς
1211 4910 1305 4961 καὶ
1327 4910 1581 4975 ἐνταῦθα,
1618 4913 1679 4965 τὸ
1738 4914 1836 4979 μὲν

280 4999 505 5067 Πνεῦμα
581 5036 596 5051 .
744 5038 759 5053 .
911 5033 924 5047 .
1077 5038 1089 5051 .
1240 5036 1253 5050 .
1330 5037 1345 5053 .
1377 5000 1674 5052 ὑπέϐαλλεν
1709 5002 1836 5053 ἑκά-

280 5108 394 5159 στῳ
423 5088 531 5141 τῶν
574 5090 862 5157 προφητῶν
893 5105 907 5121 ο
937 5090 1088 5142 αὐτοὶ
1136 5091 1203 5142 δὲ’
1260 5090 1444 5143 λοιπὸν
1496 5094 1835 5163 ἀπήγγελλον

276 5182 353 5245 ὡς
387 5182 616 5241 ἕκαστος
654 5178 883 5247 ἠδύνατο
916 5180 984 5232 τὰ
1020 5180 1113 5232 τοῦ
1144 5182 1207 5234 Π.
1359 5222 1371 5234 .
1524 5222 1538 5235 .
1690 5221 1703 5236 .
1818 5225 1831 5237 .

274 5274 390 5334 τοῖς
429 5272 615 5333 αὐτοῖς
652 5269 869 5340 εχρῆτο.
946 5270 1213 5340 Καθάπερ
1240 5272 1273 5339 ἡ
1292 5270 1399 5323 τῶν
1423 5272 1692 5339 δαιμόνων
1716 5275 1835 5326 επί-

277 5380 439 5415 πνοια
472 5378 486 5393 ’
510 5363 625 5416 ἀλλ’
654 5361 918 5430 ἠϐούλετο
939 5362 1134 5423 αὐτοὺς
1164 5365 1255 5415 καὶ
1278 5364 1504 5429 γινώοκ.

276 5492 291 5505 .
446 5490 461 5505 .
609 5492 622 5505 .
770 5491 786 5506 .
930 5454 1021 5505 καὶ
1053 5454 1189 5518 μετά
1218 5456 1314 5521 τῆς
1364 5455 1568 5518 οἰκείας
1611 5457 1833 5527 γνώμης

276 5542 494 5595 ἅπαντα
518 5541 695 5611 λέγειν
724 5561 737 5573 ·
774 5545 848 5614 μὴ
896 5546 1000 5614 γὰρ
1029 5544 1092 5613 δὴ
1131 5546 1255 5607 τοὺς
1278 5545 1369 5598 τοῦ
1399 5546 1558 5600 ἀθέου
1624 5551 1834 5602 Maura.-

276 5632 369 5685 νοῦ
401 5632 449 5685 λ.

605 5743 694 5787 τος
723 5728 846 5787 τοὺς
881 5729 1163 5796 προφήτας
1228 5730 1621 5797 κατεχομένους
1682 5730 1833 5799 παρὰ

276 5813 459 5875 Θεοῦ.
544 5818 619 5886 μὴ
698 5818 893 5871 tios-ur.
955 5820 989 5871 ἃ
1056 5821 1287 5884 λέγουσι.
1368 5821 1475 5874 Ποῦ
1554 5822 1661 5891 γὰρ
1734 5822 1831 5892 θή-

927 3312 941 3327 .
1019 3272 1197 3343 βίϐλον
1230 3290 1244 3303 ⁸
1284 3273 1333 3326 oi
1362 3273 1418 3326 δὲ
1442 3239 1712 3343 τέσσαρες.
1756 3274 1829 3335 ὡς
1862 3239 1899 3296 c

2010 2463 2124 2517 Non
2160 2465 2339 2519 omnis
2372 2476 2548 2519 autem
2582 2466 2762 2518 divina
2828 2464 3108 2531 pr0pbetia
3138 2462 3340 2530 scripta
3375 2471 3455 2515 est
3480 2504 3494 2527 ,

1939 2554 2204 2611 innumeri
2240 2557 2437 2627 quippe
2470 2557 2560 2611 alii
2593 2555 2866 2610 vaticinati
2928 2562 3079 2611 sunt.
3110 2570 3342 2621 quorum
3369 2569 3492 2606 ora-

1936 2648 2055 2701 cula
2079 2649 2298 2716 scriptis
2323 2649 2578 2701 mandata
2601 2663 2710 2701 non
2770 2648 3014 2702 fuerunt.
3072 2646 3110 2700 li
3148 2661 3331 2714 porro,
3359 2661 3496 2711 quos

1938 2740 1991 2791 in
2024 2737 2280 2793 confesso
2332 2750 2408 2793 est
2454 2748 2575 2809 post
2625 2740 2882 2794 Davidcm
2936 2749 3097 2805 atque
3150 2736 3496 2790 Salomoneiu

1938 2832 2157 2899 scriptis
2189 2831 2408 2885 oracula
2452 2846 2547 2884 sua
2612 2832 2809 2899 populo
2858 2831 3169 2894 tradidisse,
3225 2828 3496 2884 sexdecim

1931 2923 2153 2975 omnino
2185 2933 2496 2987 censentur,
2524 2938 2585 2977 ex
2621 2925 2819 2989 quibus
2847 2923 3132 2978 duodecim
3166 2938 3278 2975 uno
3337 2921 3485 2974 volu-

1931 3014 2073 3067 mine
2099 3014 2466 3077 continentur,
2505 3030 2610 3067 non
2646 3016 2789 3081 quod
2819 3015 3007 3069 eodem
3035 3028 3225 3067 omnes
3254 3022 3497 3079 tempore

1931 3106 2160 3158 vixerint
2181 3104 2289 3173 (alii
2327 3105 2467 3159 enim
2497 3106 2615 3157 aliis
2647 3107 2977 3173 temporibus
3000 3105 3272 3160 vaticinati
3312 3104 3489 3170 sunt),

1932 3195 2025 3249 sed
2048 3196 2175 3263 quia
2208 3210 2382 3262 neque
2433 3195 2646 3249 illorum
2682 3200 2902 3251 oracula
2937 3199 3072 3252 satis
3100 3210 3295 3265 magno
3327 3196 3500 3249 versi-

1933 3287 2177 3340 culorum
2208 3303 2433 3340 numero
2461 3290 2812 3351 constabant,
2868 3304 3041 3357 neque
3098 3291 3299 3357 scripta
3337 3298 3499 3342 tanta

1935 3378 2093 3433 molis
2118 3385 2295 3441 erant,
2322 3388 2382 3431 ut
2443 3381 2652 3447 singula
2705 3381 2947 3449 singulos
3006 3381 3174 3435 libros
3227 3381 3501 3446 complere

1935 3478 2179 3537 possent.
2213 3470 2426 3523 Idcirco
2471 3472 2523 3523 in
2562 3486 2727 3523 unum
2782 3473 2966 3526 omnia
3004 3484 3306 3542 compaCIa,
3341 3472 3499 3526 volu-

1933 3576 2056 3612 men
2086 3578 2256 3614 unum
2289 3564 2717 3616 constituerunt.
2779 3563 3027 3629 Quatuor
3090 3565 3304 3632 reliqui,
3341 3565 3501 3630 longe

1932 3653 2171 3703 omnium
2220 3652 2563 3704 disertissimi
2629 3654 2720 3719 qui
2778 3655 2944 3706 multa
3031 3654 3497 3721 conscripserunt,

1935 3753 2171 3808 quatuor
2198 3740 2351 3793 libris
2401 3741 2832 3809 distinguuntur.
2858 3741 3125 3795 Omnibus
3174 3757 3299 3795 vero
3359 3743 3500 3793 inest

1934 3836 2255 3887 obscuritas.
2282 3848 2401 3884 cum
2434 3836 2575 3901 quod
2612 3834 2810 3887 futuris
2841 3834 2908 3887 de
2939 3834 3101 3887 rebus
3120 3848 3299 3887 sermo
3314 3832 3392 3885 cis
3409 3840 3495 3884 est

1935 3926 2133 3988 (omnis
2160 3923 2301 3974 enim
2337 3924 2611 3989 prmdictio
2674 3939 2893 3976 sensum
2951 3923 3229 3989 presefert
3305 3921 3502 3975 obscu-

1938 4014 2075 4079 rum)
2111 4021 2223 4066 tum
2256 4014 2418 4065 etiam
2452 4013 2577 4079 quia
2609 4015 2835 4067 istorum
2863 4013 3084 4065 oracula
3130 4027 3190 4065 ex
3231 4010 3497 4065 Hebraica

1931 4095 2112 4171 lingua
2145 4102 2198 4155 in
2227 4098 2469 4157 Cra-cam
2506 4105 2767 4159 translata
2808 4113 2957 4165 sunt,
3008 4117 3116 4171 quo
3181 4103 3407 4161 factum,
3442 4108 3501 4153 ut

1936 4195 2116 4247 multae
2142 4194 2287 4248 illius
2318 4195 2678 4262 proprietates
2712 4196 2764 4247 in
2818 4195 2958 4246 banc
3024 4194 3243 4246 invectae
3293 4192 3419 4251 sint,
3446 4197 3499 4242 et

1937 4282 2241 4336 obscuritas
2274 4283 2395 4335 inde
2428 4283 2703 4351 gignatur.
2741 4281 2933 4335 Mirum
2966 4289 3145 4333 autem
3189 4279 3352 4334 videri
3395 4294 3498 4328 non

1937 4376 2115 4436 debet,
2146 4374 2189 4427 si
2221 4373 2357 4427 alius
2382 4373 2451 4426 sit
2478 4376 2769 4427 obscurior
2801 4374 2927 4436 alio,
2968 4383 3026 4425 ut
3048 4371 3238 4432 Isaias,
3265 4370 3346 4422 vel
3369 4368 3499 4420 Eze-

1937 4449 2096 4527 cliiel,
2123 4465 2371 4520 Ieremia.
2406 4465 2557 4531 Sit-pe
2582 4468 2723 4519 enim
2756 4465 3064 4533 obscuritas
3114 4464 3291 4515 Oritur
3325 4461 3407 4513 vel
3433 4476 3497 4512 ex

996 4550 1065 4601 Ἦ
1092 4549 1179 4601 διὰ
1206 4551 1332 4612 τοὺς
1361 4550 1679 4614 ἀκούοντας,
1741 4552 1835 4602 οὐκ

1811 4569 1837 4601 κ
1867 4561 1917 4618 Ι)
1946 4558 2058 4623 ipsa
2095 4572 2273 4610 rerum
2302 4572 2516 4620 natura,
2550 4575 2653 4625 qua
2685 4573 2770 4611 ies
2793 4558 3164 4616 enuntiantur,
3192 4552 3497 4619 cujusmudi

1939 4654 2022 4697 est
2072 4647 2211 4714 apud
2269 4645 2485 4713 Moysen
2541 4647 3008 4699 tabernacalorum
3058 4643 3377 4708 descriptio,
3447 4652 3500 4696 et

1938 4737 2080 4801 apud
2136 4734 2473 4789 Ezecliielem
2532 4737 2716 4803 templi
2775 4736 3155 4787 constructio:
3210 4734 3381 4787 velex
3417 4732 3497 4800 ip-

1937 4827 2128 4880 sisinet
2156 4827 2513 4890 auditoribus,
2546 4828 2636 4895 qui
2671 4829 2816 4894 digni
2848 4842 2950 4879 non
2980 4826 3112 4887 sint,
3144 4826 3344 4893 quibus
3382 4825 3499 4878 cla-

1938 4917 2052 4970 rius
2079 4917 2296 4969 oracula
2325 4921 2630 4975 tradantur,
2665 4915 3128 4983 quemadmodum
3158 4922 3214 4967 et
3240 4912 3497 4964 Dominus

1937 5021 2029 5075 per
2066 5008 2348 5075 parabolas
2376 5008 2548 5059 turbis
2583 5007 2926 5074 loquebatur.
2969 5004 3119 5073 Saepe
3146 5005 3269 5057 item
3302 5003 3498 5054 obscu-

1937 5100 2071 5153 ritas
2095 5100 2265 5151 uritur
2295 5114 2358 5151 ex
2386 5113 2451 5151 eo
2501 5097 2592 5165 qui
2644 5097 2904 5165 loquitur,
2938 5095 3063 5148 dunt
3097 5094 3234 5147 alius
3285 5092 3385 5144 alia
3416 5092 3495 5142 ln-

1937 5192 2137 5258 quendi
2184 5191 2390 5243 ratione
2420 5189 2618 5243 futuris
2649 5186 3148 5258 praeannuntiandis
3200 5186 3387 5239 utitur.
3424 5181 3493 5235 Ut

1936 5290 1988 5332 et
2014 5281 2113 5332 boc
2144 5281 2259 5331 loco
2284 5279 2510 5344 singulis
2541 5280 2775 5347 Spiritus
2803 5277 3079 5347 prophetis
3105 5277 3347 5338 dictavit,
3370 5288 3491 5343 qua:

1815 5405 1829 5419 ι
1939 5376 2306 5441 loquerentur,
2342 5388 2461 5440 qua?
2492 5374 2590 5436 ipsi
2619 5383 2801 5436 p05tea
2831 5386 2927 5440 pro
2961 5371 3073 5423 suis
3102 5370 3329 5437 quisque
3359 5368 3488 5420 viri-

1938 5466 2036 5519 bus
2065 5464 2385 5516 annuuliut‘e
2410 5469 2688 5530 caeperunt
