4254 6442
782 355 882 423 571
1656 366 2224 428 ΤΠΕΟΡΙΙΥΙΛΟΤΙ
2278 369 2370 426 BU
2385 369 2462 427 LG

2341 369 2682 428 .JI.GAI{[/E
2711 371 3059 432 AHCHIEP.
3906 371 4021 434 57?.

2329 515 2342 528 .
2379 483 2416 534 Α
2450 493 2574 544 σομ.
2681 518 2696 534 .
2846 519 2859 532 .
3011 519 3027 534 .
3177 521 3188 533 .
3338 519 3354 534 .
3501 520 3517 537 .
3665 521 3680 535 .
3833 520 3846 533 .
4007 525 4022 535 .

2095 607 2107 619 .
2331 605 2344 618 .
2452 598 2468 611 ο
2617 601 2632 615 .
2782 606 2795 619 .
2892 570 3159 632 στόματος
3190 585 3201 598 ·
3238 569 3338 620 ποῦ
3378 568 3544 632 δὲτὸ,
3584 569 3761 637 Οὑμὴ
3787 569 4023 638 ποιήσῃ

1461 655 1515 722 6
1695 692 1710 708 .
1893 694 1910 710 .
2094 696 2105 708 .
2331 695 2344 710 .
2451 655 2686 725 nam;
2721 659 2957 728 Κύριος,
3021 661 3114 712 ἐὰν
3157 661 3518 729 μὴὰποκαλυ.
3666 699 3682 714 .
3834 698 3850 714 .
4007 698 4024 712 .

3765 790 3778 803 .
3855 749 4025 817 ἀνόησ

2332 885 2345 898 .
2448 852 2537 890 τος
2615 834 2692 904 τῷ
2761 836 2872 891 ὄντι
2948 843 2976 892 ὁ
3061 838 3236 906 λέγων
3290 841 3535 903 ἐκείνους
3609 840 3855 910 πρώτους
3945 837 4025 907 μὴ

2329 970 2345 986 .
2449 931 2588 981 νοεῖν
2615 930 2650 983 ἃ
2666 931 2700 986 ⁵.

3113 1067 3127 1081 .
3230 1048 3257 1080 ν
3279 1029 3477 1097 γνῶσιν
3517 1025 3893 1096 ἀφαιρεῖσθαι.
3925 1023 4017 1076 καὶ

2330 1154 2344 1168 .
2449 1115 2548 1185 τὴν
2576 1118 3032 1189 προῦπάρχουπαν
3065 1120 3232 1174 αὐτοῦ
3336 1160 3351 1175 .

2326 1338 2343 1355 .
2452 1340 2468 1356 .
2617 1342 2632 1357 .
2799 1306 3008 1374 ὠφελὲς
3035 1310 3148 1372 τοῖς
3174 1307 3525 1378 προσέχουσι,
3556 1305 3908 1375 συμφήσαιεν
3956 1301 4025 1353 ἂν

2331 1431 2348 1447 .
2451 1396 2555 1466 ήμί

2788 1619 2802 1634 .
2835 1580 3060 1644 σθέντας
3107 1582 3259 1651 παρὰ
3311 1580 3509 1649 Δανιὴλ
3563 1579 3786 1649 χρόνους
3830 1573 4026 1646 ἔτυχόν

2329 1704 2345 1720 .
2450 1685 2595 1731 τινες
2617 1669 2752 1733 ὅλως
2783 1688 2864 1724 τοι

2335 1885 2349 1899 -
2388 1823 2428 1878 Β
2455 1894 2470 1909 .
2624 1895 2641 1911 .
2787 1894 2801 1909 .
2951 1896 2966 1912 .
3113 1894 3130 1910 .
3277 1891 3294 1909 .
3442 1895 3456 1910 .
3542 1870 3572 1906 ν
3604 1852 3735 1922 ἡμῖν
3777 1849 4027 1916 Ἑϐραῖοι

2334 1974 2347 1989 ·
2451 1953 2649 2009 οὐκοῦν
2686 1951 2739 2004 οἴ
2765 1967 2826 2018 γε
2861 1946 3319 2017 ἐνπατικὼτερον
3349 1964 3409 2001 το
3512 1983 3529 2000 .

2620 2178 2634 2192 .
2782 2175 2798 2191 .
2947 2174 2963 2190 .
3117 2174 3132 2189 .
3280 2175 3294 2189 .
3445 2169 3460 2186 .
3612 2174 3626 2187 .
3783 2166 3798 2180 .
3933 2126 4028 2177 καὶ

2333 2246 2347 2262 ⁸
2453 2181 2716 2299 ἧτοῦτου
2784 2230 3103 2301 ὁμότροπος,
3155 2231 3247 2282 καὶ
3317 2225 3609 2296 ὁμόζυγος.
3657 2221 3767 2277 Καὶ
3826 2221 3855 2273 ὁ
3927 2235 4028 2270 και

2333 2341 2349 2356 ·
2452 2324 2562 2387 λδς.

2459 2545 2476 2563 ο
2623 2549 2635 2560 .
2791 2545 2806 2560 .
2953 2545 2969 2561 .
3117 2546 3133 2562 .
3280 2543 3295 2559 .
3471 2538 3489 2555 .
3665 2541 3676 2552 .
3827 2496 3896 2548 τὰ
3931 2494 4028 2546 καὶ

2332 2613 2348 2630 ⁹
2455 2600 2488 2668 ἡ
2531 2599 2626 2652 τοῦ
2645 2599 2848 2670 Κυρίου
2890 2601 3110 2670 Μήτηρ,
3144 2597 3239 2652 καὶ
3270 2593 3506 2664 Σιμεὼν,
3548 2593 3643 2646 καὶ
3677 2594 3876 2650 Ἄννα,
3932 2591 4026 2640 καὶ

2334 2705 2534 2762 ’μη

2457 2819 2474 2837 ο
2622 2820 2637 2836 ο
2785 2823 2799 2837 ο
2950 2822 2965 2838 ο
3117 2824 3131 2836 ο
3278 2820 3293 2835 ο
3458 2819 3473 2833 σ
3621 2819 3634 2830 -
3811 2819 3825 2826 -
4016 2819 4029 2824 -

2459 2914 2475 2931 ο
2624 2913 2640 2928 ο
2787 2913 2802 2926 ο
2951 2914 2966 2928 ο
3115 2914 3130 2928 ο
3279 2909 3296 2927 ο
3443 2908 3459 2924 ο
3607 2908 3621 2922 ο
3773 2905 3786 2917 ο
3857 2865 3868 2883 '
3882 2880 4029 2915 ππον

2334 2981 2350 2998 ο
2457 2964 2721 3035 θυγάτηρ.
2764 2963 2980 3026 ’Λπλῶς
3010 2979 3068 3016 τε
3109 2964 3236 3017 οῑιν
3262 2962 3470 3032 ἑκάστῃ
3505 2957 3689 3012 Ἐκκλ.

1020 3229 4028 3293 ὀσοοοο........ὡςῐῖαὖλος

2336 3341 2354 3359 ⁸
2455 3279 2545 3384 ἑιὰ
2569 3276 3098 3399 πολλῶνομαρτορεί.
3113 3278 3397 3395 σἘὃραῖοι.

2339 3723 2356 3739 ο
2552 3640 2646 3746 καὶ
2668 3639 2962 3763 προῷἡτηκὶ
2993 3691 3135 3762 μετὰ
3165 3691 3292 3751 τοὺς
3328 3689 3477 3758 παρὰ
3508 3688 3586 3758 τῷ
3673 3727 3686 3740 .

2960 4091 2975 4107 .
3032 4070 3122 4116 τα,
3152 4057 3244 4106 καὶ
3271 4055 3347 4124 τῷ
3373 4051 3644 4118 ἀξιώματι
3678 4051 4023 4117 ἐπισημόταο

2341 4172 2357 4188 ο
2458 4161 2551 4197 τον

3115 4358 3140 4387 5

3609 4416 3744 4466 ’νται
3767 4428 3777 4440 '
3813 4415 3930 4465 ἀλλ’
3979 4418 4032 4466 δ-

2342 4536 2359 4551 .
2393 4492 2438 4547 D
2465 4519 2517 4554 τι
2546 4500 2643 4572 μὲν
2670 4503 2764 4554 καὶ
2793 4509 2928 4570 μετὰ
2966 4503 3063 4571 τὴν
3093 4503 3185 4554 τοῦ
3214 4503 3412 4572 Κυρέου
3441 4504 3606 4569 ἀνάλη
3653 4540 3667 4554 .

3625 4812 3641 4826 .
3686 4789 3808 4835 πεν,
3834 4770 4028 4825 00x0?-

2345 4904 2360 4920 .
2465 4881 2564 4933 μαι
2601 4862 2742 4926 τινὲς
2762 4865 2944 4933 ἀντερ.
2982 4880 3074 4916 τοσ
3123 4901 3137 4915 .

2462 5174 2480 5190 .
2624 5170 2642 5188 .
2791 5172 2805 5187 .
2953 5174 2968 5189 .
3117 5172 3133 5188 .
3285 5135 3314 5186 ὁ
3346 5135 3442 5203 μὲν
3466 5136 3561 5188 καὶ
3584 5136 3651 5188 δι’
3674 5135 3840 5197 ἄλλας
3872 5140 4023 5198 τινας

2342 5265 2356 5279 .
2459 5226 2932 5296 ἀπρῤητοτέρους
2963 5225 3172 5290 αἰτίας⁹,
3219 5225 3387 5295 εἰδείη
3433 5224 3502 5279 ἂν
3539 5229 3567 5279 ὁ
3611 5227 3820 5279 τούτων
3849 5229 4025 5279 διανο-

2343 5356 2357 5370 .
2464 5316 2597 5383 μεὺς
2622 5316 2972 5384 Παράκλητος
3005 5331 3020 5346 ·
3047 5315 3172 5367 ὅσον
3196 5314 3240 5367 δ’
3266 5313 3363 5368 οὖν
3402 5317 3482 5378 εἰς
3513 5317 3658 5384 ἡμᾶς
3701 5312 3802 5386 ἧκε
3838 5317 3925 5368 διὰ
3967 5318 4024 5369 τὸ

2342 5447 2356 5462 .
2460 5408 2560 5474 τῆς
2588 5406 2823 5468 πίστεως
2856 5405 2956 5474 ἤδη
2987 5404 3227 5474 βέσαιον.
3263 5405 3353 5467 Ὠς
3394 5406 3503 5476 γὰρ
3556 5407 3606 5458 οἱ
3661 5408 3770 5458 τῶν
3822 5409 4024 5471 ἀψίδων

2340 5541 2354 5556 .
2461 5500 2764 5570 οἰκοδόμοι,
2835 5503 3124 5567 νεοπαγεῖς
3177 5499 3278 5569 μὲν
3319 5501 3482 5564 οὔσας
3533 5503 4020 5572 ὑποστηρίξουσιν,

2346 5632 2358 5645 .
2463 5591 2761 5660 ἐρείσματὰ
2787 5608 2909 5642 τινα
2932 5591 3370 5659 ὑπεμὸἀλλοντες
3395 5608 3407 5620 ”
3439 5594 3657 5646 ἐπειδὰν
3697 5594 3754 5646 δὲ
3803 5597 4022 5660 παγςίεν

2344 5723 2358 5739 ,
2466 5682 2682 5746 ἱκανῶς,
2718 5681 3100 5750 ὑπεξαιροῦσιν
3140 5685 3319 5735 ἐκεῖνα
3350 5699 3363 5712 ⁸
3396 5681 3540 5735 οὕτω
3594 5685 3697 5738 κάν
3743 5687 3862 5745 ταῖς
3912 5685 4022 5735 Ἐκ-

2343 5812 2355 5827 .
2465 5775 2738 5844 πλησίαις,
2772 5775 3105 5845 ἀρτιπαγσιῦς
3173 5778 3267 5843 μὲν
3301 5777 3461 5845 οὔσης
3495 5777 3587 5845 τῆς
3640 5779 3894 5840 nixum,
3923 5779 4026 5832 ἒτὶει
