4254 6442
777 381 886 440 5Ἱ9

1670 385 2242 448 THEOPHYLACTI
2281 390 2577 450 BUIJ’MR
2590 393 2607 450 l
2622 391 2673 449 .‘E
2732 394 2767 452 Α
2778 395 2893 456 Illi;
2907 399 3078 461 lIEl’.

3915 402 4023 464 580

775 490 930 545 deret
967 490 1209 560 jusscrat
1243 494 1404 563 Deus,
1452 511 1625 568 eaque
1658 500 1726 555 de
1756 514 1921 556 causa
1952 500 2348 558 condemnatus
2377 520 2420 573 Α

2342 522 2348 557 ι
2377 520 2420 573 Α
2454 506 2634 560 αἱνετο
2661 510 2723 561 ἐκ
2746 510 2968 580 ταύτης,
2991 513 3072 565 ὅτι
3099 514 3231 584 μηδὲ
3253 513 3407 578 Θεῖς,
3436 511 3611 566 συνὼν
3636 516 3701 584 τῇ
3733 513 4022 583 ἀκολάστῳ

771 591 855 633 est
880 580 925 612 "
964 598 979 646 ;
1019 596 1140 635 cum
1175 583 1350 653 ipsum
1387 599 1576 657 postea
1611 590 1888 644 interemit
1924 591 2167 654 Samuel,
2206 591 2344 645 Deo-

771 684 878 738 que
912 682 1201 742 propterea
1232 677 1459 744 placuit.
1494 679 1672 733 Simili
1706 682 1919 734 ratione
1943 683 2207 751 prepheta
2234 700 2340 738 non

769 760 997 816 libidine
1052 777 1266 833 captus,
1316 769 1411 823 sed
1454 784 1711 838 supremo
1768 770 1862 827 Dei
1902 772 2058 841 jussu
2123 774 2339 839 ductus,

771 854 1118 909 meretricem
1149 874 1370 914 uxorem
1394 861 1566 927 ducit,
1600 878 1777 932 neque
1809 874 2094 934 propterea
2133 881 2191 920 se
2220 881 2344 921 cor-

766 958 977 1015 pusque
1016 959 1176 1002 suum
1207 950 1419 1019 polluit.
1453 953 1925 1027 Quemadmodum
1956 970 2133 1024 neque
2165 957 2342 1027 pollu-

766 1042 856 1089 tus
916 1033 1060 1091 Deus
1111 1048 1218 1104 est,
1271 1056 1395 1094 eum
1447 1056 1571 1097 sese
1611 1025 1908 1112 impudica:
1961 1043 2336 1101 lsraelitarum

767 1125 1066 1197 Synagogte
1103 1129 1441 1197 permiscuit.
1484 1129 1563 1186 Ita
1611 1132 1656 1186 si
1709 1132 1851 1186 adsit
1892 1133 2054 1198 ratio,
2106 1144 2340 1188 exornat

766 1232 886 1282 qua:
928 1227 1214 1287 geruntur,
1248 1222 1461 1274 etiarnsi
1513 1222 1693 1275 utinus
1725 1222 1953 1277 honesta
1983 1224 2112 1278 sint.
2149 1222 2338 1280 Seduli

766 1321 985 1377 quoque
1037 1310 1138 1363 viri
1183 1310 1403 1368 animus
1442 1314 1751 1383 cupidinem
1801 1316 2138 1370 meretricem
2196 1316 2341 1388 [quze

765 1401 975 1468 pridem
1010 1402 1083 1455 ita
1117 1403 1391 1459 eﬂ‘renatze
1440 1406 1691 1475 corporis
1718 1408 1981 1476 voluptati
2031 1425 2089 1464 se
2109 1412 2337 1477 dedidit,

766 1497 825 1542 ut
850 1491 899 1544 ei
938 1494 1104 1547 stulte
1141 1494 1212 1547 ita
1254 1493 1459 1559 dedita,
1515 1513 1681 1550 unum
1730 1506 1898 1566 atque
1925 1498 2065 1553 idem
2099 1516 2221 1554 cum
2250 1502 2340 1557 ille

763 1594 886 1636 esse
906 1582 1227 1648 videretur],
1243 1585 1386 1650 talis,
1409 1586 1653 1656 inquam,
1684 1589 1918 1643 hominis
1930 1592 2166 1658 animus,
2184 1594 2339 1662 cupi-

764 1670 944 1725 dinem
1002 1678 1345 1730 meretricem
1396 1693 1620 1732 uxorem
1663 1680 1765 1734 sibi
1811 1679 1983 1745 du‘eit,
2023 1684 2187 1752 eique
2217 1700 2340 1753 per-

765 1768 917 1816 suad.
939 1772 979 1827 t,
1024 1775 1082 1819 ut
1115 1782 1271 1822 suam
1306 1770 1630 1837 dignitatem
1667 1773 2092 1843 contempletur,
2123 1776 2341 1846 sibique

2447 597 2561 649 τῶν
2619 600 2970 670 Ἰσραηλιτῶν
3007 605 3327 677 Συναγωγῇ.
3371 605 3556 668 Οὕτως
3603 606 3729 659 ἔνθα
3771 605 3839 660 ἂν
3868 610 4019 677 παρῇ

2445 688 2474 739 ὁ
2516 687 2670 756 λόγος
2714 693 2826 755 τοῖς
2869 695 3194 763 γινομένοις,
3235 699 3431 765 κοσμεῖ
3454 696 3643 761 ταῦτα,
3684 698 3787 749 κᾶν
3841 696 4021 759 ἄλλως

2443 778 2663 851 ἄκοσμα
2709 781 2839 839 εἷεν.
2899 788 3005 838 Καὶ
3060 791 3088 841 ὁ
3132 789 3254 852 νοῦς
3302 791 3358 843 δὲ
3418 790 3512 842 τοῦ
3572 788 3883 852 σπουδαῖον,
3918 791 4021 860 τὴν

2443 874 2650 945 πόρνην
2682 876 2957 948 αἴσθησιν,
3016 882 3258 951 ἀνοήτως
3321 884 3587 954 πρότερον
3640 885 4021 954 ὲγκεχυμέντ,ν

2446 962 2509 1035 [Γ.
2536 967 2748 1039 ὲκκεχ.]
2784 970 2877 1022 ἐπὶ
2921 975 3030 1025 πᾶν
3067 974 3326 1045 αἰσθητὸν
3367 976 3490 1044 ήδῦ,
3538 976 3631 1028 καὶ
3662 975 3837 1045 τούτῳ
3872 991 4021 1043 συμ-

2445 1058 2821 1132 πλεκομένην,
2857 1064 2950 1117 καὶ
2979 1064 3038 1117 ἓν
3070 1066 3206 1137 πρὸς
3235 1069 3367 1120 αὐτὸ
3402 1069 3715 1139 γινομένην,
3748 1068 4021 1138 λαμϐάνει

2442 1149 2621 1221 ἑαυτῷ
2648 1156 2901 1219 γυναῖκα,
2948 1156 3152 1211 πείθων
3184 1161 3324 1212 νοεῖν
3362 1159 3424 1212 τὸ
3459 1159 3623 1213 αὑτοῦ
3653 1158 3893 1230 ἀξίωμα.
3922 1160 4020 1211 κ;ὶ

2443 1238 2595 1309 αὐτῷ
2627 1244 3061 1311 συμπλέκεσθαι,
3106 1248 3201 1299 καὶ
3233 1247 3309 1317 μὴ
3359 1247 3674 1302 ἀπατᾶσθαι
3703 1248 3780 1317 τῷ
3828 1264 4019 1315 φαινο-

2444 1329 2593 1399 μένῳ
2639 1334 2885 1403 σχήματι
2922 1336 3032 1389 τῶν
3071 1339 3365 1409 αἰσθητῶν,
3414 1339 3550 1394 ἀλλά
3594 1342 3878 1394 κατανοεῖν
3920 1341 4020 1409 τὴν

2440 1419 2621 1474 αὐτῶν
2684 1422 2883 1489 φύσιν,
2945 1428 3027 1479 ὅτι
3062 1428 3327 1498 παροδική
3385 1431 3540 1494 ἐστι,
3604 1430 3699 1483 καὶ
3760 1433 4019 1496 ἄστατος,

2441 1508 2630 1581 ὥσπερ
2683 1513 2779 1567 καὶ
2840 1517 2900 1568 αἱ
2958 1522 3212 1588 πορνικαὶ
3264 1520 3565 1589 περικοπαὶ
3612 1520 3711 1591 (7),
3769 1521 4017 1586 ἄπιστοι,

2443 1601 2537 1652 καὶ
2562 1601 2808 1658 ἀϐέϐαιοι
2841 1621 2854 1636 ⁸
2901 1608 3199 1663 κάντεῦθεν
3223 1611 3510 1677 διδάσκων,
3551 1613 3691 1682 μήτε
3720 1615 3833 1675 τοῖς
3864 1613 4019 1682 ἡδέσι

2442 1694 2794 1760 χαυνοῦσθαι,
2845 1700 2986 1769 μήτε
3033 1702 3143 1764 τοῖς
3180 1700 3448 1771 λυπηροῖς
3489 1701 3874 1767 καταπίπτειν,
3924 1703 4017 1755 διὰ

2440 1784 2501 1836 τὸ
2529 1786 2586 1838 ὲν
2607 1786 2942 1857 ἀμφοτέροις
2981 1791 3367 1862 ὀλιγοχρόνιον.

762 1856 1017 1927 conjungi
1089 1862 1235 1915 velit.
1285 1860 1576 1933 Monetque
1641 1876 1901 1935 przeterea
1931 1905 1949 1932 ,
1998 1882 2067 1922 ne
2166 1868 2347 1924 fallaci
2386 1872 2652 1930 bonorum
2716 1856 3271 1954 sensibiliumspeeie
3302 1889 3496 1959 seipsa
3522 1889 3697 1960 decipi
3726 1891 4008 1961 patiatur;

763 1951 857 2003 scil
895 1952 1295 2009 animadvertat
1337 1956 1483 2011 bona
1513 1957 1628 2011 haec
1674 1970 1870 2014 natura
1900 1976 2000 2017 sua
2040 1962 2180 2017 vieta
2215 1978 2337 2018 esse
2377 1976 2540 2035 atque
2568 1971 2794 2036 caduca,
2824 1985 2881 2028 ut
2911 1990 2964 2029 et
2990 1978 3286 2034 meretricii
3313 1982 3597 2051 amplexus
3658 1984 3809 2038 inildi
3881 2000 4016 2054 sun;

762 2044 1198 2114 instabilesque:
1257 2058 1544 2119 preptcrea
1606 2066 1671 2106 ne
1710 2052 1977 2121 jucundis
2043 2055 2098 2110 in
2177 2056 2344 2113 rebus
2381 2058 2658 2128 eﬂ‘eratur,
2709 2081 2847 2123 neve
2892 2068 2947 2122 in
2972 2068 3221 2125 adversis
3280 2070 3472 2129 dolore
3515 2073 3818 2145 frangatur.
3881 2090 4012 2130 cum

761 2146 992 2206 utraque
1020 2138 1130 2192 cito
1156 2138 1489 2199 dilabantur.

829 2229 908 2284 Eo
930 2232 1066 2299 quod
1095 2232 1365 2300 fornicati:
1406 2236 1761 2302 [ornicabitur
1793 2249 1933 2294 terra
1974 2241 2208 2309 Domini,
2240 2261 2322 2299 re-
2358 2256 2400 2314 Β
2497 2274 2509 2303 Α

2358 2256 2400 2314 Β
2497 2252 2649 2304 Διότι
2685 2250 3138 2319 ἐκπυρνεύουσα
3176 2256 3636 2324 ἐκπορνεύσειεν
3688 2260 3727 2326 ἠ
3784 2258 3862 2327 γῆ
3890 2257 4013 2314 ἀπὸ

758 2319 879 2375 licio
928 2337 1009 2375 eo.
1064 2322 1301 2378 Verbum
1364 2325 1781 2399 Ἐκπορνεύσειε
1834 2348 1931 2401 pro
1979 2333 2333 2405 Ἐξετιόρνευ-

764 2427 859 2464 σεν
922 2425 1240 2485 usurpatur.
1298 2418 1549 2472 Scortata
1616 2431 1720 2484 est,
1779 2424 1875 2489 ait,
1916 2426 2015 2495 ιι
2080 2427 2334 2483 universa

762 2499 1187 2557 lsraeliticarum
1248 2505 1487 2559 tribumn
1556 2512 1708 2579 regio
1760 2528 1775 2577 ;
1843 2513 2056 2569 Domini
2122 2518 2335 2572 scilicet

756 2591 983 2647 ductum
1015 2594 1525 2660 detrectans,idolis
1571 2616 1690 2655 sese
1716 2602 1940 2659 dedidit.
1973 2606 2170 2663 Eadem
2198 2610 2336 2664 forte

758 2699 863 2738 vox
892 2686 958 2739 ad
998 2686 1245 2741 futurum
1279 2702 1494 2758 tempus
1530 2693 1859 2751 declinatur.
1888 2696 1989 2753 Per
2021 2702 2124 2755 hoc
2148 2712 2328 2758 autem

761 2774 990 2831 innuero
1038 2778 1197 2832 nobis
1250 2781 1424 2834 voluit
1466 2781 1776 2838 Judarorum
1812 2788 1863 2839 in
1897 2788 2186 2845 Dominum
2232 2810 2333 2849 no—

758 2874 932 2918 strum
960 2864 1146 2921 Jcsum
1182 2868 1464 2924 Christum
1498 2876 1800 2942 perlidiam,
1830 2878 1922 2944 qui
1960 2886 2105 2934 terra
2140 2878 2332 2938 merito

757 2957 864 3011 dici
901 2968 1143 3027 possent,
1172 2975 1297 3015 cum
1328 2978 1504 3033 neque
1545 2967 1780 3021 sublime
1814 2970 2130 3040 quidquam,
2160 2990 2334 3044 neque

758 3051 986 3105 caeleste
1020 3052 1261 3122 cogitare
1301 3055 1491 3109 velint.
1530 3056 1765 3112 Tantum
1799 3070 1982 3116 autem
2025 3063 2238 3129 aberat,
2276 3076 2333 3120 ut

759 3142 795 3195 ii
848 3142 1124 3197 Christum
1185 3160 1583 3215 sequerentur,
1641 3160 1698 3203 ut
1751 3152 1888 3207 alios
1939 3156 2141 3222 potius,
2207 3174 2330 3212 eum

756 3246 1066 3303 sequentes,
1113 3252 1235 3292 cum
1297 3240 1561 3303 viderent,
1607 3258 1750 3313 aegre
1800 3248 2063 3310 ferentes,
2103 3250 2243 3303 alius
2266 3252 2330 3303 ad

755 3325 923 3378 alium
952 3327 1265 3397 indignatus
1288 3331 1492 3385 diceret
1524 3331 1663 3396 :En,
1701 3337 1936 3391 mundus
1967 3354 2094 3392 eum
2124 3355 2332 3395 cense-

754 3427 999 3473 etantur.
1042 3419 1179 3473 Cum
1230 3437 1382 3491 ergo,
1435 3428 1528 3493 qui
1581 3426 1737 3481 inibis
1774 3429 1936 3491 inest,
1971 3431 2190 3496 humus,
2234 3448 2329 3488 seu

758 3507 964 3563 humile
1001 3525 1200 3579 corpus
1251 3523 1520 3577 nostrum,
1569 3518 1681 3571 veri
1732 3518 1968 3579 Domini,
2003 3521 2095 3589 qui
2139 3531 2327 3575 natura

2437 2341 2687 2396 ὄπισθεν
2736 2346 2977 2411 Κυρίου.
3026 2346 3120 2407 Τὸ,
3163 2347 3679 2413 Ἐκπομνεύσειεν,
3735 2350 3857 2401 ἀντὶ
3890 2349 4012 2412 τοῦ,

2447 2430 2839 2502 Ἐξεπὸρνευσε
2873 2436 3023 2489 πᾶσα
3053 2438 3086 2506 ἡ
3122 2436 3195 2508 γῆ
3217 2438 3326 2491 τῶν
3365 2438 3773 2509 Ἰσραηλιτικῶν
3798 2441 4007 2509 φυλῶν·

2435 2526 2733 2587 τουτέστιν,
2760 2526 3035 2597 ἐξετράπη
3058 2528 3167 2581 ἀπὸ
3192 2528 3286 2582 τοῦ
3320 2530 3630 2584 ἀκολουθεῖν
3678 2530 3756 2602 τῷ
3790 2532 4008 2602 Κυρίῳ.

2435 2617 2531 2669 καὶ
2571 2618 2813 2682 εἰδώλοις
2864 2620 3221 2691 ἠκολούθησε.
3261 2624 3486 2694 Μήποτε
3535 2624 3591 2677 δὲ
3646 2626 3742 2677 καὶ
3801 2627 3880 2686 el;
3946 2625 4011 2676 τὸ

2438 2707 2631 2776 μέλλον
2661 2710 2972 2777 ἐγκέκλιται
3016 2714 3049 2782 ἡ
3096 2713 3262 2778 λέξις.
3314 2716 3539 2767 Δίδωσιν
3599 2716 3732 2785 ἡμῖν
3777 2717 3808 2768 ὀ
3846 2715 4008 2780 λόγος

2434 2802 2574 2850 νοεῖν
2604 2800 2702 2869 τὴν
2737 2803 2872 2871 πρὸς
2916 2804 3006 2856 τὸν
3050 2804 3254 2874 Κύριον
3301 2806 3459 2876 ἡμῶν
3516 2806 3720 2876 Ἰησοῦν
3764 2806 4008 2875 Χριστὸν

2434 2888 2762 2943 ἀσυνθεσίαν
2789 2892 2898 2945 τῶν
2953 2891 3248 2957 Ἰουδαίων,
3290 2894 3341 2948 οἳ
3382 2894 3453 2964 γῆ
3502 2895 3743 2965 λεχθεῖεν
3786 2895 3875 2956 ἂν,
3927 2896 4003 2958 ὼς

2438 2981 2601 3050 μηδὲν
2660 2981 2862 3051 ὑψηλὸν
2924 2986 3020 3037 καὶ
3066 2986 3318 3055 οὐράνιον
3372 2987 3575 3040 ἐννοεῖν
3622 2986 4002 3056 ἐθελήσαντες.

2434 3066 2596 3124 υῦτοι
2616 3073 2794 3126 τοίνυν
2819 3075 3075 3126 τοσούτου
3111 3075 3410 3145 ἐδεήθησαν
3435 3074 3797 3143 ἀκολουθῆσαι
3828 3076 4007 3127 ὀπέσω

2434 3161 2695 3229 Χριστοῦ,
2741 3161 2883 3215 ὥστε
2931 3164 3024 3216 καλ⁸
3067 3163 3260 3227 ἄλλους
3300 3163 3727 3227 ἀκολουθοῦντας
3767 3164 4006 3232 ὁρῶντες

2434 3250 2641 3319 ελεγον,
2696 3253 2976 3322 μανιωδῶς
3024 3254 3431 3323 σχετλιάζοντες
3456 3272 3471 3285 '
3534 3255 3683 3315 Ἰδοὺ,
3726 3256 3755 3306 ὁ
3796 3254 4005 3322 κόσμος

2432 3342 2608 3393 ὀπίσω
2664 3342 2833 3396 αὑτοῦ
2887 3341 3110 3411 ὑπάγει.
3178 3345 3345 3397 Ὀταν
3387 3343 3484 3413 μὲν
3525 3342 3617 3396 οῦν
3664 3344 3696 3411 ἡ
3748 3343 3809 3395 ὲν
3867 3346 4005 3411 ἡμῖν

2435 3431 2531 3500 γῆ,
2556 3432 2677 3502 ἦτοι
2696 3431 2757 3485 τὸ
2790 3433 2952 3504 σῶμα
2977 3434 3077 3502 τῆς
3105 3434 3489 3497 ταπεινώσεως
3513 3433 3696 3504 ἡμῶν,
3729 3433 4003 3504 ἀκολουθῇ

2432 3522 2509 3591 τῷ
2547 3522 2786 3594 ἀληθινῷ
2816 3526 3084 3596 Δεσπότῃ,
3131 3526 3225 3577 καὶ
3273 3526 3431 3593 φύσει
3472 3526 3683 3595 Κυρίῳ,
3728 3524 3825 3577 καὶ
3866 3525 4000 3593 αἴρῃ

754 3614 854 3652 sua
893 3600 1019 3654 talis
1074 3611 1181 3664 est,
1218 3603 1441 3657 ductum
1483 3608 1761 3676 sequitur,
1806 3610 2053 3680 tollitque
2108 3627 2326 3667 crucem
2355 3597 2434 3655 σε

2321 3597 2400 3666 lc
2431 3613 2523 3665 τὸν
2580 3617 2813 3685 σταυρὸν
2870 3616 3058 3680 αὑτοῦ,
3115 3616 3331 3687 λεχθείη
3393 3616 3459 3669 ἀν
3516 3618 3605 3669 ἐπ’
3654 3616 3793 3685 αὐτῇ
3837 3631 3853 3646 ·
3888 3615 4001 3668 Τοῦ

753 3689 898 3757 ejus,
951 3701 1065 3745 tum
1125 3694 1191 3747 de
1220 3693 1340 3763 ipso
1400 3698 1595 3751 merito
1626 3697 1734 3752 dici
1766 3708 1945 3768 potest
1975 3719 1987 3754 :
2025 3701 2327 3758 Deminiest

755 3789 895 3833 terra
918 3792 967 3835 et
999 3784 1266 3851 plenitudo
1293 3786 1453 3854 ejus“
1472 3787 1501 3820 “
1541 3785 1815 3858 [corporis
1832 3800 2013 3845 autem
2048 3794 2328 3862 plenitudo

756 3870 871 3925 sive
905 3872 1169 3941 perfectio
1198 3876 1302 3929 sita
1328 3886 1413 3931 est
1448 3878 1499 3929 in
1529 3879 1789 3935 membris
1812 3896 1931 3948 qua:
1961 3883 2141 3952 ipsmn
2166 3885 2328 3953 perfi-

754 3962 953 4035 ciunt],
971 3980 1095 4018 cum
1113 3974 1300 4019 contra
1322 3965 1606 4021 Dominum
1625 3967 1858 4024 Verbum
1872 3973 2023 4042 sequi
2040 3973 2323 4040 detrectat,

754 4056 1185 4125 alienigenarum
1215 4058 1522 4113 dannonum
1558 4070 1703 4115 terra
1731 4063 1838 4117 dici
1894 4066 2088 4120 merito
2122 4077 2322 4137 potest.

828 4146 992 4201 Vatis.
1028 4151 1080 4213 5,
1111 4150 1165 4203 4.
1205 4147 1272 4201 Et
1327 4152 1559 4214 abiit,et
1618 4155 1817 4222 accepit
1881 4153 2093 4221 Gomer,
2149 4159 2322 4227 ﬁliam

755 4236 1041 4304 Decilaim,
1072 4251 1120 4294 et
1157 4243 1410 4311 concepit,
1435 4252 1484 4296 et
1517 4245 1715 4311 peperit
1760 4246 1808 4299 ei
1850 4246 2047 4314 ﬁliuni,
2086 4249 2325 4319 dixitque

752 4328 1013 4384 Dominus
1046 4333 1115 4385 ad
1148 4333 1353 4400 ipsum:
1398 4333 1535 4388 Voca
1571 4352 1760 4390 nomen
1794 4337 1904 4405 ejus
1934 4337 2165 4395 Jezrael.
2200 4341 2325 4397 llaec

754 4421 939 4489 reipsa
964 4433 1116 4476 vates
1146 4424 1278 4493 egit,
1333 4426 1570 4490 etiamsi,
1615 4436 1673 4481 ut
1728 4442 1894 4497 supra
1953 4431 2159 4485 dictum
2215 4444 2321 4500 est,

754 4507 967 4565 Hebraei
996 4512 1125 4564 talia
1156 4527 1282 4567 vere
1313 4515 1636 4584 prophetam
1688 4517 1866 4585 egisse
1920 4531 2141 4589 negent,
2200 4538 2324 4578 vere

753 4600 858 4669 ipsi
888 4602 1042 4656 stulti
1080 4618 1092 4653 :
1132 4618 1258 4656 eum
1293 4604 1436 4658 enim
1493 4607 1757 4675 propheta
1808 4610 2098 4667 manifeste
2152 4613 2318 4679 dicat,

754 4692 875 4745 Abii
908 4701 957 4745 et
981 4694 1179 4759 accepi,
1202 4694 1500 4762 quomodo,
1538 4696 1621 4751 vel
1648 4698 1695 4751 si
1724 4708 1923 4752 cratera
1955 4702 2138 4755 omnia
2182 4702 2320 4757 l‘alsa

754 4782 962 4847 forent,
998 4782 1050 4836 id
1088 4783 1292 4837 factum
1325 4784 1424 4855 ipsi
1457 4786 1693 4857 negent?
1723 4788 1820 4841 Per
1843 4805 1905 4843 ea
1939 4807 2068 4845 vero
2094 4792 2321 4848 inuuere

2432 3706 2655 3771 Κυρίου
2682 3705 2721 3771 ὴ
2749 3704 2863 3774 τῆ,
2896 3709 2990 3759 καὶ
3024 3709 3088 3760 τὸ
3123 3706 3413 3775 ultumum
3444 3703 3634 3772 αὐτῆς
3668 3720 3683 3735 ’
3722 3703 4003 3775 πλήρωμα

2430 3795 2488 3847 δὲ
2517 3797 2610 3849 τοῦ
2646 3797 2922 3867 σώματος,
2959 3799 3029 3853 τὰ
3060 3800 3221 3868 μέλη,
3256 3800 3325 3851 τά
3353 3795 3782 3867 συμπληροῦντα
3816 3797 3952 3848 αὐτά
3984 3812 3999 3825 ⁸

2428 3887 2555 3940 ὅταν
2588 3889 2643 3941 δὲ
2674 3890 2774 3942 οὐκ
2820 3889 3087 3960 ἀκολουθῇ
3127 3890 3205 3959 τῷ
3233 3890 3390 3958 φύσει
3422 3889 3668 3960 Δεσπότῃ
3704 3889 3864 3958 Λόγῳ
3895 3890 4000 3958 (8).

2430 3981 2500 4049 γῆ
2526 3982 2591 4033 ἂν
2626 3980 2842 4051 λεχθείη
2878 3981 2985 4034 τῶν
3011 3970 3324 4050 ἀλλοφύλων
3350 3977 3640 4050 δαιμόνων.

2499 4157 2607 4211 Kal
2638 4156 2955 4223 ἐπορεύθη.
2985 4158 3083 4210 καὶ
3114 4157 3291 4210 ἔλαϐε
3317 4156 3433 4222 τὴν
3460 4155 3672 4224 Γομὲρ,
3700 4157 3937 4223 mirare,
3960 4173 3999 4207 ιι

2427 4250 2758 4319 Δεπιλαεὶμ,
2785 4254 2882 4302 καὶ
2923 4249 3244 4314 συνέλαϐε,
3272 4250 3367 4303 καὶ
3407 4251 3613 4303 ἔτεκεν
3636 4248 3796 4312 αὐτῷ
3837 4250 3996 4309 vit‘r,

2426 4342 2525 4393 καὶ
2564 4337 2695 4393 εἷπε
2724 4343 2939 4408 Κύριος
2966 4343 3115 4409 πρὸς
3147 4343 3333 4394 αὐτόν
3359 4356 3374 4372 ·
3400 4339 3675 4395 Κάλεσον
3706 4341 3770 4391 τὸ
3805 4338 3997 4407 ὄνομα

2424 4432 2612 4484 αὑτοῦ
2668 4432 2941 4498 Ἰεᾷαέλ.
3004 4433 3061 4484 Ὀ
3117 4432 3214 4499 μὲν
3244 4436 3528 4500 προφήτης
3588 4430 3761 4483 ἐποίει
3830 4430 3997 4481 ταῦτα

2426 4522 2718 4591 αἰσθητῶς,
2746 4524 2868 4583 κέν,
2896 4522 2967 4583 ὡς
2994 4524 3087 4575 καί
3113 4524 3369 4587 ἀνωτέρω
3393 4525 3629 4591 εἴρηται,
3657 4522 3706 4572 oi
3749 4519 3996 4590 Ἑϐραῖοι

2426 4615 2488 4666 οὐ
2523 4612 2787 4682 δέχωνται
2821 4612 2957 4674 ὅλως
2979 4612 3039 4663 τὸ
3062 4612 3282 4663 τοιαῦτα
3304 4610 3703 4681 διαπράξασθαι
3733 4610 3825 4662 τὸν
3853 4628 3995 4679 προ-

2425 4705 2626 4774 φήτην,
2656 4703 2876 4771 ἀνόητοι
2900 4703 3068 4764 ὅντως
3098 4703 3156 4773 [ι’.
3199 4702 3372 4773 ὄντες]
3401 4718 3413 4730 ·
3446 4701 3541 4753 τοῦ
3570 4703 3676 4769 γαρ
3708 4702 3992 4770 προφήτου

2427 4796 2613 4864 σαφῶς
2668 4795 2940 4859 λέγοντος,
3001 4795 3378 4860 Ἑπορεύθην,
3435 4793 3533 4845 καὶ
3585 4792 3828 4856 ἔλαϐον,
3875 4794 3991 4853 πᾶς

752 4870 916 4926 nobis
944 4873 1114 4927 voluit
1142 4872 1286 4928 Deus
1305 4872 1615 4929 Iudaeorum
1642 4876 2003 4949 Synagogam,
2040 4896 2163 4951 qua:
2195 4884 2314 4951 plu-
2351 4920 2394 4976 ο
2425 4908 2432 4935 ι

2310 4911 2314 4921 ν
2351 4920 2394 4976 D
2425 4904 2593 4956 φασιν
2642 4888 2796 4940 αὐτοὶ
2829 4888 2904 4956 μὴ
2948 4885 3201 4953 γενέσθαι
3238 4885 3300 4937 τὸ
3347 4886 3618 4976 πρᾶγμας
3658 4882 3729 4976 Ἦ
3776 4883 3873 4935 καὶ
3902 4884 3990 4976 ei

751 4979 841 5017 res
873 4965 1007 5018 deos
1040 4965 1340 5035 impensius
1369 4969 1595 5033 coleret,
1624 4983 1689 5022 ex
1725 4985 1855 5039 qua,
1901 4973 2045 5041 quod
2073 4972 2141 5027 ad
2190 4989 2311 5028 car-

751 5068 875 5107 nem
902 5055 1115 5122 attinet,
1138 5059 1352 5126 genitus
1374 5067 1458 5113 est
1477 5059 1750 5127 Christus,
1775 5062 1865 5131 qui
1888 5060 2098 5118 Jezrael
2118 5068 2314 5119 merito

751 5143 973 5210 dicitur,
1006 5162 1128 5200 eum
1156 5147 1299 5202 idem
1328 5163 1392 5203 ac
1417 5148 1572 5205 Satio
1599 5150 1720 5219 Dei,
1755 5170 1950 5208 nomen
1984 5155 2087 5208 hoc
2133 5166 2311 5224 sonet,

751 5233 1136 5306 Christumque
1168 5242 1409 5310 Spiritus
1446 5244 1621 5297 sancti
1650 5246 1849 5299 virtute
1872 5247 2112 5316 genitum
2145 5248 2313 5304 fuisse

755 5337 991 5384 constat.
1022 5330 1105 5383 Ad
1137 5331 1249 5385 hac
1279 5332 1325 5386 si
1362 5334 1599 5389 hominis
1628 5337 1847 5391 animus
1883 5350 2162 5410 assumpta
2203 5343 2311 5395 sibi

826 5459 869 5489 "
900 5458 1205 5533 lﬂeg.vm,
1228 5466 1316 5520 22.
1399 5468 1619 5523 "‘Psal.
1642 5488 1797 5537 xxiii,
1829 5474 1886 5526 l.

2421 4981 2555 5034 ἄλλα
2585 4979 2764 5032 πάντα
2806 4977 3000 5047 ψευδῆ.
3040 4978 3311 5047 ’ῌνίττετο
3344 4976 3401 5027 δὲ
3428 4975 3524 5045 τὴν
3560 4974 3667 5027 τῶν
3717 4974 3990 5026 Ἰουδαίιον

2421 5071 2773 5140 Συναγωγὴν,
2803 5072 2900 5138 τὴν
2918 5070 2997 5131 είς
3028 5066 3319 5120 πολυθεῖαν
3353 5066 3673 5133 ὲγχυθείσαν
3720 5064 3781 5134 [ί.
3814 5067 3917 5133 ἐκχ
3948 5064 3983 5134 j.

2420 5161 2481 5224 ἐξ
2501 5156 2566 5232 ἧς
2597 5161 2858 5230 ἐγεννήθη
2885 5159 3139 5227 Χριστὸς,
3167 5157 3227 5210 τὸ
3255 5158 3395 5210 κατά
3420 5158 3617 5225 σάρκα,
3643 5156 3700 5217 ὃς
3742 5155 3987 5221 Ἰεζραελ

2420 5253 2802 5324 ἑρμηνεύεται.
2861 5250 2950 5316 Ἐξ
3005 5250 3161 5319 ἁγίου
3202 5250 3261 5303 δὲ
3308 5249 3624 5317 Πνεύματος
3674 5251 3702 5299 ὁ
3752 5248 3988 5317 Χριστος

2426 5346 2766 5414 γεγέννηται.
2810 5343 2968 5397 ’Λλλά
2997 5342 3090 5396 καὶ
3128 5342 3178 5394 εί
3221 5358 3273 5394 τι
3323 5342 3352 5393 ὀ
3398 5340 3521 5402 νοῦς
3568 5340 3843 5407 γεννήσει,
3889 5358 3988 5406 την

2055 5564 2250 5625 Varia:
2292 5565 2589 5626 lectiones
2632 5576 2691 5626 et
2734 5573 2921 5626 nota).

820 5659 898 5730 (7)
927 5658 1018 5735 _Sic
1044 5664 1248 5735 codex;
1272 5678 1387 5735 ego
1407 5672 1585 5719 tamen
1625 5665 1973 5720 scribendum
2005 5677 2133 5735 puto
2160 5683 2312 5733 περι-

752 5728 969 5795 πλοκαί,
1000 5734 1242 5801 adeoque
1261 5728 1471 5789 re'ddidi
1497 5735 1789 5802 amplexus.

2494 5670 2569 5731 (ὃ)
2610 5668 2662 5718 .Si
2702 5668 2816 5719 haec
2842 5667 2909 5718 de
2940 5664 3172 5721 naturali
3200 5670 3406 5724 ratione
3459 5666 3803 5736 intelligenda
3855 5671 3981 5739 quis

2414 5744 2584 5804 putet,
2615 5753 2718 5789 non
2747 5750 3007 5805 repugno.
