4254 6442
807 405 909 465 583

1690 395 2262 456 ΤΠΕΟΡΠΥΙΛΠΤΙ
2314 393 2714 454 BULGARUE
2755 397 3102 457 ARCIIIEP.

2370 393 2714 454 ULGARUE
2755 397 3102 457 ARCIIIEP.
3927 397 4005 459 58
4026 399 4050 458 ι

807 514 1016 571 11ιοὶπιιι⁶
1075 529 1182 567 non
1225 512 1540 570 utebantur,
1569 518 1766 577 praeter
1813 510 2082 579 impurum
2140 506 2284 562 Esau
2316 519 2370 560 et
2401 514 2445 568 Α
2477 525 2487 559 ι

2401 514 2445 568 Α
2477 511 2570 560 καὶ
2596 512 2645 562 oi
2677 512 3097 581 εὐδοκιμώτεροι
3147 511 3408 580 Ἑϐραῖοι,
3451 511 3548 563 οὐκ
3575 513 3812 581 ἐχρῶντο
3839 514 4051 583 τούτῳ,

806 608 948 661 lilios
981 605 1248 675 Ephrtem,
1309 601 1400 669 qui
1468 609 1521 654 et
1571 615 1732 656 arcus
1787 601 2026 665 tendere,
2087 608 2141 654 et
2189 600 2368 670 jacula

808 698 1024 751 vibrare
1081 697 1479 748 Consueverant
1510 691 1575 743 ¹⁶.
1639 691 1698 744 In
1730 691 1864 743 valle
1916 699 2094 744 autem
2159 689 2372 743 Jezrael

807 789 1216 841 confracturum
1244 798 1302 837 se
1334 796 1520 834 areum
1551 781 1712 836 istum
1755 783 1910 844 dixit,
1951 798 2059 849 quo
2093 783 2370 835 auditores

806 876 1300 934 commonefaceret
1334 875 1539 927 Achabi
1569 873 1737 935 necis,
1767 890 1869 943 qua
1895 877 1964 928 ob
1988 874 2368 938 idololatriam,

807 973 1050 1038 aliasque
1090 967 1409 1037 iniquitates
1434 966 1661 1019 allectus
1691 975 1797 1030 est,
1830 966 2102 1034 situulque
2130 965 2372 1017 deterre-

809 1072 890 1116 ret
924 1063 994 1115 ab
1025 1059 1335 1115 istiusmodi
1373 1057 1592 1127 flagitiis
1650 1057 1771 1122 ejus
1805 1056 2043 1109 asseclas
2091 1055 2370 1109 aemulato-

807 1165 1023 1219 resque.
1057 1148 1378 1201 Vindicatus
1419 1146 1545 1200 item
1595 1155 1680 1199 est
1735 1147 1959 1213 sanguis
2007 1144 2232 1207 Christi,
2276 1143 2366 1212 qui

806 1257 934 1294 vere
961 1238 1168 1292 Jezracl
1199 1245 1303 1298 est,
1343 1246 1401 1288 ιιι
1427 1236 1686 1296 diximus,
1723 1235 1887 1299 paulo
1915 1243 2034 1301 post
2066 1233 2185 1301 ejus
2223 1248 2371 1286 nter-

807 1343 934 1395 tem,
969 1329 1236 1399 siquidem
1258 1327 1472 1398 penitus
1498 1326 1658 1380 deleti
1688 1335 1840 1389 sunt,
1881 1326 1972 1394 qui
2013 1325 2320 1378 clamarunt
2352 1341 2367 1379 :

806 1422 1036 1492 Sanguis
1077 1423 1191 1491 ejus
1240 1439 1396 1490 super
1427 1439 1541 1480 uos,
1597 1427 1646 1470 et
1696 1435 1850 1483 super
1891 1417 2031 1484 ﬁlios
2079 1417 2366 1471 nostros".

810 1513 1010 1567 Vallem
1045 1521 1224 1567 autem
1251 1512 1460 1566 Jt-zracl
1490 1512 1727 1580 intelligo
1747 1510 1952 1566 Christi
1984 1509 2366 1579 abjectionem,

806 1609 1377 1676 lmmiliationemque.
1399 1615 1512 1659 tttm
1549 1605 1708 1672 hujus
1733 1605 1905 1674 ipsius
1931 1604 2367 1657 tumulationem.

805 1698 1098 1768 Postquam
1151 1700 1297 1751 enim
1354 1711 1436 1750 se'
1471 1698 1585 1766 ipse
1648 1697 1886 1757 demisit,
1956 1694 2369 1762 humiliavitque

803 1803 978 1857 usque
1010 1789 1074 1841 ad
1099 1804 1340 1849 crucem,
1374 1789 1728 1856 sepultusque
1770 1787 1866 1839 fuit
1889 1825 1902 1849 ,
1957 1795 2068 1856 tum
2099 1784 2366 1853 confregit

805 1895 993 1933 arcum
1031 1881 1217 1944 Israel,
1252 1881 1474 1933 stultam
1530 1882 1741 1934 scilicet
1792 1881 1843 1932 in
1882 1881 2015 1948 legis
2057 1882 2233 1933 littera
2281 1880 2366 1947 ja-

803 1973 1087 2034 ctantiam,
1113 1987 1410 2041 eorumque
1455 1971 1782 2034 calumnias,
1833 1971 2030 2039 quibus
2093 1985 2238 2034 eum,
2287 1971 2362 2024 uti

807 2063 896 2116 Dei
925 2062 1325 2127 adversarium,
1373 2072 1630 2132 tanquam
1684 2063 1943 2123 arcubus,
1981 2060 2360 2115 confoderunt.

801 2153 976 2208 Grave
1015 2154 1284 2222 'pt'nlecto
1334 2155 1514 2208 scelus
1543 2164 1626 2208 est
1678 2169 1770 2222 per
1827 2154 2052 2206 insidias
2097 2152 2365 2221 conligere

799 2243 976 2296 virum
1036 2243 1137 2312 13
1182 2244 1543 2296 innocentem.
1599 2241 1831 2296 Prorsus
1882 2251 2060 2294 autem
2106 2242 2365 2296 innocens

803 2343 942 2396 erat,
973 2335 1066 2402 qui
1094 2345 1367 2402 peccatum
1391 2351 1492 2387 nou
1517 2334 1762 2398 habebat,
1799 2348 1960 2400 neque
2002 2331 2156 2384 dolus
2183 2332 2365 2384 invene

805 2434 887 2476 lus
913 2433 990 2477 est
1024 2426 1077 2476 in
1107 2441 1194 2478 ore
1230 2425 1344 2492 ejus
1368 2425 1432 2488 ‘3,
1496 2433 1552 2476 ut
1604 2433 1657 2478 et
1702 2423 1817 2492 ipse
1872 2423 1941 2476 de
1992 2437 2050 2477 se
2095 2431 2365 2476 testatur:

805 2517 937 2581 Quis
971 2531 1035 2570 ea:
1057 2518 1197 2570 vobis
1217 2526 1398 2585 arguet
1423 2532 1502 2570 me
1533 2516 1596 2569 de
1619 2525 1828 2582 peccato
1861 2513 1941 2566 "‘l
1972 2513 2029 2567 lu
2055 2513 2214 2568 nobis
2238 2514 2366 2568 item

801 2607 1158 2673 exstinguunt
1190 2606 1280 2660 Dei
1316 2607 1522 2661 semina
1557 2607 1808 2658 humanae
1829 2604 2210 2672 cogitationes,
2247 2618 2368 2671 quae

804 2697 1024 2766 quidem
1059 2697 1349 2766 plurimum
1408 2697 1613 2766 pollere
1663 2696 1936 2758 videntur,
1998 2701 2051 2746 et
2101 2691 2366 2761 quodam-

805 2790 969 2842 modo
1026 2802 1257 2857 regnare
1310 2788 1715 2857 dominariqtte,
1765 2795 1852 2848 et,
1911 2786 2180 2855 quosdam
2223 2783 2368 2838 velut

804 2893 989 2943 arcus,
1019 2889 1271 2934 contorta
1311 2880 1650 2948 sephismata
1711 2891 1936 2947 gerere;
1970 2877 2063 2931 sed
2121 2876 2174 2928 in
2209 2866 2365 2937 valle,

805 2968 974 3024 divini
1033 2970 1242 3024 scilicet
1306 2967 1463 3022 Verbi
1527 2967 1930 3030 humiliatione,
1987 2973 2366 3019 conteruntur.

805 3059 1026 3115 Inlirma
1060 3061 1204 3115 enim
1238 3076 1466 3130 quaeque
1501 3060 1613 3123 Dei,
1649 3058 1881 3112 humana
1921 3065 2117 3112 cuneta
2143 3055 2369 3109 consilio

805 3152 1182 3221 sapientiaque
1215 3159 1473 3219 superant
1501 3150 1588 3203 "'.

878 3242 1042 3294 Vens.
1069 3246 1119 3295 6.
1165 3240 1512 3310 Coucepitque
1545 3241 1744 3305 adhuc,
1785 3249 1832 3294 et
1867 3241 2064 3309 peperit
2098 3239 2287 3307 ﬁliam,
2322 3248 2369 3288 et

804 3334 942 3386 dixit
979 3335 1116 3400 ipsi:
1190 3333 1328 3386 Voca
1361 3350 1546 3387 nomen
1587 3335 1723 3398 eius,
1779 3331 1900 3385 Non
1955 3333 2369 3385 misericordiam

804 3436 1176 3480 consecutam:
1213 3435 1489 3494 propterea
1537 3427 1675 3494 quod
1728 3442 1832 3480 non
1873 3425 2100 3493 amplius
2151 3425 2367 3487 addam,

804 3525 862 3567 ut
894 3517 1146 3569 miserear
1172 3517 1359 3569 domus
1397 3515 1596 3581 Israel,
1623 3517 1712 3571 sed
1741 3516 2024 3569 adversam
2054 3515 2371 3568 adversatur

804 3608 936 3662 illis.
973 3608 1182 3661 Dictum
1218 3609 1320 3663 hoc
1354 3610 1701 3676 perspicuum
1762 3618 1868 3662 est.
1910 3607 2172 3660 Futurum
2227 3606 2369 3658 enim

805 3698 966 3750 dot-ct
998 3705 1169 3762 vates,
1197 3707 1257 3752 ut
1278 3700 1540 3754 adversus
1567 3699 1821 3753 lsraelem
1845 3699 1990 3781 Deus
2007 3713 2115 3752 non
2138 3696 2371 3766 amplius

807 3788 962 3841 solita
997 3788 1332 3858 benignitate
1383 3797 1601 3854 utatur;
1634 3792 1727 3844 sed
1761 3791 1814 3842 in
1871 3805 1994 3842 eum
2052 3788 2258 3857 potius,
2293 3788 2369 3839 uti

805 3881 1060 3933 rebellem
1112 3888 1167 3934 et
1221 3881 1504 3936 inimicum
1549 3881 1987 3941 animadvertat;
2045 3881 2205 3948 idque
2263 3895 2370 3932 non

805 3971 1020 4033 leviter,
1057 3971 1152 4025 sed
1184 3974 1475 4037 acerrime,
1499 3983 1557 4025 ut
1578 3971 1864 4026 ostendunt
1894 3987 1978 4036 ca,
2003 3981 2056 4024 et
2075 3971 2369 4024 Adrersans

807 4059 1125 4113 adversabor
1149 4061 1245 4114 eis.
1273 4060 1465 4114 Filiam
1499 4077 1626 4114 vero
1657 4060 1779 4114 Non
1809 4061 2225 4114 misericordiam
2243 4075 2371 4112 con-

806 4161 1034 4203 secutum
1062 4151 1364 4219 intelligere
1398 4151 1681 4207 commode
1719 4153 1923 4220 poteris
1958 4163 2008 4206 et
2057 4150 2369 4204 Iudaeorum

807 4244 1054 4309 stirpem,
1093 4257 1214 4310 quae
1239 4252 1362 4310 post
1397 4242 1602 4297 Christi
1653 4242 2140 4312 peregrinationem
2182 4257 2368 4309 super-

807 4343 917 4387 stes
975 4333 1096 4396 l'uit,
1160 4348 1325 4400 quam
1383 4333 1524 4386 haud
1583 4333 1817 4402 amplius
1874 4334 2128 4388 misertus
2188 4332 2368 4396 Pater,

809 4425 1009 4476 acriter
1031 4434 1357 4491 perSecutus
1382 4433 1487 4490 est,
1525 4424 1670 4492 quod
1705 4424 1826 4492 ejus
1858 4423 2052 4476 Filium
2075 4425 2177 4491 ‘per
2219 4424 2368 4489 inju-

806 4516 942 4568 riam
979 4514 1331 4584 perdidisset.
1355 4514 1411 4568 In
1443 4517 1640 4570 mentis
1659 4530 1878 4585 quoque
1905 4525 2106 4570 nostra:
2130 4529 2372 4568 commo-

810 4608 1071 4672 tionibus,
1149 4608 1194 4661 si
1261 4623 1356 4677 tua
1414 4606 1646 4662 feminea
1712 4611 1816 4670 sit,
1890 4608 2154 4678 appetitui
2213 4607 2371 4676 plane

805 4699 1020 4763 similis,
1084 4700 1361 4767 multaque
1417 4700 1671 4766 praedita
1704 4699 2093 4764 imbecillitate,
2157 4708 2215 4753 ut
2261 4715 2368 4753 non

806 4791 991 4842 omnia
1027 4804 1122 4858 per
1150 4805 1280 4845 suos
1305 4791 1725 4844 conﬁrmantem
1753 4790 2056 4861 discipulos
2093 4791 2367 4844 Christum

806 4882 1012 4950 possit,
1046 4881 1187 4934 haud
1217 4882 1390 4950 ipsius
1418 4884 1708 4936 miseretur
1731 4883 1873 4937 Deus
1895 4890 2078 4937 noster
2107 4882 2367 4946 Verbum,

809 4972 905 5026 sed
939 4971 990 5026 ei
1024 4972 1261 5026 maxime
1296 4973 1601 5026 reluctatur
1632 4975 2085 5043 adversaturque.

882 5063 1046 5118 Vsus.
1073 5063 1126 5119 7.
1162 5062 1430 5118 Filiorum
1459 5076 1634 5118 autem
1657 5065 1806 5118 Juda
1841 5065 2144 5131 miserebor,
2165 5076 2215 5120 et
2244 5082 2370 5120 con-

810 5157 1026 5210 servabo
1057 5158 1197 5224 ipsos
1230 5158 1281 5209 in
1323 5158 1546 5208 Domino
1580 5156 1688 5210 Deo
1722 5173 1839 5210 suo.
1895 5155 2005 5211 Nec
2035 5158 2253 5212 servabo
2284 5172 2372 5211 eos

812 5249 866 5301 in
892 5266 1042 5313 arcu,
1072 5264 1232 5319 neque
1270 5249 1470 5318 gladio,
1503 5267 1662 5319 neque
1703 5250 1859 5312 bello,
1899 5266 2060 5318 neque
2104 5250 2371 5315 curribus,

813 5353 976 5406 neque
1015 5339 1068 5390 in
1097 5340 1266 5407 equis,
1315 5355 1476 5408 neque
1508 5340 1560 5390 iu
1603 5341 1886 5408 equitibus.
1928 5341 2088 5394 Clare
2131 5355 2227 5408 per
2259 5339 2375 5395 haec

811 5429 1072 5488 ostendit.
1108 5445 1227 5498 qua:
1267 5430 1320 5483 in
1378 5431 1728 5484 Seuacherim
1793 5431 1949 5485 clade
1997 5430 2374 5499 contigerunt;

814 5534 878 5572 ea
913 5519 1112 5588 quippe
1136 5528 1453 5590 tempestate
1477 5523 1603 5575 victi
1629 5532 1757 5576 sunt
1797 5523 2025 5591 Assyrii,
2081 5537 2192 5576 non
2237 5537 2377 5593 prae-

813 5611 889 5665 lio
916 5613 1048 5676 ullo,
1085 5628 1258 5682 neque
1325 5613 1434 5666 ullo
1473 5611 1758 5677 conﬂictu.
1807 5613 1901 5668 sed
1960 5614 2202 5683 angelica
2257 5622 2379 5667 tan-

889 5789 931 5823 “
966 5787 1107 5845 Psal.
1152 5806 1354 5860 Lxxvtt,
1397 5794 1448 5846 7.

2472 601 2519 650 ει
2563 601 2639 669 μὴ
2680 602 2786 668 ἄρα
2829 602 2856 651 ὁ
2919 601 3111 664 Ἡσαῦ,
3150 604 3177 654 ὁ
3221 600 3468 670 βέϐηλος,
3503 602 3595 652 καὶ
3630 602 3737 653 υἱοὶ
3775 602 4057 670 Ἐφραὶμ,

2471 691 2816 753 ἐντείνοντες,
2881 693 2973 744 καὶ
3031 691 3312 760 βάλλοντες
3377 696 3488 754 τοῖς
3538 691 3736 756 τόξοις.
3805 692 3910 746 Ἐν
3970 690 4056 758 τῇ

2471 783 2706 834 κοιλάδι
2748 783 2800 835 δὲ
2836 783 2942 836 τοῦ
2989 782 3239 851 Ἰεᾷαὲλ
3279 779 3398 835 εἶπε
3432 785 3737 854 συντρίψειν
3777 787 3834 836 τι)
3862 785 4054 850 τόξον,

2471 873 2556 923 ἵνα
2625 874 2718 925 τοῦ
2753 875 2915 941 φόνου
2962 875 3055 926 τοῦ
3090 875 3304 944 ·’Λχαά6
3352 876 3661 948 ἀναμνήσῃ,
3690 876 3781 929 τοῦ
3813 878 3901 929 διὰ
3943 878 4057 946 τὴν

2470 963 2907 1033 είδωλολατρείαν
2939 969 3031 1017 καὶ
3085 967 3182 1029 τὰς
3207 967 3373 1030 ἄλλας
3400 968 3613 1030 ἀδικίας
3650 969 4055 1031 ἐπανελθόντος

2470 1055 2639 1124 αὐτῷ,
2678 1055 2770 1107 καὶ
2803 1056 2961 1126 πείσῃ
3024 1058 3130 1108 τῶν
3183 1059 3312 1111 ῐσων
3365 1059 3542 1128 ἔργων
3576 1059 3875 1127 ἀποστῆναι
3911 1062 4053 1122 τοῦς

2470 1145 2678 1198 ἐκείνου
2704 1148 2967 1215 ζηλωτάς.
3015 1150 3332 1220 Ἐξεδικήθη
3361 1150 3417 1202 δὲ
3463 1151 3555 1203 καὶ
3610 1151 3668 1202 τὸ
3702 1146 3837 1218 αἷμα
3898 1153 4051 1218 Χριο

2473 1237 2619 1303 στοῦ,
2644 1239 2735 1290 τοῦ
2762 1238 2837 1308 τῷ
2867 1239 2979 1291 ὄντι
3020 1240 3276 1308 Ὶεζραὲλ,
3311 1242 3386 1304 ὼς
3426 1242 3662 1310 εἴρηται,
3700 1244 3821 1311 μετ’
3855 1243 4052 1309 ὀλίγον

2471 1330 2657 1399 καιρὸν
2678 1329 2772 1382 τοῦ
2801 1330 3031 1383 θανάτου
3059 1332 3223 1385 αὑτοῦ
3249 1332 3593 1403 πανωλεθρίᾳ
3621 1334 4051 1402 παραδοθέντων

2469 1423 2576 1474 τῶν
2606 1423 2868 1474 εἰπόντων
2894 1439 2906 1450 ·
2949 1423 3018 1475 Tt}
3071 1420 3215 1492 αἷμα
3245 1424 3431 1478 αὐτοῦ
3470 1425 3562 1491 ἐφ’
3593 1423 3766 1492 ἡμᾶς,
3807 1425 3906 1475 καὶ
3941 1425 4049 1475 ἐπὶ

2467 1511 2539 1564 τὰ
2565 1510 2749 1563 τέκνα
2783 1509 2966 1578 ἡμῶν.
2997 1513 3230 1564 Κοιλάδα
3253 1513 3308 1565 δὲ
3350 1513 3607 1577 Ἰεζραὲλ,
3627 1514 3724 1583 τὴν
3759 1515 4047 1580 συγκατα-

2469 1603 2628 1655 6ασιν
2693 1604 2933 1671 Χριστοῦ
2985 1606 3078 1656 καὶ
3135 1605 3463 1657 ταπείνωσιν
3519 1607 3647 1669 νόει,
3702 1608 3796 1658 καὶ
3835 1607 3939 1673 τὴν
3984 1606 4051 1656 ἐν

2467 1694 2544 1764 τῷ
2582 1695 2832 1765 μνημείῳ
2869 1697 3184 1750 κατάθεσιν.
3231 1697 3587 1764 summa;
3633 1697 3760 1765 γὰρ,
3803 1698 3899 1749 καὶ
3945 1713 4051 1749 τι-

2477 1786 2765 1849 πεινωθεῖς
2803 1788 2930 1857 ἄχρι
2973 1787 3229 1858 σταυροῦ,
3273 1789 3367 1840 καὶ
3412 1790 3621 1855 ταφεὶς,
3662 1790 3720 1841 τὸ
3758 1789 3912 1852 τόξον
3943 1789 4048 1840 τοῦ

2482 1877 2696 1947 Ἰσραὴλ
2735 1877 3044 1947 συνέτριψε,
3087 1878 3333 1930 τουτέστι
3376 1880 3473 1948 τὴν
3508 1880 3729 1932 σκολιὰν
3765 1881 3949 1932 αὐτῶν
3985 1882 4049 1930 ἐν

2465 1966 2544 2037 τῷ
2576 1968 2866 2038 γράμματι
2885 1967 2978 2020 τοῦ
3010 1969 3176 2037 νόμου
3209 1970 3499 2039 καύχησιν,
3527 1972 3740 2033 καὶτὰς
3764 1987 4052 2037 συκοφαν-

2465 2056 2605 2121 τίας,
2643 2057 2708 2121 ἃς
2749 2059 3157 2127 ἐσυκοφάντουν
3203 2059 3389 2124 αὑτὸν,
3434 2060 3508 2123 ώς
3547 2060 3810 2123 ἀντίθεον,
3861 2061 4049 2112 ὲντεί⁴

2467 2165 2647 2212 νοντες
2690 2151 2843 2216 τόξον
2891 2151 3093 2204 αὐτῶν.
3145 2152 3384 2220 ῐῐρᾶγμα
3428 2153 3624 2221 πικρὸν
3667 2152 3761 2204 τοῦ
3805 2169 4048 2205 κατατο-

2470 2239 2656 2302 ξεῦσαι
2685 2240 2742 2290 ὲν
2772 2239 3113 2309 ἀποκρύφοις
3152 2240 3383 2310 ἄμωμον
3406 2259 3420 2272 ο
3455 2243 3673 2304 πάντως
3714 2243 3768 2294 δὲ
3806 2243 4048 2312 ἄμωμος

2466 2325 2555 2399 ἦν,
2591 2329 2646 2392 ὃς
2690 2330 2998 2398 Ἀμαρτίαν
3023 2332 3130 2384 οὐκ
3159 2331 3469 2397 ἐποίησεν,
3497 2333 3639 2386 οὐδὲ
3677 2334 3890 2401 εὑρέθη
3935 2332 4045 2384 δό-

2467 2428 2576 2489 λος
2597 2424 2666 2477 ἐν
2696 2422 2774 2488 τῷ
2795 2425 3045 2492 στόματι
3068 2424 3255 2478 αὐτοῦ
3289 2441 3301 2454 ·
3327 2423 3510 2488 καθὼς
3536 2426 3630 2480 καὶ
3659 2427 3819 2490 αὐτὸς
3853 2427 4006 2490 λέγει
4030 2442 4046 2456 °

2471 2516 2565 2581 Τίς
2590 2515 2657 2579 ἐξ
2705 2515 2872 2584 ὑμῶν
2914 2517 3151 2583 ἐλέγχει
3198 2534 3275 2585 με
3317 2517 3450 2585 περὶ
3495 2521 3828 2586 ἀμαρτίαςε
3880 2520 4051 2572 Ἀπο-

2470 2607 2774 2660 κτιννύουσι
2819 2606 2876 2658 δὲ
2933 2608 3024 2659 καὶ
3063 2608 3132 2659 τὰ
3169 2610 3227 2659 ὲν
3270 2611 3402 2678 ἡμῖν
3435 2609 3530 2662 τοῦ
3563 2609 3700 2663 Θεοῦ
3749 2611 4048 2680 σπέρματα

2469 2697 2800 2769 ἀνθρώπινοι
2841 2699 3112 2769 λογισμοὶ,
3149 2701 3362 2754 δυνατοὶ
3405 2702 3686 2765 δοκοῦντες
3725 2700 3884 2766 εἶναι,
3947 2706 4049 2755 καὶ

2470 2792 2634 2844 οἱονεὶ
2686 2790 3013 2859 βασιλεύειν,
3075 2795 3168 2845 καὶ
3204 2796 3443 2862 κρατεῖν,
3491 2798 3584 2848 καὶ
3618 2794 3693 2857 ὦς
3743 2813 3863 2848 τινα
3912 2796 4048 2859 τόξα

2471 2883 2614 2951 ἔχειν
2667 2883 2735 2934 τά
2785 2881 3048 2950 καμπύλα
3103 2884 3418 2952 σοφίσματα
3449 2901 3463 2914 ⁸
3521 2886 3655 2938 ἀλλά
3702 2889 3767 2955 τῇ
3809 2886 4045 2950 κοιλάδι,

2473 2978 2565 3026 καὶ
2620 2976 2687 3043 τῇ
2734 2974 3063 3052 ταπεινώσει
3093 2972 3188 3025 τοῦ
3224 2973 3367 3028 θείου
3418 2976 3594 3042 Λόγου
3642 2976 4043 3047 συντρίϐονται.

2473 3066 2548 3118 Τδ
2582 3067 2692 3134 γὰρ
2740 3064 2924 3135 μωρὸν
2965 3063 3061 3116 τοῦ
3094 3063 3251 3129 Θεοῦ,
3286 3066 3592 3136 σοφώτερον
3625 3067 3733 3120 τῶν
3762 3067 4046 3134 ἀνθρωπί-

2396 3168 2440 3226 c
2475 3175 2578 3210 νων
2611 3156 2748 3213 ἐστί,

2543 3251 2652 3305 Καὶ
2683 3251 3020 3306 συνέλαϐεν
3072 3254 3181 3313 ἐτι,
3228 3249 3323 3303 καί
3367 3250 3534 3302 ἔτεκε
3585 3251 3896 3317 θυγατέρα,
3943 3250 4047 3302 καὶ

2473 3340 2818 3408 εἷπιναὺτῷ
2836 3361 2850 3375 ο
2882 3345 3162 3398 Κάλεσον
3186 3345 3250 3395 τὸ
3272 3343 3457 3409 ὄνομα
3483 3338 3687 3407 αὐτῆς,
3720 3343 3841 3394 Οὺιι
3863 3341 4048 3407 ἠλεη-

2467 3433 2642 3503 μένη,
2676 3434 2826 3488 διότι
2854 3435 2927 3488 οὐ
2952 3434 3038 3503 μὴ
3069 3433 3396 3503 προσθήσω
3421 3432 3506 3484 ἔτι
3530 3430 3634 3484 τοῦ
3660 3430 3913 3499 ἐλεῆσαι
3939 3431 4047 3483 τὸν

2473 3523 2644 3578 (ἶπον
2693 3526 2964 3594 Ἰσραὴλ,
2995 3526 3133 3580 ἀλλ’
3177 3525 3709 3591 ἀντιτασσόμενος.
3757 3525 4046 3577 ἀντιτάσ-

2473 3633 2653 3683 σομαι
2680 3615 2902 3682 αὐτοῖς.
2947 3616 3022 3668 Τὸ
3061 3617 3160 3685 μὲν
3192 3616 3352 3685 ῥητὸν
3393 3616 3596 3681 σαψέςσ
3641 3614 3879 3667 διδάσκει
3908 3616 4040 3683 γὰρ,

2473 3710 2556 3761 ὅτι
2586 3709 2769 3762 οὐκέτι
2795 3710 2890 3762 τὸν
2930 3708 3148 3779 Ἰσραὴλ
3190 3707 3411 3774 ἀξιώσει
3449 3705 3876 3776 φιλανθρωπίας,
3907 3708 4046 3760 ἀλλά

2476 3801 2678 3868 μᾶλλον
2734 3802 2810 3864 ώς
2845 3801 3163 3870 ἀποστάτην
3211 3800 3308 3854 καὶ
3357 3798 3550 3870 ἐχθρὸν
3585 3800 3891 3866 ἀμυνεῖται,
3950 3801 4044 3852 καὶ

2473 3892 2570 3959 οὐχ
2609 3891 2817 3954 ἁπλῶς,
2852 3892 2988 3944 ἀλλά
3030 3892 3170 3961 μετά
3205 3892 3509 3953 ὲπιτάσεως
3531 3907 3544 3920 ·
3573 3891 3729 3943 τοῦτο
3755 3891 3862 3960 γὰρ
3893 3891 4044 3961 δηλοῖ

2471 3983 2550 4045 τὸ,
2582 3983 3120 4050 Ἀντιτασσόμενος
3159 3981 3616 4051 ἀντιτάσσομαι.
3657 3983 3941 4051 Θυγατίρα
3985 3985 4041 4035 δὲ

2477 4075 2599 4126 Οὐκ
2655 4074 3006 4142 ἠλεημένην
3061 4075 3273 4142 νοήσεις
3334 4074 3428 4126 καὶ
3473 4073 3574 4142 τὴν
3625 4073 3730 4124 τῶν
3771 4073 4042 4126 Ἰουδαίων

2472 4164 2686 4232 γενεὰν,
2721 4167 2820 4235 τὴν
2853 4167 2990 4234 μετὰ
3021 4165 3119 4233 τὴν
3150 4166 3444 4234 ἐπιδημίαν
3473 4161 3729 4233 Χριστοῦ,
3761 4167 3826 4234 ἣν
3856 4167 4040 4218 οὐκέτι

2471 4257 2701 4327 ἠλέησεν
2739 4260 2766 4310 ὸ
2797 4257 3007 4327 Πατὴρ,
3056 4256 3172 4308 ἀλλ’
3219 4257 3380 4318 αὐτὸς
3433 4256 3765 4319 ἀντετάξατο
3809 4258 3997 4318 αὐτοῖς
4025 4277 4036 4288 ·

2473 4349 2661 4418 ἐπειδὴ
2717 4351 2796 4410 εἰς
2851 4350 2943 4401 τὸν
2991 4349 3119 4400 Υἱὸν
3175 4348 3338 4400 αὑτοῦ
3379 4347 3628 4414 ὕϐρισαν.
3684 4349 3875 4398 Καὶὲν
3930 4351 4039 4409 τοῖς

2477 4440 2571 4492 τοῦ
2605 4442 2696 4492 νοῦ
2732 4439 2787 4490 δὲ
2816 4439 3134 4507 κινήμασιν,
3184 4441 3312 4491 εἴτι
3364 4437 3496 4505 θῆλύ
3541 4439 3678 4500 ἐστι,
3726 4437 3819 4488 καὶ
3854 4440 3920 4503 τῇ
3955 4438 4038 4488 αξ-

2481 4531 2670 4601 σθήσει
2703 4531 2897 4592 ἐοικὸς,
2943 4529 3038 4581 καὶ
3073 4529 3358 4581 ἀσθένειαν
3394 4528 3592 4593 πολλὴν
3637 4528 4037 4595 περικείμενον,

2479 4623 2574 4676 καὶ
2607 4620 2681 4690 μὴ
2712 4621 2888 4673 πάντα
2920 4618 3100 4688 ἰσχύον
3124 4620 3180 4669 ἐν
3201 4616 3280 4686 τῷ
3306 4616 3686 4686 ὲνδυναμούντι
3716 4616 3842 4678 τοὺς
3870 4615 4037 4667 αὑτοῦ

2480 4711 2727 4782 μαθητὰς
2752 4710 2994 4779 Χριστῷ,
3025 4709 3125 4761 οὐκ
3147 4710 3285 4764 ἐλεεῖ
3302 4709 3432 4761 αὐτὸ
3453 4711 3482 4760 ὁ
3501 4708 3630 4769 Θεὸς
3656 4706 3815 4774 ἡμῶν
3845 4705 4034 4772 Λόγος.

2475 4802 2590 4856 ἀλλ’
2621 4802 2996 4856 ἀντιτάσσεται
3028 4800 3194 4870 αὐτῷ.

2552 5063 2698 5128 Τοὺς
2728 5063 2796 5114 δὲ
2824 5062 2993 5128 υίοὺς
3027 5062 3209 5114 Ἰούδα
3237 5068 3472 5122 έλεησω
3498 5059 3592 5109 καὶ
3621 5058 3800 5109 σώσω
3821 5057 4036 5120 αὐτοὺς

2474 5153 2544 5206 ἐν
2579 5152 2774 5219 Κυρίῳ
2821 5149 2942 5215 Θεῷ
2985 5147 3203 5212 αὐτῶν,
3253 5147 3350 5200 καὶ
3390 5149 3460 5199 οὺ
3492 5146 3668 5200 σώσω
3711 5144 3935 5210 αὐτοὺς
3973 5144 4038 5195 ὲν

2474 5245 2628 5310 τόξῳ
2663 5242 2806 5298 οὐδὲ
2853 5243 2923 5294 ἐν
2947 5243 3236 5311 ῥομφαίᾳ,
3289 5239 3430 5293 οὐδὲ
3469 5239 3538 5290 ἐν
3593 5237 3856 5302 πολέμῳ,
3901 5234 4038 5288 οὐδὲ

2474 5338 2543 5391 ἐν
2568 5338 2850 5408 ἅρμασιν,
2896 5334 3041 5389 οὐδὲ
3091 5334 3161 5386 ἐν
3190 5333 3418 5398 ἵπποις,
3464 5328 3604 5383 οὐδὲ
3658 5328 3727 5380 ἐν
3768 5325 4032 5380 ιππεῐ-σι.

2474 5432 2666 5500 Σαφῶς
2689 5430 2778 5483 διὰ
2811 5427 3016 5481 τούτων
3039 5423 3274 5495 tam“
3301 5423 3368 5476 τὰ
3403 5422 3542 5475 κατά
3582 5420 3672 5472 τὸν
3698 5419 4037 5488 Σεναχηρεὶμ.

2473 5525 2771 5593 γενόμεναι
2812 5521 2932 5573 τότε
2953 5517 3065 5587 γὰρ
3095 5515 3408 5588 ἡττήθησαν
3431 5516 3479 5566 oi
3514 5510 3810 5578 Ἀσσύριοι,
3839 5511 3902 5561 ob
3937 5525 4010 5560 πα

2481 5614 2761 5684 ρατάξεως
2782 5610 3101 5681 γενομένης,
3145 5608 3177 5678 ἢ
3213 5604 3550 5675 συμπλοκῆς,
3591 5600 3706 5654 ἀλλ’
3744 5599 4036 5666 ἀγγελικῆς

1533 5795 1572 5825 ¹⁷
1606 5793 1794 5848 Matth.
1827 5811 1990 5858 urit,
2037 5796 2128 5848 25.
2211 5793 2294 5846 ⁸⁸1
2335 5795 2481 5848 Petr.
2510 5809 2571 5852 ll,
2593 5793 2685 5847 2‘2.
2768 5792 2810 5824 ¹⁹
2842 5789 2998 5843 Joan.
3031 5805 3069 5852 I,
3097 5789 3184 5839 46.

2037 5796 2128 5848 25.
2211 5793 2294 5846 ⁸⁸1
2335 5795 2481 5848 Petr.
2510 5793 2685 5852 ".22.
2768 5792 2810 5824 “
2842 5789 2998 5843 Joan.
3031 5805 3069 5852 ι,
3097 5789 3184 5839 46.
3254 5787 3297 5816 "
3352 5785 3514 5837 lCor.
3556 5799 3593 5845 I,
3621 5783 3714 5835 25.
