4254 6442
252 372 358 444 ἷη39

250 493 489 557 ζῶντος.
543 495 926 566 ιῐίλάνορωπος
972 499 1044 549 ῶν
1077 502 1104 552 ὀ
1136 503 1285 564 Θεὸς,

246 583 526 649 ἀπόφασιν
566 586 632 652 τῇ
667 586 916 657 αὐστηρᾷ
964 590 1238 662 ἐπιφέρει,
1289 597 1382 644 καὶ
1425 599 1546 656 τοὺς
1590 601 1816 669 ἀπορρι-

244 675 447 740 φέντας
487 676 802 732 οἰκειοῦται.
858 681 963 732 Καὶ
1019 683 1118 750 ὅρα
1176 688 1540 754 χρηστότητα.
1591 691 1669 741 ὅτι
1725 692 1816 754 οὓς

238 765 360 816 οὐδὲ
386 767 487 833 τῆς
513 767 605 818 τοῦ
638 768 766 821 λαοῦ
805 774 1174 842 προσηγορίας
1221 775 1404 838 ἀξίους
1447 779 1649 848 ἔκρινε,
1696 785 1788 835 τού

238 874 364 918 τους
399 859 547 921 υἱοὺς
586 859 718 913 Θεοῦ
754 862 953 926 ζῶντος
984 866 1234 934 ὀνομάζει
1270 869 1382 921 νῦν.
1421 871 1482 922 Τί
1516 873 1570 923 δέ
1596 877 1707 927 ὲςτι
1733 879 1811 938 τὸ,

249 947 349 998 Ἐν
377 947 457 1012 τῷ
486 952 666 1017 τόπῳ,
707 949 778 1007 οὗ
823 953 1042 1022 ἐλέχθη
1095 960 1331 1024 αὐτοῖς
1386 963 1574 1014 Μάοε·
1615 967 1700 1017 Ἐν
1749 971 1811 1037 τῇ

239 1040 457 1108 πατρίδι
489 1041 661 1104 ὄντες,
705 1043 1154 1116 εἰδωλολάτρουνο
1201 1051 1281 1102 διὸ
1327 1053 1419 1103 καὶ
1468 1055 1582 1106 ἐκεῖ
1619 1056 1812 1126 ἐλέχθη

237 1130 420 1189 αὐτοῖς
440 1146 453 1160 ’
492 1133 571 1184 οὺ
609 1135 756 1198 ,λαός
779 1153 898 1202 μου
923 1152 935 1166 ·
967 1140 1023 1188 ἐν
1047 1139 1124 1206 τῷ
1158 1141 1305 1211 μέσῳ
1339 1143 1393 1195 δὲ
1420 1147 1497 1208 εἰς
1523 1147 1814 1202 Βαϐυλῶνα

236 1218 577 1285 ἀπαχθέντες
629 1223 986 1289 αἰχμάλωτοι,
1022 1225 1145 1278 οὔτε
1195 1228 1371 1293 ἔθυον,
1408 1231 1529 1284 οὒτε
1564 1229 1688 1302 ᾖδον
1715 1239 1813 1298 τὰς

234 1308 381 1376 ᾠδάς
415 1311 636 1380 Κυρίου.
674 1311 804 1378 Πῶς
848 1319 979 1384 γάρ,
1013 1319 1196 1384 φησιν,
1238 1317 1468 1388 ᾆσομεν
1500 1324 1612 1389 τὴν
1651 1325 1814 1390 ᾠδὴν

235 1400 458 1464 Κυρίου
481 1401 576 1452 ἐπὶ
610 1401 718 1469 γῆς
753 1405 1107 1472 ἀ..ι.1οτρι⁹ας;
1154 1410 1305 1460 Ἐπεὶ
1344 1411 1436 1463 οῦν
1470 1415 1814 1467 ἀπαναστάν-

235 1504 327 1549 τες
394 1491 456 1540 ἐκ
527 1491 883 1554 Βαϐυλῶνος,
951 1497 1109 1548 πάλιν
1177 1499 1255 1567 τῷ
1315 1501 1464 1568 νόμῳ
1535 1504 1809 1572 ἐχρῶντο,

235 1579 332 1629 καὶ
363 1581 538 1632 πάντα
593 1583 880 1651 ἔπραττον,
933 1586 1006 1647 ῶς
1057 1588 1302 1640 ἐκλεκτοὶ
1352 1595 1448 1643 καὶ
1492 1595 1593 1646 υἱοὶ
1638 1595 1808 1656 Θεοῦ,

233 1669 407 1734 φησὶν
457 1669 539 1719 ὅτι
590 1671 680 1730 Εἰς
726 1671 826 1732 τὰς
863 1675 1123 1742 πατρίδας
1164 1677 1317 1745 ὑμῶν
1369 1682 1806 1749 ἀνασωθήσεσυε,

234 1759 332 1809 καὶ
364 1759 758 1829 εὖαρεστήσετε
786 1767 901 1814 ἐκεῖ
929 1763 1006 1832 τῷ
1029 1765 1169 1834 Θεῷ,
1195 1767 1324 1820 ἔνθα
1353 1770 1615 1839 πρότερον
1637 1771 1806 1835 ὄντες,

228 1852 316 1902 Οὐ
337 1852 486 1914 λαλς
518 1853 680 1904 αὑτοῦ
708 1854 995 1924 ἐκλήθητε.
1047 1857 1268 1927 Ἐπειδὴ
1300 1859 1356 1910 δὲ
1390 1861 1416 1911 ὁ
1457 1861 1638 1929 νόμος,
1668 1866 1805 1915 κατὰ
1838 1873 1880 1930 Β
1908 1869 2114 1923 dictum

235 1943 337 2008 μὲν
366 1943 428 1994 τὸ
461 1944 692 2013 γράμμα
740 1946 1050 2015 νοούμενος,
1086 1951 1413 2013 ἀποκτείνει,
1468 1953 1609 2006 κατά
1653 1953 1708 2006 δὲ
1749 1957 1808 2007 τὸ

234 2030 481 2100 πνεῦμα,
509 2025 793 2096 ζωοποιεῦ
831 2021 1058 2100 εῖκότως
1087 2041 1145 2091 ὲν
1184 2039 1262 2109 τῷ
1302 2043 1383 2093 ἐνὶ
1431 2044 1624 2113 καὶτῷ
1663 2045 1809 2114 αύτῷ

231 2121 406 2190 τόπῳ.
441 2123 572 2174 ποτὲ
622 2125 722 2192 μὲν
784 2127 1078 2181 καλοῦνται
1123 2131 1170 2182 οἱ
1213 2131 1451 2200 Ἑϐραῖοι
1509 2137 1590 2186 Οὐ
1635 2137 1807 2201 λαὸς,

231 2215 364 2266 ὅταν
395 2215 475 2284 τῷ
527 2220 814 2287 γράμματι
848 2219 1176 2276 δουλεύωσιο
1226 2224 1358 2276 ποτὲ
1391 2224 1446 2278 δὲ
1503 2227 1618 2279 Υἱοὶ
1661 2229 1808 2281 Θεοῦ

230 2293 472 2369 ζῶντος,
518 2306 645 2358 ὅταν
692 2311 1076 2377 πνευματικῶς
1122 2315 1284 2367 αὑτὸν
1345 2317 1662 2385 νοήσαντες,
1713 2321 1808 2372 καὶ

233 2395 629 2460 πιστεύσαντες
655 2400 893 2470 Χριστῷ,
921 2403 1020 2472 τὴν
1051 2404 1139 2457 διά
1169 2406 1260 2459 τοῦ
1290 2408 1600 2476 Πνεύματος
1632 2411 1806 2463 υἱοθε-

234 2483 361 2535 σίαν
395 2484 674 2548 δέξωνται.
707 2491 815 2542 Καὶ
839 2492 984 2560 ψυχὴ
1018 2493 1073 2545 δὲ
1097 2496 1505 2566 ἁμαρτάνουσα.
1535 2498 1565 2566 ἢ
1590 2499 1676 2550 διὰ
1703 2501 1810 2552 τῶν

236 2570 541 2640 λογισμῶν,
574 2574 606 2644 ἢ
638 2575 726 2629 διὰ
756 2578 862 2629 τῶν
894 2583 1221 2649 σωματικῶν
1251 2585 1518 2654 ὀργάνων,
1552 2589 1635 2640 Οὐ
1663 2590 1810 2655 λαὸς

235 2661 485 2714 καλεῖται
508 2665 664 2718 Θεοῦ·
702 2668 788 2720 διὰ
829 2670 882 2722 δὲ
918 2671 1026 2731 τῶν
1054 2672 1230 2726 αὐτῶν
1251 2675 1455 2728 τούτων
1491 2677 1808 2745 διορθωοέν-

233 2762 365 2810 των,
404 2750 516 2809 υἱὸς
551 2752 758 2818 γίνεται
790 2755 882 2806 τοῦ
914 2756 1072 2820 Θεοῦ,
1109 2760 1238 2811 ὅταν
1261 2762 1288 2812 ὁ
1311 2763 1470 2824 αὐτὸς
1487 2766 1578 2816 καὶ
1617 2766 1695 2834 τῷ
1732 2767 1811 2819 νοῒ

231 2835 460 2908 ϐουλεύῃ
503 2842 650 2911 νόμῳ
684 2843 842 2906 Θεοῦ,
891 2849 984 2898 καὶ
1027 2851 1097 2901 τὰ
1145 2851 1281 2921 μέλη
1327 2857 1630 2925 παριστάνῃ
1675 2859 1811 2910 ὅπλα

228 2926 578 2999 δικαιοσύνης
608 2931 686 3000 τῷ
719 2933 856 3004 Θεῷ·
880 2938 972 2988 καὶ
1006 2939 1239 3003 συνόλως
1277 2946 1471 3009 εἰπεῖν,
1511 2947 1810 3016 καθαρίσας

227 3017 427 3070 ἑαυτὸν
456 3020 561 3072 ἀπὸ
599 3019 794 3087 παντὸς
829 3018 1106 3096 μολυσμοῦ
1135 3032 1336 3100 σαρκὸς
1358 3034 1451 3086 καὶ
1480 3036 1806 3104 πνεύματος,

225 3104 429 3177 ῦοξάζῃ
454 3107 542 3160 τον
574 3112 708 3164 Θεὸν
766 3115 824 3166 ὲν
889 3115 966 3186 τῷ
1025 3117 1237 3190 σώματι
1279 3123 1442 3176 αὐτοῦ
1486 3128 1576 3178 καὶ
1637 3130 1694 3182 ὲν
1734 3129 1810 3200 τῷ

230 3197 504 3266 πνεύματι
526 3201 711 3256 αὐτοῦ.

231 3380 405 3433 Deum
438 3383 646 3436 honore
677 3389 1050 3455 prosequitur.

301 3471 410 3525 Kal
450 3476 939 3543 συναχθήσονται
976 3484 1030 3532 ol
1068 3483 1183 3536 υἱοὶ
1231 3485 1423 3539 Ἰούδα
1461 3489 1554 3540 καὶ
1593 3493 1643 3542 ol
1682 3485 1794 3543 υἱοὶ

239 3563 483 3630 Ἰσραὴλ
515 3565 613 3616 ἐπὶ
658 3569 724 3618 τὸ
755 3569 921 3630 αὐτὸ,
949 3572 1048 3622 καὶ
1079 3575 1364 3637 θήσονται
1397 3579 1630 3643 ἑαυτοῖς
1659 3583 1799 3641 μίαν

223 3654 448 3721 ἀρχὴν,
491 3659 586 3709 καὶ
622 3659 1030 3727 ἀναϐήσονται
1077 3665 1144 3717 ἐκ
1200 3665 1309 3733 τῆς
1367 3668 1496 3735 γῆς.
1530 3673 1571 3721 Τ
1576 3671 1639 3740 ὴν
1689 3674 1795 3724 ἀπὸ

225 3745 546 3810 Βαϐυλῶνος
589 3749 850 3803 ἀνάϐασιν
901 3758 1283 3822 προαγορεύει,
1332 3761 1424 3812 καὶ
1477 3761 1558 3812 ὅτι
1589 3765 1794 3815 ἐκεῖθεν

223 3836 636 3904 ἐπανελθόντες,
680 3842 862 3894 ούκέτι
893 3844 1256 3914 διῃρημένους
1303 3849 1482 3912 ἕξουσι
1521 3852 1754 3919 βασιλεῖς
1779 3895 1793 3919 ,

223 3925 369 3977 ὥστε
400 3927 490 3979 τὸν
529 3929 626 3997 μὲν
677 3931 898 3997 Ἰούδαν,
930 3935 1019 3988 τὸν
1051 3935 1106 3987 δὲ
1158 3937 1372 4009 Ἰσραὴλ
1402 3941 1759 4008 ὀνομάζεσθαι
1782 3963 1793 3974 '

223 4017 341 4067 ἀλλ’
381 4019 690 4084 ὲνωθέντες,
726 4020 822 4076 ἕνα
852 4024 1059 4088 ἕξουσιν
1094 4028 1349 4098 ἄρχοντα,
1391 4033 1418 4084 ὃ
1453 4035 1671 4101 γέγονεν
1707 4040 1796 4089 ἐπὶ

223 4109 554 4176 Ζοροϐάϐελ,
588 4112 886 4178 ἀναϐάντος
915 4117 1008 4169 τοῦ
1040 4122 1569 4188 αἱχμαλωτισθέντος
1598 4130 1793 4188 παντὸς

222 4196 356 4250 λαοῦ
387 4201 449 4252 ἐκ
475 4202 571 4271 τῆς
601 4204 703 4270 γῆς
733 4205 839 4257 τῶν
884 4207 1254 4264 Βαϐυλωνίων.
1294 4213 1518 4266 Ἐοεντο
1560 4217 1659 4283 μὲν
1701 4217 1792 4270 οῦν

221 4291 320 4340 καὶ
379 4291 428 4341 οἱ
494 4291 552 4357 ἓξ
591 4293 854 4364 Ἐϐραίων
911 4301 1299 4366 πιστεύσαντες
1360 4306 1570 4368 ἑαυτοῖς
1620 4309 1791 4377 ἀρχὴν

226 4379 383 4446 μίαν,
418 4382 508 4432 τὸν
535 4386 787 4453 σταυρὸν,
823 4390 988 4457 φημὶ,
1021 4391 1112 4442 τοῦ
1142 4390 1367 4461 Κυρίου,
1399 4395 1525 4464 περὶ
1553 4393 1613 4448 οὗ
1644 4400 1791 4468 εἰρη-

221 4486 351 4522 ται⁸
412 4468 493 4527 Οὗ
535 4476 572 4540 ὴ
627 4476 783 4544 ἀρχὴ
837 4480 932 4532 ἐπὶ
970 4482 1073 4534 τοῦ
1103 4483 1263 4552 ὤμου
1299 4487 1519 4539 αὑτοῦ·
1575 4489 1624 4540 οἳ
1669 4506 1791 4540 συν-

221 4654 574 4723 παιδαγωγός
604 4660 774 4723 ἐστιν,
800 4665 878 4723 εἰς
904 4663 1134 4733 Χριστὸν
1160 4669 1405 4736 συνάγων
1429 4672 1593 4740 ἡμᾶς.
1633 4674 1790 4727 Ἀλλά

219 4746 316 4796 καὶ
348 4747 438 4797 ὅτε
467 4749 680 4814 συνάξει
708 4768 792 4814 τις
818 4753 942 4817 τοὺς
974 4756 1167 4808 ἑαυτοῦ
1212 4760 1501 4829 λογισμοὺς
1546 4765 1652 4816 ἀπὸ
1690 4766 1790 4834 τῆς

218 4837 349 4903 περὶ
398 4839 464 4890 τὰ
518 4840 619 4906 ἔξω
655 4845 1126 4915 περιπλανήσεως,
1174 4855 1265 4903 καὶ
1315 4853 1789 4926 εἰς’συναίσθησιν

214 4927 328 4978 τῶν
359 4931 573 4982 οἰκείων
607 4934 794 4985 κακῶν
828 4937 1160 5003 συνελαθεὶς,
1193 4943 1303 5003 υίὸς
1343 4944 1511 4996 ’1.ύδα
1541 4947 1786 5017 γένηται,

215 5020 304 5070 δια
331 5023 427 5088 τῆς
459 5020 920 5094 ἐξεμολογήσεως,
976 5031 1068 5081 καὶ
1104 5033 1450 5101 καθαρισοε“ις
1492 5037 1558 5088 δι’
1597 5040 1784 5108 αὐτῆς,

215 5110 334 5169 υἱὸς
377 5111 591 5178 Ἰσραὴλ
650 5113 966 5185 ἀποδειχθῇ,
1031 5119 1148 5189 ἦτοι
1195 5122 1330 5174 Θεοῦ
1382 5124 1620 5193 θεωρός·
1666 5131 1783 5181 τότε

212 5198 432 5265 τίθησιν
462 5200 640 5270 ἑαυτῷ
668 5203 840 5274 ἀρχὴν
874 5206 1022 5274 μίαν,
1077 5209 1166 5260 τὸν
1204 5211 1355 5274 Θεὸν,
1395 5217 1493 5268 καὶ
1520 5216 1611 5268 ὑπ’
1645 5219 1786 5270 ἑκεί-

210 5305 302 5341 νου
365 5291 579 5358 ἄγεται,
638 5296 809 5364 λέγων
871 5300 1087 5368 ἀληθῶς
1142 5305 1321 5373 αὐτῷ·
1370 5309 1686 5376 Γενηθήτω
1713 5315 1781 5367 τὸ

285 5449 332 5479 ³³
367 5450 507 5503 ΡδειΙ.
542 5466 760 5520 cum,
794 5458 844 5510 4.
923 5458 968 5489 ³⁸
995 5456 1014 5508 Ι
1046 5457 1200 5516 Esdr.
1241 5480 1314 5527 χι,
1346 5465 1400 5518 2.

1049 390 1448 453 EXPOSITIO
1483 395 1564 456 IN
1596 397 2052 464 PROPHETAM
2099 406 2368 470 OSEAM.
2400 437 2467 446 --
2500 413 2652 473 C.\P.
2691 415 2735 474 ῐ.

1835 3216 1878 3270 C
1914 3237 2090 3290 arma,

225 3289 302 3338 ab
351 3291 500 3343 omni
545 3302 656 3345 tum
691 3296 894 3360 carnis,
938 3307 1054 3352 tum
1091 3303 1323 3370 Spiritus
1368 3309 1694 3377 contagione
1746 3325 1807 3364 ac
1840 3315 2001 3369 sorde
2057 3332 2125 3386 pu

3386 418 3490 484 590

1336 504 1431 572 τὴν
1485 507 1818 577 ἱλαρωτέραν
1847 519 1892 575 Λ
1920 533 2059 586 guns
2113 519 2254 574 Deus
2282 536 2404 575 cum
2452 525 2540 586 sit,
2581 541 2735 595 asper

1847 519 1892 575 Λ
1920 533 2059 586 guns
2113 519 2254 574 Deus
2282 536 2404 575 cum
2452 525 2540 586 sit,
2581 527 2952 595 asperioribus
2996 529 3158 587 dictis
3201 531 3484 590 blandiora

1929 611 2090 661 verba
2126 611 2391 682 adiungit,
2423 627 2626 684 eosque
2659 633 2810 671 suam
2847 621 2900 673 in
2935 623 3232 677 amicitiam
3269 629 3483 695 recipit,

1925 711 2063 761 quos
2093 697 2300 751 dudum
2341 701 2620 768 reiecerat.
2653 703 2768 768 Qua
2801 707 2852 759 in
2884 723 2938 759 re
2963 711 3334 766 animadvi'rtc
3366 716 3485 782 ejus

1924 785 2264 841 clementiam
2293 790 2813 862 benignitatemque.
2845 797 2994 862 Quos
3028 801 3170 854 enim
3197 819 3264 856 ne
3291 806 3486 874 dignos

1923 876 2146 942 quidem
2182 884 2463 946 censebat,
2491 887 2582 950 qui
2618 887 2853 954 populus
2899 889 3020 955 ejus
3058 893 3482 959 appellarentur.

1923 982 2018 1022 eos
2059 970 2109 1020 in
2144 975 2430 1037 praisentia
2465 975 2604 1029 tilios
2645 977 2733 1030 Dei
2770 979 3004 1034 viventis
3043 986 3303 1051 appellat.
3344 985 3483 1051 Quid

1923 1073 2050 1110 vero
2094 1061 2196 1113 sibi
2249 1064 2382 1126 vult,
2429 1064 2494 1117 In
2536 1066 2648 1119 loco
2695 1070 2783 1122 ubi
2823 1073 3021 1124 dictum
3070 1084 3149 1128 est
3189 1079 3366 1145 ipsis?
3396 1079 3483 1132 Sic

1923 1147 2122 1204 habeto
2163 1170 2176 1205 :
2209 1153 2264 1206 ln
2293 1157 2466 1222 patria
2497 1172 2622 1210 cum
2651 1160 2683 1211 ii
2705 1175 3076 1231 versarentur,
3112 1167 3254 1220 idola
3285 1173 3482 1228 colere.

1921 1239 2104 1308 ibique
2157 1259 2444 1313 propterea
2500 1250 2602 1303 sibi
2639 1253 2842 1306 dictum
2892 1257 3024 1309 illud
3087 1259 3318 1314 audire:
3365 1263 3484 1316 Non

1919 1330 2144 1397 populus
2179 1349 2323 1386 meus
2356 1351 2373 1386 :
2410 1341 2607 1404 captivi
2653 1351 2840 1407 postea
2875 1343 3204 1414 Babylonem
3237 1351 3480 1410 adducti.

1922 1435 2098 1488 neque
2128 1424 2401 1477 sacriﬁcia
2430 1427 2644 1493 oll't-rre,
2682 1447 2856 1499 neque
2891 1432 2980 1485 Dci
3018 1437 3204 1489 laudes
3236 1454 3433 1492 cauere
3468 1461 3480 1494 :

1920 1507 2193 1572 Quomodo
2213 1514 2379 1575 enim,
2410 1517 2505 1577 ait,
2540 1520 2875 1575 cantabimus
2903 1527 3170 1577 canticum
3201 1528 3409 1582 Domini
3431 1534 3484 1582 in

1921 1607 2062 1651 terra
2094 1603 2272 1658 aliena
2298 1605 2342 1636 ³⁵
2365 1604 2388 1657 ?
2422 1606 2696 1678 Babylone
2722 1628 2848 1664 vero
2872 1614 3122 1678 reduces,
3153 1619 3266 1684 lege
3294 1637 3484 1676 rursus

1921 1691 1995 1742 uti
2029 1709 2041 1744 :
2075 1696 2256 1748 omnia
2288 1697 2420 1765 legis
2452 1700 2624 1767 ipsius
2667 1702 2928 1770 imperata
2978 1704 3182 1772 facere,
3217 1721 3475 1779 tanquam

1916 1778 2077 1831 electi
2122 1781 2324 1850 Deique
2378 1786 2520 1842 lilii:
2570 1801 2965 1862 promet-eaque
3015 1796 3080 1848 ad
3134 1812 3226 1851 eos
3279 1778 3477 1854 ibidem

2163 1873 2275 1927 :ln
2329 1879 2556 1943 patriam
2613 1882 2846 1949 quisque
2899 1897 3129 1940 vestram
3182 1889 3479 1945 incolumes

1912 1963 2175 2026 evadetis,
2206 1967 2389 2034 ibique
2433 1970 2541 2023 Deo
2569 1973 2874 2040 placabitis,
2919 1978 3006 2030 ubi
3045 1989 3204 2053 antea
3233 1996 3355 2035 cum
3388 2001 3477 2039 es-

1911 2054 2063 2117 setis,
2116 2055 2234 2110 Νυη
2282 2062 2506 2126 populus
2551 2081 2696 2119 meus
2731 2070 2985 2136 appellati
3018 2072 3170 2125 estis.
3205 2073 3473 2138 Quoniam

1910 2153 2092 2196 autem
2143 2146 2224 2200 lex
2276 2155 2578 2206 secundum
2617 2157 2852 2210 litteram
2889 2163 3128 2224 occidit,
3175 2168 3473 2219 secundum

1913 2249 2042 2285 vero
2073 2236 2352 2305 spiritum,
2400 2243 2566 2297 vitam
2604 2245 2799 2313 aﬂert,
2841 2251 2966 2319 jure
3007 2256 3226 2322 quidem
3267 2273 3331 2310 ac
3361 2276 3473 2312 mo-

1913 2321 2019 2375 rito
2073 2324 2285 2381 Hebraei
2339 2329 2392 2382 in
2441 2347 2552 2386 uno
2612 2335 2916 2405 eodemque
2964 2321 3089 2395 loco
3134 2342 3478 2411 appellantur

1912 2413 2075 2466 modo
2106 2412 2229 2469 Non
2259 2420 2509 2488 papulas,
2545 2423 2648 2493 16
2678 2439 2800 2478 cum
2830 2428 2965 2497 legis
2994 2429 3186 2486 littera:
3203 2435 3477 2489 mordicus

1914 2503 2142 2570 haerent,
2201 2507 2475 2565 interdum
2531 2513 2666 2568 Filii
2725 2517 2822 2572 Dei
2873 2522 3109 2588 viventis,
3163 2539 3290 2581 cum
3345 2530 3477 2596 legis

1912 2591 2083 2658 ipsius
2103 2595 2354 2664 spiritum
2379 2601 2617 2668 penitius
2647 2605 3110 2679 introspicientes,
3140 2591 3477 2689 lideatesque

1910 2681 2149 2751 Christo,
2177 2688 2683 2764 adoptionennquaa
2721 2712 2815 2768 per
2858 2700 3119 2771 Spiritum
3179 2707 3254 2771 tit,
3284 2681 3476 2764 conse-

1911 2783 2174 2838 quuntur.
2223 2777 2487 2848 Quisquis
2533 2784 2659 2837 item
2695 2800 2902 2855 peccat,
2941 2795 3023 2847 vel
3059 2809 3155 2863 per
3183 2800 3474 2863 cogitatio-

1912 2877 2028 2926 ncs,
2068 2865 2152 2919 vel
2195 2882 2293 2935 per
2333 2885 2597 2941 corporea
2648 2880 3034 2949 instrumenta,
3089 2885 3212 2940 Non
3253 2893 3474 2957 populus

1916 2949 2005 3004 Dei
2037 2965 2297 3022 vocatur;
2339 2961 2594 3034 idemque
2618 2983 2716 3037 per
2735 2972 2923 3026 eadem
2960 2974 3093 3040 haec,
3118 2979 3164 3033 si
3197 2949 3474 3050 corrigan-

1915 3051 2021 3108 tur,
2079 3047 2219 3104 [ilius
2269 3051 2360 3107 Dei
2408 3054 2484 3116 ﬁt,
2539 3073 2662 3112 cum
2707 3062 2917 3118 scilicet
2959 3075 3015 3121 et
3057 3081 3235 3124 mente
3273 3047 3473 3128 divina:

1914 3132 2015 3203 legi
2062 3138 2424 3209 obtemperat,
2483 3156 2538 3200 et
2589 3152 2867 3218 membra,
2928 3165 3186 3226 tanquam
3243 3159 3470 3230 iustitia:

2139 3228 2248 3284 Deo
2291 3235 2469 3303 gerit;
2514 3255 2638 3293 cum
2687 3244 2754 3296 ad
2796 3261 3064 3302 summam
3115 3257 3465 3324 semetipsum

2136 3337 2318 3390 rgans,
2381 3328 2435 3380 in
2497 3345 2726 3400 corpore
2781 3351 2903 3402 suo,
2999 3350 3162 3412 atque
3267 3349 3464 3415 spiritu

1985 3492 2143 3552 νειιε.
2191 3501 2275 3555 Η.
2319 3502 2888 3582 Congregabuuturque
2933 3518 3035 3585 ﬁlii
3071 3520 3235 3588 Juda,
3287 3539 3332 3579 et
3364 3526 3465 3594 ﬁlii

1906 3586 2099 3649 Israel,
2142 3592 2194 3643 in
2246 3593 2401 3659 idem,
2445 3615 2507 3650 ac
2557 3604 2870 3659 conitituent
2921 3610 3056 3663 inter
3100 3630 3156 3666 se
3191 3617 3462 3683 imperium

1907 3693 2086 3740 unum,
2124 3692 2171 3733 et
2213 3689 2494 3741 accendent
2524 3690 2587 3744 de
2622 3702 2785 3748 terra.
2829 3697 3139 3756 Judaeorum
3179 3721 3208 3758 e
3237 3707 3466 3777 Babylo-

1905 3770 1992 3823 nis
2046 3775 2181 3827 urbe
2229 3793 2538 3845 regressum
2597 3795 2749 3840 vates
2792 3795 3141 3859 pra'nuntiat,
3189 3798 3464 3870 simulque

1901 3858 2143 3915 futurum
2189 3865 2432 3936 denotat,
2481 3884 2538 3927 ut
2574 3877 2720 3930 illinc
2773 3883 3017 3947 reduces,
3070 3904 3175 3940 non
3226 3894 3461 3961 amplius

1904 3952 1992 4003 alii
2042 3955 2180 4008 alios
2211 3953 2502 4017 distinctos
2549 3982 2703 4036 reges
2749 3972 3007 4039 habeant,
3050 3997 3281 4046 quorum
3324 3986 3461 4039 alter

1903 4059 1994 4095 rex
2041 4044 2177 4098 Jnda
2222 4049 2454 4115 dicatur,
2501 4056 2637 4110 alter
2672 4075 2765 4114 rex
2815 4064 3003 4130 Israel,
3049 4072 3141 4123 sed
3193 4073 3246 4126 iu
3291 4091 3458 4128 unum

1904 4149 2186 4204 coeuntes,
2232 4145 2392 4198 unius
2450 4163 2644 4205 omnes
2691 4153 2920 4222 imperio
2982 4169 3265 4229 regantur,
3313 4170 3458 4234 quod

1904 4228 2206 4294 imperante
2242 4233 2578 4294 Zorobabele
2611 4247 2811 4307 evenit,
2843 4265 2966 4302 cum
2999 4253 3206 4306 scilicet
3243 4257 3459 4311 univer-

1901 4333 1995 4371 sus
2024 4322 2109 4374 ille
2141 4328 2384 4394 captivus
2421 4335 2674 4398 populus,
2698 4353 2726 4390 e
2758 4337 3183 4409 Babyloniorqu
3215 4349 3456 4417 regione.

1898 4407 2119 4462 domum
2157 4419 2379 4469 revertit
2410 4420 2474 4473 ".
2508 4422 2679 4476 Unum
2707 4407 2994 4494 pOII'OVSibl
3050 4407 3448 4492 constituerunt

1827 4547 1832 4553 ,
1902 4498 2186 4567 imperium
2226 4505 2464 4576 [crucem
2493 4514 2713 4571 scilicet.
2749 4518 2982 4581 Domini.
3020 4523 3088 4578 de
3129 4543 3260 4595 quo,
3291 4529 3454 4599 Cujus

221 4563 471 4632 ἤχθησαν
494 4568 571 4630 εἰς
613 4567 843 4638 Χριστὸν
877 4575 980 4626 ὑπὸ
1015 4574 1106 4627 τοῦ
1153 4578 1348 4647 νόμου·
1404 4581 1432 4631 ὁ
1482 4581 1589 4651 γάρ
1636 4584 1790 4651 νόμος
1827 4615 1870 4669 D
1899 4563 2175 4657 imperium

2215 4615 2369 4665 super
2394 4601 2670 4658 humerum
2703 4609 2818 4676 ejus
2848 4610 2914 4682 "l
2940 4623 2995 4666 et
3025 4615 3255 4683 Hebraei,
3294 4636 3454 4690 quot-

1894 4695 2028 4748 quot
2075 4685 2294 4742 Chrisro
2337 4695 2714 4759 crediderunt,
2770 4703 2972 4770 quique
3029 4721 3124 4774 per
3169 4685 3336 4778 legem
3384 4718 3448 4767 ad

1893 4773 2174 4827 Christum
2205 4778 2381 4844 ipsum
2435 4785 2678 4850 perducti
2730 4799 2898 4845 sunt:
2936 4773 3263 4866 Paatlagogtis
3306 4805 3449 4855 enim

1896 4863 1973 4915 lex
1997 4873 2098 4928 cst,
2130 4882 2229 4921 nos
2253 4873 2318 4920 ad
2349 4871 2629 4926 Christum
2653 4880 2976 4944 perducens.
3002 4883 3135 4939 Cum
3167 4889 3294 4941 item
3326 4909 3452 4945 suus

1892 4955 2017 5020 quis
2049 4959 2405 5025 cogitationes
2435 4968 2631 5020 avertit
2674 4983 2704 5020 a
2753 4970 2932 5026 fallaci
2982 4990 3161 5030 rerum
3202 4989 3452 5034 externa-

1893 5061 2010 5098 rum
2038 5048 2312 5114 illecehra,
2350 5069 2683 5126 suorumque
2726 5066 2992 5117 Scelerum
3035 5069 3226 5124 intimo
3261 5073 3449 5127 dolore

1888 5150 2194 5205 correptus,
2246 5142 2301 5193 tit
2348 5159 2442 5210 per
2493 5148 2895 5206 confessionem
2949 5155 3091 5210 [ilius
3135 5157 3274 5214 Juda
3308 5162 3442 5232 (l0),

1887 5238 2050 5295 atque
2099 5232 2169 5282 ita
2220 5245 2504 5301 purgatus,
2555 5238 2698 5293 titius
2740 5241 2909 5296 Israel
2957 5246 3287 5316 declaratur,
3347 5255 3437 5309 Dei

1883 5319 2095 5370 scilicet
2133 5324 2528 5391 contemplator
2564 5345 2578 5382 :
2619 5337 2730 5381 tum
2776 5330 2867 5384 ille
2898 5334 3002 5388 sibi
3033 5340 3318 5393 constituit
3350 5345 3448 5395 iiii-

1513 5467 1554 5500 ³⁷
1584 5471 1690 5525 lsa.
1744 5488 1818 5536 Ix,
1842 5477 1892 5530 6.

1409 5579 1608 5642 Varia:
1641 5586 1941 5652 lectiones
1985 5600 2045 5652 et
2090 5604 2276 5657 natm.

282 5695 397 5763 (1(1)
442 5696 705 5793 Hebrjiica
758 5701 900 5754 enim
941 5715 1041 5754 vox
1098 5697 1259 5764 Juda,
1343 5717 1478 5764 teste
1547 5712 1604 5764 Ι).
1679 5713 2020 5784 Ilicronvmo,
2055 5723 2432 5788 confessionem
2469 5729 2843 5793 signiliratzct
2877 5733 3036 5787 Israel
3075 5737 3212 5788 idem
3284 5747 3444 5791 sonat

317 5769 473 5793 ,ιι-...-
520 5771 566 5793 ..ἱ
610 5784 694 5793 -..ρ

213 5779 275 5816 ac
313 5769 474 5818 Deum
520 5769 716 5820 videns.
