4254 6442
249 417 361 476 593

1045 407 1452 470 EXPOSlTIO
1492 409 1572 467 IN
1616 407 2080 466 Pl’tOPHETAM
2121 408 2396 466 OSEAM.
2438 433 2504 442 -
2536 409 2694 469 CAP.
2725 413 2802 469 II.

3405 413 3508 471 sui

243 529 640 599 κατακρίνεται
671 528 774 580 ὑπὸ
801 527 908 578 τῶν
929 526 1202 596 ἀληθινῶν
1226 524 1320 578 τοῦ
1339 524 1432 577 νοῦ
1451 523 1833 594 γεννημάτων,
1867 526 1911 580 Α

1867 526 1911 580 Α
1942 524 2239 593 gignuntur
2268 525 2332 576 ad
2363 525 2453 578 Dei
2482 527 2877 595 cognitionem,
2905 528 3328 584 condemnatur.
3358 529 3514 584 Videt

241 629 359 679 τῶν
412 625 516 676 ὑπὸ
561 622 654 674 τοῦ
704 621 794 673 νοῦ
841 621 937 672 καὶ
981 619 1081 688 τῆς
1115 619 1422 687 αἰσθήσεως
1459 617 1829 685 γεννηθέντων

244 719 382 784 πρὸς
409 715 612 781 γνῶσιν
644 712 802 766 Θεοῦ.
833 705 956 763 Οἴόν
976 728 1029 762 τι
1057 709 1199 779 φημί
1221 726 1235 741 ·
1258 704 1480 771 Οἷδέτις
1504 710 1601 778 τὴν
1629 706 1827 770 κτίσιν,

243 810 328 861 ὅτι
363 808 523 876 καλὴ,
567 807 659 859 καὶ
696 805 832 875 μετά
878 804 968 856 νοῦ
1017 802 1140 856 ἰδὼν
1188 801 1359 871 αὐτὴν
1408 801 1686 868 ἐθαύμασε
1739 801 1830 851 τὸν

250 902 492 969 ΙΙοεητήν
564 899 711 966 (17)·
780 892 919 949 εἰδεν
997 896 1156 958 ἄλλος
1239 894 1463 962 ταύτην,
1527 894 1619 946 καὶ
1687 893 1832 945 €050-

245 991 445 1054 ποίησε
482 990 615 1056 (18),
648 989 782 1040 διότι
817 991 952 1058 μόνῃ
971 989 1036 1056 τῇ
1064 986 1313 1055 αἰσθήσει
1343 986 1512 1054 μητρὶ
1537 985 1830 1052 ἐχρήσατο,

247 1081 685 1149 ἀποστατησάσῃ
739 1077 832 1130 τοῦ
884 1076 998 1132 νοῦ.
1059 1077 1119 1129 Ὀ
1171 1076 1410 1138 τοιοῦτος
1444 1075 1832 1144 κατακρίνεται

246 1175 356 1224 ὑπὸ
391 1174 484 1223 τοῦ
534 1171 822 1241 προτέρου.
875 1165 994 1222 Είδέ
1047 1186 1128 1231 τις
1182 1169 1374 1231 κάλλος
1426 1167 1699 1237 σώματος,
1740 1167 1833 1221 καὶ

246 1265 528 1332 ἐθαύμασε
555 1264 644 1314 τὸν
672 1263 943 1333 τεχνίτην,
982 1261 1097 1323 πῶς
1129 1263 1185 1313 ἐν
1239 1261 1397 1330 πηλῷ
1427 1261 1565 1327 (l9).
1604 1263 1696 1312 καὶ
1729 1279 1832 1312 σα-

246 1361 410 1427 πρἀ,
442 1356 702 1426 τοιαύτην
724 1355 1089 1424 λαμπρότητα
1113 1356 1439 1422 ἐτεχνήσατο
1461 1370 1472 1382 °
1492 1340 1661 1428 42.3.0;
1689 1355 1830 1416 ἰδὼν,

247 1449 519 1512 ἐμπαθῶς
548 1449 683 1518 πρὸς
710 1448 839 1500 αὐτὸ
865 1446 1079 1515 διετέθη
1102 1484 1116 1507 ,
1159 1445 1294 1497 διότι
1328 1448 1392 1514 τῇ
1428 1447 1677 1514 αἰσθήσει
1721 1447 1832 1516 (20)

246 1542 609 1610 ἠκολούθησε,
642 1543 811 1610 χωρὶς
847 1538 941 1592 τοῦ
978 1538 1090 1591 νοῦ.
1129 1533 1255 1607 'Ap'
1285 1537 1378 1591 οὖν
1408 1539 1509 1591 οὐκ
1545 1543 1624 1602 είς
1665 1543 1835 1595 κατά-

247 1649 435 1702 κρισιν
459 1631 651 1683 τούτου
686 1633 891 1694 ἐκεῖνος
925 1631 1116 1696 terat;

321 1723 429 1776 Καὶ
459 1721 654 1788 ἐξαρῶ
693 1723 808 1790 τὴν
843 1726 1132 1791 πορνείαν
1160 1725 1354 1794 αὐτῆς
1383 1725 1456 1779 ἐκ
1507 1723 1834 1794 προσώπου

248 1831 388 1878 μου,
419 1812 515 1866 καὶ
559 1811 672 1879 τὴν
719 1815 1005 1880 πορνείαν
1031 1815 1222 1884 αὐτῆς
1249 1817 1319 1870 ἐκ
1345 1816 1540 1885 μέσου
1589 1816 1837 1885 μαστῶν

249 1901 462 1968 αὐτῆς.
495 1903 801 1968 Δείκνυσιν,
830 1906 908 1958 ὅτι
942 1907 1014 1959 Τὸ
1051 1907 1349 1975 διαζύγιον,
1384 1908 1412 1960 δ
1441 1909 1675 1977 ἐποίησα
1702 1908 1836 1978 πρὸς

252 1993 449 2062 αὐτὴν,
476 1997 555 2056 εἰς
579 1994 848 2061 ὠφέλειαν
873 1997 1046 2065 αὐτῆς
1067 1998 1323 2066 ἐποίησα,
1362 1999 1500 2068 πρὸς
1533 1999 1593 2051 τὸ
1623 1999 1837 2051 ἐλευθε-

253 2085 428 2153 ρῶσαι
451 2086 658 2156 ταύτην
679 2087 778 2156 τῆς
803 2088 1082 2158 πορνείας,
1109 2091 1227 2159 ἦτοι
1247 2091 1346 2159 τῆς
1369 2090 1835 2159 εἰδωλολατρείας·

248 2176 347 2227 καὶ
411 2176 519 2246 γὰρ
573 2177 952 2230 ἀποικισθεῖσα
1004 2181 1083 2242 εἰς
1149 2179 1460 2243 Βαῦυλῶνα,
1516 2182 1698 2234 οὐκέτι
1742 2180 1839 2233 θύ-

251 2283 335 2319 σει
366 2268 476 2336 (ει)
523 2270 642 2329 ταῖς
704 2273 935 2337 χρυσαῖς
995 2271 1314 2339 δαμάλεσιν,
1360 2267 1447 2334 αἶς
1503 2272 1625 2323 ἔθυε
1669 2272 1838 2342 πρότε

251 2378 346 2428 ρον
367 2402 380 2422 ,
421 2362 514 2427 ἀφ’
546 2355 606 2413 οὗ
653 2361 857 2425 ταύτας
900 2362 1181 2433 Ἰεροὸοάμ
1212 2365 1416 2428 ἐκεῖνος
1445 2363 1694 2432 ἔστησεν,
1721 2365 1840 2418 οὐδὲ

251 2451 451 2520 ὄψεται
480 2453 648 2522 αὐτὴν
677 2454 740 2504 τὸ
775 2455 1068 2523 πρόσωπόν
1106 2474 1228 2525 μου,
1261 2457 1632 2526 λατρεύουσαν
1665 2458 1842 2510 τοιού-

249 2561 366 2604 τοις
406 2543 804 2612 βδελύγμασιψ
859 2545 990 2597 ἀλλά
1047 2547 1351 2616 πρόρριζον
1395 2547 1508 2614 τὴν
1556 2550 1843 2616 πορνείαν

249 2633 444 2700 αὐτῆς
467 2635 825 2696 ἀνασπάσω,
866 2636 934 2688 ἐκ
972 2635 1166 2703 μέσου
1192 2637 1446 2705 μαστῶν
1481 2637 1592 2707 (22)
1628 2638 1838 2704 αὐτῆς,

251 2727 504 2776 τουτὶστι
536 2729 634 2794 τῆς
683 2726 911 2796 καρδίας
945 2727 1005 2791 ἐξ
1046 2722 1113 2798 ἧς
1148 2726 1463 2798 ἐξέρχονται
1503 2729 1843 2796 διαλογισμοὶ

260 2820 514 2885 πονηροὶ,
566 2818 770 2884 ιρθόνοι,
818 2820 987 2886 φόνοι,
1037 2821 1295 2890 μοιχεῖαι,
1339 2824 1603 2890 πορνεῖαι.
1642 2823 1709 2873 “ll
1744 2823 1842 2891 τὴν

258 2911 650 2979 ἀναισχυντίαν
694 2911 969 2964 δείκνυσιν
1014 2912 1100 2965 διὰ
1140 2914 1249 2967 τῶν
1297 2915 1541 2983 μαστῶν,
1577 2916 1643 2982 ἥν
1673 2912 1841 2983 εἶχον,

257 3003 444 3070 γυμνῇ
477 3002 542 3069 τῇ
575 3000 783 3069 κεφαλῇ
828 2999 1138 3070 χωροῦντες
1170 3002 1305 3071 πρὸς
1352 3004 1460 3053 πᾶν
1509 3000 1619 3070 (9.3)
1649 3001 1839 3053 κακόν.

259 3091 510 3160 Γυμνοὺς
540 3092 668 3160 γὰρ,
726 3092 913 3160 φησὶν,
977 3091 1187 3144 ἐδείκνυ
1243 3094 1369 3154 τοὺς
1429 3093 1688 3161 μαστοὺς,
1749 3093 1843 3144 καὶ

257 3182 406 3235 οὕτω
429 3182 727 3250 κατάδηλον
753 3183 845 3235 καὶ
867 3182 1308 3252 ἀπερικὰλυπτον
1336 3183 1685 3234 ἐπεδείκνυτο
1739 3183 1837 3250 τὴν

260 3276 530 3342 πονηρίαν
570 3275 703 3346 (9.4).
735 3277 891 3329 Πᾶσα
926 3273 1018 3327 οὖν
1047 3275 1262 3327 παιδεία
1289 3275 1516 3344 Κυρίου,
1560 3274 1653 3326 καὶ
1686 3275 1720 3342 ἡ
1749 3273 1836 3324 δο-

261 3365 437 3418 κοῦσα
463 3365 804 3434 ἀποστροφὴ,
841 3365 921 3426 εἰς
950 3363 1216 3431 ὠφέλειαν
1245 3362 1402 3432 ἡμῶν
1436 3364 1573 3426 ἐστι,
1605 3362 1702 3429 τῆς
1736 3378 1837 3412 κα-

260 3457 390 3519 κίας
412 3457 789 3526 ἐλευθεροῦσα,
815 3458 955 3511 κατὰ
988 3457 1044 3508 τὸ
1075 3456 1365 3526 εἰρημένον
1390 3472 1404 3485 ·
1448 3455 1697 3522 Ἀγαθόν
1717 3471 1837 3517 μοι,

261 3549 354 3601 ὅτι
387 3549 796 3612 ἐταπείνωσάς
820 3567 917 3618 με,
971 3550 1130 3613 ὅπως
1155 3548 1231 3601 ἂν
1265 3547 1434 3616 μάθω
1482 3547 1554 3600 τὰ
1603 3546 1839 3599 δικαιώ-

256 3640 420 3708 ματὰ
458 3655 594 3694 σου.
632 3641 862 3708 Πορνεία
892 3635 960 3710 ἦν
1001 3640 1096 3692 καὶ
1120 3642 1152 3707 ἡ
1191 3639 1344 3708 φωνὴ
1390 3638 1497 3690 τῶν
1541 3639 1836 3701 εἰπόντων,

257 3731 383 3780 vim
422 3728 640 3796 ἔχομεν
668 3728 956 3794 βασιλέα,
996 3728 1031 3794 ἢ
1075 3727 1160 3796 μὴ
1211 3728 1513 3794 Καίσαρα,
1555 3726 1650 3780 καὶ
1702 3728 1839 3779 ἀπο-

267 3817 509 3870 στάντων
539 3819 646 3870 ἀπὸ
671 3817 765 3871 τοῦ
814 3821 980 3879 ὅντως
1011 3818 1304 3882 Βασιλέως,
1356 3817 1404 3870 οἳ
1461 3818 1554 3870 καὶ
1588 3816 1840 3886 ήρθησαν

265 3909 377 3961 ἀπὸ
410 3911 702 3979 προσώπου
735 3911 974 3982 Κυρίου,
1020 3910 1416 3980 παραδοθέντες
1469 3910 1654 3972 αὐτοῖς
1698 3909 1841 3961 ἐκείο

264 4018 395 4062 νοις,
421 4001 729 4064 οὒςεῖλοντο
761 4002 999 4073 βασιλεῖς
1032 4000 1193 4056 εἶναι.
1226 4003 1381 4071 Τάχα
1406 4003 1462 4054 δέ
1486 4002 1580 4054 καὶ
1605 4001 1830 4070 μαστοὶ,

263 4097 292 4144 ὁ
345 4093 508 4161 νόμος
554 4093 651 4146 καὶ
692 4095 740 4147 οί
783 4095 1081 4163 προφῆται,
1122 4094 1180 4158 ἐξ
1214 4087 1289 4146 ὧν
1331 4095 1442 4154 τοῖς
1486 4092 1754 4162 Ἑϐραίοις
1779 4093 1840 4144 τὸ

265 4183 608 4252 στοιχειῶδες
656 4184 799 4252 γάλα
838 4185 932 4237 τοῦ
989 4185 1338 4254 γράμματος.
1384 4184 1614 4252 Ἐξὴρθη
1665 4182 1757 4234 οὖν
1807 4184 1838 4252 ἡ

268 4273 495 4342 πορνεία
527 4275 704 4328 αὐτῶν
729 4279 792 4329 ἐκ
827 4276 993 4346 μέσου
1021 4276 1130 4330 τῶν
1168 4274 1426 4328 τοιούτων
1465 4273 1706 4344 μαστῶν.
1738 4275 1841 4326 Οὐ·

267 4362 386 4415 κέτι
441 4364 550 4434 γὰρ
593 4365 790 4429 αὐτοὺς
823 4365 1276 4434 ἐπιγινώσκουσιν
1320 4364 1442 4418 οὕτε
1487 4366 1670 4433 νόμος,
1715 4364 1838 4416 οὒτε

267 4454 566 4522 προφῆται,
597 4456 717 4508 οὐδὲ
744 4459 1033 4526 τρέφουσιν
1064 4458 1280 4519 αὐτούς.
1309 4457 1405 4520 Τίς
1445 4459 1499 4509 δὲ
1529 4458 1628 4508 οὐκ
1654 4457 1718 4510 ἂν
1745 4454 1839 4526 εθ-

1941 615 2086 682 quis,
2129 617 2362 684 exempli
2420 618 2630 685 gratia,
2677 627 2960 673 venustam
3007 620 3250 689 aliquam
3298 629 3516 675 creatu-

1940 722 2082 767 ram,
2135 722 2364 776 eamque
2413 710 2843 778 contemplatus,
2877 709 3229 766 Conditorem
3277 712 3518 767 admira-

1941 807 2051 852 tur.
2089 796 2238 852 Hanc
2282 799 2455 868 ipsam
2497 800 2645 856 videt
2696 803 2856 868 alius,
2909 818 3159 872 eamque,
3205 805 3369 857 veluti
3419 822 3521 858 nu-

1943 903 2091 951 men,
2120 888 2272 951 colit,
2299 898 2584 958 propterea
2609 893 2754 960 quod
2789 892 2911 946 solo
2941 906 3130 955 sensu,
3163 895 3254 962 qui
3282 910 3310 947 a
3337 906 3518 948 mente

1941 976 2181 1041 deﬁciat,
2226 980 2419 1033 utitur.
2477 979 2576 1034 Hic
2631 996 2660 1034 a
2711 983 2891 1051 priore
2947 982 3040 1035 illo
3093 983 3516 1038 condemnatur.

1945 1069 2123 1123 Simili
2157 1071 2368 1124 ratione
2403 1071 2692 1139 videtquis
2722 1074 2970 1142 corporis
3009 1074 3245 1141 alicujus
3274 1076 3519 1144 pulchri-

1943 1161 2210 1224 tudinem,
2269 1163 2613 1232 miraturque
2674 1164 2887 1233 opiﬁcis
2938 1167 3260 1234 potentiam,
3321 1171 3412 1236 qui
3463 1169 3516 1222 in

1947 1252 2059 1306 luto
2099 1262 2263 1322 atque
2304 1254 2592 1322 putredine
2621 1265 2831 1308 tantam
2864 1257 3100 1310 condere
3135 1258 3373 1326 potuerit
3402 1261 3519 1311 cla—

1947 1346 2166 1399 ritatem
2205 1363 2219 1399 :
2255 1360 2375 1399 eam
2414 1346 2586 1416 ipsam
2622 1348 2976 1416 conspicatus
3008 1349 3167 1408 alius,
3211 1363 3400 1402 amore
3429 1365 3519 1402 ca-

1947 1440 2110 1506 pitur,
2171 1446 2459 1506 prottterea
2523 1440 2668 1506 quod
2734 1440 3001 1509 appetitui
3056 1440 3180 1505 soli,
3237 1441 3356 1494 sine
3409 1443 3518 1494 ullo

1947 1531 2146 1584 mentis
2185 1529 2376 1594 ductu,
2409 1531 2757 1600 obsequitur.
2808 1531 3000 1588 Nonne
3022 1532 3201 1600 igitur
3250 1532 3398 1587 hunc
3431 1531 3521 1586 ille

1945 1624 2306 1675 condemnat.

2017 1712 2083 1766 Et
2118 1714 2358 1782 auferam
2398 1714 2801 1783 fornicationem
2843 1715 2956 1782 ejus
3003 1731 3035 1769 a
3090 1715 3230 1784 facie
3288 1731 3425 1774 utea.
3471 1723 3520 1767 et

1944 1806 2267 1860 adulterium
2301 1807 2415 1868 eius
2465 1808 2527 1861 de
2578 1807 2747 1861 medio
2787 1807 3005 1861 uberum
3046 1805 3519 1873 eiusiDivortium

1944 1899 2179 1963 scilicet,
2225 1899 2372 1966 quod
2428 1913 2553 1950 cum
2607 1899 2724 1966 ipsa
2778 1899 2903 1961 feci,
2939 1899 3008 1952 ad
3057 1899 3191 1965 ejus
3230 1898 3521 1954 utilitatem

1946 1989 2071 2052 feci,
2133 2003 2242 2058 quo
2300 1990 2474 2058 ipsam
2527 2003 2556 2042 a
2593 1987 2977 2055 fornicatione,
3020 1983 3333 2044 idololatria
3375 1989 3523 2044 scili-

1942 2089 2049 2145 cet,
2083 2087 2408 2136 averteretn.
2443 2080 2773 2150 Babylonem
2808 2082 2952 2135 enim
2977 2082 3239 2146 adducta,
3269 2097 3377 2134 non
3408 2097 3523 2134 am-

1945 2170 2108 2238 plius,
2144 2179 2204 2224 ut
2234 2180 2421 2235 antea,
2471 2184 2629 2224 sacra
2670 2169 2834 2225 faciet
2865 2173 3046 2227 aureis
3078 2171 3333 2238 juvencis
3383 2186 3522 2240 quas

1943 2267 2197 2316 erexerat
2238 2257 2532 2315 Jeroboam
2569 2261 2636 2324 ",
2681 2275 2780 2315 nec
2826 2276 2927 2332 ego
2971 2261 3210 2331 amplius
3256 2262 3520 2331 aspiciam

1945 2354 2140 2422 ipsam,
2175 2353 2508 2407 exsecranda
2541 2353 2851 2408 istiusmodi
2886 2353 3029 2408 idola
3069 2354 3338 2408 colentem
3367 2371 3380 2408 :
3416 2354 3523 2424 18

1945 2447 2038 2502 sed
2082 2446 2324 2514 auferam
2367 2446 2773 2514 fornicationem
2829 2463 2855 2499 e
2898 2447 3070 2500 medio
3122 2446 3337 2500 uberum
3380 2447 3518 2516 ejus,

1944 2540 2111 2594 corde
2156 2539 2428 2600 videlicet,
2465 2553 2529 2591 ex
2584 2553 2694 2606 quo
2750 2540 2899 2606 pravi
2946 2539 3214 2606 prodeunt
3268 2538 3518 2596 affectus,

1946 2631 2171 2694 invidia,
2206 2630 2405 2692 caedes,
2435 2629 2727 2692 adulteria,
2754 2628 3170 2683 fornicationes.
3206 2628 3303 2682 Vel
3340 2631 3521 2698 impu-

1947 2721 2186 2775 dentiam
2218 2735 2313 2787 per
2366 2720 2533 2775 ubera
2579 2721 2941 2782 demonstrat,
3000 2734 3102 2786 qua
3156 2720 3220 2772 ad
3255 2719 3520 2782 ﬂagitium

1947 2828 2106 2865 onme
2139 2812 2394 2880 perfricta
2428 2811 2606 2864 fronte
2654 2811 2952 2865 ferebatur.
3005 2810 3160 2865 Nuda
3211 2812 3379 2872 enim,
3421 2813 3520 2868 ait.

1948 2903 2113 2955 ubera
2146 2916 2257 2970 prae
2281 2917 2339 2956 se
2365 2901 2596 2962 ferebat,
2635 2911 2799 2970 atque
2840 2901 2913 2954 ita
2948 2901 3000 2952 in
3037 2903 3346 2970 propatulo,
3373 2901 3523 2954 nullo

1946 2994 2241 3047 obductam
2280 2993 2566 3056 velamine,
2609 3007 2766 3046 suam
2795 2993 3153 3062 prolitebatur
3187 2993 3515 3059 nequitiam.

1946 3084 2138 3139 Omnis
2173 3085 2357 3153 itaque
2390 3083 2603 3139 Domini
2632 3085 2908 3138 correctio
2925 3095 2976 3139 et
2999 3086 3236 3146 aversio,
3261 3100 3368 3154 qua
3399 3101 3521 3138 sese

1948 3193 1975 3229 a
2010 3178 2168 3231 nobis
2203 3183 2450 3229 avertere
2493 3174 2730 3237 videtur,
2763 3184 3010 3227 nostram
3047 3175 3274 3243 respicit
3309 3176 3521 3228 utilitas

1949 3278 2078 3332 tem,
2115 3281 2212 3320 nos
2242 3265 2309 3319 ab
2342 3265 2694 3332 improbitate
2723 3273 2889 3333 atque
2925 3266 3170 3333 nequitia
3205 3264 3514 3326 daeterrcns,

1942 3360 2095 3428 juxta
2130 3361 2336 3413 dictum
2387 3357 2518 3411 illud
2559 3376 2571 3410 :
2611 3358 2817 3409 Bonum
2863 3356 3014 3417 mihi,
3053 3356 3176 3424 quia
3221 3356 3520 3408 humiliasti

1945 3469 2047 3516 me,
2081 3460 2140 3504 ut
2187 3451 2441 3503 discerem
2478 3449 2895 3518 justiﬁeationes
2950 3457 3068 3501 tuas
3093 3448 3159 3501 “.
3207 3447 3520 3500 Fornicatio

1949 3545 2074 3599 item
2103 3552 2220 3598 erat
2238 3558 2427 3597 eorum
2460 3557 2584 3605 vox,
2618 3541 2712 3609 qui
2753 3540 3012 3594 dixerunt
3041 3558 3055 3593 :
3093 3538 3215 3593 Non
3265 3540 3518 3592 habemus

1947 3637 2111 3689 alium
2138 3650 2330 3704 regem,
2367 3633 2471 3686 nisi
2519 3630 2784 3686 Ctesarem
2814 3629 2882 3694 ",
2919 3632 3124 3701 quique
3152 3644 3182 3683 a
3213 3645 3343 3684 vero
3374 3627 3520 3696 Rege

1946 3728 2316 3791 desciverunt,
2376 3725 2469 3794 qui
2529 3731 2814 3794 propterea
2861 3737 2890 3776 a
2948 3722 3160 3776 Domini
3219 3732 3514 3790 conspectu

1947 3820 2105 3890 eiecti
2146 3828 2294 3881 sunt,
2339 3832 2641 3886 eorumque
2677 3815 2873 3871 ditioni
2908 3822 2962 3870 et
2998 3816 3228 3885 imperio
3260 3815 3516 3882 subjecti,

1948 3927 2086 3981 quos
2118 3910 2221 3964 sibi
2249 3923 2405 3978 reges
2428 3907 2841 3977 concupierant.
2876 3906 3132 3961 Fortasse
3153 3908 3316 3960 etiam
3352 3905 3516 3958 ubera

1948 4012 2076 4061 sunt
2116 4005 2199 4058 lex
2226 4011 2280 4058 et
2308 4001 2586 4070 prophetae
2613 4018 2629 4067 ;
2657 3999 2859 4069 quibus
2891 4014 2957 4055 ex
2984 3999 3246 4054 uberibus
3274 3999 3514 4052 elemen-

1948 4106 2063 4152 tare
2094 4097 2285 4150 litterae
2313 4094 2396 4148 lac
2425 4093 2634 4147 Hebraei
2662 4093 2946 4162 sugebant.
2979 4091 3206 4145 Sublata
3247 4090 3416 4159 igitur
3435 4101 3517 4141 est

1947 4205 2136 4247 eorum
2199 4186 2492 4242 fornicatio
2531 4201 2562 4240 e
2606 4185 2786 4240 medio
2844 4186 3035 4239 talium
3093 4186 3346 4245 uberum,
3409 4199 3515 4236 non

1949 4275 2183 4346 amplius
2214 4274 2357 4328 enim
2388 4287 2485 4327 eos
2520 4279 2723 4326 norunt
2759 4272 2843 4326 lex
2877 4279 2971 4325 aut
3004 4272 3308 4341 prophetae,
3342 4287 3518 4338 neque

1949 4367 2216 4422 nutriunt.
2276 4365 2412 4430 Quis
2461 4378 2591 4417 vero
2644 4379 2749 4417 non
2792 4370 3032 4430 exoptet,
3082 4378 3112 4415 e
3157 4364 3335 4416 medio
3376 4363 3515 4419 tolli,

1950 4460 2276 4531 penitusque
2317 4457 2488 4511 deleri
2535 4456 2958 4534 fornicationem
2993 4455 3131 4508 adeo
3168 4455 3313 4508 bruti
3353 4469 3517 4521 appe-

267 4543 425 4609 ξιιτο
461 4546 756 4614 ὲξαρθῆναι
807 4550 900 4600 καὶ
924 4548 1308 4616 ἐξαλειφθῆναι
1331 4549 1429 4617 τὴν
1458 4547 1713 4618 πορνείαν
1744 4525 1840 4617 τῖῖς
1878 4569 1918 4623 ι)

1836 4566 1840 4605 :
1878 4569 1918 4623 ι)
1950 4525 2106 4615 titus,
2150 4525 2217 4602 ne
2265 4548 2499 4616 amplius
2548 4546 2599 4598 in
2649 4531 2949 4614 conspectu
2988 4544 3078 4598 Dei
3114 4544 3422 4612 appareat?
3466 4542 3516 4594 ll

267 4637 500 4704 ἀνοήτου
524 4638 850 4708 αἰσθήσεως,
883 4638 1022 4690 ὥστε
1056 4640 1131 4710 μὴ
1158 4640 1551 4706 ἐμφανίζεσθαι
1577 4638 1654 4708 τῷ
1678 4656 1846 4708 προσ-

266 4727 405 4795 ώπῳ
457 4728 550 4779 τοῦ
619 4730 786 4794 Θεοῦ;
845 4731 911 4783 ‘0
969 4731 1396 4798 ἀνακλαιόμενος
1445 4734 1472 4783 ὁ
1537 4733 1842 4800 προφήτης,

266 4819 433 4885 φησίν
455 4835 466 4847 ’
504 4820 686 4873 Ἔθου
721 4820 826 4886 τὰς
871 4822 1125 4890 ἀνομίας
1153 4821 1322 4889 ἡμῶν
1359 4823 1638 4875 ἐναντίον
1688 4825 1840 4893 σουξ·

267 4913 364 4959 καὶ
419 4910 582 4960 πάλιν
631 4910 866 4980 ἀλλαχοῦ
925 4913 1250 4980 εὐχόμενος,
1315 4913 1725 4981 Ἀπόστρεψον
1779 4914 1844 4967 τὸ

265 5003 595 5067 πρόσωπόν
643 5016 782 5064 σου,
819 5005 1002 5072 φησὶν,
1035 5003 1152 5058 ἀπὸ
1200 5003 1318 5056 τῶν
1367 5001 1665 5070 ἁμαρτιῶν
1699 5022 1841 5072 μου.

338 5140 383 5172 δ’
421 5141 483 5194 lll
515 5140 643 5213 Reg.
681 5159 778 5208 xu,
811 5145 901 5198 28.
979 5143 1186 5199 “Psal.
1216 5159 1404 5210 cum,
1437 5144 1526 5198 7|.

1602 5144 1646 5176 "
1673 5142 1835 5199 Joan.
1864 5161 1976 5211 xix,
2005 5142 2092 5198 i5.

1948 4641 2091 4708 quod
2139 4653 2469 4707 magnopere
2519 4637 2710 4705 lugens
2748 4637 3016 4705 Propheta
3053 4653 3067 4689 :
3115 4635 3375 4699 Posuisti,
3420 4635 3516 4694 ait,

1947 4731 2250 4800 iniquitates
2303 4739 2514 4782 nostras
2564 4741 2683 4780 ante
2732 4737 2778 4780 te
2804 4728 2873 4780 “.
2925 4727 2990 4780 Et
3035 4727 3164 4780 alibi
3217 4741 3409 4779 rursus
3442 4726 3516 4778 ita

1949 4833 2246 4894 precatur:
2291 4822 2476 4875 Averte
2530 4819 2721 4884 faciem
2767 4830 2913 4872 tuam
2956 4836 2987 4872 a
3020 4819 3253 4885 peccatis
3301 4819 3426 4870 meis
3449 4819 3514 4870 ⁸³.

1950 4913 2201 4965 Pecunia:
2245 4911 2463 4979 quidem
2497 4909 2742 4965 adultera
2781 4909 3056 4977 cupiditas
3096 4908 3263 4961 alitur
3289 4908 3516 4977 opulen-

1950 5005 2046 5068 tia,
2083 5002 2269 5071 gloriae
2311 4998 2541 5054 aviditas
2574 5000 2868 5053 multarum
2908 5000 3127 5053 urbium
3162 5000 3390 5068 imperio
3419 5009 3516 5052 at-

2168 5141 2212 5172 "
2256 5140 2395 5194 Psal.
2425 5153 2512 5200 sc.
2535 5138 2588 5192 9.
2664 5139 2707 5169 δ’
2730 5136 2870 5191 Psal.
2901 5137 3070 5202 L5H.

1423 5285 1621 5346 Varia:
1665 5286 1968 5347 lectiones
2009 5290 2069 5344 et
2114 5289 2301 5343 noue.

347 5409 457 5476 (l7)
499 5408 609 5460 Kal.
641 5408 763 5460 ἰδὼν
798 5407 1018 5478 αὖτὴνη
1043 5407 1364 5478 ἐθαυμάσθη
1420 5408 1512 5459 τὸν
1575 5409 1835 5477 Ποιητήν,

269 5494 488 5544 eamque
544 5477 930 5546 conspicatus,
983 5477 1322 5531 Conditorem
1394 5480 1645 5532 miratur.
1703 5478 1836 5532 Cod.

267 5551 400 5603 Ara.

343 5589 455 5682 ῗίκ)
484 5617 899 5688 ᾼίσχροποίῃσε,
937 5619 1156 5684 turpiter
1180 5618 1304 5688 egit.
1329 5615 1465 5671 Cod.
1502 5619 1624 5685 Arg.

490 5686 596 5776 ΣὶιῖνΙ
626 5686 829 5776 μικρῷ,
857 5689 1114 5776 inlparvo.
1148 5687 1283 5744 Cod.
1325 5689 1452 5776 Arg.

346 5758 460 5818 (-20)
489 5756 668 5810 Codex
704 5756 834 5810 Ven.
862 5756 1147 5818 additoim,
1170 5773 1294 5816 non,
1335 5757 1428 5809 sed
1467 5756 1623 5807 male.

348 5827 460 5894 (il)
505 5825 718 5893 θύσεις,
750 5827 955 5895 offeres,
992 5836 1043 5880 et
1073 5827 1230 5896 paulo
1266 5833 1388 5894 post
1425 5825 1600 5902 ἔθυες)
1653 5826 1840 5893 offuso

2330 5419 2379 5455 ει.

1949 5406 2059 5460 bas.
2088 5405 2218 5459 Cod.
2253 5405 2379 5470 Arg.

2021 5475 2133 5542 (22)
2168 5474 2261 5525 Ἐκ
2291 5471 2618 5542 pactiones:
2642 5472 2881 5524 uberibus
2906 5512 2919 5535 ,
2953 5471 3072 5542 cod.
3103 5472 3229 5540 Arg.
3270 5471 3518 5525 Theodo-

1952 5541 2099 5598 ret’us
2123 5542 2292 5604 addit,
2319 5541 2617 5610 παραδηλοῖ
2638 5542 2807 5609 δὲτὴν
2843 5541 3089 5609 καρδία»,
3119 5544 3217 5609 τὴν
3259 5542 3364 5594 ὑπὸ
3405 5545 3517 5602 τοῖς

1953 5616 2175 5681 μαστοῖς
2201 5611 2478 5680 κειμένην,
2514 5612 2736 5663 ostendit
2769 5622 2940 5664 autem
2982 5628 3092 5676 cor,
3129 5612 3223 5664 sub
3274 5613 3517 5664 uberibus

1949 5694 2123 5736 stum.

2019 5752 2130 5816 ('25)
2179 5751 2312 5811 Πὶν,
2347 5767 2514 5811 autne,
2549 5751 2695 5803 dee~t
2727 5750 2778 5802 in
2810 5750 2928 5803 cod.
2968 5753 3071 5818 Arg

2022 5822 2131 5888 (fit)
2174 5821 2448 5890 Πορκίαν,
2483 5821 2901 5888 fornicationem.
2931 5821 3061 5875 Cod.
3105 5820 3235 5876 Ven.
