4254 6442
259 355 369 417 685

1034 347 1436 410 EXPOSITIO
1478 349 1558 409 IN
1603 342 2062 405 PROPI-IET‘.M
2106 342 2448 399 OSE:\;‘tI.---
2492 342 2643 399 CIXP.
2691 341 2818 399 VH.

3387 332 3492 399 655

259 483 449 534 φησιν,
473 464 554 518 ἔτι
601 463 817 534 Ἐπειδὴ
853 464 958 532 πρὸ
999 464 1095 532 τῆς
1125 462 1232 513 τῶν
1264 462 1446 514 κακῶν
1499 460 1692 530 πείρας
1735 458 1833 509 οὐκ
1863 459 1908 516 Λ

1815 475 1833 507 ιι
1863 459 1908 516 Δ
1942 456 2043 506 hoc.
2071 467 2152 507 est
2180 455 2408 520 justitia:
2457 454 2686 513 fructus,
2724 465 2770 505 et
2814 459 2934 516 post
2967 451 3198 503 reditum
3238 464 3265 500 a
3325 450 3495 514 capti-

258 555 532 623 ἠθέλησας
589 553 786 620 γνῶναι
827 555 884 604 τὸ
908 553 1045 615 δέον,
1098 553 1216 604 οὐδὲ
1256 553 1526 621 τρνγῆσαι
1559 551 1683 611 τοὺς
1735 548 1832 615 τῆς

255 645 607 713 δικαιοσύνης
649 645 914 713 καρποὺς,
973 644 1073 697 κᾶν
1111 646 1250 711 μετὰ
1291 643 1387 711 τὴν
1419 641 1515 709 τῆς
1550 639 1830 709 αἰχμαλω-

261 739 384 798 σὶας
425 735 680 791 ἐπάνοδον
705 738 762 786 ὲν
785 735 932 808 νόμῳ
969 734 1273 798 πολιτεύου,
1311 733 1402 786 καὶ
1435 731 1594 802 ἄρξαι
1631 732 1828 799 δρέπε⁴

260 823 388 874 σθαι
446 822 571 884 τοὺς
624 823 687 874 ὲκ
747 823 844 890 τῆς
896 822 1149 891 τοιαύτης
1201 820 1473 882 πολιτείας
1529 821 1831 890 φυομένους

256 912 531 981 καρπούς.
573 913 781 981 Δρέπου
809 913 861 964 δὲ
904 913 1058 965 τοῦτο
1096 911 1303 980 σεαυτῷ
1327 929 1339 942 ’
1372 915 1431 965 οὐ
1467 913 1574 982 γὰρ
1607 911 1685 979 τῷ
1714 911 1833 981 Θεῷ

259 1017 313 1051 τι
376 1000 563 1068 κέρδος
620 1002 878 1069 φέρομεν,
935 1001 1171 1070 ἐννόμως
1232 1000 1492 1071 βιοῦντες,
1556 1000 1669 1053 ἀλλ’
1705 1002 1834 1069 ἡμῖν

261 1093 468 1154 αὐτοῖς.
501 1092 573 1143 Τὸ
611 1092 687 1156 δὲ,
720 1092 823 1145 Ἑν
868 1091 945 1156 τῷ
981 1093 1266 1146 ἰάσασθαί
1305 1108 1381 1160 με
1425 1093 1532 1144 τὸν
1572 1091 1834 1159 Ἰσραὴλ,

259 1182 420 1232 τοῦτο
457 1181 731 1250 σημαίνει,
767 1182 848 1233 ὃτι
907 1182 996 1233 Ἐν
1030 1181 1106 1251 τῷ
1142 1181 1530 1251 παρηγορῆσαί
1574 1197 1640 1248 με
1676 1180 1837 1231 αὐτὸν

260 1275 357 1327 ἐπὶ
410 1275 544 1324 πᾶσι
579 1276 689 1334 τοῖς
743 1272 983 1340 ἄλγεσιν,
1025 1268 1105 1336 οἷς
1148 1269 1293 1342 εἶχεν
1327 1272 1400 1324 ῶν
1448 1274 1504 1324 ὲν
1560 1275 1624 1342 τῇ
1676 1274 1838 1340 αἰχμο

261 1363 500 1432 αλωσίᾳ,
533 1363 630 1416 καὶ
663 1366 958 1429 ἀναγαγεῖν
996 1365 1157 1416 αὐτὸν
1193 1363 1298 1416 ἀπὸ
1316 1363 1656 1425 Βαϐυλῶνος,
1685 1364 1841 1426 σύνες

263 1455 330 1507 σὺ
367 1454 428 1507 τὸ
458 1455 595 1519 δέον,
624 1457 718 1510 καὶ
752 1455 870 1523 βίου
903 1456 1107 1522 ἀγαθοῦ
1134 1457 1314 1523 γενοῦ.

862 1546 1111 1601 ΚΕΦΑᾹ.
1165 1547 1239 1600 Ζ’.

338 1637 448 1690 Kal
481 1636 1053 1706 ἀποκαλυφθήσεται
1085 1639 1122 1704 ἠ
1179 1636 1379 1690 ἀδικία
1441 1637 1708 1708 Ἐφραὶμ,
1740 1637 1838 1690 καὶ

263 1729 306 1795 ἡ
356 1729 533 1782 κακία
578 1728 927 1797 Σαμαρείας,
967 1728 1054 1781 ὅτι
1111 1726 1426 1797 εἰργάσατο
1463 1727 1683 1797 ψευδῆ,
1741 1729 1838 1780 καὶ

1939 545 2122 603 vitate.
2155 545 2207 596 in
2242 547 2355 611 lege
2389 559 2692 613 persevera,
2729 543 3016 611 incipcque
3054 540 3148 592 tibi
3206 539 3500 606 decerpere

1937 654 1999 690 ex
2050 638 2140 689 tali
2190 638 2370 704 politia
2414 635 2809 687 subnascentcs
2858 633 3090 685 fructus.
3140 629 3374 694 Decerpe
3408 643 3500 681 eos

1940 729 2034 780 tibi
2070 729 2208 794 ipse,
2246 741 2343 780 nec
2384 727 2525 779 enim
2565 725 2673 778 Deo
2716 725 3012 792 quidquam
3052 721 3187 776 lucri
3222 720 3502 775 aﬂerimus

1941 817 2361 885 viventesjusta
2393 817 2582 882 legem,
2618 817 2711 870 sed
2747 815 3064 884 nobisipsis.
3106 813 3260 879 Quod
3293 812 3501 872 subdit,

1940 910 2076 962 Dum
2151 925 2407 962 sanavero
2460 907 2734 972 lsrueiem,
2810 908 3100 977 signiﬁcat,
3160 907 3304 975 quod
3366 904 3503 959 Dum

1940 1003 2117 1070 ipsum
2179 1001 2434 1054 consoler
2489 1000 2544 1052 in
2604 999 2862 1054 omnibus
2912 999 3200 1051 doloribus
3259 1013 3396 1066 quos
3449 998 3503 1049 in

1939 1094 2255 1162 captivitate
2283 1089 2530 1161 pertulit,
2564 1107 2796 1160 eumque
2832 1091 3089 1145 reducam
3128 1105 3158 1143 a
3204 1089 3500 1160 Bibylone,

1941 1185 2180 1252 ilttelligc
2212 1194 2266 1237 tu
2300 1183 2425 1251 quid
2464 1195 2516 1239 te
2560 1183 2767 1250 deceat,
2801 1184 3110 1258 bonamque
3139 1184 3504 1240 conversatio-

1943 1293 2058 1328 nem
2086 1276 2391 1345 auspicare.

2528 1545 2753 1599 CAPle
2799 1544 2909 1597 Vil.

2011 1642 2178 1695 Vens.
2210 1641 2258 1694 l.
2309 1641 2372 1693 Et
2402 1639 2715 1693 revelabitur
2749 1640 2951 1708 injuria
2986 1638 3259 1706 EpIn-aim,
3282 1650 3329 1692 et
3352 1641 3506 1692 vitio-

1941 1736 2074 1788 sitas
2117 1734 2397 1786 Samart'a'.
2443 1733 2582 1786 Nam
2613 1734 2875 1785 commisit
2907 1750 3066 1792 vana,
3098 1733 3288 1800 furque
3318 1733 3388 1785 ad
3416 1748 3504 1786 eos

267 1819 537 1886 κλέπτης
603 1819 752 1888 πρὸς
813 1820 1038 1886 αὐτοὺς
1097 1822 1547 1882 εἰσελεύσεται,
1602 1820 1838 1873 ἐκδιδὰ·
1872 1818 1947 1878 Βπ

1823 1850 1838 1859 -
1872 1818 1913 1873 Β
1941 1826 2281 1897 ingredietur,
2303 1826 2571 1892 pra'dator
2597 1840 2789 1878 exuens
2819 1827 2872 1877 iu
2901 1826 2986 1877 via
3016 1825 3151 1891 ejus.
3182 1823 3381 1880 lterum
3405 1824 3503 1882 dt)-

264 1928 440 1966 σκων
463 1911 573 1980 (Ιθ)
596 1911 835 1980 λῃστὴς
865 1912 935 1964 ἐν
979 1911 1057 1979 τῇ
1081 1911 1198 1976 ὀδῷ
1239 1912 1446 1967 αὐτοῦ.
1502 1911 1669 1966 Πάλιν
1702 1912 1836 1965 διδά-

269 2018 411 2065 σκει,
438 2001 519 2054 ὅτι
545 2000 764 2064 δικαίως
792 2002 1112 2071 τιμωρεῖται
1138 2002 1263 2064 τοὺς
1293 2003 1421 2071 περὶ
1439 2001 1530 2054 τὸν
1575 2002 1833 2071 Ἐφραὶμ,

269 2091 364 2144 καί
396 2108 579 2160 φησιν,
604 2091 683 2144 ὅτι
711 2091 853 2161 Δήλη
883 2091 1048 2145 πᾶσιν
1073 2092 1106 2160 ἡ
1139 2090 1453 2160 παρανομία
1477 2089 1655 2143 αὐτῶν
1679 2090 1836 2159 γενή·

270 2201 444 2246 σεται,
476 2183 559 2236 ὅτι
592 2183 916 2252 εἰργάσαντο
940 2182 1008 2234 τὰ
1035 2181 1222 2251 ψευδῆ,
1257 2181 1498 2235 τουτέστι
1526 2182 1590 2234 τὰ
1622 2180 1834 2233 εἴδωλα.

268 2277 386 2330 Καὶ
414 2275 598 2330 λοιπὸν
649 2275 697 2328 ol
742 2273 1014 2343 πολέμιοι,
1038 2273 1195 2342 δίκην
1226 2273 1472 2326 κλεπτῶν
1506 2274 1597 2326 καὶ
1627 2271 1837 2343 λῃστῶν

268 2366 459 2424 αὐτοῖς
512 2365 850 2430 ἐπελθόντες,
909 2364 1228 2418 ἐκδύσουσιν
1289 2365 1486 2428 αὐτοὺς
1554 2364 1648 2416 καὶ
1707 2363 1838 2415 ἀπο-

270 2457 621 2525 γυμνώσουσι
659 2457 875 2510 πάντων
920 2451 994 2521 ὧν
1018 2457 1230 2526 ἔχουσιν
1262 2455 1502 2525 ἀγαθῶν.
1540 2456 1836 2524 Μονονουχὶ

270 2550 368 2601 καὶ
397 2552 424 2602 ὁ
463 2549 692 2618 Χριστὸς
749 2551 882 2620 πρὸς
909 2551 1000 2601 τὸν
1029 2548 1421 2620 Ἰσραηλιτικόν
1463 2548 1590 2600 λαόν
1641 2564 1832 2616 φησιν·

276 2642 480 2710 Ἀρχου
517 2644 584 2692 τὰ
638 2642 772 2711 πρὸς
803 2643 1077 2712 σωτηρίαν
1110 2643 1316 2711 τρυγᾷν
1343 2643 1436 2693 καὶ
1493 2638 1837 2708 καρποῦσθαι

273 2730 370 2783 νῦν
403 2731 553 2800 γοῦν,
583 2733 669 2784 ὅτε
719 2727 880 2802 ἦλθον
911 2733 1019 2798 ἐγὼ
1053 2733 1377 2800 ἐπιστρέψαι
1400 2732 1469 2784 τὰ
1493 2731 1740 2800 πρόϐατα
1771 2730 1838 2781 τὰ

271 2822 592 2875 ἀπολωλότα
625 2823 772 2875 οἴκου
833 2809 1069 2893 Ἰσραὴλ,
1099 2825 1191 2876 καὶ
1221 2824 1473 2876 ἰάσασθαι
1506 2825 1630 2885 τοὺς
1654 2839 1835 2874 συντε-

272 2911 629 2980 τριμμένους.
682 2915 763 2966 Οὐ
792 2914 899 2982 γὰρ
931 2916 985 2966 οι
1017 2915 1334 2981 ἰσχύοντες
1405 2917 1614 2981 χρείαν
1661 2913 1835 2980 ἐχου-

275 3017 385 3055 alr
416 3001 639 3070 ἰατροῦ,
669 3005 807 3057 ἀλλ’
829 3008 881 3059 cl
927 3006 1124 3070 κακῶς
1154 3006 1418 3074 ἔχοντες.
1467 3005 1600 3058 Τότε
1633 3007 1840 3060 ἀπεκα-

275 3093 453 3161 λύφθη
512 3095 660 3148 πᾶσα
704 3096 737 3164 ἠ
798 3097 964 3148 κακία
1019 3097 1111 3148 τοῦ
1166 3096 1320 3160 λαοῦ,
1360 3097 1448 3149 ὅτε
1475 3096 1566 3149 τοῦ
1607 3097 1839 3149 Πιλάτου

1941 1925 2028 1972 ect
2060 1916 2203 1987 quod
2254 1917 2398 1969 haud
2449 1915 2647 1983 injuria
2694 1915 2884 1982 puniat
2924 1912 3287 1982 Ephraimitas
3340 1914 3504 1976 Deus.

1942 2009 2284 2078 perspicuam
2305 2009 2517 2060 cunctis
2555 2021 2741 2059 eorum
2781 2006 3121 2073 iniquitatem
3158 2019 3502 2064 asseverans.

1942 2097 2076 2152 Nam
2113 2098 2380 2158 fecerunt,
2434 2097 2631 2164 inquit,
2672 2096 2975 2154 mendacia.
3027 2097 3129 2150 hoc
3182 2103 3291 2156 est,
3338 2096 3502 2156 idola,

1945 2189 2174 2258 ideoque
2221 2189 2274 2241 in
2325 2196 2598 2254 posterum
2647 2187 2852 2249 hostes,
2902 2189 3077 2245 iurum
3135 2195 3188 2241 ct
3237 2189 3502 2247 latronum

1943 2277 2135 2340 instar,
2173 2290 2268 2329 cos
2299 2274 2497 2342 adorti,
2519 2286 2714 2330 exuent
2750 2276 2920 2344 ipsos,
2957 2278 3316 2346 omnibusque
3345 2277 3504 2332 bonis

1946 2367 2246 2422 nudabunt.
2276 2366 2670 2435 Propemodum
2692 2376 2744 2422 et
2769 2367 3021 2423 Christus
3045 2370 3108 2422 ad
3142 2368 3502 2424 lsraeliticum

1946 2460 2202 2527 populum
2239 2459 2369 2514 dicit
2403 2477 2415 2513 :
2463 2459 2642 2528 Incipe
2671 2477 2792 2529 qme
2836 2458 2901 2513 ad
2935 2462 3164 2514 salutem
3199 2471 3344 2515 tuam
3385 2475 3503 2530 per-

1945 2555 2139 2616 tinent,
2171 2567 2269 2605 eeu
2329 2552 2382 2604 in
2440 2552 2708 2605 vindemia
2763 2553 3018 2619 colligeie
3067 2562 3230 2622 atque
3268 2551 3501 2613 rructum

1945 2642 2256 2712 deterpere,
2308 2658 2452 2695 nunc
2497 2642 2711 2706 saltem,
2767 2646 2986 2712 quando
3036 2627 3156 2702 veni
3211 2659 3310 2711 ego
3343 2643 3510 2697 redu-

1944 2750 2089 2797 cere,
2130 2749 2457 2802 servareque
2502 2749 2632 2788 oves
2659 2735 2854 2790 domus
2900 2733 3136 2802 lsraelis,
3177 2751 3298 2804 quae
3332 2736 3504 2804 peric-

1948 2835 2090 2890 rant,
2126 2841 2189 2879 ae
2219 2839 2415 2880 sanare
2445 2825 2735 2880 contritas.
2772 2825 2881 2880 Nec
2926 2828 3069 2879 cnim
3115 2826 3239 2886 bene
3275 2829 3504 2882 valentes

1944 2925 2089 2986 egent
2123 2916 2310 2969 medici
2341 2931 2520 2982 opera,
2553 2915 2642 2967 sed
2677 2916 2812 2968 male
2853 2914 3095 2969 habentes
3129 2917 3196 2969 θ’δ.
3228 2916 3382 2970 Tunc
3418 2933 3500 2985 re-

1947 3009 2120 3063 velata
2153 3017 2235 3062 est
2265 3008 2442 3062 omnis
2468 3006 2732 3075 iniustitia
2765 3007 2969 3077 populi,
3000 3009 3239 3076 quanio,
3269 3009 3504 3064 interro-

1947 3109 2108 3169 gante
2137 3099 2331 3163 Pilato,
2361 3097 2528 3164 Quem
2551 3097 2690 3151 vobis
2723 3098 2986 3151 dimittam
3007 3102 3033 3155 2
3062 3099 3455 3168 responderunt
3485 3117 3499 3154 :

275 3185 674 3252 ἐρωτήσαντος,
715 3188 853 3239 Τίνα
895 3187 1226 3253 ἀπολύσω;
1264 3183 1415 3240 εἶπον
1441 3204 1456 3220 ο
1501 3188 1844 3242 Ἀπόλυσον
1870 3165 1910 3217 C

1821 3204 1844 3233 ν·
1870 3165 1910 3217 C
1944 3165 2165 3243 Absolve
2191 3191 2338 3243 nobis
2367 3188 2690 3254 Barabbam,
2720 3188 2903 3243 Iesum
2933 3206 3052 3244 vero
3082 3165 3226 3247 cruci
3266 3192 3412 3265 aﬁigc
3433 3194 3501 3259 ".

273 3275 422 3343 ἡμῖν
449 3275 776 3344 Βαραϐϐᾶν,
809 3277 916 3329 τὸν
942 3278 1010 3330 δὲ
1038 3277 1283 3357 Ἰησοῦν
1318 3279 1694 3346 σταύρωσον.
1731 3278 1842 3331 Καὶ

275 3365 386 3418 τῶν
414 3366 690 3434 στοιχείων
731 3369 1255 3436 καινοτομουμένων,
1299 3368 1450 3421 αὐτοὶ
1500 3367 1753 3438 ἐνέμενον
1777 3369 1840 3438 τῇ

277 3458 470 3526 κακία,
533 3458 617 3509 ὅτε
664 3459 806 3510 καὶὸ
844 3458 1076 3528 κλέπτης
1121 3459 1214 3511 καὶ
1257 3459 1482 3535 λῃστὴς,
1531 3462 1558 3513 ὁ
1614 3477 1845 3512 συσταυ-

277 3547 497 3617 ρωθεὶς,
526 3548 658 3618 πρὸς
700 3548 860 3601 αὐτὸν
897 3547 1133 3617 είσῆλθε,
1165 3551 1439 3603 τουτέστιν
1471 3550 1718 3620 ᾡκειώθη
1753 3551 1847 3604 αὖ-

275 3639 355 3707 np
395 3639 486 3691 διὰ
542 3639 641 3708 τῆς
691 3640 943 3703 πίστεως,
981 3642 1072 3693 καὶ
1115 3640 1210 3693 σὺν
1244 3641 1391 3710 αὐτῷ
1421 3643 1633 3710 ἐγένετο
1676 3643 1735 3694 ὲν
1770 3642 1846 3711 τῷ

279 3730 616 3798 παραδείσῳ.
647 3730 828 3785 Ταῦτα
861 3734 954 3783 καὶ
985 3731 1117 3802 πρὸς
1166 3732 1262 3803 τὴν
1309 3732 1486 3804 ψυχὴν
1529 3732 1848 3801 παραίνεσίς

277 3825 449 3884 ἐστιν,
505 3822 970 3891 ὲπιστρεφομένην
1019 3823 1124 3875 ἀπὸ
1175 3823 1275 3893 τῆς
1327 3824 1725 3893 αἰχμαλωσίας,
1780 3824 1846 3890 ἢν

277 3911 668 3981 ᾐχμαλωτίσθη
702 3916 813 3974 τοῖς
853 3913 1049 3966 πάθεσι
1077 3913 1425 3976 δουλεύουσα,
1472 3915 1566 3968 καὶ
1605 3915 1848 3971 ίαθείσαν

277 4003 387 4054 ἀπὸ
418 4001 527 4054 τῶν
559 4002 782 4072 πληγῶν
816 4004 912 4072 τῆς
940 4004 1211 4074 ἁμαρτίας
1245 4006 1339 4059 καὶ
1366 4005 1472 4058 τῶν
1497 4009 1846 4077 τραυμάτων,

273 4094 422 4164 ἅπερ
439 4093 613 4156 ἄλλως
635 4095 695 4147 οὐ
722 4094 1130 4165 θεραπεύονται,
1161 4098 1208 4148 εί
1242 4097 1316 4168 μὴ
1342 4097 1606 4151 δυσωδίαν
1634 4099 1727 4151 καὶ
1750 4100 1848 4166 ἀη-

275 4184 399 4237 δίαν
422 4185 556 4253 αύτῇ
585 4185 941 4255 προϐάλλωσι.
961 4187 1092 4240 Τότε
1120 4188 1226 4258 γὰρ
1244 4190 1336 4241 καὶ
1367 4189 1549 4259 ίατρὸν
1582 4191 1847 4259 ἐπιζητεῖ,

279 4277 370 4327 ὅτε
400 4276 685 4346 ἀηδίζεται
735 4277 829 4330 καὶ
877 4277 1215 4348 δυσχεραίνει
1259 4279 1392 4349 πρὸς
1422 4280 1518 4349 τὴν
1564 4280 1845 4346 δυσωδίαν,

277 4367 459 4430 καθὼς
492 4370 581 4420 καὶ
613 4368 773 4421 Δαείδ
797 4384 810 4398 ·
845 4368 1234 4437 Προσώζεσαν
1296 4371 1391 4424 καὶ
1436 4371 1762 4440 ἐσάπησαν
1794 4375 1848 4426 οὶ

1944 3275 2022 3328 Ad
2056 3276 2170 3330 haec
2198 3276 2479 3331 elementis
2509 3277 2646 3345 legis
2685 3280 2900 3333 novatis
2936 3281 3355 3348 perseverabant
3400 3285 3503 3355 ipsi

1945 3366 1996 3417 in
2023 3364 2248 3430 malitia,
2266 3362 2482 3434 quando
2507 3377 2560 3420 et
2582 3365 2669 3419 fur
2696 3374 2750 3420 et
2777 3368 2954 3435 praedo
2977 3384 3083 3426 una
3110 3385 3233 3426 cum
3256 3385 3323 3426 eo
3354 3373 3503 3428 cruci

1947 3454 2136 3508 afﬁxus
2170 3456 2236 3508 ad
2259 3471 2382 3510 eum
2417 3456 2650 3522 introiit,
2680 3457 2780 3511 hoc
2816 3468 2898 3513 est
2926 3475 3020 3528 per
3049 3461 3206 3515 iidem
3249 3463 3296 3517 el
3325 3479 3504 3520 asser-

1949 3552 2037 3597 tus
2073 3552 2178 3606 est,
2215 3554 2268 3597 et
2322 3546 2634 3602 vindicatus
2676 3546 2728 3600 in
2779 3547 3105 3613 libertatem,
3154 3551 3206 3605 in
3255 3554 3505 3621 paradiso

1947 3648 2069 3686 cum
2103 3649 2166 3685 co
2198 3649 2384 3701 agens.
2421 3635 2542 3688 llaec
2586 3636 2748 3690 etiam
2792 3638 2989 3692 animae
3032 3649 3162 3695 sunt
3199 3642 3506 3707 exhortatio

1947 3724 2230 3777 redeuntis
2278 3738 2307 3777 a
2351 3725 2683 3792 captivitate,
2727 3741 2834 3795 qua
2885 3725 3106 3785 detenta
3177 3731 3276 3786 fuit
3320 3735 3504 3806 pravis

1949 3814 2234 3868 alieetibns
2278 3817 2542 3880 serviens,
2593 3829 2905 3888 sanataeque
2939 3836 2970 3876 a
3007 3821 3177 3892 plagis
3211 3807 3418 3900 peccati
3454 3835 3507 3878 et

1947 3907 2264 3960 vulneribus
2314 3922 2436 3974 qua:
2487 3908 2622 3962 alias
2669 3925 2775 3963 non
2829 3922 3092 3964 curantur
3129 3915 3232 3969 nisi
3276 3917 3508 3982 graviter

1946 3994 2094 4048 olere
2143 4003 2197 4048 et
2246 3995 2520 4050 inammna
2566 4011 2686 4051 esse
2729 3997 2830 4071 ipsi
2868 3999 3153 4067 cmperint,
3201 4009 3314 4054 tum
3362 4003 3506 4063 enim

1947 4085 2165 4140 demum
2234 4087 2463 4156 inquirit
2521 4089 2812 4153 medicum,
2854 4092 3073 4160 quando
3133 4091 3321 4146 tetrica
3373 4093 3511 4162 (lunt

1949 4178 2192 4242 vulnera,
2221 4179 2449 4247 ipsaque
2489 4194 2631 4247 κει-ο
2662 4183 2868 4248 patitur
2893 4183 3339 4253 graveolentiam,
3383 4201 3507 4254 per-

1949 4268 2073 4322 inde
2119 4282 2181 4321 ac
2224 4267 2390 4321 David
2433 4284 2557 4321 cum
2594 4271 2830 4324 dixisset
2862 4287 2878 4325 :
2915 4270 3156 4324 Graviter
3191 4273 3431 4325 oluerunt
3460 4283 3508 4327 et

1949 4370 2377 4427 computruerunt
2423 4360 2612 4414 vibices
2661 4378 2789 4415 mea:
2817 4364 2902 4417 9‘:
2956 4364 3183 4418 subdit:
3225 4363 3309 4418 Ne
3357 4366 3508 4419 dere-

271 4458 564 4527 μὼλωπές
584 4476 703 4526 μου
725 4477 738 4490 ο
797 4461 965 4512 εἰπὼν
997 4462 1054 4513 δὲ
1100 4461 1246 4529 λέγει
1268 4475 1283 4490 ⁹
1318 4462 1413 4530 Μὴ
1441 4463 1845 4530 ἐγκαταλίπῃς
1877 4488 1921 4542 ι)

1824 4483 1845 4528 ς
1877 4488 1921 4542 D
1951 4447 2154 4514 linquzs
2175 4464 2278 4513 me,
2295 4447 2511 4501 Domine
2526 4448 2665 4501 Deus
2683 4460 2844 4513 meus,
2867 4466 3025 4516 neque
3048 4467 3079 4503 a
3105 4467 3182 4504 me
3202 4451 3425 4506 desistas
3440 4455 3504 4506 °’.

271 4566 370 4617 με,
441 4549 618 4616 Κύριε
671 4553 704 4604 ὀ
753 4553 896 4616 Θεός
938 4569 1077 4620 μου,
1121 4551 1203 4620 μὴ
1233 4551 1509 4619 ἀποστῇς
1533 4553 1634 4606 ἀπ’
1671 4553 1837 4621 ἐμοῦ.

276 4642 415 4694 Τότε
458 4641 635 4694 τοίνυν
677 4641 1069 4708 ἀπαλλαγεῖσα,
1129 4637 1173 4696 ὦ
1204 4645 1370 4713 ψυχὴ,
1404 4645 1500 4714 τῆς
1545 4646 1840 4714 ἁμαρτίας,

273 4731 457 4800 τρύγα
485 4733 612 4795 τοὺς
644 4737 892 4802 καρποὺς
919 4735 1017 4804 τῆς
1045 4735 1244 4803 ἀρετῆς
1270 4752 1284 4765 ·
1315 4735 1449 4788 ἀλλὰ
1479 4738 1678 4806 σεαυτῇ
1718 4736 1841 4788 τού-

275 4840 406 4885 τους
449 4823 646 4893 τρύγα,
685 4824 760 4894 μὴ
785 4825 922 4893 πρὸς
965 4825 1222 4889 ἐπίδειξίν
1269 4843 1320 4878 τι
1354 4825 1603 4889 ποιοῦσα,
1638 4825 1750 4877 ἁλλ’
1786 4827 1843 4879 ὲν

278 4916 422 4984 αὐτῇ
448 4915 508 4965 τὸ
531 4915 690 4967 καλὸν
716 4916 1078 4985 ἐργαζομένη.
1124 4915 1591 4971 Ἀποκαλύπτεται
1617 4917 1675 4971 δὲ
1707 4919 1841 4988 αὐτῇ

277 5006 403 5058 τότε
426 5007 520 5058 καὶ
546 5007 608 5059 τὸ
638 5005 832 5075 ψεῦδος
859 5009 958 5077 τῆς
989 5005 1204 5068 κακίας.
1237 5007 1372 5060 Τότε
1401 5010 1510 5078 γὰρ
1547 5009 1669 5078 ὁρᾷ,
1698 5011 1843 5072 ὅπως

277 5100 346 5157 τὰ
398 5097 495 5166 τῆς
541 5099 736 5160 κακίας
779 5099 915 5168 ἔργα
961 5099 1128 5168 ψευδῆ
1159 5101 1264 5151 εἰσι
1301 5100 1395 5151 καὶ
1426 5100 1679 5169 ἀπατηλὰ
1703 5118 1716 5130 '
1751 5103 1845 5154 καὶ

278 5190 344 5241 δι’
405 5189 580 5240 αὐτῶν
613 5192 639 5242 ὁ
673 5191 909 5258 κλέπτης
955 5192 1047 5242 καὶ
1108 5190 1310 5261 λῃστὴς
1351 5190 1592 5253 διάϐολος
1641 5191 1844 5255 εἰσιὼν,

278 5279 586 5332 ἑκδιδύσκει
645 5282 737 5335 τὸν
785 5281 1090 5352 ἄνθρωπον,
1129 5283 1224 5335 καὶ
1252 5282 1455 5352 γυμνὸν
1489 5283 1668 5350 πάσης
1699 5283 1846 5345 θείας

350 5415 397 5447 ⁸³
431 5413 597 5468 Marc.
634 5429 691 5478 η,
721 5414 805 5472 l7.
884 5415 929 5446 ’⁵
952 5413 1142 5468 Matth.
1165 5429 1334 5477 xxvu,
1375 5414 1461 5468 l7.

1946 4540 2058 4612 64
2088 4540 2242 4595 Tunc
2273 4541 2437 4610 igitur
2466 4541 2693 4594 liberata
2740 4543 2918 4594 anima
2948 4557 2976 4594 a
3006 4543 3265 4611 peccatis,
3290 4544 3508 4598 virtutis

1951 4634 2161 4686 l‘ructus
2182 4631 2388 4701 colligit
2408 4631 2539 4702 (tl).
2563 4633 2631 4687 At
2650 4647 2764 4694 eos,
2790 4632 2985 4700 inquit,
3007 4633 3102 4686 tibi
3133 4633 3234 4702 ipsi
3257 4634 3507 4704 decerpe,

1950 4741 2060 4780 non
2102 4726 2307 4780 faciens
2356 4726 2563 4795 aliquid
2617 4726 2683 4780 ad
2733 4726 3174 4802 ostentationem,
3222 4728 3318 4783 sed
3364 4729 3418 4782 in
3462 4739 3510 4782 te

1950 4819 2066 4886 ipsa
2099 4819 2299 4871 bonum
2325 4831 2578 4890 operare.
2620 4816 2756 4870 Tum
2789 4831 3008 4886 quoque
3041 4818 3311 4889 detegitur
3341 4819 3389 4875 ei
3421 4834 3510 4872 va-

1950 4913 2091 4965 nitas
2116 4910 2333 4964 malitiaa
2367 4928 2380 4964 :
2427 4911 2572 4964 videt
2595 4910 2738 4965 enim
2770 4925 2933 4980 quam
2974 4911 3084 4966 sint
3112 4913 3317 4982 peccati
3348 4927 3509 4981 Opera

1952 5013 2058 5056 tam
2094 5001 2376 5056 mendacia
2430 5016 2593 5072 quam
2638 5003 2822 5056 noxia.
2857 5001 2961 5056 Per
2994 5003 3108 5057 haec
3144 5001 3227 5055 l'ur
3255 5012 3307 5057 et
3331 5003 3514 5071 pra'do

1954 5095 2187 5148 Satanas
2218 5095 2499 5162 ingressus
2529 5094 2802 5147 hominem
2831 5094 3052 5164 spoliat,
3073 5108 3135 5147 ac
3163 5095 3231 5147 ab
3256 5095 3402 5146 omni
3433 5095 3507 5144 di-

1953 5190 2081 5240 vina
2129 5188 2304 5256 gratia
2350 5186 2553 5240 nudum
2594 5186 2898 5248 constituit,
2928 5185 2979 5238 in
3018 5186 3102 5238 via
3130 5185 3263 5254 ejus,
3298 5185 3401 5237 hoc
3430 5196 3512 5238 est

1956 5280 2359 5348 iuquocunquc
2400 5279 2521 5331 vita:
2554 5291 2754 5346 genere
2789 5276 2976 5341 fuerit,
3010 5277 3126 5330 sive
3155 5259 3222 5329 in
3253 5277 3508 5331 sacerdo-

1539 5415 1586 5445 ⁹⁶
1620 5412 1766 5468 Psal.
1802 5429 2008 5478 sxxvn,
2033 5413 2086 5467 6.
2163 5414 2204 5444 ³⁷
2235 5411 2381 5467 Psal.
2413 5425 2592 5474 xxxiv,
2624 5409 2712 5462 2‘2.

1464 5527 1660 5588 Variae
1690 5526 2000 5588 lectiones
2029 5533 2090 5586 et
2121 5533 2308 5587 notae.

354 5629 466 5708 (ιο)
493 5626 1110 5708 Scribendumiortasse
1162 5629 1508 5708 ἐκδιδύσκων,
1565 5637 1620 5684 ιιι
1685 5630 1848 5703 paulo

282 5707 410 5770 post
443 5706 499 5752 in
540 5706 937 5753 connuentarto
963 5707 1280 5768 usurpatur.

2029 5629 2141 5698 (ll)
2194 5628 2332 5682 Tunc
2387 5629 2564 5698 igitur.
2612 5643 2640 5678 ο
2685 5628 2896 5698 auium,
2932 5643 2962 5677 a
3005 5635 3212 5690 peccato
3267 5623 3507 5688 liberata,

1957 5696 2168 5754 virtutis
2208 5696 2416 5766 [οἰκ-ωε
2444 5696 2648 5764 collige.
2685 5696 2757 5749 Ita
2782 5697 2969 5750 (lutea
3003 5699 3162 5750 verba
3195 5703 3413 5748 sonant.
