4254 6442
214 372 321 435 733

920 373 1322 432 EXPOSITIO
1363 373 1442 432 IN
1486 374 1943 432 l'RUl’llETAM
1981 376 2251 435 OSEAM.
2286 397 2352 406 -
2392 375 2547 434 CAP.
2595 375 2690 432 1X.

3364 367 3470 431 73ῑ

215 481 391 542 νιίας,
434 480 492 530 τὸ
522 478 820 549 ἐμϐλέψαι·
847 480 940 532 τοῦ
974 484 1160 549 φόνου,
1192 483 1254 532 τὸ
1290 481 1636 550 Ουμωοῆναι.
1668 484 1790 534 Μα-
1819 483 1867 538 Α

1782 513 1790 522 -
1819 483 1867 538 A
1897 484 2022 535 trit'e
2047 485 2110 534 ⁸⁷.
2137 483 2268 547 Qua:
2298 497 2426 536 vero
2459 481 2547 532 illa
2573 482 2697 532 est?
2719 476 3022 546 Cujuslibet
3054 475 3260 545 peccati
3291 478 3462 543 prima

219 572 338 621 στοὶ
367 569 422 621 δέ
457 571 851 640 ἀνατρέψοντες
886 571 946 622 τὸ
1005 571 1177 623 κακὸν
1225 571 1448 637 ἕγκονον
1493 573 1697 642 Ιὲκγον.
1721 571 1790 643 1’].

217 662 269 711 οί
306 659 738 730 συνηγοροῦντες
771 664 835 730 τῇ
869 661 1117 732 ἁμαρτίᾳ
1137 662 1388 730 λογισμοί
1417 680 1475 714 τε
1503 665 1594 715 καὶ
1625 664 1792 730 λόγοι,

215 752 288 805 δι’
313 745 389 803 ὧν
418 753 730 822 ἀδρύνεται.
763 754 907 822 Εὐχή
938 749 1034 806 οῦν
1062 754 1188 819 ἀξία
1229 756 1580 824 προφητικῆς
1614 756 1795 824 ψυχῆς

218 845 279 896 τὸ
307 843 444 913 μήτε
483 846 737 908 τοιαύτας
795 847 1012 915 μήτρας
1075 847 1315 910 τίκτειν,
1371 849 1507 916 μήτε
1558 848 1796 914 μαστοὺς

216 937 500 1000 τοιούτους
555 940 845 1008 πηγᾶζειν.
887 941 993 992 Καὶ
1017 942 1128 1002 τοῖς
1162 940 1475 1002 Θεοκτόνοις
1515 939 1570 991 δέ
1633 939 1728 991 καὶ
1760 941 1793 1007 ἡ

223 1030 411 1098 μήτρα
445 1030 689 1094 ἄτεκνος,
723 1034 752 1098 ἡ
783 1026 1076 1100 νομοθεσία
1118 1031 1212 1084 τοῦ
1240 1033 1590 1102 γράμματος,
1627 1032 1719 1084 καὶ
1747 1033 1797 1083 οι

217 1121 548 1191 προφητικοὶ
581 1120 726 1190 λόγοι
752 1121 924 1193 ξηροί.

293 1383 490 1438 Πᾶσαι
515 1387 574 1437 al
609 1383 805 1436 κακίαι
857 1381 975 1435 τῶν
1005 1383 1075 1434 ἐν
1103 1383 1372 1449 Γαλγὰλ,
1399 1383 1492 1434 ὅτι
1521 1381 1652 1434 ἐκεῖ
1671 1383 1796 1450 ἐμί-

219 1489 390 1539 σησα
425 1473 647 1538 αὐτοὺς
667 1473 763 1525 διὰ
792 1471 899 1538 τὰς
929 1473 1143 1536 κακίας
1173 1471 1290 1524 τῶν
1313 1471 1799 1540 ἐπιτηδευμάτων

215 1565 441 1619 αὐτῶν.
463 1567 555 1618 Ἐκ
587 1565 691 1619 τοῦ
725 1565 898 1618 οἴκου
921 1583 1039 1633 μου
1059 1564 1332 1618 ἐκϐάλλω
1362 1562 1795 1635 [υιιΙφ-ϐαλῶ]

217 1659 466 1720 αὐτούς.
509 1658 728 1726 Ἐπειδὴ
759 1658 814 1709 ἐν
847 1657 1146 1724 Γαλγάλοις
1177 1656 1417 1726 μάλιστα
1451 1655 1793 1716 ἐδυσσέὅουν,

217 1749 427 1802 τούτων
467 1749 759 1818 μέμνηται,
802 1749 896 1801 καί
936 1765 1105 1817 φησι·
1144 1749 1242 1800 Διὰ
1294 1749 1360 1799 τὰ
1395 1748 1513 1798 ἐκεῖ
1559 1748 1795 1817 πραττό-
1828 1792 1832 1796 .

1899 576 2116 628 occasio
2150 583 2202 626 et
2230 573 2466 642 ohjectio
2513 589 2524 624 :
2559 568 2960 629 fornicationis,
3022 567 3242 620 videre:
3274 565 3460 622 cardis.

1903 661 2089 714 irasci.
2129 661 2376 713 litamina:
2416 661 2718 711 educantes
2755 660 2994 724 genitura
3043 656 3266 719 malum,
3310 655 3461 722 cogi-

1904 755 2132 808 tationes
2186 765 2314 807 sunt
2379 753 2569 804 sceleri
2632 749 3038 803 consentientes
3095 757 3148 798 ct
3183 761 3466 799 sermones

1901 845 2100 912 quibus
2133 843 2397 910 augescit.
2441 841 2675 896 Proinde
2709 833 2949 908 precatio
3008 846 3090 890 est
3147 835 3463 904 prophetico

1901 938 2096 1006 spiritu
2127 937 2314 1004 digna,
2359 951 2426 988 ne
2461 932 2716 986 matrices
2759 931 2922 983 hasce
2967 927 3327 994 malignantes
3361 937 3456 990 pa-

1899 1029 2066 1090 riant,
2113 1025 2306 1078 etl'teta:
2365 1025 2542 1087 factae,
2611 1038 2748 1076 neve
2804 1021 2969 1073 ubera
3024 1015 3282 1086 producta
3323 1012 3462 1065 mala

1898 1120 2193 1174 enutriant.
2229 1116 2428 1169 Christi
2465 1131 2680 1184 quoque
2729 1111 3068 1166 occisoribus
3127 1108 3323 1159 matrix
3381 1113 3464 1157 est

1899 1211 2127 1270 sterilis,
2165 1207 2432 1278 legis-latio
2497 1207 2755 1258 nimirum
2792 1203 3003 1262 litterae,
3057 1195 3465 1267 propheticique

1900 1316 2178 1356 sermones
2217 1307 2345 1353 sunt
2373 1298 2453 1349 eis
2481 1297 2640 1349 aridi.
3162 1352 3167 1360 ε

1973 1394 2139 1447 Vsus.
2180 1393 2264 1444 15.
2311 1389 2504 1444 Omnes
2561 1387 2918 1455 malignitatcs
2973 1387 3212 1450 ipsorum
3247 1381 3299 1431 in
3346 1378 3466 1430 Cal-

1899 1491 2008 1558 gul,
2044 1486 2289 1556 quoniam
2325 1485 2434 1535 illic
2465 1481 2551 1533 odi
2580 1496 2691 1543 eos,
2726 1488 2938 1545 propter
2969 1475 3329 1542 malignitate;
3354 1481 3466 1522 sm-

1898 1583 2107 1634 tliorum
2138 1592 2373 1629 suorum.
2422 1574 2465 1626 Ε
2485 1579 2640 1624 dumo
2673 1588 2784 1623 mea
2809 1570 3020 1638 ejiciam
3054 1583 3162 1620 eos.
3199 1563 3462 1628 Quoniam

1901 1675 1956 1728 in
1987 1672 2224 1742 Galgalis
2253 1669 2488 1724 maxime
2523 1665 2744 1719 luerunt
2781 1663 2956 1729 impii,
3014 1661 3206 1712 horum
3271 1655 3464 1709 tuemi-

1902 1768 2002 1829 nit,
2051 1773 2104 1817 et
2149 1764 2227 1815 ait
2270 1779 2282 1813 :
2329 1759 2560 1825 Propter
2616 1757 2725 1809 illic
2772 1752 3013 1807 admissa
3069 1749 3332 1802 facinora.
3375 1743 3462 1796 odi

220 1859 383 1909 μενα,
418 1841 659 1912 ἐμίσησα
713 1841 930 1903 αὐτούς.
988 1841 1080 1893 Διὸ
1110 1842 1203 1892 καὶ
1240 1840 1336 1892 τοῦ
1373 1843 1526 1893 οἴκου
1560 1857 1660 1908 μου
1711 1841 1796 1891 ἐκ·
1829 1827 1869 1880 Β

1786 1871 1796 1878 ·
1829 1827 1869 1880 Β
1903 1860 2070 1928 ipsos,
2106 1870 2168 1908 ac
2187 1853 2398 1922 ejiciam
2459 1867 2550 1900 eos
2581 1865 2643 1900 ex
2670 1849 2833 1900 dumo
2867 1859 3004 1906 mea,
3057 1841 3138 1895 vel
3179 1855 3242 1891 ex
3285 1836 3466 1888 Palae-

217 1934 371 1987 δαλῶ
425 1936 642 1997 αὐτοὺς,
698 1934 729 2002 ἦ
783 1937 878 2004 τῆς
937 1932 1328 2000 Παλαιστίνης,
1384 1934 1450 2002 ἢν
1517 1932 1796 2001 {clama};

217 2024 390 2088 οἷκον,
432 2026 560 2096 παρ’
592 2025 725 2095 ἐμοῦ
779 2025 1000 2078 δοθέντα
1034 2026 1239 2087 αύτοτς,
1279 2025 1311 2093 ἢ
1351 2024 1445 2076 τοῦ
1494 2025 1622 2078 ναοῦ
1654 2043 1755 2095 μου
1781 2041 1794 2054 ⁶

220 2117 488 2186 μετοικιῶ
521 2115 627 2185 γὰρ
656 2115 875 2177 αύτούς.

291 2207 403 2262 Καὶ
423 2208 589 2276 οὺμὴ
613 2207 940 2275 προσθήσω
965 2207 1071 2260 τοῦ
1095 2203 1402 2275 ἀγαπῆσαι
1423 2207 1662 2268 αὐτούς.
1683 2204 1798 2258 Οἰικ

215 2301 421 2361 αὐτοὺς
454 2300 751 2366 ἀνήγαγον,
782 2298 918 2352 ἀλλὰ
944 2297 1070 2360 τοὺς
1095 2298 1350 2365 ἐκγόνους
1378 2296 1579 2350 αὐτῶν·
1612 2296 1799 2364 ὥσπερ

219 2390 320 2443 καὶ
365 2390 464 2458 τὴν
502 2390 604 2458 γῆν
635 2390 734 2458 τῆς
787 2390 1126 2457 ἐπαγγελίας
1167 2389 1438 2457 ὑπέσχετο
1469 2389 1566 2457 μὲν
1593 2390 1703 2448 τοῖς
1741 2390 1798 2440 ἐν

217 2480 488 2548 Αἰγύπτῳ
541 2479 769 2532 δώσειν·
829 2481 950 2532 ἐπεὶ
1008 2480 1065 2532 δέ
1129 2479 1431 2545 ἐξελθόντες
1480 2479 1800 2546 ἐγόγγυζον,

219 2572 384 2624 αὐτοὶ
410 2572 508 2640 μὲν
529 2571 805 2625 ἀπώλοντο
834 2573 889 2623 ἐν
907 2574 974 2641 τῇ
1007 2573 1222 2642 ἐρήμῳ,
1243 2573 1293 2622 oi
1317 2570 1371 2623 δέ
1397 2570 1586 2631 παῖδες
1618 2570 1799 2621 αὐτῶν

223 2665 504 2718 ἀπέλαϐον
540 2664 765 2733 ταύτην.
796 2665 941 2735 Πλὴν
973 2665 1019 2716 εἰ
1045 2664 1139 2717 καὶ
1172 2665 1371 2724 αὐτοὺς
1404 2663 1628 2724 τούτους
1658 2665 1796 2731 ἠγά-

223 2772 425 2824 πησεν,
461 2756 614 2807 οὐδὲν
664 2754 992 2823 Θαυμαστόν.
1036 2754 1326 2822 Σκοπήσας
1380 2753 1508 2821 γὰρ,
1545 2755 1800 2822 εὑρήσεις

222 2847 328 2917 τὴν
383 2847 720 2917 προφητείαν
785 2847 988 2916 μεστὴν
1028 2844 1286 2906 ἀπειλῶν,
1321 2847 1416 2899 καὶ
1467 2845 1534 2898 αῦ
1579 2845 1801 2913 ἀγαθῶν

222 2937 590 3004 ἐπαγγελιῶν.
652 2937 740 3000 Ὦς
782 2938 890 3007 γὰρ
945 2940 1006 2989 ἐν
1055 2938 1362 3008 προοιμίοις
1414 2937 1650 3006 εἴρηται,
1714 2937 1801 2988 διὰ

219 3029 386 3082 τοῦτο
418 3030 632 3082 ἀπειλεῖ
658 3029 812 3092 Θεὸς,
867 3029 956 3082 ἵνα
1011 3029 1377 3098 βελτιωοῶσιν
1407 3030 1455 3080 οί
1489 3028 1798 3093 ἀκούοντες,

1899 1952 2064 2015 stina,
2102 1961 2262 2016 quam
2313 1959 2410 2012 pro
2443 1942 2604 1993 domo
2651 1940 2962 1993 habuerunt
3001 1950 3030 1986 a
3081 1947 3164 1984 me
3209 1929 3310 1982 sibi
3367 1939 3468 1978 tra.

1898 2023 2088 2104 ditaiu,
2128 2038 2206 2092 vel
2238 2053 2301 2091 ex
2336 2033 2534 2102 templo
2567 2047 2707 2093 meo,
2749 2030 2856 2081 alio
2906 2027 3048 2079 enim
3096 2025 3241 2091 ipsos
3277 2030 3460 2072 trans-

1899 2131 2094 2184 feram.

1896 2222 1900 2227 ’
1972 2219 2082 2274 Nec
2111 2219 2331 2284 posthac
2369 2235 2456 2270 eos
2511 2215 2758 2283 diligam.
2807 2211 2923 2263 Non
2979 2210 3126 2261 enim
3191 2208 3340 2275 ipsus
3400 2219 3464 2256 ex

1898 2309 2214 2378 captivitate
2247 2306 2483 2366 reduxit.
2517 2304 2608 2358 sed
2649 2303 2862 2355 illormn
2904 2308 3149 2370 posteros
3183 2316 3196 2350 :
3224 2311 3373 2365 a-que
3405 2309 3469 2348 ac

1903 2411 2107 2455 terram
2135 2397 2521 2468 promissionis
2551 2395 2602 2449 in
2633 2395 2867 2464 Egypto
2897 2391 3184 2461 agentibus
3247 2385 3466 2456 quidem

1903 2491 2430 2548 llehraeisdaturum
2493 2505 2550 2542 se
2579 2487 2852 2556 pollicitus
2909 2493 3014 2543 est,
3049 2497 3172 2550 quae
3229 2476 3465 2548 posteris

1901 2601 2090 2640 eorum
2131 2583 2349 2636 tandem
2377 2581 2592 2648 obtigit.
2629 2577 2764 2630 Nam
2806 2591 2927 2630 cum
2967 2573 3171 2642 egressi
3223 2585 3469 2623 murmu-

1902 2675 2192 2738 rarent,in
2234 2675 2452 2728 deserto
2485 2673 2588 2740 ipsi
2643 2669 2866 2739 quidem
2923 2665 3267 2725 interierunt,
3330 2662 3472 2716 ﬁlios

1901 2783 2093 2822 eorum
2125 2765 2492 2835 promissione
2522 2764 2852 2832 excipiente.
2880 2759 3044 2824 Atqui
3081 2754 3297 2808 etiamsi
3347 2753 3470 2806 illos

1906 2861 2054 2927 ipsos
2085 2856 2390 2920 dilexisset,
2414 2871 2556 2924 quos
2587 2862 2768 2908 tamen
2797 2863 3076 2919 nunquam
3127 2862 3248 2900 sese
3299 2845 3469 2897 dilec-

1904 2961 2085 3003 turum
2115 2964 2261 3002 nunc
2289 2948 2386 3012 ait,
2422 2947 2558 3000 nihil
2590 2945 2788 2998 mirum
2822 2949 2988 2995 esset.
3023 2937 3158 2992 Nam
3218 2939 3263 2991 si
3324 2946 3472 2987 recte

1905 3043 2172 3118 intuearis
2202 3057 2336 3103 rem.
2364 3041 2610 3094 invenies
2637 3037 2976 3107 prophetiam
3005 3031 3257 3088 relerlam
3289 3027 3471 3083 minis.

230 3122 330 3175 καὶ
367 3121 792 3187 βελτιωοέντων,
822 3120 921 3173 οὐκ
956 3121 1253 3186 ἐπάγονται
1282 3119 1348 3172 τὰ
1394 3119 1757 3186 ἀπειλούμενα
1783 3136 1797 3148 °
1828 3155 1871 3212 ε
1905 3153 1910 3187 ε

1789 3136 1797 3148 ’
1828 3155 1871 3212 c
1905 3150 1970 3188 ac
2003 3149 2197 3186 rursus
2233 3131 2390 3185 bonis
2415 3129 2898 3199 promissionihns,
2929 3133 2986 3176 ut
3035 3124 3087 3176 in
3153 3119 3469 3188 praefatione

231 3213 313 3280 μὴ
374 3211 770 3280 βελτιωθέντων
825 3213 921 3276 δέ,
978 3211 1194 3274 πάντως
1247 3210 1562 3278 ἐπάγονται.
1619 3209 1802 3262 Ταῦτα

229 3303 520 3372 προδήλως
552 3303 645 3354 καὶ
676 3304 786 3364 τοῖς
816 3302 1130 3361 Θεοκτόνοις
1155 3303 1328 3353 οἰκεία
1347 3318 1360 3330 ·
1391 3303 1483 3352 καὶ
1515 3301 1624 3370 γὰρ
1652 3301 1804 3352 αὐτοὶ

225 3393 586 3462 ὲκϐἑϐληνται
620 3392 712 3444 τοῦ
745 3393 895 3445 οῐκου
926 3410 940 3426 ο
977 3392 1134 3445 τοῦτο
1175 3393 1294 3461 μὲν,
1325 3393 1388 3444 ἐκ
1456 3393 1674 3462 μέρους,
1723 3393 1803 3443 ὅτι

224 3483 482 3546 ἐξέὗαλεν
538 3483 566 3534 ὁ
611 3481 812 3552 Κύριος
872 3481 976 3546 ἔξω
1021 3479 1115 3533 τοῦ
1175 3481 1321 3551 ἱεροῦ
1360 3483 1485 3543 τοῦς
1543 3483 1804 3551 ἐμπόριον

229 3574 524 3635 ποιοῦντας
567 3574 658 3626 τὸν
709 3569 856 3625 οἷκον
891 3571 984 3625 τοῦ
1030 3572 1242 3644 [ἰατρὸς
1298 3573 1500 3626 αὐτοῦ’
1536 3574 1692 3625 τοῦτο
1723 3575 1803 3636 δέ,

229 3666 465 3718 καθόλου
499 3668 815 3734 σύμπαντες
860 3664 1106 3734 ὔστερον,
1144 3666 1230 3716 ὅτε
1283 3665 1374 3717 τὸν
1414 3665 1540 3717 ναὸν
1565 3665 1803 3729 καθεῖλε,

227 3759 324 3810 καὶ
371 3756 558 3809 οὐκέτι
607 3754 915 3824 προσέθετο
982 3755 1009 3805 δ
1063 3754 1192 3816 Θεὸς
1241 3754 1526 3824 ἀγαπῆσαι
1585 3753 1802 3816 αύτούς.

234 3848 480 3914 Ἐψθασε
515 3848 623 3916 γὰρ
663 3847 749 3898 ἐπ’
786 3847 986 3907 αὐτοὺς
1025 3848 1058 3916 ὴ
1092 3847 1230 3916 ὀργὴ
1258 3848 1338 3910 εἰς
1371 3846 1548 3910 τέλος,
1582 3849 1679 3900 καὶ
1716 3847 1810 3899 τὸν

227 3941 402 3993 νῶτον
450 3939 630 3993 αὐτῶν
678 3939 765 3992 διὰ
812 3940 1010 4002 παντὸς
1063 3939 1424 4009 συνέκαμψεν,
1460 3941 1539 4000 εἰς
1568 3940 1809 3991 δουλείαν

228 4033 432 4094 αὐτοὺς
465 4031 761 4101 παραδοὺς,
798 4030 930 4084 διότι
966 4033 1136 4083 πᾶσαι
1181 4033 1236 4083 αἱ
1283 4031 1469 4083 κακίαι
1514 4032 1692 4082 αὐτῶν
1730 4034 1810 4094 είς

230 4123 470 4192 Χριστὸν
503 4121 976 4190 ἐξεμετρήθησαν,
1015 4122 1073 4173 ὃν
1108 4122 1214 4174 ἀπὸ
1248 4121 1346 4189 τῆς
1373 4121 1661 4182 Γαλιλαίας
1692 4121 1807 4174 ἕλε-

230 4233 331 4282 γον
360 4214 688 4283 γεγενῆσθαι.
722 4214 784 4283 [Ῑ.
830 4211 1178 4284 γεγεννῇσο.]
1225 4212 1554 4282 ὐδρίζοντες.
1607 4213 1806 4280 Ἐρεύο

231 4324 434 4372 νησοι·
463 4306 594 4376 γὰρ,
627 4307 783 4374 φησι,
816 4305 915 4357 καί
958 4305 1067 4368 ἴδε,
1124 4305 1211 4358 ὅτι
1251 4308 1567 4374 προφήτης
1600 4308 1668 4360 ἐκ
1701 4308 1810 4373 τῆς

232 4398 567 4460 Γαλιλαίας
614 4397 724 4448 οὐκ
767 4394 1100 4462 ἐγήγερται.
1150 4395 1305 4446 Ἐπεὶ
1368 4396 1423 4447 δέ
1477 4395 1537 4447 τὸ
1593 4396 1808 4463 Γαλγὰλ

233 4491 689 4558 κατακυλισμὸς
721 4491 832 4560 (61)
857 4489 1242 4558 ἑρμηνεύεται,
1274 4490 1401 4557 ὅρα,
1444 4489 1526 4541 ὅτι
1555 4490 1682 4542 ὅταν
1709 4508 1807 4541 κα-

235 4577 624 4646 τακυλιώμεθα
652 4580 744 4632 ἐπὶ
771 4580 838 4631 τὰ
865 4579 1016 4631 κάτω
1041 4579 1176 4646 (Gil),
1214 4579 1289 4648 μὴ
1319 4580 1387 4632 τὰ
1408 4581 1520 4633 ἄνω
1550 4581 1806 4649 φρονοῦν-

236 4687 350 4732 τες,
375 4662 480 4722 οῦδ
510 4670 765 4736 Χριστὸς,
802 4671 922 4723 τότε
956 4668 1282 4737 μισούμεθα,
1315 4671 1407 4723 καὶ
1434 4671 1807 4740 ἐκϐαλλόμεθα

237 4777 304 4812 εκ
333 4758 428 4811 τοῦ
458 4758 710 4829 ούρανοῦ,
744 4760 802 4821 ὃς
833 4762 980 4812 ἐστιν
1027 4757 1173 4821 οἶκος
1203 4759 1362 4823 Θεοῦ,
1397 4761 1621 4824 δικαίως
1652 4764 1809 4816 τοῦτο

237 4853 562 4920 πάσχοντες,
593 4853 727 4905 διότι
750 4853 884 4923 μηδέ
914 4855 1050 4920 πρὸς
1072 4853 1299 4922 οὐρανὸν
1334 4853 1634 4924 ἐϐλέπομεν
1671 4856 1806 4924 (65).

236 4943 394 5005 dera,
430 4943 571 5011 quod
628 4944 850 5012 quando
910 4943 977 4996 ad
1033 4943 1140 4996 ima
1215 4952 1376 4998 terra:
1437 4947 1601 5013 hujus
1650 4946 2010 5012 devolvimur,
2063 4947 2305 5000 caalestia
2389 4960 2497 4998 non
2566 4943 2882 5012 spirantes,
2929 4940 3207 4999 Scrutare,

236 5035 381 5101 quod
419 5037 676 5103 propheta
707 5052 810 5090 non
853 5045 936 5090 est
978 5051 1044 5090 ex
1083 5036 1328 5099 Galilaea,
1377 5039 1471 5092 sed
1533 5054 1600 5092 ex
1662 5042 1824 5102 coelo,
1867 5057 1985 5107 quae
2018 5049 2100 5095 est
2143 5041 2339 5094 domus
2399 5037 2524 5090 Dei:

239 5142 272 5194 q
319 5127 460 5180 ando
495 5144 664 5196 neque
696 5130 762 5183 ad
798 5129 1040 5182 ccelestia
1081 5129 1488 5195 conslieximus.

313 5289 356 5318 "
394 5285 539 5339 Psal.
567 5301 697 5342 Lvu.
731 5289 781 5340 4.
862 5287 907 5319 ⁸⁸
938 5287 1092 5340 Joan.
1135 5302 1228 5351 vu,
1270 5285 1360 5341 4|.

1907 3227 2136 3280 dictum.
2217 3223 2510 3292 Propterea
2596 3219 3008 3277 intermittatur,
3065 3221 3124 3267 ut
3188 3212 3472 3264 audientes

1907 3317 2287 3378 emendentur,
2324 3329 2387 3367 ac
2424 3310 2713 3368 emendata
2747 3310 2858 3363 vita
2897 3321 2997 3362 sua
3037 3321 3143 3358 non
3175 3301 3472 3363 adducant,

1909 3409 2000 3464 scd
2038 3407 2218 3476 potius
2252 3412 2501 3458 avertant
2526 3402 2726 3464 minas,
2763 3399 2973 3452 malave
3001 3411 3122 3466 qna>
3147 3392 3468 3447 intermina-

1909 3511 1997 3554 tus
2021 3508 2104 3552 est
2132 3496 2418 3549 Dominus.
2466 3493 2599 3546 Nam
2635 3493 2690 3545 in
2738 3505 2833 3544 eos
2866 3489 2960 3558 qui
3013 3501 3192 3539 mores
3221 3492 3272 3537 et
3305 3483 3470 3535 vitam

1907 3607 2062 3646 suam
2087 3605 2192 3642 non
2217 3590 2272 3641 in
2315 3586 2510 3638 melius
2537 3583 2916 3644 alteravcriut,
2947 3579 3170 3633 omnino
3202 3576 3474 3629 inducun-

1911 3691 1996 3735 tur
2026 3681 2191 3734 mala.
2247 3678 2370 3732 llaec
2415 3677 2695 3745 propalam
2747 3672 2950 3726 Judzeis
3000 3685 3219 3738 quoque
3272 3666 3473 3721 Christi

1912 3766 2396 3836 interemptoribus
2422 3761 2783 3816 conveniunt.
2844 3758 3057 3813 Etenim
3092 3765 3146 3811 et
3199 3755 3274 3808 illi
3311 3753 3472 3821 ejecti

1909 3865 2037 3912 sunt
2067 3872 2131 3909 ex
2167 3855 2334 3910 domo
2370 3870 2384 3906 :
2420 3856 2655 3922 primum
2690 3867 2756 3904 ex
2788 3857 2963 3919 parte,
3009 3846 3228 3916 quando
3259 3844 3417 3912 ejecit
3446 3859 3477 3895 e

1913 3950 2114 4018 templo
2154 3949 2417 4002 Dominus
2445 3945 2831 4014 negotiatores,
2878 3941 2973 4010 qui
3027 3955 3092 3992 ex
3154 3935 3331 3989 Patris
3393 3933 3478 3987 sui

1911 4042 2024 4094 aede
2075 4039 2376 4107 emporium
2440 4037 2763 4091 faciebant:
2815 4033 3009 4084 deinde.
3061 4031 3112 4082 iu
3161 4029 3475 4082 universum

1911 4147 2102 4186 munes
2155 4149 2171 4185 :
2215 4131 2465 4198 posthac,
2525 4129 2747 4199 quando
2810 4127 3068 4192 templum
3125 4120 3315 4181 diruit,
3381 4129 3480 4168 nec

1913 4224 2150 4292 amplius
2176 4237 2272 4278 eos
2305 4222 2533 4290 diligere
2567 4217 2842 4289 perrexit:
2882 4212 3129 4284 pervenit
3151 4211 3294 4263 enim
3318 4221 3479 4273 super

1914 4317 2063 4384 ipsus
2100 4316 2180 4368 ira
2219 4315 2273 4367 in
2326 4313 2510 4373 tinem,
2573 4320 2628 4364 et
2683 4310 2906 4362 dorsum
2970 4306 3215 4374 ipsorum
3263 4314 3480 4367 semper

1917 4406 2149 4470 iuliexit,
2183 4406 2248 4460 ad
2279 4405 2595 4459 servitutem
2625 4417 2720 4456 eos
2771 4398 3022 4460 tradens,
3058 4403 3117 4448 ut
3169 4395 3243 4447 ita
3298 4393 3480 4445 omnis

1919 4499 2159 4565 ipsorum
2220 4495 2274 4548 in
2351 4493 2628 4548 Christum
2685 4487 2999 4558 malignitas
3054 4482 3478 4554 persolveretur,

1915 4589 2028 4656 88
2060 4603 2222 4654 quem
2261 4585 2332 4639 ab
2373 4584 2590 4637 Calilzra
2647 4582 2902 4634 dicebant
2952 4586 3163 4636 natum,
3223 4573 3478 4641 iniuriam

1919 4679 1991 4730 illi
2054 4673 2358 4729 inferendo.
2428 4672 2682 4731 Scrutare
2738 4670 2909 4730 enim,
2974 4665 3172 4735 inquit,
3238 4670 3288 4715 et
3348 4661 3480 4714 vide.

1916 4767 2166 4832 quoniam
2197 4767 2450 4834 propheta
2498 4779 2562 4817 ea:
2600 4761 2831 4816 Galilaza
2862 4777 2964 4813 non
2990 4767 3067 4811 est
3117 4755 3380 4808 excitatus
3414 4750 3479 4801 ".

1915 4857 2055 4921 Quia
2105 4874 2236 4912 vero
2287 4857 2476 4925 Galgal
2531 4855 2905 4908 revolutiouem
2953 4848 3242 4919 signiﬁcat,
3300 4843 3481 4898 consi-

3288 4934 3480 4998 inquit,

2605 5036 2750 5089 haud
2793 5033 2990 5101 injuria
3056 5031 3156 5084 hoc
3217 5027 3482 5097 patientes

1403 5415 1598 5475 Varia:
1638 5413 1942 5476 lectiones
1987 5425 2046 5477 et
2094 5421 2278 5476 noue.

319 5543 431 5609 (lii)
457 5543 867 5609 Κατακλυσμός.
901 5539 1036 5592 Cod.
1072 5537 1206 5590 Ven.

318 5585 431 5676 issi
459 5585 1356 5664 Mirareris}:gaias-ni
1386 5624 1396 5657 ε
1430 5606 1660 5657 ca'leslt'a
1710 5621 1812 5655 non

243 5675 542 5734 snectaates
598 5683 684 5732 ubi
718 5690 794 5732 est
829 5679 1099 5740 Clu'istus;
1125 5687 1231 5728 tum
1255 5675 1374 5726 odio
1423 5678 1690 5733 habemur,
1722 5681 1783 5723 de

241 5752 615 5818 trudiuaurque
641 5751 785 5813 ratio,
812 5749 948 5819 quod
991 5748 1279 5800 estdomus
1319 5746 1432 5810 Dci,
1485 5747 1668 5796 merito
1721 5744 1815 5794 hoc

1922 5539 2203 5602 patientes,
2227 5545 2312 5587 etc
2369 5536 2540 5588 Aliter
2570 5533 2765 5602 Irgisse
2795 5532 3007 5586 videtur
3039 5530 3090 5584 in
3109 5545 3208 5583 suo
3239 5529 3359 5582 cod.
3387 5527 3491 5581 Lo-

1925 5624 2160 5658 lll('.t‘l'||.\'.

1997 5677 2103 5742 (0'3)
2140 5673 2537 5744 Ἐμελέπομεν.
2584 5670 2714 5723 Cod.
2753 5669 2884 5723 Ven.
