4254 6442
244 367 352 430 733

951 374 1352 436 exrosmo
1392 377 1476 437 IN
1516 380 1972 443 rnorne'rau
2011 344 2280 448 essm.
2315 412 2381 420 —
2421 390 2576 450 car.
2623 391 2719 448 1x.

3323 421 3325 425 έ
3394 392 3499 455 73ί

244 476 420 538 γαίας,
463 477 520 527 τὸ
551 476 849 547 ἐμϐλέψαιο
875 480 969 533 τοῦ
1003 485 1188 549 φόνου,
1220 487 1282 536 τὸ
1319 485 1383 537 Ou
1399 488 1665 554 μωθῆναι.
1697 492 1818 542 Μα-
1848 492 1895 547 Α

1810 522 1818 530 -
1848 492 1895 547 Α
1925 495 2050 546 trirc
2075 496 2139 545 ⁸⁷.
2166 496 2297 559 Qum
2326 511 2454 550 vero
2488 496 2575 547 illa
2601 503 2683 548 est
2703 499 2726 549 ?
2748 496 3050 565 Cujuslibet
3081 498 3288 566 peccati
3319 502 3490 566 prima

247 567 366 617 στοὶ
396 565 450 617 δὲ
485 569 879 638 ἀνατρέφοντες
914 571 974 623 τὸ
1034 573 1205 625 κακὸν
1254 575 1476 641 ἔγκονον
1521 579 1817 651 1ἕκγον.“ἶ],

243 656 296 706 οί
333 657 766 727 συνηγοροῦντες
797 664 862 730 τῇ
896 663 1144 733 ἁμαρτίᾳ
1165 665 1416 734 λογισμοί
1444 685 1503 720 τε
1531 656 1621 722 καὶ
1653 672 1818 738 λόγοι,

242 747 315 799 δι’
339 740 416 798 ὧν
445 749 756 818 ἀδρύνεται.
789 753 932 822 Εὑχὴ
964 750 1060 807 οῦν
1089 756 1214 821 ἀξία
1256 762 1606 830 προφητικῆς
1640 763 1821 832 ψυχῆς

243 839 305 891 τὸ
333 839 469 908 μήτε
508 844 762 906 τοιαύτας
821 847 1038 915 μήτρας
1099 849 1340 914 τίκτειν,
1397 855 1532 922 μήτε
1583 856 1821 921 μαστοὺς

240 933 524 996 τοιούτους
579 938 870 1006 πηγάζειν.
911 940 1017 993 Καὶ
1041 944 1153 1004 τοῖς
1186 943 1499 1008 Θεοκτόνοις
1539 945 1594 998 δὲ
1657 947 1751 999 xui.
1785 949 1817 1016 ὴ

246 1025 434 1092 μήτρα
468 1027 712 1092 ἄτεκνος,
745 1032 776 1096 ἡ
807 1032 1098 1100 νομοθεσία
1141 1034 1235 1086 τοῦ
1264 1037 1612 1106 γράμματος,
1651 1039 1742 1092 καὶ
1771 1042 1820 1092 οί

239 1117 571 1185 προφητικοὶ
603 1118 748 1187 λόγοι
774 1120 946 1193 ξηροί.

313 1379 511 1433 Πᾶσαι
535 1383 594 1434 αι
629 1382 825 1434 κακίαι
877 1382 995 1436 τῶν
1025 1385 1094 1436 ἐν
1121 1387 1392 1453 Γαλγὰλ,
1419 1388 1512 1439 ὅτι
1541 1387 1672 1441 ἐκεῖ
1691 1391 1816 1458 ἐμί-

237 1483 410 1534 σησα
444 1470 666 1536 αὐτοὺς
686 1471 782 1524 διὰ
811 1471 918 1537 τὰς
947 1475 1162 1539 κακίας
1192 1475 1310 1527 τῶν
1333 1477 1817 1547 ἐπιτηδευμάτων

234 1561 459 1613 αὐτῶν.
482 1563 573 1615 Ἐκ
605 1564 709 1616 τοῦ
743 1565 916 1618 οἴκου
939 1584 1057 1634 μου
1077 1567 1351 1622 ἐκϐάλλω
1381 1568 1813 1641 [ηιμ-ϐαλῶ]

235 1655 483 1716 αὐτούς.
527 1655 745 1725 Ἐπειδὴ
777 1657 832 1708 ἐν
863 1656 1163 1725 Γαλγάλοις
1194 1660 1435 1729 μάλιστα
1468 1661 1810 1726 ἐδυσσέὁουν,

235 1744 444 1797 τούτων
482 1746 776 1816 μέμνηται,
819 1749 911 1801 καί
952 1765 1122 1818 φησι·
1161 1753 1259 1803 Διὰ
1311 1753 1376 1803 τὰ
1411 1753 1530 1805 ἐκεῖ
1576 1757 1811 1823 πραττό-
1845 1801 1849 1805 .

1927 587 2143 639 occasio
2177 595 2230 638 et
2257 588 2494 656 ohjectio
2540 605 2552 640 :
2587 587 2987 649 fornicationis,
3049 589 3230 641 videre
3257 605 3271 641 :
3301 589 3487 646 caédis.

1929 673 2115 726 irasci.
2155 674 2403 728 Mamilia:
2442 676 2744 728 educantes
2781 678 3020 742 genitum
3070 678 3292 742 malum,
3337 680 3488 746 cogi-

1929 766 2157 820 tationes
2212 778 2340 820 sunt
2405 769 2594 820 seeleri
2658 768 3064 822 consentientes
3121 779 3173 821 et
3208 785 3492 824 sermones

1926 856 2125 922 quibus
2157 857 2422 924 augescit.
2465 857 2700 910 Proinde
2733 850 2974 925 precatio
3033 867 3116 911 est
3171 859 3488 925 prophetico

1925 950 2119 1017 spiritu
2151 949 2337 1017 digna,
2383 966 2450 1002 ne
2485 949 2740 1002 matrices
2782 949 2946 1002 hasce
2991 949 3350 1016 malignantes
3385 962 3480 1015 pa-

1922 1039 2090 1101 riant,
2135 1038 2329 1091 effrena
2388 1040 2565 1103 factm,
2633 1054 2771 1092 neve
2827 1040 2992 1092 ubera
3047 1038 3305 1106 producta
3347 1037 3485 1090 mala

1920 1132 2215 1184 enutriant.
2251 1130 2450 1184 Christi
2487 1147 2702 1199 quoque
2751 1131 3090 1184 occisoribus
3150 1132 3345 1181 matrix
3403 1137 3487 1182 est

1921 1222 2148 1282 sterilis,
2187 1222 2454 1290 legislatio
2519 1223 2776 1274 nimirum
2813 1222 3025 1283 litterae,
3079 1219 3486 1288 propheticiqnc

1920 1327 2198 1366 sermones
2237 1321 2366 1366 sunt
2393 1313 2473 1364 eis
2502 1313 2660 1365 aridi.
2771 1371 2774 1373 λ
3182 1374 3188 1382 ι

1993 1405 2158 1458 Vens.
2201 1406 2283 1457 15.
2331 1403 2523 1458 Omnes
2581 1405 2938 1473 ntalignitatcs
2993 1407 3231 1471 ipsorum
3266 1404 3319 1454 in
3366 1402 3486 1454 Gal-

1918 1501 2027 1568 gul,
2063 1499 2308 1567 quoniam
2344 1500 2453 1550 illic
2484 1497 2570 1549 odi
2599 1514 2710 1561 eos,
2744 1508 2956 1562 propter
2988 1497 3348 1564 malignitates
3373 1505 3485 1546 stu-

1916 1594 2125 1644 diorum
2156 1607 2390 1642 suorum.
2440 1589 2658 1641 Edonio
2691 1606 2801 1640 mea
2827 1590 3038 1657 ejicith
3072 1604 3180 1641 eos.
3217 1587 3481 1651 Quoniam

1918 1684 1972 1738 in
2004 1684 2242 1754 Galgalis
2269 1683 2505 1737 maxime
2539 1681 2761 1735 fuerunt
2799 1683 2973 1749 impii,
3031 1682 3222 1733 hormn
3288 1679 3481 1732 tuemi-

1918 1777 2017 1840 nit,
2067 1785 2120 1828 et
2165 1777 2243 1827 ait
2286 1793 2298 1827 :
2344 1773 2576 1840 Propter
2633 1775 2740 1826 illic
2788 1772 3029 1826 admissa
3085 1771 3348 1826 facinora,
3391 1768 3478 1821 odi

237 1853 399 1902 μενα,
434 1838 674 1909 ἐμίσησα
729 1841 945 1903 αὐτούς.
1003 1843 1095 1895 Διὸ
1126 1845 1219 1895 καὶ
1256 1844 1352 1896 τοῦ
1390 1848 1541 1899 οἴκου
1575 1864 1675 1914 μου
1726 1849 1812 1899 ἐκ·
1845 1837 1884 1890 Β

1801 1879 1812 1887 ·
1845 1837 1884 1890 Β
1919 1870 2086 1938 ipsos,
2121 1882 2184 1920 ac
2202 1865 2413 1934 ejiciam
2474 1882 2565 1916 eos
2596 1882 2658 1916 ex
2685 1866 2848 1917 domo
2882 1878 3019 1926 mea,
3072 1863 3153 1916 vel
3195 1877 3256 1913 ex
3301 1859 3481 1912 Patar—

234 1928 387 1981 ὕαλῶ
440 1932 656 1995 αὐτοὺς,
712 1933 743 2002 ἢ
797 1937 891 2004 τῆς
952 1935 1343 2004 Παλαιστίνης,
1399 1940 1465 2007 ἣν
1531 1939 1708 2008 ἔσχον,
1739 1941 1810 2003 ὡς

233 2019 404 2083 οἶκον,
446 2023 574 2092 παρ’
606 2023 738 2093 ἐμοῦ
791 2025 1014 2078 δοθέντα
1047 2027 1253 2090 αὐτοῖς,
1293 2029 1325 2097 ἢ
1365 2030 1458 2082 τοῦ
1507 2032 1636 2084 ναοῦ
1668 2051 1769 2102 μου
1795 2051 1808 2063 '

235 2113 500 2179 μετοικιῶ
534 2112 640 2182 γὰρ
668 2115 887 2177 αὐτούς.

304 2203 414 2256 Καὶ
435 2205 602 2273 οὺμὴ
625 2207 951 2273 προσθήσω
976 2209 1083 2262 τοῦ
1106 2207 1415 2280 ἀγαπῆσαι
1435 2213 1674 2276 αὐτούς.
1695 2212 1810 2267 Οὐκ

230 2295 432 2357 αὐτοὺς
465 2296 762 2364 ἀνήγαγον,
793 2298 928 2350 ἀλλὰ
955 2299 1081 2362 τοῦς
1105 2302 1362 2368 ἐκγόνους
1389 2303 1591 2355 αὐτῶν
1623 2303 1810 2373 ὥσπερ

233 2384 332 2437 καὶ
375 2386 473 2454 τὴν
512 2385 615 2455 γῆν
645 2387 745 2455 τῆς
798 2389 1136 2458 ἐπαγγελίας
1177 2394 1448 2461 ὑπέσχετο
1480 2395 1577 2463 μὲν
1603 2398 1714 2456 τοῖς
1752 2398 1809 2448 ἐν

228 2475 497 2544 Αἰγύπτῳ
550 2477 778 2530 δὼσειν’
838 2481 959 2532 ἐπεὶ
1018 2482 1074 2534 δὲ
1138 2482 1441 2548 ἐξελθόντες
1490 2485 1810 2553 ἐγόγγυζον,

228 2567 392 2618 αὐτοὶ
418 2568 516 2635 μὲν
537 2569 814 2622 ἀπώλοντο
842 2573 898 2622 ἐν
916 2575 982 2642 τῇ
1015 2575 1230 2644 ἐρήμῳ,
1251 2577 1301 2626 οἱ
1325 2575 1380 2627 δὲ
1406 2576 1594 2638 παῖδες
1626 2578 1807 2629 αὐτῶν

231 2659 511 2712 ἀπέλαϐον
547 2662 773 2731 ταύτην.
804 2665 949 2734 Πλὴν
980 2667 1028 2717 εί
1053 2668 1147 2719 καὶ
1179 2668 1378 2728 αὐτοὺς
1412 2669 1635 2731 τούτους
1666 2673 1804 2739 ἠγά-

230 2766 431 2819 πησεν,
467 2752 620 2804 οὐδὲν
671 2752 999 2822 θαυμαστόν.
1043 2757 1332 2825 Σκοπήσας
1387 2759 1515 2827 γὰρ,
1552 2761 1807 2830 εὑρήσεις

228 2841 334 2911 τὴν
387 2845 726 2915 προφητείαν
790 2846 994 2917 μεστὴν
1033 2847 1292 2910 ἀπειλῶν,
1327 2851 1422 2904 καὶ
1473 2851 1540 2904 αῦ
1585 2853 1807 2920 ἁγαοῶν

228 2933 596 3000 ἐπαγγελιῶν.
657 2935 744 2998 Ὠς
787 2938 894 3008 γὰρ
950 2941 1012 2991 ἐν
1060 2941 1368 3010 προοιμίοις
1419 2943 1656 3012 εἴρηται,
1719 2945 1806 2997 διὰ

224 3023 390 3076 τοῦτο
421 3027 636 3079 ἀπειλεί
663 3027 816 3090 Θεὸς,
871 3029 960 3082 ἵνα
1014 3030 1381 3100 βελτιωοῶσιν
1411 3035 1460 3086 οί
1494 3035 1803 3101 ἀκούοντες,

1914 1961 2078 2028 stina,
2117 1975 2275 2028 quam
2328 1973 2424 2025 pro
2458 1957 2619 2009 domo
2666 1957 2976 2010 habuerunt
3015 1971 3044 2007 a
3095 1969 3178 2006 me
3223 1952 3324 2005 sibi
3381 1963 3483 2003 tra-

1911 2034 2102 2115 ditam,
2141 2050 2220 2104 vel
2251 2066 2314 2104 ex
2350 2049 2548 2117 templo
2580 2064 2721 2111 meo,
2763 2048 2870 2099 alio
2919 2047 3062 2099 enim
3110 2046 3255 2113 ipsos
3291 2053 3473 2096 trans-

1911 2142 2078 2195 feram
2091 2181 2107 2196 .

1908 2232 1913 2237 ’
1983 2230 2094 2286 Nec
2123 2232 2343 2296 posthac
2381 2249 2468 2285 eos
2522 2232 2770 2300 diligant.
2818 2230 2934 2282 Non
2991 2231 3137 2282 enim
3203 2229 3352 2298 ipsus
3412 2243 3476 2281 ex

1909 2321 2225 2389 captivitate
2257 2321 2494 2382 reduxit,
2528 2321 2619 2374 sed
2660 2319 2873 2372 illormn
2914 2328 3159 2390 posteros
3194 2338 3207 2372 :
3235 2335 3384 2387 a'que
3416 2335 3479 2373 ac

1913 2422 2118 2465 terram
2144 2413 2530 2481 promissionis
2562 2411 2613 2466 in
2643 2412 2877 2481 {Egypto
2907 2411 3194 2481 agentibus
3257 2409 3476 2478 quidem

1912 2504 2157 2558 Hebraeis
2182 2504 2438 2557 daturum
2501 2521 2559 2558 se
2588 2505 2861 2572 pollicitus
2919 2513 3023 2563 est,
3059 2519 3181 2571 quae
3238 2499 3474 2570 posteris

1909 2612 2098 2650 eorum
2139 2596 2356 2650 tandem
2385 2597 2600 2664 obtigit.
2637 2594 2771 2648 Nam
2813 2611 2935 2648 cum
2974 2594 3179 2663 egressi
3230 2609 3477 2645 murum-

1910 2696 2117 2750 rarent,
2145 2688 2200 2741 in
2241 2689 2459 2742 deserto
2492 2689 2595 2756 ipsi
2650 2687 2873 2756 quidem
2929 2686 3274 2747 interierunt,
3337 2686 3479 2741 filios

1908 2794 2099 2832 eorum
2131 2780 2498 2848 promissione
2528 2781 2858 2849 excipiente.
2885 2778 3050 2844 Atqui
3087 2777 3302 2830 etiamsi
3353 2777 3477 2831 illos

1912 2871 2060 2938 ipsos
2090 2869 2396 2934 dilexisset,
2419 2887 2561 2939 quos
2591 2879 2773 2925 tamen
2802 2884 3081 2939 nunquam
3133 2884 3253 2922 sese
3305 2868 3475 2921 dilec-

1909 2972 2090 3013 turum
2121 2977 2266 3014 nunc
2294 2962 2390 3026 ait,
2426 2963 2562 3016 nihil
2594 2962 2792 3015 mirum
2827 2969 2992 3015 esset.
3027 2959 3162 3013 Nam
3222 2962 3267 3014 si
3329 2971 3477 3012 t‘oth

1910 3055 2176 3108 iutuearis
2205 3071 2339 3117 rem,
2367 3055 2613 3110 invenies
2640 3056 2979 3125 prophetiam
3009 3052 3260 3108 refertam
3293 3052 3475 3108 mittis,

234 3117 334 3170 καὶ
370 3117 795 3183 βελτιωθέντων,
825 3120 924 3174 οὐκ
960 3123 1256 3188 ἐπάγονται
1285 3123 1352 3176 τὰ
1397 3126 1761 3194 ἀπειλούμενα
1787 3145 1801 3156 ·
1831 3165 1874 3221 C
1909 3163 1914 3197 ε

1792 3145 1801 3156 ’
1831 3165 1874 3221 c
1909 3161 1972 3198 ac
2007 3161 2200 3199 rursus
2236 3145 2392 3199 bonis
2418 3147 2900 3213 promissiouibus,
2932 3153 2989 3196 ut
3038 3145 3090 3196 in
3156 3143 3472 3209 pra:fatione

235 3207 315 3274 μὴ
375 3207 772 3275 βελτιωθέντων
827 3211 924 3275 δὲ,
981 3213 1197 3276 πάντως
1249 3215 1564 3283 ἐπάγονται.
1622 3217 1806 3270 Ταῦτα

232 3298 522 3366 προδήλως
554 3301 647 3351 καὶ
678 3302 788 3361 τοῖς
818 3300 1132 3363 Θεοκτόνοις
1157 3306 1329 3356 οἰκεῖα
1349 3322 1361 3334 ·
1393 3308 1485 3359 καὶ
1517 3308 1626 3377 γὰρ
1654 3310 1806 3360 αὐτοὶ

228 3389 586 3458 ἐκϐέϐληνται
620 3390 713 3442 τοῦ
745 3392 896 3444 οίκου
927 3410 941 3426 ο
977 3393 1135 3446 τοῦτο
1176 3395 1294 3463 μὲν,
1326 3397 1389 3449 ἐκ
1457 3399 1674 3468 μέρους,
1724 3401 1804 3452 ὅτι

225 3477 481 3539 ἐξέϐαλεν
537 3480 566 3530 ὁ
610 3479 812 3550 Κύριος
871 3481 975 3545 ἔξω
1021 3481 1115 3534 τοῦ
1175 3485 1321 3554 ίεροῦ
1360 3489 1486 3549 τοὺς
1543 3490 1803 3558 ἐμπόριον

229 3569 522 3632 ποιοῦντας
566 3571 658 3624 τὸν
709 3567 856 3624 οἷκον
890 3572 983 3625 τοῦ
1029 3575 1242 3646 Harpe;
1298 3577 1499 3630 αὐτοῦ·
1535 3581 1692 3632 τοῦτο
1723 3583 1802 3645 δὲ,

229 3661 463 3712 καθόλου
497 3665 813 3731 σύμπαντες
858 3664 1105 3735 ὕστερον,
1142 3667 1228 3719 ὅτε
1281 3668 1373 3720 τὸν
1413 3670 1538 3722 ναὸν
1563 3673 1801 3738 καθεῖλε,

225 3753 321 3804 καὶ
368 3752 555 3805 οὐκέτι
604 3753 912 3822 προσέθετο
979 3756 1006 3806 ὁ
1060 3756 1190 3818 Θεὸς
1240 3757 1524 3828 ἀγαπῆσαι
1584 3762 1801 3824 αὐτούς.

231 3843 476 3908 Ἐφθασε
511 3845 619 3912 γὰρ
659 3845 746 3897 ἐπ’
782 3846 982 3909 αὐτοὺς
1021 3850 1054 3918 ή
1089 3848 1226 3919 ὀργὴ
1255 3851 1335 3913 είς
1369 3850 1544 3916 τέλος,
1579 3857 1676 3906 καὶ
1713 3856 1806 3907 τὸν

224 3935 398 3987 νῶτον
445 3936 625 3989 αὐτῶν
673 3937 760 3990 διὰ
806 3941 1005 4003 παντὸς
1059 3942 1420 4012 συνέκαμψεν,
1456 3946 1535 4006 εἰς
1565 3945 1805 3999 δουλείαν

225 4027 427 4090 αὐτοὺς
460 4028 756 4098 παραδοὺς,
793 4030 924 4084 διότι
961 4034 1130 4085 πᾶςαι
1175 4035 1231 4085 αἱ
1277 4036 1464 4088 κακίαι
1509 4037 1688 4089 αὐτῶν
1725 4042 1805 4103 είς

225 4118 465 4187 Χριστὸν
497 4118 969 4189 ἐξεμετρήθησαν,
1008 4123 1066 4175 ὃν
1101 4124 1208 4176 ἀπὸ
1242 4125 1340 4193 τῆς
1367 4125 1655 4188 Γαλιλαίας
1686 4128 1801 4181 ἕλε-

223 4227 324 4276 γον
353 4211 680 4279 γεγενῆσθαι
715 4213 778 4282 [Ῑ.
823 4213 1170 4286 γεγεννῇσο.]
1219 4216 1547 4285 ὑϐρίζοντες.
1601 4220 1800 4287 Ἐρεύ-

223 4319 426 4367 νησοι·
455 4302 586 4372 γὰρ,
619 4306 775 4372 φησι,
809 4306 907 4357 καί
949 4307 1058 4370 ἴδε,
1115 4307 1203 4361 ὅτι
1243 4313 1559 4379 προφήτης
1593 4315 1661 4366 ἐκ
1693 4315 1803 4380 τῆς

222 4393 559 4456 Γαλιλαίας
605 4395 715 4446 οὐκ
759 4394 1090 4463 ἐγήγερται.
1141 4397 1296 4450 Ἐπεὶ
1359 4400 1414 4452 δὲ
1468 4401 1529 4452 τὸ
1585 4402 1799 4470 Γαλγὰλ

223 4488 680 4555 κατακυλισμὸς
712 4490 822 4558 (6|)
847 4489 1233 4559 ἑρμηνεύεται,
1264 4494 1390 4560 ὅρα,
1435 4495 1516 4546 ὅτι
1545 4496 1673 4549 ὅταν
1699 4515 1798 4549 κα-

224 4572 613 4643 τακυλιώμεθα
641 4577 733 4629 ἐπὶ
760 4579 827 4630 τὰ
855 4579 1005 4631 κάτω
1030 4581 1165 4648 (6‘2),
1203 4581 1278 4652 μὴ
1308 4585 1376 4636 τὰ
1397 4585 1510 4638 ἄνω
1540 4588 1796 4655 φρονοιῖν-

223 4681 338 4727 τες,
363 4657 468 4717 οῦδ
500 4666 754 4734 Χριστὸς,
790 4670 910 4722 τότε
944 4670 1270 4738 μισούμεθα,
1303 4675 1395 4727 καὶ
1422 4676 1796 4748 ἐκϐαλλόμεθα

225 4770 291 4806 εκ
321 4753 415 4806 τοῦ
445 4754 698 4825 ούρανοῦ,
732 4758 790 4820 ὅς
821 4761 968 4812 ἐστιν
1014 4759 1160 4823 οἶκος
1190 4762 1349 4827 Θεοῦ,
1385 4765 1609 4830 δικαίως
1641 4772 1797 4823 τοῦτο

223 4847 548 4914 πάσχοντες,
580 4850 714 4903 διότι
736 4852 871 4921 μηδέ
901 4855 1036 4921 πρὸς
1059 4856 1286 4925 οὐρανὸν
1320 4857 1621 4929 ἐϐλέπομεν
1659 4864 1793 4932 (65).

1909 3236 2138 3291 dictum.
2219 3237 2511 3306 Propterea
2598 3237 3010 3297 intermittatur,
3067 3242 3126 3288 ut
3190 3235 3474 3287 audientes

1909 3329 2288 3392 emendentur,
2325 3343 2388 3381 ac
2425 3327 2714 3382 emendata
2748 3328 2859 3381 vita
2897 3342 2998 3381 sua
3038 3342 3144 3379 non
3176 3325 3472 3388 adducant,

1909 3420 2000 3474 sed
2039 3419 2219 3487 potius
2252 3427 2501 3472 avertant
2526 3418 2725 3481 minas,
2763 3418 2972 3470 malave
3001 3432 3122 3486 quae
3147 3415 3469 3468 intermina-

1909 3521 1996 3565 tus
2021 3519 2104 3563 est
2133 3509 2416 3564 Dominus.
2465 3508 2598 3561 Nam
2634 3509 2688 3562 in
2737 3524 2832 3563 eos
2865 3509 2959 3576 qui
3013 3523 3191 3560 mores
3220 3515 3272 3559 et
3306 3507 3470 3558 vitam

1906 3617 2060 3656 suam
2086 3603 2270 3654 nonin
2313 3600 2508 3653 melius
2535 3602 2915 3664 alteraverint,
2945 3600 3169 3653 omnino
3201 3598 3473 3651 inducun-

1908 3701 1994 3745 tur
2023 3693 2188 3745 mala.
2244 3691 2368 3745 llaae
2413 3693 2692 3759 propalam
2745 3689 2948 3743 Judzeis
2997 3706 3217 3759 quoque
3269 3689 3470 3744 Christi

1908 3779 2393 3848 inter-emptoribus
2418 3778 2779 3832 conveniunt.
2841 3778 3053 3832 Etenim
3088 3786 3142 3832 et
3196 3778 3270 3830 illi
3307 3777 3469 3845 ejecti

1905 3876 2033 3921 sunt
2063 3883 2127 3921 ex
2162 3868 2329 3922 domo
2365 3885 2380 3920 :
2415 3871 2650 3937 primum
2686 3885 2751 3922 ex
2783 3876 2958 3937 parte,
3004 3869 3224 3936 quando
3255 3867 3413 3935 ejccit
3442 3884 3473 3920 e

1908 3961 2108 4029 templo
2149 3961 2413 4015 Dominus
2440 3961 2826 4030 negotiator-rs,
2873 3961 2967 4029 qui
3022 3975 3088 4012 ex
3149 3958 3326 4012 Patris
3387 3958 3472 4011 sui

1905 4053 2018 4105 :rde
2068 4052 2370 4120 emporium
2433 4053 2757 4106 faciebant:
2809 4052 3003 4103 deinde
3054 4052 3105 4103 in
3156 4051 3470 4104 universum

1904 4158 2095 4197 iunnes
2149 4145 2458 4211 :postliac,
2518 4145 2740 4215 quando
2803 4147 3061 4211 templum
3118 4143 3308 4204 diruit,
3374 4154 3473 4192 nec

1906 4235 2142 4303 amplius
2168 4251 2264 4290 eos
2297 4236 2526 4305 diligere
2559 4235 2835 4305 perrexit:
2874 4233 3122 4303 pervenit
3143 4233 3287 4285 enim
3311 4246 3472 4298 super

1907 4326 2055 4394 ipsos
2092 4327 2171 4380 ira
2211 4327 2264 4380 in
2317 4327 2501 4389 finem,
2563 4337 2619 4380 et
2674 4327 2897 4380 dorsum
2961 4325 3206 4394 ipsorum
3254 4338 3472 4391 semper

1908 4416 2139 4482 inflexit,
2173 4418 2239 4472 ad
2269 4419 2585 4473 servitutem
2615 4434 2711 4472 eos
2761 4417 3012 4481 tradens,
3049 4424 3107 4470 ut
3159 4417 3234 4469 ita
3288 4417 3471 4469 omnis

1910 4508 2149 4574 ipsorum
2209 4507 2264 4560 in
2341 4507 2618 4562 Christum
2675 4507 2989 4577 malignitas
3044 4505 3467 4574 persolveretur,

1904 4599 2017 4666 88
2050 4614 2211 4665 quem
2251 4599 2321 4652 ab
2363 4599 2579 4651 Galilaea
2636 4599 2890 4652 dicebant
2941 4607 3152 4658 natum,
3212 4595 3467 4664 iniuriam

1907 4689 1979 4739 illi
2043 4685 2346 4741 inferendo.
2416 4687 2670 4741 Scrutare
2726 4688 2898 4750 enim,
2961 4686 3160 4756 inquit,
3225 4693 3275 4737 et
3335 4685 3468 4739 vide.

1903 4778 2153 4842 quoniam
2185 4779 2437 4847 propheta
2485 4794 2550 4832 ex
2587 4778 2818 4832 Galilwa
2849 4797 2951 4833 non
2977 4789 3054 4832 est
3103 4777 3366 4831 excitatus
3401 4774 3466 4826 ⁸⁸.

1903 4867 2043 4930 Quia
2092 4885 2222 4923 vero
2273 4870 2463 4939 Galgal
2518 4872 2892 4924 revolutionem
2939 4870 3228 4940 significat,
3286 4868 3468 4922 censio

222 4936 380 5000 de”.
416 4939 557 5007 quod
615 4943 836 5009 quando
896 4944 962 4996 ad
1018 4945 1126 4997 ima
1201 4955 1362 5002 terra:
1423 4951 1587 5019 hujus
1636 4953 1997 5022 devolvimur,
2049 4959 2291 5012 crelestia
2375 4936 2484 5013 non
2553 4959 2868 5028 spirantes,
2915 4959 3191 5022 Scrutare,
3272 4958 3465 5022 inquit,

221 5030 367 5094 quod
404 5034 660 5099 propheta
691 5050 794 5088 non
838 5045 921 5090 est
963 5052 1029 5090 ex
1068 5038 1312 5102 Galilaea,
1362 5043 1456 5096 sed
1519 5059 1585 5097 ex
1647 5049 1810 5110 caelo,
1852 5067 1970 5116 qua:
2003 5060 2084 5105 est
2128 5052 2324 5107 domus
2383 5051 2509 5105 Dei:
2590 5053 2734 5106 haud
2777 5052 2974 5119 injuria
3041 5051 3141 5105 hoc
3201 5050 3466 5119 patientrs

223 5136 256 5188 q
304 5122 444 5175 ando
478 5141 648 5193 neque
679 5128 745 5181 ad
782 5129 1024 5183 cmlestia
1065 5133 1472 5198 conSpeximus.

297 5284 340 5313 ⁸⁷
377 5281 521 5335 Psal.
550 5299 679 5340 LVII.
713 5287 764 5339 4.
844 5287 890 5319 ⁸⁸
920 5287 1074 5341 Joan.
1117 5305 1210 5355 vit,
1252 5289 1342 5344 41.

1385 5421 1580 5480 Varia:
1620 5421 1923 5486 lectiones
1968 5436 2028 5488 et
2075 5434 2258 5488 noue.

300 5538 411 5607 (iii)
437 5540 846 5607 Κατακλυσμός.
882 5539 1016 5593 Cod.
1051 5539 1186 5593 Ven.

299 5606 410 5671 (62)
439 5606 570 5660 Cod.
604 5606 742 5660 Ven.
773 5619 824 5661 et
848 5609 975 5660 Bav.
1021 5611 1096 5662 sic
1138 5611 1336 5662 habent
1366 5628 1376 5661 :
1409 5611 1640 5662 caries-tia
1689 5629 1791 5663 non

224 5686 521 5729 iniectantes
577 5680 664 5730 ubi
697 5687 773 5730 est
808 5678 1078 5741 Christus;
1103 5690 1210 5730 tum
1234 5679 1353 5730 odio
1403 5682 1670 5740 habemur,
1701 5689 1762 5731 (te

223 5746 593 5815 traditumque
618 5749 762 5812 celo,
790 5749 926 5817 quod
969 5749 1257 5802 estdomus
1297 5750 1410 5815 Dci,
1463 5753 1647 5802 nwrito
1699 5751 1793 5802 hoc

1901 5549 2182 5612 patientes,
2207 5557 2292 5600 etc
2349 5550 2520 5602 Aliter
2549 5549 2746 5619 Irgisse
2776 5551 2987 5605 videtur
3019 5549 3069 5604 in
3089 5566 3188 5604 suo
3218 5552 3337 5605 cod.
3367 5550 3471 5604 [ιο-

1905 5634 2139 5668 IllCt‘l'llS.

1977 5689 2082 5751 (65)
2119 5686 2516 5756 Ἐμὸλέπομεν.
2563 5687 2694 5741 Cod.
2731 5687 2863 5742 Ven.
