4226 6438
266 394 376 455 745

1045 392 1446 456 ΕΧΡΟΞΙΤΙΟ
1489 391 1564 448 IN
1608 389 2068 450 PRDPHETAM
2112 386 2384 444 OSEAM.
2421 410 2484 419 -
2527 383 2682 442 CAP.
2729 385 2801 442 Χ.

3429 381 3532 443 τιδ

265 504 594 570 σιαστιῖρια
625 501 842 558 αὐτῶν.
875 504 1112 575 Ἐρήμου
1147 507 1256 574 γὰρ
1287 503 1449 573 οἷσης
1480 505 1578 570 τῆς
1613 505 1710 571 γῆς
1748 505 1838 555 καὶ

1893 518 1911 569 ι
1965 500 2167 555 Deinde
2199 500 2288 553 ubi
2325 511 2465 554 terra
2503 507 2712 554 vastata
2744 499 2926 562 fuerit,
2954 505 3008 551 et
3038 511 3146 551 ιιι-το
3168 498 3377 561 dirutae,
3413 498 3533 554 loca

271 596 382 647 τῶν
413 596 812 666 θυσιαστηρίων
842 597 1042 660 αὐτῶν,
1074 598 1124 648 οἱ
1154 597 1309 648 τόποι
1341 595 1593 648 ἀκανθῶν
1625 597 1850 662 πλήρεις

265 688 504 743 ἔσονται.
533 691 639 741 Καὶ
669 689 890 757 βασιλέα
919 688 974 740 δὲ
1004 688 1238 756 Χριστὸν
1263 687 1592 758 ἀπέρριψαν,
1621 687 1736 738 ἀντ’
1756 687 1848 736 οὑ-

264 778 423 841 δενδς
467 778 628 830 αὑτὸν
675 781 1041 848 ἡγησάμενοι,
1091 780 1161 840 οι,
1208 779 1282 840 ὡς
1332 777 1736 848 παραποιῖἐδοτο
1783 775 1846 846 [Ῑ.

269 869 533 941 supera],
565 873 902 941 Σαμαρεῖται
933 871 1198 924 Ἰουδαῖοι.
1231 867 1361 923 Εἶτα
1392 869 1725 939 προφητεύει
1752 870 1850 934 τήν

265 964 381 1013 ’τῶν
415 963 708 1015 εἰδωλικῶν
745 963 949 1032 βωμῶν
984 962 1306 1031 καθαίρεσιν
1328 1003 1341 1026 ,
1380 963 1413 1033 ἧ
1452 963 1588 1032 μετά
1621 962 1719 1031 τὴν
1753 959 1847 1012 τοῦ

267 1056 511 1124 Χριστοῦ
555 1056 857 1124 παρουσίαν
895 1059 1142 1123 γέγονεν,
1187 1055 1296 1107 ἀπὸ
1336 1055 1450 1115 ἑνὸς
1495 1053 1712 1106 εἰδώλου
1754 1051 1849 1104 τοῦ

270 1147 374 1196 Ὃν
409 1145 505 1198 καὶ
538 1147 708 1198 τᾶλλα
747 1147 925 1199 πάντα
968 1146 1391 1216 παραδηλώσας.
1423 1145 1627 1198 ἰ’ίπτει
1667 1144 1722 1196 δὲ
1760 1144 1852 1195 καὶ

268 1237 502 1299 ἄπιστος
551 1238 650 1308 τὴν
699 1238 1098 1307 βασιλεύσασαν
1149 1240 1206 1291 ὲν
1257 1236 1404 1305 αὑτῴ
1452 1235 1708 1288 ἀπιστίαν
1761 1235 1852 1285 ἐπὶ

271 1329 571 1394 πρόσωπον
603 1329 792 1391 ὓδατος
819 1330 911 1382 τοῦ
945 1329 1342 1399 βαπτίσματος,
1376 1330 1467 1381 καὶ
1500 1327 1852 1395 ἐξαφανίζον-

279 1435 364 1470 σαι
398 1422 463 1471 τα
492 1421 590 1490 τῆς
623 1423 879 1484 ἀπιστίας
915 1423 1276 1492 θυσιαστήρια
1305 1425 1360 1473 ἐν
1391 1421 1559 1490 αὐτῷ.
1595 1423 1704 1473 Καὶ
1733 1419 1852 1471 τότε

271 1510 522 1576 φαίνεται
572 1513 787 1583 πλήρης
828 1514 1081 1567 ἀκανθῶν
1143 1516 1238 1566 καὶ
1277 1514 1538 1582 τριϐόλων
1581 1516 1612 1581 ἡ
1661 1512 1852 1582 πρώην

269 1602 391 1654 λεία
431 1603 664 1655 δοκοῦσα
702 1605 989 1673 θρησκεία.
1028 1606 1138 1658 Καὶ
1170 1606 1197 1656 6
1233 1606 1508 1665 πιστὸςδὲ
1546 1605 1676 1666 ἴσως
1717 1622 1850 1674 κρα-

268 1690 473 1743 τοῦσαν
507 1694 562 1743 ὲν
591 1693 740 1761 αὐτῷ
775 1694 1050 1764 ἁμαρτίαν
1083 1695 1176 1747 ἐπὶ
1205 1694 1266 1745 τὸ
1294 1695 1402 1745 τῶν
1429 1692 1683 1761 δακρύων
1711 1693 1854 1763 ὕδωρ

273 1781 479 1848 ῥίπτει,
503 1787 564 1832 τὸ
592 1783 882 1850 πρόσωπον
905 1781 1068 1834 αὐτοῦ
1093 1780 1171 1849 τῷ
1194 1780 1424 1848 τοιούτῳ
1439 1778 1599 1848 ὕδατι
1626 1780 1851 1842 νίπτων,

1960 594 2132 662 spinis
2166 602 2326 646 erunt
2358 594 2534 662 plena.
2572 591 2879 656 Quinetiam
2914 607 3095 660 regem
3132 591 3406 644 Christum
3439 591 3536 644 ah-

1957 689 2229 756 jecerunt,
2282 703 2377 756 pro
2413 687 2586 739 nihilo
2636 699 2761 737 eum
2801 691 3136 750 reputantes,
3179 681 3534 742 Samaritani,

1962 791 2015 833 ut
2065 796 2229 848 supra
2264 779 2560 831 indicatum
2593 787 2697 843 est,
2744 777 2939 832 ιυιιιρί.
2973 778 3166 830 Postea
3209 777 3535 828 vaticinatur

1962 873 2290 926 idolieorum
2322 871 2574 923 altarium
2603 871 3008 923 demolitionem
3041 885 3156 938 qua:
3187 878 3307 936 post
3328 866 3536 920 Christi

1959 965 2250 1018 adventum
2296 963 2432 1017 facta
2459 971 2544 1017 cst
2577 981 2588 1016 :
2622 964 2690 1016 ab
2721 980 2829 1017 uno
2863 962 3008 1016 idolo
3052 960 3154 1022 0n,
3191 971 3384 1015 eastern
3419 975 3538 1013 om-

1962 1055 2050 1107 nia
2087 1055 2391 1122 intelligens
2442 1055 2524 1108 vel
2569 1054 2971 1109 demonstrans.
3011 1055 3213 1122 Abjieit
3249 1059 3412 1108 etiam
3449 1054 3536 1108 in-

1962 1147 2244 1208 credulus,
2280 1156 2598 1216 regnantem
2640 1147 2780 1199 inter
2826 1162 2946 1200 sese
2990 1147 3424 1200 incredulitatem
3459 1155 3539 1198 at-

1962 1253 2069 1306 que
2103 1247 2412 1304 peceatum,
2446 1254 2612 1306 super
2644 1239 2834 1292 faciem
2872 1253 3025 1305 aqua:
3059 1239 3426 1307 baptismatis,
3457 1237 3539 1289 di.

1964 1342 2312 1400 ruunturque
2343 1346 2407 1386 eo
2440 1339 2600 1398 pacto
2627 1331 2963 1386 infidelitatis
2998 1332 3049 1382 in
3088 1331 3207 1398 ipso
3239 1346 3367 1392 arx),
3397 1339 3537 1382 tum-

1964 1438 2069 1490 que
2121 1429 2346 1489 apparet
2400 1422 2555 1488 plena
2589 1424 2760 1491 spinis
2792 1439 2855 1476 ac
2906 1424 3143 1486 tribulis,
3184 1433 3342 1475 antea
3381 1424 3536 1490 plana

1965 1516 2076 1566 visa
2115 1513 2328 1582 religio.
2366 1513 2456 1567 Sic
2493 1514 2669 1568 ﬁdelis
2698 1515 2887 1584 abiicit
2928 1531 3178 1583 peraeque
3221 1531 3452 1585 regnans
3485 1517 3535 1567 in

1965 1619 2085 1658 sese
2135 1615 2439 1671 peccatum,
2495 1622 2658 1675 super
2687 1623 2881 1676 aquam
2921 1609 3231 1678 laerymaru
3259 1628 3310 1669 n,
3345 1609 3535 1660 faciem

1964 1711 2117 1750 suam
2171 1697 2261 1750 tali
2301 1713 2443 1767 aqua
2477 1713 2694 1752 sensum
2725 1700 2958 1753 habente
2999 1702 3206 1764 lavans,
3240 1717 3304 1754 ex
3339 1701 3538 1767 quibus

1967 1788 2206 1855 peccatis
2237 1797 2291 1842 et
2314 1799 2535 1860 propter
2560 1806 2680 1859 qum
2705 1791 2803 1859 ipsi
2839 1791 3038 1845 bellum
3064 1802 3164 1844 est.
3199 1795 3270 1842 Ac
3297 1792 3537 1844 membra

268 1871 332 1923 τὺ
361 1870 459 1933 τὰς
491 1871 772 1941 αἰσθήσεις
805 1873 949 1941 ἔχον,
979 1871 1038 1936 ἐξ
1066 1866 1140 1924 ὧν
1167 1870 1263 1923 καὶ
1293 1872 1416 1940 περὶ
1447 1869 1512 1930 ἀς
1540 1872 1568 1922 6
1595 1870 1852 1938 πόλεμος,

1893 1888 1928 1940 Β
1957 1878 2100 1945 ejus.
2131 1879 2337 1944 peccati
2373 1895 2483 1933 ara:
2507 1880 2615 1949 (est
2645 1889 2823 1934 autem
2856 1891 3142 1949 peccatum
3179 1882 3377 1936 idolum
3404 1882 3536 1935 sub.

271 1963 370 2015 καὶ
403 1961 470 2014 τὰ
513 1962 652 2032 μέλη
694 1962 895 2026 αὑτοῦ,
930 1963 998 2014 τὰ
1032 1964 1131 2032 τῆς
1171 1959 1448 2030 ἁμαρτίας
1491 1958 1854 2027 θυσιαστήρια

271 2054 421 2121 (ἥτις
452 2055 604 2105 ἐστὶν
630 2053 851 2107 εἴδωλον
879 2054 1156 2122 ἀνωφελές
1179 2069 1192 2084 ·
1223 2051 1598 2113 ἀνυπόστατος
1628 2050 1735 2118 γὰρ
1766 2051 1858 2102 καὶ

269 2144 534 2213 ἀνόνητος
578 2147 610 2214 ἡ
656 2147 946 2215 ἁμαρτία),
983 2146 1224 2212 γίνονται
1266 2143 1567 2213 τηνικαῦτα
1607 2142 1858 2196 ἀκανθῶν

268 2239 367 2288 καὶ
395 2237 657 2306 τριϐόλων
684 2239 945 2307 γέμοντα.
973 2236 1158 2289 Θλίσει
1188 2236 1298 2307 γὰρ
1330 2235 1473 2289 αὐτὰ
1503 2237 1598 2290 καὶ
1627 2236 1853 2304 πλήττει

270 2325 366 2378 διὰ
394 2327 492 2394 τῆς
527 2327 839 2395 μετανοίας.

345 2418 454 2469 Καὶ
494 2415 703 2483 ἐροῦσι
742 2417 866 2482 τοῖς
905 2417 1105 2484 ὄρεσι·
1149 2417 1477 2484 Καλύψατε
1517 2414 1676 2484 ἡμᾶς
1699 2431 1712 2445 ·
1756 2416 1854 2469 καί

270 2503 398 2569 τοῖς
425 2506 680 2570 ,ϐουνοῖς
704 2524 717 2536 ·
753 2508 976 2560 Πέσετε
1005 2509 1098 2575 ἐφ’
1127 2507 1305 2576 ἡμᾶς.
1339 2508 1576 2575 Τοιαύτη
1599 2546 1612 2568 ,
1657 2509 1852 2575 φησὶν,

273 2596 428 2650 ἔσται
455 2601 487 2667 ἡ
521 2599 818 2668 σφοδρότης
850 2601 942 2651 καὶ
970 2601 1164 2668 πικρία
1191 2599 1298 2651 τῶν
1327 2600 1643 2669 συμφορῶν,
1676 2598 1730 2650 αἳ
1760 2616 1855 2650 κα-

270 2687 605 2756 ταλήψονται
653 2691 881 2753 αὐτοὺς,
935 2690 1077 2741 ὥστε
1126 2690 1357 2742 ἕκαστον
1407 2691 1586 2742 αὐτῶν
1635 2690 1855 2743 ἑλέσθαι

275 2779 384 2831 ὑπὸ
416 2781 526 2832 τῶν
558 2781 730 2850 ὀρέων
765 2782 862 2834 καὶ
896 2782 1004 2834 τῶν
1041 2781 1245 2850 βουνῶν
1281 2783 1651 2833 ὲπιπεσίντων
1687 2782 1884 2850 καλυγ

273 2870 510 2938 φθῆναι,
547 2873 580 2940 ἢ
623 2877 940 2942 περιπεσεῖν
979 2875 1089 2936 τοῖς
1134 2875 1197 2924 ὲκ
1242 2874 1598 2925 Βαϐυλωνίων
1639 2877 1851 2936 κακοῖς.

287 2960 566 3029 Ἐμνήσθη
609 2963 666 3014 δὲ
703 2965 874 3032 ὀρέων
913 2965 1009 3016 καὶ
1053 2963 1256 3030 βιυνῶν
1299 2963 1398 3016 οὐκ
1444 2965 1652 3029 ἀλόγως
1688 2981 1700 2994 ·
1741 2966 1856 3016 ἀλλ’

275 3051 463 3120 ἐπειδὴ
489 3054 546 3104 ἐν
572 3054 670 3120 μὲν
694 3055 897 3122 Βαιθὴλ
927 3054 1082 3106 ἔθυον
1103 3057 1167 3122 τῇ
1194 3054 1443 3123 δαμάλει,
1471 3056 1563 3107 καὶ
1588 3055 1691 3124 ἔφη
1723 3073 1855 3124 μνη·

277 3143 428 3204 σθεὶς
466 3145 573 3194 τῶν
617 3144 816 3212 βωμῶν
858 3146 1084 3196 ἐκείνων
1111 3162 1122 3172 ο
1166 3146 1223 3194 ἐν
1263 3145 1317 3196 δὲ
1358 3148 1467 3206 τοῖς
1508 3145 1690 3213 ὄρεσιν
1732 3146 1854 3198 ἐλά-

1965 1967 2164 2021 stantia
2190 1979 2244 2022 et
2288 1971 2524 2024 utilitate
2548 1975 2773 2042 vacans)
2798 1974 3094 2042 implentur
3131 1983 3246 2028 tmn
3283 1975 3454 2042 spinis
3485 1983 3538 2027 et

1967 2059 2185 2116 tribulis
2214 2075 2229 2115 :
2259 2071 2508 2132 pungunt
2535 2064 2679 2118 enim
2703 2073 2756 2119 et
2783 2065 2985 2121 feriunt
3021 2076 3240 2134 peccata
3261 2068 3330 2122 ob
3363 2067 3540 2136 νωιιί-

1967 2152 2212 2205 tentiam.

2042 2408 2323 2478 Dicentque
2359 2410 2624 2464 montibus
2666 2426 2685 2462 :
2759 2412 2930 2481 Tegite
2983 2429 3124 2475 nos;
3172 2425 3220 2467 et
3266 2418 3535 2473 collibus:

1965 2499 2151 2554 Cadite
2182 2515 2338 2564 super
2364 2518 2481 2554 nos.
2512 2500 2660 2556 Talis
2683 2516 2746 2557 ac
2770 2509 2945 2566 tanta,
2978 2504 3170 2572 inquit.
3200 2508 3538 2562 vehementia

1965 2602 2018 2658 et
2047 2594 2328 2648 amarities
2362 2595 2736 2648 calamitatum
2769 2596 2894 2657 erit,
2931 2612 3048 2664 qut-
3075 2601 3538 2666 comprehendent

1963 2701 2078 2745 eos,
2121 2692 2178 2738 ut
2211 2687 2537 2756 unusquivis
2572 2701 2761 2741 eorum
2789 2697 3028 2760 exoptei
3051 2691 3232 2759 potius
3271 2695 3534 2748 montium

1962 2777 2295 2848 colliumque
2328 2793 2494 2846 super
2524 2794 2582 2834 se
2619 2780 2777 2832 ruina
2828 2765 3061 2850 contr-gi,
3109 2799 3268 2850 quam
3303 2785 3536 2856 Babylo~

1967 2865 2107 2920 nieis
2131 2868 2370 2921 incidere
2398 2869 2575 2922 malis.
2614 2867 2730 2922 Non
2765 2871 2970 2926 frustra
2997 2889 3123 2926 vero
3145 2875 3388 2929 meminit
3412 2893 3538 2932 eum

1965 2960 2232 3010 montium
2268 2967 2380 3010 lum
2413 2959 2660 3023 collium,
2699 2961 2794 3012 sed
2819 2969 3110 3030 postquam
3145 2965 3200 3016 in
3229 2966 3412 3020 Bethel
3445 2983 3536 3021 sa-

1963 3064 2118 3102 crum
2179 3050 2452 3103 laeiebant
2498 3065 2697 3113 \acczr,
2744 3051 2875 3104 feeit
2920 3056 3251 3109 mentionem
3308 3059 3537 3114 istorum

1965 3142 2242 3193 altatium.
2327 3141 2380 3194 In
2434 3143 2714 3197 montibus
2767 3159 2897 3198 vero
2948 3147 3316 3202 inserviebam
3379 3151 3538 3206 idolis

273 3250 469 3302 τρευον
495 3239 605 3296 τοῖς
636 3237 816 3298 ἀλλοις
846 3235 1106 3300 εἰδώλοις,
1137 3240 1202 3305 τῇ
1242 3238 1532 3305 unum,
1565 3240 1728 3306 φημὶ,
1761 3240 1854 3290 καὶ

1893 3237 1927 3290 c
1964 3229 2109 3290 aliis,
2151 3231 2410 3284 nimirum
2465 3233 2716 3294 Astarte,
2777 3235 2987 3304 ipsique
3018 3237 3252 3292 Chamos
3281 3249 3334 3293 et
3364 3240 3487 3294 Baal
3523 3260 3536 3295 :

273 3326 356 3394 τῷ
386 3328 590 3395 Χαμὼς
608 3369 621 3392 ,
652 3329 744 3380 καὶ
771 3331 836 3398 τῇ
870 3329 1017 3381 Βάαλ
1039 3344 1052 3356 ·
1090 3328 1362 3397 μέμνηται
1389 3328 1482 3379 νῦν
1508 3329 1601 3380 καὶ
1627 3330 1849 3392 τούτων,

273 3416 353 3478 ὡς
382 3421 482 3486 τῆς
517 3422 803 3488 συμφορᾶς
837 3420 1026 3472 αίτίων
1055 3420 1236 3479 αὐτοῖς
1270 3421 1457 3481 ὄντων,
1493 3422 1585 3471 καὶ
1617 3420 1853 3488 ἀλλαχοῦ

279 3508 380 3575 μὲν
405 3509 464 3559 οὐ
494 3510 937 3577 χρησιμευόντων
961 3510 1165 3572 αὐτοῖς,
1193 3510 1271 3568 είς
1296 3509 1351 3560 δὲ
1375 3507 1436 3559 τὸ
1461 3509 1567 3576 πρὸ
1591 3510 1696 3560 τῶν
1724 3527 1857 3577 συμ-

276 3597 461 3665 φορῶν
497 3598 807 3651 θανατῶσαι
842 3601 1076 3661 αὐτοὺς,
1111 3597 1164 3649 εἴ
1195 3615 1257 3664 γε
1293 3599 1449 3650 τοῦτο
1485 3598 1632 3665 ὲνῆν.
1671 3600 1856 3650 Ταῦτα

275 3687 336 3738 δὲ
365 3689 392 3737 6
425 3675 622 3755 Κύριος
659 3691 716 3740 ὲν
745 3688 822 3757 τῷ
853 3688 1172 3757 Εὐαγγελίῳ
1207 3685 1326 3739 εἷπε
1361 3690 1454 3739 καὶ
1491 3690 1618 3756 περὶ
1649 3689 1758 3739 τῶν
1789 3690 1855 3738 δι’

275 3776 440 3828 αὑτὸν
473 3777 934 3848 καταληψομένων
965 3780 1086 3838 τοὺς
1121 3778 1404 3840 Ἰουδαίους
1433 3781 1640 3831 κακῶν.

364 3869 478 3935 Ἀφ’
503 3864 576 3923 οὗ
605 3872 659 3922 ot
684 3871 900 3934 βουνοί
921 3913 933 3933 ,
969 3870 1232 3938 ἥμαρτεν
1267 3871 1532 3937 Ἰσραήλ.
1565 3871 1640 3923 Οὐ
1677 3873 1854 3940 μόνον,

278 3960 470 4027 φησιν,
511 3960 605 4028 ἀφ’
632 3955 692 4012 οὗ
738 3960 970 4030 ἧρξαντο
1009 3964 1064 4014 αξ
1107 3962 1370 4030 δαμάλεις
1414 3962 1854 4030 προσκυνεῖσθαι,

275 4052 530 4118 ἥμαρτεν
561 4052 590 4102 6
628 4051 867 4121 Ἰσραὴλ,
903 4053 1037 4105 ἁλλά
1074 4053 1169 4105 καὶ
1209 4055 1311 4121 πρὸ
1345 4054 1556 4115 τούτου,
1595 4053 1688 4119 ἀφ’
1715 4049 1776 4106 οὗ
1809 4057 1856 4105 oi

282 4142 464 4209 βουνοὶ
494 4142 740 4208 ἐδέξαντο
766 4147 860 4205 τὰς
891 4145 1164 4214 λατρείας.
1198 4146 1310 4197 Καὶ
1337 4147 1444 4213 γὰρ
1471 4146 1566 4206 τας
1597 4144 1857 4213 δαμάλεις

293 4233 577 4303 Ἰεροὸοαμ
608 4235 835 4303 ἔστησεν
863 4253 876 4265 ·
910 4240 936 4289 ὁ
969 4237 1023 4288 δὲ
1053 4236 1305 4306 Σολομὼν
1338 4239 1454 4314 ταῖς
1490 4238 1733 4304 γυναιξὶν
1762 4240 1859 4291 αὐτ

278 4327 376 4378 τοῦ
414 4328 685 4390 πεισθεὶς,
718 4330 774 4378 ἐν
805 4331 914 4390 τοῖς
951 4329 1158 4397 βουνοῖς
1192 4331 1415 4397 εποίησε
1450 4330 1853 4399 θυσιαστήριον.

365 4416 522 4470 Ἐκεῖ
546 4421 838 4483 ἔστησαν·
873 4423 944 4472 οὺ
971 4421 1057 4486 μὴ
1094 4421 1400 4488 καταλὰὅῃ
1418 4421 1641 4484 αὐτοὺς
1670 4422 1738 4472 ἐν
1767 4421 1848 4485 τῷ

278 4507 490 4570 ﬂowed)
523 4513 817 4577 πόλεμος..
838 4511 936 4562 ἐπὶ
967 4512 1148 4564 τέκνα
1177 4512 1414 4576 ἀδικίας
1439 4509 1587 4580 ἦλθε
1615 4511 1855 4564 παιδεῦ-

284 4615 392 4650 σαι
424 4600 645 4663 αὐτοὺς
681 4601 829 4652 κατὰ
857 4601 970 4666 τὴν
1007 4603 1329 4669 ἐπιθυμίαν
1356 4619 1494 4670 μου.
1544 4603 1652 4655 Καὶ
1709 4618 1858 4654 συν·

281 4691 656 4756 αχυήσονται
683 4692 774 4744 ἐπ’
797 4693 1020 4756 αὐτοὺς
1035 4695 1168 4745 λαοὶ
1197 4693 1296 4745 ἐπὶ
1316 4693 1731 4762 τῷξπαιδεῦσαι
1759 4694 1864 4745 αὺ-

285 4780 426 4844 τούς
451 4782 520 4831 ἐν
543 4781 670 4844 ταῖς
695 4781 878 4835 δυσὶν
899 4782 1157 4847 ἀδικίαις
1179 4784 1397 4836 αὐτῶν.
1430 4784 1682 4851 Ἑνὲραίοι,
1709 4785 1860 4854 φησὶ,

288 4874 802 4942 καὶάμετακίνητοι
832 4876 1068 4943 ἔστησαν
1097 4878 1154 4926 ἐν
1183 4880 1248 4946 τῇ
1280 4877 1388 4927 τῶν
1419 4875 1622 4943 βουνῶν
1652 4876 1863 4926 είδωλο-

287 4962 534 5033 λατρεία,
567 4965 834 5030 λέγοντες,
871 4965 953 5017 ὅτι
988 4955 1223 5034 πόλεμος
1259 4967 1454 5027 αὐτοὺς
1488 4968 1549 5018 οὑ
1587 4966 1662 5036 μὴ
1696 4982 1864 5017 κατα-

287 5055 458 5125 λάϐῃ,
494 5058 614 5109 οὐδὲ
650 5060 902 5127 συμφορᾷ
936 5077 1042 5110 τινι
1075 5058 1529 5130 περιπεσοῦνται,
1566 5061 1660 5112 ἐὰν
1695 5063 1751 5111 ὲν
1785 5059 1863 5128 τῷ

291 5147 460 5216 βωμῴ
487 5149 842 5216 λατρεύωσιν.
882 5149 1017 5202 Ἀλλ’
1042 5146 1204 5219 ἦλθεν
1231 5151 1397 5212 ὅντως
1423 5151 1508 5202 ἐπ’
1534 5151 1731 5212 αὐτοὺς
1761 5153 1860 5202 πό-

289 5237 474 5305 λεμος.
506 5239 660 5299 ὄντας
689 5239 855 5289 τέκνα
882 5238 1116 5300 ἀδικίας,
1143 5239 1228 5291 δια
1256 5240 1314 5290 τὸ
1346 5237 1632 5290 παιδεῦσαι
1665 5239 1859 5297 αὐτοὺς

289 5327 431 5378 κατά
456 5326 552 5396 τὴν
576 5327 875 5397 ἐπιθυμίαν
901 5331 996 5381 καὶ
1023 5330 1240 5399 θέλησιν
1271 5349 1392 5400 μου.
1423 5331 1592 5383 ’ἰύυιο
1617 5330 1672 5382 δὲ
1697 5329 1858 5397 διχῶς

289 5417 521 5484 νοήσεις·
549 5417 604 5487 ἢ,
632 5420 713 5470 ὅτι
743 5419 1018 5489 Στιϐαρῶς
1047 5425 1139 5474 καὶ
1166 5421 1376 5489 πικρῶς
1405 5419 1687 5473 παιδεῦσαι
1711 5418 1822 5491 (82)
1846 5433 1860 5449 ·

359 5559 482 5592 ⁶³οσ⁶
521 5556 651 5612 Luc.
687 5571 838 5623 mu,
869 5558 963 5614 50.

1963 3319 2075 3372 haec
2131 3322 2247 3390 ipsa
2308 3322 2421 3389 jam
2479 3339 2625 3377 nunc
2687 3327 3026 3390 recordatur,
3083 3337 3343 3398 tanquam
3406 3332 3540 3401 ipsis

1961 3426 2127 3464 causa
2187 3412 2392 3466 fuerint
2447 3415 2865 3481 calamitatum,
2917 3428 2976 3472 ut
3025 3421 3117 3488 qui
3173 3437 3350 3490 neque
3402 3425 3540 3479 alias

1962 3503 2374 3557 commodarent
2406 3505 2508 3568 eis,
2563 3514 2619 3561 et
2671 3515 2798 3561 ante
2858 3509 3166 3576 ingruentia
3222 3516 3324 3567 ista
3375 3517 3538 3581 mala,

1965 3593 2116 3661 ipsos
2151 3595 2315 3648 etiam
2352 3596 2674 3650 occiderint.
2714 3597 2836 3652 llaae
2865 3600 3130 3656 Dominus
3165 3603 3217 3656 in
3251 3604 3541 3676 Evangelio

1965 3693 2184 3746 quoque
2218 3680 2620 3747 praeditum“,
2651 3696 2847 3751 nempe
2875 3699 2996 3754 quae
3039 3699 3355 3757 quantaque
3399 3691 3538 3742 tuala

1959 3784 2054 3822 eos
2089 3772 2343 3823 invasura
2377 3780 2584 3825 essent.

2033 3858 2195 3914 Vens.
2231 3861 2282 3914 9.
2318 3860 2401 3912 Ea:
2428 3879 2530 3931 quo
2569 3862 2750 3929 colles,
2774 3876 3056 3933 peccaram
3087 3868 3138 3919 in
3165 3866 3389 3924 Israele.
3421 3870 3536 3926 Non

1962 3957 2195 4012 tantum,
2231 3951 2428 4019 inquit,
2476 3968 2543 4006 ex
2591 3968 2700 4021 quo
2759 3969 2939 4008 vacca:
2969 3966 3250 4024 cmperunt
3299 3958 3533 4021 adorari.

1961 4043 2204 4108 pCCCaVit
2235 4040 2418 4108 Israel,
2455 4043 2550 4097 sed
2579 4046 2815 4098 antehac
2877 4048 3064 4108 etiam,
3100 4049 3226 4100 dum
3255 4052 3426 4106 tolles
3451 4069 3536 4106 ae-

1960 4143 2225 4200 cepcrunt
2260 4136 2559 4189 culturam.
2616 4135 2830 4190 Etenim
2909 4139 3135 4192 buculas
3193 4142 3326 4195 istas
3378 4143 3538 4197 Jero-

1963 4224 2117 4276 boatu
2151 4228 2346 4280 statuit
2382 4244 2396 4280 :
2439 4226 2695 4281 Salomon
2730 4244 2856 4282 vero
2893 4245 2922 4282 a
2957 4231 3276 4287 mulieribus
3313 4249 3540 4300 persua-

1961 4335 2075 4379 sus,
2103 4319 2157 4372 in
2193 4321 2422 4374 excelsis
2447 4321 2682 4374 collibus
2704 4336 2828 4376 aras
2859 4324 3156 4377 exstruxit.

2030 4407 2140 4478 94
2163 4407 2324 4461 Vens.
2350 4409 2403 4470 9,
2431 4409 2515 4462 10.
2541 4407 2663 4460 Illic
2689 4419 2987 4462 statuerunt
3010 4427 3085 4474 se,
3104 4427 3166 4464 ne
3184 4414 3537 4482 apprehendat

1964 4497 2018 4547 in
2047 4498 2176 4548 colle
2205 4515 2288 4550 eos
2317 4498 2528 4560 bellant,
2562 4513 2717 4564 super
2757 4493 2948 4552 liberos
2980 4501 3232 4568 justitiaz,
3284 4505 3417 4556 venit
3441 4521 3536 4558 ca-

1893 4567 1937 4623 D
1963 4589 2158 4658 rtigarc
2185 4591 2323 4656 ipsos
2351 4589 2515 4656 juxta
2543 4589 2890 4656 cupiditatem
2924 4567 3114 4646 meam.
3150 4591 3216 4647 Et
3250 4610 3536 4664 congrega-

1965 4680 2160 4754 bantur
2191 4696 2343 4747 super
2375 4683 2516 4747 ipsos
2574 4683 2778 4749 populi,
2825 4691 2882 4734 ut
2934 4685 3190 4752 castigent
3243 4701 3330 4738 eos
3381 4703 3538 4754 super

1963 4750 2172 4824 duabus
2207 4773 2492 4839 injustiliis
2517 4789 2722 4825 eorum.
2754 4771 2818 4826 Et
2869 4750 3098 4826 stabiles
3137 4784 3190 4826 et
3231 4750 3536 4832 immobiles

1964 4869 2257 4924 steterunt,
2303 4878 2470 4931 super
2499 4862 2770 4916 idolorum
2802 4863 2950 4915 cultu
2982 4861 3036 4915 in
3067 4862 3318 4927 collibus,
3346 4864 3536 4920 dicen-

1965 4963 2069 5015 tes.
2098 4954 2243 5023 quod
2275 4955 2474 5006 bellum
2505 4967 2602 5006 eos
2631 4967 2740 5006 non
2780 4953 3172 5022 apprehendat,
3212 4970 3386 5022 neque
3417 4956 3536 5008 eni-

1969 5063 2132 5116 quam
2170 5061 2425 5100 aerumnae
2458 5047 2726 5108 incidant,
2773 5045 2865 5113 qui
2898 5044 2951 5097 in
2994 5059 3086 5097 ara
3121 5045 3261 5098 idola
3308 5046 3539 5100 devene-

1969 5149 2181 5192 rentur.
2214 5137 2373 5205 Atqui
2409 5150 2599 5190 revera
2633 5133 2779 5187 venit
2810 5148 2974 5201 super
3000 5149 3094 5188 eos
3123 5136 3384 5203 praelium,
3415 5143 3538 5188 tan-

1967 5251 2128 5305 quam
2185 5243 2371 5285 revera
2433 5225 2572 5280 ﬂlius
2621 5223 2922 5293 injustitim,
2958 5238 3052 5278 seu
3105 5224 3436 5293 iniquitatis,
3478 5235 3537 5278 υι

1968 5325 2258 5394 castigaret
2314 5335 2411 5373 eos
2464 5318 2620 5385 juxta
2677 5315 3030 5383 cupiditatem
3086 5322 3139 5368 et
3201 5317 3534 5370 voluntatem

1971 5433 2170 5471 meam.
2229 5412 2342 5466 lloc
2382 5417 2560 5462 autem
2611 5405 2861 5461 bifariam
2918 5407 3208 5476 intelliges,
3255 5407 3340 5462 vel
3388 5408 3534 5477 quod

1477 5647 1676 5709 Variae
1723 5643 2032 5707 lectiones
2075 5647 2136 5699 et
2169 5645 2366 5698 notae.

361 5777 480 5849 (83)
521 5777 768 5834 Subaudi
800 5772 952 5846 ἦλθε,
989 5777 1071 5830 vel
1097 5776 1212 5844 lege
1244 5791 1257 5827 :
1293 5771 1594 5837 παιδεύσει,
1629 5770 1682 5825 ni
1716 5769 1853 5825 forte

1893 5767 1942 5819 τὸ
1976 5763 2267 5817 παιδεῦσαι
2297 5762 2561 5816 aoristum
2597 5767 2822 5831 optattvt
2846 5773 2968 5816 esse
2999 5757 3122 5825 quis
3155 5762 3324 5825 putet.

763 5871 1031 5932 Persen.
1066 5868 1183 5928 Gn.
1214 5865 1488 5933 CXXVI.

3033 5848 3112 5912 24
