4226 6438
184 390 284 453 801

878 389 1284 448 EXPOSl'I‘lO
1324 387 1403 447 IN
1448 385 1914 446 PROPHETAM
1952 384 2226 447 OSEAM.
2269 385 2496 444 -CAP.
2532 384 2699 443 Xlll.

3330 378 3438 440 802

189 511 407 563 αὐτῶνθ
460 510 558 562 καὶ
612 511 792 561 πᾶσαν
844 509 899 563 δὲ
956 508 1055 578 τὴν
1103 507 1498 576 ἀνθρωπὸτητα
1543 504 1765 570 ὕστερον
1797 512 1839 562 Α

1797 512 1839 562 Α
1873 517 1902 555 a
1939 503 2260 572 captivitate
2283 501 2554 564 liberavit,
2583 514 2767 552 eorum
2822 495 3166 566 iniquitatem
3197 497 3437 552 clemen-

185 604 482 674 ἐρρύσατο,
518 602 678 665 αὐτὸς
721 603 1105 672 ἀναμάρτητος
1139 602 1349 667 φανεὶς,
1393 598 1485 650 καὶ
1518 597 1764 650 καθελὼν

181 697 241 745 τὸ
271 695 482 745 δίκαιον
514 694 608 744 καὶ
634 693 694 743 τὸ
720 693 961 761 κέντρον,
1004 691 1032 742 ὃ
1061 690 1173 760 εἶχε
1207 689 1331 741 καθ’
1362 689 1520 758 ἡμῶν
1547 690 1575 739 ὁ
1597 687 1763 740 θάνα-

184 804 270 845 τος
298 803 310 815 ·
350 789 411 837 τὸ
441 787 517 847 δὲ,
547 780 613 854 ἦν
637 788 669 852 ἡ
703 784 964 854 ἁμαρτία.
1004 783 1136 835 Τινά
1183 783 1239 834 δὲ
1275 781 1605 850 ἀντίγραφα,
1640 779 1764 832 Ποῦ

184 893 327 936 σου,
361 877 599 936 θάνατε,
624 877 660 940 ἡ
693 877 866 940 νίκης
899 874 1029 943 ἔχει.
1051 873 1359 936 Τουτέστιν,
1381 873 1580 925 Οὐκέτι
1610 871 1760 939 νική-

184 983 300 1026 σεις
329 982 341 993 ·
378 966 651 1034 ἀνῄρηται
687 965 794 1033 γὰρ
823 966 881 1016 το
915 965 1012 1031 τῆς
1043 964 1198 1030 νίκης
1237 962 1413 1013 αἴτιον
1434 978 1446 991 ο
1482 960 1699 1013 λέλυται
1731 963 1762 1030 ἡ

180 1058 464 1126 παρακοὴ.
505 1060 598 1107 καὶ
693 1055 941 1125 ἁμαρτία
971 1054 1269 1124 ἠμϐλυται.

252 1323 648 1392 Παράκλησις
702 1325 1026 1389 κέκρυπται
1084 1321 1207 1375 ἀπὸ
1261 1319 1585 1390 ὀφθαλμῶν
1619 1339 1760 1390 μου,

176 1418 330 1469 διότι
372 1413 553 1478 οὗτος
595 1417 711 1468 ἀνὰ
763 1416 956 1485 μέσον
1007 1413 1288 1484 ἀδελφῶν
1317 1414 1595 1469 ἀνατελεῐ
1627 1416 1759 1486 (‘29).

175 1508 330 1578 Αὓτη
370 1511 398 1579 ἡ
437 1508 784 1578 παράκλησις
838 1510 933 1560 καὶ
991 1509 1319 1579 παραμυθία
1381 1509 1480 1576 τῆς
1539 1510 1631 1561 ἐπὶ
1685 1508 1764 1577 τῷ

179 1601 448 1670 ρυσθῆναι
501 1601 602 1672 τῆς
656 1601 1035 1671 αἰχμαλωσίας
1087 1600 1463 1670 χρηστοτέρας
1523 1600 1761 1665 ἐλπίδος,

175 1693 273 1744 καὶ
327 1694 362 1762 ἡ
414 1691 530 1760 τῆς
573 1695 925 1756 ἀναστάσεως
973 1693 1292 1763 προσδοκία,
1351 1694 1444 1746 καὶ
1487 1694 1593 1746 ἀπὸ
1654 1693 1763 1743 τῶν

177 1785 553 1854 αὶχμα).ώτων
591 1785 879 1847 Ἰουδαῖων,
933 1785 1023 1836 καὶ
1076 1786 1183 1836 ἀπὸ
1211 1786 1428 1837 πάντων
1459 1783 1762 1854 ἀνθρώπων

1869 592 1940 643 tia
1972 607 2264 660 superans,
2293 602 2346 644 et
2373 591 2690 644 universum
2718 601 2901 656 postea
2931 603 3107 656 genus
3137 587 3436 640 humanum

1870 683 2125 746 redemit,
2213 698 2274 736 se
2354 698 2580 750 prorsus
2666 685 3010 733 innocentem
3073 679 3436 742 ostendendo,

1868 774 2215 844 delendoque
2253 788 2475 827 causam
2519 780 2684 841 atque
2741 771 3044 836 stimulum,
3087 771 3303 840 culpam
3334 771 3440 822 sri-

1867 867 1993 920 licet
2019 881 2184 935 quam
2239 867 2310 919 ob
2364 878 2585 917 causam
2611 864 2735 931 jure
2782 863 2836 914 in
2905 877 3006 915 nos
3062 863 3435 915 inveheretur.

1867 959 2127 1024 Quaedam
2160 967 2341 1011 autem
2381 956 2712 1023 exemplaria
2739 955 2817 1007 sic
2849 954 3086 1006 habent:
3124 953 3244 1018 Ubi,
3271 971 3436 1017 mors,

1867 1051 2090 1102 victoria
2127 1050 2259 1101 tua?
2284 1047 2402 1100 Non
2435 1047 2671 1114 amplius
2707 1045 2912 1096 scilicet
2945 1044 3170 1110 vinces;
3217 1047 3431 1097 sublata

1866 1143 2010 1198 cnim
2039 1151 2122 1196 est
2150 1141 2394 1195 victoria:
2419 1153 2622 1194 causa:
2656 1136 2821 1190 desiit
2847 1139 3230 1190 contumacia:
3266 1137 3436 1190 l‘racta

1866 1245 1950 1288 est
1987 1235 2168 1303 culpa.

1937 1326 2102 1380 V'Etts.
2142 1325 2229 1388 M,
2257 1324 2342 1378 15.
2371 1323 2676 1378 Consolatio
2703 1324 3016 1378 abscondita
3054 1332 3150 1382 est,
3190 1322 3313 1390 quia
3330 1322 3440 1372 licet:

1867 1419 2005 1470 inter
2033 1418 2230 1485 fratres
2253 1416 2472 1468 dividet.
2504 1412 2627 1467 Ha3c
2656 1415 2914 1467 nimirum
2946 1411 3253 1466 consolatio
3277 1418 3440 1477 atque

1867 1508 2162 1569 recreatio,
2198 1507 2353 1561 bona-
2377 1507 2588 1560 scilicet
2623 1524 2652 1560 e
2683 1507 2999 1572 captivitate
3021 1503 3287 1557 evadendi
3323 1503 3437 1570 Spei

1866 1611 2029 1669 atque
2089 1601 2513 1654 resurrectionis
2554 1600 2920 1666 exspectatio,
2974 1598 3146 1650 altera
3204 1599 3437 1664 captivis

1866 1691 1996 1750 ilus,
2053 1690 2223 1742 altera
2284 1689 2500 1743 cunctis
2557 1689 2873 1742 hominibus
2929 1688 3254 1742 abscondita
3315 1701 3440 1740 esse

1868 1784 2104 1836 videtur.
2135 1779 2347 1835 Etenim
2376 1780 2510 1844 lucc,
2541 1781 2753 1835 scilicet
2795 1796 2965 1844 mors,
3018 1782 3263 1849 captivos
3321 1781 3440 1833 dlos

178 1852 492 1944 κεκρύφθαι
523 1876 689 1928 δοκεῖ.
725 1878 833 1930 Καὶ
862 1877 971 1944 γὰρ
1003 1871 1202 1941 οὗτος,
1227 1879 1505 1928 τουτέστιν
1537 1852 1574 1927 ὁ.
1594 1874 1758 1928 θάνα-
1797 1852 1834 1904 Β

1797 1852 1834 1904 Β
1870 1871 2048 1924 socios
2110 1869 2320 1932 divisit,
2364 1885 2570 1938 eosque
2631 1871 2769 1924 alios
2822 1872 2891 1923 ah
2947 1871 3070 1923 aliis
3111 1871 3437 1940 segregavit.

175 1985 292 2030 τος,
332 1969 430 2037 τῆς
465 1970 843 2038 αἰχμαλωσίας
864 1970 989 2028 τοὺς
1024 1968 1287 2036 ἀδελφοὺς
1317 1969 1638 2031 διαστέλλει,
1673 1969 1765 2020 καὶ

176 2061 503 2130 διαχι-ιρίζει
537 2064 629 2113 ἀπ’
661 2063 931 2131 ἀλλήλων.
976 2065 1083 2117 Καὶ
1113 2064 1198 2116 διὰ
1241 2062 1400 2115 τοῦτο
1451 2064 1764 2125 δυσέλπιδές

178 2154 324 2204 εἰσιν
373 2153 422 2205 oi
465 2153 762 2224 ἄνθρωποι,
800 2156 884 2209 ὅτι
926 2155 1081 2208 ἔσται
1124 2156 1278 2218 λύσις
1310 2157 1417 2208 τῶν
1456 2156 1761 2226 δυσχερῶν.

181 2246 296 2297 Καὶ
335 2248 394 2297 ἐν
433 2248 576 2316 πάσῃ
612 2247 668 2299 δὲ
699 2250 763 2315 τῇ
796 2248 1113 2320 ἀνθρωπίνῃ
1147 2248 1330 2316 φύσει.
1381 2249 1474 2300 τοῦ
1531 2249 1763 2300 Θανάτου

179 2338 513 2407 χωρίζοντος
563 2338 654 2389 καὶ
702 2338 983 2408 ἀδελφοὺς,
1019 2341 1108 2392 καὶ
1163 2342 1374 2402 πάντας
1431 2339 1637 2404 ἁπλῶς,
1671 2340 1764 2390 ἀπ’

177 2429 453 2495 ἀλλήλων,
483 2429 786 2496 ἐκέκρυπτο
816 2433 847 2499 ὴ
887 2432 1204 2493 ἀνάστασις.
1246 2431 1354 2483 Καὶ
1391 2430 1487 2484 νῦν
1521 2430 1576 2483 δὲ
1611 2431 1761 2499 παρὰ

178 2521 296 2580 τοῖς
339 2519 517 2579 ἀθέοις
552 2520 896 2590 κέκρυπται’
929 2521 1008 2574 διὸ
1041 2523 1343 2592 μυστήριον
1369 2524 1576 2592 ταύτην
1607 2523 1764 2574 καλεῖ

183 2611 425 2671 Παῦλος·
455 2611 528 2662 Τὸ
583 2612 639 2664 δὲ
677 2615 976 2682 μυστῇριόν
1024 2632 1148 2682 μου,
1188 2614 1353 2683 φησὶν
1393 2617 1420 2666 ὁ
1451 2614 1603 2678 Θεὸς,
1641 2613 1764 2682 ἐμοὶ

181 2703 280 2752 καὶ
306 2703 418 2762 τοῖς
456 2703 628 2770 ἐμοῖς.
660 2704 815 2766 Τινὲς
866 2703 922 2756 δὲ
966 2706 1399 2776 έρωτηματικῶς
1449 2706 1762 2772 ἀνέγνωσαν

179 2793 326 2857 τάδε,
365 2794 750 2862 Παρὰκλησις
786 2796 1107 2861 κέκρυπται
1142 2797 1212 2861 ἐξ
1243 2795 1564 2865 ὀφθαλμῶν
1607 2813 1762 2864 μους

192 2882 418 2935 Ὠσανεὶ
449 2885 555 2952 γάρ
583 2902 726 2948 τινος
758 2887 1163 2955 ἀπορήσαντος,
1193 2890 1286 2940 καὶ
1317 2888 1563 2950 εἰπόντος
1590 2901 1603 2915 ·
1642 2886 1763 2949 Πῶς

179 2972 347 3024 τοῦτο
379 2977 667 3043 γενήσεται
693 2990 707 3038 ;
735 2975 848 3037 πῶς
873 2977 901 3026 ὁ
930 2976 1156 3040 θάνατος
1187 2979 1564 3048 παυθήσεται;
1598 2978 1763 3048 φησὶν

179 3071 208 3117 ὁ
227 3068 361 3121 θεὸς
377 3085 388 3096 ·
420 3065 807 3132 ιιαριίιιλησις
826 3066 1148 3136 κέκρυπται
1172 3069 1238 3132 ἐξ
1260 3069 1582 3137 ὀφθαλμῶν
1598 3088 1719 3138 μου
1741 3085 1762 3134 ;

1867 1962 2161 2032 Propterea
2195 1963 2307 2025 vix,
2337 1977 2401 2016 ac
2431 1977 2497 2015 ne
2525 1961 2608 2014 vix
2647 1963 2865 2030 quidem
2931 1962 3132 2015 adduci
3189 1969 3441 2031 poterant

1868 2056 1921 2108 in
1956 2072 2074 2109 eam
2115 2072 2288 2122 spem,
2319 2054 2455 2118 fore,
2487 2065 2543 2107 ut
2596 2069 2788 2106 eorum
2819 2069 3076 2106 aerumnae
3142 2053 3438 2121 aliquando

1868 2149 2027 2202 linem
2061 2148 2348 2201 haberent.
2385 2147 2519 2200 Cum
2547 2146 2674 2199 item
2725 2147 3000 2199 universis
3033 2148 3086 2200 in
3121 2146 3437 2200 hominibus

1868 2256 2014 2293 mors
2046 2239 2236 2294 eadem
2267 2237 2470 2292 fratres
2495 2252 2525 2288 a
2555 2236 2822 2291 iratribus
2887 2238 3122 2296 dividat.
3174 2246 3230 2290 et
3268 2252 3436 2307 gene-

1867 2335 2026 2384 ratim
2068 2331 2316 2385 homines
2343 2332 2480 2385 alios
2539 2330 2606 2383 ab
2638 2328 2763 2382 aliis
2816 2341 3032 2398 separet
3056 2368 3070 2390 .
3116 2329 3242 2383 hinc
3275 2330 3353 2395 ﬁt,
3383 2342 3440 2382 ut

1868 2424 2183 2478 occultetur
2240 2423 2596 2478 resurrectio.
2649 2421 2782 2488 Qua:
2831 2424 3053 2493 quidem
3107 2422 3440 2476 resurrectio

1867 2519 2075 2571 celatur
2110 2517 2274 2571 etiam
2300 2517 2482 2572 atheis
2517 2516 2606 2585 qui
2645 2525 2774 2570 sunt
2818 2517 2874 2569 in
2911 2517 3234 2585 prmscntia;
3275 2529 3437 2584 pr0p-

1867 2620 2123 2679 tereaqoe
2156 2610 2480 2680 mysterium
2509 2623 2628 2662 eam
2660 2610 2902 2677 appellat
2941 2609 3175 2661 Paulus:
3236 2605 3441 2677 Myste-

1867 2704 2011 2754 riuni
2079 2713 2264 2753 autem
2337 2700 2602 2763 meum",
2668 2701 2743 2752 ait
2809 2702 2971 2764 Deus,
3025 2699 3159 2753 mihi
3194 2700 3440 2769 meisque

1870 2794 2169 2847 reservavi.
2207 2792 2442 2858 Quidam
2467 2800 2649 2844 autem
2693 2791 2766 2843 ita
2800 2806 2896 2860 per
2945 2791 3435 2860 interrogationem

1868 2886 2092 2956 legunt:
2165 2884 2424 2938 Celatane
2495 2892 2581 2939 est
2644 2884 2820 2937 oculis
2901 2885 3036 2937 meis
3092 2883 3443 2938 consolatio?

1866 2977 2034 3042 Quasi
2069 2979 2214 3030 enim
2239 2977 2512 3045 quispiam
2542 2975 2840 3028 dubitando
2865 2976 3115 3040 dixisset,
3153 2974 3439 3041 Quomodo

1871 3071 2027 3139 122
2063 3071 2165 3124 hoc
2197 3070 2328 3122 (iet?
2375 3069 2718 3136 ecquomodo
2757 3067 2917 3121 morti
2962 3066 3087 3121 ﬁnis
3119 3067 3440 3120 erit?Nun-

180 3158 456 3226 τουτέστι,
490 3157 579 3226 Μὴ
611 3158 670 3208 οὺ
698 3157 936 3227 δύναμαι
987 3157 1098 3225 ἐγὼ
1138 3159 1319 3229 εὑρεῖν
1369 3161 1751 3228 παράκλησινς
1785 3183 1827 3238 C

1785 3183 1827 3238 ο
1866 3166 2019 3232 quid,
2045 3164 2119 3215 ait
2147 3163 2309 3224 Deus,
2341 3165 2512 3214 celata
2579 3161 2709 3226 meis
2750 3162 2920 3212 oculis
2973 3169 3050 3212 est
3102 3160 3443 3212 consolatio?

176 3247 431 3316 Δύναμαι
468 3249 685 3310 παντως
707 3263 721 3278 ·
759 3251 790 3316 ὴ
820 3249 877 3300 δέ
907 3250 1077 3315 ἐστιν,
1101 3251 1128 3301 ὁ
1165 3253 1458 3319 μονογενής
1505 3267 1606 3318 μου
1635 3250 1759 3311 Υἱὶς

191 3342 406 3410 Ἰησοῦς
465 3343 744 3412 Χριστὸς,
794 3342 852 3394 ὃν
923 3344 1234 3413 ἱλαστήριον
1291 3342 1608 3410 προεθέμην
1671 3347 1763 3395 καὶ

178 3437 573 3507 Παράκλητον.
602 3431 771 3498 Οὗτος
800 3437 889 3488 τὸν
919 3436 1149 3489 θάνατον
1191 3435 1508 3495 καταλύσει,
1540 3435 1634 3488 καὶ
1661 3436 1762 3488 ἀνὰ

184 3534 356 3601 μέσον
389 3527 635 3597 ἀδελφῶν
692 3528 988 3581 διαστελεῖ.
1025 3530 1132 3580 Καὶ
1164 3532 1270 3594 γὰρ
1304 3523 1436 3596 ἦλθε
1483 3530 1762 3596 μάχαιραν

181 3624 410 3691 βαλεῖν·
462 3621 556 3673 καὶ
604 3619 672 3671 δι’
709 3619 874 3671 αὑτὸν
929 3618 1218 3688 μέλλουσιν
1276 3618 1504 3686 ἀδελφὸς
1534 3618 1763 3684 ἀδελφὸν

180 3713 526 3785 παραδοῦναι
561 3716 637 3776 εἰς
675 3714 930 3778 Θάνατον,
955 3713 1050 3765 καὶ
1081 3713 1261 3782 πατὴρ
1298 3712 1482 3764 τέκνα.
1515 3710 1625 3762 Καὶ
1654 3710 1762 3762 ἀπὸ

177 3808 292 3859 τῶν
328 3806 625 3874 ὀφθαλμῶν
667 3805 760 3856 τοῦ
813 3803 1137 3865 πενθοῦντος
1178 3805 1274 3856 καὶ
1319 3802 1647 3874 δακρύοντος
1676 3802 1763 3853 διὰ

181 3901 287 3970 τὴν
325 3899 628 3967 ἁμαρτίαν,
675 3896 1024 3967 παράκλησις
1069 3897 1381 3967 κέκρυπται
1411 3897 1503 3947 νῦν
1523 3911 1538 3926 ·
1569 3912 1625 3946 εν
1655 3895 1763 3964 γὰρ

176 3993 259 4060 τῷ
321 3991 574 4060 μέλλοντι
624 3990 1132 4058 παρακληθήσεται.
1185 3989 1294 4042 Καὶ
1345 3990 1378 4056 ὴ
1433 3986 1544 4057 ζωὴ
1596 3986 1762 4038 αὐτοῦ

178 4093 494 4158 κέκρυπται
524 4090 580 4139 ἐν
616 4087 693 4155 τῷ
722 4087 964 4157 Χριστῷ,
997 4085 1120 4138 καθ’
1149 4085 1361 4154 ἡμέραν
1393 4083 1764 4151 ἀποθνήσκον-

178 4200 208 4230 τ
248 4199 271 4242 ς
321 4184 378 4231 εν
426 4179 501 4247 τῷ
561 4181 791 4248 παρόντι
845 4176 963 4246 βίῳ.
1002 4170 1172 4236 Οὗτος
1211 4176 1269 4227 δὲ
1315 4175 1410 4227 καὶ
1452 4175 1556 4227 ἀνὰ
1599 4174 1764 4243 μέσον

177 4268 431 4336 ἀδελφῶν
471 4268 770 4318 διαστελεί·
801 4266 862 4316 οὐ
903 4265 1010 4333 γὰρ
1054 4265 1118 4333 ἑᾷ
1161 4263 1260 4331 τὴν
1289 4262 1467 4331 ψυχὴν
1495 4258 1764 4329 συμπνεῑν

176 4359 258 4425 τῷ
289 4359 524 4425 σώματι.
574 4356 730 4406 Ἀλλά
777 4354 839 4406 τὸ
884 4355 1138 4424 φρόνημα
1181 4354 1277 4420 τῆς
1330 4353 1530 4420 σαρκὸς
1563 4351 1765 4420 ἔχθραν

177 4450 340 4513 εὲἇὼς
393 4449 524 4518 πρὸς
561 4447 713 4512 Θεδν,
747 4447 837 4497 τὸν
888 4447 994 4509 ἔξω
1043 4446 1328 4514 ἄνθρωπον
1369 4446 1511 4496 ποιεῖ
1547 4442 1765 4510 φθείρε-

1862 3257 1943 3308 Αιι
1974 3255 2186 3309 scilicet
2219 3253 2462 3323 reperire
2515 3268 2623 3306 non
2671 3267 2896 3321 possum
2963 3251 3444 3306 consolationem?

1863 3347 2092 3401 Possum
2119 3348 2326 3412 utique.
2362 3346 2437 3397 Ea
2468 3360 2597 3398 vero
2623 3352 2707 3397 est
2739 3343 3055 3410 unigenitus
3087 3343 3259 3396 Filius
3289 3359 3441 3395 meus

1859 3440 2022 3494 Jesus
2052 3438 2328 3502 Christus,
2367 3453 2528 3506 quem
2583 3437 2745 3490 talem
2796 3436 2976 3499 elIeci,
3010 3445 3068 3489 ut
3125 3436 3440 3490 hominibus

1865 3532 2166 3601 propitium
2197 3529 2364 3582 Deum
2400 3528 2650 3592 reddere,
2678 3543 2884 3596 eosque
2902 3529 3173 3582 consolari
3209 3530 3443 3582 maxime

1864 3625 2061 3692 possit.
2126 3621 2222 3672 llic
2262 3631 2492 3674 mortem
2555 3636 2584 3671 e
2636 3621 2816 3673 medio
2872 3621 3044 3685 tollet,
3098 3627 3152 3671 et
3185 3619 3378 3672 lratres
3411 3634 3439 3670 a

1864 3714 2132 3766 fratribus
2162 3712 2390 3764 dividet.
2432 3709 2647 3764 Etenim
2698 3710 2814 3780 ipse
2866 3711 3081 3763 mittere
3125 3711 3272 3762 venit
3325 3709 3441 3778 glao

1863 3808 2034 3866 dium,
2064 3820 2172 3872 quo
2203 3805 2317 3868 liat,
2354 3815 2412 3855 ut
2436 3802 2608 3855 frater
2639 3801 2864 3855 fratrem
2927 3813 2978 3854 et
3013 3813 3265 3869 parentes
3303 3800 3441 3852 lilios

1865 3902 1982 3955 neci
2040 3899 2260 3951 tradant
2289 3897 2359 3950 '9.
2396 3896 2530 3964 Ejus
2582 3895 2712 3947 item
2754 3894 2951 3957 oculis,
2988 3909 3149 3962 quem
3207 3907 3434 3945 suorum

1865 3994 2093 4061 pmnitct
2117 3999 2466 4060 peccatorum
2493 3997 2656 4056 atque
2686 3989 2852 4056 luget,
2882 3988 3058 4040 celata
3093 3999 3177 4038 est
3208 3986 3261 4038 in
3293 3999 3432 4051 pra:-

1865 4086 2041 4140 sentia
2088 4083 2429 4146 c0n3nlatio;
2469 4081 2519 4132 in
2551 4078 2734 4132 futuro
2765 4077 2909 4130 enim
2939 4091 3056 4130 aevo
3083 4090 3201 4127 eam
3232 4077 3433 4142 capiet.

1868 4177 1997 4246 Ejus
2029 4177 2136 4228 vita
2176 4189 2398 4244 quoque
2438 4174 2651 4225 eelatur
2677 4174 2729 4223 in
2766 4169 3011 4231 Christo,
3046 4183 3171 4220 cum
3213 4167 3266 4219 in
3295 4182 3436 4235 pra:-

1866 4270 2004 4324 seuti
2028 4267 2226 4322 saeculo
2258 4265 2505 4334 quotidie
2531 4266 2818 4316 moriatur.
2848 4261 2992 4314 Idem
3016 4259 3105 4312 hic
3129 4267 3184 4312 et
3213 4257 3436 4311 fratrem

1866 4361 2090 4416 afralre
2121 4358 2349 4412 dividet.
2411 4355 2530 4409 Non
2565 4357 2710 4410 enim
2769 4355 2923 4416 sinit,
2981 4361 3038 4404 ut
3073 4352 3253 4404 anima
3311 4366 3436 4403 cum

1866 4466 2096 4518 oorpore
2120 4450 2434 4516 conspiret;
2469 4446 2565 4499 sed
2594 4449 2761 4520 probe
2785 4444 2965 4497 Sciens
2991 4442 3175 4495 carnis
3207 4440 3439 4494 consilia

180 4543 337 4604 σθαι,
367 4545 455 4593 τὸν
489 4540 546 4593 δὲ
597 4542 706 4590 ἔσω
742 4540 1025 4591 ἀνακαινοί
1065 4536 1138 4597 ὡς
1183 4536 1371 4606 ἡμέρᾳ.
1419 4537 1512 4588 καὶ
1560 4536 1761 4604 ἡμέρᾳ,
1797 4524 1839 4577 D

1797 4524 1839 4577 υ
1870 4545 2216 4614 eogitataque
2241 4539 2352 4592 Deo
2376 4538 2680 4599 adversari,
2712 4537 2805 4588 dat
2828 4548 3072 4603 operam,
3107 4541 3166 4586 ut
3197 4534 3439 4586 exterior

175 4631 496 4685 Διαστέλλει
527 4628 619 4682 οὖν
659 4630 751 4682 καὶ
801 4627 1077 4698 χωρισμὸν
1126 4629 1290 4690 ποιεῖ,
1319 4629 1418 4679 ἀνὰ
1462 4629 1623 4696 μέσον
1659 4629 1766 4678 τῶν

174 4725 272 4775 δύο
300 4723 563 4790 ἀδελφῶν,
595 4725 690 4791 τῆς
739 4722 940 4790 ψυχῆς,
986 4723 1293 4790 φημὶ,’καὶ
1340 4720 1433 4771 τοῦ
1480 4721 1762 4788 σώματος’

176 4819 244 4886 τῇ
305 4816 401 4885 μὲν
435 4817 501 4866 τά
543 4816 720 4867 οἰκεῖα
757 4814 952 4876 διδοὺς,
997 4816 1090 4864 καὶ
1125 4813 1184 4864 τὸ
1217 4813 1432 4880 ἀξίωμα
1459 4814 1626 4883 αὐτῆς
1648 4833 1769 4866 συν-

175 4908 364 4976 τηρῶν
387 4924 399 4936 ·
427 4906 506 4976 τῷ
537 4908 613 4970 δὲ,
639 4907 706 4959 τά
732 4907 1009 4974 δευτερεῖα
1039 4904 1238 4973 νέμων,
1267 4906 1361 4957 καὶ
1401 4906 1477 4974 μὴ
1519 4906 1767 4968 ἀτάκτως

175 4998 276 5049 καὶ
297 4996 451 5048 διαστ
461 4998 593 5057 ὁλως
630 4996 780 5065 βιῶν.

1864 4637 2027 4688 homo
2077 4637 2482 4700 corrumpatur,
2541 4642 2652 4698 quo
2708 4627 2937 4680 interior
2998 4625 3053 4679 in
3111 4627 3230 4678 dies
3264 4626 3439 4694 magis

1865 4730 2151 4798 magisque
2180 4732 2470 4779 renovetur
2500 4723 2545 4753 ‘°
2571 4738 2585 4788 ;
2624 4729 3022 4788 proptereaque
3050 4718 3191 4771 duos
3213 4719 3355 4770 inter
3381 4732 3441 4783 se

1866 4820 2065 4874 fratres
2103 4822 2239 4872 istos
2272 4815 2490 4879 dividit,
2524 4829 2748 4882 corpus,
2799 4811 3049 4880 inquam,
3081 4821 3133 4864 el
3174 4812 3437 4873 animam,

1865 4910 2097 4963 alterum
2133 4909 2199 4960 ab
2225 4908 2393 4960 altera
2419 4903 2780 4972 sejungendo,
2809 4917 3045 4971 quorum
3087 4902 3203 4965 uni,
3230 4901 3438 4955 scilicet

1870 5003 2090 5062 animae,
2128 4999 2330 5065 primas
2393 4996 2582 5049 tribuit
2625 5009 2746 5062 quae
2797 4995 2968 5062 ipsius
3024 4994 3259 5061 propria:
3284 5003 3435 5070 sunt,

171 5091 409 5156 ejusque
437 5088 757 5155 dignitatem
783 5094 1006 5144 tuetur;
1039 5085 1219 5150 alteri,
1268 5100 1460 5154 nempe
1494 5092 1742 5155 corpori,
1784 5091 1878 5146 dat
1905 5092 2177 5146 secundas
2209 5104 2224 5154 ;
2260 5097 2424 5158 atque
2448 5088 2520 5140 ita
2543 5085 2849 5154 simplicem
2917 5084 3135 5154 sibique
3202 5086 3437 5137 maxime

172 5192 522 5235 constantem
569 5182 734 5231 vitam
757 5179 924 5245 degit.

261 5270 504 5333 Ἐπάξει
536 5272 822 5322 καύσωνα
867 5270 1092 5337 ἄνεμον
1129 5272 1342 5337 Κύριος
1373 5273 1440 5326 ἐκ
1469 5272 1576 5339 τῆς
1617 5275 1752 5341 ἐρή-

168 5384 290 5435 μου
314 5363 408 5417 ἐπ’
439 5365 639 5415 αὐτόν.
687 5364 807 5415 Ἐπὶ
839 5362 930 5414 τὸν
973 5363 1222 5427 Θάνατον,
1268 5368 1423 5434 φησὶ,
1472 5366 1755 5419 τουτέστιν

268 5531 316 5563 ⁸⁸
360 5527 536 5582 lCor.
577 5543 662 5592 xv,
719 5526 809 5579 5|.
885 5524 931 5555 "
960 5522 1148 5577 Matth.
1209 5540 1240 5576 x
1304 5522 1392 5576 54.

1934 5271 2392 5324 Adducctwstam
2453 5279 2661 5320 ventum
2721 5266 2982 5319 Dominus
3020 5281 3052 5316 a
3110 5266 3317 5316 deserto
3377 5265 3435 5316 in

1863 5367 2054 5432 ipsam.
2113 5363 2172 5416 In
2208 5370 2461 5423 mortem,
2497 5361 2595 5425 ait,
2651 5360 2757 5413 hoc
2809 5367 2913 5423 est,
2975 5361 3026 5412 in
3071 5358 3431 5426 Babylonios,

1473 5524 1517 5554 '°
1559 5524 1596 5576 ll
1645 5524 1773 5579 Cor.
1804 5541 1878 5588 tv,
1913 5524 1998 5577 lii.

1366 5642 1562 5702 Vatia:
1594 5640 1900 5703 lectiones
1937 5649 1999 5701 et
2029 5649 2221 5701 notae.

249 5771 366 5843 (29)
399 5769 760 5826 Scribendum
796 5769 1099 5835 ἀναστελεῖ,
1131 5768 1215 5824 vel
1245 5768 1535 5833 διαστελεί,
1563 5777 1619 5821 ut
1658 5783 1723 5820 ex
1767 5769 1918 5835 ipson

978 5769 1099 5835 ελεί,
1131 5768 1215 5824 vel
1245 5768 1535 5833 διαστελεί,
1563 5777 1619 5821 ut
1658 5783 1723 5820 ex
1767 5769 1996 5835 ipsomet
2019 5765 2429 5821 Commentario
2458 5764 2647 5832 liquet.
