  <div class='ocr_page' id='page_1' title='image "/cluster/home/n/w/nwhite01/storage/ocr_20150623/126/nnc1.0046979859/424.png"; bbox 0 0 4226 6438; ppageno 0'>
   <div class='ocr_carea' id='block_1_1' title="bbox 199 381 311 447">
    <p class='ocr_par' dir='ltr' id='par_1_1' title="bbox 199 381 311 447">
     <span class='ocr_line' id='line_1_1' title="bbox 199 381 311 447; baseline 0 -1"><span class='ocrx_word' id='word_1_1' title='bbox 199 381 311 447; x_wconf 69' lang='grc' dir='ltr'>Βθθ</span> 
     </span>
    </p>
   </div>
   <div class='ocr_carea' id='block_1_2' title="bbox 957 389 2756 465">
    <p class='ocr_par' dir='ltr' id='par_1_2' title="bbox 957 389 2756 465">
     <span class='ocr_line' id='line_1_2' title="bbox 957 389 2756 465; baseline 0.009 -18"><span class='ocrx_word' id='word_1_2' title='bbox 957 389 1358 449; x_wconf 70' lang='grc' dir='ltr'><strong>ΕΧΡΟΞΙΤῘΟ</strong></span> <span class='ocrx_word' id='word_1_3' title='bbox 1392 391 1471 449; x_wconf 86' lang='grc' dir='ltr'>ΙΝ</span> <span class='ocrx_word' id='word_1_4' title='bbox 1516 390 1975 451; x_wconf 67' lang='grc' dir='ltr'><strong>ΡΒΟΡΗΕΤᾹΜ</strong></span> <span class='ocrx_word' id='word_1_5' title='bbox 2009 395 2279 457; x_wconf 69' lang='lat' dir='ltr'><strong>()SEAM.</strong></span> <span class='ocrx_word' id='word_1_6' title='bbox 2321 424 2387 432; x_wconf 86' lang='lat'><strong>-</strong></span> <span class='ocrx_word' id='word_1_7' title='bbox 2417 401 2571 462; x_wconf 79' lang='lat' dir='ltr'><strong>CAP.</strong></span> <span class='ocrx_word' id='word_1_8' title='bbox 2605 404 2756 465; x_wconf 80' lang='lat' dir='ltr'><strong>XIV.</strong></span> 
     </span>
    </p>
   </div>
   <div class='ocr_carea' id='block_1_3' title="bbox 3349 412 3451 472">
    <p class='ocr_par' dir='ltr' id='par_1_3' title="bbox 3349 412 3451 472">
     <span class='ocr_line' id='line_1_3' title="bbox 3349 412 3451 472; baseline 0.039 -3"><span class='ocrx_word' id='word_1_9' title='bbox 3349 412 3451 472; x_wconf 77' lang='lat'><strong>81;)</strong></span> 
     </span>
    </p>
   </div>
   <div class='ocr_carea' id='block_1_4' title="bbox 197 494 1866 589">
    <p class='ocr_par' dir='ltr' id='par_1_4' title="bbox 197 494 1856 570">
     <span class='ocr_line' id='line_1_4' title="bbox 197 494 1856 570; baseline 0.002 -19"><span class='ocrx_word' id='word_1_10' title='bbox 197 498 503 566; x_wconf 78' lang='grc' dir='ltr'>δυνάμεως,</span> <span class='ocrx_word' id='word_1_11' title='bbox 528 494 610 560; x_wconf 72' lang='grc' dir='ltr'>οἷς</span> <span class='ocrx_word' id='word_1_12' title='bbox 640 499 920 570; x_wconf 79' lang='grc' dir='ltr'>πρότερον,</span> <span class='ocrx_word' id='word_1_13' title='bbox 958 504 1270 569; x_wconf 73' lang='grc' dir='ltr'><strong>προσκυνεῖ,</strong></span> <span class='ocrx_word' id='word_1_14' title='bbox 1304 501 1419 553; x_wconf 79' lang='grc' dir='ltr'>οὐδὲ</span> <span class='ocrx_word' id='word_1_15' title='bbox 1448 501 1593 567; x_wconf 83' lang='grc' dir='ltr'><strong>λέγει</strong></span> <span class='ocrx_word' id='word_1_16' title='bbox 1626 501 1781 565; x_wconf 81' lang='grc' dir='ltr'>θεοὺς</span> <span class='ocrx_word' id='word_1_17' title='bbox 1813 512 1856 564; x_wconf 79' lang='grc' dir='ltr'>Α</span> 
     </span>
    </p>
   </div>
   <div class='ocr_carea' id='block_1_5' title="bbox 1773 494 3442 589">
    <p class='ocr_par' dir='ltr' id='par_1_5' title="bbox 1773 504 3442 589">
     <span class='ocr_line' id='line_1_5' title="bbox 1773 504 3442 589; baseline 0.012 -32"><span class='ocrx_word' id='word_1_18' title='bbox 1773 512 1856 564; x_wconf 79' lang='lat' dir='ltr'><strong>:A</strong></span> <span class='ocrx_word' id='word_1_19' title='bbox 1887 504 2108 561; x_wconf 83' lang='lat' dir='ltr'><strong>cﬂ‘ertur</strong></span> <span class='ocrx_word' id='word_1_20' title='bbox 2139 510 2277 578; x_wconf 58' lang='lat' dir='ltr'><strong>(hac</strong></span> <span class='ocrx_word' id='word_1_21' title='bbox 2307 522 2392 566; x_wconf 88' lang='lat' dir='ltr'><strong>est</strong></span> <span class='ocrx_word' id='word_1_22' title='bbox 2446 513 2591 565; x_wconf 90' lang='lat' dir='ltr'><strong>enim</strong></span> <span class='ocrx_word' id='word_1_23' title='bbox 2648 517 2997 582; x_wconf 82' lang='lat' dir='ltr'><strong>Assyriorum</strong></span> <span class='ocrx_word' id='word_1_24' title='bbox 3054 519 3285 589; x_wconf 90' lang='lat' dir='ltr'><strong>indoles)</strong></span> <span class='ocrx_word' id='word_1_25' title='bbox 3342 539 3442 577; x_wconf 82' lang='lat' dir='ltr'><strong>nec</strong></span> 
     </span>
    </p>
   </div>
   <div class='ocr_carea' id='block_1_6' title="bbox 200 588 1781 663">
    <p class='ocr_par' dir='ltr' id='par_1_6' title="bbox 200 588 1781 663">
     <span class='ocr_line' id='line_1_6' title="bbox 200 588 1781 663; baseline 0.003 -24"><span class='ocrx_word' id='word_1_26' title='bbox 200 590 297 640; x_wconf 79' lang='grc' dir='ltr'><strong>καὶ</strong></span> <span class='ocrx_word' id='word_1_27' title='bbox 326 588 550 657; x_wconf 77' lang='grc' dir='ltr'>κυρίους</span> <span class='ocrx_word' id='word_1_28' title='bbox 585 589 781 642; x_wconf 78' lang='grc' dir='ltr'>ἑαυτοῦ</span> <span class='ocrx_word' id='word_1_29' title='bbox 816 591 884 642; x_wconf 76' lang='grc' dir='ltr'>τὰ</span> <span class='ocrx_word' id='word_1_30' title='bbox 913 592 1124 657; x_wconf 79' lang='grc' dir='ltr'>εἴδωλα,</span> <span class='ocrx_word' id='word_1_31' title='bbox 1154 594 1362 654; x_wconf 72' lang='grc' dir='ltr'>καὶτὰς</span> <span class='ocrx_word' id='word_1_32' title='bbox 1394 593 1611 663; x_wconf 79' lang='grc' dir='ltr'><strong>μνήμας</strong></span> <span class='ocrx_word' id='word_1_33' title='bbox 1641 594 1781 645; x_wconf 80' lang='grc' dir='ltr'>ὲκεί-</span> 
     </span>
    </p>
   </div>
   <div class='ocr_carea' id='block_1_7' title="bbox 202 678 917 751">
    <p class='ocr_par' dir='ltr' id='par_1_7' title="bbox 202 678 917 751">
     <span class='ocr_line' id='line_1_7' title="bbox 202 678 917 751; baseline 0.01 -23"><span class='ocrx_word' id='word_1_34' title='bbox 202 696 311 729; x_wconf 89' lang='grc' dir='ltr'><strong>νων</strong></span> <span class='ocrx_word' id='word_1_35' title='bbox 340 679 450 731; x_wconf 88' lang='grc' dir='ltr'><strong>τῶν</strong></span> <span class='ocrx_word' id='word_1_36' title='bbox 488 678 741 749; x_wconf 77' lang='grc' dir='ltr'>πράξεων</span> <span class='ocrx_word' id='word_1_37' title='bbox 783 681 917 751; x_wconf 80' lang='grc'><strong>(57).</strong></span> 
     </span>
    </p>
   </div>
   <div class='ocr_carea' id='block_1_8' title="bbox 1886 600 3441 669">
    <p class='ocr_par' dir='ltr' id='par_1_8' title="bbox 1886 600 3441 669">
     <span class='ocr_line' id='line_1_8' title="bbox 1886 600 3441 669; baseline 0.012 -18"><span class='ocrx_word' id='word_1_38' title='bbox 1886 612 2088 665; x_wconf 84' lang='lat' dir='ltr'><strong>equum</strong></span> <span class='ocrx_word' id='word_1_39' title='bbox 2112 600 2383 667; x_wconf 80' lang='lat' dir='ltr'><strong>ascendit,</strong></span> <span class='ocrx_word' id='word_1_40' title='bbox 2406 617 2666 657; x_wconf 87' lang='lat' dir='ltr'><strong>vesanum</strong></span> <span class='ocrx_word' id='word_1_41' title='bbox 2692 607 2971 662; x_wconf 82' lang='lat' dir='ltr'><strong>scilicetin</strong></span> <span class='ocrx_word' id='word_1_42' title='bbox 3001 611 3258 666; x_wconf 81' lang='lat' dir='ltr'><strong>mulieres</strong></span> <span class='ocrx_word' id='word_1_43' title='bbox 3289 629 3441 669; x_wconf 84' lang='lat' dir='ltr'><strong>amo-</strong></span> 
     </span>
    </p>
   </div>
   <div class='ocr_carea' id='block_1_9' title="bbox 1888 692 3443 767">
    <p class='ocr_par' dir='ltr' id='par_1_9' title="bbox 1888 692 3443 767">
     <span class='ocr_line' id='line_1_9' title="bbox 1888 692 3443 767; baseline 0.012 -27"><span class='ocrx_word' id='word_1_44' title='bbox 1888 702 2027 754; x_wconf 90' lang='lat' dir='ltr'><strong>rem,</strong></span> <span class='ocrx_word' id='word_1_45' title='bbox 2060 704 2169 758; x_wconf 86' lang='lat' dir='ltr'><strong>quo</strong></span> <span class='ocrx_word' id='word_1_46' title='bbox 2205 692 2352 745; x_wconf 89' lang='lat' dir='ltr'><strong>velut</strong></span> <span class='ocrx_word' id='word_1_47' title='bbox 2405 709 2548 761; x_wconf 91' lang='lat' dir='ltr'><strong>equo</strong></span> <span class='ocrx_word' id='word_1_48' title='bbox 2582 695 2818 750; x_wconf 91' lang='lat' dir='ltr'><strong>insideat</strong></span> <span class='ocrx_word' id='word_1_49' title='bbox 2878 708 2930 753; x_wconf 91' lang='lat' dir='ltr'><strong>et</strong></span> <span class='ocrx_word' id='word_1_50' title='bbox 2967 700 3289 767; x_wconf 87' lang='lat' dir='ltr'><strong>oblectetur,</strong></span> <span class='ocrx_word' id='word_1_51' title='bbox 3342 720 3443 759; x_wconf 90' lang='lat' dir='ltr'><strong>nec</strong></span> 
     </span>
    </p>
   </div>
   <div class='ocr_carea' id='block_1_10' title="bbox 202 770 3444 864">
    <p class='ocr_par' dir='ltr' id='par_1_10' title="bbox 202 770 3444 864">
     <span class='ocr_line' id='line_1_10' title="bbox 202 770 3444 864; baseline 0.009 -41"><span class='ocrx_word' id='word_1_52' title='bbox 202 772 310 823; x_wconf 87' lang='lat' dir='ltr'><strong>alia</strong></span> <span class='ocrx_word' id='word_1_53' title='bbox 337 770 556 825; x_wconf 89' lang='lat' dir='ltr'><strong>demum</strong></span> <span class='ocrx_word' id='word_1_54' title='bbox 592 771 892 828; x_wconf 73' lang='lat' dir='ltr'><strong>eﬁectricis</strong></span> <span class='ocrx_word' id='word_1_55' title='bbox 916 789 1028 829; x_wconf 70' lang='lat' dir='ltr'><strong>suae</strong></span> <span class='ocrx_word' id='word_1_56' title='bbox 1054 777 1311 844; x_wconf 62' lang='lat' dir='ltr'><strong>petentia:</strong></span> <span class='ocrx_word' id='word_1_57' title='bbox 1341 792 1510 847; x_wconf 80' lang='lat' dir='ltr'><strong>opera</strong></span> <span class='ocrx_word' id='word_1_58' title='bbox 1535 778 1685 844; x_wconf 90' lang='lat' dir='ltr'><strong>colit,</strong></span> <span class='ocrx_word' id='word_1_59' title='bbox 1716 786 1774 832; x_wconf 90' lang='lat' dir='ltr'><strong>ut</strong></span> <span class='ocrx_word' id='word_1_60' title='bbox 1816 787 1999 846; x_wconf 91' lang='lat' dir='ltr'><strong>antea,</strong></span> <span class='ocrx_word' id='word_1_61' title='bbox 2033 796 2211 850; x_wconf 89' lang='lat' dir='ltr'><strong>neque</strong></span> <span class='ocrx_word' id='word_1_62' title='bbox 2242 782 2374 838; x_wconf 84' lang='lat' dir='ltr'><strong>deos</strong></span> <span class='ocrx_word' id='word_1_63' title='bbox 2405 795 2459 839; x_wconf 89' lang='lat' dir='ltr'><strong>et</strong></span> <span class='ocrx_word' id='word_1_64' title='bbox 2490 788 2744 844; x_wconf 88' lang='lat' dir='ltr'><strong>dominos</strong></span> <span class='ocrx_word' id='word_1_65' title='bbox 2778 805 2908 845; x_wconf 90' lang='lat' dir='ltr'><strong>suos</strong></span> <span class='ocrx_word' id='word_1_66' title='bbox 2976 795 3214 864; x_wconf 82' lang='lat' dir='ltr'><strong>appellat</strong></span> <span class='ocrx_word' id='word_1_67' title='bbox 3300 796 3444 851; x_wconf 83' lang='lat' dir='ltr'><strong>idola</strong></span> 
     </span>
    </p>
   </div>
   <div class='ocr_carea' id='block_1_11' title="bbox 195 864 1273 933">
    <p class='ocr_par' dir='ltr' id='par_1_11' title="bbox 195 864 1273 933">
     <span class='ocr_line' id='line_1_11' title="bbox 195 864 1273 933; baseline 0.006 -17"><span class='ocrx_word' id='word_1_68' title='bbox 195 873 251 916; x_wconf 86' lang='lat' dir='ltr'><strong>et</strong></span> <span class='ocrx_word' id='word_1_69' title='bbox 283 864 605 918; x_wconf 88' lang='lat' dir='ltr'><strong>eorumdem</strong></span> <span class='ocrx_word' id='word_1_70' title='bbox 636 879 865 933; x_wconf 89' lang='lat' dir='ltr'><strong>operum</strong></span> <span class='ocrx_word' id='word_1_71' title='bbox 896 877 1273 922; x_wconf 87' lang='lat' dir='ltr'><strong>monumenta.</strong></span> 
     </span>
    </p>
   </div>
   <div class='ocr_carea' id='block_1_12' title="bbox 288 956 1769 1030">
    <p class='ocr_par' dir='ltr' id='par_1_12' title="bbox 288 956 1769 1030">
     <span class='ocr_line' id='line_1_12' title="bbox 288 956 1769 1030; baseline 0.003 -19"><span class='ocrx_word' id='word_1_72' title='bbox 288 956 493 1011; x_wconf 76' lang='grc' dir='ltr'>Ἐνσοὶ</span> <span class='ocrx_word' id='word_1_73' title='bbox 513 956 749 1021; x_wconf 73' lang='grc' dir='ltr'>ἐλεήσει</span> <span class='ocrx_word' id='word_1_74' title='bbox 767 959 1049 1026; x_wconf 61' lang='grc' dir='ltr'><strong>ὀρφανόν.</strong></span> <span class='ocrx_word' id='word_1_75' title='bbox 1080 961 1394 1024; x_wconf 76' lang='grc' dir='ltr'>Τουτέστιν,</span> <span class='ocrx_word' id='word_1_76' title='bbox 1423 963 1565 1030; x_wconf 83' lang='grc' dir='ltr'><strong>Ἐγὼ</strong></span> <span class='ocrx_word' id='word_1_77' title='bbox 1590 965 1616 1015; x_wconf 84' lang='grc' dir='ltr'>ό</span> <span class='ocrx_word' id='word_1_78' title='bbox 1639 963 1769 1027; x_wconf 82' lang='grc' dir='ltr'>Θεὸς</span> 
     </span>
    </p>
   </div>
   <div class='ocr_carea' id='block_1_13' title="bbox 194 1046 1775 1126">
    <p class='ocr_par' dir='ltr' id='par_1_13' title="bbox 194 1046 1775 1126">
     <span class='ocr_line' id='line_1_13' title="bbox 194 1046 1775 1126; baseline 0.006 -31"><span class='ocrx_word' id='word_1_79' title='bbox 194 1046 254 1096; x_wconf 79' lang='grc' dir='ltr'>ἐν</span> <span class='ocrx_word' id='word_1_80' title='bbox 289 1047 375 1098; x_wconf 79' lang='grc' dir='ltr'>σοὶ</span> <span class='ocrx_word' id='word_1_81' title='bbox 410 1047 704 1112; x_wconf 79' lang='grc' dir='ltr'>κατοικῶν,</span> <span class='ocrx_word' id='word_1_82' title='bbox 731 1048 939 1120; x_wconf 79' lang='grc' dir='ltr'>ὲλεήσω</span> <span class='ocrx_word' id='word_1_83' title='bbox 980 1067 1039 1103; x_wconf 83' lang='grc' dir='ltr'><strong>σε</strong></span> <span class='ocrx_word' id='word_1_84' title='bbox 1090 1052 1179 1103; x_wconf 83' lang='grc' dir='ltr'><strong>τὸν</strong></span> <span class='ocrx_word' id='word_1_85' title='bbox 1229 1053 1487 1122; x_wconf 73' lang='grc' dir='ltr'>ὀρφανὸν,</span> <span class='ocrx_word' id='word_1_86' title='bbox 1537 1055 1775 1126; x_wconf 80' lang='grc' dir='ltr'>Ἰσραὴλ,</span> 
     </span>
    </p>
   </div>
   <div class='ocr_carea' id='block_1_14' title="bbox 192 1138 1776 1214">
    <p class='ocr_par' dir='ltr' id='par_1_14' title="bbox 192 1138 1776 1214">
     <span class='ocr_line' id='line_1_14' title="bbox 192 1138 1776 1214; baseline 0.006 -27"><span class='ocrx_word' id='word_1_87' title='bbox 192 1138 287 1188; x_wconf 72' lang='grc' dir='ltr'>τὸν</span> <span class='ocrx_word' id='word_1_88' title='bbox 326 1139 463 1207; x_wconf 76' lang='grc' dir='ltr'>ἐμοῦ</span> <span class='ocrx_word' id='word_1_89' title='bbox 490 1139 583 1191; x_wconf 79' lang='grc' dir='ltr'>τοῦ</span> <span class='ocrx_word' id='word_1_90' title='bbox 620 1139 877 1208; x_wconf 76' lang='grc' dir='ltr'><strong>ἀληθινοῦ</strong></span> <span class='ocrx_word' id='word_1_91' title='bbox 910 1142 1123 1212; x_wconf 81' lang='grc' dir='ltr'>Πατρὸς</span> <span class='ocrx_word' id='word_1_92' title='bbox 1170 1143 1635 1214; x_wconf 74' lang='grc' dir='ltr'>ὰπολισθήταντα,</span> <span class='ocrx_word' id='word_1_93' title='bbox 1682 1147 1776 1200; x_wconf 77' lang='grc' dir='ltr'><strong>καὶ</strong></span> 
     </span>
    </p>
   </div>
   <div class='ocr_carea' id='block_1_15' title="bbox 196 1229 1778 1305">
    <p class='ocr_par' dir='ltr' id='par_1_15' title="bbox 196 1229 1778 1305">
     <span class='ocr_line' id='line_1_15' title="bbox 196 1229 1778 1305; baseline 0.006 -26"><span class='ocrx_word' id='word_1_94' title='bbox 196 1229 553 1298; x_wconf 75' lang='grc' dir='ltr'><strong>ἐρημωθέντα</strong></span> <span class='ocrx_word' id='word_1_95' title='bbox 578 1230 675 1300; x_wconf 81' lang='grc' dir='ltr'>τῆς</span> <span class='ocrx_word' id='word_1_96' title='bbox 701 1233 841 1301; x_wconf 78' lang='grc' dir='ltr'>ἐμῆς</span> <span class='ocrx_word' id='word_1_97' title='bbox 882 1234 1208 1302; x_wconf 85' lang='grc' dir='ltr'><strong>κηδεμονίας</strong></span> <span class='ocrx_word' id='word_1_98' title='bbox 1237 1237 1331 1287; x_wconf 77' lang='grc' dir='ltr'>καὶ</span> <span class='ocrx_word' id='word_1_99' title='bbox 1361 1237 1637 1305; x_wconf 88' lang='grc' dir='ltr'>προνοίας.</span> <span class='ocrx_word' id='word_1_100' title='bbox 1670 1237 1778 1289; x_wconf 76' lang='grc' dir='ltr'><strong>Καὶ</strong></span> 
     </span>
    </p>
   </div>
   <div class='ocr_carea' id='block_1_16' title="bbox 193 1320 1775 1396">
    <p class='ocr_par' dir='ltr' id='par_1_16' title="bbox 193 1320 1775 1396">
     <span class='ocr_line' id='line_1_16' title="bbox 193 1320 1775 1396; baseline 0.006 -27"><span class='ocrx_word' id='word_1_101' title='bbox 193 1320 219 1369; x_wconf 82' lang='grc' dir='ltr'>ὁ</span> <span class='ocrx_word' id='word_1_102' title='bbox 254 1322 311 1371; x_wconf 79' lang='grc' dir='ltr'>ἐν</span> <span class='ocrx_word' id='word_1_103' title='bbox 352 1320 431 1389; x_wconf 81' lang='grc' dir='ltr'>τῷ</span> <span class='ocrx_word' id='word_1_104' title='bbox 478 1320 591 1390; x_wconf 85' lang='grc' dir='ltr'><strong>Υίῷ</strong></span> <span class='ocrx_word' id='word_1_105' title='bbox 633 1321 689 1374; x_wconf 86' lang='grc' dir='ltr'>δὲ</span> <span class='ocrx_word' id='word_1_106' title='bbox 720 1322 906 1393; x_wconf 81' lang='grc' dir='ltr'>Πατὴρ</span> <span class='ocrx_word' id='word_1_107' title='bbox 936 1324 1172 1393; x_wconf 80' lang='grc' dir='ltr'>ἐλεήσει,</span> <span class='ocrx_word' id='word_1_108' title='bbox 1216 1327 1369 1396; x_wconf 71' lang='grc' dir='ltr'>φησὶ,</span> <span class='ocrx_word' id='word_1_109' title='bbox 1425 1327 1518 1379; x_wconf 76' lang='grc' dir='ltr'><strong>τὸν</strong></span> <span class='ocrx_word' id='word_1_110' title='bbox 1563 1326 1775 1380; x_wconf 70' lang='grc' dir='ltr'>ὲθνικὸν</span> 
     </span>
    </p>
   </div>
   <div class='ocr_carea' id='block_1_17' title="bbox 196 1408 1771 1489">
    <p class='ocr_par' dir='ltr' id='par_1_17' title="bbox 196 1408 1771 1489">
     <span class='ocr_line' id='line_1_17' title="bbox 196 1408 1771 1489; baseline 0.01 -31"><span class='ocrx_word' id='word_1_111' title='bbox 196 1408 345 1474; x_wconf 64' lang='grc' dir='ltr'>λαὸν,</span> <span class='ocrx_word' id='word_1_112' title='bbox 404 1409 496 1461; x_wconf 86' lang='grc' dir='ltr'><strong>τὸν</strong></span> <span class='ocrx_word' id='word_1_113' title='bbox 557 1412 1032 1481; x_wconf 75' lang='grc' dir='ltr'>ἀπορφανισθέντα</span> <span class='ocrx_word' id='word_1_114' title='bbox 1080 1415 1174 1468; x_wconf 84' lang='grc' dir='ltr'>τοῦ</span> <span class='ocrx_word' id='word_1_115' title='bbox 1228 1416 1481 1486; x_wconf 79' lang='grc' dir='ltr'>οὐρανίου</span> <span class='ocrx_word' id='word_1_116' title='bbox 1538 1418 1771 1489; x_wconf 81' lang='grc' dir='ltr'>Πατρός.</span> 
     </span>
    </p>
   </div>
   <div class='ocr_carea' id='block_1_18' title="bbox 196 1498 1775 1572">
    <p class='ocr_par' dir='ltr' id='par_1_18' title="bbox 196 1498 1775 1572">
     <span class='ocr_line' id='line_1_18' title="bbox 196 1498 1775 1572; baseline 0.006 -24"><span class='ocrx_word' id='word_1_117' title='bbox 196 1498 303 1549; x_wconf 79' lang='grc' dir='ltr'><strong>Καὶ</strong></span> <span class='ocrx_word' id='word_1_118' title='bbox 337 1499 473 1568; x_wconf 81' lang='grc' dir='ltr'>πρὸς</span> <span class='ocrx_word' id='word_1_119' title='bbox 504 1499 595 1551; x_wconf 77' lang='grc' dir='ltr'><strong>τὸν</strong></span> <span class='ocrx_word' id='word_1_120' title='bbox 626 1500 759 1554; x_wconf 84' lang='grc' dir='ltr'>Θεὸν</span> <span class='ocrx_word' id='word_1_121' title='bbox 790 1502 1030 1570; x_wconf 80' lang='grc' dir='ltr'>λέγεται,</span> <span class='ocrx_word' id='word_1_122' title='bbox 1073 1505 1154 1559; x_wconf 82' lang='grc' dir='ltr'><strong>ὅτι</strong></span> <span class='ocrx_word' id='word_1_123' title='bbox 1198 1507 1254 1559; x_wconf 90' lang='grc' dir='ltr'><strong>Ὀ</strong></span> <span class='ocrx_word' id='word_1_124' title='bbox 1299 1508 1356 1559; x_wconf 84' lang='grc' dir='ltr'>ὲν</span> <span class='ocrx_word' id='word_1_125' title='bbox 1404 1510 1484 1560; x_wconf 71' lang='grc' dir='ltr'><strong>σοὶ</strong></span> <span class='ocrx_word' id='word_1_126' title='bbox 1525 1506 1622 1572; x_wconf 84' lang='grc' dir='ltr'><strong>ῶν,</strong></span> <span class='ocrx_word' id='word_1_127' title='bbox 1680 1509 1775 1561; x_wconf 67' lang='grc' dir='ltr'><strong>καὶ</strong></span> 
     </span>
    </p>
   </div>
   <div class='ocr_carea' id='block_1_19' title="bbox 197 1587 1774 1669">
    <p class='ocr_par' dir='ltr' id='par_1_19' title="bbox 197 1587 1774 1669">
     <span class='ocr_line' id='line_1_19' title="bbox 197 1587 1774 1669; baseline 0.007 -30"><span class='ocrx_word' id='word_1_128' title='bbox 197 1587 272 1657; x_wconf 86' lang='grc' dir='ltr'><strong>μὴ</strong></span> <span class='ocrx_word' id='word_1_129' title='bbox 318 1588 652 1658; x_wconf 81' lang='grc' dir='ltr'>μακρυνθεὶς</span> <span class='ocrx_word' id='word_1_130' title='bbox 678 1592 787 1645; x_wconf 71' lang='grc' dir='ltr'><strong>ἀπὸ</strong></span> <span class='ocrx_word' id='word_1_131' title='bbox 817 1592 932 1657; x_wconf 70' lang='grc' dir='ltr'>σοῦ,</span> <span class='ocrx_word' id='word_1_132' title='bbox 974 1595 1187 1665; x_wconf 75' lang='grc' dir='ltr'>ἐλεήσει</span> <span class='ocrx_word' id='word_1_133' title='bbox 1215 1596 1449 1667; x_wconf 73' lang='grc' dir='ltr'>ὀρφανόν</span> <span class='ocrx_word' id='word_1_134' title='bbox 1483 1614 1495 1627; x_wconf 87' lang='grc'>·</span> <span class='ocrx_word' id='word_1_135' title='bbox 1535 1601 1630 1652; x_wconf 79' lang='grc' dir='ltr'>καὶ</span> <span class='ocrx_word' id='word_1_136' title='bbox 1666 1599 1774 1669; x_wconf 80' lang='grc' dir='ltr'>γὰρ</span> 
     </span>
    </p>
   </div>
   <div class='ocr_carea' id='block_1_20' title="bbox 196 1680 1769 1761">
    <p class='ocr_par' dir='ltr' id='par_1_20' title="bbox 196 1680 1769 1761">
     <span class='ocr_line' id='line_1_20' title="bbox 196 1680 1769 1761; baseline 0.01 -31"><span class='ocrx_word' id='word_1_137' title='bbox 196 1682 261 1731; x_wconf 70' lang='grc' dir='ltr'><strong>συ</strong></span> <span class='ocrx_word' id='word_1_138' title='bbox 295 1680 487 1750; x_wconf 69' lang='grc' dir='ltr'>Πατὴρ</span> <span class='ocrx_word' id='word_1_139' title='bbox 513 1682 620 1735; x_wconf 85' lang='grc' dir='ltr'><strong>τῶν</strong></span> <span class='ocrx_word' id='word_1_140' title='bbox 642 1683 893 1753; x_wconf 72' lang='grc' dir='ltr'>ὀρφανῶν</span> <span class='ocrx_word' id='word_1_141' title='bbox 924 1703 937 1717; x_wconf 89' lang='grc'><strong>·</strong></span> <span class='ocrx_word' id='word_1_142' title='bbox 969 1687 1112 1741; x_wconf 80' lang='grc' dir='ltr'>ὥστε</span> <span class='ocrx_word' id='word_1_143' title='bbox 1146 1690 1174 1740; x_wconf 85' lang='grc' dir='ltr'>ὁ</span> <span class='ocrx_word' id='word_1_144' title='bbox 1211 1690 1285 1760; x_wconf 85' lang='grc' dir='ltr'>μὴ</span> <span class='ocrx_word' id='word_1_145' title='bbox 1317 1690 1478 1744; x_wconf 70' lang='grc' dir='ltr'>ἐλεῶν</span> <span class='ocrx_word' id='word_1_146' title='bbox 1515 1694 1769 1761; x_wconf 73' lang='grc' dir='ltr'>ὀρφανὸν,</span> 
     </span>
    </p>
   </div>
   <div class='ocr_carea' id='block_1_21' title="bbox 192 1768 517 1825">
    <p class='ocr_par' dir='ltr' id='par_1_21' title="bbox 192 1768 517 1825">
     <span class='ocr_line' id='line_1_21' title="bbox 192 1768 517 1825; baseline 0.018 -7"><span class='ocrx_word' id='word_1_147' title='bbox 192 1768 295 1819; x_wconf 71' lang='grc' dir='ltr'><strong>οὐκ</strong></span> <span class='ocrx_word' id='word_1_148' title='bbox 320 1770 380 1820; x_wconf 82' lang='grc' dir='ltr'>ἐν</span> <span class='ocrx_word' id='word_1_149' title='bbox 413 1772 517 1825; x_wconf 88' lang='grc' dir='ltr'>σοί.</span> 
     </span>
    </p>
   </div>
   <div class='ocr_carea' id='block_1_22' title="bbox 278 1860 1849 1941">
    <p class='ocr_par' dir='ltr' id='par_1_22' title="bbox 278 1860 1849 1941">
     <span class='ocr_line' id='line_1_22' title="bbox 278 1860 1849 1941; baseline 0.013 -29"><span class='ocrx_word' id='word_1_150' title='bbox 278 1860 550 1931; x_wconf 79' lang='grc' dir='ltr'>Ἰἁσομαι</span> <span class='ocrx_word' id='word_1_151' title='bbox 609 1865 714 1931; x_wconf 86' lang='grc' dir='ltr'>τὰς</span> <span class='ocrx_word' id='word_1_152' title='bbox 762 1869 1065 1934; x_wconf 77' lang='grc' dir='ltr'><strong>κατοικίας</strong></span> <span class='ocrx_word' id='word_1_153' title='bbox 1109 1871 1326 1928; x_wconf 67' lang='grc' dir='ltr'>αὐτῶν.</span> <span class='ocrx_word' id='word_1_154' title='bbox 1371 1874 1649 1939; x_wconf 83' lang='grc' dir='ltr'>Τουτέστι,</span> <span class='ocrx_word' id='word_1_155' title='bbox 1677 1879 1772 1941; x_wconf 65' lang='grc' dir='ltr'><strong>τὰς</strong></span> <span class='ocrx_word' id='word_1_156' title='bbox 1811 1880 1849 1932; x_wconf 83' lang='grc' dir='ltr'><strong><em>Β</em></strong></span> 
     </span>
    </p>
   </div>
   <div class='ocr_carea' id='block_1_23' title="bbox 192 1951 1772 2039">
    <p class='ocr_par' dir='ltr' id='par_1_23' title="bbox 192 1951 1772 2039">
     <span class='ocr_line' id='line_1_23' title="bbox 192 1951 1772 2039; baseline 0.021 -38"><span class='ocrx_word' id='word_1_157' title='bbox 192 1951 383 2016; x_wconf 72' lang='grc' dir='ltr'>πόλεις</span> <span class='ocrx_word' id='word_1_158' title='bbox 414 1955 595 2007; x_wconf 82' lang='grc' dir='ltr'>αὐτῶν</span> <span class='ocrx_word' id='word_1_159' title='bbox 626 1958 718 2011; x_wconf 70' lang='grc' dir='ltr'><strong>καὶ</strong></span> <span class='ocrx_word' id='word_1_160' title='bbox 748 1960 853 2022; x_wconf 78' lang='grc' dir='ltr'>τὰς</span> <span class='ocrx_word' id='word_1_161' title='bbox 880 1959 1094 2029; x_wconf 78' lang='grc' dir='ltr'>κώμας,</span> <span class='ocrx_word' id='word_1_162' title='bbox 1133 1965 1225 2015; x_wconf 74' lang='grc' dir='ltr'><strong>καί</strong></span> <span class='ocrx_word' id='word_1_163' title='bbox 1276 1966 1456 2018; x_wconf 66' lang='grc' dir='ltr'>πᾶσαν</span> <span class='ocrx_word' id='word_1_164' title='bbox 1505 1966 1602 2037; x_wconf 67' lang='grc' dir='ltr'><strong>τὴν</strong></span> <span class='ocrx_word' id='word_1_165' title='bbox 1649 1971 1772 2039; x_wconf 76' lang='grc' dir='ltr'>γῆν,</span> 
     </span>
    </p>
   </div>
   <div class='ocr_carea' id='block_1_24' title="bbox 188 2036 1769 2125">
    <p class='ocr_par' dir='ltr' id='par_1_24' title="bbox 188 2036 1769 2125">
     <span class='ocr_line' id='line_1_24' title="bbox 188 2036 1769 2125; baseline 0.012 -32"><span class='ocrx_word' id='word_1_166' title='bbox 188 2044 249 2094; x_wconf 83' lang='grc' dir='ltr'>ὲν</span> <span class='ocrx_word' id='word_1_167' title='bbox 352 2045 700 2099; x_wconf 73' lang='grc' dir='ltr'>κατοικοῦσιν</span> <span class='ocrx_word' id='word_1_168' title='bbox 738 2064 743 2077; x_wconf 65' lang='grc' dir='ltr'><strong>ί</strong></span> <span class='ocrx_word' id='word_1_169' title='bbox 775 2049 1059 2104; x_wconf 79' lang='grc' dir='ltr'>ἀσθένειαν</span> <span class='ocrx_word' id='word_1_170' title='bbox 1090 2052 1199 2123; x_wconf 73' lang='grc' dir='ltr'>γὰρ</span> <span class='ocrx_word' id='word_1_171' title='bbox 1227 2055 1473 2125; x_wconf 79' lang='grc' dir='ltr'>μεγάλην</span> <span class='ocrx_word' id='word_1_172' title='bbox 1502 2036 1769 2124; x_wconf 71' lang='grc' dir='ltr'>ἐδέξαντο,</span> 
     </span>
    </p>
   </div>
   <div class='ocr_carea' id='block_1_25' title="bbox 192 2133 1771 2221">
    <p class='ocr_par' dir='ltr' id='par_1_25' title="bbox 192 2133 1771 2221">
     <span class='ocr_line' id='line_1_25' title="bbox 192 2133 1771 2221; baseline 0.013 -38"><span class='ocrx_word' id='word_1_173' title='bbox 192 2133 399 2195; x_wconf 73' lang='grc' dir='ltr'>παντὸς</span> <span class='ocrx_word' id='word_1_174' title='bbox 453 2136 659 2201; x_wconf 82' lang='grc' dir='ltr'>ἀγαθοῦ</span> <span class='ocrx_word' id='word_1_175' title='bbox 710 2140 1080 2209; x_wconf 79' lang='grc' dir='ltr'>στερηθεῖσαι,</span> <span class='ocrx_word' id='word_1_176' title='bbox 1135 2139 1246 2198; x_wconf 75' lang='grc' dir='ltr'>οἷόν</span> <span class='ocrx_word' id='word_1_177' title='bbox 1292 2162 1435 2210; x_wconf 86' lang='grc' dir='ltr'>τινος</span> <span class='ocrx_word' id='word_1_178' title='bbox 1496 2150 1682 2217; x_wconf 81' lang='grc' dir='ltr'>ὑγείας</span> <span class='ocrx_word' id='word_1_179' title='bbox 1738 2154 1771 2221; x_wconf 79' lang='grc' dir='ltr'>ἢ</span> 
     </span>
    </p>
   </div>
   <div class='ocr_carea' id='block_1_26' title="bbox 191 2223 1775 2306">
    <p class='ocr_par' dir='ltr' id='par_1_26' title="bbox 191 2223 1775 2306">
     <span class='ocr_line' id='line_1_26' title="bbox 191 2223 1775 2306; baseline 0.013 -33"><span class='ocrx_word' id='word_1_180' title='bbox 191 2223 448 2287; x_wconf 76' lang='grc' dir='ltr'><strong>κάλλους.</strong></span> <span class='ocrx_word' id='word_1_181' title='bbox 493 2226 583 2291; x_wconf 85' lang='grc' dir='ltr'><strong>ἸΙ,</strong></span> <span class='ocrx_word' id='word_1_182' title='bbox 640 2228 722 2281; x_wconf 84' lang='grc' dir='ltr'><strong>ὅτι</strong></span> <span class='ocrx_word' id='word_1_183' title='bbox 770 2233 991 2301; x_wconf 83' lang='grc' dir='ltr'>Ποιήσω</span> <span class='ocrx_word' id='word_1_184' title='bbox 1042 2235 1239 2299; x_wconf 83' lang='grc' dir='ltr'>αὐτοὺς</span> <span class='ocrx_word' id='word_1_185' title='bbox 1288 2236 1444 2303; x_wconf 78' lang='grc' dir='ltr'>αὖθις</span> <span class='ocrx_word' id='word_1_186' title='bbox 1490 2247 1775 2306; x_wconf 77' lang='grc' dir='ltr'>κατοικίας</span> 
     </span>
    </p>
   </div>
   <div class='ocr_carea' id='block_1_27' title="bbox 192 2310 1773 2400">
    <p class='ocr_par' dir='ltr' id='par_1_27' title="bbox 192 2310 1773 2400">
     <span class='ocr_line' id='line_1_27' title="bbox 192 2310 1773 2400; baseline 0.015 -38"><span class='ocrx_word' id='word_1_187' title='bbox 192 2310 362 2381; x_wconf 73' lang='grc' dir='ltr'>ἔχειν.</span> <span class='ocrx_word' id='word_1_188' title='bbox 434 2315 521 2367; x_wconf 83' lang='grc' dir='ltr'>Ἐν</span> <span class='ocrx_word' id='word_1_189' title='bbox 568 2317 678 2386; x_wconf 79' lang='grc' dir='ltr'>γὰρ</span> <span class='ocrx_word' id='word_1_190' title='bbox 736 2321 802 2389; x_wconf 78' lang='grc' dir='ltr'>τῇ</span> <span class='ocrx_word' id='word_1_191' title='bbox 853 2321 1197 2395; x_wconf 76' lang='grc' dir='ltr'>αἰχμαλωσίᾳ</span> <span class='ocrx_word' id='word_1_192' title='bbox 1238 2326 1425 2391; x_wconf 77' lang='grc' dir='ltr'>ὄντες,</span> <span class='ocrx_word' id='word_1_193' title='bbox 1481 2331 1773 2400; x_wconf 82' lang='grc' dir='ltr'>παροικίας</span> 
     </span>
    </p>
   </div>
   <div class='ocr_carea' id='block_1_28' title="bbox 190 2400 1767 2484">
    <p class='ocr_par' dir='ltr' id='par_1_28' title="bbox 190 2400 1767 2484">
     <span class='ocr_line' id='line_1_28' title="bbox 190 2400 1767 2484; baseline 0.015 -32"><span class='ocrx_word' id='word_1_194' title='bbox 190 2400 363 2471; x_wconf 73' lang='grc' dir='ltr'>εἶχον,</span> <span class='ocrx_word' id='word_1_195' title='bbox 394 2405 454 2456; x_wconf 77' lang='grc' dir='ltr'>οὐ</span> <span class='ocrx_word' id='word_1_196' title='bbox 483 2408 790 2473; x_wconf 79' lang='grc' dir='ltr'>κατοικίας.</span> <span class='ocrx_word' id='word_1_197' title='bbox 832 2410 1251 2479; x_wconf 80' lang='grc' dir='ltr'>Ἐπανιλθόντες</span> <span class='ocrx_word' id='word_1_198' title='bbox 1272 2414 1366 2470; x_wconf 79' lang='grc' dir='ltr'><strong>οὖν</strong></span> <span class='ocrx_word' id='word_1_199' title='bbox 1408 2416 1586 2484; x_wconf 76' lang='grc' dir='ltr'>αὖθις,</span> <span class='ocrx_word' id='word_1_200' title='bbox 1637 2423 1767 2475; x_wconf 80' lang='grc' dir='ltr'>ἀνα-</span> 
     </span>
    </p>
   </div>
   <div class='ocr_carea' id='block_1_29' title="bbox 191 2494 1772 2581">
    <p class='ocr_par' dir='ltr' id='par_1_29' title="bbox 191 2494 1772 2581">
     <span class='ocr_line' id='line_1_29' title="bbox 191 2494 1772 2581; baseline 0.014 -37"><span class='ocrx_word' id='word_1_201' title='bbox 191 2494 459 2563; x_wconf 71' lang='grc' dir='ltr'>λήψονται</span> <span class='ocrx_word' id='word_1_202' title='bbox 515 2498 611 2560; x_wconf 85' lang='grc' dir='ltr'>τὰς</span> <span class='ocrx_word' id='word_1_203' title='bbox 665 2500 850 2564; x_wconf 85' lang='grc' dir='ltr'>πόλεις</span> <span class='ocrx_word' id='word_1_204' title='bbox 915 2504 1218 2561; x_wconf 76' lang='grc' dir='ltr'>αὐτῶνκαὶ</span> <span class='ocrx_word' id='word_1_205' title='bbox 1279 2510 1376 2572; x_wconf 76' lang='grc' dir='ltr'>τὰς</span> <span class='ocrx_word' id='word_1_206' title='bbox 1438 2510 1653 2581; x_wconf 84' lang='grc' dir='ltr'>κώμας,</span> <span class='ocrx_word' id='word_1_207' title='bbox 1715 2516 1772 2566; x_wconf 76' lang='grc' dir='ltr'>ἐν</span> 
     </span>
    </p>
   </div>
   <div class='ocr_carea' id='block_1_30' title="bbox 191 2577 1767 2673">
    <p class='ocr_par' dir='ltr' id='par_1_30' title="bbox 191 2577 1767 2673">
     <span class='ocr_line' id='line_1_30' title="bbox 191 2577 1767 2673; baseline 0.015 -39"><span class='ocrx_word' id='word_1_208' title='bbox 191 2577 282 2646; x_wconf 79' lang='grc' dir='ltr'>αἷς</span> <span class='ocrx_word' id='word_1_209' title='bbox 338 2589 761 2657; x_wconf 81' lang='grc' dir='ltr'>κατοικήσουσιν</span> <span class='ocrx_word' id='word_1_210' title='bbox 802 2592 1081 2662; x_wconf 80' lang='grc' dir='ltr'>ἀσφαλῶς.</span> <span class='ocrx_word' id='word_1_211' title='bbox 1139 2597 1348 2653; x_wconf 76' lang='grc' dir='ltr'>Ἰἀσατο</span> <span class='ocrx_word' id='word_1_212' title='bbox 1384 2602 1479 2653; x_wconf 80' lang='grc' dir='ltr'><strong>καὶ</strong></span> <span class='ocrx_word' id='word_1_213' title='bbox 1508 2577 1767 2673; x_wconf 62' lang='grc' dir='ltr'>Χριστὸς,</span> 
     </span>
    </p>
   </div>
   <div class='ocr_carea' id='block_1_31' title="bbox 194 2678 1771 2761">
    <p class='ocr_par' dir='ltr' id='par_1_31' title="bbox 194 2678 1771 2761">
     <span class='ocr_line' id='line_1_31' title="bbox 194 2678 1771 2761; baseline 0.013 -35"><span class='ocrx_word' id='word_1_214' title='bbox 194 2678 404 2744; x_wconf 86' lang='grc' dir='ltr'>σημεῖα</span> <span class='ocrx_word' id='word_1_215' title='bbox 467 2678 658 2747; x_wconf 87' lang='grc' dir='ltr'>τελῶν,</span> <span class='ocrx_word' id='word_1_216' title='bbox 698 2681 769 2734; x_wconf 83' lang='grc' dir='ltr'>τὰ</span> <span class='ocrx_word' id='word_1_217' title='bbox 824 2682 1057 2754; x_wconf 81' lang='grc' dir='ltr'>σώματα</span> <span class='ocrx_word' id='word_1_218' title='bbox 1118 2688 1227 2742; x_wconf 90' lang='grc' dir='ltr'><strong>τῶν</strong></span> <span class='ocrx_word' id='word_1_219' title='bbox 1290 2689 1414 2743; x_wconf 81' lang='grc' dir='ltr'>τότε</span> <span class='ocrx_word' id='word_1_220' title='bbox 1484 2691 1771 2761; x_wconf 77' lang='grc' dir='ltr'>Ἐϐραίων,</span> 
     </span>
    </p>
   </div>
   <div class='ocr_carea' id='block_1_32' title="bbox 190 2768 1771 2857">
    <p class='ocr_par' dir='ltr' id='par_1_32' title="bbox 190 2768 1771 2857">
     <span class='ocr_line' id='line_1_32' title="bbox 190 2768 1771 2857; baseline 0.012 -36"><span class='ocrx_word' id='word_1_221' title='bbox 190 2768 229 2821; x_wconf 71' lang='grc' dir='ltr'>ἃ.</span> <span class='ocrx_word' id='word_1_222' title='bbox 262 2771 537 2825; x_wconf 80' lang='grc' dir='ltr'>κατοικίαι</span> <span class='ocrx_word' id='word_1_223' title='bbox 576 2768 718 2843; x_wconf 77' lang='grc' dir='ltr'>ἦσαν</span> <span class='ocrx_word' id='word_1_224' title='bbox 760 2774 869 2830; x_wconf 86' lang='grc' dir='ltr'><strong>τῶν</strong></span> <span class='ocrx_word' id='word_1_225' title='bbox 904 2777 1092 2847; x_wconf 74' lang='grc' dir='ltr'>ψυχῶν</span> <span class='ocrx_word' id='word_1_226' title='bbox 1124 2796 1140 2811; x_wconf 79' lang='grc' dir='ltr'><strong>ο</strong></span> <span class='ocrx_word' id='word_1_227' title='bbox 1170 2782 1337 2846; x_wconf 81' lang='grc' dir='ltr'>αὑτὰς</span> <span class='ocrx_word' id='word_1_228' title='bbox 1377 2784 1433 2837; x_wconf 79' lang='grc' dir='ltr'>δὲ</span> <span class='ocrx_word' id='word_1_229' title='bbox 1463 2785 1563 2849; x_wconf 82' lang='grc' dir='ltr'>τὰς</span> <span class='ocrx_word' id='word_1_230' title='bbox 1593 2785 1771 2857; x_wconf 80' lang='grc' dir='ltr'>ψυχὰς</span> 
     </span>
    </p>
   </div>
   <div class='ocr_carea' id='block_1_33' title="bbox 190 2860 1767 2947">
    <p class='ocr_par' dir='ltr' id='par_1_33' title="bbox 190 2860 1767 2947">
     <span class='ocr_line' id='line_1_33' title="bbox 190 2860 1767 2947; baseline 0.012 -36"><span class='ocrx_word' id='word_1_231' title='bbox 190 2860 294 2912; x_wconf 72' lang='grc' dir='ltr'>οὐκ</span> <span class='ocrx_word' id='word_1_232' title='bbox 330 2861 538 2928; x_wconf 76' lang='grc' dir='ltr'>ἰάσατο,</span> <span class='ocrx_word' id='word_1_233' title='bbox 562 2863 686 2917; x_wconf 70' lang='grc' dir='ltr'><strong>ἐπεὶ</strong></span> <span class='ocrx_word' id='word_1_234' title='bbox 716 2865 792 2935; x_wconf 69' lang='grc' dir='ltr'>μὴ</span> <span class='ocrx_word' id='word_1_235' title='bbox 818 2866 1108 2937; x_wconf 80' lang='grc' dir='ltr'>ἠθέλησαν.</span> <span class='ocrx_word' id='word_1_236' title='bbox 1132 2872 1395 2939; x_wconf 83' lang='grc' dir='ltr'>Ποσάκις</span> <span class='ocrx_word' id='word_1_237' title='bbox 1420 2874 1550 2947; x_wconf 85' lang='grc' dir='ltr'>γὰρ,</span> <span class='ocrx_word' id='word_1_238' title='bbox 1584 2877 1767 2946; x_wconf 73' lang='grc' dir='ltr'>φησιν,</span> 
     </span>
    </p>
   </div>
   <div class='ocr_carea' id='block_1_34' title="bbox 190 2950 1769 3034">
    <p class='ocr_par' dir='ltr' id='par_1_34' title="bbox 190 2950 1769 3034">
     <span class='ocr_line' id='line_1_34' title="bbox 190 2950 1769 3034; baseline 0.013 -32"><span class='ocrx_word' id='word_1_239' title='bbox 190 2950 467 3019; x_wconf 58' lang='grc' dir='ltr'>ἠθέλησα</span> <span class='ocrx_word' id='word_1_240' title='bbox 527 2954 991 3027; x_wconf 67' lang='grc' dir='ltr'>ἐπισυναγαγεῖν</span> <span class='ocrx_word' id='word_1_241' title='bbox 1052 2963 1127 3016; x_wconf 83' lang='grc' dir='ltr'>τὰ</span> <span class='ocrx_word' id='word_1_242' title='bbox 1204 2964 1386 3019; x_wconf 68' lang='grc' dir='ltr'>τέκνα</span> <span class='ocrx_word' id='word_1_243' title='bbox 1456 2982 1613 3034; x_wconf 83' lang='grc' dir='ltr'>σου,</span> <span class='ocrx_word' id='word_1_244' title='bbox 1670 2969 1769 3022; x_wconf 78' lang='grc' dir='ltr'>καὶ</span> 
     </span>
    </p>
   </div>
   <div class='ocr_carea' id='block_1_35' title="bbox 192 3045 1765 3126">
    <p class='ocr_par' dir='ltr' id='par_1_35' title="bbox 192 3045 1765 3126">
     <span class='ocr_line' id='line_1_35' title="bbox 192 3045 1765 3126; baseline 0.011 -31"><span class='ocrx_word' id='word_1_245' title='bbox 192 3045 308 3096; x_wconf 76' lang='grc' dir='ltr'>οὐκ</span> <span class='ocrx_word' id='word_1_246' title='bbox 358 3045 739 3112; x_wconf 67' lang='grc' dir='ltr'>ἠθελήσατε]</span> <span class='ocrx_word' id='word_1_247' title='bbox 810 3051 915 3104; x_wconf 73' lang='grc' dir='ltr'>Καὶ</span> <span class='ocrx_word' id='word_1_248' title='bbox 973 3052 1028 3105; x_wconf 82' lang='lat' dir='ltr'><strong>at</strong></span> <span class='ocrx_word' id='word_1_249' title='bbox 1089 3055 1196 3107; x_wconf 88' lang='grc' dir='ltr'><strong>τῶν</strong></span> <span class='ocrx_word' id='word_1_250' title='bbox 1244 3056 1413 3110; x_wconf 63' lang='grc' dir='ltr'>ἐθνῶν</span> <span class='ocrx_word' id='word_1_251' title='bbox 1458 3060 1765 3126; x_wconf 84' lang='grc' dir='ltr'>κατοικίαι,</span> 
     </span>
    </p>
   </div>
   <div class='ocr_carea' id='block_1_36' title="bbox 194 3134 1768 3220">
    <p class='ocr_par' dir='ltr' id='par_1_36' title="bbox 194 3134 1768 3220">
     <span class='ocr_line' id='line_1_36' title="bbox 194 3134 1768 3220; baseline 0.013 -35"><span class='ocrx_word' id='word_1_252' title='bbox 194 3134 430 3188; x_wconf 77' lang='grc' dir='ltr'><strong>εἰδώλων</strong></span> <span class='ocrx_word' id='word_1_253' title='bbox 475 3139 569 3191; x_wconf 73' lang='grc' dir='ltr'><strong>καὶ</strong></span> <span class='ocrx_word' id='word_1_254' title='bbox 617 3141 858 3211; x_wconf 74' lang='grc' dir='ltr'>αἰσχρῶν</span> <span class='ocrx_word' id='word_1_255' title='bbox 902 3144 1153 3212; x_wconf 79' lang='grc' dir='ltr'>πράξεων</span> <span class='ocrx_word' id='word_1_256' title='bbox 1184 3149 1473 3217; x_wconf 80' lang='grc' dir='ltr'>γέμουσαι,</span> <span class='ocrx_word' id='word_1_257' title='bbox 1508 3151 1768 3220; x_wconf 75' lang='grc' dir='ltr'>ἠσθένουν</span> 
     </span>
    </p>
   </div>
   <div class='ocr_carea' id='block_1_37' title="bbox 193 3212 1838 3309">
    <p class='ocr_par' dir='ltr' id='par_1_37' title="bbox 193 3212 1838 3309">
     <span class='ocr_line' id='line_1_37' title="bbox 193 3212 1838 3309; baseline 0.013 -33"><span class='ocrx_word' id='word_1_258' title='bbox 193 3226 297 3295; x_wconf 80' lang='grc' dir='ltr'>τὴν</span> <span class='ocrx_word' id='word_1_259' title='bbox 354 3228 490 3297; x_wconf 78' lang='grc' dir='ltr'>πρὸς</span> <span class='ocrx_word' id='word_1_260' title='bbox 543 3230 772 3285; x_wconf 78' lang='grc' dir='ltr'>θάνατον</span> <span class='ocrx_word' id='word_1_261' title='bbox 817 3234 1125 3299; x_wconf 79' lang='grc' dir='ltr'>ἀσθένειαν,</span> <span class='ocrx_word' id='word_1_262' title='bbox 1183 3212 1266 3302; x_wconf 28' lang='grc' dir='ltr'>ας-</span> <span class='ocrx_word' id='word_1_263' title='bbox 1302 3212 1543 3305; x_wconf 41' lang='lat' dir='ltr'><strong>teneo,‘</strong></span> <span class='ocrx_word' id='word_1_264' title='bbox 1571 3243 1764 3309; x_wconf 77' lang='grc' dir='ltr'>ἐλθὼν,</span> <span class='ocrx_word' id='word_1_265' title='bbox 1795 3212 1838 3266; x_wconf 76' lang='lat' dir='ltr'><strong>C</strong></span> 
     </span>
    </p>
   </div>
   <div class='ocr_carea' id='block_1_38' title="bbox 196 3316 1764 3404">
    <p class='ocr_par' dir='ltr' id='par_1_38' title="bbox 196 3316 1764 3404">
     <span class='ocr_line' id='line_1_38' title="bbox 196 3316 1764 3404; baseline 0.013 -37"><span class='ocrx_word' id='word_1_266' title='bbox 196 3316 283 3368; x_wconf 72' lang='grc' dir='ltr'><strong>ἴια</strong></span> <span class='ocrx_word' id='word_1_267' title='bbox 306 3317 402 3380; x_wconf 84' lang='grc' dir='ltr'>τὰς</span> <span class='ocrx_word' id='word_1_268' title='bbox 424 3320 609 3385; x_wconf 83' lang='grc' dir='ltr'>νόσους</span> <span class='ocrx_word' id='word_1_269' title='bbox 634 3324 793 3394; x_wconf 74' lang='grc' dir='ltr'>ἡμῶν</span> <span class='ocrx_word' id='word_1_270' title='bbox 813 3325 942 3397; x_wconf 75' lang='grc' dir='ltr'>ἄρῃ,</span> <span class='ocrx_word' id='word_1_271' title='bbox 970 3329 1060 3380; x_wconf 72' lang='grc' dir='ltr'><strong>καὶ</strong></span> <span class='ocrx_word' id='word_1_272' title='bbox 1081 3328 1178 3390; x_wconf 80' lang='grc' dir='ltr'>τὰς</span> <span class='ocrx_word' id='word_1_273' title='bbox 1200 3330 1481 3394; x_wconf 79' lang='grc' dir='ltr'>ἀσθενείας</span> <span class='ocrx_word' id='word_1_274' title='bbox 1499 3332 1764 3404; x_wconf 81' lang='grc' dir='ltr'>βαστὰσῃ.</span> 
     </span>
    </p>
   </div>
   <div class='ocr_carea' id='block_1_39' title="bbox 279 3496 1769 3581">
    <p class='ocr_par' dir='ltr' id='par_1_39' title="bbox 279 3496 1769 3581">
     <span class='ocr_line' id='line_1_39' title="bbox 279 3496 1769 3581; baseline 0.011 -33"><span class='ocrx_word' id='word_1_275' title='bbox 279 3496 585 3565; x_wconf 74' lang='grc' dir='ltr'>Ἀταπήσω</span> <span class='ocrx_word' id='word_1_276' title='bbox 614 3502 834 3569; x_wconf 83' lang='grc' dir='ltr'>αὐτοὺς</span> <span class='ocrx_word' id='word_1_277' title='bbox 876 3506 1201 3575; x_wconf 77' lang='grc' dir='ltr'>ὁμολόγως.</span> <span class='ocrx_word' id='word_1_278' title='bbox 1249 3508 1561 3573; x_wconf 80' lang='grc' dir='ltr'>Τουτέστιν,</span> <span class='ocrx_word' id='word_1_279' title='bbox 1594 3512 1769 3581; x_wconf 83' lang='grc' dir='ltr'>ἀναμ-</span> 
     </span>
    </p>
   </div>
   <div class='ocr_carea' id='block_1_40' title="bbox 195 3586 1768 3669">
    <p class='ocr_par' dir='ltr' id='par_1_40' title="bbox 195 3586 1768 3669">
     <span class='ocr_line' id='line_1_40' title="bbox 195 3586 1768 3669; baseline 0.011 -29"><span class='ocrx_word' id='word_1_280' title='bbox 195 3586 433 3655; x_wconf 76' lang='grc' dir='ltr'>φιλόγως</span> <span class='ocrx_word' id='word_1_281' title='bbox 470 3592 605 3660; x_wconf 78' lang='grc' dir='ltr'>ὁμοῦ</span> <span class='ocrx_word' id='word_1_282' title='bbox 648 3596 876 3659; x_wconf 80' lang='grc' dir='ltr'>πάντας,</span> <span class='ocrx_word' id='word_1_283' title='bbox 910 3598 1003 3649; x_wconf 76' lang='grc' dir='ltr'>καὶ</span> <span class='ocrx_word' id='word_1_284' title='bbox 1036 3599 1098 3650; x_wconf 85' lang='grc' dir='ltr'><strong>οὐ</strong></span> <span class='ocrx_word' id='word_1_285' title='bbox 1138 3599 1287 3652; x_wconf 82' lang='grc' dir='ltr'>τόνδε</span> <span class='ocrx_word' id='word_1_286' title='bbox 1340 3602 1458 3669; x_wconf 82' lang='grc' dir='ltr'>μὲν,</span> <span class='ocrx_word' id='word_1_287' title='bbox 1504 3603 1593 3655; x_wconf 85' lang='grc' dir='ltr'><strong>τὸν</strong></span> <span class='ocrx_word' id='word_1_288' title='bbox 1620 3604 1768 3657; x_wconf 86' lang='grc' dir='ltr'>δεῖνα</span> 
     </span>
    </p>
   </div>
   <div class='ocr_carea' id='block_1_41' title="bbox 192 3679 1765 3765">
    <p class='ocr_par' dir='ltr' id='par_1_41' title="bbox 192 3679 1765 3765">
     <span class='ocr_line' id='line_1_41' title="bbox 192 3679 1765 3765; baseline 0.012 -36"><span class='ocrx_word' id='word_1_289' title='bbox 192 3679 250 3731; x_wconf 81' lang='grc' dir='ltr'>δὲ</span> <span class='ocrx_word' id='word_1_290' title='bbox 281 3679 365 3731; x_wconf 74' lang='grc' dir='ltr'><strong>οὗ.</strong></span> <span class='ocrx_word' id='word_1_291' title='bbox 398 3682 491 3747; x_wconf 86' lang='grc' dir='ltr'>Ἢ,</span> <span class='ocrx_word' id='word_1_292' title='bbox 524 3685 605 3736; x_wconf 84' lang='grc' dir='ltr'>ὅτι</span> <span class='ocrx_word' id='word_1_293' title='bbox 643 3683 807 3753; x_wconf 82' lang='grc' dir='ltr'><strong>Ὀμοῦ</strong></span> <span class='ocrx_word' id='word_1_294' title='bbox 845 3691 981 3758; x_wconf 74' lang='grc' dir='ltr'>μετὰ</span> <span class='ocrx_word' id='word_1_295' title='bbox 1010 3690 1121 3742; x_wconf 91' lang='grc' dir='ltr'><strong>τῶν</strong></span> <span class='ocrx_word' id='word_1_296' title='bbox 1150 3691 1375 3744; x_wconf 80' lang='grc' dir='ltr'>ἐθνικῶν</span> <span class='ocrx_word' id='word_1_297' title='bbox 1404 3694 1765 3765; x_wconf 76' lang='grc' dir='ltr'>προσδέξομαι</span> 
     </span>
    </p>
   </div>
   <div class='ocr_carea' id='block_1_42' title="bbox 194 3767 1768 3853">
    <p class='ocr_par' dir='ltr' id='par_1_42' title="bbox 194 3767 1768 3853">
     <span class='ocr_line' id='line_1_42' title="bbox 194 3767 1768 3853; baseline 0.013 -37"><span class='ocrx_word' id='word_1_298' title='bbox 194 3767 414 3833; x_wconf 76' lang='grc' dir='ltr'>αὐτοὺς,</span> <span class='ocrx_word' id='word_1_299' title='bbox 465 3772 861 3841; x_wconf 85' lang='grc' dir='ltr'>ὁμολογοῦντας</span> <span class='ocrx_word' id='word_1_300' title='bbox 909 3777 969 3830; x_wconf 80' lang='grc' dir='ltr'>τὸ</span> <span class='ocrx_word' id='word_1_301' title='bbox 1016 3778 1186 3849; x_wconf 78' lang='grc' dir='ltr'>ὄνομα</span> <span class='ocrx_word' id='word_1_302' title='bbox 1213 3798 1315 3850; x_wconf 91' lang='grc' dir='ltr'><strong>μου</strong></span> <span class='ocrx_word' id='word_1_303' title='bbox 1350 3800 1362 3812; x_wconf 93' lang='grc'>·</span> <span class='ocrx_word' id='word_1_304' title='bbox 1400 3784 1489 3835; x_wconf 87' lang='grc' dir='ltr'>ὅτε</span> <span class='ocrx_word' id='word_1_305' title='bbox 1540 3786 1649 3853; x_wconf 83' lang='grc' dir='ltr'>γὰρ</span> <span class='ocrx_word' id='word_1_306' title='bbox 1706 3788 1768 3837; x_wconf 89' lang='grc' dir='ltr'>τὸ</span> 
     </span>
    </p>
   </div>
   <div class='ocr_carea' id='block_1_43' title="bbox 197 3858 1769 3945">
    <p class='ocr_par' dir='ltr' id='par_1_43' title="bbox 197 3858 1769 3945">
     <span class='ocr_line' id='line_1_43' title="bbox 197 3858 1769 3945; baseline 0.015 -39"><span class='ocrx_word' id='word_1_307' title='bbox 197 3858 473 3928; x_wconf 80' lang='grc' dir='ltr'>πλήρωμα</span> <span class='ocrx_word' id='word_1_308' title='bbox 525 3864 635 3915; x_wconf 90' lang='grc' dir='ltr'><strong>τῶν</strong></span> <span class='ocrx_word' id='word_1_309' title='bbox 692 3865 860 3919; x_wconf 78' lang='grc' dir='ltr'>ἐθνῶν</span> <span class='ocrx_word' id='word_1_310' title='bbox 910 3868 1163 3934; x_wconf 72' lang='grc' dir='ltr'>εἰσέλθοι,</span> <span class='ocrx_word' id='word_1_311' title='bbox 1230 3872 1350 3925; x_wconf 84' lang='grc' dir='ltr'>τότε</span> <span class='ocrx_word' id='word_1_312' title='bbox 1396 3874 1504 3936; x_wconf 71' lang='grc' dir='ltr'>πᾶς</span> <span class='ocrx_word' id='word_1_313' title='bbox 1552 3874 1769 3945; x_wconf 81' lang='grc' dir='ltr'>Ἰσραὴλ</span> 
     </span>
    </p>
   </div>
   <div class='ocr_carea' id='block_1_44' title="bbox 200 3950 527 4019">
    <p class='ocr_par' dir='ltr' id='par_1_44' title="bbox 200 3950 527 4019">
     <span class='ocr_line' id='line_1_44' title="bbox 200 3950 527 4019; baseline 0.015 -19"><span class='ocrx_word' id='word_1_314' title='bbox 200 3950 527 4019; x_wconf 72' lang='grc' dir='ltr'>σωθήσεται.</span> 
     </span>
    </p>
   </div>
   <div class='ocr_carea' id='block_1_45' title="bbox 268 4131 1766 4207">
    <p class='ocr_par' dir='ltr' id='par_1_45' title="bbox 268 4131 1766 4207">
     <span class='ocr_line' id='line_1_45' title="bbox 268 4131 1766 4207; baseline 0.011 -27"><span class='ocrx_word' id='word_1_315' title='bbox 268 4131 424 4183; x_wconf 80' lang='grc' dir='ltr'>Διότι</span> <span class='ocrx_word' id='word_1_316' title='bbox 448 4132 830 4202; x_wconf 74' lang='grc' dir='ltr'>ἀπέστρεψεν</span> <span class='ocrx_word' id='word_1_317' title='bbox 856 4137 895 4204; x_wconf 77' lang='grc' dir='ltr'><em>ἠ</em></span> <span class='ocrx_word' id='word_1_318' title='bbox 930 4138 1073 4207; x_wconf 74' lang='grc' dir='ltr'>ὀργή</span> <span class='ocrx_word' id='word_1_319' title='bbox 1104 4156 1223 4207; x_wconf 82' lang='grc' dir='ltr'><strong>μου</strong></span> <span class='ocrx_word' id='word_1_320' title='bbox 1252 4141 1354 4195; x_wconf 76' lang='grc' dir='ltr'><strong>ἀπ’</strong></span> <span class='ocrx_word' id='word_1_321' title='bbox 1385 4141 1605 4196; x_wconf 81' lang='grc' dir='ltr'>αὐτῶν.</span> <span class='ocrx_word' id='word_1_322' title='bbox 1640 4145 1766 4197; x_wconf 87' lang='grc' dir='ltr'><strong>Ὀτε</strong></span> 
     </span>
    </p>
   </div>
   <div class='ocr_carea' id='block_1_46' title="bbox 198 4219 1770 4306">
    <p class='ocr_par' dir='ltr' id='par_1_46' title="bbox 198 4219 1770 4306">
     <span class='ocr_line' id='line_1_46' title="bbox 198 4219 1770 4306; baseline 0.012 -37"><span class='ocrx_word' id='word_1_323' title='bbox 198 4219 301 4287; x_wconf 81' lang='grc' dir='ltr'><strong>μὲν</strong></span> <span class='ocrx_word' id='word_1_324' title='bbox 325 4220 432 4290; x_wconf 73' lang='grc' dir='ltr'>γὰρ</span> <span class='ocrx_word' id='word_1_325' title='bbox 466 4221 615 4276; x_wconf 87' lang='grc' dir='ltr'>νῶτα</span> <span class='ocrx_word' id='word_1_326' title='bbox 643 4225 851 4279; x_wconf 79' lang='grc' dir='ltr'>ἔδωκαν</span> <span class='ocrx_word' id='word_1_327' title='bbox 876 4227 1055 4281; x_wconf 85' lang='grc' dir='ltr'>αὐτῶν</span> <span class='ocrx_word' id='word_1_328' title='bbox 1084 4230 1218 4300; x_wconf 79' lang='grc' dir='ltr'>πρός</span> <span class='ocrx_word' id='word_1_329' title='bbox 1252 4248 1341 4299; x_wconf 89' lang='grc' dir='ltr'><strong>με,</strong></span> <span class='ocrx_word' id='word_1_330' title='bbox 1373 4233 1468 4284; x_wconf 83' lang='grc' dir='ltr'><strong>καὶ</strong></span> <span class='ocrx_word' id='word_1_331' title='bbox 1507 4235 1567 4285; x_wconf 78' lang='grc' dir='ltr'><strong>οὐ</strong></span> <span class='ocrx_word' id='word_1_332' title='bbox 1602 4236 1770 4306; x_wconf 73' lang='grc' dir='ltr'>πρόσο</span> 
     </span>
    </p>
   </div>
   <div class='ocr_carea' id='block_1_47' title="bbox 191 4311 1760 4391">
    <p class='ocr_par' dir='ltr' id='par_1_47' title="bbox 191 4311 1760 4391">
     <span class='ocr_line' id='line_1_47' title="bbox 191 4311 1760 4391; baseline 0.022 -38"><span class='ocrx_word' id='word_1_333' title='bbox 191 4325 364 4374; x_wconf 82' lang='grc' dir='ltr'>ωπον,</span> <span class='ocrx_word' id='word_1_334' title='bbox 436 4311 623 4381; x_wconf 70' lang='grc' dir='ltr'>ἔμενεν</span> <span class='ocrx_word' id='word_1_335' title='bbox 686 4317 719 4385; x_wconf 75' lang='grc' dir='ltr'>ἡ</span> <span class='ocrx_word' id='word_1_336' title='bbox 778 4317 912 4388; x_wconf 86' lang='grc' dir='ltr'>ὀργή</span> <span class='ocrx_word' id='word_1_337' title='bbox 978 4335 1101 4388; x_wconf 89' lang='grc' dir='ltr'>μου,</span> <span class='ocrx_word' id='word_1_338' title='bbox 1154 4322 1475 4391; x_wconf 76' lang='grc' dir='ltr'>ἐπικειμένη</span> <span class='ocrx_word' id='word_1_339' title='bbox 1537 4323 1760 4387; x_wconf 77' lang='grc' dir='ltr'>αὐτοῖς·</span> 
     </span>
    </p>
   </div>
   <div class='ocr_carea' id='block_1_48' title="bbox 196 4399 1760 4486">
    <p class='ocr_par' dir='ltr' id='par_1_48' title="bbox 196 4399 1760 4486">
     <span class='ocr_line' id='line_1_48' title="bbox 196 4399 1760 4486; baseline 0.015 -36"><span class='ocrx_word' id='word_1_340' title='bbox 196 4399 293 4453; x_wconf 79' lang='grc' dir='ltr'>νῦν</span> <span class='ocrx_word' id='word_1_341' title='bbox 335 4400 391 4453; x_wconf 84' lang='grc' dir='ltr'>δὲ</span> <span class='ocrx_word' id='word_1_342' title='bbox 424 4403 864 4475; x_wconf 81' lang='grc' dir='ltr'>ὲπιστραφέντων</span> <span class='ocrx_word' id='word_1_343' title='bbox 893 4410 1028 4477; x_wconf 83' lang='grc' dir='ltr'>πρός</span> <span class='ocrx_word' id='word_1_344' title='bbox 1062 4427 1152 4480; x_wconf 85' lang='grc' dir='ltr'><strong>με,</strong></span> <span class='ocrx_word' id='word_1_345' title='bbox 1194 4412 1532 4482; x_wconf 76' lang='grc' dir='ltr'>ἀπέστρεψεν</span> <span class='ocrx_word' id='word_1_346' title='bbox 1558 4416 1590 4482; x_wconf 81' lang='grc' dir='ltr'><strong>ή</strong></span> <span class='ocrx_word' id='word_1_347' title='bbox 1625 4415 1760 4486; x_wconf 80' lang='grc' dir='ltr'>ὀργή</span> 
     </span>
    </p>
   </div>
   <div class='ocr_carea' id='block_1_49' title="bbox 199 4496 650 4560">
    <p class='ocr_par' dir='ltr' id='par_1_49' title="bbox 199 4496 650 4560">
     <span class='ocr_line' id='line_1_49' title="bbox 199 4496 650 4560; baseline 0.016 -16"><span class='ocrx_word' id='word_1_348' title='bbox 199 4510 304 4560; x_wconf 86' lang='grc' dir='ltr'><strong>μου</strong></span> <span class='ocrx_word' id='word_1_349' title='bbox 334 4496 425 4547; x_wconf 80' lang='grc' dir='ltr'><strong>ἀπ’</strong></span> <span class='ocrx_word' id='word_1_350' title='bbox 451 4497 650 4552; x_wconf 75' lang='grc' dir='ltr'>αὐτῶν.</span> 
     </span>
    </p>
   </div>
   <div class='ocr_carea' id='block_1_50' title="bbox 268 4606 1766 4689">
    <p class='ocr_par' dir='ltr' id='par_1_50' title="bbox 268 4606 1766 4689">
     <span class='ocr_line' id='line_1_50' title="bbox 268 4606 1766 4689; baseline 0.011 -32"><span class='ocrx_word' id='word_1_351' title='bbox 268 4606 376 4658; x_wconf 80' lang='lat' dir='ltr'><strong>Kal</strong></span> <span class='ocrx_word' id='word_1_352' title='bbox 417 4608 629 4678; x_wconf 71' lang='grc' dir='ltr'>ἔσομαι</span> <span class='ocrx_word' id='word_1_353' title='bbox 654 4611 734 4677; x_wconf 85' lang='grc' dir='ltr'>ὡς</span> <span class='ocrx_word' id='word_1_354' title='bbox 768 4612 988 4681; x_wconf 78' lang='grc' dir='ltr'>δρόσος</span> <span class='ocrx_word' id='word_1_355' title='bbox 1032 4614 1113 4679; x_wconf 84' lang='grc' dir='ltr'>τῷ</span> <span class='ocrx_word' id='word_1_356' title='bbox 1161 4617 1426 4685; x_wconf 77' lang='grc' dir='ltr'>Ἰσραὴλ,</span> <span class='ocrx_word' id='word_1_357' title='bbox 1455 4618 1554 4671; x_wconf 72' lang='grc' dir='ltr'><strong>καί</strong></span> <span class='ocrx_word' id='word_1_358' title='bbox 1585 4621 1766 4689; x_wconf 66' lang='lat' dir='ltr'><strong>(tr-01}-</strong></span> 
     </span>
    </p>
   </div>
   <div class='ocr_carea' id='block_1_51' title="bbox 194 4698 1765 4780">
    <p class='ocr_par' dir='ltr' id='par_1_51' title="bbox 194 4698 1765 4780">
     <span class='ocr_line' id='line_1_51' title="bbox 194 4698 1765 4780; baseline 0.011 -33"><span class='ocrx_word' id='word_1_359' title='bbox 194 4711 291 4749; x_wconf 84' lang='grc' dir='ltr'><strong>σει</strong></span> <span class='ocrx_word' id='word_1_360' title='bbox 328 4698 405 4763; x_wconf 84' lang='grc' dir='ltr'>ὡς</span> <span class='ocrx_word' id='word_1_361' title='bbox 438 4702 664 4767; x_wconf 78' lang='grc' dir='ltr'>κρΙνον.</span> <span class='ocrx_word' id='word_1_362' title='bbox 694 4704 805 4765; x_wconf 78' lang='grc' dir='ltr'><strong>Τὰς</strong></span> <span class='ocrx_word' id='word_1_363' title='bbox 844 4705 985 4774; x_wconf 64' lang='grc' dir='ltr'>ἐμὰς</span> <span class='ocrx_word' id='word_1_364' title='bbox 1023 4706 1341 4776; x_wconf 82' lang='grc' dir='ltr'>εὐεργεσίας</span> <span class='ocrx_word' id='word_1_365' title='bbox 1378 4710 1765 4780; x_wconf 79' lang='grc' dir='ltr'>ἑπιχορηγήσω</span> 
     </span>
    </p>
   </div>
   <div class='ocr_carea' id='block_1_52' title="bbox 196 4790 1765 4870">
    <p class='ocr_par' dir='ltr' id='par_1_52' title="bbox 196 4790 1765 4870">
     <span class='ocr_line' id='line_1_52' title="bbox 196 4790 1765 4870; baseline 0.009 -30"><span class='ocrx_word' id='word_1_366' title='bbox 196 4790 381 4852; x_wconf 81' lang='grc' dir='ltr'>αὐτοῖς</span> <span class='ocrx_word' id='word_1_367' title='bbox 422 4792 498 4854; x_wconf 87' lang='grc' dir='ltr'>ὼς</span> <span class='ocrx_word' id='word_1_368' title='bbox 544 4792 751 4862; x_wconf 82' lang='grc' dir='ltr'>δρόσος,</span> <span class='ocrx_word' id='word_1_369' title='bbox 780 4796 875 4848; x_wconf 80' lang='grc' dir='ltr'>καὶ</span> <span class='ocrx_word' id='word_1_370' title='bbox 902 4797 1228 4867; x_wconf 79' lang='grc' dir='ltr'>ἀνθήσουσιν</span> <span class='ocrx_word' id='word_1_371' title='bbox 1249 4799 1324 4862; x_wconf 85' lang='grc' dir='ltr'>ὡς</span> <span class='ocrx_word' id='word_1_372' title='bbox 1373 4801 1575 4870; x_wconf 85' lang='grc' dir='ltr'>κρίνον.</span> <span class='ocrx_word' id='word_1_373' title='bbox 1626 4802 1765 4854; x_wconf 85' lang='grc' dir='ltr'>Πολ-</span> 
     </span>
    </p>
   </div>
   <div class='ocr_carea' id='block_1_53' title="bbox 196 4879 1766 4961">
    <p class='ocr_par' dir='ltr' id='par_1_53' title="bbox 196 4879 1766 4961">
     <span class='ocr_line' id='line_1_53' title="bbox 196 4879 1766 4961; baseline 0.01 -31"><span class='ocrx_word' id='word_1_374' title='bbox 196 4879 367 4949; x_wconf 81' lang='grc' dir='ltr'>λαχοῦ</span> <span class='ocrx_word' id='word_1_375' title='bbox 417 4882 473 4933; x_wconf 87' lang='grc' dir='ltr'><strong>δὲ</strong></span> <span class='ocrx_word' id='word_1_376' title='bbox 530 4884 720 4935; x_wconf 75' lang='grc' dir='ltr'>τούτου</span> <span class='ocrx_word' id='word_1_377' title='bbox 779 4887 872 4939; x_wconf 80' lang='grc' dir='ltr'><strong>τοῦ</strong></span> <span class='ocrx_word' id='word_1_378' title='bbox 927 4886 1119 4951; x_wconf 76' lang='grc' dir='ltr'>ἄνθους</span> <span class='ocrx_word' id='word_1_379' title='bbox 1174 4891 1207 4959; x_wconf 75' lang='grc' dir='ltr'><strong>ἡ</strong></span> <span class='ocrx_word' id='word_1_380' title='bbox 1268 4888 1385 4941; x_wconf 77' lang='grc' dir='ltr'>θεία</span> <span class='ocrx_word' id='word_1_381' title='bbox 1440 4891 1766 4961; x_wconf 79' lang='grc' dir='ltr'>μνημονεύει</span> 
     </span>
    </p>
   </div>
   <div class='ocr_carea' id='block_1_54' title="bbox 193 4970 1765 5048">
    <p class='ocr_par' dir='ltr' id='par_1_54' title="bbox 193 4970 1765 5048">
     <span class='ocr_line' id='line_1_54' title="bbox 193 4970 1765 5048; baseline 0.008 -27"><span class='ocrx_word' id='word_1_382' title='bbox 193 4970 408 5040; x_wconf 81' lang='grc' dir='ltr'>Γραφή.</span> <span class='ocrx_word' id='word_1_383' title='bbox 468 4973 573 5025; x_wconf 74' lang='grc' dir='ltr'><strong>Καὶ</strong></span> <span class='ocrx_word' id='word_1_384' title='bbox 647 4975 872 5039; x_wconf 76' lang='grc' dir='ltr'>Ἡσαΐας</span> <span class='ocrx_word' id='word_1_385' title='bbox 938 4977 1037 5047; x_wconf 81' lang='grc' dir='ltr'>μὲν</span> <span class='ocrx_word' id='word_1_386' title='bbox 1104 4979 1291 5046; x_wconf 78' lang='grc' dir='ltr'>λέγει’</span> <span class='ocrx_word' id='word_1_387' title='bbox 1363 4976 1765 5048; x_wconf 60' lang='grc' dir='ltr'>’Λγαλᾶιάσθω</span> 
     </span>
    </p>
   </div>
   <div class='ocr_carea' id='block_1_55' title="bbox 192 5061 1765 5137">
    <p class='ocr_par' dir='ltr' id='par_1_55' title="bbox 192 5061 1765 5137">
     <span class='ocr_line' id='line_1_55' title="bbox 192 5061 1765 5137; baseline 0.01 -26"><span class='ocrx_word' id='word_1_388' title='bbox 192 5061 437 5129; x_wconf 78' lang='grc' dir='ltr'>ἔρημος,</span> <span class='ocrx_word' id='word_1_389' title='bbox 468 5064 567 5117; x_wconf 78' lang='grc' dir='ltr'><strong>καί</strong></span> <span class='ocrx_word' id='word_1_390' title='bbox 613 5066 859 5121; x_wconf 79' lang='grc' dir='ltr'>ἀνθείτω</span> <span class='ocrx_word' id='word_1_391' title='bbox 898 5069 979 5132; x_wconf 81' lang='grc' dir='ltr'>ὡς</span> <span class='ocrx_word' id='word_1_392' title='bbox 1020 5071 1248 5136; x_wconf 77' lang='grc' dir='ltr'>κρίνον.</span> <span class='ocrx_word' id='word_1_393' title='bbox 1293 5072 1538 5137; x_wconf 81' lang='grc' dir='ltr'>Σολομὼν</span> <span class='ocrx_word' id='word_1_394' title='bbox 1595 5074 1650 5125; x_wconf 79' lang='grc' dir='ltr'>δὲ</span> <span class='ocrx_word' id='word_1_395' title='bbox 1708 5077 1765 5127; x_wconf 83' lang='grc' dir='ltr'>ὲν</span> 
     </span>
    </p>
   </div>
   <div class='ocr_carea' id='block_1_56' title="bbox 189 5151 1764 5232">
    <p class='ocr_par' dir='ltr' id='par_1_56' title="bbox 189 5151 1764 5232">
     <span class='ocr_line' id='line_1_56' title="bbox 189 5151 1764 5232; baseline 0.01 -28"><span class='ocrx_word' id='word_1_396' title='bbox 189 5151 273 5224; x_wconf 84' lang='grc' dir='ltr'>τῷ</span> <span class='ocrx_word' id='word_1_397' title='bbox 329 5155 566 5226; x_wconf 82' lang='grc' dir='ltr'>’ᾼσματι</span> <span class='ocrx_word' id='word_1_398' title='bbox 606 5157 715 5210; x_wconf 86' lang='grc' dir='ltr'><strong>τῶν</strong></span> <span class='ocrx_word' id='word_1_399' title='bbox 776 5160 1031 5229; x_wconf 77' lang='grc' dir='ltr'>ᾀσμάτων</span> <span class='ocrx_word' id='word_1_400' title='bbox 1056 5176 1071 5191; x_wconf 85' lang='grc'><strong>·</strong></span> <span class='ocrx_word' id='word_1_401' title='bbox 1121 5161 1213 5225; x_wconf 82' lang='grc' dir='ltr'>Ὠς</span> <span class='ocrx_word' id='word_1_402' title='bbox 1242 5163 1449 5229; x_wconf 80' lang='grc' dir='ltr'>κρίνον</span> <span class='ocrx_word' id='word_1_403' title='bbox 1493 5163 1562 5214; x_wconf 82' lang='grc' dir='ltr'><strong>ἐν</strong></span> <span class='ocrx_word' id='word_1_404' title='bbox 1600 5165 1764 5232; x_wconf 84' lang='grc' dir='ltr'>μέσῳ</span> 
     </span>
    </p>
   </div>
   <div class='ocr_carea' id='block_1_57' title="bbox 1957 967 3446 1042">
    <p class='ocr_par' dir='ltr' id='par_1_57' title="bbox 1957 967 3446 1042">
     <span class='ocr_line' id='line_1_57' title="bbox 1957 967 3446 1042; baseline 0.011 -25"><span class='ocrx_word' id='word_1_405' title='bbox 1957 967 2059 1031; x_wconf 90' lang='lat' dir='ltr'><strong>Qui</strong></span> <span class='ocrx_word' id='word_1_406' title='bbox 2088 968 2139 1017; x_wconf 87' lang='lat' dir='ltr'><strong>in</strong></span> <span class='ocrx_word' id='word_1_407' title='bbox 2194 978 2239 1021; x_wconf 89' lang='lat' dir='ltr'><strong>te</strong></span> <span class='ocrx_word' id='word_1_408' title='bbox 2285 978 2361 1020; x_wconf 68' lang='lat' dir='ltr'><strong>est</strong></span> <span class='ocrx_word' id='word_1_409' title='bbox 2407 969 2731 1022; x_wconf 76' lang='lat' dir='ltr'><strong>miserebitur</strong></span> <span class='ocrx_word' id='word_1_410' title='bbox 2784 973 2993 1040; x_wconf 78' lang='lat' dir='ltr'><strong>pupilli.</strong></span> <span class='ocrx_word' id='word_1_411' title='bbox 3033 973 3144 1042; x_wconf 71' lang='lat' dir='ltr'><strong>Ego</strong></span> <span class='ocrx_word' id='word_1_412' title='bbox 3190 977 3446 1033; x_wconf 85' lang='lat' dir='ltr'><strong>nimirum</strong></span> 
     </span>
    </p>
   </div>
   <div class='ocr_carea' id='block_1_58' title="bbox 1888 1056 3447 1135">
    <p class='ocr_par' dir='ltr' id='par_1_58' title="bbox 1888 1056 3447 1135">
     <span class='ocr_line' id='line_1_58' title="bbox 1888 1056 3447 1135; baseline 0.01 -26"><span class='ocrx_word' id='word_1_413' title='bbox 1888 1056 2029 1110; x_wconf 84' lang='lat' dir='ltr'><strong>Deus</strong></span> <span class='ocrx_word' id='word_1_414' title='bbox 2061 1058 2151 1125; x_wconf 90' lang='lat' dir='ltr'><strong>qui</strong></span> <span class='ocrx_word' id='word_1_415' title='bbox 2174 1058 2227 1110; x_wconf 91' lang='lat' dir='ltr'><strong>in</strong></span> <span class='ocrx_word' id='word_1_416' title='bbox 2259 1068 2309 1111; x_wconf 91' lang='lat' dir='ltr'><strong>te</strong></span> <span class='ocrx_word' id='word_1_417' title='bbox 2334 1075 2478 1122; x_wconf 90' lang='lat' dir='ltr'><strong>sum,</strong></span> <span class='ocrx_word' id='word_1_418' title='bbox 2504 1062 2801 1115; x_wconf 84' lang='lat' dir='ltr'><strong>miserebor</strong></span> <span class='ocrx_word' id='word_1_419' title='bbox 2862 1064 2963 1129; x_wconf 88' lang='lat' dir='ltr'><strong>tui,</strong></span> <span class='ocrx_word' id='word_1_420' title='bbox 3023 1066 3116 1135; x_wconf 87' lang='lat' dir='ltr'><strong>qui</strong></span> <span class='ocrx_word' id='word_1_421' title='bbox 3170 1069 3447 1135; x_wconf 84' lang='lat' dir='ltr'><strong>Orphanus</strong></span> 
     </span>
    </p>
   </div>
   <div class='ocr_carea' id='block_1_59' title="bbox 1888 1143 3448 1221">
    <p class='ocr_par' dir='ltr' id='par_1_59' title="bbox 1888 1143 3448 1221">
     <span class='ocr_line' id='line_1_59' title="bbox 1888 1143 3448 1221; baseline 0.009 -23"><span class='ocrx_word' id='word_1_422' title='bbox 1888 1160 1967 1209; x_wconf 90' lang='lat' dir='ltr'><strong>es,</strong></span> <span class='ocrx_word' id='word_1_423' title='bbox 2000 1143 2186 1211; x_wconf 83' lang='lat' dir='ltr'><strong>Israel,</strong></span> <span class='ocrx_word' id='word_1_424' title='bbox 2218 1150 2310 1216; x_wconf 89' lang='lat' dir='ltr'><strong>qui</strong></span> <span class='ocrx_word' id='word_1_425' title='bbox 2357 1164 2462 1215; x_wconf 89' lang='lat' dir='ltr'><strong>me,</strong></span> <span class='ocrx_word' id='word_1_426' title='bbox 2489 1166 2674 1204; x_wconf 86' lang='lat' dir='ltr'><strong>verum</strong></span> <span class='ocrx_word' id='word_1_427' title='bbox 2710 1150 2946 1217; x_wconf 85' lang='lat' dir='ltr'><strong>Patrem,</strong></span> <span class='ocrx_word' id='word_1_428' title='bbox 2986 1156 3239 1221; x_wconf 80' lang='lat' dir='ltr'><strong>amisiSti,</strong></span> <span class='ocrx_word' id='word_1_429' title='bbox 3305 1174 3448 1212; x_wconf 85' lang='lat' dir='ltr'><strong>mea-</strong></span> 
     </span>
    </p>
   </div>
   <div class='ocr_carea' id='block_1_60' title="bbox 1886 1240 3444 1314">
    <p class='ocr_par' dir='ltr' id='par_1_60' title="bbox 1886 1240 3444 1314">
     <span class='ocr_line' id='line_1_60' title="bbox 1886 1240 3444 1314; baseline 0.012 -29"><span class='ocrx_word' id='word_1_430' title='bbox 1886 1249 1993 1302; x_wconf 92' lang='lat' dir='ltr'><strong>que</strong></span> <span class='ocrx_word' id='word_1_431' title='bbox 2019 1245 2307 1305; x_wconf 82' lang='lat' dir='ltr'><strong>propterea</strong></span> <span class='ocrx_word' id='word_1_432' title='bbox 2346 1254 2404 1293; x_wconf 91' lang='lat' dir='ltr'><strong>es</strong></span> <span class='ocrx_word' id='word_1_433' title='bbox 2438 1253 2541 1309; x_wconf 89' lang='lat' dir='ltr'><strong>ope</strong></span> <span class='ocrx_word' id='word_1_434' title='bbox 2567 1240 2865 1297; x_wconf 88' lang='lat' dir='ltr'><strong>destitutus</strong></span> <span class='ocrx_word' id='word_1_435' title='bbox 2891 1252 3053 1313; x_wconf 86' lang='lat' dir='ltr'><strong>atque</strong></span> <span class='ocrx_word' id='word_1_436' title='bbox 3083 1248 3444 1314; x_wconf 84' lang='lat' dir='ltr'><strong>providentia.</strong></span> 
     </span>
    </p>
   </div>
   <div class='ocr_carea' id='block_1_61' title="bbox 1884 1322 3449 1403">
    <p class='ocr_par' dir='ltr' id='par_1_61' title="bbox 1884 1322 3449 1403">
     <span class='ocr_line' id='line_1_61' title="bbox 1884 1322 3449 1403; baseline 0.011 -27"><span class='ocrx_word' id='word_1_437' title='bbox 1884 1322 2046 1379; x_wconf 86' lang='lat' dir='ltr'><strong>Pater</strong></span> <span class='ocrx_word' id='word_1_438' title='bbox 2080 1326 2232 1393; x_wconf 91' lang='lat' dir='ltr'><strong>item,</strong></span> <span class='ocrx_word' id='word_1_439' title='bbox 2266 1328 2357 1396; x_wconf 90' lang='lat' dir='ltr'><strong>qui</strong></span> <span class='ocrx_word' id='word_1_440' title='bbox 2386 1339 2471 1382; x_wconf 85' lang='lat' dir='ltr'><strong>est</strong></span> <span class='ocrx_word' id='word_1_441' title='bbox 2500 1331 2551 1383; x_wconf 93' lang='lat' dir='ltr'><strong>in</strong></span> <span class='ocrx_word' id='word_1_442' title='bbox 2616 1331 2773 1396; x_wconf 85' lang='lat' dir='ltr'><strong>Filio,</strong></span> <span class='ocrx_word' id='word_1_443' title='bbox 2829 1333 3027 1403; x_wconf 89' lang='lat' dir='ltr'><strong>inquit,</strong></span> <span class='ocrx_word' id='word_1_444' title='bbox 3101 1336 3449 1393; x_wconf 81' lang='lat' dir='ltr'><strong>miserebitur</strong></span> 
     </span>
    </p>
   </div>
   <div class='ocr_carea' id='block_1_62' title="bbox 1883 1416 3443 1489">
    <p class='ocr_par' dir='ltr' id='par_1_62' title="bbox 1883 1416 3443 1489">
     <span class='ocr_line' id='line_1_62' title="bbox 1883 1416 3443 1489; baseline 0.01 -22"><span class='ocrx_word' id='word_1_445' title='bbox 1883 1416 2101 1484; x_wconf 82' lang='lat' dir='ltr'><strong>gentilis</strong></span> <span class='ocrx_word' id='word_1_446' title='bbox 2137 1419 2343 1488; x_wconf 89' lang='lat' dir='ltr'><strong>populi,</strong></span> <span class='ocrx_word' id='word_1_447' title='bbox 2373 1420 2464 1489; x_wconf 88' lang='lat' dir='ltr'><strong>qui</strong></span> <span class='ocrx_word' id='word_1_448' title='bbox 2496 1423 2702 1477; x_wconf 76' lang='lat' dir='ltr'><strong>cu-lesti</strong></span> <span class='ocrx_word' id='word_1_449' title='bbox 2745 1423 2903 1478; x_wconf 86' lang='lat' dir='ltr'><strong>Patre</strong></span> <span class='ocrx_word' id='word_1_450' title='bbox 2963 1426 3128 1481; x_wconf 80' lang='lat' dir='ltr'><strong>fuerit</strong></span> <span class='ocrx_word' id='word_1_451' title='bbox 3195 1431 3443 1485; x_wconf 86' lang='lat' dir='ltr'><strong>orbatus.</strong></span> 
     </span>
    </p>
   </div>
   <div class='ocr_carea' id='block_1_63' title="bbox 1883 1503 3444 1583">
    <p class='ocr_par' dir='ltr' id='par_1_63' title="bbox 1883 1503 3444 1583">
     <span class='ocr_line' id='line_1_63' title="bbox 1883 1503 3444 1583; baseline 0.01 -27"><span class='ocrx_word' id='word_1_452' title='bbox 1883 1503 1964 1557; x_wconf 86' lang='lat' dir='ltr'><strong>Ad</strong></span> <span class='ocrx_word' id='word_1_453' title='bbox 1990 1504 2167 1575; x_wconf 85' lang='lat' dir='ltr'><strong>ipsum</strong></span> <span class='ocrx_word' id='word_1_454' title='bbox 2230 1524 2447 1577; x_wconf 88' lang='lat' dir='ltr'><strong>quoque</strong></span> <span class='ocrx_word' id='word_1_455' title='bbox 2491 1509 2657 1565; x_wconf 89' lang='lat' dir='ltr'><strong>Deum</strong></span> <span class='ocrx_word' id='word_1_456' title='bbox 2717 1513 2957 1567; x_wconf 88' lang='lat' dir='ltr'><strong>dicitur:</strong></span> <span class='ocrx_word' id='word_1_457' title='bbox 3002 1515 3106 1580; x_wconf 87' lang='lat' dir='ltr'><strong>Qui</strong></span> <span class='ocrx_word' id='word_1_458' title='bbox 3152 1518 3293 1572; x_wconf 90' lang='lat' dir='ltr'><strong>inte</strong></span> <span class='ocrx_word' id='word_1_459' title='bbox 3340 1530 3444 1583; x_wconf 89' lang='lat' dir='ltr'><strong>est,</strong></span> 
     </span>
    </p>
   </div>
   <div class='ocr_carea' id='block_1_64' title="bbox 1882 1602 3442 1679">
    <p class='ocr_par' dir='ltr' id='par_1_64' title="bbox 1882 1602 3442 1679">
     <span class='ocr_line' id='line_1_64' title="bbox 1882 1602 3442 1679; baseline 0.01 -31"><span class='ocrx_word' id='word_1_460' title='bbox 1882 1611 2216 1665; x_wconf 85' lang='lat' dir='ltr'><strong>nunquama</strong></span> <span class='ocrx_word' id='word_1_461' title='bbox 2266 1609 2315 1653; x_wconf 88' lang='lat' dir='ltr'><strong>te</strong></span> <span class='ocrx_word' id='word_1_462' title='bbox 2371 1602 2652 1665; x_wconf 84' lang='lat' dir='ltr'><strong>recedens,</strong></span> <span class='ocrx_word' id='word_1_463' title='bbox 2680 1605 2723 1658; x_wconf 89' lang='lat' dir='ltr'><strong>is</strong></span> <span class='ocrx_word' id='word_1_464' title='bbox 2787 1606 3139 1663; x_wconf 84' lang='lat' dir='ltr'><strong>miserebitur</strong></span> <span class='ocrx_word' id='word_1_465' title='bbox 3189 1610 3442 1679; x_wconf 88' lang='lat' dir='ltr'><strong>orphani.</strong></span> 
     </span>
    </p>
   </div>
   <div class='ocr_carea' id='block_1_65' title="bbox 1883 1684 3446 1769">
    <p class='ocr_par' dir='ltr' id='par_1_65' title="bbox 1883 1684 3446 1769">
     <span class='ocr_line' id='line_1_65' title="bbox 1883 1684 3446 1769; baseline 0.012 -32"><span class='ocrx_word' id='word_1_466' title='bbox 1883 1684 1962 1737; x_wconf 87' lang='lat' dir='ltr'><strong>Tu</strong></span> <span class='ocrx_word' id='word_1_467' title='bbox 2004 1701 2239 1757; x_wconf 87' lang='lat' dir='ltr'><strong>namque</strong></span> <span class='ocrx_word' id='word_1_468' title='bbox 2286 1688 2445 1743; x_wconf 87' lang='lat' dir='ltr'><strong>Pater</strong></span> <span class='ocrx_word' id='word_1_469' title='bbox 2469 1706 2529 1745; x_wconf 85' lang='lat' dir='ltr'><strong>es</strong></span> <span class='ocrx_word' id='word_1_470' title='bbox 2582 1694 2993 1762; x_wconf 85' lang='lat' dir='ltr'><strong>orphanorum;</strong></span> <span class='ocrx_word' id='word_1_471' title='bbox 3052 1709 3446 1769; x_wconf 88' lang='lat' dir='ltr'><strong>proptereaque</strong></span> 
     </span>
    </p>
   </div>
   <div class='ocr_carea' id='block_1_66' title="bbox 1880 1772 3332 1852">
    <p class='ocr_par' dir='ltr' id='par_1_66' title="bbox 1880 1772 3332 1852">
     <span class='ocr_line' id='line_1_66' title="bbox 1880 1772 3332 1852; baseline 0.01 -23"><span class='ocrx_word' id='word_1_472' title='bbox 1880 1778 1972 1847; x_wconf 90' lang='lat' dir='ltr'><strong>qui</strong></span> <span class='ocrx_word' id='word_1_473' title='bbox 2009 1793 2117 1832; x_wconf 94' lang='lat' dir='ltr'><strong>non</strong></span> <span class='ocrx_word' id='word_1_474' title='bbox 2145 1780 2433 1835; x_wconf 90' lang='lat' dir='ltr'><strong>miseretur</strong></span> <span class='ocrx_word' id='word_1_475' title='bbox 2457 1772 2712 1852; x_wconf 86' lang='lat' dir='ltr'><strong>orphani,</strong></span> <span class='ocrx_word' id='word_1_476' title='bbox 2750 1788 2974 1842; x_wconf 85' lang='lat' dir='ltr'><strong>minime</strong></span> <span class='ocrx_word' id='word_1_477' title='bbox 3025 1798 3199 1843; x_wconf 88' lang='lat' dir='ltr'><strong>tecum</strong></span> <span class='ocrx_word' id='word_1_478' title='bbox 3229 1802 3332 1844; x_wconf 84' lang='lat' dir='ltr'><strong>est.</strong></span> 
     </span>
    </p>
   </div>
   <div class='ocr_carea' id='block_1_67' title="bbox 1949 1866 3441 1943">
    <p class='ocr_par' dir='ltr' id='par_1_67' title="bbox 1949 1866 3441 1943">
     <span class='ocr_line' id='line_1_67' title="bbox 1949 1866 3441 1943; baseline 0.01 -23"><span class='ocrx_word' id='word_1_479' title='bbox 1949 1866 2171 1923; x_wconf 64' lang='lat' dir='ltr'><strong>‘q’zns.5.</strong></span> <span class='ocrx_word' id='word_1_480' title='bbox 2196 1867 2406 1925; x_wconf 85' lang='lat' dir='ltr'><strong>Sanabo</strong></span> <span class='ocrx_word' id='word_1_481' title='bbox 2430 1873 2689 1927; x_wconf 78' lang='lat' dir='ltr'><strong>incolatus</strong></span> <span class='ocrx_word' id='word_1_482' title='bbox 2716 1876 2967 1943; x_wconf 84' lang='lat' dir='ltr'><strong>ipsorum.</strong></span> <span class='ocrx_word' id='word_1_483' title='bbox 2993 1877 3168 1933; x_wconf 88' lang='lat' dir='ltr'><strong>Urbes</strong></span> <span class='ocrx_word' id='word_1_484' title='bbox 3187 1882 3441 1935; x_wconf 86' lang='lat' dir='ltr'><strong>nimirum</strong></span> 
     </span>
    </p>
   </div>
   <div class='ocr_carea' id='block_1_68' title="bbox 1874 1967 3443 2041">
    <p class='ocr_par' dir='ltr' id='par_1_68' title="bbox 1874 1967 3443 2041">
     <span class='ocr_line' id='line_1_68' title="bbox 1874 1967 3443 2041; baseline 0.009 -28"><span class='ocrx_word' id='word_1_485' title='bbox 1874 1967 1929 2013; x_wconf 93' lang='lat' dir='ltr'><strong>ct</strong></span> <span class='ocrx_word' id='word_1_486' title='bbox 1953 1974 2120 2030; x_wconf 80' lang='lat' dir='ltr'><strong>pagos</strong></span> <span class='ocrx_word' id='word_1_487' title='bbox 2143 1975 2470 2032; x_wconf 87' lang='lat' dir='ltr'><strong>omnemque</strong></span> <span class='ocrx_word' id='word_1_488' title='bbox 2517 1968 2816 2036; x_wconf 85' lang='lat' dir='ltr'><strong>regionem,</strong></span> <span class='ocrx_word' id='word_1_489' title='bbox 2851 1969 2942 2023; x_wconf 88' lang='lat' dir='ltr'><strong>ubi</strong></span> <span class='ocrx_word' id='word_1_490' title='bbox 3001 1970 3290 2041; x_wconf 80' lang='lat' dir='ltr'><strong>degerent;</strong></span> <span class='ocrx_word' id='word_1_491' title='bbox 3326 1988 3443 2027; x_wconf 90' lang='lat' dir='ltr'><strong>ma-</strong></span> 
     </span>
    </p>
   </div>
   <div class='ocr_carea' id='block_1_69' title="bbox 1874 2052 3439 2127">
    <p class='ocr_par' dir='ltr' id='par_1_69' title="bbox 1874 2052 3439 2127">
     <span class='ocr_line' id='line_1_69' title="bbox 1874 2052 3439 2127; baseline 0.011 -25"><span class='ocrx_word' id='word_1_492' title='bbox 1874 2064 2037 2119; x_wconf 84' lang='lat' dir='ltr'><strong>gnam</strong></span> <span class='ocrx_word' id='word_1_493' title='bbox 2061 2052 2206 2106; x_wconf 87' lang='lat' dir='ltr'><strong>enim</strong></span> <span class='ocrx_word' id='word_1_494' title='bbox 2233 2054 2519 2111; x_wconf 87' lang='lat' dir='ltr'><strong>subierunt</strong></span> <span class='ocrx_word' id='word_1_495' title='bbox 2544 2058 2935 2126; x_wconf 74' lang='lat' dir='ltr'><strong>infirmitatem,</strong></span> <span class='ocrx_word' id='word_1_496' title='bbox 2957 2075 3081 2115; x_wconf 91' lang='lat' dir='ltr'><strong>cum</strong></span> <span class='ocrx_word' id='word_1_497' title='bbox 3099 2065 3243 2116; x_wconf 90' lang='lat' dir='ltr'><strong>omni</strong></span> <span class='ocrx_word' id='word_1_498' title='bbox 3277 2066 3439 2127; x_wconf 87' lang='lat' dir='ltr'><strong>bono,</strong></span> 
     </span>
    </p>
   </div>
   <div class='ocr_carea' id='block_1_70' title="bbox 1877 2143 3443 2217">
    <p class='ocr_par' dir='ltr' id='par_1_70' title="bbox 1877 2143 3443 2217">
     <span class='ocr_line' id='line_1_70' title="bbox 1877 2143 3443 2217; baseline 0.01 -24"><span class='ocrx_word' id='word_1_499' title='bbox 1877 2143 2037 2207; x_wconf 82' lang='lat' dir='ltr'><strong>quasi</strong></span> <span class='ocrx_word' id='word_1_500' title='bbox 2101 2146 2349 2212; x_wconf 74' lang='lat' dir='ltr'><strong>corporis</strong></span> <span class='ocrx_word' id='word_1_501' title='bbox 2376 2148 2686 2202; x_wconf 78' lang='lat' dir='ltr'><strong>valetudine</strong></span> <span class='ocrx_word' id='word_1_502' title='bbox 2719 2151 3197 2217; x_wconf 67' lang='lat' dir='ltr'><strong>pulehritudineve</strong></span> <span class='ocrx_word' id='word_1_503' title='bbox 3242 2155 3443 2209; x_wconf 79' lang='lat' dir='ltr'><strong>iuerint</strong></span> 
     </span>
    </p>
   </div>
   <div class='ocr_carea' id='block_1_71' title="bbox 1875 2232 3444 2302">
    <p class='ocr_par' dir='ltr' id='par_1_71' title="bbox 1875 2232 3444 2302">
     <span class='ocr_line' id='line_1_71' title="bbox 1875 2232 3444 2302; baseline 0.01 -17"><span class='ocrx_word' id='word_1_504' title='bbox 1875 2232 2157 2287; x_wconf 76' lang='lat' dir='ltr'><strong>desritnta.</strong></span> <span class='ocrx_word' id='word_1_505' title='bbox 2197 2233 2289 2288; x_wconf 76' lang='lat' dir='ltr'><strong>Vt&#39;l</strong></span> <span class='ocrx_word' id='word_1_506' title='bbox 2324 2252 2520 2291; x_wconf 83' lang='lat' dir='ltr'><strong>sensus</strong></span> <span class='ocrx_word' id='word_1_507' title='bbox 2544 2246 2628 2292; x_wconf 91' lang='lat' dir='ltr'><strong>est</strong></span> <span class='ocrx_word' id='word_1_508' title='bbox 2665 2258 2678 2293; x_wconf 88' lang='lat'><strong>:</strong></span> <span class='ocrx_word' id='word_1_509' title='bbox 2711 2240 2948 2296; x_wconf 79' lang='lat' dir='ltr'><strong>Etﬁciam</strong></span> <span class='ocrx_word' id='word_1_510' title='bbox 2980 2253 3038 2297; x_wconf 88' lang='lat' dir='ltr'><strong>ut</strong></span> <span class='ocrx_word' id='word_1_511' title='bbox 3073 2244 3104 2297; x_wconf 93' lang='lat' dir='ltr'><strong>ii</strong></span> <span class='ocrx_word' id='word_1_512' title='bbox 3144 2262 3271 2300; x_wconf 88' lang='lat' dir='ltr'><strong>suas</strong></span> <span class='ocrx_word' id='word_1_513' title='bbox 3306 2249 3444 2302; x_wconf 87' lang='lat' dir='ltr'><strong>reci-</strong></span> 
     </span>
    </p>
   </div>
   <div class='ocr_carea' id='block_1_72' title="bbox 1876 2323 3441 2404">
    <p class='ocr_par' dir='ltr' id='par_1_72' title="bbox 1876 2323 3441 2404">
     <span class='ocr_line' id='line_1_72' title="bbox 1876 2323 3441 2404; baseline 0.012 -30"><span class='ocrx_word' id='word_1_514' title='bbox 1876 2323 2026 2392; x_wconf 88' lang='lat' dir='ltr'><strong>piant</strong></span> <span class='ocrx_word' id='word_1_515' title='bbox 2065 2324 2426 2383; x_wconf 87' lang='lat' dir='ltr'><strong>liabitationes</strong></span> <span class='ocrx_word' id='word_1_516' title='bbox 2452 2345 2467 2395; x_wconf 88' lang='lat'><strong>;</strong></span> <span class='ocrx_word' id='word_1_517' title='bbox 2499 2344 2621 2383; x_wconf 91' lang='lat' dir='ltr'><strong>cum</strong></span> <span class='ocrx_word' id='word_1_518' title='bbox 2654 2333 2799 2386; x_wconf 87' lang='lat' dir='ltr'><strong>enim</strong></span> <span class='ocrx_word' id='word_1_519' title='bbox 2830 2335 2883 2387; x_wconf 91' lang='lat' dir='ltr'><strong>in</strong></span> <span class='ocrx_word' id='word_1_520' title='bbox 2909 2337 3225 2404; x_wconf 88' lang='lat' dir='ltr'><strong>captivitate</strong></span> <span class='ocrx_word' id='word_1_521' title='bbox 3256 2356 3441 2395; x_wconf 81' lang='lat' dir='ltr'><strong>versa-</strong></span> 
     </span>
    </p>
   </div>
   <div class='ocr_carea' id='block_1_73' title="bbox 1878 2416 3440 2495">
    <p class='ocr_par' dir='ltr' id='par_1_73' title="bbox 1878 2416 3440 2495">
     <span class='ocr_line' id='line_1_73' title="bbox 1878 2416 3440 2495; baseline 0.012 -29"><span class='ocrx_word' id='word_1_522' title='bbox 1878 2424 2088 2479; x_wconf 87' lang='lat' dir='ltr'><strong>rentur,</strong></span> <span class='ocrx_word' id='word_1_523' title='bbox 2117 2416 2307 2470; x_wconf 82' lang='lat' dir='ltr'><strong>incolae</strong></span> <span class='ocrx_word' id='word_1_524' title='bbox 2337 2430 2512 2484; x_wconf 87' lang='lat' dir='ltr'><strong>erant,</strong></span> <span class='ocrx_word' id='word_1_525' title='bbox 2544 2436 2641 2475; x_wconf 90' lang='lat' dir='ltr'><strong>nec</strong></span> <span class='ocrx_word' id='word_1_526' title='bbox 2674 2423 2777 2475; x_wconf 90' lang='lat' dir='ltr'><strong>ulla</strong></span> <span class='ocrx_word' id='word_1_527' title='bbox 2802 2428 3021 2495; x_wconf 87' lang='lat' dir='ltr'><strong>propria</strong></span> <span class='ocrx_word' id='word_1_528' title='bbox 3043 2428 3312 2484; x_wconf 89' lang='lat' dir='ltr'><strong>domicilia</strong></span> <span class='ocrx_word' id='word_1_529' title='bbox 3344 2431 3440 2485; x_wconf 90' lang='lat' dir='ltr'><strong>ha-</strong></span> 
     </span>
    </p>
   </div>
   <div class='ocr_carea' id='block_1_74' title="bbox 1880 2504 3436 2590">
    <p class='ocr_par' dir='ltr' id='par_1_74' title="bbox 1880 2504 3436 2590">
     <span class='ocr_line' id='line_1_74' title="bbox 1880 2504 3436 2590; baseline 0.013 -33"><span class='ocrx_word' id='word_1_530' title='bbox 1880 2504 2101 2559; x_wconf 91' lang='lat' dir='ltr'><strong>bebant.</strong></span> <span class='ocrx_word' id='word_1_531' title='bbox 2130 2505 2358 2561; x_wconf 88' lang='lat' dir='ltr'><strong>Domum</strong></span> <span class='ocrx_word' id='word_1_532' title='bbox 2410 2509 2592 2580; x_wconf 90' lang='lat' dir='ltr'><strong>itaque</strong></span> <span class='ocrx_word' id='word_1_533' title='bbox 2644 2513 2953 2582; x_wconf 89' lang='lat' dir='ltr'><strong>redeuntes,</strong></span> <span class='ocrx_word' id='word_1_534' title='bbox 2989 2533 3118 2574; x_wconf 85' lang='lat' dir='ltr'><strong>suas</strong></span> <span class='ocrx_word' id='word_1_535' title='bbox 3171 2522 3436 2590; x_wconf 89' lang='lat' dir='ltr'><strong>recipient</strong></span> 
     </span>
    </p>
   </div>
   <div class='ocr_carea' id='block_1_75' title="bbox 1878 2597 3439 2681">
    <p class='ocr_par' dir='ltr' id='par_1_75' title="bbox 1878 2597 3439 2681">
     <span class='ocr_line' id='line_1_75' title="bbox 1878 2597 3439 2681; baseline 0.012 -32"><span class='ocrx_word' id='word_1_536' title='bbox 1878 2597 2039 2652; x_wconf 88' lang='lat' dir='ltr'><strong>urbes</strong></span> <span class='ocrx_word' id='word_1_537' title='bbox 2072 2606 2235 2668; x_wconf 89' lang='lat' dir='ltr'><strong>atque</strong></span> <span class='ocrx_word' id='word_1_538' title='bbox 2296 2615 2484 2670; x_wconf 85' lang='lat' dir='ltr'><strong>pagos,</strong></span> <span class='ocrx_word' id='word_1_539' title='bbox 2523 2603 2614 2657; x_wconf 92' lang='lat' dir='ltr'><strong>ubi</strong></span> <span class='ocrx_word' id='word_1_540' title='bbox 2654 2613 2771 2659; x_wconf 92' lang='lat' dir='ltr'><strong>tuto</strong></span> <span class='ocrx_word' id='word_1_541' title='bbox 2815 2608 2976 2663; x_wconf 81' lang='lat' dir='ltr'><strong>vitam</strong></span> <span class='ocrx_word' id='word_1_542' title='bbox 3028 2610 3245 2681; x_wconf 87' lang='lat' dir='ltr'><strong>degant.</strong></span> <span class='ocrx_word' id='word_1_543' title='bbox 3278 2611 3439 2668; x_wconf 89' lang='lat' dir='ltr'><strong>Chri-</strong></span> 
     </span>
    </p>
   </div>
   <div class='ocr_carea' id='block_1_76' title="bbox 1873 2689 3439 2776">
    <p class='ocr_par' dir='ltr' id='par_1_76' title="bbox 1873 2689 3439 2776">
     <span class='ocr_line' id='line_1_76' title="bbox 1873 2689 3439 2776; baseline 0.012 -34"><span class='ocrx_word' id='word_1_544' title='bbox 1873 2698 1991 2743; x_wconf 87' lang='lat' dir='ltr'><strong>stus</strong></span> <span class='ocrx_word' id='word_1_545' title='bbox 2019 2689 2147 2744; x_wconf 89' lang='lat' dir='ltr'><strong>item</strong></span> <span class='ocrx_word' id='word_1_546' title='bbox 2173 2706 2271 2745; x_wconf 88' lang='lat' dir='ltr'><strong>sua</strong></span> <span class='ocrx_word' id='word_1_547' title='bbox 2301 2708 2396 2760; x_wconf 87' lang='lat' dir='ltr'><strong>per</strong></span> <span class='ocrx_word' id='word_1_548' title='bbox 2424 2695 2687 2749; x_wconf 87' lang='lat' dir='ltr'><strong>miracula</strong></span> <span class='ocrx_word' id='word_1_549' title='bbox 2718 2698 3316 2771; x_wconf 74' lang='lat' dir='ltr'><strong>sanavitHebrteorum,</strong></span> <span class='ocrx_word' id='word_1_550' title='bbox 3346 2708 3439 2776; x_wconf 92' lang='lat' dir='ltr'><strong>qui</strong></span> 
     </span>
    </p>
   </div>
   <div class='ocr_carea' id='block_1_77' title="bbox 1873 2782 3439 2858">
    <p class='ocr_par' dir='ltr' id='par_1_77' title="bbox 1873 2782 3439 2858">
     <span class='ocr_line' id='line_1_77' title="bbox 1873 2782 3439 2858; baseline 0.014 -27"><span class='ocrx_word' id='word_1_551' title='bbox 1873 2788 1985 2833; x_wconf 87' lang='lat' dir='ltr'><strong>tum</strong></span> <span class='ocrx_word' id='word_1_552' title='bbox 2006 2782 2262 2849; x_wconf 87' lang='lat' dir='ltr'><strong>temporis</strong></span> <span class='ocrx_word' id='word_1_553' title='bbox 2278 2792 2453 2849; x_wconf 89' lang='lat' dir='ltr'><strong>erant,</strong></span> <span class='ocrx_word' id='word_1_554' title='bbox 2481 2799 2735 2855; x_wconf 81' lang='lat' dir='ltr'><strong>corpora,</strong></span> <span class='ocrx_word' id='word_1_555' title='bbox 2759 2805 2878 2858; x_wconf 74' lang='lat' dir='ltr'><strong>qua:</strong></span> <span class='ocrx_word' id='word_1_556' title='bbox 2902 2790 3259 2850; x_wconf 87' lang='lat' dir='ltr'><strong>habitationes</strong></span> <span class='ocrx_word' id='word_1_557' title='bbox 3285 2808 3439 2854; x_wconf 88' lang='lat' dir='ltr'><strong>erant</strong></span> 
     </span>
    </p>
   </div>
   <div class='ocr_carea' id='block_1_78' title="bbox 1872 2871 3440 2958">
    <p class='ocr_par' dir='ltr' id='par_1_78' title="bbox 1872 2871 3440 2958">
     <span class='ocr_line' id='line_1_78' title="bbox 1872 2871 3440 2958; baseline 0.014 -36"><span class='ocrx_word' id='word_1_558' title='bbox 1872 2871 2194 2939; x_wconf 89' lang='lat' dir='ltr'><strong>animarum,</strong></span> <span class='ocrx_word' id='word_1_559' title='bbox 2226 2875 2369 2943; x_wconf 90' lang='lat' dir='ltr'><strong>ipsas</strong></span> <span class='ocrx_word' id='word_1_560' title='bbox 2396 2892 2524 2932; x_wconf 81' lang='lat' dir='ltr'><strong>vero</strong></span> <span class='ocrx_word' id='word_1_561' title='bbox 2554 2880 2760 2933; x_wconf 81' lang='lat' dir='ltr'><strong>animas</strong></span> <span class='ocrx_word' id='word_1_562' title='bbox 2785 2896 2890 2935; x_wconf 94' lang='lat' dir='ltr'><strong>non</strong></span> <span class='ocrx_word' id='word_1_563' title='bbox 2923 2885 3155 2951; x_wconf 73' lang='lat' dir='ltr'><strong>sanavit,</strong></span> <span class='ocrx_word' id='word_1_564' title='bbox 3191 2896 3440 2958; x_wconf 89' lang='lat' dir='ltr'><strong>propter-</strong></span> 
     </span>
    </p>
   </div>
   <div class='ocr_carea' id='block_1_79' title="bbox 1872 2961 3437 3049">
    <p class='ocr_par' dir='ltr' id='par_1_79' title="bbox 1872 2961 3437 3049">
     <span class='ocr_line' id='line_1_79' title="bbox 1872 2961 3437 3049; baseline 0.013 -37"><span class='ocrx_word' id='word_1_565' title='bbox 1872 2974 1937 3013; x_wconf 89' lang='lat' dir='ltr'><strong>ea</strong></span> <span class='ocrx_word' id='word_1_566' title='bbox 1994 2961 2138 3031; x_wconf 90' lang='lat' dir='ltr'><strong>quod</strong></span> <span class='ocrx_word' id='word_1_567' title='bbox 2176 2963 2210 3016; x_wconf 90' lang='lat' dir='ltr'><strong>ii</strong></span> <span class='ocrx_word' id='word_1_568' title='bbox 2239 2967 2420 3020; x_wconf 85' lang='lat' dir='ltr'><strong>sanari</strong></span> <span class='ocrx_word' id='word_1_569' title='bbox 2453 2968 2765 3024; x_wconf 90' lang='lat' dir='ltr'><strong>noluerunt.</strong></span> <span class='ocrx_word' id='word_1_570' title='bbox 2803 2971 3015 3037; x_wconf 75' lang='lat' dir='ltr'><strong>Quoties</strong></span> <span class='ocrx_word' id='word_1_571' title='bbox 3045 2978 3212 3041; x_wconf 88' lang='lat' dir='ltr'><strong>enim,</strong></span> <span class='ocrx_word' id='word_1_572' title='bbox 3242 2979 3437 3049; x_wconf 87' lang='lat' dir='ltr'><strong>inquit,</strong></span> 
     </span>
    </p>
   </div>
   <div class='ocr_carea' id='block_1_80' title="bbox 1873 3052 3434 3126">
    <p class='ocr_par' dir='ltr' id='par_1_80' title="bbox 1873 3052 3434 3126">
     <span class='ocr_line' id='line_1_80' title="bbox 1873 3052 3434 3126; baseline 0.013 -21"><span class='ocrx_word' id='word_1_573' title='bbox 1873 3052 2013 3106; x_wconf 79' lang='lat' dir='ltr'><strong>volui</strong></span> <span class='ocrx_word' id='word_1_574' title='bbox 2048 3070 2365 3125; x_wconf 78' lang='lat' dir='ltr'><strong>congregare</strong></span> <span class='ocrx_word' id='word_1_575' title='bbox 2386 3058 2672 3126; x_wconf 73' lang='lat' dir='ltr'><strong>tuos/ilics,</strong></span> <span class='ocrx_word' id='word_1_576' title='bbox 2699 3072 2749 3115; x_wconf 81' lang='lat' dir='ltr'><strong>et</strong></span> <span class='ocrx_word' id='word_1_577' title='bbox 2781 3064 3005 3118; x_wconf 76' lang='lat' dir='ltr'><strong>noluisti</strong></span> <span class='ocrx_word' id='word_1_578' title='bbox 3034 3068 3116 3120; x_wconf 73' lang='grc'><strong>⁸⁸2</strong></span> <span class='ocrx_word' id='word_1_579' title='bbox 3139 3068 3434 3125; x_wconf 90' lang='lat' dir='ltr'><strong>Gentilium</strong></span> 
     </span>
    </p>
   </div>
   <div class='ocr_carea' id='block_1_81' title="bbox 1875 3148 3437 3218">
    <p class='ocr_par' dir='ltr' id='par_1_81' title="bbox 1875 3148 3437 3218">
     <span class='ocr_line' id='line_1_81' title="bbox 1875 3148 3437 3218; baseline 0.012 -22"><span class='ocrx_word' id='word_1_580' title='bbox 1875 3158 2092 3214; x_wconf 83' lang='lat' dir='ltr'><strong>quoque</strong></span> <span class='ocrx_word' id='word_1_581' title='bbox 2120 3148 2442 3216; x_wconf 91' lang='lat' dir='ltr'><strong>populorum</strong></span> <span class='ocrx_word' id='word_1_582' title='bbox 2477 3149 2869 3218; x_wconf 86' lang='lat' dir='ltr'><strong>habitationes,</strong></span> <span class='ocrx_word' id='word_1_583' title='bbox 2897 3154 3058 3211; x_wconf 88' lang='lat' dir='ltr'><strong>idolis</strong></span> <span class='ocrx_word' id='word_1_584' title='bbox 3089 3158 3437 3216; x_wconf 69' lang='lat' dir='ltr'><strong>rel‘ertaatnr-</strong></span> 
     </span>
    </p>
   </div>
   <div class='ocr_carea' id='block_1_82' title="bbox 1873 3236 3434 3315">
    <p class='ocr_par' dir='ltr' id='par_1_82' title="bbox 1873 3236 3434 3315">
     <span class='ocr_line' id='line_1_82' title="bbox 1873 3236 3434 3315; baseline 0.014 -30"><span class='ocrx_word' id='word_1_585' title='bbox 1873 3236 2220 3303; x_wconf 81' lang='lat' dir='ltr'><strong>pissirnisque</strong></span> <span class='ocrx_word' id='word_1_586' title='bbox 2250 3236 2491 3307; x_wconf 85' lang='lat' dir='ltr'><strong>ﬂagitiis,</strong></span> <span class='ocrx_word' id='word_1_587' title='bbox 2521 3240 2705 3294; x_wconf 91' lang='lat' dir='ltr'><strong>lethali</strong></span> <span class='ocrx_word' id='word_1_588' title='bbox 2746 3243 3065 3300; x_wconf 86' lang='lat' dir='ltr'><strong>laborabant</strong></span> <span class='ocrx_word' id='word_1_589' title='bbox 3095 3248 3434 3315; x_wconf 81' lang='lat' dir='ltr'><strong>inﬁrmitate,</strong></span> 
     </span>
    </p>
   </div>
   <div class='ocr_carea' id='block_1_83' title="bbox 1873 3330 3434 3403">
    <p class='ocr_par' dir='ltr' id='par_1_83' title="bbox 1873 3330 3434 3403">
     <span class='ocr_line' id='line_1_83' title="bbox 1873 3330 3434 3403; baseline 0.013 -25"><span class='ocrx_word' id='word_1_590' title='bbox 1873 3340 2076 3395; x_wconf 86' lang='lat' dir='ltr'><strong>easque</strong></span> <span class='ocrx_word' id='word_1_591' title='bbox 2114 3330 2328 3383; x_wconf 86' lang='lat' dir='ltr'><strong>sanavit</strong></span> <span class='ocrx_word' id='word_1_592' title='bbox 2366 3331 2525 3403; x_wconf 76' lang='lat'><strong>126</strong></span> <span class='ocrx_word' id='word_1_593' title='bbox 2554 3334 2621 3396; x_wconf 88' lang='lat' dir='ltr'><strong>is,</strong></span> <span class='ocrx_word' id='word_1_594' title='bbox 2664 3335 2757 3401; x_wconf 89' lang='lat' dir='ltr'><strong>qui</strong></span> <span class='ocrx_word' id='word_1_595' title='bbox 2788 3338 2954 3403; x_wconf 84' lang='lat' dir='ltr'><strong>venit,</strong></span> <span class='ocrx_word' id='word_1_596' title='bbox 2987 3348 3045 3393; x_wconf 90' lang='lat' dir='ltr'><strong>ut</strong></span> <span class='ocrx_word' id='word_1_597' title='bbox 3076 3342 3299 3400; x_wconf 87' lang='lat' dir='ltr'><strong>morbos</strong></span> <span class='ocrx_word' id='word_1_598' title='bbox 3330 3346 3434 3399; x_wconf 88' lang='lat' dir='ltr'><strong>tol-</strong></span> 
     </span>
    </p>
   </div>
   <div class='ocr_carea' id='block_1_84' title="bbox 1873 3414 3133 3492">
    <p class='ocr_par' dir='ltr' id='par_1_84' title="bbox 1873 3414 3133 3492">
     <span class='ocr_line' id='line_1_84' title="bbox 1873 3414 3133 3492; baseline 0.01 -26"><span class='ocrx_word' id='word_1_599' title='bbox 1873 3414 2026 3480; x_wconf 86' lang='lat' dir='ltr'><strong>leret,</strong></span> <span class='ocrx_word' id='word_1_600' title='bbox 2055 3415 2505 3486; x_wconf 81' lang='lat' dir='ltr'><strong>inﬂrmitatesque</strong></span> <span class='ocrx_word' id='word_1_601' title='bbox 2536 3429 2754 3475; x_wconf 90' lang='lat' dir='ltr'><strong>nostras</strong></span> <span class='ocrx_word' id='word_1_602' title='bbox 2779 3423 3046 3492; x_wconf 85' lang='lat' dir='ltr'><strong>perferret</strong></span> <span class='ocrx_word' id='word_1_603' title='bbox 3068 3427 3133 3479; x_wconf 85' lang='lat'><strong>&quot;.</strong></span> 
     </span>
    </p>
   </div>
   <div class='ocr_carea' id='block_1_85' title="bbox 1945 3505 3435 3576">
    <p class='ocr_par' dir='ltr' id='par_1_85' title="bbox 1945 3505 3435 3576">
     <span class='ocr_line' id='line_1_85' title="bbox 1945 3505 3435 3576; baseline 0.012 -20"><span class='ocrx_word' id='word_1_604' title='bbox 1945 3505 2178 3575; x_wconf 84' lang='lat' dir='ltr'><strong>Diligam</strong></span> <span class='ocrx_word' id='word_1_605' title='bbox 2203 3524 2288 3561; x_wconf 75' lang='lat' dir='ltr'><strong>eos</strong></span> <span class='ocrx_word' id='word_1_606' title='bbox 2343 3511 2561 3576; x_wconf 82' lang='lat' dir='ltr'><strong>pariter.</strong></span> <span class='ocrx_word' id='word_1_607' title='bbox 2596 3510 2725 3565; x_wconf 90' lang='lat' dir='ltr'><strong>Sine</strong></span> <span class='ocrx_word' id='word_1_608' title='bbox 2760 3514 2872 3567; x_wconf 92' lang='lat' dir='ltr'><strong>ullo</strong></span> <span class='ocrx_word' id='word_1_609' title='bbox 2927 3515 3181 3570; x_wconf 85' lang='lat' dir='ltr'><strong>videlicet</strong></span> <span class='ocrx_word' id='word_1_610' title='bbox 3233 3520 3435 3574; x_wconf 82' lang='lat' dir='ltr'><strong>discri-</strong></span> 
     </span>
    </p>
   </div>
   <div class='ocr_carea' id='block_1_86' title="bbox 1872 3597 3435 3673">
    <p class='ocr_par' dir='ltr' id='par_1_86' title="bbox 1872 3597 3435 3673">
     <span class='ocr_line' id='line_1_86' title="bbox 1872 3597 3435 3673; baseline 0.009 -25"><span class='ocrx_word' id='word_1_611' title='bbox 1872 3597 2037 3658; x_wconf 86' lang='lat' dir='ltr'><strong>mine,</strong></span> <span class='ocrx_word' id='word_1_612' title='bbox 2070 3598 2229 3649; x_wconf 90' lang='lat' dir='ltr'><strong>simul</strong></span> <span class='ocrx_word' id='word_1_613' title='bbox 2260 3612 2470 3665; x_wconf 90' lang='lat' dir='ltr'><strong>omnes,</strong></span> <span class='ocrx_word' id='word_1_614' title='bbox 2506 3616 2614 3654; x_wconf 92' lang='lat' dir='ltr'><strong>non</strong></span> <span class='ocrx_word' id='word_1_615' title='bbox 2682 3603 2753 3655; x_wconf 89' lang='lat' dir='ltr'><strong>ita</strong></span> <span class='ocrx_word' id='word_1_616' title='bbox 2803 3604 3045 3673; x_wconf 87' lang='lat' dir='ltr'><strong>quidem,</strong></span> <span class='ocrx_word' id='word_1_617' title='bbox 3099 3617 3155 3660; x_wconf 91' lang='lat' dir='ltr'><strong>ut</strong></span> <span class='ocrx_word' id='word_1_618' title='bbox 3206 3610 3435 3663; x_wconf 78' lang='lat' dir='ltr'><strong>alterum</strong></span> 
     </span>
    </p>
   </div>
   <div class='ocr_carea' id='block_1_87' title="bbox 1870 3688 3433 3765">
    <p class='ocr_par' dir='ltr' id='par_1_87' title="bbox 1870 3688 3433 3765">
     <span class='ocr_line' id='line_1_87' title="bbox 1870 3688 3433 3765; baseline 0.008 -26"><span class='ocrx_word' id='word_1_619' title='bbox 1870 3688 2110 3756; x_wconf 82' lang='lat' dir='ltr'><strong>diligam,</strong></span> <span class='ocrx_word' id='word_1_620' title='bbox 2138 3690 2367 3743; x_wconf 88' lang='lat' dir='ltr'><strong>alterum</strong></span> <span class='ocrx_word' id='word_1_621' title='bbox 2397 3706 2502 3745; x_wconf 88' lang='lat' dir='ltr'><strong>non</strong></span> <span class='ocrx_word' id='word_1_622' title='bbox 2546 3694 2693 3747; x_wconf 90' lang='lat' dir='ltr'><strong>item.</strong></span> <span class='ocrx_word' id='word_1_623' title='bbox 2734 3692 2828 3749; x_wconf 79' lang='lat' dir='ltr'><strong>Vel</strong></span> <span class='ocrx_word' id='word_1_624' title='bbox 2882 3697 3107 3764; x_wconf 88' lang='lat' dir='ltr'><strong>perinde</strong></span> <span class='ocrx_word' id='word_1_625' title='bbox 3159 3710 3264 3765; x_wconf 87' lang='lat' dir='ltr'><strong>est,</strong></span> <span class='ocrx_word' id='word_1_626' title='bbox 3296 3717 3359 3755; x_wconf 82' lang='lat' dir='ltr'><strong>ac</strong></span> <span class='ocrx_word' id='word_1_627' title='bbox 3389 3709 3433 3755; x_wconf 84' lang='lat' dir='ltr'><strong>si</strong></span> 
     </span>
    </p>
   </div>
   <div class='ocr_carea' id='block_1_88' title="bbox 1869 3779 3439 3859">
    <p class='ocr_par' dir='ltr' id='par_1_88' title="bbox 1869 3779 3439 3859">
     <span class='ocr_line' id='line_1_88' title="bbox 1869 3779 3439 3859; baseline 0.01 -27"><span class='ocrx_word' id='word_1_628' title='bbox 1869 3781 2121 3833; x_wconf 86' lang='lat' dir='ltr'><strong>diceret:</strong></span> <span class='ocrx_word' id='word_1_629' title='bbox 2187 3779 2291 3836; x_wconf 88' lang='lat' dir='ltr'><strong>Eos</strong></span> <span class='ocrx_word' id='word_1_630' title='bbox 2331 3798 2438 3836; x_wconf 90' lang='lat' dir='ltr'><strong>una</strong></span> <span class='ocrx_word' id='word_1_631' title='bbox 2505 3799 2629 3837; x_wconf 90' lang='lat' dir='ltr'><strong>cum</strong></span> <span class='ocrx_word' id='word_1_632' title='bbox 2683 3787 2975 3855; x_wconf 89' lang='lat' dir='ltr'><strong>gentilibus</strong></span> <span class='ocrx_word' id='word_1_633' title='bbox 3034 3791 3245 3859; x_wconf 82' lang='lat' dir='ltr'><strong>papulis</strong></span> <span class='ocrx_word' id='word_1_634' title='bbox 3291 3797 3439 3847; x_wconf 76' lang='lat' dir='ltr'><strong>exci-</strong></span> 
     </span>
    </p>
   </div>
   <div class='ocr_carea' id='block_1_89' title="bbox 1868 3870 3431 3940">
    <p class='ocr_par' dir='ltr' id='par_1_89' title="bbox 1868 3870 3431 3940">
     <span class='ocr_line' id='line_1_89' title="bbox 1868 3870 3431 3940; baseline 0.01 -18"><span class='ocrx_word' id='word_1_635' title='bbox 1868 3870 2035 3940; x_wconf 91' lang='lat' dir='ltr'><strong>piam,</strong></span> <span class='ocrx_word' id='word_1_636' title='bbox 2071 3872 2216 3940; x_wconf 90' lang='lat' dir='ltr'><strong>quod</strong></span> <span class='ocrx_word' id='word_1_637' title='bbox 2252 3888 2445 3927; x_wconf 85' lang='lat' dir='ltr'><strong>nomen</strong></span> <span class='ocrx_word' id='word_1_638' title='bbox 2483 3890 2662 3928; x_wconf 88' lang='lat' dir='ltr'><strong>meum</strong></span> <span class='ocrx_word' id='word_1_639' title='bbox 2715 3878 3104 3934; x_wconf 77' lang='lat' dir='ltr'><strong>confiteantur.</strong></span> <span class='ocrx_word' id='word_1_640' title='bbox 3158 3880 3259 3935; x_wconf 88' lang='lat' dir='ltr'><strong>Ubi</strong></span> <span class='ocrx_word' id='word_1_641' title='bbox 3287 3886 3431 3938; x_wconf 82' lang='lat' dir='ltr'><strong>enim</strong></span> 
     </span>
    </p>
   </div>
   <div class='ocr_carea' id='block_1_90' title="bbox 1868 3958 3435 4030">
    <p class='ocr_par' dir='ltr' id='par_1_90' title="bbox 1868 3958 3435 4030">
     <span class='ocr_line' id='line_1_90' title="bbox 1868 3958 3435 4030; baseline 0.009 -19"><span class='ocrx_word' id='word_1_642' title='bbox 1868 3958 2146 4028; x_wconf 78' lang='lat' dir='ltr'><strong>plenitudo</strong></span> <span class='ocrx_word' id='word_1_643' title='bbox 2209 3961 2452 4027; x_wconf 87' lang='lat' dir='ltr'><strong>gentium</strong></span> <span class='ocrx_word' id='word_1_644' title='bbox 2500 3965 2815 4030; x_wconf 83' lang='lat' dir='ltr'><strong>accesserit,</strong></span> <span class='ocrx_word' id='word_1_645' title='bbox 2883 3976 2997 4020; x_wconf 90' lang='lat' dir='ltr'><strong>tum</strong></span> <span class='ocrx_word' id='word_1_646' title='bbox 3037 3969 3215 4023; x_wconf 89' lang='lat' dir='ltr'><strong>omnis</strong></span> <span class='ocrx_word' id='word_1_647' title='bbox 3268 3971 3435 4025; x_wconf 87' lang='lat' dir='ltr'><strong>Israel</strong></span> 
     </span>
    </p>
   </div>
   <div class='ocr_carea' id='block_1_91' title="bbox 1868 4048 2254 4105">
    <p class='ocr_par' dir='ltr' id='par_1_91' title="bbox 1868 4048 2254 4105">
     <span class='ocr_line' id='line_1_91' title="bbox 1868 4048 2254 4105; baseline -0.013 0"><span class='ocrx_word' id='word_1_648' title='bbox 1868 4049 2167 4105; x_wconf 85' lang='lat' dir='ltr'><strong>salvabitur</strong></span> <span class='ocrx_word' id='word_1_649' title='bbox 2187 4048 2254 4101; x_wconf 81' lang='grc'><strong>⁸⁸.</strong></span> 
     </span>
    </p>
   </div>
   <div class='ocr_carea' id='block_1_92' title="bbox 1942 4141 3436 4225">
    <p class='ocr_par' dir='ltr' id='par_1_92' title="bbox 1942 4141 3436 4225">
     <span class='ocr_line' id='line_1_92' title="bbox 1942 4141 3436 4225; baseline 0.011 -34"><span class='ocrx_word' id='word_1_650' title='bbox 1942 4141 2083 4207; x_wconf 83' lang='lat' dir='ltr'><strong>Quia</strong></span> <span class='ocrx_word' id='word_1_651' title='bbox 2113 4144 2299 4195; x_wconf 79' lang='lat' dir='ltr'><strong>avertit</strong></span> <span class='ocrx_word' id='word_1_652' title='bbox 2322 4159 2377 4196; x_wconf 75' lang='lat' dir='ltr'><strong>se</strong></span> <span class='ocrx_word' id='word_1_653' title='bbox 2410 4145 2491 4196; x_wconf 84' lang='lat' dir='ltr'><strong>ira</strong></span> <span class='ocrx_word' id='word_1_654' title='bbox 2521 4161 2635 4198; x_wconf 82' lang='lat' dir='ltr'><strong>mea</strong></span> <span class='ocrx_word' id='word_1_655' title='bbox 2670 4146 2735 4198; x_wconf 85' lang='lat' dir='ltr'><strong>ab</strong></span> <span class='ocrx_word' id='word_1_656' title='bbox 2759 4148 2909 4215; x_wconf 72' lang='lat' dir='ltr'><strong>ipsis.</strong></span> <span class='ocrx_word' id='word_1_657' title='bbox 2940 4149 3075 4203; x_wconf 79' lang='lat' dir='ltr'><strong>Cum</strong></span> <span class='ocrx_word' id='word_1_658' title='bbox 3110 4152 3254 4205; x_wconf 84' lang='lat' dir='ltr'><strong>enim</strong></span> <span class='ocrx_word' id='word_1_659' title='bbox 3289 4164 3436 4225; x_wconf 89' lang='lat' dir='ltr'><strong>terga</strong></span> 
     </span>
    </p>
   </div>
   <div class='ocr_carea' id='block_1_93' title="bbox 1871 4232 3437 4308">
    <p class='ocr_par' dir='ltr' id='par_1_93' title="bbox 1871 4232 3437 4308">
     <span class='ocr_line' id='line_1_93' title="bbox 1871 4232 3437 4308; baseline 0.009 -23"><span class='ocrx_word' id='word_1_660' title='bbox 1871 4232 2003 4285; x_wconf 88' lang='lat' dir='ltr'><strong>mihi</strong></span> <span class='ocrx_word' id='word_1_661' title='bbox 2028 4233 2335 4299; x_wconf 83' lang='lat' dir='ltr'><strong>vertebant,</strong></span> <span class='ocrx_word' id='word_1_662' title='bbox 2368 4248 2474 4288; x_wconf 91' lang='lat' dir='ltr'><strong>non</strong></span> <span class='ocrx_word' id='word_1_663' title='bbox 2507 4234 2721 4301; x_wconf 71' lang='lat' dir='ltr'><strong>fat-ient,</strong></span> <span class='ocrx_word' id='word_1_664' title='bbox 2753 4238 3007 4293; x_wconf 81' lang='lat' dir='ltr'><strong>manebat</strong></span> <span class='ocrx_word' id='word_1_665' title='bbox 3054 4240 3132 4293; x_wconf 88' lang='lat' dir='ltr'><strong>ira</strong></span> <span class='ocrx_word' id='word_1_666' title='bbox 3182 4257 3324 4308; x_wconf 85' lang='lat' dir='ltr'><strong>mea,</strong></span> <span class='ocrx_word' id='word_1_667' title='bbox 3356 4246 3437 4299; x_wconf 87' lang='lat' dir='ltr'><strong>eis</strong></span> 
     </span>
    </p>
   </div>
   <div class='ocr_carea' id='block_1_94' title="bbox 1870 4323 3435 4391">
    <p class='ocr_par' dir='ltr' id='par_1_94' title="bbox 1870 4323 3435 4391">
     <span class='ocr_line' id='line_1_94' title="bbox 1870 4323 3435 4391; baseline 0.01 -16"><span class='ocrx_word' id='word_1_668' title='bbox 1870 4324 2108 4377; x_wconf 78' lang='lat' dir='ltr'><strong>maxime</strong></span> <span class='ocrx_word' id='word_1_669' title='bbox 2148 4323 2383 4391; x_wconf 81' lang='lat' dir='ltr'><strong>infesta;</strong></span> <span class='ocrx_word' id='word_1_670' title='bbox 2439 4328 2602 4380; x_wconf 85' lang='lat' dir='ltr'><strong>modo</strong></span> <span class='ocrx_word' id='word_1_671' title='bbox 2633 4344 2758 4382; x_wconf 87' lang='lat' dir='ltr'><strong>eum</strong></span> <span class='ocrx_word' id='word_1_672' title='bbox 2793 4330 2861 4383; x_wconf 90' lang='lat' dir='ltr'><strong>ad</strong></span> <span class='ocrx_word' id='word_1_673' title='bbox 2893 4346 2978 4385; x_wconf 86' lang='lat' dir='ltr'><strong>me</strong></span> <span class='ocrx_word' id='word_1_674' title='bbox 3003 4346 3124 4387; x_wconf 79' lang='lat' dir='ltr'><strong>sese</strong></span> <span class='ocrx_word' id='word_1_675' title='bbox 3148 4346 3435 4390; x_wconf 82' lang='lat' dir='ltr'><strong>converte-</strong></span> 
     </span>
    </p>
   </div>
   <div class='ocr_carea' id='block_1_95' title="bbox 1867 4414 3101 4491">
    <p class='ocr_par' dir='ltr' id='par_1_95' title="bbox 1867 4414 3101 4491">
     <span class='ocr_line' id='line_1_95' title="bbox 1867 4414 3101 4491; baseline 0.009 -25"><span class='ocrx_word' id='word_1_676' title='bbox 1867 4414 1995 4477; x_wconf 87' lang='lat' dir='ltr'><strong>rint,</strong></span> <span class='ocrx_word' id='word_1_677' title='bbox 2033 4423 2275 4469; x_wconf 75' lang='lat' dir='ltr'><strong>avertere</strong></span> <span class='ocrx_word' id='word_1_678' title='bbox 2309 4430 2430 4469; x_wconf 88' lang='lat' dir='ltr'><strong>sese</strong></span> <span class='ocrx_word' id='word_1_679' title='bbox 2460 4418 2529 4471; x_wconf 86' lang='lat' dir='ltr'><strong>ab</strong></span> <span class='ocrx_word' id='word_1_680' title='bbox 2556 4419 2621 4472; x_wconf 90' lang='lat' dir='ltr'><strong>iis</strong></span> <span class='ocrx_word' id='word_1_681' title='bbox 2652 4418 2728 4472; x_wconf 86' lang='lat' dir='ltr'><strong>ira</strong></span> <span class='ocrx_word' id='word_1_682' title='bbox 2759 4436 2877 4474; x_wconf 80' lang='lat' dir='ltr'><strong>mea</strong></span> <span class='ocrx_word' id='word_1_683' title='bbox 2919 4423 3101 4491; x_wconf 73' lang='lat' dir='ltr'><strong>cmpit.</strong></span> 
     </span>
    </p>
   </div>
   <div class='ocr_carea' id='block_1_96' title="bbox 1946 4613 3435 4691">
    <p class='ocr_par' dir='ltr' id='par_1_96' title="bbox 1946 4613 3435 4691">
     <span class='ocr_line' id='line_1_96' title="bbox 1946 4613 3435 4691; baseline 0.006 -24"><span class='ocrx_word' id='word_1_684' title='bbox 1946 4613 2108 4669; x_wconf 77' lang='lat' dir='ltr'><strong>Vsus.</strong></span> <span class='ocrx_word' id='word_1_685' title='bbox 2142 4615 2195 4668; x_wconf 88' lang='lat'><strong>6.</strong></span> <span class='ocrx_word' id='word_1_686' title='bbox 2228 4613 2298 4667; x_wconf 84' lang='lat' dir='ltr'><strong>Et</strong></span> <span class='ocrx_word' id='word_1_687' title='bbox 2319 4632 2410 4669; x_wconf 82' lang='lat' dir='ltr'><strong>ero</strong></span> <span class='ocrx_word' id='word_1_688' title='bbox 2448 4625 2698 4686; x_wconf 85' lang='lat' dir='ltr'><strong>tanquam</strong></span> <span class='ocrx_word' id='word_1_689' title='bbox 2726 4634 2811 4671; x_wconf 76' lang='lat' dir='ltr'><strong>ros</strong></span> <span class='ocrx_word' id='word_1_690' title='bbox 2850 4620 3059 4684; x_wconf 79' lang='lat' dir='ltr'><strong>Israelt&#39;,</strong></span> <span class='ocrx_word' id='word_1_691' title='bbox 3115 4632 3165 4675; x_wconf 83' lang='lat' dir='ltr'><strong>et</strong></span> <span class='ocrx_word' id='word_1_692' title='bbox 3207 4625 3435 4691; x_wconf 77' lang='lat' dir='ltr'><strong>ﬂorebit,</strong></span> 
     </span>
    </p>
   </div>
   <div class='ocr_carea' id='block_1_97' title="bbox 1876 4705 3434 4780">
    <p class='ocr_par' dir='ltr' id='par_1_97' title="bbox 1876 4705 3434 4780">
     <span class='ocr_line' id='line_1_97' title="bbox 1876 4705 3434 4780; baseline 0.007 -22"><span class='ocrx_word' id='word_1_693' title='bbox 1876 4716 1929 4758; x_wconf 90' lang='lat' dir='ltr'><strong>ut</strong></span> <span class='ocrx_word' id='word_1_694' title='bbox 1954 4707 2146 4759; x_wconf 83' lang='lat' dir='ltr'><strong>lilium.</strong></span> <span class='ocrx_word' id='word_1_695' title='bbox 2174 4705 2311 4763; x_wconf 81' lang='lat' dir='ltr'><strong>Mea.</strong></span> <span class='ocrx_word' id='word_1_696' title='bbox 2348 4709 2544 4775; x_wconf 87' lang='lat' dir='ltr'><strong>inquit,</strong></span> <span class='ocrx_word' id='word_1_697' title='bbox 2581 4710 2631 4761; x_wconf 89' lang='lat' dir='ltr'><strong>in</strong></span> <span class='ocrx_word' id='word_1_698' title='bbox 2661 4725 2755 4764; x_wconf 80' lang='lat' dir='ltr'><strong>eos</strong></span> <span class='ocrx_word' id='word_1_699' title='bbox 2814 4711 3074 4765; x_wconf 85' lang='lat' dir='ltr'><strong>beneﬁcia</strong></span> <span class='ocrx_word' id='word_1_700' title='bbox 3132 4716 3434 4780; x_wconf 79' lang='lat' dir='ltr'><strong>conteram,</strong></span> 
     </span>
    </p>
   </div>
   <div class='ocr_carea' id='block_1_98' title="bbox 1874 4799 3431 4871">
    <p class='ocr_par' dir='ltr' id='par_1_98' title="bbox 1874 4799 3431 4871">
     <span class='ocr_line' id='line_1_98' title="bbox 1874 4799 3431 4871; baseline 0.004 -19"><span class='ocrx_word' id='word_1_701' title='bbox 1874 4800 2013 4853; x_wconf 85' lang='lat' dir='ltr'><strong>roris</strong></span> <span class='ocrx_word' id='word_1_702' title='bbox 2044 4800 2236 4864; x_wconf 88' lang='lat' dir='ltr'><strong>instar,</strong></span> <span class='ocrx_word' id='word_1_703' title='bbox 2261 4799 2641 4870; x_wconf 79' lang='lat' dir='ltr'><strong>ﬂorebuntque</strong></span> <span class='ocrx_word' id='word_1_704' title='bbox 2704 4811 2960 4871; x_wconf 91' lang='lat' dir='ltr'><strong>tanquam</strong></span> <span class='ocrx_word' id='word_1_705' title='bbox 2991 4804 3183 4858; x_wconf 90' lang='lat' dir='ltr'><strong>lilium.</strong></span> <span class='ocrx_word' id='word_1_706' title='bbox 3222 4804 3431 4859; x_wconf 82' lang='lat' dir='ltr'><strong>Passim</strong></span> 
     </span>
    </p>
   </div>
   <div class='ocr_carea' id='block_1_99' title="bbox 1873 4889 3430 4966">
    <p class='ocr_par' dir='ltr' id='par_1_99' title="bbox 1873 4889 3430 4966">
     <span class='ocr_line' id='line_1_99' title="bbox 1873 4889 3430 4966; baseline 0.007 -26"><span class='ocrx_word' id='word_1_707' title='bbox 1873 4897 2052 4943; x_wconf 86' lang='lat' dir='ltr'><strong>autem</strong></span> <span class='ocrx_word' id='word_1_708' title='bbox 2086 4889 2313 4957; x_wconf 87' lang='lat' dir='ltr'><strong>hujusce</strong></span> <span class='ocrx_word' id='word_1_709' title='bbox 2382 4890 2531 4945; x_wconf 81' lang='lat' dir='ltr'><strong>ﬂoris</strong></span> <span class='ocrx_word' id='word_1_710' title='bbox 2582 4893 2841 4957; x_wconf 14' lang='lat' dir='ltr'><strong>meminit,</strong></span> <span class='ocrx_word' id='word_1_711' title='bbox 2893 4894 3077 4948; x_wconf 83' lang='lat' dir='ltr'><strong>divina</strong></span> <span class='ocrx_word' id='word_1_712' title='bbox 3129 4896 3430 4966; x_wconf 87' lang='lat' dir='ltr'><strong>Scriptura.</strong></span> 
     </span>
    </p>
   </div>
   <div class='ocr_carea' id='block_1_100' title="bbox 1873 4980 3432 5055">
    <p class='ocr_par' dir='ltr' id='par_1_100' title="bbox 1873 4980 3432 5055">
     <span class='ocr_line' id='line_1_100' title="bbox 1873 4980 3432 5055; baseline 0.004 -23"><span class='ocrx_word' id='word_1_713' title='bbox 1873 4980 2043 5033; x_wconf 78' lang='lat' dir='ltr'><strong>Isaias</strong></span> <span class='ocrx_word' id='word_1_714' title='bbox 2073 4981 2289 5049; x_wconf 87' lang='lat' dir='ltr'><strong>quidem</strong></span> <span class='ocrx_word' id='word_1_715' title='bbox 2320 4982 2394 5034; x_wconf 86' lang='lat' dir='ltr'><strong>ait</strong></span> <span class='ocrx_word' id='word_1_716' title='bbox 2426 5000 2437 5033; x_wconf 91' lang='lat'>:</span> <span class='ocrx_word' id='word_1_717' title='bbox 2472 4982 2704 5036; x_wconf 70' lang='lat' dir='ltr'><strong>La’tetur</strong></span> <span class='ocrx_word' id='word_1_718' title='bbox 2736 4994 2876 5037; x_wconf 75' lang='lat' dir='ltr'><strong>terra</strong></span> <span class='ocrx_word' id='word_1_719' title='bbox 2893 4986 3121 5049; x_wconf 73' lang='lat' dir='ltr'><strong>deserta,</strong></span> <span class='ocrx_word' id='word_1_720' title='bbox 3150 4997 3197 5041; x_wconf 82' lang='lat' dir='ltr'><strong>et</strong></span> <span class='ocrx_word' id='word_1_721' title='bbox 3226 4990 3432 5055; x_wconf 82' lang='lat' dir='ltr'><strong>ﬂoreat,</strong></span> 
     </span>
    </p>
   </div>
   <div class='ocr_carea' id='block_1_101' title="bbox 1870 5070 3438 5137">
    <p class='ocr_par' dir='ltr' id='par_1_101' title="bbox 1870 5070 3438 5137">
     <span class='ocr_line' id='line_1_101' title="bbox 1870 5070 3438 5137; baseline 0.007 -17"><span class='ocrx_word' id='word_1_722' title='bbox 1870 5070 2024 5137; x_wconf 73' lang='lat' dir='ltr'><strong>quasi</strong></span> <span class='ocrx_word' id='word_1_723' title='bbox 2066 5070 2237 5122; x_wconf 82' lang='lat' dir='ltr'><strong>lilium</strong></span> <span class='ocrx_word' id='word_1_724' title='bbox 2280 5070 2323 5100; x_wconf 84' lang='lat'><strong>&quot;</strong></span> <span class='ocrx_word' id='word_1_725' title='bbox 2357 5090 2369 5124; x_wconf 92' lang='lat'><strong>:</strong></span> <span class='ocrx_word' id='word_1_726' title='bbox 2408 5072 2661 5126; x_wconf 89' lang='lat' dir='ltr'><strong>Salomon</strong></span> <span class='ocrx_word' id='word_1_727' title='bbox 2692 5084 2871 5129; x_wconf 86' lang='lat' dir='ltr'><strong>autem</strong></span> <span class='ocrx_word' id='word_1_728' title='bbox 2912 5076 2963 5129; x_wconf 90' lang='lat' dir='ltr'><strong>in</strong></span> <span class='ocrx_word' id='word_1_729' title='bbox 3005 5076 3229 5131; x_wconf 88' lang='lat' dir='ltr'><strong>Cantico</strong></span> <span class='ocrx_word' id='word_1_730' title='bbox 3263 5084 3438 5131; x_wconf 77' lang='lat' dir='ltr'><strong>cautl-</strong></span> 
     </span>
    </p>
   </div>
   <div class='ocr_carea' id='block_1_102' title="bbox 1870 5162 3429 5235">
    <p class='ocr_par' dir='ltr' id='par_1_102' title="bbox 1870 5162 3429 5235">
     <span class='ocr_line' id='line_1_102' title="bbox 1870 5162 3429 5235; baseline 0.004 -22"><span class='ocrx_word' id='word_1_731' title='bbox 1870 5177 2055 5215; x_wconf 85' lang='lat' dir='ltr'><strong>corum</strong></span> <span class='ocrx_word' id='word_1_732' title='bbox 2085 5180 2097 5212; x_wconf 91' lang='lat'><strong>:</strong></span> <span class='ocrx_word' id='word_1_733' title='bbox 2132 5162 2278 5217; x_wconf 83' lang='lat' dir='ltr'><strong>Sicut</strong></span> <span class='ocrx_word' id='word_1_734' title='bbox 2310 5164 2481 5216; x_wconf 83' lang='lat' dir='ltr'><strong>lilium</strong></span> <span class='ocrx_word' id='word_1_735' title='bbox 2507 5166 2642 5219; x_wconf 83' lang='lat' dir='ltr'><strong>inter</strong></span> <span class='ocrx_word' id='word_1_736' title='bbox 2676 5168 2876 5235; x_wconf 77' lang='lat' dir='ltr'><strong>spinas,</strong></span> <span class='ocrx_word' id='word_1_737' title='bbox 2916 5169 2991 5220; x_wconf 86' lang='lat' dir='ltr'><strong>ita</strong></span> <span class='ocrx_word' id='word_1_738' title='bbox 3024 5185 3174 5221; x_wconf 82' lang='lat' dir='ltr'><strong>soror</strong></span> <span class='ocrx_word' id='word_1_739' title='bbox 3207 5185 3318 5220; x_wconf 84' lang='lat' dir='ltr'><strong>mea</strong></span> <span class='ocrx_word' id='word_1_740' title='bbox 3344 5170 3429 5220; x_wconf 86' lang='lat' dir='ltr'><strong>in-</strong></span> 
     </span>
    </p>
   </div>
   <div class='ocr_carea' id='block_1_103' title="bbox 268 5328 1937 5403">
    <p class='ocr_par' dir='ltr' id='par_1_103' title="bbox 268 5328 1910 5403">
     <span class='ocr_line' id='line_1_103' title="bbox 268 5328 1910 5403; baseline 0.006 -20"><span class='ocrx_word' id='word_1_741' title='bbox 268 5332 313 5362; x_wconf 83' lang='lat'><strong>“</strong></span> <span class='ocrx_word' id='word_1_742' title='bbox 354 5328 540 5387; x_wconf 74' lang='lat' dir='ltr'><strong>Matth.</strong></span> <span class='ocrx_word' id='word_1_743' title='bbox 565 5348 722 5398; x_wconf 79' lang='lat' dir='ltr'><strong>xxm,</strong></span> <span class='ocrx_word' id='word_1_744' title='bbox 763 5333 851 5386; x_wconf 86' lang='grc'><strong>57.</strong></span> <span class='ocrx_word' id='word_1_745' title='bbox 930 5334 971 5364; x_wconf 81' lang='grc'>⁸⁷</span> <span class='ocrx_word' id='word_1_746' title='bbox 1002 5333 1104 5389; x_wconf 78' lang='lat' dir='ltr'><strong>lsa.</strong></span> <span class='ocrx_word' id='word_1_747' title='bbox 1136 5350 1187 5400; x_wconf 76' lang='grc' dir='ltr'><strong>ν,</strong></span> <span class='ocrx_word' id='word_1_748' title='bbox 1228 5335 1279 5398; x_wconf 78' lang='lat'><strong>3,</strong></span> <span class='ocrx_word' id='word_1_749' title='bbox 1315 5336 1365 5388; x_wconf 71' lang='grc'>4.</span> <span class='ocrx_word' id='word_1_750' title='bbox 1446 5336 1488 5365; x_wconf 65' lang='grc'><strong>(⁸</strong></span> <span class='ocrx_word' id='word_1_751' title='bbox 1528 5338 1682 5390; x_wconf 68' lang='lat' dir='ltr'><strong>lion).</strong></span> <span class='ocrx_word' id='word_1_752' title='bbox 1721 5353 1794 5403; x_wconf 77' lang='lat' dir='ltr'><strong>xl,</strong></span> <span class='ocrx_word' id='word_1_753' title='bbox 1824 5339 1910 5393; x_wconf 69' lang='grc'><strong>25.</strong></span> 
     </span>
    </p>
   </div>
   <div class='ocr_carea' id='block_1_104' title="bbox 778 5328 2447 5403">
    <p class='ocr_par' dir='ltr' id='par_1_104' title="bbox 778 5333 2447 5403">
     <span class='ocr_line' id='line_1_104' title="bbox 778 5333 2447 5403; baseline 0.005 -18"><span class='ocrx_word' id='word_1_754' title='bbox 778 5333 851 5386; x_wconf 81' lang='grc'><strong>57.</strong></span> <span class='ocrx_word' id='word_1_755' title='bbox 930 5334 971 5364; x_wconf 81' lang='grc'>⁸⁷</span> <span class='ocrx_word' id='word_1_756' title='bbox 1002 5333 1104 5389; x_wconf 82' lang='lat' dir='ltr'><strong>lsa.</strong></span> <span class='ocrx_word' id='word_1_757' title='bbox 1136 5350 1187 5400; x_wconf 77' lang='grc' dir='ltr'><strong>ν,</strong></span> <span class='ocrx_word' id='word_1_758' title='bbox 1228 5335 1279 5398; x_wconf 79' lang='lat'><strong>3,</strong></span> <span class='ocrx_word' id='word_1_759' title='bbox 1315 5336 1365 5388; x_wconf 71' lang='grc'>4.</span> <span class='ocrx_word' id='word_1_760' title='bbox 1446 5336 1488 5365; x_wconf 65' lang='grc'><strong>(³</strong></span> <span class='ocrx_word' id='word_1_761' title='bbox 1528 5338 1682 5390; x_wconf 78' lang='lat' dir='ltr'><strong>ltorn.</strong></span> <span class='ocrx_word' id='word_1_762' title='bbox 1721 5353 1794 5403; x_wconf 79' lang='lat' dir='ltr'><strong>xl,</strong></span> <span class='ocrx_word' id='word_1_763' title='bbox 1824 5339 1910 5393; x_wconf 72' lang='lat'><strong>9.5.</strong></span> <span class='ocrx_word' id='word_1_764' title='bbox 1988 5341 2032 5371; x_wconf 86' lang='lat'>”</span> <span class='ocrx_word' id='word_1_765' title='bbox 2062 5339 2162 5394; x_wconf 92' lang='lat' dir='ltr'><strong>lsa.</strong></span> <span class='ocrx_word' id='word_1_766' title='bbox 2208 5358 2362 5403; x_wconf 79' lang='lat' dir='ltr'><strong>xxxv,</strong></span> <span class='ocrx_word' id='word_1_767' title='bbox 2396 5346 2447 5401; x_wconf 83' lang='lat' dir='ltr'><strong>l.</strong></span> 
     </span>
    </p>
   </div>
   <div class='ocr_carea' id='block_1_105' title="bbox 1336 5500 2218 5567">
    <p class='ocr_par' dir='ltr' id='par_1_105' title="bbox 1336 5500 2218 5567">
     <span class='ocr_line' id='line_1_105' title="bbox 1336 5500 2218 5567; baseline 0.008 -6"><span class='ocrx_word' id='word_1_768' title='bbox 1336 5500 1533 5561; x_wconf 67' lang='lat' dir='ltr'><strong>Variae</strong></span> <span class='ocrx_word' id='word_1_769' title='bbox 1578 5500 1885 5565; x_wconf 86' lang='lat' dir='ltr'><strong>lectiones</strong></span> <span class='ocrx_word' id='word_1_770' title='bbox 1929 5514 1990 5567; x_wconf 90' lang='lat' dir='ltr'><strong>et</strong></span> <span class='ocrx_word' id='word_1_771' title='bbox 2032 5513 2218 5567; x_wconf 75' lang='lat' dir='ltr'><strong>notae.</strong></span> 
     </span>
    </p>
   </div>
   <div class='ocr_carea' id='block_1_106' title="bbox 264 5622 1764 5693">
    <p class='ocr_par' dir='ltr' id='par_1_106' title="bbox 264 5622 1764 5693">
     <span class='ocr_line' id='line_1_106' title="bbox 264 5622 1764 5693; baseline 0.003 -16"><span class='ocrx_word' id='word_1_772' title='bbox 264 5625 376 5693; x_wconf 83' lang='lat'><strong>(&#39;57)</strong></span> <span class='ocrx_word' id='word_1_773' title='bbox 418 5625 476 5677; x_wconf 81' lang='grc' dir='ltr'>Ὀ</span> <span class='ocrx_word' id='word_1_774' title='bbox 499 5622 673 5691; x_wconf 84' lang='grc' dir='ltr'>λέγων</span> <span class='ocrx_word' id='word_1_775' title='bbox 705 5624 907 5693; x_wconf 76' lang='grc' dir='ltr'>κυρίως</span> <span class='ocrx_word' id='word_1_776' title='bbox 958 5627 1052 5678; x_wconf 81' lang='grc' dir='ltr'><strong>καὶ</strong></span> <span class='ocrx_word' id='word_1_777' title='bbox 1098 5627 1252 5689; x_wconf 74' lang='grc' dir='ltr'>θεοὺς</span> <span class='ocrx_word' id='word_1_778' title='bbox 1304 5631 1511 5683; x_wconf 80' lang='grc' dir='ltr'>ἑαυτῶν</span> <span class='ocrx_word' id='word_1_779' title='bbox 1563 5632 1632 5684; x_wconf 85' lang='grc' dir='ltr'><strong>τὰ</strong></span> <span class='ocrx_word' id='word_1_780' title='bbox 1688 5634 1764 5684; x_wconf 76' lang='grc' dir='ltr'>εἴ-</span> 
     </span>
    </p>
   </div>
   <div class='ocr_carea' id='block_1_107' title="bbox 188 5696 1761 5772">
    <p class='ocr_par' dir='ltr' id='par_1_107' title="bbox 188 5696 1761 5772">
     <span class='ocr_line' id='line_1_107' title="bbox 188 5696 1761 5772; baseline 0.008 -30"><span class='ocrx_word' id='word_1_781' title='bbox 188 5696 335 5772; x_wconf 78' lang='grc' dir='ltr'>δωλα</span> <span class='ocrx_word' id='word_1_782' title='bbox 367 5696 458 5772; x_wconf 57' lang='grc' dir='ltr'>κα).</span> <span class='ocrx_word' id='word_1_783' title='bbox 486 5696 581 5772; x_wconf 74' lang='grc' dir='ltr'>τᾲς</span> <span class='ocrx_word' id='word_1_784' title='bbox 626 5697 858 5772; x_wconf 29' lang='grc' dir='ltr'>’μνήμας</span> <span class='ocrx_word' id='word_1_785' title='bbox 895 5698 1127 5772; x_wconf 30' lang='grc' dir='ltr'>’ἐκείνων</span> <span class='ocrx_word' id='word_1_786' title='bbox 1177 5702 1305 5772; x_wconf 10' lang='grc' dir='ltr'>τῶν,</span> <span class='ocrx_word' id='word_1_787' title='bbox 1335 5701 1609 5770; x_wconf 72' lang='grc' dir='ltr'>πράξεων,</span> <span class='ocrx_word' id='word_1_788' title='bbox 1673 5706 1761 5772; x_wconf 88' lang='lat' dir='ltr'><strong>qui</strong></span> 
     </span>
    </p>
   </div>
   <div class='ocr_carea' id='block_1_108' title="bbox 190 5766 1758 5841">
    <p class='ocr_par' dir='ltr' id='par_1_108' title="bbox 190 5766 1758 5841">
     <span class='ocr_line' id='line_1_108' title="bbox 190 5766 1758 5841; baseline 0.005 -25"><span class='ocrx_word' id='word_1_789' title='bbox 190 5766 448 5841; x_wconf 45' lang='lat' dir='ltr'><strong>(pridem)</strong></span> <span class='ocrx_word' id='word_1_790' title='bbox 503 5767 703 5817; x_wconf 87' lang='lat' dir='ltr'><strong>dtcebat</strong></span> <span class='ocrx_word' id='word_1_791' title='bbox 761 5768 999 5819; x_wconf 79' lang='lat' dir='ltr'><strong>dominos</strong></span> <span class='ocrx_word' id='word_1_792' title='bbox 1070 5776 1223 5836; x_wconf 84' lang='lat' dir='ltr'><strong>atque</strong></span> <span class='ocrx_word' id='word_1_793' title='bbox 1271 5766 1393 5825; x_wconf 65' lang='lat' dir='ltr'><strong>deos</strong></span> <span class='ocrx_word' id='word_1_794' title='bbox 1444 5766 1758 5839; x_wconf 73' lang='lat' dir='ltr'><strong>suosidota,</strong></span> 
     </span>
    </p>
   </div>
   <div class='ocr_carea' id='block_1_109' title="bbox 531 5857 1276 5921">
    <p class='ocr_par' dir='ltr' id='par_1_109' title="bbox 531 5857 1276 5921">
     <span class='ocr_line' id='line_1_109' title="bbox 531 5857 1276 5921; baseline 0.008 -6"><span class='ocrx_word' id='word_1_795' title='bbox 531 5857 796 5918; x_wconf 72' lang='lat' dir='ltr'><strong>Psmon.</strong></span> <span class='ocrx_word' id='word_1_796' title='bbox 848 5858 965 5918; x_wconf 74' lang='lat' dir='ltr'><strong>Gn.</strong></span> <span class='ocrx_word' id='word_1_797' title='bbox 1002 5860 1276 5921; x_wconf 72' lang='lat' dir='ltr'><strong>CXXVI.</strong></span> 
     </span>
    </p>
   </div>
   <div class='ocr_carea' id='block_1_110' title="bbox 1871 5635 3434 5709">
    <p class='ocr_par' dir='ltr' id='par_1_110' title="bbox 1871 5635 3434 5709">
     <span class='ocr_line' id='line_1_110' title="bbox 1871 5635 3434 5709; baseline 0 -21"><span class='ocrx_word' id='word_1_798' title='bbox 1871 5646 1979 5709; x_wconf 72' lang='lat' dir='ltr'><strong>etc.</strong></span> <span class='ocrx_word' id='word_1_799' title='bbox 2037 5635 2172 5690; x_wconf 88' lang='lat' dir='ltr'><strong>Cod.</strong></span> <span class='ocrx_word' id='word_1_800' title='bbox 2235 5636 2363 5690; x_wconf 86' lang='lat' dir='ltr'><strong>Bav.</strong></span> <span class='ocrx_word' id='word_1_801' title='bbox 2388 5708 2395 5709; x_wconf 14' lang='grc' dir='ltr'>ί</span> <span class='ocrx_word' id='word_1_802' title='bbox 2424 5637 2517 5691; x_wconf 85' lang='lat' dir='ltr'><strong>sed</strong></span> <span class='ocrx_word' id='word_1_803' title='bbox 2556 5638 2910 5693; x_wconf 86' lang='lat' dir='ltr'><strong>scribendum</strong></span> <span class='ocrx_word' id='word_1_804' title='bbox 2944 5640 3185 5709; x_wconf 85' lang='grc' dir='ltr'>κυρίους,</span> <span class='ocrx_word' id='word_1_805' title='bbox 3220 5647 3273 5694; x_wconf 85' lang='lat' dir='ltr'><strong>et</strong></span> <span class='ocrx_word' id='word_1_806' title='bbox 3302 5641 3434 5692; x_wconf 66' lang='grc' dir='ltr'>ἑαυα-</span> 
     </span>
    </p>
   </div>
   <div class='ocr_carea' id='block_1_111' title="bbox 1870 5704 2713 5772">
    <p class='ocr_par' dir='ltr' id='par_1_111' title="bbox 1870 5704 2713 5772">
     <span class='ocr_line' id='line_1_111' title="bbox 1870 5704 2713 5772; baseline 0.008 -17"><span class='ocrx_word' id='word_1_807' title='bbox 1870 5704 1985 5772; x_wconf 78' lang='grc' dir='ltr'>τοῦ,</span> <span class='ocrx_word' id='word_1_808' title='bbox 2018 5718 2075 5760; x_wconf 86' lang='grc' dir='ltr'><strong>ιιι</strong></span> <span class='ocrx_word' id='word_1_809' title='bbox 2108 5709 2267 5761; x_wconf 79' lang='lat' dir='ltr'><strong>habet</strong></span> <span class='ocrx_word' id='word_1_810' title='bbox 2300 5708 2419 5762; x_wconf 88' lang='lat' dir='ltr'><strong>cod.</strong></span> <span class='ocrx_word' id='word_1_811' title='bbox 2460 5710 2713 5763; x_wconf 69' lang='lat' dir='ltr'><strong>Venetus.</strong></span> 
     </span>
    </p>
   </div>
   <div class='ocr_carea' id='block_1_112' title="bbox 3046 5869 3113 5923">
    <p class='ocr_par' dir='ltr' id='par_1_112' title="bbox 3046 5869 3113 5923">
     <span class='ocr_line' id='line_1_112' title="bbox 3046 5869 3113 5923; baseline -0.03 0"><span class='ocrx_word' id='word_1_812' title='bbox 3046 5869 3113 5923; x_wconf 56' lang='lat' dir='ltr'><strong>“li:</strong></span> 
     </span>
    </p>
   </div>
  </div>
