4226 6438
155 334 283 396 8131

939 332 1340 392 EXPOSITIO
1382 334 1460 392 IN
1505 334 1964 395 PROPHETAM
2005 337 2277 398 OSEAM.
2313 365 2377 374 -
2410 343 2564 404 CAP.
2621 347 2776 408 XIV.

3329 359 3435 420 81-1

245 449 358 503 Καὶ
412 449 449 514 ἡ
510 445 816 514 ὀσμρασιά
870 447 1058 500 αὐτοῦ
1092 448 1173 512 ὡς
1231 446 1508 500 Λιϐάνου.
1574 448 1630 498 Ὀ
1672 449 1840 508 ΛὶοΑ

1795 451 1840 508 Α
1945 449 2007 502 Et
2037 453 2335 509 atloriilius
2372 463 2523 525 quasi
2572 460 2779 516 Libani.
2826 463 3048 521 Suﬂitus
3099 470 3321 538 quidam
3353 491 3435 528 est

163 547 348 602 δεινος
406 537 636 607 εὔοσμον
689 554 744 587 τε
799 539 859 608 Π.
917 537 992 608 τι]
1038 538 1289 608 θυμίαμά
1344 541 1509 591 ἐστιν.
1576 538 1632 591 '0
1672 535 1765 590 οὖν

166 630 556 698 προσαγαγὼν
585 630 776 683 ἑαυτὸν
824 629 900 698 τῷ
948 629 1086 698 Θεῷ,
1132 630 1218 683 διὰ
1271 629 1365 681 τοῦ
1399 633 1454 682 ὲν
1490 630 1764 698 Πνεύματι

168 723 629 792 προσεύχεσθαι,
692 726 786 774 καὶ
841 721 1006 791 μηδὲν
1053 723 1265 783 αἰτεῖν,
1317 721 1392 782 ὡς
1438 721 1485 772 οἱ
1537 721 1762 787 ἐθνικοὶ,

166 810 338 877 οὗτος
366 815 478 885 ἔχει
505 814 602 883 τὴν
628 813 929 884 ὀσφρασίαν
958 813 1093 882 (45),
1122 813 1196 874 ὼς
1231 813 1480 874 Λίϐανος.

266 900 747 974 Ἑπιστρέψούσι
807 909 902 957 καὶ
955 904 1300 957 καθιοῡγται
1333 906 1446 958 ὑπὸ
1484 905 1596 972 τὴν
1629 906 1765 958 σκέ-

165 1012 309 1060 πην
362 995 571 1048 αὑτοῦ.
622 994 754 1047 Ἀπὸ
812 993 909 1061 τῆς
964 993 1363 1062 αἰχμαλωσίας,
1408 995 1588 1061 φησὶν,
1646 997 1762 1046 ἐπι-

170 1089 540 1156 στρέφοντες,
593 1084 777 1148 ἕξουσι
827 1087 1039 1154 σκέπην
1069 1087 1158 1138 τὸν
1193 1085 1344 1138 Θεόν.
1407 1086 1476 1136 Ἦ
1507 1085 1587 1136 ὃτι
1641 1087 1758 1134 ἐπι⁶

171 1180 525 1248 στραφέντες
577 1177 674 1230 καὶ
741 1175 1129 1247 μετανοοῦντες
1164 1177 1270 1229 ἀπὸ
1322 1176 1429 1228 τῶν
1478 1176 1763 1245 ἁμαρτιῶν

169 1271 408 1334 αὐτῶν,
473 1269 946 1335 σκεπασθήσονται
1012 1269 1116 1321 ὑπὸ
1176 1269 1353 1332 Θεοῦ,
1411 1270 1517 1321 ἀπὸ
1565 1269 1764 1328 παντὸς

170 1363 469 1424 καύσωνος
524 1361 757 1429 θλίψεως
801 1360 1129 1431 τηρούμενοι
1205 1362 1296 1413 ὑπ’
1368 1359 1553 1414 αὐτοῦ.
1620 1360 1765 1427 Ὅρα

165 1455 232 1506 δὲ
286 1456 384 1506 καὶ
431 1452 528 1519 τὸ,
585 1453 940 1507 Καυιοῦνται
976 1468 988 1481 ·
1058 1452 1156 1522 τὴν
1225 1454 1332 1521 γὰρ
1394 1451 1607 1522 ἀσφαλῆ
1672 1454 1765 1504 καὶ

173 1545 420 1613 μόνιμον
451 1544 751 1596 ἀπόλαυσιν
782 1544 889 1595 τῶν
917 1544 1134 1609 ἀγαθῶν
1158 1543 1315 1595 τοῦτο
1347 1544 1514 1613 δηλοῖ.

249 1641 558 1706 Ζήσονται
613 1640 710 1692 καὶ
756 1637 1269 1707 στηριχθήσονται
1313 1637 1462 1702 σίτῳ
1499 1653 1511 1666 ο
1575 1636 1630 1705 ἦ,
1691 1636 1765 1697 ὡς

167 1732 294 1783 ἔνια
319 1731 430 1784 τῶν
453 1733 804 1800 ἀντιγράφων
831 1733 966 1800 ἔχει,
987 1729 1493 1799 μεθυσθήσονται.
1521 1728 1762 1792 Πάντων,

1869 543 2092 610 pulchre
2118 546 2268 600 olens
2298 547 2558 604 Libanus.
2589 551 2691 618 Qui
2728 554 2908 623 itaque
2934 559 3291 628 semetipsum
3328 564 3437 618 Dco

1868 635 2031 697 sistit,
2061 652 2181 690 cum
2221 638 2272 690 in
2301 639 2502 708 Spiritu
2536 643 2814 699 adorando
2836 649 2902 711 ⁷³,
2940 650 3181 720 nihilque
3207 657 3440 722 petendo

1866 739 2051 777 earum
2095 743 2277 780 rerum
2332 744 2468 795 quas
2518 736 2699 802 populi
2737 739 2965 802 gentiles
2995 751 3176 808 petere
3205 759 3438 802 consuc-

1867 829 2014 883 runt,
2044 819 2129 874 hic
2158 820 2384 888 pulchre
2412 823 2541 887 olet,
2572 826 2646 878 uti
2676 826 2936 884 Libanus.

1943 907 2103 963 Vsus.
2131 909 2185 963 8.
2213 909 2597 967 Convertentur
2616 929 2663 969 et
2694 918 2939 974 sedebuut
2958 926 3051 976 sub
3084 929 3272 982 umbra
3301 931 3434 1000 ejus.

1867 1002 1908 1050 Α
1931 1003 2267 1067 captivitate.
2299 1003 2509 1073 inquit,
2543 1011 2855 1076 redeuntes,
2891 1012 3058 1068 Deum
3090 1019 3191 1072 sibi
3223 1031 3437 1089 tegmen

1869 1089 2163 1145 habebunt.
2202 1091 2297 1146 Vel
2322 1110 2519 1150 sensus
2553 1107 2656 1162 est,
2690 1100 2826 1168 fore,
2859 1113 2968 1156 uta
2997 1110 3236 1175 peccatis
3289 1128 3437 1167 recc-

1863 1180 2017 1243 dant,
2047 1196 2252 1252 eosque
2275 1182 2577 1240 facinorum
2607 1205 2875 1262 quemque
2901 1210 3123 1251 suorum
3150 1203 3434 1268 paeniteat,

1864 1286 2002 1341 quos
2026 1281 2313 1343 propterea
2343 1275 2485 1332 Deus
2519 1288 2784 1352 proteget,
2807 1293 2860 1338 et
2913 1287 2982 1340 ab
3012 1292 3157 1344 omni
3186 1292 3436 1348 amictio-

1866 1379 1993 1416 num
2015 1373 2148 1419 azstu
2175 1366 2451 1423 defendet.
2484 1370 2872 1431 Animadverte
2907 1388 3088 1435 autem
3120 1383 3250 1438 illud
3278 1387 3439 1441 Sede-

1866 1453 2012 1514 bunt,
2043 1469 2151 1523 quo
2177 1461 2293 1510 tuta
2320 1467 2482 1529 atque
2505 1464 2716 1519 stabilis
2741 1467 3005 1524 bonorum
3031 1476 3311 1543 perceptio
3343 1476 3438 1532 dc-

1866 1545 2133 1613 signatur.

1951 1637 2123 1692 l’irenl
2161 1651 2210 1693 et
2235 1645 2676 1698 sustentabuntur
2710 1648 2974 1713 frumento
3012 1669 3029 1704 :
3067 1656 3170 1721 vel,
3204 1667 3262 1710 ut
3285 1675 3433 1727 qua:-

1866 1729 1988 1780 dam
2024 1732 2353 1800 exemplaria
2406 1734 2627 1801 habent,
2680 1739 3104 1800 inebriabuntur.
3163 1747 3434 1804 Bonorum

167 1825 373 1890 φησὶν,
403 1821 624 1889 ἀγαθῶν
666 1821 928 1889 ἀφθονίαν
986 1820 1187 1884 ἕξουσι.
1239 1821 1505 1888 Ζὴσονται
1545 1818 1641 1887 μὲν
1667 1813 1758 1869 οὖν
1798 1817 1836 1872 Β

1798 1817 1836 1872 Β
1868 1821 2134 1887 omnium,
2165 1824 2261 1888 ait,
2286 1823 2632 1882 afﬂuentibus
2661 1832 2834 1897 mpiis
2867 1835 3204 1902 gaudebunt.
3242 1838 3437 1897 Vivent

170 1915 538 1985 γεννηθέντες
587 1915 674 1967 διὰ
712 1915 811 1986 τὴν
861 1915 1302 1982 παλιγγενεσίαν,
1367 1915 1460 1964 καὶ
1519 1910 1624 1962 ὑπὸ
1669 1910 1760 1961 τὸν

171 2011 350 2079 νόμον
403 2009 496 2063 τοῦ
536 2009 846 2077 Πνεύματος
891 2008 989 2078 τῆς
1044 2006 1189 2077 ζωῆς
1243 2006 1569 2073 γενόμενοι·
1632 2018 1761 2071 στη-

175 2101 534 2168 ριχθὴσονται
569 2099 625 2150 δὲ
665 2097 903 2168 σίτῳτῷ
957 2096 1207 2167 μυστικῷ
1258 2094 1392 2163 (44),
1456 2093 1548 2146 καὶ
1601 2091 1762 2161 μεθυ-

173 2189 614 2257 σθήσονται·ὲκ
679 2189 769 2240 τοῦ
827 2185 1162 2240 Δεσποτικοῦ
1237 2187 1488 2255 αἵματος.
1563 2185 1759 2235 Ἀκουε

168 2281 230 2331 δὲ
257 2280 355 2332 καὶ
389 2280 488 2331 τῶν
515 2279 642 2348 ἑξῆς
669 2295 682 2306 ·

248 2370 360 2422 Καὶ
411 2370 729 2432 ἐξω-θήσει
773 2369 853 2432 ὡς
899 2367 1202 2437 ἄμπελος-
1253 2367 1320 2419 τό
1361 2365 1761 2435 μνημόσυνον

169 2460 390 2520 αὑτοῦ,
426 2461 506 2526 ὡς
549 2457 713 2525 οἶνος
735 2461 994 2514 Λιϐάνου
1033 2460 1139 2514 τοῦ
1184 2461 1447 2529 Ἐφραίμ.
1484 2457 1761 2526 ’Δμπελος

176 2553 284 2619 μὲν
325 2552 356 2603 ὁ
401 2552 617 2624 Ἰσραὴλ
643 2551 831 2616 παλαι,
863 2551 938 2614 ὡς
994 2553 1022 2603 ὀ
1050 2550 1215 2604 Δαϐὶδ
1257 2552 1424 2619 λέγει,
1466 2549 1559 2602 καὶ
1585 2549 1760 2618 ἕτεροι

169 2643 463 2713 προφῆται
499 2662 512 2674 ο
555 2643 690 2696 ἀλλά
716 2643 1135 2715 καθαιρεθέντος
1158 2642 1250 2695 τοῦ
1285 2639 1543 2712 φραγμοῦ
1574 2640 1758 2705 αὐτοῦ,

171 2740 302 2807 ἤτοι
366 2737 464 2804 τῆς
514 2736 663 2797 θείας
719 2734 992 2804 φυλακῆς,
1047 2735 1266 2803 ἐγένετο
1322 2736 1401 2796 είς
1450 2732 1761 2802 διαρπαγὴν

171 2828 274 2880 καὶ
327 2825 706 2896 καταπάτημα
758 2827 870 2888 τοῖς
918 2823 1300 2886 Βαϐυλωνίοις.
1365 2823 1614 2893 Ἀνθήσει
1661 2821 1760 2875 οὖν

175 2920 370 2982 πάλιν,
422 2920 609 2987 φησὶν.
654 2917 846 2987 ὥσπερ
898 2912 968 2985 ἦν
1025 2917 1194 2970 πάλαι
1244 2916 1511 2984 ἄμπελος.
1566 2916 1760 2966 Ἔσται

171 3013 236 3064 δὲ
292 3012 391 3061 καὶ
431 3009 491 3060 τὺ
552 3007 894 3078 μνημόσυνον
946 3006 1136 3071 αὐτοῦ,
1183 3006 1490 3070 τουτέστιν,
1521 3005 1570 3057 οἱ
1602 3021 1759 3074 περι-

173 3101 491 3169 λειφθέντες
570 3099 630 3165 ὲξ
710 3097 898 3164 αὐτοῦ,
951 3098 1046 3150 καὶ⁸
1096 3096 1466 3159 ἀνασωθέντες
1513 3095 1620 3148 ἀπὸ
1661 3095 1759 3163 τῆς

170 3161 582 3262 αἰχμαλωσίας,
613 3161 694 3253 ib;
743 3161 906 3256 οἶνος,
958 3189 1185 3242 εὐωδίαν
1234 3190 1372 3258 ἔχων
1401 3187 1495 3240 τοῦ
1554 3186 1756 3256 θυμιάο
1786 3161 1827 3218 C

174 3300 354 3352 ματος
407 3283 642 3336 Λιόἀνου
710 3298 726 3315 ο
782 3281 815 3351 ἢ
867 3282 942 3342 ὡς
981 3275 1122 3344 οῖνος
1171 3282 1229 3334 ὲν
1284 3279 1361 3349 τῷ
1416 3280 1632 3348 Λιὸἀνῳ
1682 3278 1757 3349 τῷ

170 3377 294 3446 ὄρει
344 3378 756 3446 γεωργούμενος
790 3389 803 3401 ·
837 3373 870 3442 ἢ
910 3375 995 3425 ὅτι
1047 3375 1105 3426 ὲν
1153 3373 1400 3442 εὐφημία
1441 3371 1617 3435 ἔσται,
1667 3371 1760 3423 καὶ

170 3468 224 3517 οἱ
279 3464 713 3534 μνημονεύοντες
774 3463 962 3527 αὐτοῦ,
1021 3464 1190 3534 ἡδέως
1234 3464 1605 3534 μεμνήσονται
1658 3461 1758 3514 αὑ-

170 3557 297 3610 τοῦ.
362 3557 514 3609 Ἐπεὶ
559 3556 616 3609 δὲ
663 3557 759 3608 καὶ
790 3557 817 3608 ὀ
845 3554 1049 3620 Κύριος
1075 3555 1320 3623 ἄμπελος
1352 3557 1410 3608 ὲν
1455 3554 1533 3623 τῷ
1577 3555 1755 3618 Εὐαγ-

169 3651 346 3720 γελίῳ
393 3647 813 3718 μνημονεύεται,
871 3650 964 3699 καὶ
1021 3650 1082 3699 τὸ
1121 3642 1262 3717 αἷμα
1309 3651 1407 3716 τῆς
1458 3645 1754 3714 σταφυλῆς,

171 3737 321 3808 αἴκα
379 3740 544 3793 αὑτοῦ
573 3742 804 3807 γίνεται,
840 3739 1121 3802 εἰπόντος·
1173 3740 1353 3793 Τοῦτο
1403 3738 1624 3792 ποιεῖτε
1671 3740 1758 3803 είς

172 3833 295 3900 τὴν
329 3831 481 3900 ἐμὴν
521 3830 872 3899 ἀνάμνησιν
901 3845 914 3858 ⁸
960 3831 1068 3884 ίδοὺ
1100 3831 1160 3882 τὸ
1201 3831 1544 3900 μνημόσυνον
1593 3829 1756 3883 αὑτοῦ

173 3918 321 3985 οἶνός
354 3925 491 3974 ἐστι.
520 3922 773 3991 Στηρίζει
809 3925 902 3976 καὶ
937 3923 1087 3992 σίτῳ,
1113 3921 1186 3984 ὡς
1227 3923 1487 3989 ἀνωτέρω
1509 3921 1712 3990 ἔμαθες
1738 3939 1751 3951 ·

173 4015 321 4067 ῶςτε
353 4016 497 4084 ἔχεις
530 4015 594 4066 τὰ
633 4016 914 4085 μυστήρια
947 4013 1513 4084 προαναφωνούμενα.

254 4192 320 4246 Τί
347 4187 458 4245 οὖν
508 4190 668 4256 αὐτῷ
713 4193 799 4244 ἔτι
837 4190 934 4244 καὶ
980 4190 1287 4254 εἰδώλοις;
1323 4188 1606 4258 Τοσαύτης
1636 4185 1749 4251 οὖν,

173 4284 369 4352 φησὶν,
423 4281 741 4344 ἀπολαύσας
790 4283 887 4349 τῆς
935 4282 1073 4351 ἐμῆς
1109 4283 1438 4351 κηδεμονίας
1483 4284 1576 4335 καὶ
1619 4300 1752 4352 χρη·

175 4375 459 4442 στὸτητος,
524 4371 761 4439 ὀφείλεις
823 4371 1044 4439 φεύγειν
1106 4372 1176 4423 τὰ
1235 4371 1448 4424 είδωλα.
1504 4371 1598 4434 Τίς
1645 4373 1751 4440 γὰρ

175 4465 435 4518 κοινωνία
502 4464 582 4515 ἔτι
639 4463 785 4532 αὐτῷ
847 4465 940 4515 καὶ
1003 4464 1278 4527 ὲκείνοις;
1344 4464 1434 4530 Μὴ
1486 4463 1595 4534 γὰρ
1655 4465 1752 4515 οὐκ

172 4555 423 4625 ἐναργῶς
483 4554 645 4621 ἔγνω,
694 4556 775 4606 ὅτι
841 4555 1023 4606 ἐκεῖνα
1092 4556 1189 4622 μὲν
1240 4554 1468 4623 ἀσθενῆ,
1531 4554 1642 4620 ἑγὼ
1691 4554 1746 4606 δὲ

176 4648 396 4718 ἰσχυρὸς
429 4665 443 4712 ;

261 4737 409 4806 Ἐγὼ
462 4740 839 4793 ἐταπείνωσα
887 4740 1095 4802 αὑτὸν,
1159 4737 1260 4791 καὶ
1305 4740 1430 4819 ἐγω,
1465 4743 1749 4809 κατισχύ-

172 4848 267 4882 σω
309 4831 518 4884 αὐτόν.
587 4829 802 4882 Ἐκεῖνα
853 4832 973 4900 μὲν,
1024 4834 1098 4894 ὡς
1151 4831 1307 4902 ἔφην,
1368 4832 1593 4900 ἀσθενῆ,
1653 4834 1746 4884 καὶ

171 4923 303 4975 οὔτε
332 4922 528 4991 βλάψαι
557 4923 718 4974 αὑτὸν
770 4922 1053 4991 ἠδύναντο,
1091 4921 1213 4974 οὔτε
1259 4922 1541 4991 ὠφελῆσαι
1573 4940 1585 4952 ⁸
1637 4923 1746 4990 ἐγὼ

171 5017 230 5069 δὲ
263 5016 411 5084 ῆμην
441 5017 469 5067 ὁ
499 5016 592 5068 καὶ
627 5015 692 5068 τὰ
739 5015 976 5084 δυσχερῆ
1030 5014 1348 5082 ἐπαγαγὼν,
1403 5016 1498 5067 καὶ
1539 5016 1607 5067 τὰ
1648 5018 1746 5083 τῆς

172 5109 512 5176 εὐφροσύνης
559 5108 953 5177 ὲπιχορηγῆσαι
1000 5107 1312 5175 δυνάμενος.
1381 5106 1607 5174 Ὅμοιον
1666 5107 1745 5170 τὸ,

186 5197 338 5265 Ἐγὼ
365 5197 672 5251 ἀποκτενῶ
713 5198 808 5251 καὶ
838 5196 944 5266 ζῇν
964 5197 1196 5266 ποιήσω
1225 5212 1238 5226 ·
1291 5197 1553 5260 πατάξω,
1589 5196 1748 5264 κάγὼ

174 5288 442 5356 ἰάσομαι.
509 5290 872 5343 Ταπεινοῦται
945 5291 977 5359 ἠ
1038 5289 1209 5358 σὰρξ,
1280 5289 1367 5342 ἵνα
1441 5289 1634 5360 ἰσχύσῃ
1693 5292 1752 5342 τὸ

1868 1912 2044 1981 itaque
2075 1914 2242 1983 geniti
2270 1931 2366 1984 per
2420 1921 2912 1990 regenerationem,
2946 1927 3048 1979 sub
3093 1930 3321 1997 Spiritus
3351 1934 3436 1986 vi-

1864 2003 2067 2072 taelege
2105 2003 2386 2073 degentes,
2418 2017 2472 2062 et
2507 2014 2969 2068 sustentabuntur
3018 2021 3250 2089 mystico
3295 2038 3436 2092 pane

1864 2101 2026 2162 atque
2051 2096 2333 2152 Dominico
2356 2103 2620 2172 sanguine
2650 2105 3097 2164 inebriabuntur.
3135 2114 3275 2168 Audi
3309 2133 3433 2186 quae

1869 2195 2196 2254 sequuntur.

1934 2358 2002 2412 Et
2026 2363 2289 2432 efﬂat-obit,
2325 2377 2378 2418 ιιι
2403 2369 2589 2421 vinea:
2623 2388 2994 2444 mnemosynon
3015 2379 3149 2447 ejus,
3176 2398 3329 2451 quast
3361 2402 3433 2437 vt-

1863 2470 1988 2507 num
2021 2454 2212 2511 Libani
2280 2457 2559 2527 Ephraim.
2620 2461 2789 2519 Vinea
2851 2469 3043 2536 priscis
3097 2477 3435 2544 temporibus

1864 2557 1979 2601 erat
2007 2547 2195 2615 Israel,
2224 2559 2282 2604 ut
2314 2561 2366 2606 et
2405 2551 2574 2609 David
2598 2556 2644 2588 ⁸⁸
2689 2567 2743 2613 et
2771 2559 2859 2613 alii
2899 2565 3178 2632 propheta:
3235 2577 3435 2624 teStsn-

1866 2645 1975 2704 tur;
2029 2656 2148 2710 quae
2203 2645 2379 2710 vinea,
2439 2647 2652 2703 sublata
2705 2652 2823 2721 ejus
2875 2670 3025 2725 sepe,
3081 2658 3263 2714 divina
3323 2663 3436 2718 sci-

1866 2729 1991 2783 licet
2048 2734 2319 2800 custodia,
2374 2753 2403 2790 a
2461 2737 2769 2810 Babyloniis
2828 2745 3040 2814 direpta
3129 2758 3214 2806 est
3264 2764 3433 2824 atque

1866 2825 2198 2890 proculcata.
2236 2827 2474 2883 Florebit
2515 2831 2697 2902 itaque
2733 2849 2946 2900 rursus,
2976 2839 3074 2903 ait,
3106 2843 3259 2897 vinea
3295 2845 3432 2909 hate.

1865 2921 1923 2966 ut
1957 2915 2153 2982 priscis
2197 2920 2305 2974 illis
2350 2925 2709 2990 temporibus.
2758 2927 2981 2998 Eritque
3036 2949 3432 3009 mncmosynou

1862 3005 1982 3074 ejus
2018 3007 2130 3076 (qui
2168 3011 2378 3067 scilicet
2409 3029 2474 3069 ex
2507 3031 2574 3070 eo
2614 3024 2939 3091 superstites
2999 3005 3339 3099 manserunt,
3377 3045 3435 3090 et

1865 3095 2169 3156 incolumes
2231 3119 2262 3158 e
2299 3107 2611 3175 captivitate
2653 3120 2969 3187 evaserunt)
3028 3133 3288 3190 tanquam
3357 3128 3436 3180 vi-

1863 3204 1990 3243 num
2018 3194 2160 3260 quod
2197 3194 2396 3250 bonum
2453 3198 2639 3257 Libani
2675 3206 2896 3262 odorem
2941 3224 3052 3279 pra:
3075 3227 3133 3268 se
3167 3214 3322 3283 ferat,
3347 3221 3432 3272 vel

1862 3288 2120 3350 tanquam
2182 3287 2366 3342 vinum
2445 3295 2588 3361 quod
2663 3298 2716 3350 in
2776 3297 2984 3357 Libano
3051 3307 3270 3362 colitur.
3338 3309 3433 3365 Vel

1861 3388 2056 3430 sensus
2090 3386 2190 3441 est,
2229 3378 2367 3448 fore,
2404 3394 2462 3437 ut
2509 3401 2633 3442 cum
2662 3389 2777 3457 ipse
2812 3393 3013 3448 bonum
3062 3411 3262 3455 nomen
3314 3402 3435 3456 adi-

1860 3465 2123 3532 piscatur,
2178 3479 2291 3524 tum
2325 3476 2766 3534 ceterilibentcr
2799 3484 2916 3552 ejus
2967 3492 3298 3546 mentionem
3353 3493 3434 3547 fa-

1858 3558 2027 3611 ciant.
2061 3560 2334 3624 Quoniam
2378 3576 2560 3623 autem
2588 3580 2642 3624 et
2669 3571 2935 3632 Dominus
2960 3580 3086 3636 vitis
3116 3582 3318 3640 dicitur
3371 3589 3426 3643 in

1859 3642 2174 3715 Evangelio,
2201 3661 2255 3706 et
2285 3670 2400 3709 uvae
2431 3661 2677 3729 sanguis,
2716 3662 2775 3717 fit
2801 3670 3025 3738 sanguis
3083 3673 3225 3742 ejus,
3271 3677 3428 3746 juxta

1860 3736 2035 3791 illud:
2066 3741 2228 3812 128
2257 3743 2371 3798 Hoc
2414 3747 2575 3815 facile
2631 3754 2684 3805 in
2753 3736 2923 3811 meant
2971 3736 3432 3822 commemoratio-

1857 3844 1972 3880 nem
2008 3829 2075 3893 3‘,
2112 3833 2240 3887 hinc
2270 3837 2561 3895 manifeste
2615 3843 2804 3913 llquet.
2869 3864 3262 3925 mnemosynon
3311 3862 3437 3931 ejus

1856 3932 1976 3971 esse
2008 3920 2216 3976 vinum.
2251 3923 2386 3980 Cum
2415 3938 2621 3998 autem,
2655 3943 2707 3987 et
2735 3951 2875 4004 pane
2907 3956 3006 3996 nos
3036 3920 3431 4016 sustetttet,'ut

1857 4011 2111 4078 superius
2134 4015 2468 4085 intellexisti,
2501 4037 2844 4095 perspectum
2873 4034 2998 4090 hinc
3040 4039 3208 4096 habes
3240 4046 3424 4102 divina

1859 4103 2018 4157 nobis
2055 4111 2409 4172 praanuntiari
2446 4121 2728 4184 mysteria.

1933 4193 2094 4248 Vens.
2133 4195 2186 4250 9.
2223 4199 2364 4264 Qutd
2387 4204 2434 4256 ei
2468 4207 2612 4261 ultra
2639 4220 2688 4262 et
2718 4213 2916 4270 idolis?
2943 4218 3078 4273 Cum
3149 4233 3320 4292 tanta,
3347 4229 3430 4281 iu-

1857 4285 1991 4352 quit,
2023 4301 2139 4340 mea
2175 4291 2406 4356 gaudeat
2431 4308 2532 4364 ope
2558 4310 2721 4368 atque
2776 4303 3130 4374 benignitate,
3169 4285 3426 4368 idola'fu-

1857 4389 1982 4443 gere
2011 4377 2120 4444 (45)
2153 4381 2333 4435 debet.
2367 4382 2499 4449 Quae
2529 4390 2674 4443 enim
2696 4393 2796 4460 ipsi
2832 4404 3196 4456 communitas
3227 4414 3312 4460 est
3334 4409 3430 4459 ad-

1859 4466 1966 4520 huc
1995 4485 2118 4522 cum
2152 4471 2297 4527 illis?
2335 4475 2528 4533 Nonne
2559 4482 2721 4535 clare
2776 4494 3052 4557 perspexit
3107 4495 3197 4546 illa
3253 4497 3427 4551 imbe-

1857 4559 1980 4611 cilla
2010 4576 2156 4626 esse,
2192 4580 2277 4620 me
2325 4579 2516 4624 contra
2552 4572 2792 4628 fortem?

1927 4741 2038 4808 Ego
2101 4747 2377 4803 humiliari
2441 4769 2590 4818 eum,
2655 4768 2703 4810 et
2754 4762 3063 4830 confortabo
3109 4767 3280 4822 illum.
3336 4771 3425 4824 ltla

1860 4836 2105 4903 quidem,
2135 4847 2193 4892 ut
2229 4842 2467 4908 aiebam,
2509 4846 2775 4902 imbecilla
2807 4863 2988 4919 erant,
3027 4866 3085 4909 ut
3115 4873 3292 4928 neque
3327 4877 3426 4914 no—

1858 4943 1980 4983 cere
2010 4929 2113 4999 ipsi
2152 4941 2393 4999 possent,
2431 4952 2610 5006 neque
2644 4943 2905 5008 prodesse
2943 4963 2956 4998 :
3021 4965 3124 5018 ego
3146 4961 3337 5007 contra
3375 4955 3420 5008 is

1858 5018 1956 5082 fui,
1987 5023 2080 5089 qui
2109 5037 2231 5076 cum
2261 5026 2456 5080 acerba
2512 5029 2593 5083 eis
2626 5030 2810 5099 intuli,
2840 5045 2955 5090 tum
2981 5039 3224 5107 jucunda
3284 5062 3422 5112 pra:-

1857 5115 1984 5166 bcrc
2009 5117 2180 5181 potui.
2216 5115 2405 5172 Simile
2441 5129 2525 5174 est
2556 5122 2685 5178 illud
2720 5143 2732 5176 :
2786 5126 2896 5197 Ego
2965 5133 3225 5198 occidam,
3255 5146 3306 5188 et
3345 5139 3423 5189 ri-

1856 5219 1971 5256 vere
2017 5205 2252 5272 faciam;
2289 5214 2579 5274 percutiam
2638 5226 2686 5268 et
2741 5221 2938 5272 sanabo
2963 5221 3031 5272 ⁸⁸.
3095 5224 3423 5292 Deprimitur

1862 5305 2042 5350 autem
2069 5313 2217 5363 caro,
2250 5316 2359 5368 quo
2379 5302 2573 5358 fortior
2607 5309 2801 5362 evadat
2846 5312 3093 5379 spiritus.
3132 5313 3255 5370 Haec
3276 5319 3420 5371 enim

275 5430 320 5461 τ’
359 5428 516 5484 Joan.
547 5446 620 5494 tv,
646 5430 738 5483 25.
816 5429 862 5460 '°
890 5429 1032 5484 Psal.
1070 5444 1250 5490 Lutx,
1284 5428 1336 5482 9.
1415 5430 1457 5459 "
1486 5427 1638 5482 Joan.
1687 5433 1847 5496 “,5.
1926 5435 1973 5466 ⁸¹
2009 5436 2166 5492 Deut.
2221 5457 2387 5509 χχιιι,
2424 5445 2511 5496 59.

1328 5548 1524 5609 Variae
1569 5546 1872 5612 lectiones
1920 5561 1979 5613 et
2027 5564 2214 5618 notae.

249 5675 360 5741 (45)
395 5673 710 5740 Ὀσφασίαν,
739 5673 873 5726 Cod.
911 5672 1038 5726 Ven.

253 5745 364 5814 μί)
393 5744 724 5814 Δεσποτικῴ,
761 5744 1054 5798 Dominico.
1081 5741 1216 5796 Cod.
1247 5741 1376 5796 Dav.

1921 5681 2032 5760 (45)
2059 5681 2418 5760 Scribcndnm
2445 5699 2575 5760 puto
2618 5690 2841 5756 ὀφείλει,
2867 5759 2870 5760 ν
2903 5691 3148 5760 adeoque
3205 5690 3417 5747 reddidi

1844 5747 2021 5815 debet,
2047 5767 2144 5821 pro
2171 5758 2425 5824 ὀφείλεις,
2445 5747 2630 5822 ἀι’ὺεε,
2661 5747 2722 5812 ἰιι
2765 5747 2989 5818 ἱιιἘοιί.
