4226 6438
191 382 290 444 821
1017 388 1416 447 ΕΧΡΟ51Τ10
1448 390 1526 448 ΙΝ

191 591 220 643 δ
248 592 462 644 Sarno-1
509 593 583 663 μὴ
620 594 1078 664 περιεργάζεσθαι
1111 598 1205 658 τὰς
1249 598 1399 661 θείας
1450 600 1782 668 οἰκονομίας,

193 684 292 734 ἀλλ
343 685 617 747 ἁπλοϊκῶς
654 686 885 739 ’ἕπεσθαι
918 688 1165 755 ταύταις,
1220 691 1553 756 Κτηνώδης,
1598 694 1782 759 φησὶν,

192 774 498 841 ἐγενήθην
527 778 684 843 παρὰ
727 778 846 841 σοὶ,
902 780 1063 849 κάγὼ
1110 781 1433 848 διαπαντὸς
1463 782 1610 853 μετὰ
1645 784 1780 837 σοι).

192 867 465 939 Καθάπερ
488 871 593 940 γὰρ
620 871 680 924 τὸ
710 873 923 940 κτῆνος,
954 876 1108 942 φησὶ,
1140 876 1217 943 τῷ
1249 876 1435 944 ἄγοντι
1464 878 1676 942 ἕπεται,
1710 879 1783 948 μὴ

192 962 702 1031 περιεργαζόμενον
755 965 827 1032 πῆ
885 965 1113 1035 βαδίζει,
1161 967 1303 1020 οὕτω
1335 969 1415 1022 δεῖ
1447 974 1559 1031 τοῖς
1607 970 1783 1037 λόγοις

192 1055 545 1108 ἀκολουθεῖν·
578 1056 738 1110 τοῦτο
776 1060 880 1128 γὰρ
924 1061 1113 1125 ποιῶν,
1144 1062 1229 1115 ἀεὶ
1276 1062 1413 1131 μετὰ
1443 1063 1535 1115 σοῦ
1567 1065 1779 1133 ἔσομαι.

193 1149 324 1199 Ὂτι
354 1148 409 1200 δὲ
442 1149 539 1211 τὰς
565 1151 817 1215 τοιαύτας
847 1152 1102 1223 ζητήσεις
1132 1156 1396 1221 τέθεικεν,
1429 1158 1525 1225 οὐχ
1561 1159 1634 1220 ὡς
1684 1161 1782 1210 αύ-

190 1238 286 1299 τδς
312 1239 672 1306 ἁμφιὸἀλλων
700 1244 826 1313 περὶ
857 1245 953 1312 τῆς
994 1246 1277 1314 Πρόνοιας,
1325 1247 1460 1300 ἀλλὰ
1489 1250 1614 1311 τοὺς
1673 1249 1781 1301 τῶν

190 1330 375 1383 ἄλλων
399 1332 633 1400 εἰσάγων
663 1335 977 1405 λογισμοὺς,
1004 1340 1154 1409 δηλοῖ
1184 1341 1276 1392 τοῦ
1315 1340 1532 1409 ψαλμοῦ
1564 1342 1621 1393 τὸ
1654 1359 1784 1411 προ-

189 1418 374 1486 dum
397 1436 409 1451 ‘
464 1423 543 1486 Ως
573 1425 814 1491 ἀγαθὸς,
845 1429 1028 1496 φησὶν,
1058 1433 1089 1481 ὀ
1112 1429 1250 1494 Θεὸς
1285 1429 1361 1493 τῷ
1395 1430 1639 1498 Ἰσραὴλ
1667 1430 1784 1497 τοῖς

190 1511 405 1565 είιθέσι
425 1512 495 1579 τῇ
521 1516 733 1583 καρδίᾳ
753 1520 775 1570 .’
802 1518 860 1571 '0
877 1519 930 1571 δὲ
948 1520 1150 1588 ἀγαθὸν
1173 1522 1262 1574 τὸν
1277 1522 1408 1574 Θεὸν
1424 1524 1783 1593 ὁμολογήσας,

192 1602 358 1670 δῆλον
413 1605 493 1656 ὅτι
546 1608 638 1659 καὶ
697 1610 915 1675 ἀγαθῶν
970 1610 1108 1665 εἶναι
1157 1615 1355 1685 δοτῆρα
1413 1617 1781 1684 συνομολογεί.

193 1693 441 1749 Τοιαῦτα
466 1700 561 1748 καὶ
588 1701 647 1750 ἐν
689 1701 925 1771 ψαλμοῖς
951 1703 1155 1768 ἄλλοις,
1188 1708 1280 1759 καὶ
1309 1710 1435 1778 παρ’
1452 1709 1631 1772 ἄλλοις
1654 1727 1783 1778 προ-

194 1789 401 1855 φήταις
458 1792 803 1863 εὑρίσκομεν.
875 1798 1097 1860 Τούτοις
1146 1800 1289 1852 ἔοικε
1345 1801 1439 1853 καὶ
1494 1801 1587 1854 τοῦ
1641 1803 1782 1855 θείου

206 1878 589 1952 Ἀμὸακοὺμὴ
617 1886 937 1954 προφητεία.
969 1890 1125 1940 Δοκεῖ
1153 1888 1260 1959 γὰρ
1296 1890 1613 1960 ἑπαπορεῖν,
1643 1890 1783 1952 τίνος
1819 1866 1860 1917 Β

193 1972 360 2039 χάριν
410 1975 457 2025 οἱ
495 1972 713 2041 θρασεῖς
748 1980 839 2029 καὶ
878 1978 1133 2041 αὐθάδεις
1169 1980 1309 2050 ὑπὲρ
1371 1982 1497 2043 τοὺς
1546 1984 1782 2033 ἐπιεικε-

196 2059 425 2128 στέρους
451 2060 818 2131 εὐημεροῦσι,
868 2066 958 2117 καὶ
990 2066 1133 2120 διατί
1172 2070 1282 2131 τοῖς
1313 2072 1777 2141 παρανομοῦσινή

190 2156 438 2223 τιμωρία
482 2159 622 2209 κατὰ
664 2157 829 2221 πόδας
864 2160 960 2229 ούχ
990 2160 1216 2213 ἕπεται·
1269 2162 1355 2214 ἵνα
1400 2165 1777 2233 ὲπαπορήσας,

192 2242 320 2298 εἶτα
348 2248 447 2317 τὴν
472 2247 624 2321 λύοσιν
654 2250 971 2318 ἐπαγαγὼν,
1011 2254 1136 2315 τοὺς
1180 2253 1246 2307 τὰ
1287 2253 1507 2307 τοιαῦτα
1560 2256 1779 2308 νοσοῦν-

190 2357 317 2403 τας,
363 2341 457 2393 καὶ
486 2341 585 2410 τῆς
615 2344 877 2413 Προνοίας
906 2348 1410 2414 καταγογγύζοντας
1444 2348 1777 2419 θεραπεύσῃ.

194 2431 357 2493 Τινὲς
381 2432 438 2484 δὲ
484 2436 604 2486 κατ’
648 2435 816 2505 ἄλλην
846 2440 969 2489 τινὰ
1019 2439 1241 2507 μέθοδον
1286 2439 1622 2510 σχηματίσαι
1656 2441 1778 2502 τοὺς

192 2522 392 2591 λόγους
421 2527 643 2588 τούτους
682 2529 769 2580 τὸν
799 2531 1087 2599 προφήτην
1114 2532 1363 2601 ἐνόησαν.
1408 2533 1626 2604 Ἐπειδὴ
1673 2534 1778 2605 γὶρ

190 2614 307 2666 τῶν
353 2619 651 2686 προφητῶν
704 2620 771 2671 τὰ
816 2620 964 2673 δεινὰ
1016 2626 1510 2692 προαγορευόντων,
1558 2626 1780 2695 ἐδυσχέ-

196 2726 385 2775 ραινον
433 2713 482 2763 oi
542 2712 886 2783 Ἰσραηλῖται,
945 2718 1021 2779 ὡς
1066 2717 1153 2769 ἀεὶ
1187 2717 1459 2779 κακώσεις
1492 2719 1780 2783 ἀκούοντες

194 2803 291 2853 καὶ
313 2802 540 2873 θλίψεις,
572 2806 844 2860 δείκνυσιν
873 2809 1176 2877 εύμεθόὸως
1202 2810 1385 2872 αὐτοῖς
1405 2812 1435 2864 ὁ
1473 2814 1778 2881 προφήτης,

190 2892 279 2943 ὅτι
310 2890 449 2956 ἄξιοί
474 2894 584 2945 εισι
634 2897 854 2949 τοιαῦτα
904 2899 1116 2961 παθεῖν,
1171 2896 1261 2951 οἷα
1316 2900 1673 2970 προλέγουσιν
1730 2906 1778 2956 οἱ

193 2979 497 3048 προτρῆται,
546 2982 676 3035 διότι
718 2985 843 3036 τάδε
887 2987 980 3037 καὶ
1035 2986 1160 3039 τάδε
1219 2988 1620 3059 ἁμαρτάνουσι.
1681 2992 1779 3043 Διὰ

190 3072 357 3125 τοῦτο
396 3075 604 3141 εἰσάγει
646 3076 835 3128 ἑαυτὸν
883 3078 1302 3147 δυσχεραίνοντα
1336 3081 1475 3151 πρὸς
1522 3081 1613 3133 τὸν
1647 3081 1779 3134 Θεὸν

193 3165 291 3214 ἐπὶ
313 3167 379 3234 τῇ
414 3164 644 3235 τοσαύτη
668 3167 764 3235 τῆς
798 3169 991 3231 κακίας
1018 3171 1194 3238 χύσει,
1221 3172 1313 3223 καὶ
1347 3171 1611 3241 ζητοῦντα
1636 3173 1780 3226 ἐκδί-

194 3270 391 3323 κησιν
445 3256 530 3308 ἵνα
580 3257 750 3327 δείξῃ,
798 3259 879 3311 ὅτι
924 3258 1096 3323 οὕτως
1152 3263 1260 3315 εἰσὶ
1304 3264 1515 3337 πονηρὰ
1548 3265 1617 3319 τὰ
1644 3265 1782 3335 ἔργα

194 3346 404 3408 αὐτῶν,
453 3350 500 3400 εἰ
540 3351 632 3402 καὶ
676 3350 832 3403 αὐτοὶ
868 3354 942 3423 μὴ
975 3354 1336 3421 αἰσθάνονται,
1378 3358 1517 3409 ὥστε
1568 3360 1659 3410 καὶ
1693 3360 1781 3412 τὸν

189 3440 329 3491 Θεὸν
361 3441 797 3511 βλασφημεῖσθαι
834 3447 964 3514 παρ’
1000 3448 1188 3511 αὑτοῦ,
1222 3450 1302 3500 ὃτι
1330 3451 1404 3517 μὴ
1432 3455 1655 3521 ταχεῖαν
1683 3456 1779 3504 ἐπ-

199 3533 325 3599 άτει
352 3533 450 3604 τὴν
493 3536 711 3587 κόλασιν
749 3537 840 3589 ἐπὶ
871 3539 1100 3602 τούτοις.
1154 3544 1367 3613 Ἀμέλει
1416 3546 1510 3597 καὶ
1546 3547 1681 3614 μετὰ
1724 3548 1785 3598 τὸ

194 3626 401 3685 ἱκανῶς
429 3626 780 3696 δυσχερᾶναι,
805 3634 1157 3699 προφητεύει.
1188 3637 1267 3689 ὅτι
1296 3640 1345 3689 οἱ
1378 3648 1784 3711 καταφρονηταὶ

194 3719 259 3769 οὐ
288 3718 632 3787 διαδράσουσι
672 3720 769 3791 τὴν
799 3722 950 3775 θείαν
993 3725 1169 3798 δίκην.
1202 3732 1318 3783 Ἱνα
1351 3733 1406 3784 δὲ
1457 3735 1783 3805 παραμυθή-

198 3824 362 3877 σηται
390 3810 511 3870 τοὺς
550 3810 883 3881 Ἰσραηλίτας
910 3817 1151 3883 τούτους,
1184 3824 1541 3893 προαγορεύει
1561 3832 1663 3889 xit
1683 3829 1783 3896 τὴν

192 3898 309 3950 uini
337 3899 688 3953 Βαὸυλωνίων
727 3903 1039 3967 κατάλυσιν,
1079 3912 1173 3962 καὶ
1209 3910 1306 3979 τὴν
1338 3912 1423 3965 διὰ
1464 3914 1645 3985 Κύρου
1677 3916 1784 3969 τῶν

209 3990 561 4060 Ἰσραηλιτῶν
604 3993 913 4065 ἐλευθερίαν
946 3999 1040 4050 καὶ
1070 4001 1346 4056 ἐπάνοδον.
1384 4006 1687 4061 Λίνίττεται
1727 4011 1783 4062 δὲ

199 4083 299 4133 καὶ
320 4081 421 4150 τὴν
445 4082 736 4153 καθολικὴν
764 4086 862 4154 τῆς
884 4088 1230 4159 ἀνθρωπίνης
1258 4094 1469 4161 φύσεως
1491 4097 1779 4167 λύτρωσιν,

197 4167 267 4238 ἧς
300 4171 697 4242 ἁπηλαύσαμεν
726 4174 811 4227 διὰ
853 4177 946 4229 τοῦ
988 4180 1191 4248 Κυρίου
1237 4185 1395 4251 ἡμῶν
1438 4188 1610 4255 Ἰησοῦ
1647 4191 1779 4261 Xpt-

201 4263 361 4316 0:03'
399 4264 464 4333 ἦν
495 4265 589 4318 καὶ
638 4269 891 4338 ἀνυμνῶν
934 4270 961 4321 ὁ
991 4274 1257 4344 μακάριος
1287 4268 1439 4339 οὗτος
1476 4283 1781 4351 προφήτης,

201 4354 339 4423 πρὸς
368 4354 445 4423 τῷ
467 4355 608 4409 τέλει
636 4358 735 4426 τῆς
776 4364 1130 4430 προφητείας,
1180 4366 1323 4436 ᾠδὴν
1361 4372 1613 4434 ποιεῖται,
1658 4374 1714 4424 ὲν

200 4448 299 4498 καὶ
318 4448 595 4519 διαψαλμα
626 4451 853 4522 εὕρηται
885 4456 1018 4524 (51),
1050 4457 1192 4509 καθὰ
1223 4459 1319 4510 σὺν
1351 4460 1469 4530 Θεῷ
1500 4463 1591 4514 ἐπὶ
1617 4465 1780 4517 τόπου

198 4538 481 4609 γενόμενοι
535 4541 800 4612 δείξομεν.

1597 390 2057 451 ΡΒΟΡΠΕΤᾹἈ
2096 394 2337 453 ΙΙ-ΑΒᾹΕ
2352 398 2457 456 CC.
2483 422 2549 430 -ο-
2576 399 2729 457 CAP.
2759 399 2803 456 Ι.

196 518 213 545 ε
234 513 382 561 ητας
409 498 628 559 αὐτῶν,
657 498 796 551 ἔθου
820 500 1023 565 αὐτοῖς
1054 503 1227 564 κακὰ,
1255 520 1346 555 και
1382 504 1449 572 τὰ
1478 503 1601 573 ἑξῆς
1624 521 1635 533 ·
1670 499 1787 555 εἶτα
1821 511 1860 564 Α
1893 508 2073 561 subdit
2121 527 2132 560 :

3366 398 3470 465 852

2201 514 2313 563 Hoc
2370 528 2505 564 emm
2569 522 2644 565 est
2703 513 2852 565 labor
2898 530 3077 566 coram
3135 530 3232 579 me,
3287 515 3337 565 id
3390 532 3468 567 me

1890 603 2039 656 valde
2065 605 2230 672 angit,
2267 622 2428 673 usque
2447 607 2571 658 dum
2623 608 2773 674 fuero
2818 608 3083 675 ingressus
3107 608 3158 659 in
3218 624 3311 659 san
3350 618 3468 659 tua-

1889 698 2023 747 rinm
2077 696 2189 759 Dei,
2230 707 2277 749 et
2307 698 2370 749 ab
2402 700 2533 765 ipsis
2572 701 2921 752 remotissima
2953 700 3277 752 habitavere.
3300 700 3467 753 Porro

1889 789 2177 844 institutus
2201 806 2227 839 ιι
2264 789 2467 857 Spiritu
2502 792 2711 861 gratim,
2770 792 2934 846 simul
2968 792 3150 845 intuiit
3192 808 3205 845 :
3249 790 3468 845 Verum-

1888 891 2059 934 tamen
2092 892 2302 950 propter
2362 884 2687 948 imposturas
2735 884 2989 952 ipsorum,
3044 885 3321 938 decrevisti
3388 886 3463 938 eis

1886 979 2052 1038 mala,
2104 986 2157 1030 et
2188 990 2309 1045 quae
2342 976 2601 1045 deinceps
2634 987 2965 1048 sequuntur.
3027 977 3225 1033 Postea
3264 980 3466 1034 docens

1892 1082 1993 1122 nos
2029 1066 2453 1137 haudquaquam
2490 1070 2742 1124 curiosos
2791 1068 2991 1122 divina!
3040 1070 3466 1139 dispensationis

1887 1148 2240 1228 indagatores
2267 1177 2389 1217 esse
2421 1161 2639 1227 debere,
2667 1179 2849 1216 verum
2878 1163 3021 1216 enim
3052 1163 3285 1231 simplici
3345 1177 3463 1216 eam

1886 1254 2075 1305 aniun
2147 1256 2383 1308 revereri
2445 1270 2505 1308 ac
2554 1254 2710 1324 sequi
2761 1269 2774 1305 :
2850 1253 3048 1308 Factus
3081 1271 3219 1316 sum,
3268 1253 3465 1321 inquit,

1885 1347 2057 1399 instar
2088 1348 2293 1415 pecoris
2320 1347 2459 1415 apud
2503 1358 2780 1417 te,egoqne
2806 1363 3009 1415 semper
3043 1358 3231 1400 tecum.
3269 1345 3470 1412 Quem-

1885 1439 2173 1492 admodum
2203 1440 2348 1491 enim
2379 1438 2685 1507 iumentum
2715 1454 2835 1493 sese
2875 1439 3166 1516 ducentem
3192 1437 3464 1507 sequitur,

1887 1531 2021 1583 nihil
2055 1533 2215 1586 anxie
2240 1533 2551 1601 inquirens,
2580 1547 2818 1600 quonam
2852 1533 3012 1585 vadat
3047 1548 3061 1585 :
3132 1531 3215 1586 sic
3262 1539 3316 1585 et
3378 1546 3462 1583 me

1888 1632 2013 1677 tuos
2046 1624 2300 1678 comitari
2328 1639 2613 1678 sermones
2642 1625 2923 1688 convenit,
2968 1624 3114 1692 quod
3171 1624 3214 1677 si
3256 1621 3462 1684 fecero,

1888 1732 2166 1785 nunquam
2198 1732 2305 1770 non
2365 1725 2544 1769 tecum
2594 1731 2708 1770 ero.
2767 1715 2923 1781 Quod
2983 1731 3111 1769 vero
3155 1714 3465 1780 hujusmodi

1891 1807 2058 1861 David
2086 1808 2423 1877 quaestiones
2456 1809 2729 1877 posuerit,
2764 1824 2871 1861 non
2911 1818 2995 1861 est
3043 1808 3190 1876 quod
3226 1808 3340 1874 ipse
3400 1808 3468 1862 de

1892 1900 2228 1967 providentia
2257 1899 2348 1954 Dei
2381 1899 2737 1964 dubitaverit,
2771 1900 2865 1954 sed
2903 1901 3047 1968 quod
3080 1900 3310 1953 aliorum
3343 1916 3466 1953 eum

1887 1993 1951 2046 ad
1982 1992 2203 2045 modum
2233 1992 2685 2046 ratiocinationes
2716 1991 3028 2057 adduxerit,
3065 1991 3270 2045 Psalmi
3318 1992 3468 2061 prin-

1885 2084 2091 2154 cipium
2125 2084 2345 2153 planum
2388 2084 2535 2147 facit,
2580 2084 2671 2137 ubi
2705 2086 2819 2136 ait:
2858 2085 3033 2150 Quam
3064 2086 3228 2138 bonus
3294 2084 3466 2138 Israel

1885 2177 2048 2241 Deus,
2083 2179 2255 2247 iis-qui
2290 2187 2428 2231 recto
2469 2186 2591 2231 sunt
2648 2181 2803 2232 corde
2833 2181 2912 2231 9°!
2972 2180 3090 2234 Jam
3151 2181 3243 2251 qni
3299 2180 3464 2235 Deum

1890 2270 2093 2323 bonum
2130 2284 2251 2323 esse
2276 2269 2597 2333 conﬁtetur,
2632 2271 2797 2323 simul
2831 2288 2954 2325 eum
3009 2272 3277 2326 bonorum
3306 2272 3467 2325 dato-

1887 2374 1999 2413 rem
2035 2359 2271 2413 fateatur
2302 2374 2593 2413 necessum
2638 2368 2744 2415 est.
2778 2360 2831 2414 Id
2890 2377 3061 2431 genus
3128 2378 3235 2415 non
3295 2376 3465 2431 pauca

1885 2450 1967 2502 vel
1992 2449 2044 2503 in
2078 2451 2201 2505 aliis
2232 2451 2457 2519 psalmis
2488 2460 2540 2504 et
2574 2453 2715 2522 apud
2769 2454 2906 2508 alios
2962 2456 3258 2523 prophetas
3308 2456 3461 2508 iuve-

1886 2542 2115 2595 niemns.
2149 2540 2360 2605 Quibus
2403 2542 2655 2611 equidem
2689 2546 2832 2599 haud
2858 2547 3124 2601 dissimile
3185 2557 3271 2602 est
3297 2547 3466 2601 divini

1884 2631 2145 2687 llabacue
2180 2636 2528 2691 vaticinium.
2555 2635 2785 2691 Videtur
2819 2640 2964 2693 enim
2998 2639 3239 2709 pendere
3266 2638 3458 2702 animi,

1883 2726 1979 2793 qui
2015 2726 2127 2792 ﬁat,
2168 2728 2314 2795 quod
2344 2731 2694 2798 prosperiore
2737 2730 2970 2783 fortuna:
3021 2745 3153 2783 aura
3183 2732 3466 2785 temerarii

1886 2827 1939 2871 et
1962 2821 2542 2889 arrogantes,sibique
2577 2822 2858 2891 placentes
2890 2822 3465 2887 homines,aﬂlentur,

1880 2926 2046 2978 quam
2080 2913 2505 2969 mansuetudine
2537 2922 2588 2969 et
2618 2915 2888 2983 probitate
2932 2916 3243 2985 conspicui,
3295 2932 3468 2971 cccur

1882 3018 1913 3055 ο
1952 3004 2181 3073 vestigio
2214 3005 2542 3074 supplicium
2572 3021 2682 3059 non
2731 3017 2996 3076 sequatur
3021 3008 3320 3063 sceleratos
3356 3026 3369 3061 :
3410 3017 3466 3060 ut

1887 3093 1987 3148 hoc
2041 3099 2248 3151 ratione
2302 3098 2585 3163 haesitans,
2632 3097 2830 3153 deinde
2887 3108 3071 3154 autem
3136 3101 3462 3155 solutionem

1814 3202 1854 3257 C
1889 3185 2190 3248 adducens,
2232 3190 2379 3241 hunc
2432 3190 2650 3243 modum
2710 3192 3122 3259 mgrotantibus,
3158 3193 3465 3262 divinaeque

1890 3275 2252 3332 Providentia:
2297 3280 2871 3349 obmurmurantihus,
2932 3285 3465 3340 medicinam‘adhi-

1887 3369 2030 3421 beat.
2122 3369 2351 3434 Quidam
2410 3388 2506 3440 per
2586 3375 2749 3427 aiiam
2799 3375 3089 3444 quamdam
3173 3377 3460 3437 rationem,

1887 3461 2048 3511 verba
2084 3461 2198 3513 luce
2235 3461 2414 3516 facere
2447 3465 2765 3532 propin-tum
2797 3469 3106 3522 voluerunt.
3155 3468 3289 3523 Cum
3315 3470 3460 3523 enim

1890 3553 2181 3621 prophetas
2230 3554 2500 3610 horrenda
2573 3573 2789 3627 semper
2855 3562 3141 3616 vaticinari
3195 3563 3461 3617 Israelita:

1886 3654 2106 3714 gravate
2157 3645 2384 3709 ferrent,
2422 3658 2479 3700 ut
2541 3650 2631 3717 qui
2702 3663 2966 3719 perpetuo
3031 3654 3352 3708 aﬂlietiones
3408 3666 3462 3709 ct

1885 3738 2229 3792 calamitates
2253 3753 2280 3790 a
2316 3741 2533 3793 vatibus
2574 3741 2676 3795 sibi
2709 3744 2821 3798 suis
2857 3744 3143 3799 imminere
3168 3746 3455 3799 audirent:

1888 3830 2129 3883 breviter
2185 3833 2266 3885 eis
2299 3833 2542 3886 ostendit
2597 3836 2883 3902 prepheta,
2952 3838 3096 3905 quod
3153 3836 3300 3907 digni
3351 3839 3461 3892 sint

1888 3922 2013 3971 talia
2048 3922 2179 3988 pati,
2225 3923 2405 3987 qualia
2465 3926 2743 3992 prophetae
2798 3928 3183 3994 praenuntient,
3239 3928 3460 3997 quando

1885 4012 2101 4079 quidem
2176 4012 2344 4066 variis
2407 4015 2585 4069 modis
2639 4016 2839 4086 llagitia
2888 4018 3192 4087 designent.
3279 4018 3460 4084 Quare

1882 4104 2091 4155 inducit
2142 4118 2262 4158 sese
2330 4106 2505 4173 ipsum
2550 4118 2964 4162 succensentetn
3033 4110 3162 4174 Deo,
3205 4111 3275 4164 ob
3328 4119 3452 4162 tan-

1882 4202 1989 4245 tam
2045 4194 2298 4248 vitiorum
2350 4198 2588 4264 copiam,
2660 4210 3107 4271 quaerentemque
3134 4202 3444 4256 ultionem;

1887 4283 1961 4335 uti
1992 4281 2330 4339 demonstret
2352 4286 2506 4355 133
2521 4289 2657 4341 adeo
2678 4304 2801 4343 esse
2828 4305 2921 4358 pra
2934 4307 2992 4343 va
3020 4293 3263 4361 ipsorum
3293 4307 3457 4361 opem

1890 4373 2126 4442 (etiamsi
2154 4375 2231 4427 illi
2260 4392 2366 4429 non
2397 4381 2816 4449 persentiscant)
2851 4391 2909 4435 ut
2963 4391 3018 4436 et
3073 4384 3217 4437 Deus
3271 4384 3339 4438 ab
3393 4403 3459 4436 eo

1886 4466 2258 4534 vituperetur,
2291 4470 2435 4538 quod
2457 4486 2563 4524 non
2590 4472 2822 4525 celerem
2854 4484 3071 4543 propter
3100 4475 3214 4528 haec
3276 4474 3456 4527 vindi-

1807 4543 1861 4601 Β
1887 4566 2029 4611 ctam
2062 4557 2315 4612 adducat.
2351 4558 2618 4614 Praeterea
2653 4567 2941 4631 po‘stquam
3003 4564 3139 4618 satis
3182 4579 3245 4618 ea
3299 4579 3455 4634 agro

198 4633 386 4685 animo
417 4634 651 4697 tulisset,
688 4638 930 4704 prmdicit
957 4641 1103 4708 quod
1140 4650 1549 4714 contemptores
1604 4650 1752 4704 verbi
1798 4650 1890 4705 Dei
1925 4664 2030 4703 non
2060 4650 2170 4704 sint
2193 4655 2413 4707 evasuri
2438 4656 2676 4708 divinam
2719 4657 3003 4712 ultionem.
3074 4656 3143 4711 Ut
3206 4673 3335 4711 vero
3401 4666 3453 4710 ct

201 4723 461 4777 lsraelitis
484 4727 729 4780 animum
796 4730 987 4796 addat,
1060 4732 1491 4805 Babyloniorum
1545 4743 1700 4811 juxta
1755 4753 2117 4807 vastationem
2195 4758 2543 4822 vaticinatur,
2596 4756 3077 4828 lsraelitarumque
3145 4760 3449 4815 libertatem

197 4826 255 4868 et
288 4817 516 4924 reditum
548 4834 643 4887 per
696 4819 899 4891 Cyrum
923 4828 1003 4879 eis
1048 4828 1378 4889 obventura.
1426 4835 1504 4889 Ac
1529 4838 1761 4895 obscure
1803 4850 2169 4904 universalem
2198 4854 2674 4907 lmtnauzenatnraa
2728 4854 3157 4924 redemptionem
3224 4856 3451 4916 indicat,

197 4927 324 5021 Σμιςῖ
360 4910 518 4965 nobis
540 4914 959 5021 per.Do.mi.num
987 4930 1240 4976 nostrum
1262 4923 1449 4980 Jesum
1500 4931 1780 4987 Christum
1810 4940 2037 5011 ‘0btigit,
2064 4961 2225 5014 quam
2291 4957 2346 5000 (δι
2402 4950 2590 5003 beatus
2640 4950 2727 5004 hic
2792 4910 3056 5021 prop-hem
3140 4954 3451 5015 celebrans,

195 5002 255 5055 iu
291 5002 393 5055 line
418 5004 712 5109 prophetia:
743 5006 905 5075 hujus
931 5010 1068 5066 oden
1089 5016 1297 5082 pandit,
1332 5020 1495 5074 euiot
1554 5024 1915 5094 diapsalmata
1948 5002 2157 5097 insunt,
2226 5041 2453 5106 perinde
2509 5056 2595 5106 ac,
2662 5043 2769 5097 Deo
2792 5002 3137 5109 Γιιιιιῐὶιίιιιιιο,
3206 5047 3271 5098 ad
3328 5060 3452 5099 eam

196 5095 383 5149 locum
416 5096 674 5165 profecti,
713 5102 1246 5165 demonstrabimus.

620 5196 1012 5256 ΚΕΦΑΛΑΙΟΝ
1072 5206 1364 5262 ΠΡΩΤΟΝ.

282 5282 351 5334 Τὸ
399 5282 626 5351 λῆμμα,
667 5286 698 5338 ὃ
734 5285 897 5341 εἶδεν
965 5292 1297 5366 Ἀμσακοὺμ
1356 5303 1388 5352 ό
1442 5307 1773 5374 προφήτης.

195 5370 412 5455 Λῆμμα
461 5377 702 5433 καλεῖται
744 5382 775 5449 ἡ
823 5387 1211 5459 προφητείαςῆ
1261 5390 1392 5447 διότι
1442 5370 1774 5464 λαμϐάνεται

272 5507 320 5538 ’⁸
353 5507 494 5563 Psal.
554 5526 720 5579 nm,
756 5515 807 5571 1.

2301 5225 2458 5296 134
2502 5224 2732 5283 CAPUT
2766 5227 3047 5286 PRIMUM.

1958 5311 2122 5366 Vens.
2158 5314 2205 5364 i.
2241 5312 2473 5377 Lemma,
2502 5318 2641 5384 quod
2672 5318 2800 5369 vidit
2829 5316 3142 5372 llabbacum
3174 5324 3446 5389 propheta.

1884 5402 2126 5469 Lemma,
2175 5404 2224 5458 id
2258 5416 2339 5460 est
2371 5409 2575 5475 captio,
2615 5410 2730 5477 ipsa
2774 5410 3057 5479 prophetia
3114 5414 3444 5478 nominatur,

1376 5614 1577 5676 Variae
1622 5615 1928 5682 lectiones
1972 5630 2031 5683 et
2072 5630 2264 5686 noles.

271 5721 946 5826 inventa
983 5744 1124 5788 sunt.
1167 5736 1302 5792 Cod.
1362 5737 1498 5793 Ven.
1546 5742 1640 5797 sed
1715 5743 1761 5797 si

1846 5746 2125 5818 alcgatur,
2153 5750 2434 5820 legendum
2470 5768 2685 5825 quoque
2714 5754 2908 5824 plurali
2979 5771 3205 5811 numero
3282 5771 3445 5826 snpe-

196 5792 317 5846 l'ius
350 5792 540 5861 διαψάλ
550 5813 713 5863 ματα.
