  <div class='ocr_page' id='page_1' title='image "/cluster/home/n/w/nwhite01/storage/ocr_20150623/126/nnc1.0046979859/432.png"; bbox 0 0 4226 6438; ppageno 0'>
   <div class='ocr_carea' id='block_1_1' title="bbox 246 415 355 475">
    <p class='ocr_par' dir='ltr' id='par_1_1' title="bbox 246 415 355 475">
     <span class='ocr_line' id='line_1_1' title="bbox 246 415 355 475; baseline 0.009 -1"><span class='ocrx_word' id='word_1_1' title='bbox 246 415 355 475; x_wconf 75' lang='lat'><strong>825</strong></span> 
     </span>
    </p>
   </div>
   <div class='ocr_carea' id='block_1_2' title="bbox 956 411 2790 483">
    <p class='ocr_par' dir='ltr' id='par_1_2' title="bbox 956 411 2790 483">
     <span class='ocr_line' id='line_1_2' title="bbox 956 411 2790 483; baseline 0.005 -11"><span class='ocrx_word' id='word_1_2' title='bbox 956 411 1356 475; x_wconf 72' lang='lat' dir='ltr'><strong>EXPOSII‘IO</strong></span> <span class='ocrx_word' id='word_1_3' title='bbox 1392 414 1472 474; x_wconf 61' lang='grc' dir='ltr'><strong>ΙΝ</strong></span> <span class='ocrx_word' id='word_1_4' title='bbox 1526 414 1990 476; x_wconf 66' lang='lat' dir='ltr'><strong>PROPIIETAM</strong></span> <span class='ocrx_word' id='word_1_5' title='bbox 2033 417 2399 477; x_wconf 66' lang='lat' dir='ltr'><strong>IIABACUC.</strong></span> <span class='ocrx_word' id='word_1_6' title='bbox 2437 443 2503 452; x_wconf 84' lang='lat'>-</span> <span class='ocrx_word' id='word_1_7' title='bbox 2542 420 2698 483; x_wconf 82' lang='lat' dir='ltr'><strong>CAP.</strong></span> <span class='ocrx_word' id='word_1_8' title='bbox 2744 422 2790 481; x_wconf 87' lang='grc' dir='ltr'><strong>Ῐ.</strong></span> 
     </span>
    </p>
   </div>
   <div class='ocr_carea' id='block_1_3' title="bbox 3394 432 3497 489">
    <p class='ocr_par' dir='ltr' id='par_1_3' title="bbox 3394 432 3497 489">
     <span class='ocr_line' id='line_1_3' title="bbox 3394 432 3497 489; baseline 0 0"><span class='ocrx_word' id='word_1_9' title='bbox 3394 432 3497 489; x_wconf 66' lang='lat'><strong>8&#39;36</strong></span> 
     </span>
    </p>
   </div>
   <div class='ocr_carea' id='block_1_4' title="bbox 247 525 1916 598">
    <p class='ocr_par' dir='ltr' id='par_1_4' title="bbox 247 525 1904 598">
     <span class='ocr_line' id='line_1_4' title="bbox 247 525 1904 598; baseline 0.002 -18"><span class='ocrx_word' id='word_1_10' title='bbox 247 528 454 597; x_wconf 83' lang='grc' dir='ltr'>ουμὶαν</span> <span class='ocrx_word' id='word_1_11' title='bbox 474 525 698 579; x_wconf 82' lang='grc' dir='ltr'>τοιαῦτα</span> <span class='ocrx_word' id='word_1_12' title='bbox 721 525 992 592; x_wconf 82' lang='grc' dir='ltr'>γενέσθαι,</span> <span class='ocrx_word' id='word_1_13' title='bbox 1043 528 1137 580; x_wconf 66' lang='grc' dir='ltr'>καὶ</span> <span class='ocrx_word' id='word_1_14' title='bbox 1169 528 1244 596; x_wconf 75' lang='grc' dir='ltr'>μὴ</span> <span class='ocrx_word' id='word_1_15' title='bbox 1275 528 1582 598; x_wconf 72' lang='grc' dir='ltr'><strong>ἐκκόψαντα</strong></span> <span class='ocrx_word' id='word_1_16' title='bbox 1627 528 1825 583; x_wconf 78' lang='grc' dir='ltr'>ταῦτα·</span> <span class='ocrx_word' id='word_1_17' title='bbox 1862 533 1904 588; x_wconf 80' lang='grc' dir='ltr'><strong>Α</strong></span> 
     </span>
    </p>
   </div>
   <div class='ocr_carea' id='block_1_5' title="bbox 1827 525 3496 598">
    <p class='ocr_par' dir='ltr' id='par_1_5' title="bbox 1862 530 3496 595">
     <span class='ocr_line' id='line_1_5' title="bbox 1862 530 3496 595; baseline 0.009 -15"><span class='ocrx_word' id='word_1_18' title='bbox 1862 533 1904 588; x_wconf 79' lang='grc' dir='ltr'><strong>Α</strong></span> <span class='ocrx_word' id='word_1_19' title='bbox 1934 545 2063 583; x_wconf 87' lang='lat' dir='ltr'><strong>vero</strong></span> <span class='ocrx_word' id='word_1_20' title='bbox 2101 530 2269 583; x_wconf 84' lang='lat' dir='ltr'><strong>Deum</strong></span> <span class='ocrx_word' id='word_1_21' title='bbox 2321 543 2599 586; x_wconf 73' lang='lat' dir='ltr'><strong>asseverat</strong></span> <span class='ocrx_word' id='word_1_22' title='bbox 2658 535 2770 589; x_wconf 76' lang='lat' dir='ltr'><strong>hme</strong></span> <span class='ocrx_word' id='word_1_23' title='bbox 2817 535 2864 588; x_wconf 91' lang='lat' dir='ltr'><strong>ei</strong></span> <span class='ocrx_word' id='word_1_24' title='bbox 2908 543 3385 592; x_wconf 66' lang='lat' dir='ltr'><strong>commonstrare?</strong></span> <span class='ocrx_word' id='word_1_25' title='bbox 3421 547 3496 595; x_wconf 79' lang='lat' dir='ltr'><strong>An</strong></span> 
     </span>
    </p>
   </div>
   <div class='ocr_carea' id='block_1_6' title="bbox 248 616 1829 690">
    <p class='ocr_par' dir='ltr' id='par_1_6' title="bbox 248 616 1829 690">
     <span class='ocr_line' id='line_1_6' title="bbox 248 616 1829 690; baseline 0.001 -20"><span class='ocrx_word' id='word_1_26' title='bbox 248 621 285 687; x_wconf 73' lang='grc' dir='ltr'><strong>ἢ</strong></span> <span class='ocrx_word' id='word_1_27' title='bbox 314 619 392 681; x_wconf 70' lang='grc' dir='ltr'>ὡς</span> <span class='ocrx_word' id='word_1_28' title='bbox 418 616 821 689; x_wconf 83' lang='grc' dir='ltr'>παρατείναντα</span> <span class='ocrx_word' id='word_1_29' title='bbox 870 617 1036 669; x_wconf 82' lang='grc' dir='ltr'>αὐτοῦ</span> <span class='ocrx_word' id='word_1_30' title='bbox 1078 618 1177 690; x_wconf 76' lang='grc' dir='ltr'>τὴν</span> <span class='ocrx_word' id='word_1_31' title='bbox 1217 618 1383 688; x_wconf 78' lang='grc' dir='ltr'>ζωὴν,</span> <span class='ocrx_word' id='word_1_32' title='bbox 1422 620 1563 673; x_wconf 81' lang='grc' dir='ltr'>ὥστε</span> <span class='ocrx_word' id='word_1_33' title='bbox 1606 619 1829 673; x_wconf 77' lang='grc' dir='ltr'>τοιαῦτα</span> 
     </span>
    </p>
   </div>
   <div class='ocr_carea' id='block_1_7' title="bbox 249 710 1834 782">
    <p class='ocr_par' dir='ltr' id='par_1_7' title="bbox 249 710 1834 782">
     <span class='ocr_line' id='line_1_7' title="bbox 249 710 1834 782; baseline 0 -18"><span class='ocrx_word' id='word_1_34' title='bbox 249 714 490 782; x_wconf 76' lang='grc' dir='ltr'><strong>βλέπειν.</strong></span> <span class='ocrx_word' id='word_1_35' title='bbox 528 713 591 765; x_wconf 83' lang='lat' dir='ltr'><strong>0t</strong></span> <span class='ocrx_word' id='word_1_36' title='bbox 609 711 716 779; x_wconf 71' lang='grc' dir='ltr'><strong>γάρ</strong></span> <span class='ocrx_word' id='word_1_37' title='bbox 738 710 884 779; x_wconf 78' lang='grc' dir='ltr'>ἆγιοι</span> <span class='ocrx_word' id='word_1_38' title='bbox 930 712 1347 781; x_wconf 71' lang='grc' dir='ltr'>πικραινόμενοι</span> <span class='ocrx_word' id='word_1_39' title='bbox 1374 712 1473 774; x_wconf 76' lang='grc' dir='ltr'><strong>τὰς</strong></span> <span class='ocrx_word' id='word_1_40' title='bbox 1498 711 1704 782; x_wconf 78' lang='grc' dir='ltr'>ψυχὰς,</span> <span class='ocrx_word' id='word_1_41' title='bbox 1734 712 1834 782; x_wconf 77' lang='grc' dir='ltr'>τὴν</span> 
     </span>
    </p>
   </div>
   <div class='ocr_carea' id='block_1_8' title="bbox 242 804 1830 869">
    <p class='ocr_par' dir='ltr' id='par_1_8' title="bbox 242 804 1830 869">
     <span class='ocr_line' id='line_1_8' title="bbox 242 804 1830 869; baseline -0.001 -11"><span class='ocrx_word' id='word_1_42' title='bbox 242 806 512 859; x_wconf 80' lang='grc' dir='ltr'>ἀνάλυσιν</span> <span class='ocrx_word' id='word_1_43' title='bbox 570 804 858 857; x_wconf 62' lang='grc' dir='ltr'>ποθοῦσιν*</span> <span class='ocrx_word' id='word_1_44' title='bbox 898 805 973 867; x_wconf 86' lang='grc' dir='ltr'><strong>ὡς</strong></span> <span class='ocrx_word' id='word_1_45' title='bbox 1023 805 1051 856; x_wconf 98' lang='lat'><strong>6</strong></span> <span class='ocrx_word' id='word_1_46' title='bbox 1096 804 1314 868; x_wconf 75' lang='lat' dir='ltr'><strong>&#39;lwvtic°</strong></span> <span class='ocrx_word' id='word_1_47' title='bbox 1355 806 1463 860; x_wconf 79' lang='lat' dir='ltr'><strong>Kal</strong></span> <span class='ocrx_word' id='word_1_48' title='bbox 1500 805 1618 858; x_wconf 85' lang='grc' dir='ltr'>νῦν</span> <span class='ocrx_word' id='word_1_49' title='bbox 1661 806 1830 869; x_wconf 70' lang='grc' dir='ltr'>λάϐε,</span> 
     </span>
    </p>
   </div>
   <div class='ocr_carea' id='block_1_9' title="bbox 243 896 1831 965">
    <p class='ocr_par' dir='ltr' id='par_1_9' title="bbox 243 896 1831 965">
     <span class='ocr_line' id='line_1_9' title="bbox 243 896 1831 965; baseline -0.001 -16"><span class='ocrx_word' id='word_1_50' title='bbox 243 899 407 965; x_wconf 67' lang='grc' dir='ltr'>φησι.</span> <span class='ocrx_word' id='word_1_51' title='bbox 432 896 545 965; x_wconf 74' lang='grc' dir='ltr'>τὴν</span> <span class='ocrx_word' id='word_1_52' title='bbox 572 896 784 965; x_wconf 72' lang='grc' dir='ltr'>ψυχήν</span> <span class='ocrx_word' id='word_1_53' title='bbox 805 913 924 965; x_wconf 84' lang='grc' dir='ltr'><strong>μου</strong></span> <span class='ocrx_word' id='word_1_54' title='bbox 952 896 1054 950; x_wconf 75' lang='grc' dir='ltr'>ἀπ’</span> <span class='ocrx_word' id='word_1_55' title='bbox 1073 896 1239 965; x_wconf 83' lang='grc' dir='ltr'><strong>ἐμοῦ.</strong></span> <span class='ocrx_word' id='word_1_56' title='bbox 1272 896 1427 949; x_wconf 79' lang='grc' dir='ltr'>Εἴποι</span> <span class='ocrx_word' id='word_1_57' title='bbox 1453 896 1569 949; x_wconf 78' lang='grc' dir='ltr'>δ’ἆν</span> <span class='ocrx_word' id='word_1_58' title='bbox 1611 914 1714 961; x_wconf 92' lang='grc' dir='ltr'>τις,</span> <span class='ocrx_word' id='word_1_59' title='bbox 1748 896 1831 949; x_wconf 84' lang='grc' dir='ltr'>ὅτι</span> 
     </span>
    </p>
   </div>
   <div class='ocr_carea' id='block_1_10' title="bbox 242 989 1828 1061">
    <p class='ocr_par' dir='ltr' id='par_1_10' title="bbox 242 989 1828 1061">
     <span class='ocr_line' id='line_1_10' title="bbox 242 989 1828 1061; baseline -0.003 -18"><span class='ocrx_word' id='word_1_60' title='bbox 242 991 389 1061; x_wconf 78' lang='grc' dir='ltr'>αὐτὴ</span> <span class='ocrx_word' id='word_1_61' title='bbox 408 992 441 1059; x_wconf 77' lang='grc' dir='ltr'>ὴ</span> <span class='ocrx_word' id='word_1_62' title='bbox 467 991 670 1051; x_wconf 79' lang='grc' dir='ltr'>ἀδικία,</span> <span class='ocrx_word' id='word_1_63' title='bbox 706 989 876 1052; x_wconf 90' lang='grc' dir='ltr'>κόπος</span> <span class='ocrx_word' id='word_1_64' title='bbox 906 990 998 1042; x_wconf 80' lang='grc' dir='ltr'>καὶ</span> <span class='ocrx_word' id='word_1_65' title='bbox 1026 990 1185 1052; x_wconf 90' lang='grc' dir='ltr'>πόνος</span> <span class='ocrx_word' id='word_1_66' title='bbox 1207 991 1324 1042; x_wconf 66' lang='grc' dir='ltr'>ἔστι</span> <span class='ocrx_word' id='word_1_67' title='bbox 1352 990 1460 1042; x_wconf 79' lang='grc' dir='ltr'><strong>τῶν</strong></span> <span class='ocrx_word' id='word_1_68' title='bbox 1480 989 1828 1051; x_wconf 80' lang='grc' dir='ltr'>ἀδικούντων,</span> 
     </span>
    </p>
   </div>
   <div class='ocr_carea' id='block_1_11' title="bbox 243 1079 1831 1152">
    <p class='ocr_par' dir='ltr' id='par_1_11' title="bbox 243 1079 1831 1152">
     <span class='ocr_line' id='line_1_11' title="bbox 243 1079 1831 1152; baseline -0.001 -17"><span class='ocrx_word' id='word_1_69' title='bbox 243 1084 345 1135; x_wconf 74' lang='grc' dir='ltr'>καὶ</span> <span class='ocrx_word' id='word_1_70' title='bbox 397 1084 429 1152; x_wconf 78' lang='grc' dir='ltr'><strong>ἠ</strong></span> <span class='ocrx_word' id='word_1_71' title='bbox 463 1082 704 1145; x_wconf 75' lang='grc' dir='ltr'>ἀσέϐεια,</span> <span class='ocrx_word' id='word_1_72' title='bbox 742 1080 1087 1151; x_wconf 76' lang='grc' dir='ltr'><strong>ταλαιπωρία</strong></span> <span class='ocrx_word' id='word_1_73' title='bbox 1120 1079 1229 1133; x_wconf 85' lang='grc' dir='ltr'><strong>τῶν</strong></span> <span class='ocrx_word' id='word_1_74' title='bbox 1261 1080 1636 1133; x_wconf 86' lang='grc' dir='ltr'>ἀσεϐούντων·</span> <span class='ocrx_word' id='word_1_75' title='bbox 1676 1079 1831 1133; x_wconf 69' lang='grc' dir='ltr'>οὐδὲν</span> 
     </span>
    </p>
   </div>
   <div class='ocr_carea' id='block_1_12' title="bbox 244 1170 1826 1245">
    <p class='ocr_par' dir='ltr' id='par_1_12' title="bbox 244 1170 1826 1245">
     <span class='ocr_line' id='line_1_12' title="bbox 244 1170 1826 1245; baseline -0.004 -18"><span class='ocrx_word' id='word_1_76' title='bbox 244 1174 359 1245; x_wconf 79' lang='grc' dir='ltr'>γὰρ</span> <span class='ocrx_word' id='word_1_77' title='bbox 385 1173 787 1243; x_wconf 66' lang='grc' dir='ltr'>ἐπιπονώτερον</span> <span class='ocrx_word' id='word_1_78' title='bbox 811 1173 1030 1236; x_wconf 91' lang='grc' dir='ltr'>κακίας,</span> <span class='ocrx_word' id='word_1_79' title='bbox 1069 1173 1101 1242; x_wconf 77' lang='grc' dir='ltr'>ἢ</span> <span class='ocrx_word' id='word_1_80' title='bbox 1127 1172 1515 1240; x_wconf 69' lang='grc' dir='ltr'>ἀσθενέστερον</span> <span class='ocrx_word' id='word_1_81' title='bbox 1547 1170 1826 1231; x_wconf 79' lang='grc' dir='ltr'>ἀσεϐείας.</span> 
     </span>
    </p>
   </div>
   <div class='ocr_carea' id='block_1_13' title="bbox 244 1262 1833 1338">
    <p class='ocr_par' dir='ltr' id='par_1_13' title="bbox 244 1262 1833 1338">
     <span class='ocr_line' id='line_1_13' title="bbox 244 1262 1833 1338; baseline -0.004 -19"><span class='ocrx_word' id='word_1_82' title='bbox 244 1268 394 1338; x_wconf 85' lang='grc' dir='ltr'><strong>Ὀρα</strong></span> <span class='ocrx_word' id='word_1_83' title='bbox 419 1266 496 1329; x_wconf 72' lang='grc' dir='ltr'>δὲ,</span> <span class='ocrx_word' id='word_1_84' title='bbox 526 1266 641 1329; x_wconf 84' lang='grc' dir='ltr'><strong>πῶς</strong></span> <span class='ocrx_word' id='word_1_85' title='bbox 663 1265 916 1318; x_wconf 81' lang='grc' dir='ltr'>ἀσέϐειαν</span> <span class='ocrx_word' id='word_1_86' title='bbox 963 1265 1116 1318; x_wconf 78' lang='grc' dir='ltr'>καλεῖ</span> <span class='ocrx_word' id='word_1_87' title='bbox 1141 1265 1242 1331; x_wconf 78' lang='grc' dir='ltr'>τὴν</span> <span class='ocrx_word' id='word_1_88' title='bbox 1287 1263 1526 1327; x_wconf 79' lang='grc' dir='ltr'>ἀδικίαν,</span> <span class='ocrx_word' id='word_1_89' title='bbox 1578 1262 1611 1331; x_wconf 80' lang='grc' dir='ltr'>ἢ</span> <span class='ocrx_word' id='word_1_90' title='bbox 1662 1278 1833 1315; x_wconf 89' lang='grc' dir='ltr'>κατα-</span> 
     </span>
    </p>
   </div>
   <div class='ocr_carea' id='block_1_14' title="bbox 239 1353 1828 1425">
    <p class='ocr_par' dir='ltr' id='par_1_14' title="bbox 239 1353 1828 1425">
     <span class='ocr_line' id='line_1_14' title="bbox 239 1353 1828 1425; baseline -0.005 -13"><span class='ocrx_word' id='word_1_91' title='bbox 239 1359 512 1412; x_wconf 83' lang='grc' dir='ltr'>δυσωπῶν</span> <span class='ocrx_word' id='word_1_92' title='bbox 560 1359 687 1420; x_wconf 74' lang='grc' dir='ltr'>τοὺς</span> <span class='ocrx_word' id='word_1_93' title='bbox 722 1357 1042 1419; x_wconf 81' lang='grc' dir='ltr'>ἀδικοῦντας</span> <span class='ocrx_word' id='word_1_94' title='bbox 1076 1358 1171 1411; x_wconf 76' lang='grc' dir='ltr'>καὶ</span> <span class='ocrx_word' id='word_1_95' title='bbox 1208 1356 1461 1425; x_wconf 79' lang='grc' dir='ltr'>ἐκφοϐῶν</span> <span class='ocrx_word' id='word_1_96' title='bbox 1484 1355 1571 1408; x_wconf 83' lang='grc' dir='ltr'><strong>διά</strong></span> <span class='ocrx_word' id='word_1_97' title='bbox 1600 1353 1693 1405; x_wconf 80' lang='grc' dir='ltr'>τοῦ</span> <span class='ocrx_word' id='word_1_98' title='bbox 1733 1367 1828 1405; x_wconf 83' lang='grc' dir='ltr'>πι’</span> 
     </span>
    </p>
   </div>
   <div class='ocr_carea' id='block_1_15' title="bbox 243 1446 1827 1523">
    <p class='ocr_par' dir='ltr' id='par_1_15' title="bbox 243 1446 1827 1523">
     <span class='ocr_line' id='line_1_15' title="bbox 243 1446 1827 1523; baseline -0.004 -20"><span class='ocrx_word' id='word_1_99' title='bbox 243 1452 383 1523; x_wconf 83' lang='grc' dir='ltr'>κροῦ</span> <span class='ocrx_word' id='word_1_100' title='bbox 411 1453 507 1522; x_wconf 81' lang='grc' dir='ltr'>τῆς</span> <span class='ocrx_word' id='word_1_101' title='bbox 535 1451 751 1515; x_wconf 80' lang='grc' dir='ltr'>λέξεως,</span> <span class='ocrx_word' id='word_1_102' title='bbox 800 1452 833 1518; x_wconf 77' lang='grc' dir='ltr'>ἢ</span> <span class='ocrx_word' id='word_1_103' title='bbox 869 1451 1009 1520; x_wconf 83' lang='grc' dir='ltr'>τάχα</span> <span class='ocrx_word' id='word_1_104' title='bbox 1049 1451 1144 1504; x_wconf 75' lang='grc' dir='ltr'>καὶ</span> <span class='ocrx_word' id='word_1_105' title='bbox 1181 1449 1441 1518; x_wconf 83' lang='grc' dir='ltr'>λογισμὸν</span> <span class='ocrx_word' id='word_1_106' title='bbox 1471 1448 1583 1517; x_wconf 75' lang='grc' dir='ltr'>ἔχει</span> <span class='ocrx_word' id='word_1_107' title='bbox 1611 1449 1641 1500; x_wconf 87' lang='lat'><strong>6</strong></span> <span class='ocrx_word' id='word_1_108' title='bbox 1668 1446 1827 1513; x_wconf 90' lang='grc' dir='ltr'>λόγος</span> 
     </span>
    </p>
   </div>
   <div class='ocr_carea' id='block_1_16' title="bbox 240 1538 1827 1613">
    <p class='ocr_par' dir='ltr' id='par_1_16' title="bbox 240 1538 1827 1613">
     <span class='ocr_line' id='line_1_16' title="bbox 240 1538 1827 1613; baseline -0.004 -18"><span class='ocrx_word' id='word_1_109' title='bbox 240 1544 451 1598; x_wconf 76' lang='grc' dir='ltr'>εἰκότα.</span> <span class='ocrx_word' id='word_1_110' title='bbox 502 1546 560 1598; x_wconf 78' lang='lat' dir='ltr'><strong>Et</strong></span> <span class='ocrx_word' id='word_1_111' title='bbox 588 1544 696 1613; x_wconf 74' lang='grc' dir='ltr'>γὰρ</span> <span class='ocrx_word' id='word_1_112' title='bbox 721 1544 794 1613; x_wconf 79' lang='grc' dir='ltr'><strong>μὴ</strong></span> <span class='ocrx_word' id='word_1_113' title='bbox 836 1545 863 1595; x_wconf 94' lang='lat'><strong>6</strong></span> <span class='ocrx_word' id='word_1_114' title='bbox 884 1543 1102 1611; x_wconf 75' lang='grc' dir='ltr'>τρέφων</span> <span class='ocrx_word' id='word_1_115' title='bbox 1146 1542 1238 1595; x_wconf 74' lang='grc' dir='ltr'>τὸν</span> <span class='ocrx_word' id='word_1_116' title='bbox 1264 1542 1548 1612; x_wconf 68' lang='grc' dir='ltr'>ἐλάχιστον</span> <span class='ocrx_word' id='word_1_117' title='bbox 1574 1538 1827 1606; x_wconf 81' lang='grc' dir='ltr'>ἀδελφὺν,</span> 
     </span>
    </p>
   </div>
   <div class='ocr_carea' id='block_1_17' title="bbox 241 1628 1826 1703">
    <p class='ocr_par' dir='ltr' id='par_1_17' title="bbox 241 1628 1826 1703">
     <span class='ocr_line' id='line_1_17' title="bbox 241 1628 1826 1703; baseline -0.004 -16"><span class='ocrx_word' id='word_1_118' title='bbox 241 1636 379 1687; x_wconf 62' lang='grc' dir='ltr'>Θεὸν</span> <span class='ocrx_word' id='word_1_119' title='bbox 400 1636 460 1687; x_wconf 83' lang='grc' dir='ltr'>οὐ</span> <span class='ocrx_word' id='word_1_120' title='bbox 485 1638 673 1703; x_wconf 78' lang='grc' dir='ltr'>τρέφει</span> <span class='ocrx_word' id='word_1_121' title='bbox 704 1638 722 1703; x_wconf 90' lang='grc'><strong>(</strong></span> <span class='ocrx_word' id='word_1_122' title='bbox 764 1635 891 1703; x_wconf 59' lang='lat' dir='ltr'><strong>‘E&#39;y&#39;</strong></span> <span class='ocrx_word' id='word_1_123' title='bbox 918 1635 1074 1687; x_wconf 88' lang='grc' dir='ltr'>ὅσον</span> <span class='ocrx_word' id='word_1_124' title='bbox 1096 1633 1202 1702; x_wconf 76' lang='grc' dir='ltr'>γὰρ</span> <span class='ocrx_word' id='word_1_125' title='bbox 1226 1636 1337 1687; x_wconf 83' lang='grc' dir='ltr'>οὐκ</span> <span class='ocrx_word' id='word_1_126' title='bbox 1376 1631 1699 1699; x_wconf 77' lang='grc' dir='ltr'>ἐποιήσατε</span> <span class='ocrx_word' id='word_1_127' title='bbox 1735 1628 1826 1682; x_wconf 79' lang='grc' dir='ltr'><strong>ἐνὶ</strong></span> 
     </span>
    </p>
   </div>
   <div class='ocr_carea' id='block_1_18' title="bbox 243 1722 1822 1794">
    <p class='ocr_par' dir='ltr' id='par_1_18' title="bbox 243 1722 1822 1794">
     <span class='ocr_line' id='line_1_18' title="bbox 243 1722 1822 1794; baseline -0.003 -16"><span class='ocrx_word' id='word_1_128' title='bbox 243 1728 473 1780; x_wconf 77' lang='grc' dir='ltr'>τούτων</span> <span class='ocrx_word' id='word_1_129' title='bbox 500 1722 617 1778; x_wconf 84' lang='grc' dir='ltr'>τῶν</span> <span class='ocrx_word' id='word_1_130' title='bbox 649 1727 1006 1794; x_wconf 73' lang='grc' dir='ltr'>ἐλαχίστων,</span> <span class='ocrx_word' id='word_1_131' title='bbox 1040 1724 1184 1779; x_wconf 79' lang='grc' dir='ltr'>οὐδὲ</span> <span class='ocrx_word' id='word_1_132' title='bbox 1234 1724 1365 1793; x_wconf 74' lang='grc' dir='ltr'>ἐμοὶ</span> <span class='ocrx_word' id='word_1_133' title='bbox 1417 1722 1741 1788; x_wconf 77' lang='grc' dir='ltr'>ἐποιήσατε</span> <span class='ocrx_word' id='word_1_134' title='bbox 1768 1722 1784 1788; x_wconf 95' lang='grc'><strong>)</strong></span> <span class='ocrx_word' id='word_1_135' title='bbox 1807 1734 1822 1749; x_wconf 86' lang='grc'>⁶</span> 
     </span>
    </p>
   </div>
   <div class='ocr_carea' id='block_1_19' title="bbox 243 1813 1820 1886">
    <p class='ocr_par' dir='ltr' id='par_1_19' title="bbox 243 1813 1820 1886">
     <span class='ocr_line' id='line_1_19' title="bbox 243 1813 1820 1886; baseline -0.004 -15"><span class='ocrx_word' id='word_1_136' title='bbox 243 1818 573 1881; x_wconf 85' lang='grc' dir='ltr'>ἀκολούθως,</span> <span class='ocrx_word' id='word_1_137' title='bbox 598 1817 686 1870; x_wconf 84' lang='grc' dir='ltr'><strong>ἴνα</strong></span> <span class='ocrx_word' id='word_1_138' title='bbox 718 1820 791 1886; x_wconf 79' lang='grc' dir='ltr'>μή</span> <span class='ocrx_word' id='word_1_139' title='bbox 823 1835 876 1869; x_wconf 84' lang='grc' dir='ltr'><strong>τι</strong></span> <span class='ocrx_word' id='word_1_140' title='bbox 913 1817 1075 1870; x_wconf 75' lang='grc' dir='ltr'>πλέον</span> <span class='ocrx_word' id='word_1_141' title='bbox 1098 1816 1261 1885; x_wconf 83' lang='grc' dir='ltr'>λέγω,</span> <span class='ocrx_word' id='word_1_142' title='bbox 1291 1818 1318 1869; x_wconf 87' lang='lat'><strong>6</strong></span> <span class='ocrx_word' id='word_1_143' title='bbox 1348 1816 1549 1869; x_wconf 84' lang='grc' dir='ltr'>ἀδικῶν</span> <span class='ocrx_word' id='word_1_144' title='bbox 1580 1813 1820 1882; x_wconf 75' lang='grc' dir='ltr'>πτωχὸν,</span> 
     </span>
    </p>
   </div>
   <div class='ocr_carea' id='block_1_20' title="bbox 243 1881 1897 1982">
    <p class='ocr_par' dir='ltr' id='par_1_20' title="bbox 243 1881 1897 1982">
     <span class='ocr_line' id='line_1_20' title="bbox 243 1881 1897 1982; baseline -0.004 -19"><span class='ocrx_word' id='word_1_145' title='bbox 243 1912 380 1963; x_wconf 69' lang='grc' dir='ltr'>Θεὸν</span> <span class='ocrx_word' id='word_1_146' title='bbox 423 1912 595 1964; x_wconf 83' lang='grc' dir='ltr'>ἀδικεῖ</span> <span class='ocrx_word' id='word_1_147' title='bbox 630 1927 645 1942; x_wconf 79' lang='grc' dir='ltr'><strong>ο</strong></span> <span class='ocrx_word' id='word_1_148' title='bbox 763 1881 820 1964; x_wconf 72' lang='grc' dir='ltr'>δὲ</span> <span class='ocrx_word' id='word_1_149' title='bbox 865 1913 943 1974; x_wconf 85' lang='grc' dir='ltr'><strong>είς</strong></span> <span class='ocrx_word' id='word_1_150' title='bbox 973 1910 1106 1963; x_wconf 82' lang='grc' dir='ltr'>Θεὸν</span> <span class='ocrx_word' id='word_1_151' title='bbox 1136 1881 1338 1971; x_wconf 80' lang='grc' dir='ltr'>ἀδικία,</span> <span class='ocrx_word' id='word_1_152' title='bbox 1368 1903 1541 1978; x_wconf 73' lang='grc' dir='ltr'>οἶμαι,</span> <span class='ocrx_word' id='word_1_153' title='bbox 1579 1881 1822 1958; x_wconf 78' lang='grc' dir='ltr'>ἀσέϐεια.</span> <span class='ocrx_word' id='word_1_154' title='bbox 1858 1881 1897 1939; x_wconf 69' lang='grc' dir='ltr'><strong><em>Β</em></strong></span> 
     </span>
    </p>
   </div>
   <div class='ocr_carea' id='block_1_21' title="bbox 244 1997 1820 2074">
    <p class='ocr_par' dir='ltr' id='par_1_21' title="bbox 244 1997 1820 2074">
     <span class='ocr_line' id='line_1_21' title="bbox 244 1997 1820 2074; baseline -0.003 -20"><span class='ocrx_word' id='word_1_155' title='bbox 244 2004 356 2055; x_wconf 74' lang='grc' dir='ltr'><strong>Καὶ</strong></span> <span class='ocrx_word' id='word_1_156' title='bbox 386 2005 417 2071; x_wconf 81' lang='grc' dir='ltr'>ἠ</span> <span class='ocrx_word' id='word_1_157' title='bbox 447 2003 761 2074; x_wconf 70' lang='grc' dir='ltr'>ἀνθρωπίνη</span> <span class='ocrx_word' id='word_1_158' title='bbox 788 2004 843 2056; x_wconf 83' lang='grc' dir='ltr'>δὲ</span> <span class='ocrx_word' id='word_1_159' title='bbox 866 2004 1047 2072; x_wconf 81' lang='grc' dir='ltr'>φύσις,</span> <span class='ocrx_word' id='word_1_160' title='bbox 1084 2004 1141 2054; x_wconf 68' lang='grc' dir='ltr'>ἒν</span> <span class='ocrx_word' id='word_1_161' title='bbox 1181 2002 1367 2070; x_wconf 84' lang='grc' dir='ltr'>ἱδρῶτι</span> <span class='ocrx_word' id='word_1_162' title='bbox 1404 2000 1500 2053; x_wconf 84' lang='grc' dir='ltr'>τοῦ</span> <span class='ocrx_word' id='word_1_163' title='bbox 1529 1997 1820 2070; x_wconf 80' lang='grc' dir='ltr'>προσώπου</span> 
     </span>
    </p>
   </div>
   <div class='ocr_carea' id='block_1_22' title="bbox 246 2093 1822 2167">
    <p class='ocr_par' dir='ltr' id='par_1_22' title="bbox 246 2093 1822 2167">
     <span class='ocr_line' id='line_1_22' title="bbox 246 2093 1822 2167; baseline -0.002 -20"><span class='ocrx_word' id='word_1_164' title='bbox 246 2095 641 2165; x_wconf 75' lang='grc' dir='ltr'>κατακριθεῖσα</span> <span class='ocrx_word' id='word_1_165' title='bbox 667 2097 753 2149; x_wconf 72' lang='grc' dir='ltr'><strong>διὰ</strong></span> <span class='ocrx_word' id='word_1_166' title='bbox 801 2097 899 2165; x_wconf 75' lang='grc' dir='ltr'>τὴν</span> <span class='ocrx_word' id='word_1_167' title='bbox 927 2096 1212 2167; x_wconf 79' lang='grc' dir='ltr'>παρακοὴν</span> <span class='ocrx_word' id='word_1_168' title='bbox 1248 2095 1369 2164; x_wconf 79' lang='grc' dir='ltr'>ζῇν,</span> <span class='ocrx_word' id='word_1_169' title='bbox 1402 2095 1494 2147; x_wconf 64' lang='grc' dir='ltr'><strong>καὶ</strong></span> <span class='ocrx_word' id='word_1_170' title='bbox 1533 2094 1591 2145; x_wconf 73' lang='grc' dir='ltr'>ἑν</span> <span class='ocrx_word' id='word_1_171' title='bbox 1623 2093 1822 2156; x_wconf 82' lang='grc' dir='ltr'>λύπαις</span> 
     </span>
    </p>
   </div>
   <div class='ocr_carea' id='block_1_23' title="bbox 242 2184 1819 2256">
    <p class='ocr_par' dir='ltr' id='par_1_23' title="bbox 242 2184 1819 2256">
     <span class='ocr_line' id='line_1_23' title="bbox 242 2184 1819 2256; baseline 0 -20"><span class='ocrx_word' id='word_1_172' title='bbox 242 2188 449 2238; x_wconf 77' lang='grc' dir='ltr'>τίκτειν</span> <span class='ocrx_word' id='word_1_173' title='bbox 472 2188 657 2251; x_wconf 84' lang='grc' dir='ltr'>τέκνα,</span> <span class='ocrx_word' id='word_1_174' title='bbox 704 2187 897 2256; x_wconf 82' lang='grc' dir='ltr'>θρηνεῖ</span> <span class='ocrx_word' id='word_1_175' title='bbox 930 2188 1123 2249; x_wconf 74' lang='grc' dir='ltr'>ταῦτα,</span> <span class='ocrx_word' id='word_1_176' title='bbox 1163 2184 1404 2255; x_wconf 77' lang='grc' dir='ltr'>ζητοῦσα</span> <span class='ocrx_word' id='word_1_177' title='bbox 1439 2185 1539 2254; x_wconf 81' lang='grc' dir='ltr'>τὴν</span> <span class='ocrx_word' id='word_1_178' title='bbox 1573 2185 1819 2237; x_wconf 83' lang='grc' dir='ltr'>ἀπαλλα-</span> 
     </span>
    </p>
   </div>
   <div class='ocr_carea' id='block_1_24' title="bbox 243 2280 1816 2350">
    <p class='ocr_par' dir='ltr' id='par_1_24' title="bbox 243 2280 1816 2350">
     <span class='ocr_line' id='line_1_24' title="bbox 243 2280 1816 2350; baseline 0.002 -21"><span class='ocrx_word' id='word_1_179' title='bbox 243 2288 368 2347; x_wconf 60' lang='grc' dir='ltr'>τὴν,</span> <span class='ocrx_word' id='word_1_180' title='bbox 410 2282 477 2350; x_wconf 69' lang='grc' dir='ltr'>ἦν</span> <span class='ocrx_word' id='word_1_181' title='bbox 508 2284 535 2333; x_wconf 92' lang='grc' dir='ltr'><strong>ό</strong></span> <span class='ocrx_word' id='word_1_182' title='bbox 569 2282 694 2343; x_wconf 82' lang='grc' dir='ltr'>Υἱὸς</span> <span class='ocrx_word' id='word_1_183' title='bbox 730 2281 823 2333; x_wconf 81' lang='grc' dir='ltr'>τοῦ</span> <span class='ocrx_word' id='word_1_184' title='bbox 854 2281 987 2334; x_wconf 83' lang='grc' dir='ltr'>Θεοῦ</span> <span class='ocrx_word' id='word_1_185' title='bbox 1036 2281 1260 2350; x_wconf 76' lang='grc' dir='ltr'>ἔμελλεν</span> <span class='ocrx_word' id='word_1_186' title='bbox 1299 2281 1433 2350; x_wconf 76' lang='grc' dir='ltr'>αὐτῇ</span> <span class='ocrx_word' id='word_1_187' title='bbox 1465 2280 1816 2350; x_wconf 83' lang='grc' dir='ltr'>χαρίσασθαι.</span> 
     </span>
    </p>
   </div>
   <div class='ocr_carea' id='block_1_25' title="bbox 253 2371 1818 2442">
    <p class='ocr_par' dir='ltr' id='par_1_25' title="bbox 253 2371 1818 2442">
     <span class='ocr_line' id='line_1_25' title="bbox 253 2371 1818 2442; baseline -0.003 -19"><span class='ocrx_word' id='word_1_188' title='bbox 253 2372 420 2424; x_wconf 76' lang='grc' dir='ltr'>’Λλλά</span> <span class='ocrx_word' id='word_1_189' title='bbox 443 2373 534 2424; x_wconf 75' lang='grc' dir='ltr'>καὶ</span> <span class='ocrx_word' id='word_1_190' title='bbox 574 2373 601 2423; x_wconf 90' lang='lat'><strong>6</strong></span> <span class='ocrx_word' id='word_1_191' title='bbox 632 2372 790 2442; x_wconf 81' lang='grc' dir='ltr'>χάριν</span> <span class='ocrx_word' id='word_1_192' title='bbox 824 2372 1003 2426; x_wconf 83' lang='grc' dir='ltr'>λαϐὼν</span> <span class='ocrx_word' id='word_1_193' title='bbox 1035 2372 1269 2441; x_wconf 76' lang='grc' dir='ltr'>ἐγείρειν</span> <span class='ocrx_word' id='word_1_194' title='bbox 1302 2371 1426 2433; x_wconf 74' lang='grc' dir='ltr'>τοὺς</span> <span class='ocrx_word' id='word_1_195' title='bbox 1475 2372 1818 2439; x_wconf 81' lang='grc' dir='ltr'>ἁμαρτάνον-</span> 
     </span>
    </p>
   </div>
   <div class='ocr_carea' id='block_1_26' title="bbox 238 2460 1821 2533">
    <p class='ocr_par' dir='ltr' id='par_1_26' title="bbox 238 2460 1821 2533">
     <span class='ocr_line' id='line_1_26' title="bbox 238 2460 1821 2533; baseline -0.001 -20"><span class='ocrx_word' id='word_1_196' title='bbox 238 2480 364 2527; x_wconf 87' lang='grc' dir='ltr'>τας,</span> <span class='ocrx_word' id='word_1_197' title='bbox 400 2462 555 2517; x_wconf 80' lang='grc' dir='ltr'>καλεῖ</span> <span class='ocrx_word' id='word_1_198' title='bbox 586 2463 676 2515; x_wconf 76' lang='grc' dir='ltr'><strong>τὸν</strong></span> <span class='ocrx_word' id='word_1_199' title='bbox 709 2464 841 2516; x_wconf 80' lang='grc' dir='ltr'>Θεὸν</span> <span class='ocrx_word' id='word_1_200' title='bbox 869 2464 1008 2533; x_wconf 76' lang='grc' dir='ltr'>πρὸς</span> <span class='ocrx_word' id='word_1_201' title='bbox 1044 2463 1105 2516; x_wconf 82' lang='grc' dir='ltr'>τὸ</span> <span class='ocrx_word' id='word_1_202' title='bbox 1133 2462 1329 2532; x_wconf 73' lang='grc' dir='ltr'>μηκέτι</span> <span class='ocrx_word' id='word_1_203' title='bbox 1363 2460 1510 2530; x_wconf 79' lang='grc' dir='ltr'>αὐτῷ</span> <span class='ocrx_word' id='word_1_204' title='bbox 1554 2460 1821 2513; x_wconf 75' lang='grc' dir='ltr'>δεικνύειν</span> 
     </span>
    </p>
   </div>
   <div class='ocr_carea' id='block_1_27' title="bbox 243 2550 1820 2622">
    <p class='ocr_par' dir='ltr' id='par_1_27' title="bbox 243 2550 1820 2622">
     <span class='ocr_line' id='line_1_27' title="bbox 243 2550 1820 2622; baseline -0.001 -19"><span class='ocrx_word' id='word_1_205' title='bbox 243 2554 442 2615; x_wconf 70' lang='grc' dir='ltr'>αὐτοὺς</span> <span class='ocrx_word' id='word_1_206' title='bbox 475 2553 781 2615; x_wconf 78' lang='grc' dir='ltr'>κοπιῶντας</span> <span class='ocrx_word' id='word_1_207' title='bbox 822 2554 913 2605; x_wconf 76' lang='grc' dir='ltr'><strong>ἐπὶ</strong></span> <span class='ocrx_word' id='word_1_208' title='bbox 947 2558 1058 2611; x_wconf 84' lang='grc' dir='ltr'><strong>τοίς</strong></span> <span class='ocrx_word' id='word_1_209' title='bbox 1096 2554 1282 2622; x_wconf 72' lang='grc' dir='ltr'>ἔργοις</span> <span class='ocrx_word' id='word_1_210' title='bbox 1322 2552 1418 2621; x_wconf 84' lang='grc' dir='ltr'>τῆς</span> <span class='ocrx_word' id='word_1_211' title='bbox 1450 2551 1695 2618; x_wconf 85' lang='grc' dir='ltr'>ἀνομίας,</span> <span class='ocrx_word' id='word_1_212' title='bbox 1725 2550 1820 2602; x_wconf 74' lang='grc' dir='ltr'>καὶ</span> 
     </span>
    </p>
   </div>
   <div class='ocr_carea' id='block_1_28' title="bbox 241 2642 1819 2714">
    <p class='ocr_par' dir='ltr' id='par_1_28' title="bbox 241 2642 1819 2714">
     <span class='ocr_line' id='line_1_28' title="bbox 241 2642 1819 2714; baseline -0.001 -19"><span class='ocrx_word' id='word_1_213' title='bbox 241 2645 790 2713; x_wconf 81' lang='grc' dir='ltr'>ταλαιπωρουμένους</span> <span class='ocrx_word' id='word_1_214' title='bbox 844 2646 902 2697; x_wconf 71' lang='grc' dir='ltr'>ἐν</span> <span class='ocrx_word' id='word_1_215' title='bbox 954 2644 1103 2714; x_wconf 84' lang='grc' dir='ltr'><strong>αύτῷ</strong></span> <span class='ocrx_word' id='word_1_216' title='bbox 1150 2644 1325 2713; x_wconf 80' lang='grc' dir='ltr'>τούτῳ</span> <span class='ocrx_word' id='word_1_217' title='bbox 1372 2643 1448 2710; x_wconf 85' lang='grc' dir='ltr'>τῷ</span> <span class='ocrx_word' id='word_1_218' title='bbox 1480 2642 1697 2694; x_wconf 79' lang='grc' dir='ltr'>ἀσεϐεῖν</span> <span class='ocrx_word' id='word_1_219' title='bbox 1738 2643 1819 2706; x_wconf 77' lang='grc' dir='ltr'>εἰς</span> 
     </span>
    </p>
   </div>
   <div class='ocr_carea' id='block_1_29' title="bbox 242 2733 1818 2803">
    <p class='ocr_par' dir='ltr' id='par_1_29' title="bbox 242 2733 1818 2803">
     <span class='ocr_line' id='line_1_29' title="bbox 242 2733 1818 2803; baseline 0.001 -19"><span class='ocrx_word' id='word_1_220' title='bbox 242 2734 400 2788; x_wconf 78' lang='grc' dir='ltr'>Θεόν.</span> <span class='ocrx_word' id='word_1_221' title='bbox 434 2735 687 2795; x_wconf 72' lang='grc' dir='ltr'>Τοιοῦτος</span> <span class='ocrx_word' id='word_1_222' title='bbox 719 2734 826 2803; x_wconf 90' lang='grc' dir='ltr'><strong>γάρ</strong></span> <span class='ocrx_word' id='word_1_223' title='bbox 855 2735 884 2786; x_wconf 88' lang='lat'><strong>6</strong></span> <span class='ocrx_word' id='word_1_224' title='bbox 910 2734 998 2786; x_wconf 84' lang='grc' dir='ltr'><strong>τδν</strong></span> <span class='ocrx_word' id='word_1_225' title='bbox 1046 2735 1173 2786; x_wconf 84' lang='grc' dir='ltr'>Υἱὸν</span> <span class='ocrx_word' id='word_1_226' title='bbox 1230 2733 1325 2784; x_wconf 81' lang='grc' dir='ltr'>τοῦ</span> <span class='ocrx_word' id='word_1_227' title='bbox 1376 2733 1512 2785; x_wconf 81' lang='grc' dir='ltr'>Θεοῦ</span> <span class='ocrx_word' id='word_1_228' title='bbox 1566 2749 1818 2786; x_wconf 86' lang='grc' dir='ltr'>καταπα-</span> 
     </span>
    </p>
   </div>
   <div class='ocr_carea' id='block_1_30' title="bbox 242 2820 1821 2894">
    <p class='ocr_par' dir='ltr' id='par_1_30' title="bbox 242 2820 1821 2894">
     <span class='ocr_line' id='line_1_30' title="bbox 242 2820 1821 2894; baseline -0.001 -19"><span class='ocrx_word' id='word_1_229' title='bbox 242 2827 438 2892; x_wconf 74' lang='grc' dir='ltr'>τήσας,</span> <span class='ocrx_word' id='word_1_230' title='bbox 494 2826 585 2877; x_wconf 65' lang='grc' dir='ltr'>καὶ</span> <span class='ocrx_word' id='word_1_231' title='bbox 632 2825 693 2877; x_wconf 78' lang='grc' dir='ltr'>τὸ</span> <span class='ocrx_word' id='word_1_232' title='bbox 737 2820 877 2894; x_wconf 75' lang='grc' dir='ltr'>αἷμα</span> <span class='ocrx_word' id='word_1_233' title='bbox 932 2825 1027 2893; x_wconf 84' lang='grc' dir='ltr'>τῆς</span> <span class='ocrx_word' id='word_1_234' title='bbox 1068 2824 1333 2893; x_wconf 77' lang='grc' dir='ltr'>διαθήκης</span> <span class='ocrx_word' id='word_1_235' title='bbox 1384 2826 1562 2875; x_wconf 74' lang='grc' dir='ltr'>κοινδν</span> <span class='ocrx_word' id='word_1_236' title='bbox 1610 2822 1821 2891; x_wconf 77' lang='grc' dir='ltr'>ἡγησά-</span> 
     </span>
    </p>
   </div>
   <div class='ocr_carea' id='block_1_31' title="bbox 247 2912 1817 2988">
    <p class='ocr_par' dir='ltr' id='par_1_31' title="bbox 247 2912 1817 2988">
     <span class='ocr_line' id='line_1_31' title="bbox 247 2912 1817 2988; baseline -0.003 -17"><span class='ocrx_word' id='word_1_237' title='bbox 247 2936 429 2987; x_wconf 84' lang='grc' dir='ltr'>μενος,</span> <span class='ocrx_word' id='word_1_238' title='bbox 464 2922 519 2971; x_wconf 65' lang='grc' dir='ltr'>ὲν</span> <span class='ocrx_word' id='word_1_239' title='bbox 562 2912 607 2986; x_wconf 83' lang='grc' dir='ltr'>ᾧ</span> <span class='ocrx_word' id='word_1_240' title='bbox 658 2918 915 2988; x_wconf 76' lang='grc' dir='ltr'><strong>ἡγιάσθη,</strong></span> <span class='ocrx_word' id='word_1_241' title='bbox 952 2918 1047 2970; x_wconf 78' lang='grc' dir='ltr'>καὶ</span> <span class='ocrx_word' id='word_1_242' title='bbox 1094 2917 1155 2970; x_wconf 79' lang='grc' dir='ltr'>τὸ</span> <span class='ocrx_word' id='word_1_243' title='bbox 1188 2915 1413 2984; x_wconf 81' lang='grc' dir='ltr'>Πνεῦμα</span> <span class='ocrx_word' id='word_1_244' title='bbox 1456 2916 1556 2985; x_wconf 80' lang='grc' dir='ltr'>τῆς</span> <span class='ocrx_word' id='word_1_245' title='bbox 1594 2916 1817 2986; x_wconf 85' lang='grc' dir='ltr'>χάριτος</span> 
     </span>
    </p>
   </div>
   <div class='ocr_carea' id='block_1_32' title="bbox 245 3013 555 3081">
    <p class='ocr_par' dir='ltr' id='par_1_32' title="bbox 245 3013 555 3081">
     <span class='ocr_line' id='line_1_32' title="bbox 245 3013 555 3081; baseline 0 -15"><span class='ocrx_word' id='word_1_246' title='bbox 245 3013 431 3081; x_wconf 74' lang='grc' dir='ltr'>ὲνυϐρί</span> <span class='ocrx_word' id='word_1_247' title='bbox 440 3030 555 3075; x_wconf 74' lang='grc' dir='ltr'>σας.</span> 
     </span>
    </p>
   </div>
   <div class='ocr_carea' id='block_1_33' title="bbox 1939 622 3497 699">
    <p class='ocr_par' dir='ltr' id='par_1_33' title="bbox 1939 622 3497 699">
     <span class='ocr_line' id='line_1_33' title="bbox 1939 622 3497 699; baseline 0.006 -24"><span class='ocrx_word' id='word_1_248' title='bbox 1939 624 2064 693; x_wconf 86' lang='lat' dir='ltr'><strong>quia</strong></span> <span class='ocrx_word' id='word_1_249' title='bbox 2104 624 2269 677; x_wconf 85' lang='lat' dir='ltr'><strong>veluti</strong></span> <span class='ocrx_word' id='word_1_250' title='bbox 2311 623 2534 678; x_wconf 86' lang='lat' dir='ltr'><strong>secedat</strong></span> <span class='ocrx_word' id='word_1_251' title='bbox 2564 622 2725 687; x_wconf 86' lang='lat' dir='ltr'><strong>Deus.</strong></span> <span class='ocrx_word' id='word_1_252' title='bbox 2768 636 2991 696; x_wconf 93' lang='lat' dir='ltr'><strong>propter</strong></span> <span class='ocrx_word' id='word_1_253' title='bbox 3031 629 3497 699; x_wconf 72' lang='lat' dir='ltr'><strong>longanimitateu;</strong></span> 
     </span>
    </p>
   </div>
   <div class='ocr_carea' id='block_1_34' title="bbox 1936 715 3497 790">
    <p class='ocr_par' dir='ltr' id='par_1_34' title="bbox 1936 715 3497 790">
     <span class='ocr_line' id='line_1_34' title="bbox 1936 715 3497 790; baseline 0.003 -20"><span class='ocrx_word' id='word_1_254' title='bbox 1936 717 2053 784; x_wconf 86' lang='lat' dir='ltr'><strong>ejus</strong></span> <span class='ocrx_word' id='word_1_255' title='bbox 2087 716 2216 770; x_wconf 88' lang='lat' dir='ltr'><strong>talia</strong></span> <span class='ocrx_word' id='word_1_256' title='bbox 2250 715 2403 781; x_wconf 83' lang='lat' dir='ltr'><strong>tium,</strong></span> <span class='ocrx_word' id='word_1_257' title='bbox 2438 730 2537 770; x_wconf 88' lang='lat' dir='ltr'><strong>nec</strong></span> <span class='ocrx_word' id='word_1_258' title='bbox 2568 717 3007 772; x_wconf 83' lang='lat' dir='ltr'><strong>exscinduntur?</strong></span> <span class='ocrx_word' id='word_1_259' title='bbox 3057 722 3213 775; x_wconf 82' lang='lat' dir='ltr'><strong>Anne</strong></span> <span class='ocrx_word' id='word_1_260' title='bbox 3276 725 3365 790; x_wconf 86' lang='lat' dir='ltr'><strong>qui</strong></span> <span class='ocrx_word' id='word_1_261' title='bbox 3401 740 3497 777; x_wconf 90' lang='lat' dir='ltr'><strong>ceu</strong></span> 
     </span>
    </p>
   </div>
   <div class='ocr_carea' id='block_1_35' title="bbox 1936 808 3498 879">
    <p class='ocr_par' dir='ltr' id='par_1_35' title="bbox 1936 808 3498 879">
     <span class='ocr_line' id='line_1_35' title="bbox 1936 808 3498 879; baseline 0.004 -18"><span class='ocrx_word' id='word_1_262' title='bbox 1936 810 2102 862; x_wconf 90' lang='lat' dir='ltr'><strong>vitam</strong></span> <span class='ocrx_word' id='word_1_263' title='bbox 2138 808 2258 877; x_wconf 89' lang='lat' dir='ltr'><strong>ejus</strong></span> <span class='ocrx_word' id='word_1_264' title='bbox 2295 818 2562 879; x_wconf 76' lang='lat' dir='ltr'><strong>.prorogat</strong></span> <span class='ocrx_word' id='word_1_265' title='bbox 2617 818 2675 861; x_wconf 86' lang='lat' dir='ltr'><strong>ut</strong></span> <span class='ocrx_word' id='word_1_266' title='bbox 2725 810 3036 877; x_wconf 84' lang='lat' dir='ltr'><strong>ltujusmodi</strong></span> <span class='ocrx_word' id='word_1_267' title='bbox 3092 813 3308 867; x_wconf 86' lang='lat' dir='ltr'><strong>videat?</strong></span> <span class='ocrx_word' id='word_1_268' title='bbox 3364 817 3498 869; x_wconf 82' lang='lat' dir='ltr'><strong>Nam</strong></span> 
     </span>
    </p>
   </div>
   <div class='ocr_carea' id='block_1_36' title="bbox 1935 900 3498 974">
    <p class='ocr_par' dir='ltr' id='par_1_36' title="bbox 1935 900 3498 974">
     <span class='ocr_line' id='line_1_36' title="bbox 1935 900 3498 974; baseline 0.003 -20"><span class='ocrx_word' id='word_1_269' title='bbox 1935 900 2108 954; x_wconf 81' lang='lat' dir='ltr'><strong>sancti</strong></span> <span class='ocrx_word' id='word_1_270' title='bbox 2140 900 2341 952; x_wconf 83' lang='lat' dir='ltr'><strong>animis</strong></span> <span class='ocrx_word' id='word_1_271' title='bbox 2368 900 2701 965; x_wconf 72' lang='lat' dir='ltr'><strong>exacerbati,</strong></span> <span class='ocrx_word' id='word_1_272' title='bbox 2729 902 3118 957; x_wconf 72' lang='lat' dir='ltr'><strong>resolutionem</strong></span> <span class='ocrx_word' id='word_1_273' title='bbox 3152 907 3498 974; x_wconf 87' lang='lat' dir='ltr'><strong>percupiunt,</strong></span> 
     </span>
    </p>
   </div>
   <div class='ocr_carea' id='block_1_37' title="bbox 1935 989 3499 1061">
    <p class='ocr_par' dir='ltr' id='par_1_37' title="bbox 1935 989 3499 1061">
     <span class='ocr_line' id='line_1_37' title="bbox 1935 989 3499 1061; baseline 0.006 -18"><span class='ocrx_word' id='word_1_274' title='bbox 1935 1000 1994 1044; x_wconf 88' lang='lat' dir='ltr'><strong>ut</strong></span> <span class='ocrx_word' id='word_1_275' title='bbox 2024 990 2195 1044; x_wconf 77' lang='lat' dir='ltr'><strong>Jonas</strong></span> <span class='ocrx_word' id='word_1_276' title='bbox 2226 1008 2242 1045; x_wconf 88' lang='lat'>:</span> <span class='ocrx_word' id='word_1_277' title='bbox 2276 989 2345 1043; x_wconf 86' lang='lat' dir='ltr'><strong>Et</strong></span> <span class='ocrx_word' id='word_1_278' title='bbox 2377 994 2513 1044; x_wconf 74' lang='lat' dir='ltr'><strong>nunc</strong></span> <span class='ocrx_word' id='word_1_279' title='bbox 2548 994 2743 1061; x_wconf 77' lang='lat' dir='ltr'><strong>accipe,</strong></span> <span class='ocrx_word' id='word_1_280' title='bbox 2775 994 2972 1060; x_wconf 87' lang='lat' dir='ltr'><strong>inquit,</strong></span> <span class='ocrx_word' id='word_1_281' title='bbox 3003 997 3234 1050; x_wconf 79' lang='lat' dir='ltr'><strong>animam</strong></span> <span class='ocrx_word' id='word_1_282' title='bbox 3263 1015 3429 1051; x_wconf 87' lang='lat' dir='ltr'><strong>meam</strong></span> <span class='ocrx_word' id='word_1_283' title='bbox 3467 1019 3499 1053; x_wconf 91' lang='lat' dir='ltr'><strong>a</strong></span> 
     </span>
    </p>
   </div>
   <div class='ocr_carea' id='block_1_38' title="bbox 1936 1082 3495 1158">
    <p class='ocr_par' dir='ltr' id='par_1_38' title="bbox 1936 1082 3495 1158">
     <span class='ocr_line' id='line_1_38' title="bbox 1936 1082 3495 1158; baseline 0.007 -25"><span class='ocrx_word' id='word_1_284' title='bbox 1936 1099 2015 1136; x_wconf 86' lang='lat' dir='ltr'><strong>me</strong></span> <span class='ocrx_word' id='word_1_285' title='bbox 2039 1083 2106 1134; x_wconf 84' lang='lat'><strong>&quot;.</strong></span> <span class='ocrx_word' id='word_1_286' title='bbox 2154 1082 2357 1136; x_wconf 83' lang='lat' dir='ltr'><strong>Dixerit</strong></span> <span class='ocrx_word' id='word_1_287' title='bbox 2391 1092 2572 1137; x_wconf 82' lang='lat' dir='ltr'><strong>autem</strong></span> <span class='ocrx_word' id='word_1_288' title='bbox 2615 1086 3082 1156; x_wconf 87' lang='lat' dir='ltr'><strong>quispiam.quod</strong></span> <span class='ocrx_word' id='word_1_289' title='bbox 3124 1090 3238 1157; x_wconf 87' lang='lat' dir='ltr'><strong>ipsa</strong></span> <span class='ocrx_word' id='word_1_290' title='bbox 3275 1090 3495 1158; x_wconf 78' lang='lat' dir='ltr'><strong>injuria.</strong></span> 
     </span>
    </p>
   </div>
   <div class='ocr_carea' id='block_1_39' title="bbox 1932 1174 3498 1249">
    <p class='ocr_par' dir='ltr' id='par_1_39' title="bbox 1932 1174 3498 1249">
     <span class='ocr_line' id='line_1_39' title="bbox 1932 1174 3498 1249; baseline 0.007 -22"><span class='ocrx_word' id='word_1_291' title='bbox 1932 1174 2251 1246; x_wconf 73' lang='lat' dir='ltr'><strong>defatigatio</strong></span> <span class='ocrx_word' id='word_1_292' title='bbox 2283 1184 2337 1227; x_wconf 88' lang='lat' dir='ltr'><strong>et</strong></span> <span class='ocrx_word' id='word_1_293' title='bbox 2374 1176 2526 1229; x_wconf 85' lang='lat' dir='ltr'><strong>labor</strong></span> <span class='ocrx_word' id='word_1_294' title='bbox 2556 1177 2627 1231; x_wconf 90' lang='lat' dir='ltr'><strong>sit</strong></span> <span class='ocrx_word' id='word_1_295' title='bbox 2659 1178 2840 1245; x_wconf 84' lang='lat' dir='ltr'><strong>potius</strong></span> <span class='ocrx_word' id='word_1_296' title='bbox 2870 1179 3073 1247; x_wconf 87' lang='lat' dir='ltr'><strong>injuste</strong></span> <span class='ocrx_word' id='word_1_297' title='bbox 3114 1185 3412 1249; x_wconf 71' lang='lat' dir='ltr'><strong>agentium.</strong></span> <span class='ocrx_word' id='word_1_298' title='bbox 3446 1195 3498 1238; x_wconf 84' lang='lat' dir='ltr'><strong>et</strong></span> 
     </span>
    </p>
   </div>
   <div class='ocr_carea' id='block_1_40' title="bbox 1933 1268 3496 1339">
    <p class='ocr_par' dir='ltr' id='par_1_40' title="bbox 1933 1268 3496 1339">
     <span class='ocr_line' id='line_1_40' title="bbox 1933 1268 3496 1339; baseline 0.003 -16"><span class='ocrx_word' id='word_1_299' title='bbox 1933 1268 2188 1339; x_wconf 82' lang='lat' dir='ltr'><strong>impietas</strong></span> <span class='ocrx_word' id='word_1_300' title='bbox 2220 1276 2385 1336; x_wconf 89' lang='lat' dir='ltr'><strong>atque</strong></span> <span class='ocrx_word' id='word_1_301' title='bbox 2417 1270 2723 1334; x_wconf 85' lang='lat' dir='ltr'><strong>calamitas,</strong></span> <span class='ocrx_word' id='word_1_302' title='bbox 2760 1270 2926 1339; x_wconf 89' lang='lat' dir='ltr'><strong>impia</strong></span> <span class='ocrx_word' id='word_1_303' title='bbox 2963 1276 3317 1338; x_wconf 88' lang='lat' dir='ltr'><strong>patrantium.</strong></span> <span class='ocrx_word' id='word_1_304' title='bbox 3352 1274 3496 1328; x_wconf 81' lang='lat' dir='ltr'><strong>Nihil</strong></span> 
     </span>
    </p>
   </div>
   <div class='ocr_carea' id='block_1_41' title="bbox 1930 1359 3493 1430">
    <p class='ocr_par' dir='ltr' id='par_1_41' title="bbox 1930 1359 3493 1430">
     <span class='ocr_line' id='line_1_41' title="bbox 1930 1359 3493 1430; baseline 0.005 -17"><span class='ocrx_word' id='word_1_305' title='bbox 1930 1360 2075 1413; x_wconf 88' lang='lat' dir='ltr'><strong>enim</strong></span> <span class='ocrx_word' id='word_1_306' title='bbox 2108 1359 2313 1414; x_wconf 87' lang='lat' dir='ltr'><strong>scelere</strong></span> <span class='ocrx_word' id='word_1_307' title='bbox 2345 1359 2695 1425; x_wconf 86' lang='lat' dir='ltr'><strong>laboriosius,</strong></span> <span class='ocrx_word' id='word_1_308' title='bbox 2726 1370 2781 1415; x_wconf 89' lang='lat' dir='ltr'><strong>et</strong></span> <span class='ocrx_word' id='word_1_309' title='bbox 2812 1362 2946 1415; x_wconf 81' lang='lat' dir='ltr'><strong>nihil</strong></span> <span class='ocrx_word' id='word_1_310' title='bbox 3000 1363 3277 1430; x_wconf 74' lang='lat' dir='ltr'><strong>impietate</strong></span> <span class='ocrx_word' id='word_1_311' title='bbox 3321 1367 3493 1420; x_wconf 88' lang='lat' dir='ltr'><strong>imbe-</strong></span> 
     </span>
    </p>
   </div>
   <div class='ocr_carea' id='block_1_42' title="bbox 1930 1450 3497 1523">
    <p class='ocr_par' dir='ltr' id='par_1_42' title="bbox 1930 1450 3497 1523">
     <span class='ocr_line' id='line_1_42' title="bbox 1930 1450 3497 1523; baseline 0.004 -18"><span class='ocrx_word' id='word_1_312' title='bbox 1930 1451 2133 1505; x_wconf 85' lang='lat' dir='ltr'><strong>cillius.</strong></span> <span class='ocrx_word' id='word_1_313' title='bbox 2154 1450 2389 1505; x_wconf 79' lang='lat' dir='ltr'><strong>Proinde</strong></span> <span class='ocrx_word' id='word_1_314' title='bbox 2406 1453 2658 1515; x_wconf 76' lang='lat' dir='ltr'><strong>observa,</strong></span> <span class='ocrx_word' id='word_1_315' title='bbox 2680 1454 2955 1521; x_wconf 90' lang='lat' dir='ltr'><strong>quomodo</strong></span> <span class='ocrx_word' id='word_1_316' title='bbox 2977 1455 3307 1523; x_wconf 76' lang='lat' dir='ltr'><strong>impietatem</strong></span> <span class='ocrx_word' id='word_1_317' title='bbox 3337 1468 3497 1512; x_wconf 86' lang='lat' dir='ltr'><strong>vocat</strong></span> 
     </span>
    </p>
   </div>
   <div class='ocr_carea' id='block_1_43' title="bbox 1932 1540 3495 1615">
    <p class='ocr_par' dir='ltr' id='par_1_43' title="bbox 1932 1540 3495 1615">
     <span class='ocr_line' id='line_1_43' title="bbox 1932 1540 3495 1615; baseline 0.004 -22"><span class='ocrx_word' id='word_1_318' title='bbox 1932 1540 2108 1610; x_wconf 82' lang='lat' dir='ltr'><strong>ipsam</strong></span> <span class='ocrx_word' id='word_1_319' title='bbox 2145 1540 2472 1609; x_wconf 89' lang='lat' dir='ltr'><strong>injustitiam</strong></span> <span class='ocrx_word' id='word_1_320' title='bbox 2520 1542 2600 1595; x_wconf 84' lang='lat' dir='ltr'><strong>vel</strong></span> <span class='ocrx_word' id='word_1_321' title='bbox 2642 1551 2855 1595; x_wconf 92' lang='lat' dir='ltr'><strong>torvum</strong></span> <span class='ocrx_word' id='word_1_322' title='bbox 2899 1544 3244 1613; x_wconf 89' lang='lat' dir='ltr'><strong>inspiciendo</strong></span> <span class='ocrx_word' id='word_1_323' title='bbox 3296 1548 3495 1615; x_wconf 79' lang='lat' dir='ltr'><strong>injuste</strong></span> 
     </span>
    </p>
   </div>
   <div class='ocr_carea' id='block_1_44' title="bbox 1928 1632 3495 1703">
    <p class='ocr_par' dir='ltr' id='par_1_44' title="bbox 1928 1632 3495 1703">
     <span class='ocr_line' id='line_1_44' title="bbox 1928 1632 3495 1703; baseline 0.003 -15"><span class='ocrx_word' id='word_1_324' title='bbox 1928 1642 2182 1703; x_wconf 79' lang='lat' dir='ltr'><strong>agentes,</strong></span> <span class='ocrx_word' id='word_1_325' title='bbox 2239 1632 2319 1686; x_wconf 82' lang='lat' dir='ltr'><strong>vel</strong></span> <span class='ocrx_word' id='word_1_326' title='bbox 2365 1633 2627 1687; x_wconf 89' lang='lat' dir='ltr'><strong>terrendo</strong></span> <span class='ocrx_word' id='word_1_327' title='bbox 2659 1635 2824 1689; x_wconf 75' lang='lat' dir='ltr'><strong>etiam</strong></span> <span class='ocrx_word' id='word_1_328' title='bbox 2860 1637 2930 1689; x_wconf 92' lang='lat' dir='ltr'><strong>oh</strong></span> <span class='ocrx_word' id='word_1_329' title='bbox 2974 1640 3246 1692; x_wconf 85' lang='lat' dir='ltr'><strong>sermonis</strong></span> <span class='ocrx_word' id='word_1_330' title='bbox 3276 1656 3495 1692; x_wconf 80' lang='lat' dir='ltr'><strong>amaru-</strong></span> 
     </span>
    </p>
   </div>
   <div class='ocr_carea' id='block_1_45' title="bbox 1929 1723 3493 1780">
    <p class='ocr_par' dir='ltr' id='par_1_45' title="bbox 1929 1723 3493 1780">
     <span class='ocr_line' id='line_1_45' title="bbox 1929 1723 3493 1780; baseline -0.001 -1"><span class='ocrx_word' id='word_1_331' title='bbox 1929 1724 2174 1779; x_wconf 88' lang='lat' dir='ltr'><strong>lentiam.</strong></span> <span class='ocrx_word' id='word_1_332' title='bbox 2214 1724 2292 1777; x_wconf 82' lang='lat' dir='ltr'><strong>Ac</strong></span> <span class='ocrx_word' id='word_1_333' title='bbox 2320 1724 2673 1778; x_wconf 79' lang='lat' dir='ltr'><strong>verisimilem</strong></span> <span class='ocrx_word' id='word_1_334' title='bbox 2710 1723 2942 1779; x_wconf 80' lang='lat' dir='ltr'><strong>fortasse</strong></span> <span class='ocrx_word' id='word_1_335' title='bbox 2976 1727 3063 1779; x_wconf 91' lang='lat' dir='ltr'><strong>hic</strong></span> <span class='ocrx_word' id='word_1_336' title='bbox 3098 1742 3296 1780; x_wconf 88' lang='lat' dir='ltr'><strong>sensus</strong></span> <span class='ocrx_word' id='word_1_337' title='bbox 3325 1731 3493 1780; x_wconf 79' lang='lat' dir='ltr'><strong>ratiu-</strong></span> 
     </span>
    </p>
   </div>
   <div class='ocr_carea' id='block_1_46' title="bbox 1929 1815 3493 1885">
    <p class='ocr_par' dir='ltr' id='par_1_46' title="bbox 1929 1815 3493 1885">
     <span class='ocr_line' id='line_1_46' title="bbox 1929 1815 3493 1885; baseline 0.002 -16"><span class='ocrx_word' id='word_1_338' title='bbox 1929 1831 2049 1872; x_wconf 90' lang='lat' dir='ltr'><strong>nem</strong></span> <span class='ocrx_word' id='word_1_339' title='bbox 2077 1815 2278 1870; x_wconf 84' lang='lat' dir='ltr'><strong>habere</strong></span> <span class='ocrx_word' id='word_1_340' title='bbox 2303 1822 2489 1885; x_wconf 87' lang='lat' dir='ltr'><strong>queat.</strong></span> <span class='ocrx_word' id='word_1_341' title='bbox 2516 1815 2730 1869; x_wconf 86' lang='lat' dir='ltr'><strong>Etenim</strong></span> <span class='ocrx_word' id='word_1_342' title='bbox 2757 1816 2800 1868; x_wconf 88' lang='lat' dir='ltr'><strong>si</strong></span> <span class='ocrx_word' id='word_1_343' title='bbox 2835 1816 2927 1882; x_wconf 86' lang='lat' dir='ltr'><strong>qui</strong></span> <span class='ocrx_word' id='word_1_344' title='bbox 2958 1818 3237 1871; x_wconf 89' lang='lat' dir='ltr'><strong>minimum</strong></span> <span class='ocrx_word' id='word_1_345' title='bbox 3272 1819 3421 1872; x_wconf 69' lang='lat' dir='ltr'><strong>fratri</strong></span> <span class='ocrx_word' id='word_1_346' title='bbox 3449 1840 3493 1873; x_wconf 87' lang='lat' dir='ltr'><strong>.n</strong></span> 
     </span>
    </p>
   </div>
   <div class='ocr_carea' id='block_1_47' title="bbox 1926 1908 3489 1979">
    <p class='ocr_par' dir='ltr' id='par_1_47' title="bbox 1926 1908 3489 1979">
     <span class='ocr_line' id='line_1_47' title="bbox 1926 1908 3489 1979; baseline -0.001 -15"><span class='ocrx_word' id='word_1_347' title='bbox 1926 1924 2034 1964; x_wconf 91' lang='lat' dir='ltr'><strong>non</strong></span> <span class='ocrx_word' id='word_1_348' title='bbox 2066 1908 2242 1963; x_wconf 85' lang='lat' dir='ltr'><strong>reficit</strong></span> <span class='ocrx_word' id='word_1_349' title='bbox 2281 1908 2481 1977; x_wconf 89' lang='lat' dir='ltr'><strong>epulis,</strong></span> <span class='ocrx_word' id='word_1_350' title='bbox 2529 1908 2699 1963; x_wconf 85' lang='lat' dir='ltr'><strong>Deum</strong></span> <span class='ocrx_word' id='word_1_351' title='bbox 2735 1924 2841 1963; x_wconf 91' lang='lat' dir='ltr'><strong>non</strong></span> <span class='ocrx_word' id='word_1_352' title='bbox 2878 1911 3092 1964; x_wconf 86' lang='lat' dir='ltr'><strong>reficit:</strong></span> <span class='ocrx_word' id='word_1_353' title='bbox 3138 1909 3197 1963; x_wconf 83' lang='grc' dir='ltr'><strong>1η</strong></span> <span class='ocrx_word' id='word_1_354' title='bbox 3237 1924 3489 1979; x_wconf 82' lang='lat' dir='ltr'><strong>quanlmr</strong></span> 
     </span>
    </p>
   </div>
   <div class='ocr_carea' id='block_1_48' title="bbox 1925 2001 3492 2071">
    <p class='ocr_par' dir='ltr' id='par_1_48' title="bbox 1925 2001 3492 2071">
     <span class='ocr_line' id='line_1_48' title="bbox 1925 2001 3492 2071; baseline 0 -16"><span class='ocrx_word' id='word_1_355' title='bbox 1925 2003 2061 2056; x_wconf 79' lang='lat' dir='ltr'><strong>enim</strong></span> <span class='ocrx_word' id='word_1_356' title='bbox 2103 2017 2205 2054; x_wconf 83' lang='lat' dir='ltr'><strong>non</strong></span> <span class='ocrx_word' id='word_1_357' title='bbox 2238 2001 2437 2069; x_wconf 76' lang='lat' dir='ltr'><strong>fecistis</strong></span> <span class='ocrx_word' id='word_1_358' title='bbox 2467 2003 2557 2053; x_wconf 86' lang='lat' dir='ltr'><strong>uni</strong></span> <span class='ocrx_word' id='word_1_359' title='bbox 2589 2016 2653 2053; x_wconf 75' lang='lat' dir='ltr'><strong>ex</strong></span> <span class='ocrx_word' id='word_1_360' title='bbox 2690 2002 2919 2054; x_wconf 79' lang='lat' dir='ltr'><strong>minimis</strong></span> <span class='ocrx_word' id='word_1_361' title='bbox 2950 2003 3112 2065; x_wconf 82' lang='lat' dir='ltr'><strong>hisce,</strong></span> <span class='ocrx_word' id='word_1_362' title='bbox 3163 2020 3325 2071; x_wconf 80' lang='lat' dir='ltr'><strong>neque</strong></span> <span class='ocrx_word' id='word_1_363' title='bbox 3367 2006 3492 2055; x_wconf 72' lang='lat' dir='ltr'><strong>mihi</strong></span> 
     </span>
    </p>
   </div>
   <div class='ocr_carea' id='block_1_49' title="bbox 1924 2094 3489 2164">
    <p class='ocr_par' dir='ltr' id='par_1_49' title="bbox 1924 2094 3489 2164">
     <span class='ocr_line' id='line_1_49' title="bbox 1924 2094 3489 2164; baseline 0.001 -17"><span class='ocrx_word' id='word_1_364' title='bbox 1924 2094 2125 2163; x_wconf 77' lang='lat' dir='ltr'><strong>fecistis</strong></span> <span class='ocrx_word' id='word_1_365' title='bbox 2150 2096 2194 2126; x_wconf 84' lang='lat'><strong>&quot;</strong></span> <span class='ocrx_word' id='word_1_366' title='bbox 2226 2111 2239 2148; x_wconf 91' lang='lat'><strong>:</strong></span> <span class='ocrx_word' id='word_1_367' title='bbox 2271 2094 2631 2162; x_wconf 87' lang='lat' dir='ltr'><strong>consequitur</strong></span> <span class='ocrx_word' id='word_1_368' title='bbox 2668 2095 2761 2163; x_wconf 89' lang='lat' dir='ltr'><strong>(ne</strong></span> <span class='ocrx_word' id='word_1_369' title='bbox 2806 2094 3053 2161; x_wconf 89' lang='lat' dir='ltr'><strong>plurihus</strong></span> <span class='ocrx_word' id='word_1_370' title='bbox 3108 2100 3295 2163; x_wconf 75' lang='lat' dir='ltr'><strong>again)</strong></span> <span class='ocrx_word' id='word_1_371' title='bbox 3349 2098 3489 2164; x_wconf 83' lang='lat' dir='ltr'><strong>quod</strong></span> 
     </span>
    </p>
   </div>
   <div class='ocr_carea' id='block_1_50' title="bbox 1922 2189 3489 2261">
    <p class='ocr_par' dir='ltr' id='par_1_50' title="bbox 1922 2189 3489 2261">
     <span class='ocr_line' id='line_1_50' title="bbox 1922 2189 3489 2261; baseline 0.001 -20"><span class='ocrx_word' id='word_1_372' title='bbox 1922 2190 2014 2259; x_wconf 87' lang='lat' dir='ltr'><strong>qui</strong></span> <span class='ocrx_word' id='word_1_373' title='bbox 2046 2190 2192 2259; x_wconf 91' lang='lat' dir='ltr'><strong>inopi</strong></span> <span class='ocrx_word' id='word_1_374' title='bbox 2224 2189 2458 2259; x_wconf 89' lang='lat' dir='ltr'><strong>injurius</strong></span> <span class='ocrx_word' id='word_1_375' title='bbox 2480 2200 2585 2254; x_wconf 84' lang='lat' dir='ltr'><strong>est,</strong></span> <span class='ocrx_word' id='word_1_376' title='bbox 2621 2189 2730 2243; x_wconf 89' lang='lat' dir='ltr'><strong>Deo</strong></span> <span class='ocrx_word' id='word_1_377' title='bbox 2757 2191 2863 2243; x_wconf 90' lang='lat' dir='ltr'><strong>vim</strong></span> <span class='ocrx_word' id='word_1_378' title='bbox 2893 2191 3109 2245; x_wconf 71' lang='lat' dir='ltr'><strong>inferat.</strong></span> <span class='ocrx_word' id='word_1_379' title='bbox 3141 2192 3261 2244; x_wconf 82' lang='lat' dir='ltr'><strong>.laut</strong></span> <span class='ocrx_word' id='word_1_380' title='bbox 3296 2195 3489 2261; x_wconf 64' lang='lat' dir='ltr'><strong>injuria</strong></span> 
     </span>
    </p>
   </div>
   <div class='ocr_carea' id='block_1_51' title="bbox 1922 2279 3489 2350">
    <p class='ocr_par' dir='ltr' id='par_1_51' title="bbox 1922 2279 3489 2350">
     <span class='ocr_line' id='line_1_51' title="bbox 1922 2279 3489 2350; baseline 0.003 -16"><span class='ocrx_word' id='word_1_381' title='bbox 1922 2282 1978 2334; x_wconf 86' lang='lat' dir='ltr'><strong>in</strong></span> <span class='ocrx_word' id='word_1_382' title='bbox 2011 2279 2202 2344; x_wconf 90' lang='lat' dir='ltr'><strong>Deum,</strong></span> <span class='ocrx_word' id='word_1_383' title='bbox 2237 2282 2375 2343; x_wconf 83' lang='lat' dir='ltr'><strong>ipsa,</strong></span> <span class='ocrx_word' id='word_1_384' title='bbox 2439 2292 2497 2334; x_wconf 88' lang='lat' dir='ltr'><strong>ut</strong></span> <span class='ocrx_word' id='word_1_385' title='bbox 2524 2284 2739 2350; x_wconf 90' lang='lat' dir='ltr'><strong>opinor,</strong></span> <span class='ocrx_word' id='word_1_386' title='bbox 2777 2291 2860 2335; x_wconf 88' lang='lat' dir='ltr'><strong>est</strong></span> <span class='ocrx_word' id='word_1_387' title='bbox 2898 2284 3167 2350; x_wconf 76' lang='lat' dir='ltr'><strong>impietas.</strong></span> <span class='ocrx_word' id='word_1_388' title='bbox 3225 2285 3489 2339; x_wconf 66' lang='lat' dir='ltr'><strong>l’raaterea</strong></span> 
     </span>
    </p>
   </div>
   <div class='ocr_carea' id='block_1_52' title="bbox 1926 2372 3490 2448">
    <p class='ocr_par' dir='ltr' id='par_1_52' title="bbox 1926 2372 3490 2448">
     <span class='ocr_line' id='line_1_52' title="bbox 1926 2372 3490 2448; baseline 0.004 -23"><span class='ocrx_word' id='word_1_389' title='bbox 1926 2372 2165 2426; x_wconf 85' lang='lat' dir='ltr'><strong>humana</strong></span> <span class='ocrx_word' id='word_1_390' title='bbox 2198 2385 2417 2435; x_wconf 88' lang='lat' dir='ltr'><strong>natura,</strong></span> <span class='ocrx_word' id='word_1_391' title='bbox 2466 2374 2537 2428; x_wconf 94' lang='lat' dir='ltr'><strong>ob</strong></span> <span class='ocrx_word' id='word_1_392' title='bbox 2573 2376 2814 2429; x_wconf 79' lang='lat' dir='ltr'><strong>mandati</strong></span> <span class='ocrx_word' id='word_1_393' title='bbox 2869 2381 3381 2448; x_wconf 72' lang='lat' dir='ltr'><strong>transgressionem,</strong></span> <span class='ocrx_word' id='word_1_394' title='bbox 3439 2382 3490 2431; x_wconf 90' lang='lat' dir='ltr'><strong>in</strong></span> 
     </span>
    </p>
   </div>
   <div class='ocr_carea' id='block_1_53' title="bbox 1924 2466 3491 2536">
    <p class='ocr_par' dir='ltr' id='par_1_53' title="bbox 1924 2466 3491 2536">
     <span class='ocr_line' id='line_1_53' title="bbox 1924 2466 3491 2536; baseline 0.003 -16"><span class='ocrx_word' id='word_1_395' title='bbox 1924 2466 2126 2521; x_wconf 85' lang='lat' dir='ltr'><strong>sudore</strong></span> <span class='ocrx_word' id='word_1_396' title='bbox 2159 2466 2313 2522; x_wconf 83' lang='lat' dir='ltr'><strong>faciei</strong></span> <span class='ocrx_word' id='word_1_397' title='bbox 2344 2470 2529 2522; x_wconf 79' lang='lat' dir='ltr'><strong>vivere</strong></span> <span class='ocrx_word' id='word_1_398' title='bbox 2566 2470 2950 2536; x_wconf 83' lang='lat' dir='ltr'><strong>condemnata,</strong></span> <span class='ocrx_word' id='word_1_399' title='bbox 2981 2482 3034 2526; x_wconf 91' lang='lat' dir='ltr'><strong>et</strong></span> <span class='ocrx_word' id='word_1_400' title='bbox 3072 2474 3122 2525; x_wconf 93' lang='lat' dir='ltr'><strong>in</strong></span> <span class='ocrx_word' id='word_1_401' title='bbox 3162 2475 3491 2527; x_wconf 80' lang='lat' dir='ltr'><strong>mteroriltus</strong></span> 
     </span>
    </p>
   </div>
   <div class='ocr_carea' id='block_1_54' title="bbox 1924 2560 3491 2630">
    <p class='ocr_par' dir='ltr' id='par_1_54' title="bbox 1924 2560 3491 2630">
     <span class='ocr_line' id='line_1_54' title="bbox 1924 2560 3491 2630; baseline 0.006 -21"><span class='ocrx_word' id='word_1_402' title='bbox 1924 2574 2119 2629; x_wconf 78' lang='lat' dir='ltr'><strong>parere</strong></span> <span class='ocrx_word' id='word_1_403' title='bbox 2158 2560 2386 2621; x_wconf 82' lang='lat' dir='ltr'><strong>liberos,</strong></span> <span class='ocrx_word' id='word_1_404' title='bbox 2435 2562 2549 2614; x_wconf 74' lang='lat' dir='ltr'><strong>ltzec</strong></span> <span class='ocrx_word' id='word_1_405' title='bbox 2600 2561 2771 2630; x_wconf 80' lang='lat' dir='ltr'><strong>luget,</strong></span> <span class='ocrx_word' id='word_1_406' title='bbox 2820 2580 3070 2630; x_wconf 74' lang='lat' dir='ltr'><strong>qua-rens</strong></span> <span class='ocrx_word' id='word_1_407' title='bbox 3119 2566 3491 2619; x_wconf 86' lang='lat' dir='ltr'><strong>liberationem</strong></span> 
     </span>
    </p>
   </div>
   <div class='ocr_carea' id='block_1_55' title="bbox 1922 2652 3494 2721">
    <p class='ocr_par' dir='ltr' id='par_1_55' title="bbox 1922 2652 3494 2721">
     <span class='ocr_line' id='line_1_55' title="bbox 1922 2652 3494 2721; baseline 0.005 -18"><span class='ocrx_word' id='word_1_408' title='bbox 1922 2667 2084 2721; x_wconf 88' lang='lat' dir='ltr'><strong>quam</strong></span> <span class='ocrx_word' id='word_1_409' title='bbox 2140 2652 2320 2710; x_wconf 87' lang='lat' dir='ltr'><strong>Filius</strong></span> <span class='ocrx_word' id='word_1_410' title='bbox 2366 2653 2458 2709; x_wconf 88' lang='lat' dir='ltr'><strong>Dei</strong></span> <span class='ocrx_word' id='word_1_411' title='bbox 2508 2656 2814 2711; x_wconf 85' lang='lat' dir='ltr'><strong>donaturus</strong></span> <span class='ocrx_word' id='word_1_412' title='bbox 2848 2658 2897 2709; x_wconf 90' lang='lat' dir='ltr'><strong>ei</strong></span> <span class='ocrx_word' id='word_1_413' title='bbox 2954 2667 3093 2711; x_wconf 86' lang='lat' dir='ltr'><strong>erat.</strong></span> <span class='ocrx_word' id='word_1_414' title='bbox 3124 2660 3201 2710; x_wconf 82' lang='lat' dir='ltr'><strong>Ad</strong></span> <span class='ocrx_word' id='word_1_415' title='bbox 3239 2659 3371 2719; x_wconf 74' lang='lat' dir='ltr'><strong>hazc,</strong></span> <span class='ocrx_word' id='word_1_416' title='bbox 3404 2675 3494 2711; x_wconf 80' lang='lat' dir='ltr'><strong>ae-</strong></span> 
     </span>
    </p>
   </div>
   <div class='ocr_carea' id='block_1_56' title="bbox 1922 2747 3491 2819">
    <p class='ocr_par' dir='ltr' id='par_1_56' title="bbox 1922 2747 3491 2819">
     <span class='ocr_line' id='line_1_56' title="bbox 1922 2747 3491 2819; baseline 0.003 -22"><span class='ocrx_word' id='word_1_417' title='bbox 1922 2751 2079 2812; x_wconf 88' lang='lat' dir='ltr'><strong>cepta</strong></span> <span class='ocrx_word' id='word_1_418' title='bbox 2126 2747 2315 2815; x_wconf 60' lang='lat' dir='ltr'><strong>gratim</strong></span> <span class='ocrx_word' id='word_1_419' title='bbox 2350 2756 2411 2800; x_wconf 90' lang='lat' dir='ltr'><strong>ut</strong></span> <span class='ocrx_word' id='word_1_420' title='bbox 2461 2748 2663 2802; x_wconf 81' lang='lat' dir='ltr'><strong>excitet</strong></span> <span class='ocrx_word' id='word_1_421' title='bbox 2719 2758 3057 2819; x_wconf 83' lang='lat' dir='ltr'><strong>peccatores,</strong></span> <span class='ocrx_word' id='word_1_422' title='bbox 3112 2749 3280 2803; x_wconf 90' lang='lat' dir='ltr'><strong>Deum</strong></span> <span class='ocrx_word' id='word_1_423' title='bbox 3337 2762 3491 2818; x_wconf 70' lang='lat' dir='ltr'><strong>rogat</strong></span> 
     </span>
    </p>
   </div>
   <div class='ocr_carea' id='block_1_57' title="bbox 1928 2837 3492 2908">
    <p class='ocr_par' dir='ltr' id='par_1_57' title="bbox 1928 2837 3492 2908">
     <span class='ocr_line' id='line_1_57' title="bbox 1928 2837 3492 2908; baseline 0.006 -24"><span class='ocrx_word' id='word_1_424' title='bbox 1928 2842 2103 2895; x_wconf 80' lang='lat' dir='ltr'><strong>vates.</strong></span> <span class='ocrx_word' id='word_1_425' title='bbox 2128 2850 2196 2891; x_wconf 90' lang='lat' dir='ltr'><strong>ne</strong></span> <span class='ocrx_word' id='word_1_426' title='bbox 2218 2837 2321 2891; x_wconf 87' lang='lat' dir='ltr'><strong>sibi</strong></span> <span class='ocrx_word' id='word_1_427' title='bbox 2354 2853 2521 2906; x_wconf 90' lang='lat' dir='ltr'><strong>porro</strong></span> <span class='ocrx_word' id='word_1_428' title='bbox 2545 2840 2801 2894; x_wconf 87' lang='lat' dir='ltr'><strong>ostendat</strong></span> <span class='ocrx_word' id='word_1_429' title='bbox 2835 2841 2889 2894; x_wconf 93' lang='lat' dir='ltr'><strong>in</strong></span> <span class='ocrx_word' id='word_1_430' title='bbox 2912 2842 3168 2908; x_wconf 82' lang='lat' dir='ltr'><strong>Operibus</strong></span> <span class='ocrx_word' id='word_1_431' title='bbox 3188 2842 3492 2908; x_wconf 89' lang='lat' dir='ltr'><strong>iniquitatis</strong></span> 
     </span>
    </p>
   </div>
   <div class='ocr_carea' id='block_1_58' title="bbox 1928 2927 3488 2999">
    <p class='ocr_par' dir='ltr' id='par_1_58' title="bbox 1928 2927 3488 2999">
     <span class='ocr_line' id='line_1_58' title="bbox 1928 2927 3488 2999; baseline 0.003 -23"><span class='ocrx_word' id='word_1_432' title='bbox 1928 2934 2247 2991; x_wconf 86' lang='lat' dir='ltr'><strong>occupatus.</strong></span> <span class='ocrx_word' id='word_1_433' title='bbox 2283 2935 2337 2979; x_wconf 91' lang='lat' dir='ltr'><strong>et</strong></span> <span class='ocrx_word' id='word_1_434' title='bbox 2369 2929 2421 2981; x_wconf 90' lang='lat' dir='ltr'><strong>in</strong></span> <span class='ocrx_word' id='word_1_435' title='bbox 2456 2927 2558 2982; x_wconf 86' lang='lat' dir='ltr'><strong>hoc</strong></span> <span class='ocrx_word' id='word_1_436' title='bbox 2592 2928 2769 2999; x_wconf 89' lang='lat' dir='ltr'><strong>ipsum</strong></span> <span class='ocrx_word' id='word_1_437' title='bbox 2804 2930 3203 2994; x_wconf 88' lang='lat' dir='ltr'><strong>incumbentes,</strong></span> <span class='ocrx_word' id='word_1_438' title='bbox 3241 2941 3298 2982; x_wconf 93' lang='lat' dir='ltr'><strong>ut</strong></span> <span class='ocrx_word' id='word_1_439' title='bbox 3339 2930 3488 2998; x_wconf 84' lang='lat' dir='ltr'><strong>impii</strong></span> 
     </span>
    </p>
   </div>
   <div class='ocr_carea' id='block_1_59' title="bbox 1926 3011 3487 3089">
    <p class='ocr_par' dir='ltr' id='par_1_59' title="bbox 1926 3011 3487 3089">
     <span class='ocr_line' id='line_1_59' title="bbox 1926 3011 3487 3089; baseline 0.003 -24"><span class='ocrx_word' id='word_1_440' title='bbox 1926 3011 2037 3065; x_wconf 86' lang='lat' dir='ltr'><strong>sint</strong></span> <span class='ocrx_word' id='word_1_441' title='bbox 2079 3013 2133 3066; x_wconf 89' lang='lat' dir='ltr'><strong>in</strong></span> <span class='ocrx_word' id='word_1_442' title='bbox 2167 3014 2356 3067; x_wconf 89' lang='lat' dir='ltr'><strong>Deum.</strong></span> <span class='ocrx_word' id='word_1_443' title='bbox 2392 3019 2555 3072; x_wconf 84' lang='lat' dir='ltr'><strong>&#39;l&#39;ales</strong></span> <span class='ocrx_word' id='word_1_444' title='bbox 2591 3019 2739 3073; x_wconf 88' lang='lat' dir='ltr'><strong>enim</strong></span> <span class='ocrx_word' id='word_1_445' title='bbox 2773 3019 2967 3073; x_wconf 77' lang='lat' dir='ltr'><strong>Filium</strong></span> <span class='ocrx_word' id='word_1_446' title='bbox 3019 3020 3108 3073; x_wconf 90' lang='lat' dir='ltr'><strong>Dei</strong></span> <span class='ocrx_word' id='word_1_447' title='bbox 3147 3022 3487 3089; x_wconf 88' lang='lat' dir='ltr'><strong>proculcant,</strong></span> 
     </span>
    </p>
   </div>
   <div class='ocr_carea' id='block_1_60' title="bbox 244 3100 3490 3181">
    <p class='ocr_par' dir='ltr' id='par_1_60' title="bbox 244 3100 3490 3181">
     <span class='ocr_line' id='line_1_60' title="bbox 244 3100 3490 3181; baseline 0.001 -19"><span class='ocrx_word' id='word_1_448' title='bbox 244 3118 302 3162; x_wconf 83' lang='lat' dir='ltr'><strong>et</strong></span> <span class='ocrx_word' id='word_1_449' title='bbox 332 3106 653 3175; x_wconf 77' lang='lat' dir='ltr'><strong>sanguinem</strong></span> <span class='ocrx_word' id='word_1_450' title='bbox 684 3105 994 3159; x_wconf 85' lang='lat' dir='ltr'><strong>testamenti</strong></span> <span class='ocrx_word' id='word_1_451' title='bbox 1042 3100 1360 3171; x_wconf 86' lang='lat' dir='ltr'><strong>profanant,</strong></span> <span class='ocrx_word' id='word_1_452' title='bbox 1400 3117 1496 3171; x_wconf 87' lang='lat' dir='ltr'><strong>per</strong></span> <span class='ocrx_word' id='word_1_453' title='bbox 1525 3115 1686 3171; x_wconf 88' lang='lat' dir='ltr'><strong>quem</strong></span> <span class='ocrx_word' id='word_1_454' title='bbox 1764 3108 1947 3157; x_wconf 86' lang='lat' dir='ltr'><strong>tamen</strong></span> <span class='ocrx_word' id='word_1_455' title='bbox 2012 3105 2335 3160; x_wconf 84' lang='lat' dir='ltr'><strong>sanctiﬁcati</strong></span> <span class='ocrx_word' id='word_1_456' title='bbox 2387 3119 2551 3173; x_wconf 89' lang='lat' dir='ltr'><strong>sunt,</strong></span> <span class='ocrx_word' id='word_1_457' title='bbox 2597 3120 2649 3164; x_wconf 89' lang='lat' dir='ltr'><strong>et</strong></span> <span class='ocrx_word' id='word_1_458' title='bbox 2698 3110 2965 3180; x_wconf 88' lang='lat' dir='ltr'><strong>Spiritum</strong></span> <span class='ocrx_word' id='word_1_459' title='bbox 3038 3114 3225 3181; x_wconf 71' lang='lat' dir='ltr'><strong>gratia:</strong></span> <span class='ocrx_word' id='word_1_460' title='bbox 3293 3124 3490 3166; x_wconf 83' lang='lat' dir='ltr'><strong>cuntu-</strong></span> 
     </span>
    </p>
   </div>
   <div class='ocr_carea' id='block_1_61' title="bbox 246 3198 1084 3271">
    <p class='ocr_par' dir='ltr' id='par_1_61' title="bbox 246 3198 1084 3271">
     <span class='ocr_line' id='line_1_61' title="bbox 246 3198 1084 3271; baseline -0.007 -13"><span class='ocrx_word' id='word_1_461' title='bbox 246 3205 407 3259; x_wconf 78' lang='lat' dir='ltr'><strong>melia</strong></span> <span class='ocrx_word' id='word_1_462' title='bbox 437 3211 491 3257; x_wconf 87' lang='lat' dir='ltr'><strong>et</strong></span> <span class='ocrx_word' id='word_1_463' title='bbox 519 3203 720 3271; x_wconf 83' lang='lat' dir='ltr'><strong>injuria</strong></span> <span class='ocrx_word' id='word_1_464' title='bbox 752 3201 993 3253; x_wconf 80' lang='lat' dir='ltr'><strong>alliciunt</strong></span> <span class='ocrx_word' id='word_1_465' title='bbox 1015 3198 1084 3252; x_wconf 83' lang='lat'><strong>”.</strong></span> 
     </span>
    </p>
   </div>
   <div class='ocr_carea' id='block_1_62' title="bbox 318 3288 1987 3361">
    <p class='ocr_par' dir='ltr' id='par_1_62' title="bbox 318 3288 1987 3361">
     <span class='ocr_line' id='line_1_62' title="bbox 318 3288 1987 3361; baseline -0.005 -13"><span class='ocrx_word' id='word_1_466' title='bbox 318 3294 414 3359; x_wconf 80' lang='grc' dir='ltr'><strong>Ἐξ</strong></span> <span class='ocrx_word' id='word_1_467' title='bbox 438 3295 714 3358; x_wconf 68' lang='grc' dir='ltr'>ἐναντίας</span> <span class='ocrx_word' id='word_1_468' title='bbox 742 3292 947 3361; x_wconf 57' lang='grc' dir='ltr'>γέγονε</span> <span class='ocrx_word' id='word_1_469' title='bbox 959 3291 1176 3357; x_wconf 75' lang='grc' dir='ltr'>κρίσις,</span> <span class='ocrx_word' id='word_1_470' title='bbox 1191 3289 1290 3343; x_wconf 79' lang='grc' dir='ltr'><strong>καί</strong></span> <span class='ocrx_word' id='word_1_471' title='bbox 1307 3292 1338 3342; x_wconf 87' lang='grc' dir='ltr'><strong>ό</strong></span> <span class='ocrx_word' id='word_1_472' title='bbox 1363 3288 1565 3357; x_wconf 80' lang='grc' dir='ltr'>κριτὴς</span> <span class='ocrx_word' id='word_1_473' title='bbox 1583 3288 1807 3357; x_wconf 69' lang='grc' dir='ltr'>λαμϐάο</span> <span class='ocrx_word' id='word_1_474' title='bbox 1832 3290 1879 3352; x_wconf 84' lang='lat' dir='ltr'><strong>C</strong></span> <span class='ocrx_word' id='word_1_475' title='bbox 1981 3324 1987 3340; x_wconf 83' lang='lat'><em>.</em></span> 
     </span>
    </p>
   </div>
   <div class='ocr_carea' id='block_1_63' title="bbox 1805 3288 3474 3361">
    <p class='ocr_par' dir='ltr' id='par_1_63' title="bbox 1805 3288 3474 3357">
     <span class='ocr_line' id='line_1_63' title="bbox 1805 3288 3474 3357; baseline 0.002 -16"><span class='ocrx_word' id='word_1_476' title='bbox 1805 3290 1879 3352; x_wconf 19' lang='lat' dir='ltr'><strong>VC</strong></span> <span class='ocrx_word' id='word_1_477' title='bbox 1981 3288 2257 3341; x_wconf 73' lang='lat' dir='ltr'><strong>Iudicium</strong></span> <span class='ocrx_word' id='word_1_478' title='bbox 2289 3290 2539 3342; x_wconf 85' lang='lat' dir='ltr'><strong>adversus</strong></span> <span class='ocrx_word' id='word_1_479' title='bbox 2567 3304 2645 3342; x_wconf 83' lang='lat' dir='ltr'><strong>me</strong></span> <span class='ocrx_word' id='word_1_480' title='bbox 2674 3289 2952 3352; x_wconf 78' lang='lat' dir='ltr'><strong>statuitur,</strong></span> <span class='ocrx_word' id='word_1_481' title='bbox 2987 3299 3035 3343; x_wconf 85' lang='lat' dir='ltr'><strong>et</strong></span> <span class='ocrx_word' id='word_1_482' title='bbox 3060 3293 3231 3357; x_wconf 82' lang='lat' dir='ltr'><strong>judea:</strong></span> <span class='ocrx_word' id='word_1_483' title='bbox 3262 3293 3474 3350; x_wconf 72' lang='lat' dir='ltr'><strong>accipit.</strong></span> 
     </span>
    </p>
   </div>
   <div class='ocr_carea' id='block_1_64' title="bbox 245 3380 1816 3455">
    <p class='ocr_par' dir='ltr' id='par_1_64' title="bbox 245 3380 1816 3455">
     <span class='ocr_line' id='line_1_64' title="bbox 245 3380 1816 3455; baseline -0.004 -15"><span class='ocrx_word' id='word_1_484' title='bbox 245 3404 338 3441; x_wconf 71' lang='grc' dir='ltr'><strong>νει</strong></span> <span class='ocrx_word' id='word_1_485' title='bbox 379 3387 511 3455; x_wconf 66' lang='grc' dir='ltr'><strong>(55ρ.</strong></span> <span class='ocrx_word' id='word_1_486' title='bbox 544 3386 822 3438; x_wconf 87' lang='grc' dir='ltr'>Δείκνυσιν</span> <span class='ocrx_word' id='word_1_487' title='bbox 848 3384 877 3436; x_wconf 93' lang='lat'><strong>6</strong></span> <span class='ocrx_word' id='word_1_488' title='bbox 916 3381 1225 3452; x_wconf 79' lang='grc' dir='ltr'>προφήτης,</span> <span class='ocrx_word' id='word_1_489' title='bbox 1256 3382 1339 3433; x_wconf 86' lang='grc' dir='ltr'>ὅτι</span> <span class='ocrx_word' id='word_1_490' title='bbox 1370 3382 1466 3449; x_wconf 83' lang='grc' dir='ltr'>οὐχ</span> <span class='ocrx_word' id='word_1_491' title='bbox 1508 3380 1649 3450; x_wconf 73' lang='grc' dir='ltr'>ὑπὲρ</span> <span class='ocrx_word' id='word_1_492' title='bbox 1688 3382 1816 3433; x_wconf 78' lang='grc' dir='ltr'>ἑαυ-</span> 
     </span>
    </p>
   </div>
   <div class='ocr_carea' id='block_1_65' title="bbox 244 3472 1814 3545">
    <p class='ocr_par' dir='ltr' id='par_1_65' title="bbox 244 3472 1814 3545">
     <span class='ocr_line' id='line_1_65' title="bbox 244 3472 1814 3545; baseline -0.005 -14"><span class='ocrx_word' id='word_1_493' title='bbox 244 3478 365 3540; x_wconf 67' lang='grc' dir='ltr'>τοῦ,</span> <span class='ocrx_word' id='word_1_494' title='bbox 400 3476 513 3529; x_wconf 81' lang='grc' dir='ltr'>ἀλλ’</span> <span class='ocrx_word' id='word_1_495' title='bbox 544 3477 680 3545; x_wconf 80' lang='grc' dir='ltr'>ὑπὲρ</span> <span class='ocrx_word' id='word_1_496' title='bbox 711 3476 810 3543; x_wconf 78' lang='grc' dir='ltr'><strong>τῆς</strong></span> <span class='ocrx_word' id='word_1_497' title='bbox 840 3473 991 3536; x_wconf 78' lang='grc' dir='ltr'>θείας</span> <span class='ocrx_word' id='word_1_498' title='bbox 1030 3472 1249 3539; x_wconf 70' lang='grc' dir='ltr'>ἐντολῆς</span> <span class='ocrx_word' id='word_1_499' title='bbox 1283 3472 1814 3540; x_wconf 76' lang='grc' dir='ltr'>καταφρονουμένης,</span> 
     </span>
    </p>
   </div>
   <div class='ocr_carea' id='block_1_66' title="bbox 246 3562 1815 3637">
    <p class='ocr_par' dir='ltr' id='par_1_66' title="bbox 246 3562 1815 3637">
     <span class='ocr_line' id='line_1_66' title="bbox 246 3562 1815 3637; baseline -0.006 -15"><span class='ocrx_word' id='word_1_500' title='bbox 246 3571 345 3622; x_wconf 76' lang='grc' dir='ltr'>καὶ</span> <span class='ocrx_word' id='word_1_501' title='bbox 388 3569 525 3637; x_wconf 78' lang='grc' dir='ltr'>ὑπὲρ</span> <span class='ocrx_word' id='word_1_502' title='bbox 578 3567 822 3633; x_wconf 77' lang='grc' dir='ltr'>ἀδελφῶν</span> <span class='ocrx_word' id='word_1_503' title='bbox 871 3564 1056 3625; x_wconf 80' lang='grc' dir='ltr'>κακῶς</span> <span class='ocrx_word' id='word_1_504' title='bbox 1108 3563 1425 3631; x_wconf 71' lang='grc' dir='ltr'>πασχόντων</span> <span class='ocrx_word' id='word_1_505' title='bbox 1486 3562 1647 3629; x_wconf 83' lang='grc' dir='ltr'>ἀλγεῖ</span> <span class='ocrx_word' id='word_1_506' title='bbox 1680 3562 1815 3629; x_wconf 71' lang='grc'><strong>(54).</strong></span> 
     </span>
    </p>
   </div>
   <div class='ocr_carea' id='block_1_67' title="bbox 247 3652 1815 3728">
    <p class='ocr_par' dir='ltr' id='par_1_67' title="bbox 247 3652 1815 3728">
     <span class='ocr_line' id='line_1_67' title="bbox 247 3652 1815 3728; baseline -0.007 -14"><span class='ocrx_word' id='word_1_507' title='bbox 247 3660 546 3721; x_wconf 75' lang='grc' dir='ltr'>Βλέποντός</span> <span class='ocrx_word' id='word_1_508' title='bbox 583 3676 685 3728; x_wconf 86' lang='grc' dir='ltr'><strong>μου</strong></span> <span class='ocrx_word' id='word_1_509' title='bbox 734 3656 863 3725; x_wconf 83' lang='grc' dir='ltr'>γὰρ,</span> <span class='ocrx_word' id='word_1_510' title='bbox 920 3654 1104 3723; x_wconf 78' lang='grc' dir='ltr'>φησὶν,</span> <span class='ocrx_word' id='word_1_511' title='bbox 1137 3655 1165 3705; x_wconf 93' lang='lat'><strong>6</strong></span> <span class='ocrx_word' id='word_1_512' title='bbox 1205 3655 1393 3723; x_wconf 82' lang='grc' dir='ltr'>κριτὴς</span> <span class='ocrx_word' id='word_1_513' title='bbox 1446 3652 1592 3721; x_wconf 84' lang='grc' dir='ltr'>δῶρα</span> <span class='ocrx_word' id='word_1_514' title='bbox 1634 3652 1815 3716; x_wconf 79' lang='grc' dir='ltr'>ἔλαϐε,</span> 
     </span>
    </p>
   </div>
   <div class='ocr_carea' id='block_1_68' title="bbox 250 3743 1815 3819">
    <p class='ocr_par' dir='ltr' id='par_1_68' title="bbox 250 3743 1815 3819">
     <span class='ocr_line' id='line_1_68' title="bbox 250 3743 1815 3819; baseline -0.013 -14"><span class='ocrx_word' id='word_1_515' title='bbox 250 3753 345 3805; x_wconf 69' lang='grc' dir='ltr'><strong>καὶ</strong></span> <span class='ocrx_word' id='word_1_516' title='bbox 366 3751 457 3803; x_wconf 79' lang='grc' dir='ltr'><strong>τὸν</strong></span> <span class='ocrx_word' id='word_1_517' title='bbox 481 3751 643 3819; x_wconf 83' lang='grc' dir='ltr'>νόμον</span> <span class='ocrx_word' id='word_1_518' title='bbox 672 3746 885 3815; x_wconf 78' lang='grc' dir='ltr'>παρέϐη</span> <span class='ocrx_word' id='word_1_519' title='bbox 916 3745 1007 3797; x_wconf 70' lang='grc' dir='ltr'><strong>τὸν</strong></span> <span class='ocrx_word' id='word_1_520' title='bbox 1041 3744 1287 3811; x_wconf 68' lang='grc' dir='ltr'>λέγον-ταν</span> <span class='ocrx_word' id='word_1_521' title='bbox 1319 3745 1401 3796; x_wconf 81' lang='grc' dir='ltr'><strong>Οὐ</strong></span> <span class='ocrx_word' id='word_1_522' title='bbox 1426 3743 1599 3811; x_wconf 66' lang='grc' dir='ltr'>,λήψῃ</span> <span class='ocrx_word' id='word_1_523' title='bbox 1625 3745 1815 3811; x_wconf 76' lang='grc' dir='ltr'>πρόσ-</span> 
     </span>
    </p>
   </div>
   <div class='ocr_carea' id='block_1_69' title="bbox 248 3832 1641 3907">
    <p class='ocr_par' dir='ltr' id='par_1_69' title="bbox 248 3832 1641 3907">
     <span class='ocr_line' id='line_1_69' title="bbox 248 3832 1641 3907; baseline -0.008 -11"><span class='ocrx_word' id='word_1_524' title='bbox 248 3859 415 3896; x_wconf 78' lang='grc' dir='ltr'>ωπον</span> <span class='ocrx_word' id='word_1_525' title='bbox 445 3842 513 3894; x_wconf 88' lang='grc' dir='ltr'>ὲν</span> <span class='ocrx_word' id='word_1_526' title='bbox 533 3840 746 3907; x_wconf 75' lang='grc' dir='ltr'>κρίσει,</span> <span class='ocrx_word' id='word_1_527' title='bbox 778 3838 868 3889; x_wconf 84' lang='grc' dir='ltr'>ὅτι</span> <span class='ocrx_word' id='word_1_528' title='bbox 900 3837 936 3903; x_wconf 76' lang='grc' dir='ltr'><strong><em>ἡ</em></strong></span> <span class='ocrx_word' id='word_1_529' title='bbox 960 3836 1155 3904; x_wconf 82' lang='grc' dir='ltr'>κρίσις</span> <span class='ocrx_word' id='word_1_530' title='bbox 1178 3834 1282 3887; x_wconf 82' lang='grc' dir='ltr'>τοῦ</span> <span class='ocrx_word' id='word_1_531' title='bbox 1310 3832 1457 3888; x_wconf 82' lang='grc' dir='ltr'>Θεοῦ</span> <span class='ocrx_word' id='word_1_532' title='bbox 1490 3834 1641 3886; x_wconf 79' lang='grc' dir='ltr'>ἐστι.</span> 
     </span>
    </p>
   </div>
   <div class='ocr_carea' id='block_1_70' title="bbox 322 3922 1816 3993">
    <p class='ocr_par' dir='ltr' id='par_1_70' title="bbox 322 3922 1816 3993">
     <span class='ocr_line' id='line_1_70' title="bbox 322 3922 1816 3993; baseline -0.006 -10"><span class='ocrx_word' id='word_1_533' title='bbox 322 3932 423 3984; x_wconf 79' lang='grc' dir='ltr'><strong>Διὰ</strong></span> <span class='ocrx_word' id='word_1_534' title='bbox 445 3930 617 3984; x_wconf 83' lang='grc' dir='ltr'>τοῦτο</span> <span class='ocrx_word' id='word_1_535' title='bbox 645 3926 1063 3981; x_wconf 79' lang='grc' dir='ltr'>ὃιεσκέδασται</span> <span class='ocrx_word' id='word_1_536' title='bbox 1088 3926 1290 3993; x_wconf 82' lang='grc' dir='ltr'>νόμος,</span> <span class='ocrx_word' id='word_1_537' title='bbox 1328 3924 1423 3977; x_wconf 79' lang='grc' dir='ltr'>καὶ</span> <span class='ocrx_word' id='word_1_538' title='bbox 1459 3926 1528 3976; x_wconf 89' lang='grc' dir='ltr'>οὑ</span> <span class='ocrx_word' id='word_1_539' title='bbox 1556 3922 1816 3991; x_wconf 75' lang='grc' dir='ltr'>διεξάγε-</span> 
     </span>
    </p>
   </div>
   <div class='ocr_carea' id='block_1_71' title="bbox 249 4014 1814 4086">
    <p class='ocr_par' dir='ltr' id='par_1_71' title="bbox 249 4014 1814 4086">
     <span class='ocr_line' id='line_1_71' title="bbox 249 4014 1814 4086; baseline -0.005 -11"><span class='ocrx_word' id='word_1_540' title='bbox 249 4039 345 4075; x_wconf 75' lang='grc' dir='ltr'><strong>ται</strong></span> <span class='ocrx_word' id='word_1_541' title='bbox 398 4024 485 4086; x_wconf 77' lang='grc' dir='ltr'>εἰς</span> <span class='ocrx_word' id='word_1_542' title='bbox 536 4022 712 4084; x_wconf 66' lang='grc' dir='ltr'>τέλος</span> <span class='ocrx_word' id='word_1_543' title='bbox 753 4018 969 4086; x_wconf 77' lang='grc' dir='ltr'>κρίσις,</span> <span class='ocrx_word' id='word_1_544' title='bbox 1000 4016 1088 4069; x_wconf 84' lang='grc' dir='ltr'>ὅτι</span> <span class='ocrx_word' id='word_1_545' title='bbox 1130 4019 1163 4069; x_wconf 85' lang='grc' dir='ltr'><strong>ό</strong></span> <span class='ocrx_word' id='word_1_546' title='bbox 1208 4014 1433 4081; x_wconf 76' lang='grc' dir='ltr'>ἀσεϐὴς</span> <span class='ocrx_word' id='word_1_547' title='bbox 1484 4016 1814 4069; x_wconf 76' lang='grc' dir='ltr'>καταδυναο</span> 
     </span>
    </p>
   </div>
   <div class='ocr_carea' id='block_1_72' title="bbox 247 4107 1817 4169">
    <p class='ocr_par' dir='ltr' id='par_1_72' title="bbox 247 4107 1817 4169">
     <span class='ocr_line' id='line_1_72' title="bbox 247 4107 1817 4169; baseline -0.007 -1"><span class='ocrx_word' id='word_1_548' title='bbox 247 4116 446 4168; x_wconf 81' lang='grc' dir='ltr'>στεύει</span> <span class='ocrx_word' id='word_1_549' title='bbox 469 4114 573 4165; x_wconf 84' lang='grc' dir='ltr'>τὸν</span> <span class='ocrx_word' id='word_1_550' title='bbox 598 4112 845 4165; x_wconf 77' lang='grc' dir='ltr'>δίκαιον·</span> <span class='ocrx_word' id='word_1_551' title='bbox 880 4110 1085 4162; x_wconf 78' lang='grc' dir='ltr'>ἕνεκεν</span> <span class='ocrx_word' id='word_1_552' title='bbox 1102 4109 1313 4161; x_wconf 83' lang='grc' dir='ltr'>τούτου</span> <span class='ocrx_word' id='word_1_553' title='bbox 1344 4108 1723 4169; x_wconf 71' lang='grc' dir='ltr'>ἐξελεύσεται</span> <span class='ocrx_word' id='word_1_554' title='bbox 1752 4107 1817 4158; x_wconf 81' lang='grc' dir='ltr'>τὸ</span> 
     </span>
    </p>
   </div>
   <div class='ocr_carea' id='block_1_73' title="bbox 250 4199 1815 4275">
    <p class='ocr_par' dir='ltr' id='par_1_73' title="bbox 250 4199 1815 4275">
     <span class='ocr_line' id='line_1_73' title="bbox 250 4199 1815 4275; baseline -0.006 -17"><span class='ocrx_word' id='word_1_555' title='bbox 250 4208 431 4275; x_wconf 80' lang='grc' dir='ltr'>κρῖμα</span> <span class='ocrx_word' id='word_1_556' title='bbox 492 4202 979 4272; x_wconf 82' lang='grc' dir='ltr'>ϐιεστραμμὲνον.</span> <span class='ocrx_word' id='word_1_557' title='bbox 1040 4199 1139 4252; x_wconf 90' lang='grc' dir='ltr'>Διά</span> <span class='ocrx_word' id='word_1_558' title='bbox 1181 4200 1243 4251; x_wconf 78' lang='grc' dir='ltr'>τὸ</span> <span class='ocrx_word' id='word_1_559' title='bbox 1282 4199 1613 4268; x_wconf 85' lang='grc' dir='ltr'>λαμϐάνειν,</span> <span class='ocrx_word' id='word_1_560' title='bbox 1660 4200 1815 4269; x_wconf 76' lang='grc' dir='ltr'>φησι,</span> 
     </span>
    </p>
   </div>
   <div class='ocr_carea' id='block_1_74' title="bbox 249 4288 1818 4367">
    <p class='ocr_par' dir='ltr' id='par_1_74' title="bbox 249 4288 1818 4367">
     <span class='ocr_line' id='line_1_74' title="bbox 249 4288 1818 4367; baseline -0.005 -18"><span class='ocrx_word' id='word_1_561' title='bbox 249 4299 379 4360; x_wconf 79' lang='grc' dir='ltr'>τοὺς</span> <span class='ocrx_word' id='word_1_562' title='bbox 405 4296 597 4367; x_wconf 84' lang='grc' dir='ltr'>κριτάς</span> <span class='ocrx_word' id='word_1_563' title='bbox 624 4295 794 4364; x_wconf 82' lang='grc' dir='ltr'>δῶρα,</span> <span class='ocrx_word' id='word_1_564' title='bbox 828 4293 923 4345; x_wconf 77' lang='grc' dir='ltr'>καὶ</span> <span class='ocrx_word' id='word_1_565' title='bbox 942 4292 1031 4344; x_wconf 73' lang='grc' dir='ltr'>διὰ</span> <span class='ocrx_word' id='word_1_566' title='bbox 1055 4291 1115 4342; x_wconf 88' lang='grc' dir='ltr'>τὸ</span> <span class='ocrx_word' id='word_1_567' title='bbox 1144 4290 1515 4360; x_wconf 82' lang='grc' dir='ltr'>δυνατώτερον</span> <span class='ocrx_word' id='word_1_568' title='bbox 1549 4288 1687 4343; x_wconf 83' lang='grc' dir='ltr'>εἶναι</span> <span class='ocrx_word' id='word_1_569' title='bbox 1726 4289 1818 4341; x_wconf 84' lang='grc' dir='ltr'>τὸν</span> 
     </span>
    </p>
   </div>
   <div class='ocr_carea' id='block_1_75' title="bbox 252 4382 1818 4453">
    <p class='ocr_par' dir='ltr' id='par_1_75' title="bbox 252 4382 1818 4453">
     <span class='ocr_line' id='line_1_75' title="bbox 252 4382 1818 4453; baseline -0.011 -7"><span class='ocrx_word' id='word_1_570' title='bbox 252 4394 440 4446; x_wconf 80' lang='grc' dir='ltr'>ἄδικον</span> <span class='ocrx_word' id='word_1_571' title='bbox 469 4388 563 4441; x_wconf 77' lang='grc' dir='ltr'>τοῦ</span> <span class='ocrx_word' id='word_1_572' title='bbox 592 4388 653 4439; x_wconf 79' lang='grc' dir='ltr'>τὸ</span> <span class='ocrx_word' id='word_1_573' title='bbox 682 4386 888 4437; x_wconf 88' lang='grc' dir='ltr'>δίκαιον</span> <span class='ocrx_word' id='word_1_574' title='bbox 917 4385 1148 4453; x_wconf 81' lang='grc' dir='ltr'>ἔχοντος,</span> <span class='ocrx_word' id='word_1_575' title='bbox 1178 4382 1549 4434; x_wconf 83' lang='grc' dir='ltr'>διεσκέδασται</span> <span class='ocrx_word' id='word_1_576' title='bbox 1578 4384 1605 4433; x_wconf 91' lang='lat'><strong>6</strong></span> <span class='ocrx_word' id='word_1_577' title='bbox 1632 4383 1818 4450; x_wconf 84' lang='grc' dir='ltr'>νόμος,</span> 
     </span>
    </p>
   </div>
   <div class='ocr_carea' id='block_1_76' title="bbox 251 4472 1817 4549">
    <p class='ocr_par' dir='ltr' id='par_1_76' title="bbox 251 4472 1817 4549">
     <span class='ocr_line' id='line_1_76' title="bbox 251 4472 1817 4549; baseline -0.01 -13"><span class='ocrx_word' id='word_1_578' title='bbox 251 4484 374 4536; x_wconf 80' lang='grc' dir='ltr'>ἀντὶ</span> <span class='ocrx_word' id='word_1_579' title='bbox 394 4481 510 4545; x_wconf 81' lang='grc' dir='ltr'>τοῦ,</span> <span class='ocrx_word' id='word_1_580' title='bbox 563 4478 919 4549; x_wconf 76' lang='grc' dir='ltr'>ἀπέρριπται,</span> <span class='ocrx_word' id='word_1_581' title='bbox 959 4475 1308 4541; x_wconf 68' lang='grc' dir='ltr'>συγκέχυται,</span> <span class='ocrx_word' id='word_1_582' title='bbox 1363 4472 1460 4539; x_wconf 81' lang='grc' dir='ltr'>τὴν</span> <span class='ocrx_word' id='word_1_583' title='bbox 1487 4473 1692 4524; x_wconf 83' lang='grc' dir='ltr'>οίκείαν</span> <span class='ocrx_word' id='word_1_584' title='bbox 1715 4472 1817 4540; x_wconf 86' lang='grc' dir='ltr'>φύ-</span> 
     </span>
    </p>
   </div>
   <div class='ocr_carea' id='block_1_77' title="bbox 251 4564 1817 4641">
    <p class='ocr_par' dir='ltr' id='par_1_77' title="bbox 251 4564 1817 4641">
     <span class='ocr_line' id='line_1_77' title="bbox 251 4564 1817 4641; baseline -0.008 -14"><span class='ocrx_word' id='word_1_585' title='bbox 251 4594 337 4628; x_wconf 77' lang='grc' dir='ltr'><strong>σιν</strong></span> <span class='ocrx_word' id='word_1_586' title='bbox 371 4576 429 4627; x_wconf 80' lang='grc' dir='ltr'><strong>ού</strong></span> <span class='ocrx_word' id='word_1_587' title='bbox 478 4574 655 4641; x_wconf 80' lang='grc' dir='ltr'>τηρεῖ,</span> <span class='ocrx_word' id='word_1_588' title='bbox 704 4569 824 4623; x_wconf 74' lang='grc' dir='ltr'>οὐδὲ</span> <span class='ocrx_word' id='word_1_589' title='bbox 872 4568 1285 4636; x_wconf 79' lang='grc' dir='ltr'>ήπροσὴκουσα</span> <span class='ocrx_word' id='word_1_590' title='bbox 1337 4566 1513 4634; x_wconf 86' lang='grc' dir='ltr'>κρίσις</span> <span class='ocrx_word' id='word_1_591' title='bbox 1554 4564 1817 4631; x_wconf 72' lang='grc' dir='ltr'>ἐπάγεται</span> 
     </span>
    </p>
   </div>
   <div class='ocr_carea' id='block_1_78' title="bbox 1925 3381 3488 3451">
    <p class='ocr_par' dir='ltr' id='par_1_78' title="bbox 1925 3381 3488 3451">
     <span class='ocr_line' id='line_1_78' title="bbox 1925 3381 3488 3451; baseline 0.001 -17"><span class='ocrx_word' id='word_1_592' title='bbox 1925 3381 2107 3435; x_wconf 89' lang='lat' dir='ltr'><strong>lnnuit</strong></span> <span class='ocrx_word' id='word_1_593' title='bbox 2154 3381 2241 3434; x_wconf 90' lang='lat' dir='ltr'><strong>hic</strong></span> <span class='ocrx_word' id='word_1_594' title='bbox 2280 3381 2564 3449; x_wconf 87' lang='lat' dir='ltr'><strong>propheta,</strong></span> <span class='ocrx_word' id='word_1_595' title='bbox 2616 3382 2761 3449; x_wconf 88' lang='lat' dir='ltr'><strong>quod</strong></span> <span class='ocrx_word' id='word_1_596' title='bbox 2812 3396 2921 3434; x_wconf 82' lang='lat' dir='ltr'><strong>non</strong></span> <span class='ocrx_word' id='word_1_597' title='bbox 2973 3397 3138 3451; x_wconf 88' lang='lat' dir='ltr'><strong>super</strong></span> <span class='ocrx_word' id='word_1_598' title='bbox 3178 3398 3299 3436; x_wconf 89' lang='lat' dir='ltr'><strong>sese</strong></span> <span class='ocrx_word' id='word_1_599' title='bbox 3354 3383 3488 3448; x_wconf 67' lang='lat' dir='ltr'><strong>ipse,</strong></span> 
     </span>
    </p>
   </div>
   <div class='ocr_carea' id='block_1_79' title="bbox 1927 3471 3491 3540">
    <p class='ocr_par' dir='ltr' id='par_1_79' title="bbox 1927 3471 3491 3540">
     <span class='ocr_line' id='line_1_79' title="bbox 1927 3471 3491 3540; baseline 0.001 -17"><span class='ocrx_word' id='word_1_600' title='bbox 1927 3487 2115 3525; x_wconf 85' lang='lat' dir='ltr'><strong>verum</strong></span> <span class='ocrx_word' id='word_1_601' title='bbox 2149 3472 2219 3523; x_wconf 90' lang='lat' dir='ltr'><strong>oh</strong></span> <span class='ocrx_word' id='word_1_602' title='bbox 2250 3471 2419 3523; x_wconf 80' lang='lat' dir='ltr'><strong>divini</strong></span> <span class='ocrx_word' id='word_1_603' title='bbox 2460 3471 2701 3523; x_wconf 86' lang='lat' dir='ltr'><strong>mandati</strong></span> <span class='ocrx_word' id='word_1_604' title='bbox 2737 3482 3130 3539; x_wconf 82' lang='lat' dir='ltr'><strong>contemptum,</strong></span> <span class='ocrx_word' id='word_1_605' title='bbox 3161 3488 3221 3525; x_wconf 82' lang='lat' dir='ltr'><strong>ac</strong></span> <span class='ocrx_word' id='word_1_606' title='bbox 3254 3489 3350 3540; x_wconf 88' lang='lat' dir='ltr'><strong>pro</strong></span> <span class='ocrx_word' id='word_1_607' title='bbox 3385 3473 3491 3525; x_wconf 79' lang='lat' dir='ltr'><strong>fra-</strong></span> 
     </span>
    </p>
   </div>
   <div class='ocr_carea' id='block_1_80' title="bbox 1928 3559 3488 3628">
    <p class='ocr_par' dir='ltr' id='par_1_80' title="bbox 1928 3559 3488 3628">
     <span class='ocr_line' id='line_1_80' title="bbox 1928 3559 3488 3628; baseline -0.003 -15"><span class='ocrx_word' id='word_1_608' title='bbox 1928 3561 2131 3624; x_wconf 89' lang='lat' dir='ltr'><strong>tribus,</strong></span> <span class='ocrx_word' id='word_1_609' title='bbox 2168 3560 2354 3624; x_wconf 85' lang='lat' dir='ltr'><strong>iuiqua</strong></span> <span class='ocrx_word' id='word_1_610' title='bbox 2394 3560 2595 3627; x_wconf 87' lang='lat' dir='ltr'><strong>passis,</strong></span> <span class='ocrx_word' id='word_1_611' title='bbox 2643 3559 2847 3613; x_wconf 71' lang='lat' dir='ltr'><strong>doleat.</strong></span> <span class='ocrx_word' id='word_1_612' title='bbox 2888 3560 3201 3628; x_wconf 73' lang='lat' dir='ltr'><strong>Aspicicnte</strong></span> <span class='ocrx_word' id='word_1_613' title='bbox 3249 3576 3355 3621; x_wconf 89' lang='lat' dir='ltr'><strong>me,</strong></span> <span class='ocrx_word' id='word_1_614' title='bbox 3409 3560 3488 3611; x_wconf 66' lang='lat' dir='ltr'><strong>in-</strong></span> 
     </span>
    </p>
   </div>
   <div class='ocr_carea' id='block_1_81' title="bbox 1923 3650 3487 3721">
    <p class='ocr_par' dir='ltr' id='par_1_81' title="bbox 1923 3650 3487 3721">
     <span class='ocr_line' id='line_1_81' title="bbox 1923 3650 3487 3721; baseline 0.001 -20"><span class='ocrx_word' id='word_1_615' title='bbox 1923 3652 2059 3721; x_wconf 84' lang='lat' dir='ltr'><strong>quit,</strong></span> <span class='ocrx_word' id='word_1_616' title='bbox 2082 3652 2247 3719; x_wconf 86' lang='lat' dir='ltr'><strong>judex</strong></span> <span class='ocrx_word' id='word_1_617' title='bbox 2276 3664 2503 3703; x_wconf 87' lang='lat' dir='ltr'><strong>munera</strong></span> <span class='ocrx_word' id='word_1_618' title='bbox 2532 3650 2763 3718; x_wconf 86' lang='lat' dir='ltr'><strong>accepit.</strong></span> <span class='ocrx_word' id='word_1_619' title='bbox 2798 3651 3077 3718; x_wconf 78' lang='lat' dir='ltr'><strong>legemque</strong></span> <span class='ocrx_word' id='word_1_620' title='bbox 3110 3661 3487 3719; x_wconf 83' lang='lat' dir='ltr'><strong>transgressus</strong></span> 
     </span>
    </p>
   </div>
   <div class='ocr_carea' id='block_1_82' title="bbox 1922 3742 3484 3810">
    <p class='ocr_par' dir='ltr' id='par_1_82' title="bbox 1922 3742 3484 3810">
     <span class='ocr_line' id='line_1_82' title="bbox 1922 3742 3484 3810; baseline -0.004 -10"><span class='ocrx_word' id='word_1_621' title='bbox 1922 3751 2028 3805; x_wconf 87' lang='lat' dir='ltr'><strong>est,</strong></span> <span class='ocrx_word' id='word_1_622' title='bbox 2068 3743 2337 3797; x_wconf 89' lang='lat' dir='ltr'><strong>dicentem</strong></span> <span class='ocrx_word' id='word_1_623' title='bbox 2370 3762 2381 3794; x_wconf 88' lang='lat'>:</span> <span class='ocrx_word' id='word_1_624' title='bbox 2419 3742 2540 3795; x_wconf 86' lang='lat' dir='ltr'><strong>Non</strong></span> <span class='ocrx_word' id='word_1_625' title='bbox 2577 3743 2800 3810; x_wconf 85' lang='lat' dir='ltr'><strong>accipies</strong></span> <span class='ocrx_word' id='word_1_626' title='bbox 2843 3758 3122 3810; x_wconf 81' lang='lat' dir='ltr'><strong>personam</strong></span> <span class='ocrx_word' id='word_1_627' title='bbox 3150 3746 3205 3796; x_wconf 84' lang='lat' dir='ltr'><strong>in</strong></span> <span class='ocrx_word' id='word_1_628' title='bbox 3240 3743 3442 3810; x_wconf 83' lang='lat' dir='ltr'><strong>judicio</strong></span> <span class='ocrx_word' id='word_1_629' title='bbox 3472 3761 3484 3793; x_wconf 88' lang='lat'><strong>:</strong></span> 
     </span>
    </p>
   </div>
   <div class='ocr_carea' id='block_1_83' title="bbox 1926 3835 2675 3897">
    <p class='ocr_par' dir='ltr' id='par_1_83' title="bbox 1926 3835 2675 3897">
     <span class='ocr_line' id='line_1_83' title="bbox 1926 3835 2675 3897; baseline -0.005 -6"><span class='ocrx_word' id='word_1_630' title='bbox 1926 3852 2047 3891; x_wconf 75' lang='lat' dir='ltr'><strong>nam</strong></span> <span class='ocrx_word' id='word_1_631' title='bbox 2081 3835 2337 3897; x_wconf 84' lang='lat' dir='ltr'><strong>iudicium</strong></span> <span class='ocrx_word' id='word_1_632' title='bbox 2376 3835 2471 3889; x_wconf 87' lang='lat' dir='ltr'><strong>Dei</strong></span> <span class='ocrx_word' id='word_1_633' title='bbox 2506 3845 2583 3889; x_wconf 86' lang='lat' dir='ltr'><strong>est</strong></span> <span class='ocrx_word' id='word_1_634' title='bbox 2607 3836 2675 3887; x_wconf 68' lang='grc' dir='ltr'><strong>θ’.</strong></span> 
     </span>
    </p>
   </div>
   <div class='ocr_carea' id='block_1_84' title="bbox 1994 3925 3485 3995">
    <p class='ocr_par' dir='ltr' id='par_1_84' title="bbox 1994 3925 3485 3995">
     <span class='ocr_line' id='line_1_84' title="bbox 1994 3925 3485 3995; baseline -0.001 -15"><span class='ocrx_word' id='word_1_635' title='bbox 1994 3925 2157 3981; x_wconf 69' lang='lat' dir='ltr'><strong>Vsus.</strong></span> <span class='ocrx_word' id='word_1_636' title='bbox 2192 3927 2244 3978; x_wconf 74' lang='grc'><strong>4.</strong></span> <span class='ocrx_word' id='word_1_637' title='bbox 2289 3926 2574 3994; x_wconf 83' lang='lat' dir='ltr'><strong>Propterea</strong></span> <span class='ocrx_word' id='word_1_638' title='bbox 2606 3926 2847 3992; x_wconf 86' lang='lat' dir='ltr'><strong>dispersa</strong></span> <span class='ocrx_word' id='word_1_639' title='bbox 2880 3936 2958 3981; x_wconf 88' lang='lat' dir='ltr'><strong>est</strong></span> <span class='ocrx_word' id='word_1_640' title='bbox 2983 3929 3087 3991; x_wconf 72' lang='lat' dir='ltr'><strong>lex,</strong></span> <span class='ocrx_word' id='word_1_641' title='bbox 3128 3941 3173 3980; x_wconf 86' lang='lat' dir='ltr'><strong>et</strong></span> <span class='ocrx_word' id='word_1_642' title='bbox 3224 3945 3324 3979; x_wconf 85' lang='lat' dir='ltr'><strong>non</strong></span> <span class='ocrx_word' id='word_1_643' title='bbox 3368 3946 3485 3995; x_wconf 82' lang='lat' dir='ltr'><strong>per-</strong></span> 
     </span>
    </p>
   </div>
   <div class='ocr_carea' id='block_1_85' title="bbox 1923 4018 3489 4086">
    <p class='ocr_par' dir='ltr' id='par_1_85' title="bbox 1923 4018 3489 4086">
     <span class='ocr_line' id='line_1_85' title="bbox 1923 4018 3489 4086; baseline 0.001 -16"><span class='ocrx_word' id='word_1_644' title='bbox 1923 4018 2138 4071; x_wconf 86' lang='lat' dir='ltr'><strong>ducitur</strong></span> <span class='ocrx_word' id='word_1_645' title='bbox 2176 4018 2244 4071; x_wconf 92' lang='lat' dir='ltr'><strong>ad</strong></span> <span class='ocrx_word' id='word_1_646' title='bbox 2294 4019 2447 4080; x_wconf 79' lang='lat' dir='ltr'><strong>finem</strong></span> <span class='ocrx_word' id='word_1_647' title='bbox 2493 4018 2791 4086; x_wconf 86' lang='lat' dir='ltr'><strong>judicium,</strong></span> <span class='ocrx_word' id='word_1_648' title='bbox 2839 4019 3082 4086; x_wconf 74' lang='lat' dir='ltr'><strong>quoniam</strong></span> <span class='ocrx_word' id='word_1_649' title='bbox 3141 4021 3330 4085; x_wconf 85' lang='lat' dir='ltr'><strong>impius</strong></span> <span class='ocrx_word' id='word_1_650' title='bbox 3383 4022 3489 4073; x_wconf 84' lang='lat' dir='ltr'><strong>vim</strong></span> 
     </span>
    </p>
   </div>
   <div class='ocr_carea' id='block_1_86' title="bbox 1925 4111 3481 4179">
    <p class='ocr_par' dir='ltr' id='par_1_86' title="bbox 1925 4111 3481 4179">
     <span class='ocr_line' id='line_1_86' title="bbox 1925 4111 3481 4179; baseline 0.001 -17"><span class='ocrx_word' id='word_1_651' title='bbox 1925 4111 2053 4179; x_wconf 77' lang='lat' dir='ltr'><strong>facit</strong></span> <span class='ocrx_word' id='word_1_652' title='bbox 2081 4111 2251 4177; x_wconf 81' lang='lat' dir='ltr'><strong>justo,</strong></span> <span class='ocrx_word' id='word_1_653' title='bbox 2281 4120 2327 4162; x_wconf 86' lang='lat' dir='ltr'><strong>et</strong></span> <span class='ocrx_word' id='word_1_654' title='bbox 2364 4112 2615 4162; x_wconf 73' lang='lat' dir='ltr'><strong>adversus</strong></span> <span class='ocrx_word' id='word_1_655' title='bbox 2646 4126 2762 4163; x_wconf 88' lang='lat' dir='ltr'><strong>eum</strong></span> <span class='ocrx_word' id='word_1_656' title='bbox 2789 4121 2968 4177; x_wconf 84' lang='lat' dir='ltr'><strong>potens</strong></span> <span class='ocrx_word' id='word_1_657' title='bbox 3002 4121 3098 4173; x_wconf 77' lang='lat' dir='ltr'><strong>est,</strong></span> <span class='ocrx_word' id='word_1_658' title='bbox 3134 4129 3249 4163; x_wconf 88' lang='lat' dir='ltr'><strong>eam</strong></span> <span class='ocrx_word' id='word_1_659' title='bbox 3282 4115 3344 4163; x_wconf 86' lang='lat' dir='ltr'><strong>ob</strong></span> <span class='ocrx_word' id='word_1_660' title='bbox 3380 4130 3481 4164; x_wconf 77' lang='lat' dir='ltr'><strong>mi.</strong></span> 
     </span>
    </p>
   </div>
   <div class='ocr_carea' id='block_1_87' title="bbox 1924 4201 3484 4271">
    <p class='ocr_par' dir='ltr' id='par_1_87' title="bbox 1924 4201 3484 4271">
     <span class='ocr_line' id='line_1_87' title="bbox 1924 4201 3484 4271; baseline 0.001 -17"><span class='ocrx_word' id='word_1_661' title='bbox 1924 4202 2219 4271; x_wconf 81' lang='lat' dir='ltr'><strong>egredietur</strong></span> <span class='ocrx_word' id='word_1_662' title='bbox 2238 4201 2503 4268; x_wconf 84' lang='lat' dir='ltr'><strong>judicium</strong></span> <span class='ocrx_word' id='word_1_663' title='bbox 2525 4216 2847 4266; x_wconf 75' lang='lat' dir='ltr'><strong>perversum.</strong></span> <span class='ocrx_word' id='word_1_664' title='bbox 2874 4203 3033 4266; x_wconf 68' lang='lat' dir='ltr'><strong>Quia.</strong></span> <span class='ocrx_word' id='word_1_665' title='bbox 3058 4204 3252 4269; x_wconf 88' lang='lat' dir='ltr'><strong>inquit,</strong></span> <span class='ocrx_word' id='word_1_666' title='bbox 3274 4203 3484 4269; x_wconf 81' lang='lat' dir='ltr'><strong>judit-cs</strong></span> 
     </span>
    </p>
   </div>
   <div class='ocr_carea' id='block_1_88' title="bbox 1926 4291 3487 4361">
    <p class='ocr_par' dir='ltr' id='par_1_88' title="bbox 1926 4291 3487 4361">
     <span class='ocr_line' id='line_1_88' title="bbox 1926 4291 3487 4361; baseline 0.001 -17"><span class='ocrx_word' id='word_1_667' title='bbox 1926 4307 2149 4345; x_wconf 81' lang='lat' dir='ltr'><strong>munera</strong></span> <span class='ocrx_word' id='word_1_668' title='bbox 2196 4292 2495 4359; x_wconf 84' lang='lat' dir='ltr'><strong>accipiunt.</strong></span> <span class='ocrx_word' id='word_1_669' title='bbox 2537 4300 2591 4344; x_wconf 90' lang='lat' dir='ltr'><strong>et</strong></span> <span class='ocrx_word' id='word_1_670' title='bbox 2634 4292 2758 4358; x_wconf 82' lang='lat' dir='ltr'><strong>quia</strong></span> <span class='ocrx_word' id='word_1_671' title='bbox 2810 4291 3048 4358; x_wconf 87' lang='lat' dir='ltr'><strong>iujttsttts</strong></span> <span class='ocrx_word' id='word_1_672' title='bbox 3101 4295 3376 4361; x_wconf 83' lang='lat' dir='ltr'><strong>potentior</strong></span> <span class='ocrx_word' id='word_1_673' title='bbox 3403 4305 3487 4345; x_wconf 81' lang='lat' dir='ltr'><strong>cst</strong></span> 
     </span>
    </p>
   </div>
   <div class='ocr_carea' id='block_1_89' title="bbox 1926 4382 3481 4451">
    <p class='ocr_par' dir='ltr' id='par_1_89' title="bbox 1926 4382 3481 4451">
     <span class='ocr_line' id='line_1_89' title="bbox 1926 4382 3481 4451; baseline -0.003 -15"><span class='ocrx_word' id='word_1_674' title='bbox 1926 4396 2012 4445; x_wconf 88' lang='lat' dir='ltr'><strong>eo,</strong></span> <span class='ocrx_word' id='word_1_675' title='bbox 2045 4382 2134 4450; x_wconf 87' lang='lat' dir='ltr'><strong>qui</strong></span> <span class='ocrx_word' id='word_1_676' title='bbox 2173 4382 2446 4451; x_wconf 88' lang='lat' dir='ltr'><strong>justitiam</strong></span> <span class='ocrx_word' id='word_1_677' title='bbox 2489 4382 2859 4447; x_wconf 80' lang='lat' dir='ltr'><strong>amplectitur,</strong></span> <span class='ocrx_word' id='word_1_678' title='bbox 2889 4382 3134 4448; x_wconf 87' lang='lat' dir='ltr'><strong>dispersa</strong></span> <span class='ocrx_word' id='word_1_679' title='bbox 3163 4390 3247 4433; x_wconf 90' lang='lat' dir='ltr'><strong>est</strong></span> <span class='ocrx_word' id='word_1_680' title='bbox 3280 4382 3388 4439; x_wconf 71' lang='lat' dir='ltr'><strong>lex.</strong></span> <span class='ocrx_word' id='word_1_681' title='bbox 3432 4383 3481 4432; x_wconf 90' lang='lat' dir='ltr'><strong>id</strong></span> 
     </span>
    </p>
   </div>
   <div class='ocr_carea' id='block_1_90' title="bbox 1925 4470 3481 4541">
    <p class='ocr_par' dir='ltr' id='par_1_90' title="bbox 1925 4470 3481 4541">
     <span class='ocr_line' id='line_1_90' title="bbox 1925 4470 3481 4541; baseline -0.001 -16"><span class='ocrx_word' id='word_1_682' title='bbox 1925 4482 2008 4526; x_wconf 90' lang='lat' dir='ltr'><strong>est</strong></span> <span class='ocrx_word' id='word_1_683' title='bbox 2050 4472 2246 4541; x_wconf 80' lang='lat' dir='ltr'><strong>rcjecta</strong></span> <span class='ocrx_word' id='word_1_684' title='bbox 2297 4481 2399 4532; x_wconf 80' lang='lat' dir='ltr'><strong>est,</strong></span> <span class='ocrx_word' id='word_1_685' title='bbox 2456 4470 2682 4524; x_wconf 78' lang='lat' dir='ltr'><strong>confusa</strong></span> <span class='ocrx_word' id='word_1_686' title='bbox 2734 4480 2838 4533; x_wconf 89' lang='lat' dir='ltr'><strong>est,</strong></span> <span class='ocrx_word' id='word_1_687' title='bbox 2887 4473 3178 4539; x_wconf 72' lang='lat' dir='ltr'><strong>genuinam</strong></span> <span class='ocrx_word' id='word_1_688' title='bbox 3232 4484 3481 4524; x_wconf 84' lang='lat' dir='ltr'><strong>naturam</strong></span> 
     </span>
    </p>
   </div>
   <div class='ocr_carea' id='block_1_91' title="bbox 1928 4563 3485 4631">
    <p class='ocr_par' dir='ltr' id='par_1_91' title="bbox 1928 4563 3485 4631">
     <span class='ocr_line' id='line_1_91' title="bbox 1928 4563 3485 4631; baseline -0.001 -14"><span class='ocrx_word' id='word_1_689' title='bbox 1928 4580 2032 4617; x_wconf 91' lang='lat' dir='ltr'><strong>non</strong></span> <span class='ocrx_word' id='word_1_690' title='bbox 2068 4571 2267 4627; x_wconf 81' lang='lat' dir='ltr'><strong>servat,</strong></span> <span class='ocrx_word' id='word_1_691' title='bbox 2300 4579 2472 4631; x_wconf 85' lang='lat' dir='ltr'><strong>neque</strong></span> <span class='ocrx_word' id='word_1_692' title='bbox 2502 4563 3106 4630; x_wconf 76' lang='lat' dir='ltr'><strong>conveniensjudicium</strong></span> <span class='ocrx_word' id='word_1_693' title='bbox 3138 4565 3298 4615; x_wconf 77' lang='lat' dir='ltr'><strong>rebus</strong></span> <span class='ocrx_word' id='word_1_694' title='bbox 3330 4566 3485 4615; x_wconf 90' lang='lat' dir='ltr'><strong>adhi-</strong></span> 
     </span>
    </p>
   </div>
   <div class='ocr_carea' id='block_1_92' title="bbox 250 4643 1919 4733">
    <p class='ocr_par' dir='ltr' id='par_1_92' title="bbox 250 4643 1891 4733">
     <span class='ocr_line' id='line_1_92' title="bbox 250 4643 1891 4733; baseline -0.009 -14"><span class='ocrx_word' id='word_1_695' title='bbox 250 4670 365 4727; x_wconf 75' lang='grc' dir='ltr'>τοῖς</span> <span class='ocrx_word' id='word_1_696' title='bbox 422 4666 757 4733; x_wconf 89' lang='grc' dir='ltr'>πράγμασιν.</span> <span class='ocrx_word' id='word_1_697' title='bbox 831 4660 988 4712; x_wconf 75' lang='grc' dir='ltr'>’Λλλά</span> <span class='ocrx_word' id='word_1_698' title='bbox 1042 4658 1321 4719; x_wconf 84' lang='grc' dir='ltr'>πολλάκις,</span> <span class='ocrx_word' id='word_1_699' title='bbox 1374 4656 1481 4707; x_wconf 69' lang='grc' dir='ltr'><strong>κᾶν</strong></span> <span class='ocrx_word' id='word_1_700' title='bbox 1530 4655 1814 4725; x_wconf 76' lang='grc' dir='ltr'>ἄρξηταιὸ</span> <span class='ocrx_word' id='word_1_701' title='bbox 1847 4643 1891 4699; x_wconf 80' lang='grc'><strong>1)</strong></span> 
     </span>
    </p>
   </div>
   <div class='ocr_carea' id='block_1_93' title="bbox 1809 4643 3478 4733">
    <p class='ocr_par' dir='ltr' id='par_1_93' title="bbox 1809 4643 3478 4723">
     <span class='ocr_line' id='line_1_93' title="bbox 1809 4643 3478 4723; baseline -0.003 -11"><span class='ocrx_word' id='word_1_702' title='bbox 1809 4677 1814 4702; x_wconf 65' lang='grc' dir='ltr'><strong>ι</strong></span> <span class='ocrx_word' id='word_1_703' title='bbox 1847 4643 1891 4699; x_wconf 76' lang='grc'><strong>1)</strong></span> <span class='ocrx_word' id='word_1_704' title='bbox 1922 4656 2100 4711; x_wconf 86' lang='lat' dir='ltr'><strong>betur.</strong></span> <span class='ocrx_word' id='word_1_705' title='bbox 2137 4656 2425 4709; x_wconf 82' lang='lat' dir='ltr'><strong>Enimvero</strong></span> <span class='ocrx_word' id='word_1_706' title='bbox 2455 4670 2615 4721; x_wconf 69' lang='lat' dir='ltr'><strong>saepe,</strong></span> <span class='ocrx_word' id='word_1_707' title='bbox 2641 4653 2799 4723; x_wconf 76' lang='lat'><strong>136</strong></span> <span class='ocrx_word' id='word_1_708' title='bbox 2818 4656 2979 4706; x_wconf 89' lang='lat' dir='ltr'><strong>etiam</strong></span> <span class='ocrx_word' id='word_1_709' title='bbox 3004 4656 3047 4707; x_wconf 87' lang='lat' dir='ltr'><strong>si</strong></span> <span class='ocrx_word' id='word_1_710' title='bbox 3067 4655 3292 4721; x_wconf 72' lang='lat' dir='ltr'><strong>cmperit</strong></span> <span class='ocrx_word' id='word_1_711' title='bbox 3319 4656 3478 4719; x_wconf 83' lang='lat' dir='ltr'><strong>judex</strong></span> 
     </span>
    </p>
   </div>
   <div class='ocr_carea' id='block_1_94' title="bbox 255 4746 1924 4826">
    <p class='ocr_par' dir='ltr' id='par_1_94' title="bbox 255 4746 1822 4826">
     <span class='ocr_line' id='line_1_94' title="bbox 255 4746 1822 4826; baseline -0.006 -17"><span class='ocrx_word' id='word_1_712' title='bbox 255 4756 450 4826; x_wconf 78' lang='grc' dir='ltr'>κριτὴς</span> <span class='ocrx_word' id='word_1_713' title='bbox 483 4755 697 4806; x_wconf 73' lang='grc' dir='ltr'>εὐθεῖαν</span> <span class='ocrx_word' id='word_1_714' title='bbox 731 4753 828 4820; x_wconf 77' lang='grc' dir='ltr'>τὴν</span> <span class='ocrx_word' id='word_1_715' title='bbox 853 4751 1030 4819; x_wconf 88' lang='grc' dir='ltr'>κρίσιν</span> <span class='ocrx_word' id='word_1_716' title='bbox 1054 4753 1247 4810; x_wconf 78' lang='grc' dir='ltr'>ποιεῖν,</span> <span class='ocrx_word' id='word_1_717' title='bbox 1269 4749 1375 4799; x_wconf 81' lang='grc' dir='ltr'>οὐκ</span> <span class='ocrx_word' id='word_1_718' title='bbox 1408 4746 1589 4815; x_wconf 78' lang='grc' dir='ltr'>ἐξάγει</span> <span class='ocrx_word' id='word_1_719' title='bbox 1619 4748 1822 4816; x_wconf 77' lang='grc' dir='ltr'>ταύτην</span> 
     </span>
    </p>
   </div>
   <div class='ocr_carea' id='block_1_95' title="bbox 1809 4746 3478 4826">
    <p class='ocr_par' dir='ltr' id='par_1_95' title="bbox 1809 4746 3478 4814">
     <span class='ocr_line' id='line_1_95' title="bbox 1809 4746 3478 4814; baseline -0.001 -16"><span class='ocrx_word' id='word_1_720' title='bbox 1809 4764 1822 4798; x_wconf 73' lang='grc' dir='ltr'><strong><em>ρ</em></strong></span> <span class='ocrx_word' id='word_1_721' title='bbox 1924 4757 2130 4801; x_wconf 87' lang='lat' dir='ltr'><strong>rectum</strong></span> <span class='ocrx_word' id='word_1_722' title='bbox 2168 4747 2432 4814; x_wconf 85' lang='lat' dir='ltr'><strong>judicium</strong></span> <span class='ocrx_word' id='word_1_723' title='bbox 2474 4746 2673 4808; x_wconf 89' lang='lat' dir='ltr'><strong>facere,</strong></span> <span class='ocrx_word' id='word_1_724' title='bbox 2716 4762 2822 4799; x_wconf 90' lang='lat' dir='ltr'><strong>non</strong></span> <span class='ocrx_word' id='word_1_725' title='bbox 2857 4746 3051 4799; x_wconf 84' lang='lat' dir='ltr'><strong>educet</strong></span> <span class='ocrx_word' id='word_1_726' title='bbox 3080 4746 3181 4797; x_wconf 88' lang='lat' dir='ltr'><strong>hoc</strong></span> <span class='ocrx_word' id='word_1_727' title='bbox 3224 4749 3290 4797; x_wconf 88' lang='lat' dir='ltr'><strong>ad</strong></span> <span class='ocrx_word' id='word_1_728' title='bbox 3323 4747 3478 4798; x_wconf 82' lang='lat' dir='ltr'><strong>tinent</strong></span> 
     </span>
    </p>
   </div>
   <div class='ocr_carea' id='block_1_96' title="bbox 252 4837 1921 4916">
    <p class='ocr_par' dir='ltr' id='par_1_96' title="bbox 252 4839 1818 4916">
     <span class='ocr_line' id='line_1_96' title="bbox 252 4839 1818 4916; baseline -0.007 -14"><span class='ocrx_word' id='word_1_729' title='bbox 252 4852 382 4916; x_wconf 76' lang='grc' dir='ltr'>ἄχρι</span> <span class='ocrx_word' id='word_1_730' title='bbox 406 4847 589 4906; x_wconf 79' lang='grc' dir='ltr'>τέλους</span> <span class='ocrx_word' id='word_1_731' title='bbox 619 4845 722 4897; x_wconf 79' lang='grc' dir='ltr'><strong>ὑπὸ</strong></span> <span class='ocrx_word' id='word_1_732' title='bbox 752 4844 859 4895; x_wconf 76' lang='grc' dir='ltr'>τῶν</span> <span class='ocrx_word' id='word_1_733' title='bbox 902 4840 1089 4909; x_wconf 81' lang='grc' dir='ltr'>δώρων</span> <span class='ocrx_word' id='word_1_734' title='bbox 1134 4840 1396 4908; x_wconf 78' lang='grc' dir='ltr'>ἀλλαχόσε</span> <span class='ocrx_word' id='word_1_735' title='bbox 1446 4839 1818 4909; x_wconf 84' lang='grc' dir='ltr'>παρενεχθείς.</span> 
     </span>
    </p>
   </div>
   <div class='ocr_carea' id='block_1_97' title="bbox 1811 4837 3480 4916">
    <p class='ocr_par' dir='ltr' id='par_1_97' title="bbox 1811 4837 3480 4909">
     <span class='ocr_line' id='line_1_97' title="bbox 1811 4837 3480 4909; baseline -0.002 -18"><span class='ocrx_word' id='word_1_736' title='bbox 1811 4878 1818 4891; x_wconf 92' lang='grc'>.</span> <span class='ocrx_word' id='word_1_737' title='bbox 1926 4856 2119 4909; x_wconf 82' lang='lat' dir='ltr'><strong>usque.</strong></span> <span class='ocrx_word' id='word_1_738' title='bbox 2152 4855 2180 4891; x_wconf 75' lang='grc' dir='ltr'><strong>ιι</strong></span> <span class='ocrx_word' id='word_1_739' title='bbox 2209 4841 2533 4892; x_wconf 87' lang='lat' dir='ltr'><strong>muneribus</strong></span> <span class='ocrx_word' id='word_1_740' title='bbox 2573 4839 2681 4891; x_wconf 90' lang='lat' dir='ltr'><strong>alio</strong></span> <span class='ocrx_word' id='word_1_741' title='bbox 2725 4838 3016 4891; x_wconf 86' lang='lat' dir='ltr'><strong>abductus.</strong></span> <span class='ocrx_word' id='word_1_742' title='bbox 3044 4838 3143 4901; x_wconf 83' lang='lat' dir='ltr'><strong>Qui</strong></span> <span class='ocrx_word' id='word_1_743' title='bbox 3171 4837 3390 4903; x_wconf 86' lang='lat' dir='ltr'><strong>quidem</strong></span> <span class='ocrx_word' id='word_1_744' title='bbox 3429 4844 3480 4888; x_wconf 89' lang='lat' dir='ltr'><strong>et</strong></span> 
     </span>
    </p>
   </div>
   <div class='ocr_carea' id='block_1_98' title="bbox 254 4928 1923 5005">
    <p class='ocr_par' dir='ltr' id='par_1_98' title="bbox 254 4930 1818 5005">
     <span class='ocr_line' id='line_1_98' title="bbox 254 4930 1818 5005; baseline -0.004 -16"><span class='ocrx_word' id='word_1_745' title='bbox 254 4940 356 5001; x_wconf 88' lang='grc' dir='ltr'>Ὃς</span> <span class='ocrx_word' id='word_1_746' title='bbox 383 4954 445 5005; x_wconf 86' lang='grc' dir='ltr'><strong>γε</strong></span> <span class='ocrx_word' id='word_1_747' title='bbox 473 4936 564 4988; x_wconf 76' lang='grc' dir='ltr'>καὶ</span> <span class='ocrx_word' id='word_1_748' title='bbox 589 4936 673 4987; x_wconf 68' lang='grc' dir='ltr'>διὰ</span> <span class='ocrx_word' id='word_1_749' title='bbox 725 4933 881 4986; x_wconf 83' lang='grc' dir='ltr'>τοῦτο</span> <span class='ocrx_word' id='word_1_750' title='bbox 912 4934 1039 4993; x_wconf 73' lang='grc' dir='ltr'>ἴσως</span> <span class='ocrx_word' id='word_1_751' title='bbox 1078 4934 1303 5001; x_wconf 80' lang='grc' dir='ltr'>ἄρχεται</span> <span class='ocrx_word' id='word_1_752' title='bbox 1330 4930 1537 4997; x_wconf 81' lang='grc' dir='ltr'>κρίνειν</span> <span class='ocrx_word' id='word_1_753' title='bbox 1573 4931 1818 4994; x_wconf 74' lang='grc' dir='ltr'>δικαίως,</span> 
     </span>
    </p>
   </div>
   <div class='ocr_carea' id='block_1_99' title="bbox 1815 4928 3484 5005">
    <p class='ocr_par' dir='ltr' id='par_1_99' title="bbox 1815 4928 3484 4997">
     <span class='ocr_line' id='line_1_99' title="bbox 1815 4928 3484 4997; baseline -0.007 -10"><span class='ocrx_word' id='word_1_754' title='bbox 1815 4972 1818 4987; x_wconf 87' lang='grc'>.</span> <span class='ocrx_word' id='word_1_755' title='bbox 1923 4946 2041 4985; x_wconf 89' lang='lat' dir='ltr'><strong>eam</strong></span> <span class='ocrx_word' id='word_1_756' title='bbox 2079 4932 2147 4984; x_wconf 88' lang='lat' dir='ltr'><strong>olt</strong></span> <span class='ocrx_word' id='word_1_757' title='bbox 2178 4946 2397 4984; x_wconf 80' lang='lat' dir='ltr'><strong>causam</strong></span> <span class='ocrx_word' id='word_1_758' title='bbox 2428 4931 2659 4982; x_wconf 87' lang='lat' dir='ltr'><strong>fortasse</strong></span> <span class='ocrx_word' id='word_1_759' title='bbox 2703 4928 2886 4997; x_wconf 86' lang='lat' dir='ltr'><strong>incipit</strong></span> <span class='ocrx_word' id='word_1_760' title='bbox 2924 4928 3171 4996; x_wconf 79' lang='lat' dir='ltr'><strong>judiCarc</strong></span> <span class='ocrx_word' id='word_1_761' title='bbox 3213 4928 3388 4996; x_wconf 87' lang='lat' dir='ltr'><strong>juste,</strong></span> <span class='ocrx_word' id='word_1_762' title='bbox 3425 4936 3484 4977; x_wconf 87' lang='grc' dir='ltr'><strong>ιιι</strong></span> 
     </span>
    </p>
   </div>
   <div class='ocr_carea' id='block_1_100' title="bbox 257 5017 1926 5097">
    <p class='ocr_par' dir='ltr' id='par_1_100' title="bbox 257 5022 1926 5095">
     <span class='ocr_line' id='line_1_100' title="bbox 257 5022 1926 5095; baseline -0.002 -18"><span class='ocrx_word' id='word_1_763' title='bbox 257 5031 345 5080; x_wconf 73' lang='grc' dir='ltr'>ἵνα</span> <span class='ocrx_word' id='word_1_764' title='bbox 366 5028 457 5080; x_wconf 74' lang='grc' dir='ltr'>τὸν</span> <span class='ocrx_word' id='word_1_765' title='bbox 491 5029 757 5095; x_wconf 73' lang='grc' dir='ltr'>δυνάστην</span> <span class='ocrx_word' id='word_1_766' title='bbox 784 5024 1091 5092; x_wconf 75' lang='grc' dir='ltr'>ἐκφοϐήσας</span> <span class='ocrx_word' id='word_1_767' title='bbox 1120 5022 1193 5083; x_wconf 84' lang='grc' dir='ltr'>ὡς</span> <span class='ocrx_word' id='word_1_768' title='bbox 1228 5022 1605 5074; x_wconf 80' lang='grc' dir='ltr'>καταδικάσων</span> <span class='ocrx_word' id='word_1_769' title='bbox 1636 5023 1819 5086; x_wconf 73' lang='grc' dir='ltr'>αὑτὸν,</span> <span class='ocrx_word' id='word_1_770' title='bbox 1922 5035 1926 5079; x_wconf 68' lang='lat'><strong>1</strong></span> 
     </span>
    </p>
   </div>
   <div class='ocr_carea' id='block_1_101' title="bbox 1809 5017 3478 5097">
    <p class='ocr_par' dir='ltr' id='par_1_101' title="bbox 1809 5017 3478 5089">
     <span class='ocr_line' id='line_1_101' title="bbox 1809 5017 3478 5089; baseline -0.007 -10"><span class='ocrx_word' id='word_1_771' title='bbox 1809 5062 1819 5086; x_wconf 82' lang='lat'>.</span> <span class='ocrx_word' id='word_1_772' title='bbox 1922 5021 2013 5079; x_wconf 82' lang='lat' dir='ltr'><strong>ubi</strong></span> <span class='ocrx_word' id='word_1_773' title='bbox 2052 5030 2325 5089; x_wconf 88' lang='lat' dir='ltr'><strong>potentem</strong></span> <span class='ocrx_word' id='word_1_774' title='bbox 2367 5020 2818 5079; x_wconf 83' lang='lat' dir='ltr'><strong>consternaverit.</strong></span> <span class='ocrx_word' id='word_1_775' title='bbox 2850 5034 2948 5072; x_wconf 88' lang='lat' dir='ltr'><strong>ceu</strong></span> <span class='ocrx_word' id='word_1_776' title='bbox 2982 5019 3053 5072; x_wconf 91' lang='lat' dir='ltr'><strong>sit</strong></span> <span class='ocrx_word' id='word_1_777' title='bbox 3075 5034 3197 5069; x_wconf 88' lang='lat' dir='ltr'><strong>eum</strong></span> <span class='ocrx_word' id='word_1_778' title='bbox 3222 5017 3478 5071; x_wconf 91' lang='lat' dir='ltr'><strong>condem-</strong></span> 
     </span>
    </p>
   </div>
   <div class='ocr_carea' id='block_1_102' title="bbox 258 5109 1927 5185">
    <p class='ocr_par' dir='ltr' id='par_1_102' title="bbox 258 5112 1927 5185">
     <span class='ocr_line' id='line_1_102' title="bbox 258 5112 1927 5185; baseline -0.002 -15"><span class='ocrx_word' id='word_1_779' title='bbox 258 5118 427 5170; x_wconf 75' lang='grc' dir='ltr'>πῗ·.είω</span> <span class='ocrx_word' id='word_1_780' title='bbox 486 5118 553 5169; x_wconf 76' lang='grc' dir='ltr'><strong>τά</strong></span> <span class='ocrx_word' id='word_1_781' title='bbox 596 5116 741 5185; x_wconf 83' lang='grc' dir='ltr'>δῶρα</span> <span class='ocrx_word' id='word_1_782' title='bbox 785 5113 915 5183; x_wconf 86' lang='grc' dir='ltr'>παρ’</span> <span class='ocrx_word' id='word_1_783' title='bbox 972 5112 1132 5166; x_wconf 82' lang='grc' dir='ltr'>αὑτοῦ</span> <span class='ocrx_word' id='word_1_784' title='bbox 1178 5112 1351 5164; x_wconf 88' lang='grc' dir='ltr'>λάϐοι.</span> <span class='ocrx_word' id='word_1_785' title='bbox 1383 5112 1605 5165; x_wconf 79' lang='grc' dir='ltr'>Ἕνεκεν</span> <span class='ocrx_word' id='word_1_786' title='bbox 1644 5112 1821 5165; x_wconf 88' lang='grc' dir='ltr'>τοίνυν</span> <span class='ocrx_word' id='word_1_787' title='bbox 1926 5160 1927 5167; x_wconf 50' lang='grc' dir='ltr'><strong>η</strong></span> 
     </span>
    </p>
   </div>
   <div class='ocr_carea' id='block_1_103' title="bbox 1812 5109 3481 5185">
    <p class='ocr_par' dir='ltr' id='par_1_103' title="bbox 1812 5109 3481 5181">
     <span class='ocr_line' id='line_1_103' title="bbox 1812 5109 3481 5181; baseline -0.005 -12"><span class='ocrx_word' id='word_1_788' title='bbox 1812 5130 1821 5161; x_wconf 74' lang='grc' dir='ltr'>ν</span> <span class='ocrx_word' id='word_1_789' title='bbox 1926 5122 2177 5176; x_wconf 85' lang='lat' dir='ltr'><strong>naturus,</strong></span> <span class='ocrx_word' id='word_1_790' title='bbox 2221 5114 2376 5181; x_wconf 90' lang='lat' dir='ltr'><strong>plura</strong></span> <span class='ocrx_word' id='word_1_791' title='bbox 2412 5112 2480 5165; x_wconf 86' lang='lat' dir='ltr'><strong>ab</strong></span> <span class='ocrx_word' id='word_1_792' title='bbox 2514 5126 2579 5165; x_wconf 90' lang='lat' dir='ltr'><strong>eo</strong></span> <span class='ocrx_word' id='word_1_793' title='bbox 2612 5126 2835 5164; x_wconf 87' lang='lat' dir='ltr'><strong>munera</strong></span> <span class='ocrx_word' id='word_1_794' title='bbox 2862 5111 3057 5177; x_wconf 84' lang='lat' dir='ltr'><strong>capiat.</strong></span> <span class='ocrx_word' id='word_1_795' title='bbox 3107 5110 3334 5177; x_wconf 77' lang='lat' dir='ltr'><strong>Propter</strong></span> <span class='ocrx_word' id='word_1_796' title='bbox 3382 5109 3481 5161; x_wconf 88' lang='lat' dir='ltr'><strong>hoc</strong></span> 
     </span>
    </p>
   </div>
   <div class='ocr_carea' id='block_1_104' title="bbox 258 5202 1927 5277">
    <p class='ocr_par' dir='ltr' id='par_1_104' title="bbox 258 5202 1927 5273">
     <span class='ocr_line' id='line_1_104' title="bbox 258 5202 1927 5273; baseline -0.002 -12"><span class='ocrx_word' id='word_1_797' title='bbox 258 5210 470 5273; x_wconf 82' lang='grc' dir='ltr'>τούτου,</span> <span class='ocrx_word' id='word_1_798' title='bbox 534 5208 627 5259; x_wconf 79' lang='grc' dir='ltr'>τοῦ</span> <span class='ocrx_word' id='word_1_799' title='bbox 666 5204 802 5259; x_wconf 83' lang='grc' dir='ltr'>εἶναι</span> <span class='ocrx_word' id='word_1_800' title='bbox 847 5206 1113 5273; x_wconf 87' lang='grc' dir='ltr'>δυνάστην</span> <span class='ocrx_word' id='word_1_801' title='bbox 1159 5204 1248 5255; x_wconf 72' lang='grc' dir='ltr'><strong>τὸν</strong></span> <span class='ocrx_word' id='word_1_802' title='bbox 1295 5204 1499 5265; x_wconf 67' lang='grc' dir='ltr'>ἄδικον,</span> <span class='ocrx_word' id='word_1_803' title='bbox 1528 5203 1623 5257; x_wconf 83' lang='grc' dir='ltr'>καὶ</span> <span class='ocrx_word' id='word_1_804' title='bbox 1652 5202 1821 5255; x_wconf 85' lang='grc' dir='ltr'>πλείω</span> <span class='ocrx_word' id='word_1_805' title='bbox 1926 5224 1927 5258; x_wconf 80' lang='lat'>1</span> 
     </span>
    </p>
   </div>
   <div class='ocr_carea' id='block_1_105' title="bbox 1809 5202 3478 5277">
    <p class='ocr_par' dir='ltr' id='par_1_105' title="bbox 1809 5202 3478 5277">
     <span class='ocr_line' id='line_1_105' title="bbox 1809 5202 3478 5277; baseline -0.005 -18"><span class='ocrx_word' id='word_1_806' title='bbox 1809 5220 1821 5254; x_wconf 72' lang='lat' dir='ltr'><strong>t</strong></span> <span class='ocrx_word' id='word_1_807' title='bbox 1926 5206 2113 5277; x_wconf 73' lang='lat' dir='ltr'><strong>igitur,</strong></span> <span class='ocrx_word' id='word_1_808' title='bbox 2165 5206 2289 5275; x_wconf 78' lang='lat' dir='ltr'><strong>quia</strong></span> <span class='ocrx_word' id='word_1_809' title='bbox 2325 5205 2564 5273; x_wconf 85' lang='lat' dir='ltr'><strong>putentia</strong></span> <span class='ocrx_word' id='word_1_810' title='bbox 2596 5205 2781 5257; x_wconf 81' lang='lat' dir='ltr'><strong>clarus</strong></span> <span class='ocrx_word' id='word_1_811' title='bbox 2812 5213 2894 5255; x_wconf 83' lang='lat' dir='ltr'><strong>est</strong></span> <span class='ocrx_word' id='word_1_812' title='bbox 2941 5203 3195 5271; x_wconf 84' lang='lat' dir='ltr'><strong>injttstus.</strong></span> <span class='ocrx_word' id='word_1_813' title='bbox 3227 5202 3478 5268; x_wconf 79' lang='lat' dir='ltr'><strong>justeque</strong></span> 
     </span>
    </p>
   </div>
   <div class='ocr_carea' id='block_1_106' title="bbox 259 5290 1928 5371">
    <p class='ocr_par' dir='ltr' id='par_1_106' title="bbox 259 5294 1928 5371">
     <span class='ocr_line' id='line_1_106' title="bbox 259 5294 1928 5371; baseline -0.002 -20"><span class='ocrx_word' id='word_1_814' title='bbox 259 5303 405 5370; x_wconf 71' lang='grc' dir='ltr'>ἔχειν</span> <span class='ocrx_word' id='word_1_815' title='bbox 439 5300 588 5371; x_wconf 80' lang='grc' dir='ltr'>παρὰ</span> <span class='ocrx_word' id='word_1_816' title='bbox 611 5298 915 5358; x_wconf 74' lang='grc' dir='ltr'>τὸδίκαιον,</span> <span class='ocrx_word' id='word_1_817' title='bbox 971 5296 1248 5365; x_wconf 77' lang='grc' dir='ltr'>ἐξέρχεται</span> <span class='ocrx_word' id='word_1_818' title='bbox 1280 5296 1311 5364; x_wconf 81' lang='grc' dir='ltr'>ἠ</span> <span class='ocrx_word' id='word_1_819' title='bbox 1353 5295 1534 5363; x_wconf 87' lang='grc' dir='ltr'>κρίσις</span> <span class='ocrx_word' id='word_1_820' title='bbox 1569 5294 1817 5365; x_wconf 77' lang='grc' dir='ltr'>στρεϐλή.</span> <span class='ocrx_word' id='word_1_821' title='bbox 1925 5317 1928 5348; x_wconf 74' lang='grc' dir='ltr'><strong>ε</strong></span> 
     </span>
    </p>
   </div>
   <div class='ocr_carea' id='block_1_107' title="bbox 1803 5290 3472 5371">
    <p class='ocr_par' dir='ltr' id='par_1_107' title="bbox 1804 5290 3472 5367">
     <span class='ocr_line' id='line_1_107' title="bbox 1804 5290 3472 5367; baseline -0.005 -20"><span class='ocrx_word' id='word_1_822' title='bbox 1804 5334 1817 5347; x_wconf 94' lang='grc'>.</span> <span class='ocrx_word' id='word_1_823' title='bbox 1925 5298 2178 5367; x_wconf 86' lang='lat' dir='ltr'><strong>superior</strong></span> <span class='ocrx_word' id='word_1_824' title='bbox 2211 5304 2314 5357; x_wconf 89' lang='lat' dir='ltr'><strong>est,</strong></span> <span class='ocrx_word' id='word_1_825' title='bbox 2345 5295 2611 5365; x_wconf 89' lang='lat' dir='ltr'><strong>judicium</strong></span> <span class='ocrx_word' id='word_1_826' title='bbox 2640 5308 2861 5363; x_wconf 87' lang='lat' dir='ltr'><strong>pravum</strong></span> <span class='ocrx_word' id='word_1_827' title='bbox 2892 5294 3203 5363; x_wconf 76' lang='lat' dir='ltr'><strong>egreditur;</strong></span> <span class='ocrx_word' id='word_1_828' title='bbox 3238 5292 3379 5344; x_wconf 89' lang='lat' dir='ltr'><strong>hunc</strong></span> <span class='ocrx_word' id='word_1_829' title='bbox 3409 5290 3472 5341; x_wconf 77' lang='lat' dir='ltr'><strong>ad</strong></span> 
     </span>
    </p>
   </div>
   <div class='ocr_carea' id='block_1_108' title="bbox 329 5428 2467 5499">
    <p class='ocr_par' dir='ltr' id='par_1_108' title="bbox 329 5428 2467 5499">
     <span class='ocr_line' id='line_1_108' title="bbox 329 5428 2467 5499; baseline 0 -10"><span class='ocrx_word' id='word_1_830' title='bbox 329 5435 376 5468; x_wconf 84' lang='grc'><strong>⁹⁶</strong></span> <span class='ocrx_word' id='word_1_831' title='bbox 406 5432 553 5489; x_wconf 64' lang='lat' dir='ltr'><strong>lente</strong></span> <span class='ocrx_word' id='word_1_832' title='bbox 605 5451 679 5498; x_wconf 87' lang='lat' dir='ltr'><strong>tv,</strong></span> <span class='ocrx_word' id='word_1_833' title='bbox 719 5433 776 5488; x_wconf 77' lang='lat'><strong>3.</strong></span> <span class='ocrx_word' id='word_1_834' title='bbox 851 5433 895 5465; x_wconf 82' lang='lat'>&quot;</span> <span class='ocrx_word' id='word_1_835' title='bbox 932 5431 1120 5485; x_wconf 70' lang='lat' dir='ltr'><strong>Matth.</strong></span> <span class='ocrx_word' id='word_1_836' title='bbox 1155 5447 1278 5494; x_wconf 80' lang='lat' dir='ltr'><strong>xxv,</strong></span> <span class='ocrx_word' id='word_1_837' title='bbox 1316 5431 1405 5485; x_wconf 68' lang='lat'><strong>65.</strong></span> <span class='ocrx_word' id='word_1_838' title='bbox 1482 5430 1526 5462; x_wconf 84' lang='lat'>&quot;</span> <span class='ocrx_word' id='word_1_839' title='bbox 1561 5428 1725 5485; x_wconf 82' lang='lat' dir='ltr'><strong>Hebr.</strong></span> <span class='ocrx_word' id='word_1_840' title='bbox 1750 5447 1803 5497; x_wconf 86' lang='lat' dir='ltr'><strong>x,</strong></span> <span class='ocrx_word' id='word_1_841' title='bbox 1827 5433 1917 5487; x_wconf 69' lang='grc'><strong>29.</strong></span> <span class='ocrx_word' id='word_1_842' title='bbox 1992 5434 2037 5467; x_wconf 85' lang='grc'><strong><em>⁹⁹</em></strong></span> <span class='ocrx_word' id='word_1_843' title='bbox 2063 5434 2215 5489; x_wconf 88' lang='lat' dir='ltr'><strong>Deut.</strong></span> <span class='ocrx_word' id='word_1_844' title='bbox 2241 5450 2349 5499; x_wconf 75' lang='lat' dir='ltr'><strong>XVI,</strong></span> <span class='ocrx_word' id='word_1_845' title='bbox 2382 5437 2467 5490; x_wconf 74' lang='lat'><strong>19.</strong></span> 
     </span>
    </p>
   </div>
   <div class='ocr_carea' id='block_1_109' title="bbox 1448 5548 2322 5614">
    <p class='ocr_par' dir='ltr' id='par_1_109' title="bbox 1448 5548 2322 5614">
     <span class='ocr_line' id='line_1_109' title="bbox 1448 5548 2322 5614; baseline 0.005 -8"><span class='ocrx_word' id='word_1_846' title='bbox 1448 5548 1645 5609; x_wconf 64' lang='lat' dir='ltr'><strong>Varia</strong></span> <span class='ocrx_word' id='word_1_847' title='bbox 1682 5548 1984 5612; x_wconf 88' lang='lat' dir='ltr'><strong>lectiones</strong></span> <span class='ocrx_word' id='word_1_848' title='bbox 2028 5560 2090 5614; x_wconf 89' lang='lat' dir='ltr'><strong>et</strong></span> <span class='ocrx_word' id='word_1_849' title='bbox 2133 5560 2322 5613; x_wconf 72' lang='lat' dir='ltr'><strong>notae.</strong></span> 
     </span>
    </p>
   </div>
   <div class='ocr_carea' id='block_1_110' title="bbox 262 5670 1810 5739">
    <p class='ocr_par' dir='ltr' id='par_1_110' title="bbox 262 5670 1810 5739">
     <span class='ocr_line' id='line_1_110' title="bbox 262 5670 1810 5739; baseline -0.002 -14"><span class='ocrx_word' id='word_1_850' title='bbox 262 5691 410 5729; x_wconf 83' lang='lat' dir='ltr'><strong>suam</strong></span> <span class='ocrx_word' id='word_1_851' title='bbox 444 5678 503 5727; x_wconf 83' lang='lat' dir='ltr'><strong>ob</strong></span> <span class='ocrx_word' id='word_1_852' title='bbox 535 5671 1005 5739; x_wconf 80' lang='lat' dir='ltr'><strong>longanimitatem.</strong></span> <span class='ocrx_word' id='word_1_853' title='bbox 1030 5671 1162 5722; x_wconf 72' lang='lat' dir='ltr'><strong>(alia</strong></span> <span class='ocrx_word' id='word_1_854' title='bbox 1199 5671 1334 5736; x_wconf 74' lang='lat' dir='ltr'><strong>ﬁeri,</strong></span> <span class='ocrx_word' id='word_1_855' title='bbox 1391 5688 1551 5736; x_wconf 83' lang='lat' dir='ltr'><strong>neque</strong></span> <span class='ocrx_word' id='word_1_856' title='bbox 1595 5670 1810 5722; x_wconf 75' lang='lat' dir='ltr'><strong>interci-</strong></span> 
     </span>
    </p>
   </div>
   <div class='ocr_carea' id='block_1_111' title="bbox 260 5740 1806 5810">
    <p class='ocr_par' dir='ltr' id='par_1_111' title="bbox 260 5740 1806 5810">
     <span class='ocr_line' id='line_1_111' title="bbox 260 5740 1806 5810; baseline -0.003 -14"><span class='ocrx_word' id='word_1_857' title='bbox 260 5748 481 5810; x_wconf 79' lang='lat' dir='ltr'><strong>pientem</strong></span> <span class='ocrx_word' id='word_1_858' title='bbox 515 5744 621 5795; x_wconf 67' lang='lat' dir='ltr'><strong>lucc</strong></span> <span class='ocrx_word' id='word_1_859' title='bbox 650 5759 668 5795; x_wconf 92' lang='lat'><em>:</em></span> <span class='ocrx_word' id='word_1_860' title='bbox 694 5742 770 5795; x_wconf 75' lang='lat' dir='ltr'><strong>vel</strong></span> <span class='ocrx_word' id='word_1_861' title='bbox 800 5750 1047 5806; x_wconf 70' lang='lat' dir='ltr'><strong>tauquam</strong></span> <span class='ocrx_word' id='word_1_862' title='bbox 1081 5741 1194 5807; x_wconf 84' lang='lat' dir='ltr'><strong>ejus</strong></span> <span class='ocrx_word' id='word_1_863' title='bbox 1231 5742 1388 5795; x_wconf 64' lang='lat' dir='ltr'><strong>&quot;itam</strong></span> <span class='ocrx_word' id='word_1_864' title='bbox 1420 5740 1806 5808; x_wconf 79' lang='lat' dir='ltr'><strong>producentcm,</strong></span> 
     </span>
    </p>
   </div>
   <div class='ocr_carea' id='block_1_112' title="bbox 264 5813 1216 5876">
    <p class='ocr_par' dir='ltr' id='par_1_112' title="bbox 264 5813 1216 5876">
     <span class='ocr_line' id='line_1_112' title="bbox 264 5813 1216 5876; baseline 0.001 -13"><span class='ocrx_word' id='word_1_865' title='bbox 264 5829 315 5863; x_wconf 79' lang='lat' dir='ltr'><strong>nt</strong></span> <span class='ocrx_word' id='word_1_866' title='bbox 360 5814 489 5865; x_wconf 77' lang='lat' dir='ltr'><strong>talia</strong></span> <span class='ocrx_word' id='word_1_867' title='bbox 528 5813 762 5865; x_wconf 81' lang='lat' dir='ltr'><strong>facinora</strong></span> <span class='ocrx_word' id='word_1_868' title='bbox 792 5824 998 5863; x_wconf 79' lang='lat' dir='ltr'><strong>cernere</strong></span> <span class='ocrx_word' id='word_1_869' title='bbox 1024 5821 1216 5876; x_wconf 70' lang='lat' dir='ltr'><strong>posset.</strong></span> 
     </span>
    </p>
   </div>
   <div class='ocr_carea' id='block_1_113' title="bbox 1992 5672 3117 5741">
    <p class='ocr_par' dir='ltr' id='par_1_113' title="bbox 1992 5672 3117 5741">
     <span class='ocr_line' id='line_1_113' title="bbox 1992 5672 3117 5741; baseline -0.001 -15"><span class='ocrx_word' id='word_1_870' title='bbox 1992 5676 2103 5737; x_wconf 73' lang='lat'><strong>(53)</strong></span> <span class='ocrx_word' id='word_1_871' title='bbox 2132 5676 2264 5728; x_wconf 72' lang='lat' dir='ltr'><strong>Cod.</strong></span> <span class='ocrx_word' id='word_1_872' title='bbox 2290 5676 2417 5728; x_wconf 86' lang='lat' dir='ltr'><strong>Bav.</strong></span> <span class='ocrx_word' id='word_1_873' title='bbox 2449 5675 2594 5727; x_wconf 88' lang='lat' dir='ltr'><strong>addit</strong></span> <span class='ocrx_word' id='word_1_874' title='bbox 2626 5672 3117 5741; x_wconf 53' lang='lat' dir='ltr'><strong>XpEOtV,_iudtctttm.</strong></span> 
     </span>
    </p>
   </div>
   <div class='ocr_carea' id='block_1_114' title="bbox 1993 5744 2954 5817">
    <p class='ocr_par' dir='ltr' id='par_1_114' title="bbox 1993 5744 2954 5817">
     <span class='ocr_line' id='line_1_114' title="bbox 1993 5744 2954 5817; baseline -0.014 -15"><span class='ocrx_word' id='word_1_875' title='bbox 1993 5747 2100 5813; x_wconf 62' lang='grc' dir='ltr'>(δι)</span> <span class='ocrx_word' id='word_1_876' title='bbox 2139 5746 2318 5809; x_wconf 47' lang='lat' dir='ltr'><strong>Anici,</strong></span> <span class='ocrx_word' id='word_1_877' title='bbox 2353 5748 2615 5817; x_wconf 71' lang='lat' dir='ltr'><strong>loquatur,</strong></span> <span class='ocrx_word' id='word_1_878' title='bbox 2662 5747 2796 5797; x_wconf 69' lang='lat' dir='ltr'><strong>Cod.</strong></span> <span class='ocrx_word' id='word_1_879' title='bbox 2828 5744 2954 5793; x_wconf 72' lang='lat' dir='ltr'><strong>liat.</strong></span> 
     </span>
    </p>
   </div>
  </div>
