4226 6438
220 376 334 441 8'29

1015 377 1418 437 EXPOSITIO
1456 377 1535 436 IN
1572 375 2035 438 PROPHETAM
2076 378 2517 439 HABACUC.—
2538 380 2695 440 CAP.
2742 380 2790 438 Ι.

3393 374 3497 436 830

222 493 345 553 τοῖς
382 492 439 543 ἐν
491 487 570 559 τῷ
612 487 980 558 ἁμαρτάνοντι
1041 490 1481 556 κατα’ρρονηταῐς
1531 487 1810 555 λογισμοῖς
1842 494 1885 545 Α

1842 494 1885 545 Α
1916 495 2145 550 exerat,
2191 485 2421 552 emperit
2459 505 2470 539 :
2506 485 2969 557 quemadmodum
3012 490 3221 553 quanto
3261 483 3498 534 exterior

223 579 579 648 ἐγκελεύεται
606 579 668 631 τὸ
696 578 848 639 ἰδεῖν,
875 577 954 630 ὅτι
981 581 1040 629 τὸ
1063 578 1231 639 ὅντως
1280 577 1443 629 καλὸν
1464 579 1492 629 ὁ
1515 575 1646 639 Θεός
1676 578 1814 639 ἐστι,

224 674 324 723 καὶ
357 672 645 739 ἐπιϐλέψαι
677 672 761 721 ἐπ’
797 670 979 729 αὑτὸν,
1042 670 1136 721 καὶ
1171 668 1246 737 μὴ
1277 667 1589 721 ἀπατᾶσθαι
1630 668 1819 737 ψευδεί

221 760 418 813 κάλλει
447 760 555 812 τῶν
580 760 895 829 ὁρωμένων,
932 759 1068 828 μηδέ
1091 759 1368 827 Θαυμάσαι
1404 757 1472 810 τὰ
1490 758 1817 827 άθαύμαστα

224 853 484 923 βιωτικά,
520 853 656 905 ἀλλὰ
691 854 759 906 τά
799 852 969 914 ὅντως
995 852 1279 921 Θαυμάσια
1319 853 1386 904 τὰ
1417 854 1471 904 ὲν
1501 853 1611 913 τοῖς
1646 852 1812 920 οὐρα--

222 950 363 1009 vuig.
412 946 521 997 Καὶ
556 944 913 1015 ἀφανίσθητε,
949 943 1142 1013 φησὶν,
1176 944 1284 996 ἀπὸ
1324 946 1423 1012 τῆς
1460 942 1816 1011 ἀνθρωπίνης

202 1036 428 1104 -ψυχῖς,
464 1036 512 1086 οἱ
556 1034 964 1103 καταφρονηταὶ
1012 1032 1288 1102 λογισμοὶ,
1352 1032 1440 1085 ἵνα
1486 1031 1818 1084 ὑπεισέλθω-

231 1146 323 1180 σιν
353 1129 465 1197 (57)
494 1130 545 1181 cl
572 1131 751 1183 πάντα
811 1128 1256 1198 ὑποπτήσσοντες
1287 1127 1355 1180 δι’
1381 1126 1686 1190 εὐλάϐειαν,
1726 1126 1819 1178 καὶ

229 1218 563 1287 φοϐούμενοι
617 1221 708 1271 τὸν
772 1220 1074 1288 δυνάμενον
1123 1220 1215 1270 καὶ
1264 1218 1424 1287 σῶμα
1492 1214 1585 1269 καὶ
1640 1214 1818 1286 ψυχὴν

226 1312 565 1380 παραδοῦναι
590 1314 655 1381 τῇ
688 1312 899 1381 γεέννῃ,
937 1312 1029 1364 καὶ
1045 1310 1132 1363 διὰ
1159 1309 1318 1363 τοῦτο
1337 1308 1680 1370 ἐκκλίνοντες
1709 1307 1818 1361 ἀπὸ

223 1404 403 1457 κακοῦ
444 1405 577 1476 (58).

1922 575 2085 630 homo
2117 577 2511 646 corrumpitur,
2532 586 2685 631 tanto
2713 577 2942 631 interior
2973 584 3270 630 renovatur
3296 573 3337 626 ³.
3363 572 3495 636 Quia

1919 682 2048 721 vero
2078 667 2259 721 omnis
2293 671 2381 736 qui
2422 682 2748 738 aspernatur
2772 670 2964 732 Deum,
2999 684 3108 721 non
3145 667 3291 720 vid-:t
3334 684 3346 716 ε
3398 679 3494 716 nec

1919 761 2063 813 enim
2097 768 2307 813 tantum
2345 760 2545 813 bonum
2580 770 2971 829 aspernaretur
3002 778 3014 811 :
3054 769 3341 828 propterea
3367 772 3497 808 con-

1918 851 2304 919 teutptrieibus
2332 851 2385 904 in
2418 863 2678 920 peccante
2708 853 3155 921 COgitationihus,
3188 865 3361 917 neque
3391 863 3495 900 non

1919 941 2461 1002 ratiocinationibus.
2523 944 2576 995 in
2611 943 2885 996 mandatis
2918 943 3009 994 dat
3049 956 3299 1003 cernere,
3352 938 3495 1006 quod

1917 1052 2043 1090 vere
2082 1037 2284 1088 bonum
2309 1036 2451 1091 Deus
2484 1038 2577 1099 sit,
2606 1052 2666 1090 ac
2700 1038 2752 1089 in
2796 1038 2977 1105 ipsum
3021 1035 3257 1099 dirigere
3290 1031 3493 1082 lumina

1920 1137 2126 1190 nostra,
2163 1129 2459 1198 oculosque
2485 1129 2727 1188 ﬂectere.
2756 1146 2854 1183 nec
2883 1128 3057 1197 decipi
3085 1126 3262 1178 fallaci
3288 1141 3486 1180 rerum,

1918 1236 2038 1289 qua:
2074 1222 2349 1285 videntur,
2384 1222 2820 1291 pulchritudine,
2857 1236 2989 1273 neve
3015 1219 3351 1272 demiremur
3380 1230 3495 1281 qn;c

1926 1314 2129 1366 nullam
2160 1314 2579 1368 admirationem
2608 1323 2920 1369 mereantur
2945 1312 2997 1364 in
3022 1313 3121 1364 hoc
3147 1312 3267 1362 vitm
3300 1316 3497 1359 nostra:

1925 1420 2114 1459 cursu.
2168 1405 2378 1459 Etenim
2426 1423 2545 1475 qua:
2582 1422 2711 1460 vere
2742 1403 3083 1465 admiranda,
3134 1410 3260 1455 sunt
3302 1414 3496 1465 nempe

223 1496 502 1551 caelestia.
530 1496 594 1549 Et
623 1498 1021 1563 obscuramini,
1052 1498 1253 1567 inquit,
1279 1498 1347 1552 ah
1372 1497 1611 1551 humana
1636 1497 1843 1561 anima,
1888 1512 1987 1551 vos
2012 1501 2431 1568 cuntemptricia
2477 1502 2726 1562 coasilia,
2794 1508 2850 1551 ut
2897 1515 2926 1552 e
2967 1509 3157 1549 contra
3210 1494 3495 1559 suhingrc-

221 1587 453 1641 diantur
480 1588 664 1643 omnia
700 1591 1162 1645 snbtimescentcs
1213 1590 1574 1660 cogitationes
1603 1604 1700 1658 per
1730 1590 2551 1661 reverentiam,metuentesque
2580 1608 2726 1655 eum,
2789 1592 2879 1658 qui
2944 1590 3115 1658 possit
3177 1595 3230 1638 et
3297 1596 3497 1649 corpus

222 1694 283 1737 ct
322 1686 561 1739 animam
597 1687 811 1741 tradere
846 1688 1109 1757 gehennae
1136 1689 1179 1751 δ,

1232 1702 1464 1756 eamque
1508 1688 1577 1740 ob
1622 1700 1736 1741 rem
1778 1700 1807 1738 a
1852 1685 1994 1739 malo
2034 1686 2395 1741 declinantes.

298 1784 453 1837 Διότι
512 1784 690 1853 ἔργον
744 1785 860 1853 ἐγὼ
920 1784 1232 1855 ἐργάζομαι
1263 1786 1331 1839 ἐν
1371 1785 1500 1851 ταῖς
1556 1783 1804 1853 ἡμέραις
1837 1785 1880 1842 Β

1837 1785 1880 1842 Β
1985 1782 2127 1836 Nam
2161 1800 2269 1837 rem
2299 1801 2391 1852 ego
2420 1784 2648 1837 arduam
2678 1783 2948 1850 perﬁciant
2976 1782 3025 1833 in
3074 1779 3257 1830 diebus
3290 1777 3494 1832 restria.

222 1874 415 1940 ὑμῶν,
441 1875 470 1929 ὃ
493 1878 563 1929 οὐ
582 1877 667 1945 μὴ
697 1879 1087 1945 πιστεύσητε.
1146 1878 1257 1932 ἐάν
1302 1895 1395 1944 τις
1440 1876 1809 1947 ἐκδιηγῆται.

222 1970 344 2022 Οὐκ
382 1972 461 2031 είς
492 1971 729 2039 μακρὰν,
769 1971 953 2039 φησὶν,
989 1971 1107 2024 ἀλλ’
1145 1974 1204 2024 ἐν
1234 1972 1355 2033 ταῖς
1401 1973 1634 2041 ήμέραις
1659 1968 1814 2038 ὑμῶν

223 2060 538 2132 παραδώσει)
559 2062 699 2130 ὑμᾶς
724 2065 847 2124 τοὺς
876 2064 1228 2133 παρανόμους
1244 2067 1352 2125 τοῖς
1382 2065 1616 2135 ἐχθροῖς.
1642 2063 1815 2115 Τοῦτο

220 2154 333 2221 γάρ
392 2154 507 2206 ἐστι
538 2154 597 2205 τὸ
632 2154 812 2220 ἔργον,
839 2155 867 2207 δ
907 2156 1237 2225 ἐργάζομαι.
1288 2158 1397 2209 Καὶ
1432 2153 1549 2209 οἶδα
1585 2156 1705 2224 μὲν,
1729 2157 1812 2208 ὃτι

221 2250 647 2316 καττφρονηταὶ
675 2248 848 2311 ὄντες,
883 2249 944 2301 ού
979 2249 1052 2319 μὴ
1105 2248 1460 2317 πιστεύσητε,
1489 2250 1584 2301 ἐάν
1613 2266 1696 2311 τις
1719 2249 1809 2300 ὲκ-

220 2337 479 2405 διηγῆται
511 2338 657 2405 ὑμῖν.
686 2339 799 2409 Πρὸ
828 2341 934 2408 γάρ
964 2340 1060 2406 τῆς
1087 2340 1283 2406 πείρας
1301 2338 1413 2391 τῶν
1446 2340 1808 2408 πραγμάτων,

220 2429 327 2491 τὰς
357 2428 589 2490 ἀπειλὰς
612 2431 764 2482 οὐδὲν
823 2431 1070 2501 ἡγεῖσθε,
1096 2430 1172 2493 ὡς
1194 2430 1407 2499 ψευδεῖς
1438 2430 1631 2494 οὖσαςο
1666 2432 1812 2499 ὅμως

222 2526 284 2573 τ’)
318 2522 555 2589 ἐμαυτοῦ
580 2524 751 2574 ποιῶν
776 2522 852 2584 ὼς
874 2522 1076 2591 ἀγαθὸς
1103 2523 1197 2575 καὶ
1225 2522 1456 2587 δίκαιος,
1476 2524 1679 2592 κρίνειν
1703 2524 1810 2575 ἀπὸ

227 2613 398 2682 μόνης
444 2614 539 2682 τῆς
589 2614 949 2683 προγνώσεως
984 2616 1081 2666 οὐκ
1137 2615 1422 2682 ἀνέχομαι.
1492 2612 1651 2665 Ἀλλὰ
1716 2614 1809 2665 καὶ

222 2709 341 2767 τοῖς
400 2707 651 2769 ἀπίστοις
697 2707 953 2775 μέλλουσι
978 2707 1077 2765 τὰς
1111 2706 1449 2775 προρρήσεις
1488 2704 1806 2773 προσφέρω,

224 2799 325 2851 καὶ
358 2798 661 2867 τηνικαῦτα
692 2797 989 2865 θεραπείαν
1019 2798 1077 2847 οὑ
1110 2784 1425 2864 δεχομένοις
1474 2796 1573 2856 τὰς
1634 2813 1809 2864 τιμωο

226 2888 352 2957 pia;
380 2889 643 2958 ὲπιςεὲρω.
683 2888 835 2957 Τάχα
872 2887 988 2939 δ’ἂν
1020 2887 1115 2938 καὶ
1145 2888 1172 2938 ὁ
1200 2887 1514 2954 Μονογενὴς
1563 2886 1806 2956 νοηθείη.

223 2980 403 3048 λέγων
437 2982 573 3049 πρὸς
630 2980 755 3043 τοὺς
804 2981 1252 3051 τυραννήσαντας
1302 2980 1404 3048 τῆς
1458 2980 1807 3049 ἀνθρωπίνης

224 3074 463 3139 φύσεως,
522 3074 616 3126 καὶ
658 3072 752 3124 τοῦ
800 3072 936 3126 Θεοῦ
999 3072 1477 3141 καταφρονοῦντας
1520 3073 1802 3140 δαίμονας,

222 3169 307 3219 ὅτι
343 3166 503 3234 ἔργον
558 3167 699 3233 μέγα
734 3164 915 3233 μέλλει
956 3164 1068 3233 (59)
1127 3163 1491 3233 ἐργάσασθαι.
1522 3164 1581 3216 τὸ
1625 3166 1805 3234 σάρκα

222 3259 411 3311 λαὸετν
438 3258 554 3310 τότε
586 3259 642 3309 ἐν
667 3260 783 3319 ταῖς
815 3257 1048 3325 ἡμέραις
1078 3256 1278 3318 αὐτῶν,
1306 3256 1594 3309 τουτέστιν
1637 3258 1694 3308 ἐν
1728 3257 1806 3328 τῷ

224 3350 406 3420 καιρῷ
430 3351 534 3417 τῆς
558 3350 735 3403 αὐτῶν
761 3350 1082 3418 εὐημερίας.
1107 3345 1225 3402 Οἶδε
1257 3350 1366 3418 γὰρ
1398 3350 1427 3417 ἡ
1464 3349 1654 3420 Γρασή
1673 3351 1807 3420 ἡμέ-

226 3461 329 3512 ραν
364 3444 455 3494 καὶ
479 3443 780 3511 εὐημερίαν
810 3439 1123 3507 ὀνομάζειν
1176 3441 1247 3505 ὡς
1294 3442 1378 3504 τὸ,
1426 3443 1568 3495 Ἀπὸ
1609 3442 1805 3510 ὕψους

224 3536 449 3601 ἡμέρας
473 3536 543 3587 οὐ
574 3532 1011 3601 φοϐηθήσομαι·
1056 3532 1171 3596 καὶ,
1209 3531 1459 3600 Ἠμέραν
1494 3531 1806 3598 ἀνθρώπου

223 3628 337 3679 οὐκ
370 3626 739 3689 ἐπεθύμησα.
778 3625 906 3675 Ὅτε
939 3619 1164 3691 οὖν(60)
1206 3624 1238 3691 ή
1270 3623 1439 3674 κακία
1475 3623 1628 3690 ὑμῶν
1668 3639 1806 3690 κρα-

223 3717 382 3784 τήσει
419 3715 518 3781 τῆς
569 3710 919 3783 οἰκουμένης,
947 3713 1019 3775 ὡς
1051 3714 1419 3783 διαφθαρῆναι
1462 3714 1671 3775 πάντας
1708 3716 1807 3767 καὶ

225 3807 605 3878 βδελυχθῆναι,
647 3807 741 3858 καὶ
774 3808 846 3874 μὴ
877 3801 1015 3859 εἶναι
1052 3806 1256 3874 μηδένα
1286 3806 1494 3859 δίκαιον
1534 3808 1641 3869 ἓως
1665 3808 1804 3873 ἐνὸς,

222 3907 343 3952 τότε
400 3901 577 3967 σάρκα
632 3898 869 3965 λήψομαι
917 3898 1009 3948 καὶ
1055 3900 1269 3965 ποιήσω
1310 3897 1609 3966 Θαυμάσια,
1640 3899 1708 3951 τά
1742 3916 1801 3951 τε

221 3992 382 4055 ἄλλα,
421 3988 566 4043 καὶᾶ
603 3988 715 4058 (61)
774 3989 892 4056 μεθ’
929 3988 1082 4056 ὑμῶν
1107 3989 1386 4055 προδήλως
1425 3990 1797 4053 ἐπεδείκνυον,

222 4082 503 4136 ἐκϐάλλων
520 4084 664 4149 ὑμᾶς
692 4082 799 4133 ἀπὸ
815 4080 923 4132 τῶν
946 4081 1039 4131 ἀνο
1051 4080 1267 4147 ρώπων.
1304 4081 1471 4133 Ἴδετε
1501 4077 1793 4147 οὖνταύταΔ

224 4181 322 4233 καὶ
383 4176 717 4245 ἀφανίσθητε
752 4215 767 4235 ,
838 4174 1034 4244 μηκέτι
1108 4173 1185 4241 τῷ
1233 4174 1355 4239 ἀέρι
1408 4175 1804 4240 ἐνεξουσιάζειν

225 4270 651 4339 φρυαττόμενοι,
682 4266 793 4320 ἀλλ’
829 4266 933 4319 ὑπὸ
970 4266 1075 4335 γῆν
1102 4267 1519 4335 κατὰδυόμενοι.

1920 1880 2003 1931 cui
2029 1877 2438 1947 haudquaquam
2479 1878 2794 1929 adhibebitis
2830 1876 3010 1942 ﬁdem,
3067 1873 3113 1923 si
3156 1874 3272 1939 quis
3308 1886 3495 1921 recen-

1918 1982 2054 2026 seat.
2095 1971 2215 2024 Non
2258 1972 2424 2038 longo
2466 1978 2587 2039 post
2616 1979 2885 2037 tempore,
2933 1967 3131 2029 ἱιιιμιλ,
3164 1963 3257 2016 sed
3290 1962 3341 2012 in
3380 1962 3497 2011 dic-

1919 2066 2020 2119 bus
2063 2064 2262 2117 vestris
2299 2067 2507 2116 tradam
2556 2077 2651 2114 vos
2718 2060 3164 2128 prmtaricatores
3219 2054 3494 2106 hostibus.

1917 2159 1989 2213 Ea
2021 2166 2107 2212 est
2135 2172 2242 2220 res,
2276 2157 2377 2210 hoc
2405 2171 2569 2225 opus,
2628 2155 2773 2223 quod
2833 2165 3152 2220 persequar.
3230 2148 3305 2199 Ac
3371 2146 3494 2197 novi

1914 2254 2161 2322 quidem,
2194 2251 2338 2320 quod
2373 2258 2782 2318 contemptores
2830 2263 2925 2300 vos
2964 2245 3188 2297 minime
3239 2239 3491 2299 credetis,

1917 2348 1965 2400 si
2000 2346 2126 2414 quis
2151 2344 2439 2399 annuntiet
2474 2343 2648 2397 vobis.
2676 2343 2815 2393 Ante
2845 2353 3025 2393 rerum
3058 2348 3295 2403 namque
3329 2347 3491 2399 expe-

1917 2437 2171 2490 rientiam
2218 2445 2274 2490 et
2310 2443 2591 2497 eventum,
2637 2431 3117 2486 interminationes
3180 2440 3278 2478 vos
3331 2423 3491 2477 nauci

1913 2528 2138 2589 ducitis,
2166 2543 2263 2580 ceu
2296 2541 2468 2581 vanas
2494 2526 2824 2580 exsistenles
2859 2538 2872 2574 :
2912 2532 3150 2574 attamen
3187 2518 3332 2587 quod
3368 2530 3489 2567 mea

1914 2618 2145 2671 interest
2206 2615 2433 2680 faciens,
2486 2626 2543 2669 ut
2614 2617 2790 2671 bonus
2842 2622 2896 2666 et
2940 2614 3147 2681 justus,
3187 2612 3327 2665 citra
3357 2624 3490 2675 prae-

1912 2709 2205 2761 scientiam
2263 2707 2513 2775 judicare
2560 2721 2659 2759 vos
2700 2720 2808 2759 non
2867 2703 3134 2757 sustineo.
3186 2700 3290 2753 Sed
3347 2698 3490 2749 enim

1913 2797 2212 2851 incredulis
2247 2797 2468 2861 futuris,
2503 2795 2888 2866 praedictiones
2922 2801 2974 2845 et
3012 2791 3268 2843 vaticinia
3302 2788 3492 2849 aﬂcru,

1913 2906 1975 2943 ac
2003 2893 2162 2959 juxta
2220 2892 2550 2944 medicinam
2581 2907 2591 2939 :
2628 2905 2747 2957 quae
2788 2888 2879 2955 qui
2934 2901 3042 2939 non
3074 2885 3377 2951 accipiunt,
3409 2882 3491 2935 eis

1913 2998 2103 3052 poenas
2140 2998 2168 3036 e
2226 2982 2493 3051 supplicia
2534 2991 2681 3035 certe
2713 2987 2965 3049 appirto.
3030 2976 3127 3031 llic
3163 2975 3398 3031 fortasse
3437 2983 3492 3027 et

1914 3075 2231 3143 umgenitus
2276 3074 2367 3127 Dei
2405 3073 2577 3127 Filius
2609 3072 2833 3141 intelligi
2874 3079 3038 3139 queat
3077 3070 3259 3122 dicere
3297 3068 3361 3118 ad
3392 3066 3493 3118 hu-

1916 3179 2089 3217 mame
2146 3172 2353 3217 natura:
2412 3176 2773 3230 oppressores
2830 3160 3033 3228 Deique
3087 3165 3491 3225 contemptores

1917 3259 2190 3311 daemones
2239 3273 2251 3309 :
2298 3256 2448 3324 Opus
2502 3256 2697 3324 ingens
2757 3252 3046 3322 operabor,
3102 3265 3213 3304 rem
3261 3250 3488 3300 arduam

1917 3362 2236 3417 persequar,
2296 3345 2555 3399 nimirum
2619 3358 2839 3396 carnem
2909 3339 3274 3403 assumendo,
3324 3339 3489 3402 idque

1916 3441 1969 3493 in
2025 3440 2239 3501 diebus,
2304 3438 2404 3491 hoc
2451 3446 2537 3490 est
2594 3437 2647 3488 in
2711 3445 2952 3503 tempore
3005 3431 3280 3486 felicitatis
3344 3431 3490 3497 ipso-

1916 3548 2059 3585 rum.
2131 3530 2266 3583 Nam
2338 3540 2389 3583 et
2453 3528 2734 3596 Scriptura
2807 3526 2951 3579 diem
3012 3524 3323 3576 felicitatem
3387 3534 3485 3588 ap—

1913 3625 2104 3692 pellat,
2144 3632 2291 3675 uteo
2334 3623 2385 3673 in
2423 3622 2581 3675 loco:
2623 3620 2695 3672 Ab
2733 3618 3021 3671 altitudine
3050 3615 3155 3667 diei
3186 3631 3288 3665 non
3329 3623 3491 3665 terre-

1912 3718 2034 3779 ﬁam
2060 3716 2108 3777 ⁸;
2142 3724 2217 3773 et,
2270 3714 2418 3765 Diem
2470 3712 2695 3766 hominis
2734 3726 2834 3762 non
2862 3707 3218 3761 desiderari‘.
3260 3703 3490 3768 Quando

1914 3807 2079 3875 igitur
2135 3806 2318 3858 scelus
2350 3813 2593 3858 vestrum
2648 3804 2837 3855 urbem
2877 3808 3153 3853 terrarum
3188 3811 3490 3862 cccupaveo

1912 3902 2005 3959 rit,
2040 3909 2100 3952 ut
2132 3897 2268 3952 adeo
2319 3908 2744 3966 corrumpantur
2790 3912 3005 3956 omnes.
3066 3906 3113 3947 et
3153 3894 3205 3946 in
3259 3894 3485 3945 exitium

1909 4002 2160 4060 vergant,
2218 3999 2278 4044 ut
2337 4006 2405 4045 ne
2435 4006 2579 4043 unus
2634 3991 2852 4059 quidem
2894 3991 3074 4057 justus
3123 3988 3353 4039 relictus
3390 3987 3485 4045 sit,

1910 4092 2024 4137 tum
2057 4098 2275 4137 carnem
2312 4098 2414 4152 ego
2448 4084 2712 4151 accipiam
2746 4123 2758 4143 ,
2799 4084 3104 4149 faciamque
3147 4078 3484 4138 admiranda,

1912 4192 2037 4232 cum
2067 4178 2196 4244 alia,
2223 4186 2337 4231 tum
2371 4190 2433 4231 ea
2463 4192 2584 4245 qua:
2613 4176 2680 4229 de
2716 4191 2799 4228 me
2833 4176 3009 4242 palam
3062 4173 3335 4243 pr0pheta:
3362 4170 3491 4221 vati-

1908 4270 2079 4324 cinati
2105 4278 2251 4335 sunt,
2277 4270 2507 4337 eiiciens
2542 4284 2641 4322 vos
2673 4270 2739 4321 ab
2782 4268 3115 4321 hominibus.
3150 4263 3337 4316 Videte
3390 4260 3489 4327 igi-

222 4377 317 4419 tur
343 4366 539 4418 Inecet
572 4362 966 4425 obseuramini,
1010 4379 1116 4415 non
1173 4364 1406 4430 amplius
1459 4372 1783 4431 potestatem
1828 4376 2061 4420 vestram
2118 4368 2170 4419 in
2266 4381 2393 4420 aere
2455 4364 2766 4419 exercendo
2816 4362 3149 4432 gloriantes,
3218 4358 3311 4411 sed
3385 4357 3465 4409 s"

222 4471 426 4515 terram
464 4459 782 4513 subeuntes.

296 4559 451 4612 Διότι
486 4555 614 4613 ιδοὺ
646 4555 756 4621 (62)
788 4555 901 4622 ἐγὼ
927 4555 1205 4625 ὲξεγείρω
1248 4556 1391 4621 τοὺς
1444 4557 1797 4623 Χαλδαίους,
1836 4564 1875 4617 ῐ)

1836 4564 1875 4617 ῐ)
1982 4554 2145 4607 Vens.
2206 4553 2258 4606 6.
2336 4550 2622 4619 Propterea
2717 4565 2830 4602 ecce
2896 4564 2989 4617 ego
3061 4545 3232 4598 excito
3318 4540 3483 4592 Chal-

220 4653 294 4705 τὸ
322 4651 495 4713 ἔθνος
517 4649 583 4701 τὸ
616 4648 831 4714 πικρὸν
852 4648 948 4701 καὶ
979 4650 1044 4700 τὸ
1076 4648 1343 4715 ταχινὸν.
1380 4650 1445 4701 τὸ
1471 4652 1797 4717 πορευόμε-

220 4760 336 4797 νον
366 4743 463 4795 ἐπὶ
496 4741 566 4793 τὰ
591 4740 789 4805 πλάτη
821 4739 932 4805 τῆς
962 4738 1089 4806 τῆς,
1127 4739 1235 4792 τοῦ
1270 4740 1802 4811 κατακληρονομῆ-

221 4852 329 4889 σαι
364 4833 728 4899 σκηνώματα
755 4834 865 4884 οὐκ
899 4831 1107 4884 αὐτοῦ.
1164 4829 1366 4891 Εἰπὼν,
1417 4833 1498 4883 ὅτι
1538 4833 1641 4884 Ἐν
1673 4832 1801 4896 ταῖς

221 4924 471 4992 ἡμέραις
500 4922 689 4991 ὑμῶν,
722 4923 909 4992 ἐπειδὴ
928 4924 1018 4974 καὶ
1044 4922 1201 4975 τοῦτο
1229 4923 1426 4985 πλάτος
1449 4922 1583 4991 ἔχει,
1615 4924 1799 4992 φησὶν,

221 5018 307 5067 ὅτι
333 5013 509 5066 Ἰδού’
530 5014 590 5064 οὑ
615 5012 861 5081 βραδύνω
884 5014 1010 5083 γὰρ,
1039 5014 1155 5066 ἀλλ’
1185 5012 1340 5067 Ἰδοὺ
1362 5013 1477 5081 ἐγὼ
1503 5014 1799 5081 ἐξετείρω,

221 5110 252 5159 ὁ
284 5106 460 5158 πάντα
496 5106 714 5173 ἰσχύων.
746 5107 773 5157 ὁ
810 5106 1010 5176 μηδένα
1044 5106 1249 5169 δεδιώς.
1284 5106 1518 5175 Φοδερὸς
1547 5108 1575 5158 δ
1604 5106 1759 5173 λόγος
1782 5120 1796 5135 ’

1903 4652 2083 4707 dicos,
2133 4656 2333 4713 gentem
2386 4658 2629 4696 amaram
2678 4649 2727 4693 et
2779 4638 3018 4699 celerem,
3068 4634 3477 4703 proﬁciscentem

1904 4754 2061 4805 super
2123 4737 2431 4791 latitudines
2502 4733 2664 4803 138
2722 4742 2915 4791 terra,

1908 4833 2065 4882 arleat
2126 4829 2575 4889 Itabitaculorum,
2633 4838 2750 4891 qua!
2814 4838 2915 4874 non
2967 4831 3088 4873 sunt
3139 4820 3274 4886 ejus.
3344 4817 3479 4869 Cum

1908 4921 2171 4984 dixisset,

1902 5013 2152 5065 tudinem
2207 5011 2419 5071 habeat,
2480 5005 2702 5073 adjicit;

1907 5106 2050 5156 enim
2110 5117 2228 5171 ego,
2295 5101 2386 5166 qui
2434 5099 2613 5152 omnia
2684 5110 2929 5166 possunt,
2987 5093 3240 5147 excitabo
3289 5108 3301 5141 ε

2988 4740 3041 4780 ut
3090 4767 3095 4772 .
3122 4728 3483 4779 [nereditatem

2252 4922 2318 4973 In
2370 4920 2547 4972 diebus
2606 4916 2839 4967 vestris:
2877 4928 2998 4966 cum
3054 4922 3107 4964 et
3190 4914 3293 4961 hoc
3356 4908 3481 4960 lati-

2775 5001 2905 5055 Ecce
2964 5016 3071 5055 non
3111 5000 3351 5061 tardabo,
3385 4996 3477 5049 sed

3352 5104 3472 5157 ego,

298 5245 317 5274 ³
350 5241 389 5295 ll
425 5241 549 5295 Cor.
591 5255 663 5303 tv,
733 5240 820 5294 ιο.
898 5241 918 5272 δ
949 5240 1139 5296 Matth.
1167 5259 1218 5304 ι,
1243 5242 1333 5296 ‘28.
1408 5242 1430 5273 ⁸
1462 5240 1603 5296 Psal.
1650 5258 1738 5305 ιν,
1768 5244 1819 5296 4.
1900 5239 1967 5294 ‘J

898 5241 918 5272 δ
949 5240 1139 5296 Matth.
1167 5259 1218 5304 ι,
1243 5242 1333 5296 ἳ8.
1408 5242 1430 5273 ⁸
1462 5240 1603 5296 Psal.
1650 5258 1738 5305 ιν,
1768 5244 1819 5296 4.
1900 5241 1921 5273 ⁸
1947 5239 2144 5296 Jerem.
2197 5256 2367 5301 xxvii,
2405 5239 2494 5292 2-2.

1414 5358 1607 5416 Vario)
1640 5356 1948 5417 lectiones
1996 5363 2058 5416 et
2103 5366 2295 5417 nota).

298 5456 890 5525 (57)’Δντεισίλθωσιν,
945 5466 1172 5510 vestrum
1230 5456 1343 5509 loro
1399 5453 1788 5524 ingrediantur,

221 5529 631 5667 C')(.l"a8[i“:$.0tli-x
688 5598 819 5650 Ven.
861 5597 1053 5667 addit:
1101 5596 1179 5665 τῷ
1231 5597 1339 5664 γάρ
1386 5595 1536 5664 φόϐῳ
1585 5597 1789 5667 Κυρίου

222 5665 463 5719 ἐκκλίείει
496 5670 601 5731 πᾶς
632 5669 735 5720 ἀπὸ
760 5668 952 5731 κακοῦ,
988 5666 1197 5721 Domini
1220 5668 1357 5722 enim
1391 5667 1574 5720 timore
1615 5666 1781 5720 decli-

225 5748 317 5791 nat
348 5739 516 5805 quivis
550 5755 581 5789 a
610 5738 769 5789 malo.

298 5808 412 5878 (59)
450 5809 632 5876 Λέγει,
658 5808 805 5862 dicit.
833 5807 969 5863 Cod.
1013 5808 1143 5865 Ven.

1974 5454 2082 5521 (60)
2140 5454 2271 5505 ’Ὅτε
2317 5452 2427 5515 οὖν,
2471 5454 2653 5521 φησὶν,
2700 5449 2909 5519 quando
2949 5448 3133 5516 igitur,
3201 5446 3301 5507 ait,
3331 5445 3465 5499 Cod.

1904 5524 2029 5578 Vcn.

1967 5597 2077 5664 (6|)
2115 5596 2241 5648 Tum
2262 5612 2321 5648 ea
2339 5610 2454 5663 quia
2476 5594 2655 5661 palam
2684 5591 2822 5659 apud
2843 5606 2927 5642 t-os
2956 5585 3179 5641 ostendi.
3220 5587 3289 5637 lla
3319 5585 3458 5639 Gm-

1891 5678 1953 5719 ca
1977 5675 2199 5720 Sﬂllﬂﬂl.

1962 5737 2075 5807 (62)
2114 5736 2272 5793 Dccst
2301 5735 2433 5800 ἰδοὺ,
2463 5751 2595 5789 cccc.
2637 5733 2689 5787 in
2729 5731 2847 5785 Cod.
2884 5729 3010 5781 Bav.
