4226 6438
183 424 297 487 833

264 533 518 603 Φοϐερὸς
558 534 657 585 καὶ
703 530 997 600 ἐπιφανής
1024 530 1177 581 ἐστι.
1218 528 1313 590 Τίς
1338 529 1448 590 ;,ἸΙ
1505 527 1718 588 πάντως
1752 528 1780 578 ὁ
1808 529 1855 585 Α

1431 529 1448 579 Ι
1505 527 1718 588 πάντως
1752 528 1780 578 ὁ
1808 529 1855 585 Δ
1955 529 2119 583 Vens.
2156 529 2205 580 7.
2262 526 2531 580 Terribilis
2569 536 2618 578 et
2653 523 2964 589 conspicuus
2996 531 3096 575 est.

193 625 448 695 βασιλεὺς
478 622 585 677 τῶν
607 622 905 682 Χαλδαίων,
936 622 965 672 ὁ
985 618 1459 689 Ναϐουχοδονόσορ
1490 616 1675 685 τυχδν,
1706 617 1764 680 ὃς

191 719 287 770 τόν
305 734 365 769 τε
389 717 604 785 Ἰσραὴλ
634 710 742 767 εἷλε
759 714 850 766 καῖ⁸
878 714 1177 783 ἐνέπρησεν
1198 710 1328 781 (66).
1353 711 1522 773 Ουτος
1547 710 1774 780 φοϐερὸς

192 805 268 877 ἦν
302 810 396 860 καὶ
438 810 549 869 τοῖς
576 806 782 873 ἔργοις,
820 804 954 857 ἀλλὰ
1012 804 1106 855 καὶ
1145 801 1439 870 ἐπιφανὴς,
1498 802 1775 854 τουτέστιν

195 900 430 963 ἔνδοξος.
476 899 570 951 καὶ
614 898 906 965 ἐπίσημος,
939 895 1122 956 ίκανὺς
1160 896 1256 947 καὶ
1305 893 1413 944 ἀπὸ
1457 891 1559 961 τῆς
1589 894 1777 962 φήμης

201 994 373 1061 μόνης
408 990 811 1060 ὲκδειματῶσαι
837 989 949 1059 (67)
988 988 1198 1049 πάντας
1226 986 1355 1049 τοὺς
1384 987 1704 1048 ἀκούοντας.

287 1166 389 1229 Ἐξ
439 1163 625 1218 αὐτοῦ
650 1164 716 1216 τὸ
750 1162 927 1231 κρῖμα
972 1161 1159 1215 αὑτοῦ
1182 1161 1336 1214 ἐστι.
1381 1161 1693 1225 Τουτέστιν,
1718 1161 1779 1212 οὑ

201 1260 392 1323 νόμοις
420 1257 700 1310 ἀκολουθεῖ
722 1255 834 1325 (68)
861 1297 873 1318 ,
908 1255 1048 1307 ὥστε
1084 1253 1204 1305 κατ’
1250 1254 1490 1316 ἐκείνους
1537 1253 1742 1322 κρίνειν
1763 1292 1778 1317 ,

201 1350 325 1401 τάδε
378 1349 473 1417 μὲν
512 1348 720 1412 sum,
767 1348 884 1399 τόδε
926 1347 980 1399 δὲ
1033 1347 1296 1399 ἄδεκτονο
1370 1344 1506 1397 ἀλλὰ
1545 1347 1689 1398 κατὰ
1723 1346 1783 1397 τὸ

204 1440 368 1503 δόξαν
416 1440 562 1507 αὐτῷ
616 1439 821 1506 κρίνειν
847 1455 860 1468 ·
894 1438 986 1490 καὶ
1025 1438 1053 1489 ὃ
1093 1437 1158 1490 ἂν
1201 1436 1553 1507 ἐνθυμηθείη,
1610 1438 1785 1489 ἐκεῖνο

210 1535 376 1603 νόμος
408 1532 553 1601 αὐτῷ
586 1535 722 1584 ἐστι.

284 1707 393 1760 Kal
434 1706 499 1757 τὸ
551 1703 754 1772 λῆμμα
798 1701 983 1755 αὐτοῦ
1028 1701 1095 1764 ἐξ
1146 1700 1333 1754 αὑτοῦ
1379 1701 1783 1764 ἐξελεύσεται.

226 1797 445 1864 Ἐπειδὴ
498 1798 604 1858 τοῖς
649 1795 935 1857 Χαλδαίοις
979 1793 1097 1854 ἔθος
1130 1789 1199 1863 ἦν
1225 1794 1330 1863 πρὸ
1384 1794 1491 1846 τῶν
1536 1794 1785 1863 πολέμων)

210 1887 605 1959 μαντεύεσθαι,
628 1886 720 1938 καὶ
762 1887 920 1956 μάγῳ
950 1884 1112 1955 τέχνη
1137 1883 1435 1953 πειρᾶσθαι
1468 1886 1787 1954 προμανθάο
1828 1883 1865 1934 Β

216 1999 333 2033 νειν
361 1981 471 2050 (69)
497 1980 558 2031 τὸ
587 1979 684 2048 τῆς
715 1980 895 2048 μάχης
940 1977 1111 2039 τέλος,
1163 1978 1348 2046 φησὶν,
1380 1978 1462 2029 ὅτι
1494 1980 1562 2029 Τὸ
1590 1976 1795 2045 ,λῆμμα

210 2068 428 2130 αὑτοῦ,
473 2068 753 2120 τουτέστιν
781 2068 815 2134 ἡ
852 2064 1159 2135 πρόρρησις
1200 2066 1295 2117 καὶ
1332 2066 1561 2134 μαντεία
1596 2068 1629 2136 ἡ
1669 2067 1796 2135 περὶ

220 2160 318 2211 τοῦ
345 2160 604 2229 πολέμου,
624 2159 722 2210 οὐκ
752 2158 810 2223 ἐξ
838 2157 1133 2227 ἀλλοτρίων
1174 2158 1420 2226 μάντεων
1466 2158 1615 2209 ἔσται
1648 2159 1797 2228 αὑτῴ

224 2249 510 2320 πέρῤωθεν
547 2248 1017 2317 συγκαλουμένων,
1042 2246 1157 2300 ἀλλ’
1184 2247 1252 2311 ἐξ
1267 2247 1473 2311 αὑτοῦ,
1501 2251 1795 2313 τουτέστιν,

222 2344 289 2393 ἑκ
322 2340 429 2392 τῶν
466 2338 767 2406 αὐθιγενῶν
802 2337 894 2389 καὶ
939 2336 1220 2406 ἐγχωρίων
1272 2336 1482 2404 μάγων,
1516 2334 1567 2387 οἳ
1598 2336 1798 2405 μᾶλλον

224 2434 323 2486 καὶ
383 2434 493 2493 τοῖς
542 2431 719 2492 ἄλλοις
766 2429 975 2482 ἔθνεσιν
1027 2429 1259 2495 αὒχοῦσι
1304 2428 1706 2496 προσημαίνειν
1730 2426 1798 2480 τὰ

229 2524 513 2594 μέλλοντα.
564 2521 721 2575 Οὕτω
779 2522 873 2573 καὶ
917 2521 1151 2587 Βαλαὰμ
1211 2520 1318 2573 ἀπὸ
1365 2521 1799 2590 Μεσοποταμίας

225 2612 539 2683 μετεκλήθη
566 2612 670 2664 ὑπὸ
726 2609 927 2663 Βαλάκ.
962 2610 1031 2660 Ἦ
1062 2610 1157 2661 καὶ
1194 2608 1366 2673 οὕτως
1391 2628 1405 2641 ·
1434 2612 1624 2679 Κρῖμα
1652 2610 1800 2677 λέγει

228 2706 331 2775 τὴν
350 2703 654 2774 ικδίκησιν,
687 2703 753 2773 ἢν
784 2703 923 2756 κατὰ
970 2700 1063 2754 τοῦ
1094 2701 1431 2771 Ἰσραηλίτου
1459 2703 1592 2756 λαοῦ
1614 2705 1643 2754 ὁ
1669 2702 1802 2766 θεὸς

232 2796 558 2866 ἑψηφίσατο,
584 2796 677 2849 καί
707 2812 892 2865 φησιν,
922 2796 1004 2848 ὅτι
1032 2792 1101 2847 τὸ
1122 2792 1298 2862 κρῖμα
1315 2794 1526 2865 αὑτοῦ,
1558 2794 1801 2847 τουτέστι

230 2890 330 2940 τοῦ
367 2884 752 2958 Ἰσραηλιτικοῦ
786 2886 939 2947 λαοῦ,
967 2887 1003 2956 ἡ
1032 2885 1158 2953 δίκη
1196 2884 1263 2954 ἢν
1301 2885 1601 2956 κατεκρίθη
1618 2885 1802 2939 δοῦναι

225 2980 307 3041 ὡς
340 2979 682 3048 παροργίσας
716 2978 807 3031 τὸν
851 2979 1002 3042 Θεὸν,
1058 2979 1151 3030 καὶ
1213 2976 1279 3030 τὸ
1328 2976 1537 3047 λῆμμα
1592 2979 1801 3041 αὐτοῦ,

232 3071 508 3122 τουτέστιν
530 3070 564 3138 ἡ
603 3069 1040 3140 προφητευθεωα
1072 3069 1191 3121 κατ’
1219 3068 1383 3123 αὑτοῦ
1406 3071 1699 3137 ἀπόφασις,
1737 3070 1805 3134 ἐξ

234 3158 424 3211 αὑτοῦ
439 3157 844 3219 ἐξελεύσεται,
862 3156 956 3208 τοῦ
974 3156 1080 3208 τῶν
1104 3154 1460 3210 Βαϐυλωνίων
1487 3157 1684 3228 δηλαδὴ
1711 3160 1803 3228 βα-

236 3250 452 3313 σιλέως,
491 3250 519 3299 ὃ
566 3249 705 3309 ἐστι,
754 3248 904 3311 τέλος
946 3248 1178 3318 λήψεται
1232 3251 1327 3303 καὶ
1357 3250 1801 3319 ὲνεργηθήσεται.

252 3338 412 3389 Ἀλλὰ
449 3337 542 3388 καὶ
566 3339 594 3388 ὁ
617 3335 676 3399 ἐξ
703 3335 872 3387 ὲθνῶν
908 3335 1032 3399 λαὸς
1064 3335 1292 3405 φοϐερός
1330 3342 1448 3392 ἐστι
1477 3339 1662 3391 λοιπὸν
1696 3343 1806 3401 τοῖς

236 3427 459 3496 δαίμοσι
517 3427 610 3479 καὶ
646 3428 935 3495 ἐπιφανὴς,
969 3427 1046 3489 ὡς
1088 3429 1419 3498 σημειωθεὶς
1444 3429 1525 3499 τῷ
1542 3431 1683 3497 φωτὶ
1711 3429 1807 3481 τοῦ

242 3518 534 3586 προσώπου
564 3516 659 3570 τοῦ
691 3517 850 3580 Θεοῦ,
884 3519 978 3570 καὶ
1028 3519 1233 3575 ἄνωθεν
1275 3521 1411 3589 ἔχων
1436 3522 1535 3590 τὴν
1562 3521 1811 3590 λαμπρό-

240 3624 384 3676 τητα
415 3608 501 3660 διὰ
522 3609 621 3677 τῆς
670 3609 1027 3677 ἐπιφανείσης
1062 3613 1225 3662 πᾶσιν
1251 3612 1559 3680 ἀνθρώποις
1590 3613 1811 3683 χάριτος

240 3701 339 3751 τοῦ
363 3698 519 3751 Θεοῦ.
556 3700 665 3753 Καὶ
696 3699 821 3751 οὔτε
860 3700 1023 3769 νόμου
1048 3701 1400 3766 ἀκούσαντες.
1434 3702 1556 3756 οὒτε
1598 3722 1810 3774 προφη-

242 3791 373 3854 τῶν,
403 3790 615 3844 οῐκοθεν
636 3791 858 3862 ἔκριναν
895 3794 955 3846 τὸ
992 3794 1179 3856 καλὸν,
1214 3795 1306 3845 καὶ
1333 3798 1400 3863 τῇ
1437 3796 1617 3847 πίστει
1644 3813 1813 3865 προσο

244 3885 502 3953 έδριμον.
531 3885 639 3936 Καὶ
666 3885 728 3936 τὸ
770 3884 966 3954 λῆμμα
987 3886 1016 3937 ὃ
1037 3885 1349 3956 ἐλήφθησαν
1397 3886 1501 3938 ὑπὸ
1550 3886 1808 3955 Χριστοῦ.

245 3976 687 4045 προσληφθέντας
715 3978 794 4038 είς
828 3978 927 4045 τὴν
952 3978 1116 4030 αὑτοῦ
1140 3977 1489 4045 Ἐκκλησίαν,
1519 3981 1616 4048 τῆς
1635 3980 1815 4033 αὐτῶν

248 4068 623 4133 προαιρέσεως
650 4061 752 4135 ἦν.
780 4066 889 4117 Καὶ
910 4067 938 4117 ὁ
963 4067 1204 4130 Σατανᾶς
1231 4068 1307 4133 δὲ,
1341 4070 1671 4137 παραλαϐὼν
1691 4072 1815 4135 τοὺς

247 4156 663 4224 ἁμαρτάνοντας
706 4156 786 4217 είς
837 4159 1234 4226 σωφρονισμὸν,
1283 4159 1511 4230 φοϐερός
1541 4163 1678 4226 ἐστι,
1724 4162 1817 4213 καὶ

248 4246 469 4315 ἐμφανῆ
493 4246 589 4316 τὴν
615 4247 822 4301 οἰκείαν
857 4249 1055 4300 κακίαν
1104 4248 1457 4314 ἐνδείκνυται,
1488 4250 1630 4305 οὕτω
1653 4271 1817 4307 κατα-

247 4342 532 4413 χρώμενος
559 4341 636 4411 τῷ
668 4341 797 4411 θείῳ
838 4342 1139 4411 πλάσματι,
1187 4344 1280 4395 καὶ
1330 4343 1418 4397 διά
1459 4344 1665 4400 τούτων
1697 4348 1817 4398 ἑπι-

251 4433 459 4500 φαίνων
492 4430 592 4501 τὴν
632 4432 764 4500 πρὸς
794 4430 883 4483 τὸν
914 4432 1165 4501 Πλάστην
1206 4431 1550 4503 δυσμένειαν.
1597 4435 1690 4500 Ἐξ
1721 4438 1818 4488 αὑ-

994 411 1394 477 EXPOSITIO
1436 412 1512 471 IN
1545 408 2009 471 PROPHETAM
2051 410 2423 471 HABACUC.
2456 408 2694 468 -CAP.
2734 408 2785 469 Ι.

3336 406 3442 467 834

3181 520 3442 585 Quisnam

1882 618 2011 673 ille?
2040 617 2277 673 Omnino
2311 616 2546 670 l‘ortasse
2597 632 2689 669 rex
2718 612 3099 668 Chaldaaorum
3150 610 3445 665 Nabucho-

1880 710 2143 771 donosor,
2178 709 2271 777 qui
2303 707 2557 760 lsraelem
2608 706 2754 773 cepit
2789 714 2843 758 et
2892 704 3051 757 ineen
3075 706 3152 757 Iit.
3202 702 3250 758 Is
3280 702 3447 771 igitur

1885 802 1965 854 vel
2001 799 2261 869 operibus
2288 798 2421 868 ipsis
2452 796 2716 850 terribilis
2744 804 2860 848 erat
2904 802 3066 861 atque
3091 795 3445 861 conspicuus,

1886 892 1988 945 hoc
2022 901 2126 950 est.
2171 890 2426 950 illustris,
2470 887 2723 948 celebris,
2752 884 3027 953 gloriosus
3079 892 3135 938 et
3189 882 3445 952 insignis,

1884 982 2021 1034 adeo
2058 990 2116 1032 ut
2147 981 2229 1032 vel
2277 980 2394 1033 sola
2453 977 2592 1029 fama
2642 973 3073 1046 perterrol’acere
3101 989 3315 1036 omnes,
3356 972 3446 1041 qui

1886 1070 2164 1128 audirent.
2198 1076 2405 1137 posset.

1960 1162 2043 1216 Ex
2073 1164 2185 1231 ipso
2222 1162 2487 1230 judicium
2534 1160 2650 1229 ejus
2680 1168 2778 1211 est.
2816 1157 2924 1209 lloc
2956 1168 3063 1219 est,
3107 1169 3213 1206 non
3242 1152 3451 1221 legibus

1890 1255 2166 1317 innititur,
2200 1265 2259 1307 ut
2289 1252 2592 1307 secundum
2624 1250 2743 1302 illas
2777 1248 3104 1304 sententiam
3140 1244 3304 1306 ierat,
3350 1244 3453 1297 hoc

1890 1363 2084 1415 nempe
2106 1344 2565 1413 amplectendum,
2592 1340 2729 1393 illud
2763 1353 2890 1391 vero
2919 1337 3271 1405 rejiciendum
3295 1350 3449 1398 esse,

1895 1422 2082 1491 verum
2129 1442 2429 1489 secundum
2498 1431 2642 1500 quod
2694 1431 2991 1499 quidquam
3051 1428 3099 1480 ei
3125 1428 3306 1505 visum
3348 1435 3455 1487 est,

1888 1530 2097 1599 judicat
2127 1544 2139 1578 ί
2170 1535 2223 1580 et
2254 1523 2401 1594 quod
2432 1523 2782 1591 cogitaverit,
2834 1520 3017 1574 istltuc
3067 1519 3116 1571 ei
3168 1518 3300 1583 legis
3340 1518 3458 1570 vice

1896 1619 2164 1688 fungitur.

1965 1713 2032 1765 Et
2066 1714 2257 1765 lemma
2290 1709 2406 1777 ejus
2458 1724 2522 1760 ex
2561 1709 2672 1774 ipso
2725 1706 3043 1774 egredietur.
3096 1702 3364 1756 Chaldzeis
3405 1702 3460 1755 in

1898 1820 2047 1858 more
2080 1811 2200 1856 erat
2234 1812 2359 1853 ante
2409 1798 2548 1853 bella
2583 1798 2875 1851 consilium
2908 1811 2973 1849 ex
3007 1796 3226 1849 vatibus
3254 1803 3460 1862 petere,

1896 1905 1947 1948 et
2004 1911 2193 1963 magos
2243 1904 2362 1946 arte
2428 1900 2662 1953 tentare,
2716 1898 2773 1943 ut
2843 1887 3232 1958 praediscerent
3290 1887 3462 1957 praelii

1897 1996 2172 2041 eventum.
2224 1984 2314 2036 Ait
2369 1996 2501 2050 ergo
2555 1979 2699 2048 quod
2763 1976 2980 2031 Lemma
3030 1979 3171 2046 ejus,
3207 1978 3309 2031 hoc
3376 1989 3461 2032 est

1901 2075 2182 2145 przedictio
2211 2082 2266 2125 et
2301 2070 2621 2124 vaticinium
2677 2070 2742 2121 de
2774 2068 2951 2133 bello,
3004 2084 3112 2122 non
3160 2085 3225 2122 ex
3272 2068 3462 2123 alienis

1898 2166 2113 2219 vatibus
2152 2164 2200 2218 ei
2250 2164 2528 2224 obveniet,
2580 2176 2643 2214 ex
2678 2160 2977 2229 longinquo
3013 2160 3227 2219 accitis,
3266 2159 3362 2212 sed
3400 2174 3463 2211 ea:

1900 2256 2013 2324 ipso
2048 2272 2067 2308 :
2104 2255 2207 2308 hoc
2240 2265 2324 2308 est
2374 2269 2438 2307 ex
2506 2252 2776 2320 indigenis
2807 2262 2859 2303 et
2907 2264 3019 2304 sum
3048 2250 3234 2318 patria
3268 2250 3463 2318 magis.

1900 2347 1993 2416 qui
2030 2360 2143 2415 pra:
2198 2343 2415 2398 ueteris
2466 2342 2725 2413 gentibus
2786 2341 2854 2395 de
2915 2340 3228 2394 futurarum
3284 2354 3467 2393 rerum

1899 2438 2253 2508 praedictione
2283 2436 2611 2506 gloriantur.
2650 2433 2804 2487 Ilunc
2830 2434 2897 2487 ad
2928 2434 3144 2488 modum
3177 2431 3396 2485 Balaam
3438 2448 3468 2485 a

1902 2528 2297 2601 Mesopotamia
2324 2528 2630 2581 accersitus
2660 2535 2744 2581 est
2780 2540 2810 2579 a
2845 2524 3022 2580 Balac.
3050 2523 3147 2580 Vel
3176 2526 3258 2579 sic
3293 2527 3472 2595 accipi

1902 2624 2062 2676 etiam
2098 2621 2321 2691 poterit,
2346 2618 2492 2688 quod
2519 2618 2791 2684 judicium
2825 2626 2983 2671 vocet
3004 2617 3469 2685 ultionem,quam

1903 2725 2095 2768 contra
2122 2712 2482 2767 lsraeliticum
2515 2711 2776 2781 populum
2828 2708 2970 2762 Deus
3003 2710 3245 2761 decrevit
3275 2726 3290 2761 :
3329 2707 3473 2760 unde

1905 2805 2046 2869 inm,
2070 2803 2216 2875 quod
2246 2803 2517 2874 judicium
2551 2803 2743 2870 ipsius,
2773 2801 2875 2855 hoc
2907 2807 3014 2862 est,
3035 2797 3322 2853 lsraelitici
3366 2814 3465 2867 po-

1908 2899 2017 2968 puli
2048 2912 2225 2968 penna,
2278 2898 2345 2951 ad
2389 2910 2555 2966 quam
2589 2894 2992 2949 condemnatus
3026 2898 3148 2953 est,
3183 2898 3472 2959 propterea

1906 2990 2051 3061 quod
2086 2987 2449 3043 concitaverit
2502 2987 2568 3041 ad
2601 2987 2735 3040 iram
2783 2984 2991 3039 Deum:
3024 2993 3070 3036 et
3105 2982 3297 3035 lemma
3334 2980 3471 3049 ejus,

1910 3084 1961 3135 id
1994 3090 2103 3144 est,
2137 3079 2396 3150 praedicta
2425 3078 2691 3133 adversus
2728 3078 2907 3145 ipsum
2949 3074 3243 3135 sententia,
3265 3088 3329 3126 ex
3360 3073 3474 3139 ipso

1909 3176 2226 3241 egredietur,
2281 3169 2704 3239 Babyloniorum
2747 3167 3000 3221 videlicet
3052 3179 3199 3232 rege,
3234 3164 3337 3217 hoc
3366 3172 3471 3226 est,

1909 3264 2070 3316 linem
2103 3261 2356 3330 accipiet,
2403 3267 2457 3312 et
2483 3257 2775 3311 eﬂicaciter
2804 3254 3298 3310 consummabitur.
3328 3252 3474 3316 Quin

1907 3354 2070 3406 etiam
2102 3351 2342 3420 gentium
2374 3348 2610 3417 populus
2638 3345 2899 3400 terribilis
2944 3352 3029 3397 est
3058 3352 3113 3396 et
3141 3341 3473 3409 conspicuus

1910 3444 1965 3495 in
1998 3451 2279 3511 posterum
2306 3439 2667 3500 dmmonibus,
2698 3451 2795 3489 ceu
2823 3437 3070 3503 signatus
3092 3433 3291 3485 lumine
3316 3430 3474 3484 faciei

1912 3531 2028 3595 Dei,
2077 3538 2131 3585 et
2186 3546 2215 3583 a
2265 3528 2513 3597 supernis
2570 3528 2778 3580 habens
2833 3524 3200 3593 Splendorem,
3234 3538 3329 3591 per
3355 3537 3477 3590 qua:

1911 3622 2166 3675 omnibus
2217 3619 2532 3673 hominibus
2567 3618 2765 3680 illuxit,
2818 3617 3047 3685 gratiam
3098 3613 3210 3667 Dei.
3244 3613 3308 3665 Et
3349 3629 3474 3665 cum

1912 3729 2091 3783 neque
2120 3714 2317 3781 legem,
2351 3726 2530 3780 neque
2560 3711 2855 3780 pr0pbetas
2886 3708 3211 3767 audiissent,
3237 3720 3330 3773 per
3355 3718 3479 3756 sese

1912 3807 2061 3861 domi
2093 3806 2438 3875 iudicarunt,
2473 3804 2617 3873 quod
2645 3804 2844 3855 bonum
2876 3806 3044 3862 esset,
3067 3806 3121 3851 et
3160 3797 3263 3851 ﬁde
3286 3810 3480 3848 accur-

1915 3907 2123 3953 rerunt.
2179 3896 2244 3950 Et
2277 3900 2492 3961 lemma,
2552 3911 2647 3949 seu
2681 3894 2974 3947 consilium
3006 3892 3139 3958 (quo
3189 3904 3217 3941 a
3254 3886 3475 3945 Clusto

1916 3991 2056 4060 capti
2092 4000 2239 4053 sunt,
2267 3990 2472 4057 accepti
2528 3988 2582 4040 in
2613 3988 2733 4053 ejus
2766 3984 3089 4048 Eeelesiam)
3137 3995 3329 4033 eorum
3374 3994 3475 4030 vo-

1914 4080 2143 4134 luntatis
2171 4088 2310 4132 erat.
2335 4078 2476 4141 Quin
2499 4077 2659 4129 etiam
2690 4074 2921 4128 Satanas
2948 4070 3247 4136 assumptis
3275 4082 3475 4135 pecca-

1918 4172 2130 4227 toribus
2165 4182 2231 4223 ao
2262 4170 2700 4238 castigationem,
2736 4165 2999 4219 terribilis
3038 4170 3121 4215 est
3160 4171 3215 4214 et
3245 4160 3473 4212 horren-

1917 4262 2043 4326 dus,
2072 4270 2127 4315 et
2177 4259 2529 4327 conspicuam
2588 4255 2864 4326 propriam
2906 4252 3166 4304 malitiam
3218 4246 3478 4309 ostendit,

1919 4354 2054 4408 adeo
2112 4354 2344 4405 abutens
2397 4352 2585 4404 divino
2625 4348 2883 4415 ﬁgmento
2913 4358 3008 4397 seu
3056 4348 3330 4401 creatura,
3382 4352 3479 4405 per

1923 4442 2021 4495 hoc
2078 4454 2232 4493 suam
2279 4438 2447 4491 animi
2499 4450 2627 4505 erga
2650 4432 3000 4489 Conditorem
3043 4425 3385 4481 iracundiam
3425 4436 3477 4477 et

249 4522 349 4573 τοῦ
398 4523 573 4574 τοίνυν
618 4523 809 4573 τούτου
857 4524 951 4575 καὶ
1001 4523 1061 4575 τὸ
1122 4524 1441 4596 κατάκριμα
1491 4526 1605 4597 (70)
1649 4527 1897 4597 αὑτοῦι)

1810 4528 1897 4597 ιι)
1925 4532 2240 4587 inimicitias
2300 4529 2558 4599 prodens.
2596 4524 2674 4578 Ex
2708 4525 2809 4578 hoc
2839 4522 3006 4591 igitur
3038 4521 3178 4589 ipso,
3223 4517 3479 4571 condem-

253 4617 395 4673 ἐστι,
421 4613 512 4666 καὶ
532 4615 558 4665 ὁ
579 4613 865 4681 ἄνθρωπος
892 4613 953 4666 ὃν
992 4615 1259 4684 λαμϐάνει
1321 4620 1400 4682 τίς
1441 4620 1709 4685 παιδείαν,
1758 4622 1817 4685 ἐξ

254 4705 421 4758 αὑτοῦ
475 4705 837 4770 ἐξελεύσεται,
882 4707 1200 4771 τουτέστιν,
1264 4708 1450 4763 οὐκέτι
1506 4711 1816 4782 ὑποχείριος

255 4797 409 4848 ἔσται
436 4795 585 4865 αὑτῷ
612 4812 623 4824 ·
657 4796 968 4849 παιδεύεται
998 4798 1108 4867 γὰρ
1135 4798 1353 4863 πάντως
1379 4802 1464 4854 ῐνα
1492 4801 1602 4855 τῶν
1640 4803 1817 4872 ἐργων

254 4885 422 4939 αὐτοῦ
453 4888 684 4954 ἀποστῇ.
712 4888 799 4940 καὶ
832 4888 891 4940 τδ
909 4889 1125 4958 πνεῦμα
1159 4890 1326 4962 σωθῇ.
1359 4892 1544 4957 Οὕτως
1572 4896 1601 4946 ὁ
1624 4895 1818 4965 ἆχθρὺς

253 4979 355 5045 τῆς
395 4977 595 5045 ἀρετῆς
628 4979 720 5030 καὶ
741 4978 1027 5049 ἐκδικητὴς
1055 4981 1221 5033 αὑτοῦ
1247 4983 1477 5049 γίνεται.

330 5155 439 5209 Καί
493 5154 850 5219 ἐξαλοῦνται
885 5156 1037 5224 ὑπὲρ
1088 5158 1411 5226 παρδάλεις
1437 5163 1493 5213 οι
1520 5161 1692 5215 ἵπποι
1715 5164 1819 5217 αὑ·

255 5246 399 5312 τῶν,
427 5248 524 5302 καί
549 5247 815 5316 ὀξύτεροι
838 5250 990 5319 ὑπὲρ
1038 5250 1177 5316 τοὺς
1240 5252 1477 5318 λύκους
1511 5253 1621 5322 τῆς
1656 5257 1813 5324 Ἀρα-

1924 4621 2077 4673 natio
2107 4619 2279 4686 ipsius
2302 4624 2388 4670 est
2418 4633 2429 4667 :
2460 4626 2515 4668 et
2552 4615 2747 4677 homo,
2772 4625 2933 4679 quem
2962 4608 3031 4661 ad
3062 4606 3479 4673 castigationem

1923 4709 2174 4778 suscipit,
2215 4722 2281 4761 ex
2318 4706 2437 4774 ipso
2464 4704 2796 4773 egredietur,
2832 4702 2932 4755 hoc
2961 4705 3065 4762 est,
3098 4713 3208 4752 non
3244 4711 3408 4765 porro
3430 4697 3480 4748 ei

1921 4800 2250 4866 subjicietor
2276 4816 2290 4851 :
2320 4796 2620 4867 castigatur
2647 4793 2791 4848 enim
2839 4791 3083 4856 omnino,
3114 4797 3171 4841 ut
3205 4788 3272 4841 ab
3302 4785 3482 4857 operi-

1926 4892 2031 4946 bus
2080 4891 2201 4961 ejus
2228 4890 2475 4951 desistat,
2529 4898 2583 4939 et
2640 4882 2798 4953 150
2840 4882 3036 4951 spiritu
3076 4889 3343 4934 servetur.
3390 4876 3481 4931 Sic

1928 4982 2102 5036 hostis
2150 4981 2384 5044 virtutis,
2427 4987 2479 5033 et
2530 4980 2677 5032 ultor
2720 4980 2919 5032 virtute
2958 4974 3190 5045 praediti,
3247 4971 3483 5025 Satanas

1927 5072 2304 5127 constituitur.

1994 5162 2165 5220 ναις.
2202 5159 2254 5214 8.
2304 5159 2439 5228 Equi
2485 5161 2742 5225 ipsorum,
2807 5162 3002 5225 pardoe
3057 5157 3197 5209 saltu
3251 5154 3477 5214 vincent,

1922 5266 2179 5323 erantque
2206 5253 2476 5307 celeriores
2503 5254 2639 5319 lupis
2663 5251 2899 5306 Arabite.
2950 5249 3087 5303 Cum
3120 5247 3351 5300 dixisset
3389 5263 3483 5297 ce—

1434 5430 1634 5491 νει-ἰῶ
1680 5432 1981 5494 lectiones
2025 5441 2086 5494 et
2122 5440 2304 5495 noue.

332 5572 446 5639 (66)
483 5573 579 5634 Ὃς
610 5572 806 5641 τήνγτε
845 5570 1203 5641 Ἰερουσαλὴμ
1247 5566 1358 5625 εἷλε
1420 5574 1513 5626 καὶ
1564 5574 1658 5641 τὸν
1696 5578 1823 5628 ναὸν

260 5646 551 5710 ἐνέπρησε,
582 5648 668 5712 qui
694 5640 988 5696 Jerusalem
1018 5640 1175 5709 cepit,
1224 5655 1378 5712 atque
1434 5640 1682 5712 templum
1740 5648 1823 5699 in-

256 5709 454 5772 cendit,
482 5714 611 5764 Cod.
652 5709 781 5765 Ven.

361 5781 451 5843 67)
494 5781 935 5851 Ἐνδειματῶσαι,
960 5781 1093 5837 Cod.
1124 5781 1250 5839 Bav.

2027 5573 2115 5642 68)
2165 5571 2519 5631 Ἀκολουθῶν,
2550 5571 2681 5623 Cod.
2717 5569 2841 5621 Bav.

1932 5638 2113 5763 v(69)
2175 5644 2315 5710 Πρὸς
2376 5642 2434 5693 τὸ
2495 5642 2803 5710 μανθάνειν,
2849 5642 2917 5691 aa'
2961 5638 3287 5706 discendum,
3344 5638 3479 5695 Cod.

1980 5732 2068 5763 ριι.

1980 5732 2114 5851 Lall)
2146 5782 2352 5851 Κρίμα,
2376 5784 2660 5850 judicium,
2692 5782 2823 5835 Cod.
2854 5782 2982 5836 Bav.
