4226 6438
806 358 914 421 8-35

1710 361 2011 424 ἹῊΕΟΡΗ
2025 364 2281 425 YLACTI
2315 365 2721 427 BULGARIIE
2750 369 3099 435 ARCHIEP.

3944 385 4055 448 836

799 472 964 526 lcrcm
983 483 1106 527 esse
1135 479 1349 542 gentem
1363 469 1765 536 Chaldaeorum,
1785 473 2065 545 docetjam
2092 477 2372 545 quomodo

2401 479 2449 538 Α
2477 479 2626 545 ϐίας.
2654 512 2655 515 η
2686 479 2889 549 Εἰπὼν,
2935 485 3019 537 ὅτι
3068 486 3289 556 ταχινόν
3325 487 3439 541 ἐστι
3486 490 3547 542 τὸ
3604 490 3712 545 τῶν
3762 492 4056 547 Χαλδαίων

798 564 908 619 sint
937 565 1167 627 celeres,
1197 564 1360 634 idque
1396 580 1489 634 per
1532 579 1799 633 equorum
1834 567 2193 632 velocitatem,
2227 584 2365 638 quos

796 661 852 707 ct
901 654 1100 722 pardos
1156 654 1300 707 saltu
1355 669 1688 724 exsuperare
1743 656 2051 713 confirmat.
2098 660 2363 723 Quoniam

799 756 977 798 autem
1033 745 1184 814 pardi
1248 745 1421 800 saltus
1478 763 1584 800 non
1637 747 1707 799 ita
1743 748 1795 801 in
1850 749 2067 819 longum
2097 753 2362 820 pervenit,

798 836 989 903 adjicit
1017 846 1072 891 et
1102 838 1328 889 alteram
1365 838 1851 906 comparationem,
1888 842 2161 909 inquiens,
2191 856 2364 912 equos

798 923 1219 994 Babyloniorum
1258 924 1543 980 Celeriores
1579 944 1693 981 esse
1740 930 1953 981 Arabia:
1984 930 2137 998 lupis.
2170 930 2364 986 Fertur

797 1016 940 1067 enim
992 1016 1149 1084 lupos
1181 1015 1444 1071 Arabicos
1479 1018 1784 1079 celerrime,
1826 1020 1970 1086 quod
2005 1019 2142 1075 forte
2168 1036 2363 1075 occur-

799 1102 950 1166 rerit,
997 1105 1296 1175 corripere,
1348 1119 1411 1161 ac
1459 1105 1587 1160 dum
1643 1118 2008 1177 persequatur
2059 1125 2153 1164 eos
2210 1112 2362 1180 quis-

797 1196 962 1263 piam,
1028 1197 1145 1266 capi
1202 1211 1312 1251 non
1366 1212 1546 1267 posse,
1613 1197 1664 1252 id
1710 1200 1856 1268 quod
1919 1203 1970 1256 in
2019 1201 2204 1273 pardis
2250 1218 2359 1258 non

796 1285 1083 1351 contingit.

870 1372 935 1425 Et
958 1374 1154 1441 equites
1185 1377 1301 1445 ejus
1330 1377 1667 1448 accingentur
1688 1381 1930 1447 equitatu
1956 1397 2051 1434 suo
2078 1383 2276 1444 itineri,
2310 1392 2360 1435 et

793 1465 1161 1519 arcelerabtmt
1207 1481 1325 1518 cum
1386 1467 1582 1536 impetu
1632 1484 1658 1521 e
1704 1469 1975 1540 loginquo,
2024 1482 2070 1525 et
2111 1472 2359 1526 volabunt

794 1558 963 1607 instar
989 1554 1180 1622 aquin
1208 1558 1493 1624 expetentis
1526 1557 1720 1611 cibum.
1748 1559 1847 1612 Per
1874 1560 1989 1613 bare
2017 1561 2358 1635 roburjuxta

793 1661 856 1699 ac
882 1647 1215 1700 celeritatem
1244 1650 1311 1699 ob
1342 1648 1528 1701 oculos
1553 1649 1723 1717 ponit,
1755 1650 2009 1720 quodque
2042 1667 2107 1706 ex
2144 1653 2357 1706 altiori-

793 1737 897 1792 bus
930 1739 982 1791 in
1018 1739 1165 1806 ipsos
1207 1736 1542 1793 deferentur.
1585 1740 1656 1793 Ut
1694 1741 1837 1793 enim
1876 1742 2056 1810 aquila
2090 1743 2233 1797 inter
2261 1760 2357 1798 vo-

2474 566 2645 633 ἐθνος,
2674 568 2917 624 διδάσκει
2938 572 3054 637 νῦν,
3093 575 3209 638 πῶς
3237 578 3343 629 εἰσι
3364 580 3570 647 ταχεῖς,
3604 581 3705 634 ικαὶ
3725 581 3809 634 ὅτι
3835 583 3930 635 διὰ
3954 583 4055 647 τὴν

2472 657 2579 710 τῶν
2606 658 2790 712 ἵππων
2817 662 3077 732 ὀξύτητα,
3116 664 3208 728 οὓς
3235 668 3326 719 καὶ
3366 668 3505 738 ὑπὲρ
3539 672 3834 739 παρδάλεις
3872 675 4054 743 ἐκπη-

2471 747 2567 817 δᾷν
2606 766 2788 819 φησιν.
2843 750 3063 822 Ἐπειδὴ
3087 755 3141 807 δέ
3167 758 3227 807 τὸ
3276 758 3500 829 πήδημα
3566 761 3666 829 τῆς
3725 765 4052 834 παρδάλεως

2470 839 2568 891 ούκ
2594 840 2825 895 ἐπιπολὺ
2847 842 3045 913 διήκει,
3097 848 3421 918 προστίθησι
3454 852 3545 902 καὶ
3578 853 3773 923 ἑτέραν
3812 855 4051 926 σύγκρι-

2471 946 2576 995 σιν,
2604 931 2696 984 καί
2727 950 2912 1003 φησιν,
2936 936 3017 987 ὅτι
3058 936 3238 1006 ’Υπὲρ
3264 940 3405 1005 τοὺς
3434 943 3668 1007 ,λύκους
3701 944 3806 1012 τῆς
3844 948 4051 1015 Lippa-

2470 1022 2599 1087 ϐίας
2638 1024 2776 1077 εἰσὶν
2798 1026 2845 1078 οἱ
2876 1026 3035 1081 ἵπποι
3073 1030 3182 1081 τῶν
3224 1032 3581 1086 Βαῦυλωνέων
3634 1037 3775 1101 ὀξεῖς
3802 1054 3816 1068 ο
3845 1040 3900 1092 οἱ
3940 1042 4049 1109 γὰρ

2482 1115 2782 1187 Ἀρράϐιοι,
2826 1119 2979 1173 λύκοι
3015 1122 3268 1189 λέγονται
3298 1125 3546 1190 ὀξύτατοι
3570 1146 3625 1181 τε
3653 1131 3714 1182 τδ
3737 1134 4049 1202 προστυχὸν

2468 1204 2815 1274 διαρπάζειν,
2844 1212 2939 1262 καὶ
2970 1212 3414 1284 ἐπιδιωκόμενοι,
3456 1220 3829 1291 ἀκατάληπτοι
3878 1219 4044 1286 εἶναι,

2467 1295 2494 1346 ὃ
2524 1298 2644 1359 ταῖς
2673 1300 3009 1368 παρδάλεσιν
3036 1304 3134 1357 οὐκ
3163 1305 3298 1361 ἔστι.

2536 1388 2645 1443 Καὶ
2684 1390 3123 1454 ἐξιππὰσονται
3164 1401 3216 1451 οῖ
3262 1399 3461 1465 ἱππεῖς
3486 1404 3694 1470 αὑτοῦ,
3726 1406 3824 1460 καὶ
3855 1408 4043 1476 ὁρμή-

2466 1494 2646 1533 σουσι
2696 1486 3021 1551 μακρόθεν,
3066 1487 3165 1540 καὶ
3217 1493 3704 1559 πετασθιξσονται
3750 1499 3832 1563 ὡς
3866 1500 4047 1565 ἀετὸς

2466 1571 2767 1639 πρόθυμος
2798 1576 2885 1639 εις
2913 1576 2979 1627 τὸ
3006 1577 3240 1646 φαγεῖν.
3282 1583 3381 1634 Διὰ
3409 1584 3618 1636 τούτων
3640 1588 3736 1639 καὶ
3791 1589 3893 1658 τὴν
3939 1590 4047 1659 ρώ-

2468 1677 2576 1730 μην
2596 1661 2730 1731 ὁμοῦ
2754 1666 2848 1717 καὶ
2876 1666 2935 1717 τὸ
2955 1667 3117 1736 τάχος
3157 1669 3419 1735 δείκνυσι,
3442 1676 3541 1726 καὶ
3564 1677 3643 1729 ὅτι
3666 1681 3729 1729 ἐκ
3750 1679 3863 1732 τῶν
3900 1680 4044 1748 ὑψη-

2465 1753 2696 1822 λοτέρων
2726 1755 3179 1827 ἐπενεχθησονται
3214 1763 3417 1826 αὐτοῖς.
3455 1764 3666 1836 Ὠσπερ
3697 1770 3806 1838 γὰρ
3831 1772 3859 1822 ὁ
3881 1772 4043 1834 ἀετὸς

794 1829 960 1880 latilia
990 1837 1043 1881 et
1076 1827 1235 1882 fortis
1263 1835 1347 1882 est
1379 1836 1432 1881 et
1456 1829 1630 1893 velox,
1686 1832 1983 1897 praesertim
2017 1847 2142 1885 cum
2177 1833 2350 1889 fame-

2390 1823 2430 1878 Β
2460 1843 2553 1896 καὶ
2579 1845 2859 1915 ῥωμαλέον
2889 1849 3038 1901 ἐστὶν
3071 1853 3130 1903 ἐν
3178 1857 3400 1921 πτηνοῖς
3452 1859 3545 1909 καὶ
3567 1860 3894 1927 ταχύτατον,
3947 1863 4042 1913 καὶ

792 1918 895 1971 lica
927 1919 1252 1987 expctiverit
1282 1918 1622 1985 alimoniam,
1652 1936 1830 1991 exque
1895 1924 2184 1982 altioribus
2228 1928 2360 1983 locis

790 2007 991 2067 delata,
1023 2020 1146 2059 cum
1188 2007 1391 2077 impetu
1422 2023 1522 2063 suo
1553 2011 1767 2065 irruens
1836 2012 2196 2070 intolerabilis
2235 2016 2308 2070 sit
2342 2034 2356 2071 :

789 2099 870 2153 sic
902 2098 1351 2152 cthaldaeorum
1403 2099 1618 2168 equites
1650 2141 1665 2165 ,
1705 2103 1901 2157 nedum
1944 2114 2192 2174 potentes
2231 2116 2360 2163 sunt

789 2199 843 2245 et
878 2190 1108 2251 robusti,
1139 2189 1233 2244 sed
1268 2190 1480 2246 veloces
1526 2193 1689 2245 etiam
1732 2204 1958 2265 propter
1984 2212 2177 2267 equos,
2238 2200 2353 2252 ala-

788 2295 1017 2349 cresque
1044 2291 1098 2333 ct
1132 2280 1316 2350 cupidi
1365 2281 1430 2335 ad
1472 2282 1948 2352 depopulandum,
1982 2287 2353 2343 devorandum

788 2380 843 2423 ct
878 2371 1272 2424 absumendutn
1308 2373 1495 2437 urbes,
1537 2390 1600 2428 ex
1650 2374 1761 2428 alto
1806 2376 2059 2432 nimirum
2096 2378 2353 2449 ingruen-

789 2470 892 2514 tes.
950 2459 1061 2530 Ego
1113 2461 1271 2527 enim,
1336 2462 1537 2531 inquit,
1591 2465 1834 2518 excitabo
1902 2468 2063 2535 ipsos.
2124 2469 2355 2537 Insuper

787 2556 1058 2624 equestris
1104 2563 1261 2608 antea
1294 2556 1477 2624 populi
1528 2558 1772 2627 gentium
1806 2556 2124 2629 disciplina,
2163 2576 2354 2633 super-

788 2647 999 2716 bosque
1065 2646 1259 2710 fastus,
1320 2649 1537 2703 exsiliet
1580 2666 1642 2703 ex
1682 2665 1893 2716 errore,
1944 2653 2197 2723 saltuque
2228 2669 2351 2719 suo,

784 2739 966 2793 vincet
1002 2736 1311 2792 Judaeorum
1339 2738 1611 2808 principes
1633 2779 1646 2800 ,
1689 2739 1781 2809 qui
1813 2741 1966 2809 pardi
1991 2750 2045 2795 et
2073 2741 2186 2812 lupi
2217 2743 2353 2796 Ara-

785 2830 886 2884 biae
922 2831 1095 2883 vocati
1123 2838 1271 2894 sunt,
1302 2830 1465 2883 veluti
1497 2830 1646 2884 cti'eri
1701 2839 1755 2886 et
1814 2834 2080 2901 sanguine
2115 2833 2353 2904 gauden-

786 2929 890 2975 tes.
935 2919 1198 2975 Praeterea
1250 2921 1464 2990 equites
1504 2923 1628 2977 talis
1691 2925 1877 2992 populi
1922 2926 2154 2994 apostoli
2195 2934 2348 2991 sunt,

785 3014 878 3082 qui
934 3011 1193 3067 sederunt
1256 3027 1428 3082 super.
1474 3013 1776 3068 irrationali
1839 3015 2084 3084 ipsorum
2127 3015 2349 3071 fremitu

784 3103 1025 3168 fastuve,
1087 3104 1378 3172 ipsumque
1430 3103 1537 3158 sibi
1587 3103 1974 3174 subjugarunt.
2022 3105 2350 3163 Vehemente

782 3194 989 3263 iinpctu
1020 3201 1264 3258 current,
1312 3204 1368 3248 et
1404 3194 1787 3248 accelerabunt
1812 3209 1842 3248 a
1869 3196 2045 3263 longe,
2087 3197 2155 3251 ab
2183 3197 2350 3253 Israel

782 3283 929 3337 enim
963 3283 1028 3334 ad
1074 3292 1264 3346 gentes
1319 3292 1689 3342 secesserunt,
1748 3293 1805 3338 et
1853 3285 2117 3340 volabunt
2170 3288 2349 3343 instar

783 3373 1000 3441 aquilae,
1032 3375 1123 3441 qui
1156 3372 1409 3428 Christus
1434 3383 1538 3435 est,
1576 3374 1735 3443 cujus
1767 3375 1926 3429 cibus
1952 3386 2036 3431 est
2058 3378 2208 3432 salus
2246 3379 2349 3433 bo.

785 3466 1014 3519 minum.
1052 3463 1157 3518 Sed
1192 3474 1246 3518 et
1277 3466 1622 3532 peccantium
1654 3474 1919 3521 eteorum
1962 3468 2055 3537 qtti
2083 3468 2348 3523 erudiun-

785 3567 877 3612 tur
906 3559 1055 3627 equi,
1094 3557 1198 3611 hoc
1227 3566 1332 3621 est,
1371 3558 1681 3613 mulieroste
1712 3568 1768 3615 et
1797 3560 2012 3615 vesana:
2054 3563 2348 3617 ratiocina-

785 3650 983 3712 tiones,
1009 3646 1265 3701 exsilient
1286 3662 1315 3700 a
1344 3648 1440 3701 tali
1466 3648 1780 3712 ail‘ectione,
1809 3657 1870 3703 ut
1896 3651 2057 3705 etiam
2094 3652 2348 3721 spiritua-

783 3738 861 3790 les
907 3735 1128 3804 pardos,
1163 3735 1438 3791 daemones
1474 3737 1624 3806 ipsos
1650 3738 1827 3792 saltus
1878 3739 2160 3793 celeritate
2190 3755 2349 3795 exsu-

780 3836 993 3895 perent,
1056 3841 1159 3881 nec
1221 3827 1291 3880 ab
1360 3828 1496 3898 ipsis
1565 3842 1730 3896 porro
1789 3830 2342 3899 comprehendantur.

781 3917 1005 3987 Equites
1054 3918 1243 3972 talium
1279 3932 1568 3987 equorum,
1620 3934 1777 3975 mens
1827 3928 1882 3976 et
1930 3922 2091 3985 ratio,
2124 3923 2217 3992 qui
2259 3938 2347 3979 as-

782 4009 1088 4063 cenderunt
1140 4009 1623 4079 concupiscibilem
1670 4021 1903 4080 partem,
1960 4014 2120 4082 longe
2169 4030 2348 4071 remo-

784 4101 1055 4153 vebuntur
1089 4114 1117 4152 a
1154 4100 1430 4168 prioribus
1460 4099 1765 4166 atl‘ectibus,
1800 4116 1864 4157 ac
1895 4108 2269 4175 temperantiae
2291 4115 2345 4164 et

779 4194 1050 4247 castitatis
1108 4194 1209 4249 alis
1270 4192 1511 4263 levigati,
1558 4208 1624 4250 ac
1672 4196 1728 4250 in
1785 4198 2018 4255 sublime
2044 4200 2230 4267 levati,
2287 4204 2341 4259 in

779 4283 951 4337 t-mlos
983 4296 1176 4350 usque,
1206 4282 1296 4334 ubi
1325 4283 1575 4337 Christus
1597 4292 1703 4347 est,
1721 4287 2000 4351 volabunt,
2024 4300 2083 4343 ut
2103 4306 2339 4361 superna

780 4381 985 4426 tantum
1014 4373 1320 4440 cupientes,
1376 4386 1612 4442 cumque
1659 4374 1750 4428 illo
1793 4388 2035 4445 agentes,
2084 4381 2341 4437 alacriter

779 4463 1026 4517 ferantur
1051 4465 1116 4513 anl
1143 4462 1273 4532 ligni
1311 4462 1433 4514 vitae
1460 4476 1642 4517 usum.

847 4551 1009 4606 Vens.
1047 4550 1101 4605 9.
1146 4550 1542 4605 Camummatia
1600 4551 1671 4604 ad
1718 4553 1908 4621 impios
1941 4558 2222 4623 perveniet,
2256 4576 2339 4614 re-

777 4643 1021 4698 sistentes
1049 4642 1286 4711 {aciebus
1313 4644 1424 4695 suis
1456 4657 1521 4694 ea:
1554 4642 1793 4698 adverso.
1823 4643 2048 4702 Talibus
2073 4647 2340 4706 Chaldaeis

775 4734 1191 4796 exsistentibus,
1255 4734 1447 4803 quales
1524 4748 1620 4787 eos
1696 4735 1960 4791 hactenus
2021 4739 2338 4809 descripsit,

777 4825 1173 4879 censummatio
1193 4825 1258 4877 ad
1280 4822 1475 4892 impios
1494 4825 1587 4894 qui
1615 4824 1668 4877 in
1715 4824 2051 4885 Hierusalem
2077 4829 2185 4887 Deo
2206 4835 2344 4888 resi-

778 4924 947 4977 stunt,
979 4917 1108 4968 etin
1132 4914 1327 4968 faciem
1356 4916 1702 4982 impudenter
1733 4917 1782 4970 ei
1810 4918 2190 4987 adversantur,
2211 4940 2341 4994 per-

778 5006 960 5059 veniet
981 5022 993 5056 :
1011 5006 1124 5059 sive
1144 5003 1297 5075 ιιι
1322 5004 1469 5073 quod
1493 5004 1731 5060 Chaldaei
1752 5009 2062 5079 illosfgladio
2088 5028 2341 5069 consum-

781 5097 1025 5157 mabun‘t,
1045 5093 1137 5162 qui
1155 5095 1353 5161 ipsisin
1374 5093 1565 5148 faciem
1587 5095 1957 5166 belligerando
1994 5102 2343 5158 reluctabun-

779 5197 868 5239 tur
893 5202 905 5236 :
929 5187 1071 5238 ultro
1100 5186 1244 5239 enim
1282 5186 1602 5240 accedentes
1627 5196 1681 5239 et
1710 5188 2041 5260 transfugas,
2068 5208 2131 5247 ac
2149 5205 2340 5264 suapte

778 5288 969 5343 sponte
986 5276 1306 5330 servitutem
1328 5274 1433 5329 sub
1455 5276 1897 5344 illisjsubeuntes,
1917 5284 2026 5336 vita
2040 5284 2339 5340 donabunt.
2386 5293 2389 5295 ’

777 5366 931 5431 Quod
985 5374 1037 5420 et
1070 5365 1140 5419 ab
1185 5364 1421 5419 Jeretnla
1456 5366 1743 5423 discimus.
1778 5368 2045 5426 Praeterea
2083 5382 2137 5429 et
2177 5390 2342 5445 super

774 5458 992 5512 Iudaeos
1025 5457 1423 5515 consummatio
1469 5466 1525 5512 et
1553 5458 1675 5512 ﬁnis
1720 5463 1996 5530 -pervenit,
2053 5467 2146 5534 qui
2189 5468 2338 5537 impii

774 5551 1108 5605 exstiterunt
1139 5549 1192 5602 in
1220 5549 1557 5617 unigenitum
1601 5549 1691 5605 Dei
1728 5551 1948 5617 Filium,
1996 5560 2341 5616 restiterunt-

774 5659 880 5713 que
903 5644 1028 5713 ipsi,
1062 5655 1172 5697 non
1203 5643 1421 5711 quidem
1447 5642 1585 5696 clam
1608 5683 1623 5709 ,
1660 5644 1755 5698 sed
1790 5656 1976 5714 aperte
2001 5651 2178 5717 palam
2220 5668 2335 5707 ma-

774 5747 880 5804 gna
911 5733 1169 5805 loquendi
1200 5732 1398 5789 ﬁducia
1428 5741 1482 5790 et
1510 5732 1784 5801 libertate,
1816 5746 1873 5790 ut
1898 5737 2034 5795 adeo
2058 5741 2327 5801 dicerent:

2463 1936 2695 2006 μάλιστα
2728 1938 2855 1990 ὅταν
2888 1941 2982 1993 καὶ
3026 1942 3226 1994 πεινῶν
3263 1945 3613 2017 προθυμῆται
3661 1952 3802 2021 πρὸς
3846 1954 3912 2006 τὸ
3940 1972 4040 2015 φα-

2458 2031 2593 2096 γεῖν,
2637 2032 2731 2083 καὶ
2763 2031 2827 2082 ἐκ
2866 2031 2974 2085 τῶν
3033 2034 3381 2107 ὑψηλοτέρων
3430 2044 3905 2112 καταφερόμενος,
3944 2048 4038 2098 ἀν-

2457 2120 2760 2184 υπόστατός
2810 2126 2978 2176 ἐστιν·
3039 2126 3212 2190 οὕτως
3269 2130 3362 2182 καὶ
3395 2133 3445 2183 οἱ
3474 2136 3657 2196 ἱππεῖς
3716 2138 3829 2188 τῶν
3888 2137 4035 2191 Χαλ-

2453 2210 2641 2276 δαίων,
2698 2213 2758 2264 ού
2806 2214 2968 2283 μόνον
3023 2217 3239 2271 δυνατοί
3301 2222 3458 2287 εἰσιν,
3528 2224 3662 2277 ἀλλὰ
3703 2229 3797 2279 καὶ
3826 2229 4035 2296 ταχινοὶ

2453 2300 2542 2354 διὰ
2559 2303 2685 2366 τοὺς
2720 2304 2944 2371 ἵππους,
2976 2310 3071 2361 καὶ
3103 2310 3375 2381 πρόθυμοι
3405 2317 3484 2378 εἰς
3531 2318 3591 2369 τὸ
3627 2320 4036 2390 ἐκπορευθῆναι

2453 2392 2549 2444 καὶ
2597 2399 2953 2464 καταφαγεῖν,
3016 2400 3105 2451 καὶ
3150 2401 3522 2473 ἐκδαπανῆσαι
3564 2409 3661 2469 τὰς
3702 2411 3913 2473 πόλεις,
3942 2414 4031 2465 καὶ

2453 2481 2648 2553 ὑψόθεν
2683 2489 3135 2558 καταφερόμενοι.
3184 2491 3332 2561 Ἐγὼ
3365 2497 3494 2563 γὰρ,
3524 2500 3708 2567 φησὶν,
3742 2501 4030 2571 exere/pm

2451 2575 2693 2641 αὐτούς.
2713 2576 2819 2630 Καὶ
2836 2578 2928 2630 τοῦ
2951 2578 3009 2644 ἐξ
3033 2578 3201 2634 ἐθνῶν
3220 2582 3277 2635 δὲ
3298 2584 3424 2637 λαοῦ
3450 2585 3507 2638 τὸ
3528 2588 3655 2656 πρὶν
3683 2590 3913 2643 ἱππικὸν
3938 2595 4029 2644 καὶ

2452 2667 2731 2737 ἀγέρωχον
2780 2667 3065 2737 φρύαγμα,
3095 2672 3363 2737 ἐξαλεῖται
3395 2679 3459 2728 ἐκ
3492 2678 3588 2745 τῆς
3628 2679 3858 2750 πλάνης,
3890 2684 4029 2753 ὑπὲρ

2450 2758 2575 2820 τοὺς
2600 2759 2707 2810 τῶν
2750 2759 3013 2813 Ἰουδαίων
3040 2763 3324 2832 ἄρχοντας,
3348 2766 3398 2819 οἳ
3430 2769 3717 2838 παρδάλεις
3751 2777 3849 2824 καὶ
3875 2774 4028 2827 λύκοι

2463 2848 2756 2918 ’Λρῤασέας
2791 2850 3122 2921 ἐκλήθησαν,
3155 2855 3230 2920 ὡς
3248 2856 3534 2927 θηριώδεις
3568 2865 3657 2914 καὶ
3684 2866 4023 2935 αἱμοχαρεῖς.

2462 2939 2622 2994 Ἀλλὰ
2684 2941 2778 2994 καὶ
2803 2943 2852 2994 οῖ
2876 2945 3061 3008 ἱππεῖς
3094 2946 3186 3000 τοῦ
3227 2950 3466 3004 τοιούτου
3523 2954 3674 3015 λαοῦ,
3712 2958 3760 3008 οῖ
3796 2960 4028 3011 ἀπόστο-

2457 3027 2560 3091 λοι,
2587 3031 2636 3083 οῖ
2667 3032 2929 3086 ἐκάθισαν
2954 3035 3047 3087 ἐπὶ
3074 3037 3134 3087 τὸ
3160 3037 3353 3105 ἄλογον
3379 3041 3558 3093 αὐτῶν
3610 3045 3897 3115 φρύαγμα,
3934 3054 4025 3101 καὶ

2377 3149 2420 3205 C
2452 3121 2725 3188 ὑπέταξαν
2764 3125 2917 3191 αὐτὸ,
2948 3128 3209 3192 συντόνως
3231 3131 3567 3201 δραμοῦνται
3600 3138 3692 3190 καὶ
3719 3140 4027 3209 ὁρμήσουσι

2453 3212 2725 3282 μακρόθεν
2750 3214 2878 3284 (ἀπὸ
2919 3215 3027 3284 γὰρ
3057 3218 3274 3289 Ἰσραὴλ
3311 3222 3392 3282 εις
3427 3222 3496 3274 τὰ
3528 3222 3653 3295 ἔθνη
3690 3226 4025 3299 ἐχώρησαν),

2451 3302 2546 3354 καὶ
2599 3304 3060 3375 πετασθήσονται,
3101 3308 3177 3371 ὡς
3214 3310 3372 3372 ἀετὸς
3427 3313 3684 3380 Χριστὸς,
3720 3312 3781 3369 οὗ
3823 3319 4026 3388 βρῶσίς

2450 3394 2656 3465 ἐστινὴ
2690 3398 2933 3467 σωτηρία
2989 3400 3097 3452 τῶν
3160 3401 3480 3467 ἀνθρώπων.
3545 3404 3709 3460 Ἀλλὰ
3771 3412 3867 3462 καί.
3916 3411 4023 3463 τῶν

2450 3486 2873 3557 ἁμαρτανόντων
2904 3491 2995 3543 καὶ
3030 3491 3440 3562 παιδευομένων
3462 3497 3511 3548 οῖ
3537 3496 3715 3561 ῖπποι,
3745 3503 4022 3554 τουτέστιν

2447 3577 2497 3627 οἱ
2528 3578 2857 3646 θηλυμανεῖς
2891 3579 3158 3649 λογισμοὶ,
3192 3582 3507 3647 ἐξαλοῦνται
3551 3587 3662 3639 ἀπὸ
3712 3589 3812 3658 τῆς
3842 3593 4021 3643 τοιαύ-

2446 3683 2546 3735 της
2604 3668 2922 3736 ἐμπαθείαςο
2961 3669 3100 3723 ὥστε
3157 3673 3297 3744 ὑπὲρ
3336 3676 3433 3735 τὰς
3485 3680 3681 3747 νοητὰς
3731 3682 4022 3749 παρδάλεις

2446 3760 2569 3822 τοὺς
2597 3759 2857 3828 δαίμονας
2895 3764 3169 3830 γενέσθαι,
3199 3766 3292 3819 καὶ
3324 3768 3521 3836 μηκέτι
3559 3771 3741 3834 αὐτοῖς
3769 3774 4020 3841 ἐφικτοὺς

2446 3845 2606 3902 εἶναι.
2639 3850 2702 3901 0i
2726 3850 2780 3903 δὲ
2813 3853 2997 3914 ἱππεῖς
3030 3853 3137 3907 τῶν
3171 3854 3352 3907 ῖππων
3396 3858 3628 3921 τούτων,
3650 3862 3680 3912 ὁ
3711 3861 3837 3925 νοῦς
3869 3866 3966 3918 καὶ
3991 3868 4019 3917 δ

2447 3940 2626 4008 λόγος,
2654 3940 2703 3993 οἳ
2732 3943 3005 4012 ἐπέϐησαν
3063 3945 3157 3998 τοῦ
3209 3947 3607 4019 ἐπιθυμητικοῦ
3666 3954 3889 4023 μέρους,
3920 3974 4020 4024 μα-

2445 4030 2641 4100 κρόθεν
2688 4034 3009 4101 γενήσονται
3046 4035 3169 4089 τῶνΔ
3192 4040 3473 4107 προτέρων
3522 4042 3732 4105 παθῶν,
3769 4048 3865 4096 καὶ
3908 4048 4018 4109 τοῖς

2444 4121 2542 4190 τῆς
2571 4124 2928 4193 σωφροσύνης
2983 4129 3073 4176 καὶ
3102 4127 3322 4193 ἁγνείας
3350 4134 3569 4199 πτεροῖς
3604 4134 4011 4203 κουφιζόμενοι,

2445 4212 2873 4282 πετασθήσονται
2902 4215 2982 4276 εὶς
3014 4214 3298 4283 οὐρανοὺς,
3349 4215 3410 4273 οὗ
3446 4222 3475 4272 ὁ
3506 4222 3740 4288 Χριστὸς
3786 4223 3928 4279 ὥστε
3951 4230 4014 4278 τι

2443 4300 2555 4354 ἄνω
2585 4304 2822 4372 φρονεῖν,
2847 4304 2940 4357 καὶ
2965 4305 3061 4358 σὺν
3086 4308 3279 4377 ἐκεινῳ
3303 4306 3465 4375 εἶναι,
3494 4315 3586 4366 καὶ
3620 4314 4013 4386 προθυμεῖσθαι

2444 4394 2579 4463 πρὸς
2610 4394 2671 4448 τὸ
2701 4398 2895 4464 φαγεῖν
2916 4397 2975 4451 τὸ
3012 4398 3167 4461 ξύλον
3193 4400 3292 4470 τῆς
3323 4400 3488 4468 ζωῆς.

2519 4571 2838 4625 Συντέλεια
2853 4574 2940 4639 εις
2956 4574 3194 4642 ἀσεϐεῖς
3214 4575 3344 4643 ἣξει
3360 4580 3807 4649 ἀνθεστηκότας
3827 4601 4011 4653 προσ-

2445 4659 2629 4726 ώποις
2682 4663 2883 4716 αὐτῶν
2914 4666 2983 4728 ἐξ
3012 4666 3309 4734 ἐναντίας.
3357 4671 3649 4733 Τοιούτων,
3701 4681 3858 4745 φησι,
3909 4679 4011 4728 τῶν

2449 4752 2731 4805 Χαλδαίων
2762 4752 2951 4819 ὄντων,
2985 4756 3130 4819 οἵους
3150 4760 3177 4809 ὁ
3208 4759 3359 4825 λόγος
3394 4760 3699 4831 ὑπέγραψε,
3732 4767 4009 4820 συντέλεια

2447 4841 2565 4911 ἣξει
2599 4843 2690 4894 ἐπὶ
2710 4844 2834 4905 τοὺς
2869 4846 2926 4895 ἐν
2957 4846 3311 4917 Ἰερουσαλὴμ
3335 4850 3568 4913 ἀσεϐεῖς,
3602 4856 3725 4915 τοὺς
3747 4855 4008 4927 ἀνθεστη-

2450 4933 2610 4994 κότας
2649 4932 2725 5002 τῷ
2763 4934 2884 5004 Θεῷ
2931 4937 3073 4988 κατὰ
3120 4939 3406 5010 πρόσωπον
3463 4945 3555 4994 καὶ
3594 4945 3827 5008 ἀναιδῶς
3870 4949 4008 5017 αὐτῷ

2448 5025 2921 5094 ἐναντιουμένους.
2942 5028 3009 5079 Ἢ
3046 5030 3125 5082 ὅτι
3148 5032 3195 5081 οἱ
3219 5030 3469 5085 Χαλδαῖοι
3501 5037 3738 5099 ἐκείνους
3769 5041 4005 5091 συντελέ-

2450 5131 2599 5167 σουσι
2626 5117 2753 5180 τοὺς
2793 5118 3194 5189 ἀνθεστηκότας
3226 5123 3406 5187 αὐτοῖς
3458 5124 3552 5177 καὶ
3581 5128 3660 5189 si;
3720 5130 4005 5197 πρόσωπον

2447 5204 2831 5273 πολεμοῦντας.
2865 5208 3000 5271 Τοὺς
3026 5211 3133 5278 γάρ
3179 5213 3594 5282 προχωροῦντας
3629 5219 3723 5270 καὶ
3776 5225 4003 5289 αὐτομο-

2442 5293 2689 5358 λοῦντας,
2739 5298 2833 5348 καὶ
2868 5292 3091 5367 τὴν’ὑπ’
3125 5302 3318 5364 αὐτοὺς
3372 5302 3614 5358 δουλείαν
3669 5308 4001 5379 αὐθαιρέτως

2444 5386 2865 5455 ὑποδυομένους,
2887 5391 3105 5452 ἁνέτους
3135 5393 3233 5462 ζῇν
3263 5396 3517 5449 ἐάσουσιν
3542 5410 3555 5423 ·
3586 5398 3615 5450 ὃ
3647 5403 3740 5451 καὶ
3769 5403 3882 5456 ἀπὸ
3912 5401 3998 5455 τοῦ

2454 5477 2720 5547 Ἰερεμίου
2792 5484 3154 5553 μανθάνομεν.
3208 5487 3315 5539 Καὶ
3370 5488 3460 5540 ἐπὶ
3489 5492 3926 5556 τοὺςἸουδαὶους
3948 5495 3997 5546 δὲ

2445 5570 2722 5623 συντέλεια
2770 5566 2893 5641 ἧκε,
2936 5575 3057 5637 τοὺς
3089 5576 3465 5646 ἀσεϐήσαντας
3498 5582 3577 5643 εις
3615 5583 3705 5633 τὸν
3747 5588 3997 5654 μονογενῆ

2443 5658 2537 5711 τοῦ
2566 5660 2700 5712 Θεοῦ
2739 5663 2887 5727 Υῖὺν,
2920 5664 3013 5718 καὶ
3067 5667 3419 5732 ἀντιστάντας
3452 5670 3621 5740 αὐτῷ,
3666 5672 3726 5723 οὐ
3748 5676 3997 5742 κρύϐδην,

2440 5751 2555 5805 ἀλλ’
2586 5755 2890 5823 ἀναφανδὸν
2934 5759 3024 5811 καὶ
3084 5763 3673 5830 πεπαρῤησιασμένως,
3726 5764 3871 5821 ὥστε
3911 5772 3999 5823 καὶ
