4226 6438
760 319 864 383 839

1775 310 2345 370 TilEOPiIYLACTI
2382 310 2788 370 1301.0.“qu
2818 266 3168 370 ARCHIEP.

3912 309 4032 371 850

762 426 995 479 Satanas
1027 420 1261 491 dejecit:
1295 433 1508 491 aggere,
1540 418 1779 488 inquam,
1815 420 1917 473 hoc
1960 431 2064 483 est,
2098 419 2329 487 ahjecta,
2363 430 2406 485 Α

2363 430 2406 485 Α
2449 421 2609 474 Ἀλλὰ
2652 422 2742 473 καὶ
2775 419 3012 490 βασιλεῖς
3041 419 3292 492 τύραννοί
3325 421 3461 472 είσιν
3506 421 3555 472 οἱ
3584 420 4030 489 βασιλεύσαντες

760 514 1029 578 terrestri,
1052 513 1389 581 itnojaccnte
1414 511 1546 566 falsa
1571 511 2033 581 interpretatione,
2059 527 2179 579 qua:
2197 510 2330 564 nihil

762 606 993 661 sublune
1058 619 1239 674 neque
1289 604 1514 659 caeleste
1558 606 1718 672 spiret
1754 622 1766 656 :
1799 604 2063 657 honorum
2100 619 2334 672 namque

763 696 1106 750 terrestrium
1129 695 1474 749 solummodo
1505 694 1762 755 fructum,
1787 701 1841 748 et
1870 695 2184 764 corporales
2219 707 2336 762 pte-

766 803 890 851 nas,
931 796 986 841 et
1008 786 1188 840 omnia
1222 786 1273 840 id
1308 801 1480 855 genus
1515 785 1620 839 alia
1650 785 1963 840 sacerdotes
2007 784 2330 852 intelligunt.

769 875 942 947 Reges
967 877 1128 930 etiam
1153 884 1208 930 et
1236 877 1452 946 tyranni
1484 885 1633 940 sunt,
1665 876 1758 946 qui
1793 875 2143 930 dominantur
2178 874 2337 930 aﬂec—

767 969 936 1032 tibus,
975 976 1260 1036 propterea
1323 968 1468 1035 quod
1512 977 1703 1037 regant
1731 977 1783 1019 et
1825 975 2020 1036 cogant
2059 977 2334 1022 naturam.

763 1057 901 1122 Quia
953 1059 1100 1111 enim
1145 1057 1430 1111 violentum
1521 1067 1597 1110 est
1670 1074 1885 1128 regnum
1952 1058 2221 1122 caelorum,
2288 1066 2338 1110 et

767 1148 978 1202 violenti
1008 1149 1220 1215 rapiunt
1252 1149 1384 1201 illud
1408 1148 1476 1213 ",
1525 1162 1717 1202 omnes
1771 1148 2027 1202 virtutem
2080 1147 2337 1216 amplexi,

769 1256 922 1310 reges
967 1240 1075 1293 dici
1137 1250 1340 1306 queant
1370 1247 1424 1293 et
1476 1240 1692 1310 tyranni
1734 1259 1745 1292 :
1803 1240 2006 1309 partim
2066 1240 2212 1307 quod
2248 1237 2337 1292 hic

772 1343 1084 1400 regnantes,
1137 1332 1248 1385 illic
1303 1334 1465 1385 etiam
1511 1331 1795 1398 regnaturi
1855 1331 1965 1384 sint
2019 1329 2339 1398 perfectius,

771 1423 991 1493 quando
1020 1424 1270 1476 Christus
1307 1422 1688 1476 manifestatus
1729 1422 1916 1484 fuerit,
1953 1422 2064 1474 vita
2096 1432 2286 1476 nostra
2323 1439 2335 1474 :

773 1517 968 1584 partim
1021 1515 1165 1583 quod
1230 1516 1397 1569 veluti
1459 1515 1671 1585 tyranni
1722 1513 2055 1582 deprimant,
2123 1513 2344 1582 vimque

775 1610 977 1662 faciant
1006 1617 1232 1662 naturae.
1267 1608 1495 1673 Quando
1529 1605 1693 1676 igitur
1719 1605 1833 1676 (76)
1868 1605 2066 1659 virtute
2098 1613 2343 1658 armatus

2440 514 2546 566 τῶν
2578 514 2788 574 παθῶν,
2813 513 2900 566 διὰ
2924 512 3018 565 τοῦ
3063 514 3396 582 τυραννῆσαι
3428 513 3522 564 καὶ
3557 512 3858 580 βιάσασθαι
3924 532 4033 580 την

2440 601 2621 669 φύσιν.
2668 601 2884 671 Ἐπειδὴ
2911 601 3020 670 γὰρ
3041 601 3267 666 ,βιαστή
3297 602 3467 654 ἐστιν
3493 601 3531 666 ἠ
3555 601 3850 665 ,βασιλειά
3907 604 4035 658 τῶν

2440 693 2732 760 οὐρανῶν,
2781 695 2876 746 καί
2921 693 3172 757 ,ϐιασταὶ
3222 691 3594 761 ἁρπάζουσιν
3616 693 3845 759 αὐτήν·
3890 695 4037 748 πάν-

2442 801 2530 847 τες
2549 787 2600 837 οἱ
2626 787 2724 855 τὴν
2741 785 2941 854 ἀρετὴν
2967 785 3262 854 μετιόντες,
3286 787 3377 838 καὶ
3397 784 3632 854 βασιλεῖς
3659 784 3724 838 ἂν
3747 785 4033 855 λεχθεῖεν,

2443 876 2540 928 καὶ
2579 877 2860 946 τύραννοι·
2915 876 2976 930 τὸ
3023 877 3245 944 μὲν,ὼς
3294 876 3528 931 ἐνταῦθα
3575 877 4036 946 βασιλεύσαντες,

2444 970 2538 1022 καὶ
2585 969 2793 1021 ἐκεῖθεν
2845 969 3241 1038 βασιλεύοντες,
3273 971 3620 1041 τελεώτερον,
3653 971 3782 1023 ὅταν
3826 973 3859 1023 ὁ
3889 973 4036 1040 Χρι-

2447 1058 2570 1120 στὸς
2634 1059 2920 1131 φανερωθῇ
2977 1061 3011 1130 ἡ
3048 1061 3158 1130 ζωὴ
3216 1061 3396 1132 ήμῶνο
3431 1063 3491 1114 τὸ
3516 1062 3607 1122 δὲ,
3643 1060 3719 1122 ὡς
3753 1064 4040 1132 τυραννή-

2448 1167 2640 1214 σαντες
2672 1154 2766 1204 καὶ
2798 1151 3116 1221 βιασάμενοι
3157 1153 3255 1222 τὴν
3291 1154 3473 1222 φύσιν.
3535 1157 3706 1209 Ὅταν
3736 1153 3831 1210 οὖν
3870 1159 3905 1209 ὁ
3945 1158 4040 1208 ἀεὶ

2447 1244 2558 1303 τοῖς
2601 1243 2784 1305 καλοῖς
2807 1243 3080 1311 πολεμῶν,
3104 1244 3297 1315 ἰσχύσῃ
3321 1246 3441 1299 τινὰ
3464 1246 3572 1300 τῶν
3598 1249 3861 1301 τοιούτων
3889 1248 4006 1300 καθ
4023 1281 4039 1290 ο

2450 1335 2612 1399 ελ;ῖν,
2663 1332 2984 1404 ἑντρύφημα
3039 1334 3228 1388 τοῦτον
3280 1337 3518 1404 ἔχεικαὶ
3568 1337 3827 1408 ὲμπαίζει
3878 1340 4041 1406 αύτῷ

2450 1426 2540 1493 (τὰ
2560 1426 2669 1496 γὰρ
2702 1425 2964 1496 βρώματα
3001 1426 3166 1479 αὑτοῦ
3199 1427 3477 1498 ὲκλεκτὰ),
3529 1431 3623 1482 καὶ
3671 1429 3918 1499 μάλιστα
3955 1431 4040 1492 εἰς

2450 1516 2761 1582 ἀπόγνωσιν
2781 1517 2905 1578 τοὺς
2921 1516 3194 1579 τοιούτους
3227 1518 3427 1587 ῥίπτει,
3447 1519 3522 1581 ὡς
3549 1519 3639 1571 τὸν
3668 1520 3850 1572 ἄθλιον
3903 1521 4042 1572 Ἰού-

2451 1605 2544 1658 δαν
2559 1623 2572 1635 ·
2595 1607 2688 1658 κα).
2715 1606 2914 1669 παντὸς
2932 1606 2986 1659 δὲ
3003 1606 3359 1678 ὀχυρώματος
3393 1611 3588 1678 κρατεῖ
3614 1608 3821 1678 βάλλων
3837 1609 4035 1677 χῶμα.

773 1714 991 1767 semper
1027 1713 1262 1769 pugnam
1296 1699 1668 1760 committens,
1692 1695 1925 1766 aliquem
1946 1694 2112 1748 animi
2140 1705 2341 1747 motum

2453 1697 2556 1749 Τὸν
2586 1696 2695 1766 γὰρ
2743 1697 2871 1766 χοῦν
2911 1696 3018 1749 τῶν
3073 1699 3278 1768 γηΐνων
3329 1699 3627 1768 φροντίδων
3687 1699 3907 1767 βάλλων
3941 1700 4039 1751 καὶ

775 1800 1122 1859 prosternere
1178 1789 1431 1856 valuerit,
1462 1789 1686 1843 delicias
1726 1789 1779 1842 in
1813 1788 1913 1841 hoc
1942 1788 2129 1849 habet.
2173 1788 2334 1857 eique
2376 1770 2424 1830 Β

2376 1770 2424 1830 Β
2454 1789 2770 1859 ἁνεγείρων,
2791 1788 3067 1858 πολιορκεῖ
3085 1789 3176 1842 τὸν
3205 1790 3544 1860 ἀνθρώπινον
3569 1789 3714 1854 νοῦν,
3733 1792 3828 1843 καὶ
3857 1794 4036 1860 αίρεῖ,

777 1883 954 1937 illudit
981 1902 992 1936 :
1024 1884 1201 1952 epulae
1240 1886 1386 1938 enim
1414 1885 1534 1953 ejus
1558 1882 1694 1938 tales
1731 1883 2040 1937 suntlautte
2067 1891 2120 1936 et
2139 1882 2349 1948 electae,

2463 1881 2522 1943 ὃς
2558 1879 2821 1951 ὀχύρωμα
2847 1879 2952 1932 ὑπὸ
2979 1880 3112 1932 Θεοῦ
3134 1881 3400 1935 ἔκτισται.

777 1988 842 2027 ac
876 1975 1113 2029 maxime
1174 1975 1485 2044 huiusmodi
1547 1973 1714 2027 animi
1766 1973 2210 2044 perturbationes
2267 1975 2333 2028 ad
2370 1972 2808 2042 desperationem
2848 1970 3039 2042 adigit,
3097 1973 3322 2042 perinde
3370 1985 3533 2045 atque
3600 1973 3875 2030 infelicem
3944 1973 4041 2027 Ju-

777 2067 1211 2135 dam,omneque
1267 2068 1668 2120 munimentum
1686 2076 1918 2136 occupat
1944 2069 2139 2122 educto
2199 2080 2416 2136 aggere.
2459 2065 2673 2119 Etenim
2720 2079 2970 2136 aggerem
3003 2067 3348 2120 terrestrium
3395 2081 3651 2122 curarum
3719 2067 3940 2136 jaciens
3984 2073 4041 2114 ιι

778 2163 1048 2224 excitans,
1112 2176 1431 2230 egerensve,
1488 2159 1704 2216 obsidet
1752 2161 2053 2217 humanam
2119 2170 2382 2225 mentem,
2424 2158 2671 2228 elcapit,
2706 2173 2828 2228 qua:
2898 2172 3117 2213 mensa
3179 2158 3290 2214 Deo
3346 2159 3628 2215 conditum
3691 2168 3777 2216 est
3846 2161 4039 2214 muni-

780 2261 1045 2304 mentum.

854 2342 1023 2398 Vsus.
1060 2343 1142 2396 ll.
1177 2341 1317 2395 Tunc
1353 2341 1672 2406 permutabit
1707 2340 1975 2410 spiritum,
2005 2352 2053 2395 et
2083 2349 2353 2409 pertrans-

781 2432 897 2494 ibit.
922 2441 972 2486 et
997 2431 1323 2500 placabitur.
1373 2430 1628 2497 Quando,
1657 2431 1855 2502 inquit,
1891 2430 2008 2486 hac
2036 2432 2220 2484 omnia
2257 2429 2353 2484 de-

787 2524 1173 2579 monstraverit
1193 2523 1544 2594 Babylonius,
1571 2532 1626 2579 et
1641 2523 1825 2579 omnia
1841 2523 2112 2579 videbitur
2134 2523 2352 2588 vicisse,

783 2622 899 2668 tum
929 2613 1260 2684 permutabit
1284 2613 1428 2669 Deus
1468 2615 1744 2684 spiritum,
1778 2615 1885 2670 hoc
1912 2622 2020 2679 est,
2049 2615 2353 2669 vehemen-

788 2714 897 2758 tem
928 2703 1356 2774 indignationem
1379 2719 1489 2774 qua
1510 2705 1775 2774 ﬂagrabat
1793 2704 2084 2759 adversum
2117 2703 2353 2773 impios:

787 2805 841 2848 et
873 2803 1086 2865 perget,
1140 2811 1236 2850 seu
1292 2796 1576 2859 transibit,
1613 2797 1712 2850 hoc
1745 2804 1829 2850 est
1861 2798 2076 2851 eminus
2111 2792 2360 2850 remove-

791 2888 939 2942 bitur
970 2889 1040 2942 ab
1073 2889 1138 2942 iis
1164 2888 1257 2956 qui
1295 2889 1623 2957 puniuntur,
1673 2905 1782 2944 non
1819 2903 1983 2957 porro
2006 2887 2141 2957 ipsis
2173 2896 2362 2944 astans

790 2984 845 3031 ct
880 2977 1182 3032 observans
1215 2977 1460 3047 ipsorum
1516 2992 1702 3048 opera,
1753 2991 2082 3048 pmnamque
2112 2978 2360 3049 exigens,

793 3076 846 3123 et
869 3067 1141 3137 prepitius
1179 3069 1258 3123 eis
1289 3069 1414 3122 erit.
1469 3065 1585 3122 Hoc
1625 3077 1806 3122 autem
1856 3066 2013 3133 dixit,
2063 3081 2172 3121 non
2218 3067 2362 3137 quod

2534 2338 2669 2390 Τότε
2701 2334 3027 2405 μεταϐαλεῖ
3046 2335 3112 2388 τὸ
3133 2335 3388 2405 πνεῦμα,
3419 2335 3517 2389 καί
3547 2337 3927 2392 διελεύσεται
3943 2338 4041 2390 καί

2453 2428 2824 2494 ἐξιλάσεται.
2896 2427 3188 2498 ’οπηνίκα,
3236 2428 3392 2499 φησὶ,
3439 2427 3608 2483 ταῦτα
3646 2429 3828 2483 πάντα
3872 2429 4042 2483 ἐνδεί-

2459 2521 2617 2591 ξηται
2643 2521 3052 2585 όΒαϐυλώνιος,
3122 2521 3218 2574 καὶ
3269 2521 3491 2574 πάντων
3551 2522 3683 2594 δόξῃ
3736 2523 4038 2591 κρατῆσαι,

2464 2615 2588 2666 τότε
2632 2613 2928 2683 μεταϐαλεῖ
2961 2613 3147 2677 όΘεδς
3195 2613 3256 2668 τὸ
3309 2615 3547 2684 πνεῦμα,
3608 2614 3881 2680 τουτέστι,
3944 2616 4042 2683 τὴν

2462 2702 2690 2774 θυμώδη
2756 2704 2947 2774 ὀργὴν,
2975 2704 3042 2774 ἣν
3068 2701 3215 2774 εἶχεν
3252 2705 3345 2757 ἰπὶ
3385 2705 3513 2768 τοὺς
3541 2705 3784 2770 ἀσεϐεῖς,
3831 2707 3931 2760 καὶ
3962 2707 4042 2759 δι-

2461 2796 2765 2861 ελεύσεται,
2804 2797 3072 2861 τουτέστι,
3103 2797 3292 2868 πόρρω
3319 2797 3428 2850 τῶν
3478 2796 3861 2865 κολαζομένων
3883 2797 4043 2866 γενή-

2464 2909 2638 2955 σεται,
2690 2891 2887 2962 μηκέτι
2919 2892 3101 2954 αὐτοῖς
3128 2891 3486 2962 ἐφιστάμενος
3525 2891 3622 2944 καὶ
3659 2891 3946 2961 ὶπιτηρῶν
3979 2891 4044 2943 τά

2465 2982 2602 3052 ἔργα
2659 2982 2838 3034 αὐτῶν
2875 2981 2978 3036 καὶ
3005 2980 3162 3050 δίκην
3209 2981 3480 3046 ἀπαιτῶν,
3511 2982 3605 3034 καὶ
3652 2981 3814 3044 ἵλεως
3855 2982 4044 3043 αὐτοῖς

2467 3074 2642 3128 ἔσται.
2677 3069 2810 3126 Eius
2835 3073 2892 3126 δὲ
2911 3072 3091 3136 τοῦτο,
3107 3074 3206 3143 οὐχ
3224 3074 3306 3126 ὅτι
3329 3076 3356 3126 ὁ
3377 3073 3512 3136 Θεὸς
3532 3073 3869 3144 παλίμϐολός
3897 3076 4043 3126 ἐστιν

796 3159 935 3214 Deus
991 3159 1348 3230 retrogradus
1401 3159 1496 3225 sit,
1530 3166 1590 3214 ut
1622 3160 1712 3228 qui
1760 3157 1919 3213 facile
1973 3167 2313 3228 permutetur
2345 3177 2358 3212 :
2390 3167 2430 3222 (ς.
2463 3201 2465 3212 .

2390 3167 2430 3222 C
2463 3164 2702 3227 εὐκόλως
2748 3163 3240 3234 μεταϐαλλόμενος,
3280 3163 3496 3218 ἀλλ’ὅτι
3525 3165 3624 3233 τὴν
3659 3166 4044 3235 προσήκουσαν

794 3252 893 3305 sed
923 3251 1066 3320 quod
1097 3252 1322 3306 decente
1372 3264 1531 3319 paena
1567 3257 1780 3313 exacta,
1811 3262 1877 3301 ac
1928 3247 2148 3318 aegrotis
2199 3247 2370 3301 alter-

797 3344 1058 3398 nantibus
1110 3350 1164 3397 et
1239 3341 1638 3396 suﬁicientihus
1713 3339 2027 3410 pharmacis
2089 3338 2370 3403 adhibitis,

800 3435 856 3487 in
884 3441 1162 3501 posterum
1215 3440 1394 3486 cesset
1425 3445 1455 3484 a
1487 3430 1696 3484 medica
1737 3429 2053 3498 disciplina.
2101 3427 2373 3483 Praterea

808 3523 1111 3587 lsraelitas,
1173 3537 1298 3576 cunt
1348 3522 1548 3576 viderit
1578 3520 1849 3575 adiaholo
1901 3521 2147 3589 captivos
2172 3519 2371 3582 factos,

801 3628 912 3670 non
946 3613 1170 3682 repellet
1210 3612 1382 3677 Deus,
1442 3611 1703 3681 pepulum
1757 3624 1951 3679 nempe
2013 3625 2171 3664 suum
2211 3623 2373 3678 quem

800 3705 1112 3776 praescivit:
1156 3719 1343 3758 verum
1390 3703 1635 3772 placatus
1681 3701 1785 3758 erit
1826 3700 2048 3766 Judwis,
2098 3701 2374 3756 meliorem

803 3802 1040 3852 mentem
1069 3794 1445 3860 induentibus,
1481 3792 1883 3863 baptizatisque
1914 3793 1970 3846 in
2003 3792 2224 3846 nomine
2263 3793 2372 3846 Do-

806 3887 940 3940 mini
990 3884 1147 3940 Jesu.
1211 3884 1338 3940 Haec
1396 3893 1577 3939 autem
1631 3885 1868 3938 maxime
1906 3898 1968 3936 ex
1994 3883 2143 3938 Actis
2175 3882 2374 3937 disces.

803 3975 932 4032 Tria
962 3976 1131 4030 millia
1155 3975 1301 4029 enim
1332 3974 1567 4040 videbis,
1599 3981 1655 4028 et
1681 3974 1922 4044 quinque
1943 3973 2143 4036 millia,
2172 3972 2379 4027 etmul—

805 4077 889 4123 tas
907 4067 1205 4138 myriades,
1226 4081 1365 4136 quas
1387 4066 1554 4120 Paulo
1573 4063 1813 4120 Jacobus
1834 4071 2103 4119 monstrat
2126 4065 2193 4117 “.
2210 4063 2378 4119 Porro

805 4159 912 4214 hoc
951 4158 1130 4227 ipsum
1186 4156 1502 4227 frequenter
1558 4155 1846 4226 contingit.
1905 4153 2076 4209 Nemo
2099 4154 2209 4222 (77)
2234 4153 2378 4208 enim

806 4265 836 4303 a
868 4249 1084 4304 diabolo
1112 4248 1289 4302 victus
1310 4248 1642 4318 despondeat
1662 4247 1929 4299 animum.
1961 4243 2116 4316 143
2149 4243 2378 4311 Quando

805 4341 949 4396 enim
987 4341 1053 4393 ad
1085 4348 1389 4394 extremum
1429 4338 1650 4392 malitia
1697 4335 1992 4406 perductus
2042 4335 2229 4400 fuerit,
2262 4346 2377 4389 tum

807 4432 1059 4502 spiritum
1089 4431 1144 4484 in
1167 4429 1248 4484 eis
1272 4428 1388 4499 (78)
1414 4442 1640 4496 pravum
1671 4425 1817 4482 Deus
1844 4426 2175 4496 permutabit
2197 4427 2251 4479 in
2279 4427 2379 4480 ho-

2477 3258 2635 3328 δίκην
2687 3259 3025 3328 ἀπαιτήσας,
3069 3258 3166 3310 καὶ
3196 3258 3307 3319 τοῖς
3330 3257 3546 3310 νοσοῦσι
3595 3257 3663 3310 τά
3727 3256 4043 3325 κατάλληλα

2476 3349 2575 3401 καὶ
2604 3346 2882 3417 ἀρκοῦντα
2916 3346 3125 3409 ἐπιθεὶς
3181 3348 3467 3416 φάρμακα,
3498 3347 3701 3401 ἔπαυσε
3731 3346 3920 3400 λοιπὸν
3948 3348 4040 3417 τὴν

2479 3436 2727 3506 ἰατρικὴν
2757 3438 3002 3507 ἀγωγήν.
3054 3437 3213 3491 Ἀλλὰ
3237 3437 3332 3490 καὶ
3377 3437 3502 3500 τοὺς
3530 3437 3586 3503 ἐξ
3633 3438 3850 3508 Ἰσραὴλ
3874 3441 3903 3491 ὁ
3921 3439 4044 3501 Θεὸς

2477 3526 2605 3579 ὅταν
2635 3527 2719 3597 ἴδῃ
2758 3526 2835 3595 τῷ
2863 3526 3094 3597 διαϐόλῳ
3141 3527 3703 3598 αἰχμαλωτισθέντας,
3737 3532 3840 3582 οὐκ
3892 3530 4041 3582 ἀπώ-

2480 3634 2629 3670 σεται
2659 3617 2750 3670 τὸν
2779 3617 2906 3671 λαὸν
2938 3617 3103 3670 αὑτοῦ
3123 3617 3182 3671 ὃν
3211 3617 3466 3686 προέγνω
3497 3635 3511 3648 ·
3567 3620 3682 3673 ἀλλ’
3717 3620 3874 3683 ἵλεως
3896 3619 4044 3672 ἔσται

2478 3709 2589 3769 τοῖς
2633 3705 2900 3760 Ἰουδαίων
2932 3705 3274 3775 μετανοοῦσι,
3305 3707 3397 3760 καὶ
3429 3706 3847 3776 βαπτιζομένοις
3884 3711 3965 3771 εἰς
3991 3712 4044 3760 τὸ

2478 3796 2649 3867 ὄνομα
2673 3796 2767 3851 τοῦ
2823 3796 3026 3868 Κυρίου
3070 3797 3244 3868 Ἰησοῦ
3269 3812 3284 3827 '
3343 3799 3436 3852 καὶ
3473 3798 3647 3852 ταῦτα
3679 3799 3907 3870 μαθήσῃ
3944 3801 4045 3851 άπὸ

2478 3890 2590 3943 τῶν
2625 3889 2883 3961 Πρὰξεων
2918 3889 3180 3959 μάλιστα.
3233 3890 3374 3952 Τοὺς
3428 3889 3538 3960 γάρ
3566 3888 3899 3960 τρισχιλίους
3934 3891 4044 3959 ὕψει

2479 3981 2577 4061 καὶ
2628 3981 3101 4051 πεντακισχιλίους
3175 3982 3270 4035 καὶ
3301 3982 3400 4043 τὰς
3430 3980 3631 4044 πολλάς
3668 3982 3952 4051 μυριάδας,
3983 3983 4045 4043 ἃς

2481 4071 2560 4140 τῷ
2589 4070 2788 4142 Παύλῳ
2820 4072 3073 4137 Ἰάκωϐος
3098 4073 3359 4127 δείκνυσι.
3389 4074 3497 4126 Καὶ
3530 4073 3785 4126 ἑκάστοτε
3809 4073 3866 4126 δὲ
3898 4073 4043 4126 τοῦτο

2482 4161 2714 4231 γίνεται.
2748 4164 2859 4218 Καὶ
2888 4164 2995 4226 πᾶς
3019 4166 3047 4218 ὁ
3073 4163 3178 4216 ὑπὸ
3224 4163 3318 4217 τοῦ
3368 4163 3615 4218 διαϐόλου
3662 4163 4040 4233 κρατούμενος,

2484 4255 2558 4324 μὴ
2590 4254 3037 4322 ἀπογινωσκέτω.
3065 4255 3193 4309 Ὅτε
3211 4256 3318 4326 γὰρ
3346 4256 3426 4318 είς
3455 4256 3518 4309 τὸ
3539 4255 3638 4325 τῆς
3667 4256 3864 4318 κακίας
3893 4256 4043 4324 ἔσχα-

2479 4360 2572 4395 τον
2605 4343 2934 4413 κατενεχθῇ,
2961 4345 3083 4396 τότε
3152 4343 3450 4414 μεταϐαλεῖ
3493 4344 3555 4396 τὸ
3597 4344 3840 4412 πνεῦμα,
3891 4344 3950 4395 τὸ
3992 4346 4042 4395 ὲν

2482 4433 2632 4503 αὐτῷ
2681 4433 2936 4503 πονηρὸν,
2958 4435 3035 4496 είς
3074 4433 3135 4486 τὸ
3185 4432 3412 4501 ἀγαθὸν,
3461 4432 3556 4486 καὶ
3594 4432 3924 4485 διελεύσεται
3957 4433 4045 4500 τὴν

809 4537 940 4578 num
974 4531 1028 4575 et
1064 4519 1415 4589 pertransibit
1435 4526 1743 4574 servantem
1782 4517 1943 4582 viam,
1990 4517 2380 4572 ahducentem-
2410 4514 2465 4575 D

2370 4546 2380 4558 -
2410 4514 2465 4575 Ι)
2493 4522 2773 4587 σώζουσαν
2800 4523 2938 4588 ὁδὸν,
2973 4522 3069 4575 καὶ
3094 4523 3414 4591 άπάγουσαν
3447 4523 3555 4576 ἀπὸ
3597 4523 3798 4586 κακίας
3826 4524 3903 4586 εἰς
3931 4524 4039 4591 ἀρε·

808 4629 918 4684 que
957 4628 987 4667 a
1024 4612 1158 4667 vitio
1187 4611 1252 4666 ad
1284 4611 1564 4674 virtutem,
1589 4623 1620 4664 a
1645 4619 1788 4664 terra
1820 4610 1873 4664 in
1907 4610 2105 4664 ctelum
2143 4627 2155 4663 :
2187 4619 2239 4664 et
2267 4607 2380 4680 (79)

808 4704 1119 4775 egredietur
1151 4701 1219 4756 ad
1253 4701 1422 4757 Deum
1453 4715 1552 4771 per
1589 4700 2049 4770 resipiscentiam,
2079 4699 2208 4770 quia
2241 4714 2383 4770 prae-

812 4795 936 4848 sciti
964 4809 993 4847 a
1025 4791 1137 4848 Deo
1187 4793 1528 4846 imbuuntur.
1558 4789 1678 4845 Non
1711 4791 1855 4845 enim
1916 4790 2276 4859 implacabilis
2299 4797 2382 4845 est

817 4883 979 4946 Deus,
1007 4884 1100 4938 sed
1148 4882 1440 4937 miserator
1473 4891 1576 4946 est,
1605 4889 1659 4936 et
1683 4881 1953 4952 propitius
1986 4880 2090 4936 erit
2119 4881 2379 4951 peccatis,

813 4989 867 5031 et
905 4993 1012 5031 non
1049 4976 1260 5046 perdet.

889 5070 930 5102 "
968 5067 1158 5122 Matth.
1182 5083 1256 5136 ιι,
1284 5069 1370 5122 12.
1451 5068 1496 5101 ⁸⁸
1523 5067 1642 5123 Act.
1665 5083 1725 5131 ιι,
1758 5066 1849 5120 41.

2492 4615 2616 4683 τὴν,
2648 4615 2743 4668 καὶ
2802 4614 2909 4668 ἀπὸ
2933 4615 3034 4684 γῆς
3075 4616 3154 4679 εἰς
3180 4615 3432 4686 οὐρανὸν,
3466 4615 3562 4668 καὶ
3603 4614 3912 4679 ὲξιλάσεται
3964 4614 4044 4665 τὸν

2493 4704 2625 4758 Θεὸν
2665 4703 2753 4758 διὰ
2825 4704 3115 4774 μετανοίας
3161 4704 3302 4774 ὑπὲρ
3345 4706 3454 4757 τῶν
3510 4705 3938 4774 προγεγονότων.
3977 4703 4040 4755 Οὐ

2493 4794 2604 4864 γάρ
2642 4794 2930 4857 ἀνίλαστός
2971 4792 3086 4863 (80)
3119 4794 3289 4858 ἐστιν,
3329 4793 3801 4864 άλλόίκτίρμων,
3835 4793 4041 4846 milli—

2490 4900 2640 4937 σεται
2669 4885 2787 4947 ταῖς
2826 4883 3145 4955 ἁμαρτίαις,
3185 4883 3279 4938 καὶ
3315 4885 3376 4937 ού
3407 4883 3705 4956 διαφθερεῖ.

1982 5155 2183 5216 Variae
2219 5151 2525 5214 lectiones
2574 5156 2636 5210 et
2681 5160 2871 5213 notae.

893 5268 1004 5338 (76)
1051 5268 1182 5325 Cum
1240 5266 1607 5339 igitur-iniqui
1640 5265 1785 5339 bonis
1841 5261 2017 5339 (viris)
2064 5260 2388 5339 continenter

822 5337 1014 5396 bellant
1046 5341 1200 5407 infert
1221 5337 1452 5409 (scilicet
1477 5337 1762 5409 diabolus)

2573 5253 2686 5324 (78)
2713 5252 2901 5308 Graece
2934 5253 3265 5322 αὑτῷ,ίρεο,
3303 5263 3357 5309 et
3407 5257 3641 5322 merito;
3690 5270 3870 5312 sermo
3914 5257 4036 5311 enim

1818 5324 2042 5402 aliquem
2086 5327 2390 5402 istiusmodi
2501 5325 2677 5402 εει-(ξε
2705 5338 2769 5402 eo
2788 5325 2878 5402 qui
2915 5339 2942 5376 a
2968 5324 3189 5402 diabolo
3225 5328 3493 5380 vincatur.

823 5415 1055 5466 virorum
1086 5399 1374 5476 deprimere
1401 5407 1559 5470 valet,
1591 5399 1825 5476 ΙιιιιιεῖηΔ
1845 5399 2052 5454 deliciis
2082 5399 2256 5476 habet,
2313 5400 2390 5449 ei-

2570 5392 2681 5463 (79)
2719 5391 2778 5444 Et
2802 5393 3030 5461 placabit
3074 5395 3238 5446 Deum
3271 5410 3364 5462 per
3385 5397 3763 5462 pauitantiam,
3799 5413 3897 5464 qua
3922 5411 4037 5463 pra-

825 5465 920 5551 que
947 5465 1165 5532 ιίέιιιίέιὲ
1197 5477 1366 5554 epulo;
1388 5465 1611 5544 namque
1641 5475 1756 5554 ejus
1778 5473 2120 5552 electte'stmt,
2160 5468 2391 5554 talesque
2501 5467 2776 5554 terttorutu
2807 5478 2925 5515 eum
2951 5467 3200 5529 pauitant
3233 5465 3552 5532 facinorum.
3610 5471 3703 5521 hic
3746 5468 3926 5522 Graeca
3967 5481 4036 5519 so-

827 5535 962 5605 eiros
998 5555 1052 5603 in
1105 5535 1786 5616 desp'erationeut'maiimc
1825 5542 2064 5609 conjicit,
2116 5547 2172 5592 ut
2214 5535 2392 5606 infelio

828 5639 935 5674 σιω
956 5619 1177 5684 Judant,
1199 5614 1310 5672 etc.
1341 5618 1430 5670 Sic
1467 5614 1649 5670 Graeca
1681 5614 1864 5665 verba.

904 5691 1015 5762 (77)
1044 5680 1201 5748 Deest
1238 5688 1368 5757 γὰρ,
1401 5687 1558 5752 enim,
1593 5684 1648 5738 in
1680 5691 1827 5740 textu
1856 5680 2062 5737 Graeco.

2500 5543 3088 5675 11³δίθγΔνοίκτιστος,
3125 5604 3499 5662 misericordia:
3517 5621 3722 5676 expers,
3767 5606 3897 5663 Cod.
3929 5604 4035 5664 Bas.
