4226 6438
179 382 285 446 857

890 382 1295 446 ΕΧΡΟΞΙΤῙΟ
1317 383 1900 449 IN-PROPHETAM
1941 386 2311 450 HABACUC.
2348 413 2416 425 -·
2456 388 2610 451 CAP.
2655 388 2741 452 II.

3318 389 3424 451 858

178 492 460 561 σαντας),
487 492 600 547 ἀλλ’
651 492 712 545 οὖ
764 491 840 565 μὴ
894 498 1140 566 περανεῑ.
1187 497 1425 574 Χριστδς
1455 498 1565 568 γὰρ
1603 499 1748 570 ὐπέρ
1785 502 1827 556 Α

1860 510 2038 554 tamen
2071 500 2125 553 in
2159 500 2320 554 linem
2348 516 2520 568 usque
2555 515 2661 554 non
2693 497 2979 566 perducet.
3003 495 3256 550 Christus
3277 498 3424 550 enim

176 579 344 650 ἡμῶν
392 581 777 650 ἀναμάρτητος
831 584 1021 651 φανεὶς
1052 624 1067 648 ,
1123 582 1356 639 ἀνέλυσε
1413 586 1514 656 τὴν
1560 589 1618 640 ἐν
1674 587 1758 658 τῷ

191 672 370 742 ’Δδάμ
421 672 720 742 ἁμαρτίαν.
772 675 863 726 Διδ
916 677 1011 728 καὶ
1065 676 1268 740 ἀδίκως
1311 678 1602 733 ἀποθανὼν
1653 681 1749 733 καὶ

177 764 433 836 ἐγερθεὶς
453 766 518 818 ἐκ
558 764 789 835 νεκρῶν,
831 765 1022 821 καθότι
1053 769 1151 822 οὐκ
1187 765 1257 840 ἦν
1286 769 1510 823 δυνατὸν
1538 774 1752 841 κρατεί-

179 855 310 908 σθαι
337 856 442 908 ὑπὸ
469 854 562 908 τοῦ
593 854 826 910 θανάτου
860 857 953 911 τὸν
981 859 1225 929 ἀρχηγὸν
1253 859 1344 914 διά
1374 877 1434 913 τε
1468 860 1752 914 εἰδωλολα-

177 949 373 1020 τρείας
393 949 489 1004 καὶ
515 947 768 1019 πονηρῶν
791 949 966 1003 ἄλλων
988 951 1188 1021 ἔργων,
1219 953 1425 1016 πάντας
1446 953 1536 1020 ὑφ’
1563 953 1756 1007 ἐαυτὸν

180 1043 484 1109 ἐποιήσατο
507 1060 522 1073 ο
579 1041 610 1093 ὁ
653 1039 712 1092 δὲ
761 1040 998 1107 Χριστὸς
1021 1083 1036 1104 ,
1097 1043 1427 1114 ἐκαθάρισεν
1461 1043 1612 1112 ἡμᾶς
1647 1044 1757 1098 ἀπὸ

180 1134 400 1203 νεκρῶν
459 1133 674 1206 ἔργων,
719 1135 797 1196 είς
847 1133 910 1186 τὸ
969 1134 1241 1189 δουλεύειν
1286 1135 1407 1207 Θεῷ
1450 1135 1615 1201 ζῶντι
1660 1136 1756 1190 καὶ

179 1225 447 1296 ἀληθινῷ.

260 1489 411 1559 Οὐχὶ
460 1489 646 1543 ταῦτα
717 1488 916 1542 πάντα
976 1491 1106 1542 κατ’
1172 1489 1360 1545 αὐτοῦ
1405 1490 1758 1558 παραϐολὴν

180 1582 515 1650 λήψονται,
568 1581 668 1635 καὶ
720 1582 1037 1652 πρόϐλημα
1081 1585 1168 1649 είς
1206 1583 1491 1653 διήγησιν
1528 1583 1755 1646 αὑτοῦ;

180 1672 252 1728 Ol
282 1673 626 1744 φρονοῦντες,
687 1673 844 1743 φησὶ,
899 1674 1217 1745 παραϐολὴν
1255 1677 1595 1745 ποιήσονται,
1635 1676 1758 1729 ἀντὶ

182 1766 303 1829 τοῦ,
339 1765 481 1836 ᾠδὴν
520 1765 614 1817 καὶ
641 1765 956 1836 πρόδλημα,
993 1769 1261 1830 τουτέστι,
1309 1766 1464 1834 λόγον
1507 1767 1752 1836 δημώδη,

184 1859 287 1910 καὶ
336 1859 502 1912 πᾶσιν
535 1856 640 1912 ἀνὰ
699 1856 874 1928 στόμα
933 1857 1408 1929 προϐεϐλημένον·
1443 1860 1585 1913 ὥστε
1651 1860 1757 1931 πρὸ
1793 1854 1834 1908 Β

184 1953 396 2015 παντὸς
420 1952 580 2007 ἀλλον
620 1951 980 2022 διηγήματος,
1031 1953 1159 2018 περὶ
1209 1951 1377 2007 αὑτοῦ
1430 1953 1756 2023 διηγεῖσθαι.

191 2045 264 2096 Ἥ
308 2042 626 2112 παραϐολὴν
656 2042 849 2108 εἰπὼν,
887 2043 1046 2096 τοῦτο
1069 2045 1348 2114 σημαίνει,
1379 2046 1507 2098 ὅταν
1527 2044 1760 2113 μέλλωσί

183 2153 334 2198 τινες
395 2135 697 2206 μνησθῆναί
740 2151 907 2201 τινος,
956 2135 1032 2198 ώς
1073 2136 1531 2206 δυστυχήσαντος,
1574 2136 1760 2190 τοῦτον

185 2229 371 2294 ἕξουσι
399 2228 735 2297 παραϐολὴν,
774 2229 1026 2297 λέγοντες
1052 2242 1068 2259 ⁸
1115 2227 1300 2292 Οῦτως
1346 2227 1709 2300 ἐδυστήχησεν
1733 2231 1761 2281 ὁ

185 2320 360 2383 sum,
395 2319 469 2383 ώς
498 2321 527 2372 ό
556 2318 913 2383 Βαϐυλώνιος.

262 2412 373 2468 Kal
409 2411 688 2478 ἐροῦσινο
725 2413 872 2465 Οὐαί
904 2415 936 2466 ό
969 2412 1294 2478 πληθύνων
1320 2409 1511 2476 ἐαυτῷ
1543 2411 1614 2464 τὰ
1651 2413 1763 2466 οὐκ

188 2503 338 2556 ὄντα
362 2502 546 2557 αὐτοῦ
575 2502 704 2571 (ἕως
728 2502 944 2568 τίνος;)
977 2501 1074 2554 καὶ
1107 2501 1395 2570 βαρύνων
1421 2503 1524 2556 τὸν
1552 2505 1763 2556 κλοιὸν

188 2595 378 2648 αὑτοῦ
395 2596 699 2660 στιϐαρῶς.
733 2593 938 2660 Ταῦτα,
968 2597 1151 2663 φησιν,
1213 2594 1453 2665 ᾇπονται,
1490 2595 1763 2664 θρηνοῦν-

189 2703 281 2748 τες
309 2687 402 2739 τδν
428 2685 767 2738 Βιίυλώνιον
799 2702 813 2717 ο
843 2686 979 2739 Οὐαὶ
1012 2687 1041 2738 ό
1070 2688 1181 2748 τοῖς
1219 2686 1384 2755 μηδὲν
1422 2687 1570 2754 αὐτῷ
1595 2704 1762 2755 προσ-

191 2778 390 2845 ήκουσι
428 2777 527 2838 τὰς
557 2779 742 2847 χεῖρας
777 2773 1101 2835 ἐπιϐάλλων.
1135 2776 1229 2827 καὶ
1253 2776 1343 2828 τὸν
1370 2777 1548 2828 κλοιὸν
1575 2777 1761 2841 αὑτοῦ,

191 2871 312 2937 ἦτοι
341 2869 404 2920 τὸ
440 2869 601 2937 βάρος
637 2868 736 2936 τῆς
765 2867 960 2938 ἀρχῆς,
1010 2866 1310 2938 βαρύτερον
1346 2869 1613 2922 καθιστών
1650 2875 1764 2932 τοῖς

193 2960 460 3030 ὑπηκόοις
511 2959 598 3012 διὰ
627 2958 688 3010 τὸ
721 2961 848 3020 τοὺς
882 2958 1080 3028 φόρους
1112 2959 1413 3012 ἐπιτιθέναι
1436 2961 1644 3031 βαρεῖς,
1672 2964 1765 3014 καὶ

191 3050 343 3120 τέλη.
382 3050 481 3102 Διά
511 3051 677 3117 μέσου
707 3048 763 3100 δὲ
805 3047 1192 3117 ἐπεφώνησεν·
1230 3050 1384 3115 ’Ἕως
1423 3053 1624 3117 τίνος-ς
1661 3052 1766 3106 δει-

192 3141 325 3202 κνὺς
353 3140 415 3192 τὸ
443 3137 724 3208 ἄπληστον
758 3137 925 3192 αὐτοῦ
950 3141 1044 3192 καὶ
1074 3140 1391 3209 ἀκόρεστον,
1431 3143 1523 3194 καὶ⁹
1553 3145 1634 3196 ὅτι
1664 3143 1764 3196 οὐκ

193 3230 302 3286 εῐδε
339 3231 541 3302 πέρας,
567 3231 665 3284 κα)⁵
700 3231 781 3282 ὃτι
835 3230 895 3283 οὐ
935 3230 1096 3301 μέχρι
1145 3231 1341 3285 πολλοῦ
1383 3233 1558 3287 ταῦτα
1593 3233 1763 3300 ἔσται,

191 3323 332 3378 ἀλλά
365 3322 633 3376 παύσεται
661 3323 782 3375 ὅσον
842 3320 1018 3375 οὔπω.
1067 3323 1324 3394 Ἐὗάρυνε
1371 3325 1428 3379 δέ
1469 3326 1561 3380 τὸν
1592 3327 1769 3380 κλοιὸν

192 3415 290 3468 καὶ
321 3413 460 3467 καθὸ
505 3411 813 3482 βαρυτέραν
850 3413 948 3482 τὴν
991 3416 1053 3466 ἐκ
1098 3414 1235 3468 θεοῦ
1281 3417 1554 3488 τιμωρίαν
1591 3419 1770 3489 ἐαυτῷ

193 3507 392 3567 ἐποίει,
428 3506 514 3572 ἐφ’
539 3501 624 3568 οἷς
650 3506 737 3557 ἀεὶ
773 3506 830 3556 ἐν
869 3505 1036 3575 κακίᾳ
1083 3507 1414 3576 προέκοπτε.
1456 3509 1568 3561 Καὶ
1596 3509 1623 3560 ό
1653 3509 1769 3561 διά-

193 3596 348 3659 ϐολος
376 3596 456 3658 δὲ,
488 3594 557 3646 τά
583 3596 682 3647 οὐκ
714 3596 842 3647 ὄντα
871 3596 1048 3664 ἐαυτῷ
1073 3597 1354 3663 συνάγωνο
1377 3599 1500 3661 τοὺς
1525 3599 1640 3666 (17)
1665 3600 1771 3668 γὰρ

193 3685 517 3760 ἀνθρώπους
538 3685 674 3738 Θεοῦ
703 3688 882 3751 ὄντας,
907 3687 1002 3740 καὶ
1021 3689 1188 3755 μηδὲν
1215 3689 1364 3758 αὐτῷ
1386 3689 1766 3759 διαφέροντας,

193 3778 542 3847 ὑποχειρίους
571 3777 766 3830 ἑαυτοῦ
824 3781 1011 3832 ποιεῖ’
1055 3776 1304 3849 ἀφῃρέθη
1355 3778 1411 3830 δὲ
1453 3779 1677 3842 τούτους
1706 3782 1769 3850 τῇ

192 3870 422 3935 δυνάμει
452 3869 547 3922 τοῦ
578 3870 911 3934 Εὐαγγελίου
939 3869 1034 3921 τοῦ
1063 3869 1323 3941 Χριστοῦ.
1358 3870 1522 3923 Ὅθεν
1548 3871 1644 3924 καὶ
1676 3871 1772 3939 βα-

199 3963 428 4029 ρύτερον
458 3959 635 4028 ἐλυτῴ
670 3961 757 4012 τὸν
787 3959 967 4011 κλοιὸν
991 3961 1091 4023 τῆς
1123 3960 1396 4029 τιμωρίας
1426 3961 1769 4014 κατασκευα-

195 4054 304 4116 ζει,
339 4055 425 4106 δτι
457 4053 591 4122 μηδὲ
619 4054 685 4122 τῇ
733 4052 996 4123 ἐπιδημίᾳ
1041 4053 1134 4104 τοῦ
1174 4053 1411 4122 Χριστοῦ
1445 4053 1546 4123 τῆς
1577 4054 1771 4117 κακίας

193 4147 497 4211 ἐπαυσατο,
537 4143 712 4198 καίτοι
734 4143 804 4195 τὰ
824 4144 1166 4214 καιριώτατα
1189 4143 1286 4214 τῆς
1309 4145 1589 4214 δυνάμεως
1610 4161 1769 4215 περι-

194 4237 410 4300 κοπείς.

1858 604 1955 658 pro
1989 589 2146 642 nobis
2173 587 2569 654 impeccabilis,
2593 597 2643 640 et
2666 585 2786 641 sine
2806 592 3030 654 peccato
3060 584 3330 652 apparuit,
3361 600 3425 638 ac

1856 680 2107 735 dissolvit
2139 689 2446 748 peccatum,
2485 679 2540 732 in
2580 695 2680 733 nos
2712 694 2810 749 per
2837 678 3008 731 Adam
3059 676 3422 730 transfusum.

1854 769 2147 840 Propterea
2178 779 2230 825 ct
2258 769 2459 838 injuste
2495 779 2764 833 mortuus,
2787 779 2842 824 et
2883 770 3154 823 excitatus
3186 783 3248 818 ex
3284 782 3428 816 nzor~

1855 865 1987 927 tuis,
2028 876 2094 916 co
2137 863 2281 930 quod
2329 878 2437 916 non
2487 867 2606 914 erat
2660 860 2919 928 possibile
2961 861 3132 912 teneri
3171 873 3200 909 a
3254 865 3428 908 morte

1856 953 2151 1022 principem
2202 953 2345 1015 vitm,
2397 952 2558 1005 simul
2602 952 2768 1004 etiam
2801 949 2912 1019 (i6)
2959 948 3428 1003 ηοςειρίιιιιήιιοι

1856 1042 2049 1097 sedere
2078 1042 2208 1097 fecit
2233 1044 2288 1096 in
2310 1056 2478 1111 super
2500 1041 2840 1095 caelestibus.
2868 1039 2933 1092 Et
2960 1037 3051 1094 ille
3077 1039 3297 1107 quidem
3331 1053 3428 1106 per

1857 1135 2129 1189 idolorum
2175 1134 2383 1188 cultum
2415 1172 2432 1196 ,
2490 1141 2544 1187 et
2586 1133 2692 1185 alia
2752 1130 2946 1200 prava'
2978 1144 3142 1200 opera
3197 1138 3426 1182 cunctos

1858 1226 1961 1280 sibi
1988 1225 2225 1293 subjecit
2257 1241 2272 1278 :
2303 1223 2564 1279 Christus
2593 1237 2727 1277 vero
2751 1223 3042 1278 mandavit
3072 1237 3172 1276 nos
3203 1223 3270 1275 ab
3299 1238 3431 1291 ope-

1859 1317 2012 1371 ribus
2071 1315 2343 1378 mortuis,
2412 1321 2473 1366 ut
2534 1315 2870 1368 serviremus
2926 1312 3038 1368 Deo
3094 1313 3300 1368 viventi
3378 1323 3432 1366 et

1859 1427 2006 1467 νου-ο.

1927 1502 2087 1558 Vsus.
2126 1503 2181 1557 6.
2227 1501 2415 1556 Nonne
2452 1502 2504 1552 lii
2538 1517 2716 1553 omnes
2759 1499 2824 1552 de
2869 1500 2982 1568 ipso
3028 1503 3426 1555 similitudinem

1858 1603 2082 1655 sument,
2107 1604 2153 1647 et
2183 1594 2585 1660 propositionem
2607 1609 2765 1661 quam
2779 1593 2824 1644 ei
2840 1595 3120 1646 denarreut
3140 1595 3164 1646 Ξ)
3185 1592 3431 1646 Pruden-

1861 1697 1962 1751 tes,
1997 1687 2193 1754 inquit,
2221 1682 2637 1738 similitudinem
2677 1684 2859 1739 edent.
2889 1681 2990 1735 hoc
3022 1689 3106 1734 est
3128 1722 3142 1745 ,
3176 1681 3313 1734 oden
3347 1683 3430 1735 vel

1857 1781 2130 1834 canticum
2151 1785 2204 1830 et
2224 1774 2522 1844 problema,
2551 1775 2600 1826 id
2624 1783 2729 1837 est,
2756 1787 3060 1826 sermonem
3090 1774 3428 1841 popularem,

1863 1872 1954 1940 qui
1995 1869 2252 1924 omnibus
2282 1867 2486 1936 passim
2536 1867 2605 1919 sit
2656 1867 2706 1918 in
2752 1881 2868 1929 ore,
2915 1874 2973 1919 ut
3023 1882 3119 1934 pro
3148 1866 3294 1918 omni
3326 1868 3430 1918 alia

1862 1961 2196 2024 narratione,
2248 1960 2313 2012 de
2364 1958 2482 2026 ipso
2532 1957 2696 2010 verba
2742 1955 2925 2009 iaciat.
2975 1955 3068 2010 \‘el
3117 1957 3430 2024 parabolam

1861 2054 2074 2111 dicens.
2111 2051 2213 2104 hoc
2247 2048 2538 2118 signiﬁcat.
2559 2045 2706 2113 quod
2733 2046 2951 2113 quoties
2977 2045 3303 2098 mentionem
3322 2046 3435 2098 sint

1863 2141 2060 2198 facturi
2100 2141 2334 2208 alicujus
2376 2153 2474 2192 ceu
2509 2136 2860 2196 iniortunati,
2898 2137 3038 2189 hanc
3075 2137 3176 2189 sibi
3212 2145 3434 2189 sumant

1863 2232 2302 2289 similitudinem,
2337 2228 2624 2281 dicentes:
2670 2227 2848 2296 Arique
2897 2227 3199 2282 infortunio
3233 2245 3434 2285 succn-

1864 2323 2000 2385 buit,
2026 2330 2192 2389 atque
2223 2319 2576 2387 Babylonius.

1936 2415 2008 2465 Ac
2051 2413 2266 2465 dicent:
2310 2407 2397 2462 Va:
2424 2411 2510 2475 qui
2545 2408 2867 2474 multiplicat
2905 2409 3005 2460 sibi
3039 2424 3154 2476 qua
3189 2425 3286 2461 sua
3335 2427 3434 2462 non

1861 2515 1983 2559 sunt
2022 2504 2380 2570 (quousque?)
2427 2512 2475 2554 et
2510 2501 2677 2553 solide
2732 2502 3081 2568 ponderosum
3119 2501 3288 2553 reddit
3313 2504 3436 2552 colli

1861 2598 1944 2648 sui
1976 2603 2366 2647 ornamentum.
2399 2591 2540 2655 liter,
2585 2592 2783 2658 inquit,
2817 2600 3038 2654 canent,
3076 2591 3439 2645 lamentantes

1867 2685 2219 2755 Babylo'iium
2259 2702 2270 2736 :
2306 2683 2396 2736 Vae
2438 2684 2529 2751 qui
2568 2683 2701 2735 nihil
2749 2696 2808 2737 se
2848 2681 3170 2736 decentihns
3217 2699 3436 2734 manum

1868 2776 2064 2841 injicit.
2097 2784 2150 2828 et
2174 2775 2297 2827 colli
2334 2773 2418 2828 sui
2457 2781 2708 2826 ornatum
2739 2815 2753 2836 ,
2793 2772 2909 2826 sive
2939 2788 3080 2826 onus
3109 2773 3318 2839 imperii
3352 2774 3437 2827 sui

1864 2868 2083 2937 gravius
2117 2867 2402 2921 constituit
2437 2866 2674 2920 subditis
2717 2867 2854 2923 suis.
2904 2866 3049 2932 quod
3097 2867 3284 2931 gravia
3339 2866 3441 2917 tri-

1867 2963 1995 3014 buta
2036 2967 2090 3013 et
2122 2958 2410 3026 vectigalia
2439 2958 2704 3027 imponat.
2743 2956 2797 3009 ln
2835 2957 3015 3010 medio
3042 2966 3222 3010 autem
3262 2957 3443 3010 excla-

1868 3051 2032 3103 mavit
2059 3050 2209 3102 luctu
2242 3067 2254 3101 :
2290 3047 2621 3116 Quousque?
2646 3046 3025 3114 inexplebilem
3065 3045 3186 3114 ejus
3213 3055 3266 3099 et
3300 3047 3443 3099 insa-

1872 3143 2110 3197 tiabilem
2157 3140 2511 3210 cupiditatem
2564 3143 2987 3203 demonstrans,
3033 3152 3088 3193 ut
3122 3157 3242 3210 qure
3283 3141 3442 3194 linem

1870 3252 1978 3288 non
2021 3235 2258 3296 noverit,
2298 3248 2418 3302 quae
2445 3242 2622 3286 tamen
2655 3247 2762 3285 non
2794 3233 2886 3285 diu
2915 3235 3179 3286 duratura
3211 3232 3306 3294 sit,
3347 3232 3441 3286 sed

1868 3327 2014 3381 enim
2075 3324 2394 3394 propediem
2451 3332 2769 3385 cessatura,
2831 3335 3097 3391 quantum
3165 3336 3440 3388 nunquam

1871 3427 2052 3472 antea.
2101 3416 2279 3471 Grave
2327 3425 2508 3469 autem
2554 3422 2609 3469 et
2639 3429 2930 3468 onerosum
2983 3413 3217 3467 reddidit
3241 3414 3443 3466 oollare

1871 3525 2054 3569 suum,
2092 3524 2158 3562 eo
2186 3507 2328 3577 quod
2363 3506 2585 3575 gravius
2613 3507 2714 3560 sibi
2743 3506 3072 3575 supplicium
3102 3521 3164 3559 ex
3192 3505 3300 3559 Deo
3326 3505 3442 3572 ipse

1871 3601 2081 3668 paravit
2117 3619 2129 3653 :
2158 3598 2602 3668 quandoquidem
2629 3599 2680 3651 in
2709 3598 2914 3651 malitia
2941 3612 3039 3650 sua
3071 3612 3284 3664 semper
3323 3611 3442 3664 per-

1873 3693 2035 3745 rexit.
2089 3691 2258 3744 Porro
2305 3689 2651 3745 calumnians
2690 3689 2941 3756 Spiritus,
2983 3689 3146 3741 etiam
3177 3703 3297 3753 qum
3343 3702 3441 3739 sua

1873 3801 1978 3838 non
2007 3793 2131 3838 sum
2165 3783 2392 3848 colligit,
2424 3783 2681 3836 nimirum
2720 3782 2968 3834 homines
2999 3780 3088 3831 Dei
3113 3780 3444 3832 exsisteuto-s

1872 3877 1941 3930 ab
1975 3891 2042 3931 eo
2069 3876 2202 3929 nihil
2238 3875 2574 3939 diﬂerentes,
2607 3873 2866 3927 nimirum
2901 3872 2966 3924 ad
3000 3873 3291 3935 imaginem
3325 3872 3444 3934 ejus

1871 3978 2110 4030 creatos,
2141 3967 2247 4022 sibi
2289 3967 2631 4036 mancipans,
2671 3980 2810 4029 quos
2841 3974 3024 4017 tamen
3073 3963 3214 4017 Deus
3247 3963 3446 4014 virtute

1858 4057 2150 4128 'Evangelii
2183 4056 2389 4110 Christi
2421 4057 2634 4110 liberat.
2661 4052 2816 4109 Unde
2857 4063 2910 4106 et
2944 4053 3165 4121 gravius
3197 4053 3298 4106 sibi
3333 4057 3448 4105 col-

1873 4148 2006 4212 lare,
2065 4148 2170 4200 hoc.
2248 4155 2334 4200 est
2401 4147 2660 4210 majorem
2715 4159 2936 4215 pmnam
2998 4143 3218 4212 quidem
3278 4157 3446 4210 appa-

1877 4245 1983 4298 rat.
2035 4237 2127 4306 qui
2175 4252 2244 4291 ne
2290 4237 2342 4289 in
2389 4235 2623 4290 adventu
2673 4237 2892 4304 quidem
2939 4238 3142 4290 Christi
3179 4252 3207 4286 a
3239 4235 3445 4290 malitia

1873 4327 2106 4383 destitit.
2145 4325 2306 4396 Atqui
2339 4325 2662 4381 consideras
2691 4326 2806 4394 (18)
2835 4327 2919 4380 hic
2943 4325 3444 4380 connuodissimam

1877 4416 2197 4488 potentiam.

263 4503 388 4557 Ὀτι
425 4504 714 4574 ἐξαίφνης
748 4503 1199 4572 ἀναστήσονται
1227 4506 1280 4556 ot
1309 4501 1635 4566 δάκνοντες
1658 4502 1768 4554 aiio
1805 4538 1834 4592 Ε

1945 4507 2087 4562 Vens
2112 4507 2164 4561 7.
2190 4506 2452 4571 Quoniam
2486 4517 2692 4576 repente
2724 4519 3002 4576 exsurgant
3042 4509 3335 4560 mordentes
3363 4510 3442 4572 ip-

196 4599 322 4661 τύν,
353 4597 450 4650 καὶ
501 4598 885 4666 ἐκνήψουσιν
913 4600 966 4649 ol
1015 4597 1327 4650 ἐπίϐουλοι
1359 4611 1495 4657 σου,
1529 4595 1624 4647 καὶ
1654 4596 1769 4661 ἔσῃ

194 4692 283 4754 εις
302 4688 643 4758 διαρπαγὴν
657 4688 878 4753 αὐτοῖς.
903 4683 1068 4741 Εἶπεν
1091 4687 1348 4757 ἀνωτέρω
1367 4702 1381 4716 ·
1397 4687 1548 4751 Ἕως
1572 4687 1734 4750 τίνος
1753 4700 1772 4746 ;

197 4779 388 4847 ὥσπερ
420 4779 750 4846 σχετλιάζων
778 4780 871 4832 καὶ
910 4780 1266 4844 δεινοπαθῶν,
1300 4779 1423 4832 ἀντὶ
1451 4777 1567 4842 τοῦ,
1594 4778 1769 4848 Μέχρι

195 4872 368 4922 πόσου
397 4870 569 4922 ταῦτα
593 4870 839 4939 ποιήσεις
861 4886 877 4936 ;
902 4866 1034 4924 Εἶτα
1056 4869 1244 4937 ὥσπερ
1263 4869 1576 4939 ἐρωτῶντός
1603 4882 1768 4929 τινος·

202 4962 328 5024 Πῶς
371 4963 483 5030 (l9)
541 4962 698 5014 τοῦτο
732 4957 928 5027 εῐπαςς
979 4963 1148 5031 φησί·
1179 4962 1320 5014 Διότι
1354 4961 1450 5013 καὶ
1489 4959 1641 5013 ἄκων
1669 4959 1768 5028 τῆς

199 5055 419 5114 ἀδικίας
454 5055 741 5110 παύσεται.
767 5055 979 5121 Ὥσπερ
1013 5054 1118 5124 γὰρ
1150 5053 1207 5117 ἐξ
1236 5053 1402 5105 ὕπνου
1434 5051 1764 5122 ἀναστήσονο

199 5165 291 5198 ται
329 5147 588 5216 ἐξαίφνης
624 5148 716 5201 καὶ
742 5146 1167 5216 ἀπροσδοκήτως
1206 5149 1256 5199 οἱ
1286 5147 1573 5207 δάκνοντες
1607 5143 1772 5199 αὑτὸν

198 5239 391 5306 ὥσπερ
447 5237 623 5291 ὀδοῦσι
681 5241 800 5303 ταῖς
837 5237 929 5291 τοῦ
987 5237 1223 5306 πολέμου
1279 5237 1626 5306 προσϐολαῖς,
1680 5237 1771 5287 καὶ

1874 4615 2014 4660 sum,
2032 4608 2080 4651 et
2097 4598 2519 4666 expergiscenlur
2533 4599 2869 4650 insidiatores
2889 4600 2984 4660 tui,
3009 4599 3210 4665 erisque
3234 4599 3283 4646 in
3301 4599 3444 4647 dirc-

1873 4691 2098 4757 ptionem
2121 4686 2396 4752 ipsisJam
2428 4698 2584 4740 antea
2607 4688 2763 4747 dixit,
2786 4687 3285 4754 Quottsque?veluti
3305 4703 3445 4753 mgni

1875 4782 2056 4836 ferens
2095 4793 2145 4833 et
2181 4789 2511 4842 commotus,
2539 4794 2634 4846 pro
2661 4794 2726 4832 eo
2749 4779 2890 4846 quod
2919 4787 3023 4839 est,
3056 4777 3305 4843 Quandin
3344 4779 3444 4830 hoc

1875 4872 2076 4926 facies?
2102 4869 2306 4924 Deinde
2324 4869 2488 4922 veluti
2509 4870 2866 4937 interroganti
2887 4869 3101 4922 cuidam
3125 4886 3138 4922 :
3159 4868 3443 4932 Quomodo

1876 4965 1980 5017 hoc
2018 4958 2316 5027 intelligis?
2349 4957 2635 5022 Quoniam,
2670 4958 2868 5026 inquit,
2901 4959 3101 5011 invitus
3130 4958 3200 5012 ab
3238 4958 3440 5025 injuria

1877 5067 1929 5109 et
1952 5051 2213 5122 injustitia
2234 5051 2471 5105 desistet.
2514 5050 2650 5101 Nam
2672 5051 2836 5104 veluti
2868 5065 2898 5102 e
2927 5065 3119 5104 somno
3147 5059 3444 5118 essurgcnt

1882 5147 2081 5207 subito,
2117 5156 2168 5198 et
2200 5160 2263 5198 es
2309 5142 2606 5212 impr0viso
2635 5142 2977 5195 lancinantes
3004 5155 3099 5195 seu
3137 5142 3446 5194 mordentes

1883 5236 2057 5300 ipsum
2096 5249 2195 5287 ceu
2219 5231 2499 5293 dentibus,
2525 5231 2649 5284 belli
2683 5231 2936 5283 nimirum
2963 5227 3279 5288 insultibus,
3310 5241 3440 5280 ese-

1377 5389 1574 5450 Varite
1629 5389 1934 5451 lectiones
1969 5394 2029 5448 et
2070 5396 2253 5447 noue.

275 5515 386 5583 (16)
407 5517 792 5569 Desiderantur
823 5515 874 5566 in
914 5524 1144 5582 utroque
1193 5511 1328 5566 (Iud.
1371 5510 1558 5583 Gra‘ca
1596 5511 1756 5583 verba

190 5581 408 5644 Latinis
449 5585 596 5639 hisee.
621 5585 781 5636 simul
841 5586 999 5636 etiam
1045 5599 1136 5636 nos
1179 5582 1446 5646 excitavit,
1481 5592 1529 5633 ct
1585 5581 1760 5636 sedere

194 5658 558 5727 fecitiinsttper
576 5654 869 5727 rwlestibns
902 5654 1221 5727 respondent
1236 5655 1303 5703 ia.

269 5726 384 5796 (i7)
418 5727 537 5777 "ch
574 5725 646 5777 ita
678 5723 1103 5796 suntrcddenda
1138 5739 1146 5770 ;
1185 5724 1430 5796 Mantinea
1482 5724 1634 5796 (nini
1667 5721 1757 5796 Dat

192 5792 510 5852 exsistenus
584 5803 633 5847 et
699 5793 831 5847 nihil
889 5792 958 5846 ad
1001 5795 1167 5859 ipsum
1198 5793 1429 5862 (scilicet
1461 5793 1758 5858 diabolum)

1868 5518 2176 5577 spectantes.
2211 5509 2312 5562 sibi
2358 5509 2599 5574 subjecit.
2664 5507 2933 5570 Spoliatus
2997 5517 3171 5559 autem
3228 5517 3303 5557 est
3359 5503 3436 5556 Iit;

1871 5591 2128 5647 potestate
2168 5578 2436 5645 Evangelii
2465 5579 2682 5632 lilii-isti.
2711 5591 2815 5630 etv.

1945 5652 2054 5710 (18)
2082 5648 2376 5700 Potissimis
2408 5652 2522 5700 licet
2560 5651 2827 5713 potestatis
2855 5663 2962 5700 sua
3001 5648 3196 5698 uiribus
3229 5656 3428 5696 (Iulus.

1869 5720 1939 5772 Et
1975 5718 2104 5771 limi.
2147 5717 2275 5768 Vell.

1942 5789 2050 5859 HO)
2095 5786 2202 5839 Ποῦ
2234 5806 2244 5848 ;
2277 5788 2408 5842 ubi?
2439 5788 2573 5842 Cod.
2611 5787 2732 5838 iinV.
