4226 6438
306 313 418 374 889

922 307 1326 369 EXI'OSITIO
1366 307 1446 368 IN
1485 307 1958 367 PROPHE’I‘AM
1995 307 2363 368 HABACUC.
2401 334 2469 344 -·
2506 312 2664 371 CAP.
2711 313 2822 373 llf.

3460 323 3571 389 890

384 418 720 488 Σκορπίζὶυν
761 418 948 472 ὕδατα
985 420 1249 487 πορείας.
1289 419 1500 487 ’Υδατα
1551 419 1776 492 πορείας
1814 421 1870 473 αἱ
1898 413 1949 471 Α
2043 419 2053 465 ὲ

1898 413 1949 471 Α
2043 413 2304 483 Spargens
2361 434 2528 485 aquas
2592 421 2811 473 itineris.
2879 423 3044 490 Aqua:
3127 424 3340 481 itineris
3432 443 3562 484 sunt

304 515 402 566 eos
455 511 830 581 πνευματικοῦ
890 512 985 565 καὶ
1034 512 1391 580 εὖαγγελικοῦ
1440 513 1598 581 λόγου
1634 515 1876 582 χάριτες.

307 608 385 658 Τὒ
417 606 564 676 ὕδωρ
586 605 694 674 γὰρ
737 605 836 674 τῆς
877 604 1017 675 πρὸς
1063 606 1209 673 ἡμᾶς
1251 604 1479 675 πορείας
1517 603 1609 657 τοῦ
1642 606 1882 673 Μονογε-

307 698 435 759 νοῦς
484 697 546 749 τὸ
581 694 807 764 Πνεῦμά
851 696 1038 758 ,ἐστιν,
1071 695 1098 746 ὃ
1135 695 1306 748 ἔδωκε
1345 698 1460 757 τοῖς
1492 694 1880 746 πιστεύσουσιν

306 793 390 852 εἰς
412 791 596 844 αὐτόν.
635 789 789 841 Ἐπεὶ⁸
817 783 910 840 οὖν
946 787 1195 857 διάφοροι
1243 787 1342 854 τῆς
1387 789 1764 857 πνευματικῆς
1794 788 1877 840 δι·

305 881 608 944 εασκαλίας
652 883 700 933 oi
727 881 941 950 τρόποι,
973 879 1034 931 τὸ
1067 879 1124 932 ἐν
1147 879 1290 947 ὕδωρ
1319 879 1490 932 πολλὰ
1520 879 1750 945 γίνεται,
1784 880 1878 931 καὶ

310 975 673 1041 σ.τορπίξεται
719 975 813 1027 καὶ
845 973 1133 1041 διαιρεῖται
1181 972 1400 1042 ἑκάστῳ
1446 971 1581 1042 πρὸς
1623 973 1723 1042 τὴν
1764 973 1878 1036 ἕξιν

305 1065 500 1127 αἰτοῦ,
566 1065 754 1134 ἐπειδὴ
791 1069 886 1116 καὶ
901 1063 1170 1133 διαίρεσιν
1198 1063 1558 1132 χαρισμάτων
1580 1059 1720 1116 εἶναι
1751 1079 1880 1132 μαν-

307 1158 565 1224 θέτνομεν,
595 1157 656 1208 τὸ
690 1157 746 1209 δὲ
780 1156 910 1209 αὐτὸ
947 1155 1368 1225 Πνεῦμα.Ἀλλα
1399 1155 1493 1207 καὶ
1515 1155 1878 1224 πορευόμενος

305 1254 388 1311 εἰς
422 1250 613 1319 κώμας
651 1251 746 1303 καὶ
788 1251 972 1312 πόλεις
1005 1252 1032 1303 ό
1058 1249 1286 1320 Κύριος,
1333 1251 1391 1303 τὺ
1419 1248 1565 1320 ὕδωρ
1593 1250 1692 1318 τῆς
1725 1249 1875 1302 διδα-

305 1343 536 1406 σκαλίας
590 1342 1046 1411 ἐσκόρπιζε,τοῖς
1100 1343 1236 1413 πρὸς
1269 1341 1363 1404 οὓς
1410 1341 1617 1407 ἔλεγεν*
1663 1341 1736 1395 ΕΖ
1784 1357 1875 1405 τις

302 1432 454 1500 διψᾷ
489 1475 502 1497 ,
551 1434 817 1500 ἐρχέσθω
872 1435 1019 1501 πρός
1066 1451 1144 1501 με
1200 1433 1299 1489 καὶ
1374 1430 1613 1486 πινέτω.
1684 1431 1877 1485 Πολλοὶ

303 1527 524 1591 ἔχουσιν
578 1523 749 1577 ὕδατα
787 1524 968 1593 λόγου,
1025 1523 1139 1579 ἀλλ’
1167 1525 1268 1578 οῦκ
1315 1525 1422 1578 εἰσὶ
1459 1524 1708 1595 πορείας,
1738 1523 1874 1577 ἀλλὰ

303 1619 553 1684 σταδαῖα,
582 1618 814 1672 ὀδωδότα
840 1618 1104 1681 δυσωδίας
1136 1617 1353 1686 φθόνου.
1400 1619 1488 1671 Ἐν
1525 1619 1740 1680 ἑαυτοῖς
1768 1618 1873 1688 γάρ

296 1706 447 1763 οὗτοι
489 1711 549 1764 τὸ
594 1711 796 1779 ἀγαθὸν
846 1711 1052 1780 ἔχουσι,
1100 1710 1174 1781 μὴ
1208 1712 1288 1772 είς
1327 1710 1523 1773 ἄλλους
1567 1709 1703 1763 αὐτὸ
1755 1709 1870 1762 δια-

299 1804 539 1866 χέοντες
569 1801 618 1853 οἳ
654 1801 747 1852 καὶ
783 1801 992 1853 ἐοίκασι
1023 1800 1102 1871 τῷ
1135 1800 1542 1871 κατορωρυχότι
1580 1801 1643 1852 τδ
1666 1801 1863 1854 τάλαν-

294 1909 412 1943 τον.
458 1891 518 1943 Ὀ
549 1892 729 1960 μέντοι
772 1893 981 1960 ἐπιχέων
1025 1892 1120 1944 καὶ
1177 1891 1264 1943 ἐπ’
1298 1890 1493 1953 ἄλλους
1532 1891 1594 1943 τὸ
1639 1892 1863 1959 ἀγαθὸν,

293 1978 454 2043 οὗτος
504 1982 620 2051 ἔχει
672 1982 840 2036 ῦδατα
891 1982 1136 2051 πορείας,
1194 1983 1287 2034 καὶ
1322 1981 1464 2034 ἔοικε
1507 1981 1585 2050 τῷ
1620 1981 1865 2052 βάλλοντι

295 2076 412 2134 τοῖς
442 2070 800 2141 τραπεζίταις
834 2073 893 2125 τὸ
915 2071 1198 2137 τάλαντον,
1223 2072 1319 2125 καὶ
1349 2071 1750 2143 πλουσιώτερον
1774 2074 1865 2126 τὸν

292 2165 564 2234 δεσπότην
591 2165 902 2233 ποιήσαντι.

372 2253 636 2307 Ἔδωκεν
666 2256 703 2322 ὴ
739 2256 1010 2318 ἄϐυσσος
1046 2255 1255 2324 φωνὴν
1291 2256 1484 2324 αὐτῆς
1511 2255 1669 2324 ὕψος
1720 2272 1867 2325 φαν-

294 2351 514 2414 τασίας
543 2349 754 2416 αὐτῆς.
803 2351 1088 2420 Ἐπέμεινε
1147 2353 1213 2421 τῇ
1253 2354 1452 2421 τροπῇ,
1503 2354 1598 2405 καὶ
1624 2351 1724 2422 τὴν
1758 2352 1866 2405 τῶν

293 2440 586 2507 νοημάτων
616 2439 936 2492 ἀκολουθίαν
979 2438 1233 2508 ἐφύλαξε.
1274 2441 1558 2509 Ποταμοὺς
1597 2442 1706 2511 γὰρ
1743 2442 1866 2504 τοὺς

295 2536 478 2600 ξεροὺς
503 2533 831 2595 ἀποστόλους
859 2532 1117 2597 καλέσας,
1183 2533 1458 2586 θάλασσαν
1504 2532 1761 2600 ὀνομάζει
1799 2533 1867 2585 τὰ

294 2625 445 2694 ὲθνη,
474 2627 538 2694 τῇ
568 2625 666 2692 τῆς
706 2623 959 2685 ἀσεϐείας
987 2623 1183 2693 πικρίᾳ
1218 2623 1576 2694 κατεχόμενα.
1603 2623 1867 2693 Καθάπερ

290 2714 389 2771 οὖν
420 2717 679 2783 ποταμῶν
701 2717 780 2777 είς
803 2717 1040 2783 πέλαγος
1078 2715 1474 2786 ἐμϐαλλόντων,
1517 2717 1680 2779 πολὺς
1737 2714 1867 2788 ἦχος

295 2812 388 2860 καὶ
439 2808 607 2876 ψόφος
654 2807 1032 2872 ἀποτελεῖται,
1082 2811 1193 2860 τῶν
1250 2807 1550 2862 θαλαττίων
1609 2809 1865 2878 κυμάτων

295 2900 610 2968 εἰργόντων,
635 2899 727 2950 καὶ
753 2899 1059 2968 ἐπεχόντων
1085 2899 1184 2968 τὴν
1239 2899 1490 2969 εἰσϐολήν
1521 2915 1536 2930 °
1564 2900 1706 2953 οὕτω
1759 2902 1865 2952 τῶν

295 2992 454 3042 θείων
475 2989 784 3044 ἀποστόλων
806 2991 875 3042 τὰ
897 2989 1022 3062 ἔθνη
1052 2990 1530 3058 περινοστούντων,
1559 2992 1650 3045 καὶ
1671 2993 1732 3044 τὸ
1758 3009 1864 3046 σω-

295 3082 483 3146 τήρων
503 3077 1010 3147 διαπορθμευόντων
1038 3080 1322 3148 κήρυγμα,
1357 3079 1575 3150 θόρυϐοι
1601 3084 1722 3133 κατ’
1770 3083 1862 3134 αὑ·
1891 3107 1935 3167 C

299 3171 404 3220 τῶν
443 3171 718 3223 ἐκινοῦντο
747 3171 843 3224 καὶ
865 3170 1105 3234 στάσεις,
1145 3171 1253 3224 τῶν
1281 3172 1525 3226 ἀπίστων
1555 3174 1862 3241 ἀντιλεγόν-

297 3281 427 3326 των,
463 3264 556 3314 καὶ
587 3262 775 3314 σϐέσαι
802 3261 1157 3331 πειρωμένων
1177 3261 1238 3314 τὸ
1268 3264 1551 3331 κήρυγμα,
1594 3264 1783 3332 ῶσπερ
1809 3269 1864 3318 ὲν

298 3355 510 3424 ’Ἐφέσῳ
557 3357 585 3407 ὀ
624 3355 1002 3424 ἀργυροκόπος
1041 3354 1262 3422 ἐποίησε
1296 3355 1628 3424 Δημήτριος,
1660 3358 1715 3409 ἐν
1758 3358 1865 3408 Κο-

300 3445 467 3513 ρίνθῳ
498 3445 554 3497 δὲ
583 3445 780 3513 ἕτεροι.
813 3446 906 3498 καὶ
941 3447 997 3497 ἐν
1057 3445 1450 3516 Ἰεροσολύμοις
1486 3449 1746 3510 Ἰουδαῖοι,
1778 3449 1863 3500 ὅτε

299 3539 393 3588 καὶ
426 3537 718 3605 Ῥωμαίοις
744 3537 835 3589 τὸν
891 3537 1099 3590 Παῦλον
1165 3538 1509 3607 παρέδωκαν..
1576 3540 1639 3592 Ἦ
1688 3539 1866 3594 τοίνυν

297 3627 406 3678 τῶν
441 3625 608 3677 ἐθνῶν
638 3625 868 3688 ἄϐυσσος
919 3626 1161 3696 ταραχῆς
1193 3627 1377 3696 φωνὴν
1398 3629 1587 3693 ἐδίδου,
1614 3631 1708 3682 καὶ
1733 3630 1866 3698 ῦψος

299 3716 596 3782 φαντασίας
640 3718 732 3769 καὶ
770 3717 1054 3786 ἑπάρσεως
1099 3718 1207 3770 τῶν
1237 3721 1607 3788 κηρυγμάτων
1644 3722 1810 3791 αὐτῆς
1847 3736 1863 3754 ο

299 3808 522 3876 ἐνόησαν
544 3806 600 3860 δέ
642 3825 783 3871 τινες
804 3809 896 3862 καὶ
925 3811 1022 3879 τὴν
1050 3810 1256 3878 πληθὺν
1284 3812 1390 3863 τῶν
1424 3813 1863 3866 πεπιστευκότων

297 3899 554 3964 ἄϐυσσον,
581 3900 654 3963 ὼς
684 3901 748 3954 ἐκ
778 3902 886 3954 τῶν
916 3902 1177 3971 ποταμῶν
1215 3903 1308 3956 καὶ
1336 3904 1444 3972 τῶν
1495 3905 1703 3957 ὑδάτων
1755 3905 1865 3957 τῶν

298 3992 556 4060 ἀνωτέρω
590 3992 862 4060 ῥηθέντων
890 3995 1181 4047 συστᾶσαν.
1218 3992 1362 4063 Αῦτη
1399 3993 1577 4046 τοίνυν
1607 3996 1640 4064 ἡ
1695 3996 1866 4048 ἄϐυσ-

302 4101 415 4145 σος,
445 4083 618 4136 καὶτὸ
637 4082 770 4152 ὕψος
794 4084 891 4153 τῆς
922 4084 1222 4153 φαντασίας
1253 4085 1446 4155 αὐτῆς.
1478 4086 1757 4139 τουτέστιν
1815 4089 1863 4140 οἱ

297 4179 358 4226 ἐν
388 4176 523 4246 αὐτῇ
556 4175 771 4244 ὑψηλοὶ,
806 4178 900 4230 καὶ
957 4177 1187 4229 πλούτου
1229 4179 1323 4230 καὶ
1358 4177 1515 4247 δόξης
1565 4179 1864 4248 φαντασίαν

297 4268 533 4334 ἔχοντες,
567 4267 775 4320 ἔδωκαν
816 4267 1021 4336 φωνὴν,
1059 4267 1449 4337 ὁμολογοῦντες
1502 4270 1596 4322 τὸν
1659 4269 1863 4342 Κύριον

299 4357 507 4427 Ἰησοῦν
529 4358 761 4428 Χριστὸν
779 4359 836 4412 ἐν
865 4357 944 4429 τῷ
967 4359 1193 4428 στόματι
1224 4360 1424 4413 αὐτῶν.

1985 505 2289 573 spiritualis
2320 518 2373 561 et
2413 512 2710 579 evangelici
2757 516 2900 566 verbi
2955 517 3164 584 gratiae.
3226 517 3358 571 Nam
3417 537 3556 589 aqua

1985 596 2360 660 profectionis,
2415 617 2519 668 qua
2584 602 2649 654 ad
2699 619 2800 655 nos
2855 620 3027 672 usque
3089 609 3404 677 unigvnitus
3467 612 3555 664 Ι)‹·ι

1984 687 2154 741 Filius
2213 691 2476 758 porrexit,
2533 691 2770 760 Spiritus
2829 696 2984 765 167
3036 711 3139 760 est,
3190 715 3352 767 quem
3409 701 3560 754 dedit

1984 780 2334 835 credentibus
2395 781 2448 835 in
2517 800 2595 837 se.
2655 786 2947 854 Postquam
3014 791 3181 852 igitur
3238 794 3369 845 varii
3422 803 3550 846 sunt

1983 871 2283 940 spiritualis
2312 873 2577 930 doetrinae
2621 880 2789 942 modi,
2830 895 2934 932 una
2988 895 3127 951 aqua
3176 885 3358 936 inulta:
3392 884 3548 950 ﬁniit,

1980 978 2102 1028 quae
2164 963 2499 1034 dispergitur
2554 983 2617 1020 ac
2682 971 2945 1023 dividitur
3005 974 3231 1027 cuilibet
3301 992 3398 1043 pro
3456 993 3555 1031 sua

1982 1058 2318 1114 habitudine.
2374 1059 2508 1114 Nam
2541 1060 2869 1114 divisionem
2897 1080 3020 1118 esse
3058 1064 3330 1118 donorum
3383 1069 3554 1122 disci-

1981 1168 2122 1213 mus,
2151 1154 2401 1207 eumdem
2431 1163 2613 1208 autem
2644 1154 2933 1222 Spiritum.
2965 1156 3168 1210 Deinde
3196 1161 3551 1226 proficiscens

1979 1244 2033 1297 in
2085 1244 2236 1299 vicos
2266 1255 2320 1298 et
2371 1244 2621 1300 civitates
2679 1245 2966 1311 Dominus,
3036 1264 3236 1316 aquam
3294 1251 3557 1303 doctrinae

1979 1337 2181 1404 sparsit
2225 1336 2330 1389 illis
2370 1335 2619 1405 profecto
2677 1339 2741 1390 ad
2794 1355 2930 1406 quos
2998 1340 3256 1392 (licebat:
3322 1342 3382 1396 Si
3438 1345 3555 1411 quis

1978 1428 2123 1489 sitit,
2184 1429 2357 1481 veniat
2417 1430 2485 1480 ad
2555 1445 2633 1482 me
2699 1439 2747 1482 et
2807 1432 2947 1482 bibat
3013 1432 3076 1484 τι.
3136 1431 3300 1486 Multi'
3353 1435 3554 1488 habent

1978 1532 2148 1586 aquas
2196 1520 2489 1583 sermonis,
2550 1520 2643 1574 sed
2695 1537 2804 1574 non
2856 1530 2984 1574 sunt
3035 1522 3415 1590 profectionis,
3454 1525 3546 1578 sed

1979 1619 2176 1670 status,
2237 1611 2510 1680 spirantes
2575 1613 2813 1664 \‘irosmn
2847 1615 3073 1667 odorem
3132 1626 3184 1670 et
3241 1617 3546 1670 invidiam:

1979 1703 2032 1755 in
2063 1703 2258 1772 seipsis
2284 1703 2428 1758 enim
2467 1704 2556 1756 isti
2593 1704 2793 1756 bonum
2833 1706 3051 1766 ltabeut,
3108 1709 3282 1773 ipsum
3321 1727 3431 1762 non
3489 1711 3543 1762 in

1972 1794 2107 1848 alios
2161 1795 2560 1860 diﬂ‘unelentes,
2648 1797 2740 1864 qui
2804 1809 2855 1849 et
2918 1799 3293 1852 assimiiautur
3351 1804 3396 1852 ei
3455 1804 3544 1870 qui

1969 1886 2228 1940 talentum
2285 1885 2587 1940 defozierat.
2635 1888 2801 1941 Porro
2852 1891 2940 1956 qui
2998 1891 3194 1941 bonum
3255 1891 3435 1954 habet,
3489 1903 3541 1944 et

1969 1979 2021 2033 in
2052 1981 2189 2035 alios
2231 1979 2480 2042 eﬂ'undit,
2545 1982 2590 2034 is
2640 1996 2810 2048 aquas
2876 1982 3227 2048 profectionis
3276 1984 3458 2041 habet.
3497 1993 3552 2035 et

1968 2071 2164 2126 similis
2220 2081 2325 2134 est,
2358 2073 2450 2142 qui
2509 2073 2622 2140 (48)
2679 2074 3059 2125 nummulariis
3092 2075 3352 2125 talentum
3388 2091 3547 2126 suum

1969 2162 2361 2232 locat,quique
2415 2162 2810 2229 epulcntiorem
2866 2164 3147 2215 domimuu
3198 2178 3357 2214 suum
3396 2163 3546 2214 facit.

2037 2255 2270 2323 Abyssus
2332 2253 2476 2307 dedit
2537 2270 2708 2307 vocem
2773 2271 2947 2317 suam,
3005 2257 3056 2306 in
3109 2256 3395 2306 altitudine
3451 2271 3548 2322 ap-

1966 2347 2248 2413 paritionis
2321 2362 2452 2399 suae.
2519 2347 2828 2400 Permansit
2894 2346 2945 2398 in
3010 2357 3294 2414 assumpto
3363 2355 3542 2415 tropo,

1968 2454 2341 2508 sensuumque
2395 2439 2840 2493 consecutionem
2906 2439 3243 2492 observavit.
3297 2437 3544 2491 Flumina

1967 2531 2109 2584 enim
2135 2539 2517 2585 sacrosanctos
2541 2531 2818 2598 apostolos
2840 2529 3148 2596 appellans,
3181 2542 3327 2581 mare
3357 2537 3547 2595 gentes

1972 2624 2242 2686 nominat,
2305 2622 2707 2674 incredulitatis
2738 2621 3160 2672 auiarulentiam
3216 2620 3541 2671 retinentes.

1967 2711 2196 2767 Perinde
2227 2729 2356 2782 ergo
2406 2721 2463 2765 ut
2492 2711 2778 2764 fluviorum
2810 2712 2866 2764 in
2897 2711 3117 2778 pelagus
3150 2709 3541 2776 ingruentium,

1966 2805 2468 2866 exonerantiumve,
2499 2806 2690 2872 ingens
2717 2804 2928 2856 sonitus
2954 2812 3006 2854 et
3024 2799 3294 2868 ‘sttepitus
3330 2800 3533 2862 editur,

1968 2898 2192 2950 marinis
2298 2896 2552 2949 ﬂuctibus
2637 2893 3018 2948 cohibentibus
3116 2891 3540 2958 arcentilnisque

1968 2988 2229 3040 insultum
2284 2993 2337 3040 et
2387 2984 2869 3037 influxum:hunc
2927 2982 2992 3035 ad
3057 2982 3273 3034 molitm
3330 2982 3530 3035 divinis

1968 3079 2230 3147 apostolis
2254 3087 2440 3146 gentes
2471 3075 2960 3135 circumeuntibus,
2994 3075 3340 3142 salutareque
3365 3071 3544 3124 Evan-

1967 3168 2088 3238 gelii
2127 3167 2329 3222 Christi
2384 3167 2714 3236 praeconium
2781 3167 3159 3228 adercntibus,
3239 3166 3408 3218 turba:
3441 3165 3538 3218 ad-

1969 3275 2184 3313 versum
2217 3260 2363 3327 ipsos
2397 3261 2774 3319 movebantur,
2829 3267 2882 3312 et
2917 3258 3213 3312 seditiones
3249 3257 3317 3311 ab
3347 3255 3538 3311 intide-

1970 3351 2110 3403 libus
2155 3349 2287 3417 ipsis
2356 3349 2863 3402 contradicentibus
2920 3351 3373 3417 cxstiugucreque
3416 3356 3538 3401 ten~

1969 3436 2213 3489 tantibus
2272 3435 2428 3490 istam
2489 3439 3028 3505 promulgationem:
3078 3438 3535 3504 quemadmodum

1969 3527 2164 3595 Ephesi
2198 3528 2542 3596 argentarius
2581 3527 2887 3582 Demetrius
2923 3527 3074 3589 fecit,
3111 3527 3355 3581 Corinthi
3407 3544 3536 3581 vero

1969 3621 2080 3682 alii,
2117 3629 2168 3674 et
2200 3618 2592 3689 Hierosolymis
2630 3619 2824 3684 Judaei,
2880 3619 3096 3689 quando
3155 3631 3207 3673 et
3270 3619 3534 3675 Romanis

1971 3712 2191 3765 Paulum
2231 3711 2590 3765 tradiderunt.
2651 3712 2762 3780 (49)
2822 3712 3053 3765 Proinde
3088 3712 3320 3781 ahyssus
3350 3713 3535 3765 turbae

1967 3803 2130 3857 tionis
2156 3805 2421 3873 gentium,
2463 3803 2627 3857 dabat
2687 3804 3029 3858 altitudinem
3096 3803 3451 3873 apparitionis
3478 3814 3534 3857 et

1965 3894 2286 3948 elevationis
2325 3894 2585 3948 ﬂuctuum
2619 3895 2758 3964 ejus.
2815 3895 3044 3965 Quidam
3092 3896 3200 3958 hic,
3254 3911 3347 3965 per
3382 3896 3536 3964 abys-

1967 4002 2110 4048 sum,
2141 3987 2540 4040 multitudinem
2570 3987 2909 4040 credentium
2944 3997 3296 4056 aeceperuut,
3357 4004 3387 4043 e
3443 3988 3537 4041 llu-

1968 4077 2210 4132 miuibus
2271 4086 2325 4131 et
2367 4078 2526 4146 aquis
2556 4078 2891 4146 supradictis
2937 4081 3349 4133 consistentem.
3413 4079 3532 4149 Ipsa

1967 4169 2131 4237 igitur
2163 4168 2397 4238 abyssus
2427 4175 2481 4221 et
2535 4168 2766 4221 altitudo
2829 4170 3192 4238 apparitionis
3249 4170 3390 4237 ejus,
3430 4171 3532 4224 hoc

1964 4268 2068 4324 est,
2099 4259 2193 4312 alti
2226 4259 2279 4312 in
2313 4259 2456 4327 ipsa,
2486 4267 2539 4312 et
2573 4257 2889 4311 divitiarum
2945 4267 3000 4313 et
3045 4260 3230 4327 gloria:
3266 4271 3317 4313 et
3347 4270 3534 4314 aucto-

1964 4355 2140 4408 ritatis
2171 4363 2452 4422 aspectum
2501 4353 2785 4413 habentes,
2826 4353 3092 4406 dederunt
3126 4369 3335 4418 vocem,
3367 4356 3534 4409 conli-

1896 4433 1943 4492 υ
1975 4453 2151 4500 tentes
2185 4444 2468 4498 Dominum
2500 4443 2681 4498 Jesum
2713 4444 2993 4498 Christum
3030 4459 3123 4498 ore
3158 4460 3276 4498 suo.

380 4532 636 4600 ἐπήρθη
704 4535 737 4586 ὁ
785 4533 978 4600 ἣλιος,
1033 4533 1130 4586 καὶ
1166 4535 1204 4601 ἠ
1247 4534 1480 4602 σελήνη
1516 4536 1663 4604 ἔστη
1696 4537 1765 4592 ἐν
1789 4538 1862 4607 τῇ

293 4623 460 4687 τάξει
487 4624 676 4692 αὐτῆς
697 4627 784 4691 εις
807 4624 952 4694 φῶς.
1005 4625 1063 4678 '0
1109 4626 1208 4695 τῆς
1266 4626 1616 4699 δικαιοσύνης
1674 4629 1861 4692 Ἥλιος

295 4717 509 4785 ἐπήρθη
541 4716 596 4769 ἐν
624 4715 702 4786 τῷ
735 4717 970 4788 σταυρῷ,
996 4718 1089 4770 καὶ
1108 4719 1203 4782 νὺξ
1229 4719 1460 4785 ἐγένετο,
1477 4720 1564 4773 ὅτε
1596 4721 1629 4790 ή
1666 4722 1860 4793 σελήνη

293 4813 409 4879 ἔχει
458 4809 609 4873 τάξιν
636 4809 941 4876 φαίνεσθαι.
987 4810 1056 4862 Ἦ
1085 4811 1166 4863 ὅτι
1197 4810 1290 4863 τοῦ
1341 4812 1548 4884 Κυρίου
1595 4831 1858 4884 σταυρου-

299 4905 484 4972 μένου,
515 4905 548 4973 ἡ
570 4903 627 4969 ἐξ
659 4902 828 4957 ἐθνῶν
854 4903 1149 4974 Ἐκκλησία
1175 4905 1468 4975 ἀνέλαμψε,
1501 4906 1596 4959 καὶ
1644 4907 1771 4978 ἔστη
1805 4910 1864 4960 ἐν

298 4992 448 5056 τάξει
484 4993 653 5061 αὐτῆς
687 4994 766 5056 είς
787 4994 900 5061 φῶς
935 5009 949 5024 ⁸
972 4995 1237 5055 τουτέστι.
1274 4996 1591 5064 πλησιφαὴς
1645 4998 1860 5066 γέγονε,

295 5084 393 5153 τὴν
424 5085 577 5149 τάξιν
601 5086 845 5149 σώζουσα
867 5085 962 5139 τοῦ
989 5087 1117 5138 ἰδίου
1145 5086 1367 5141 κύκλου.
1400 5088 1468 5140 Ὀ
1509 5105 1567 5142 τε
1597 5089 1705 5160 γὰρ
1731 5091 1860 5142 ἑκα-

298 5178 592 5245 τόνταρχος
650 5177 859 5240 ἐθνικὸς
890 5178 987 5242 ῶν,
1046 5179 1171 5232 Υίδν
1222 5179 1357 5233 Θεοῦ
1407 5179 1725 5250 ὡμολόγησε
1767 5181 1860 5234 τὸν

300 5266 720 5336 σταυρούμενον,
757 5268 850 5321 καὶ
880 5270 928 5321 oi
947 5269 1044 5323 σὺν
1073 5268 1221 5340 αὖτῷ
1244 5270 1416 5333 ὄντες.
1445 5271 1555 5324 Καὶ
1593 5274 1621 5324 ό
1657 5271 1859 5341 Κύριος

371 5423 415 5452 ⁷⁸
441 5421 598 5477 Joan.
629 5437 724 5489 vu,
753 5422 841 5478 57.

2042 4535 2201 4591 Vens.
2264 4537 2348 4589 Η.
2411 4535 2655 4589 Eleuatus
2706 4544 2781 4588 est
2846 4537 2947 4597 sol,
3007 4547 3053 4588 ct
3092 4538 3220 4589 luna
3281 4541 3421 4589 stetit
3480 4539 3531 4589 in

1968 4631 2149 4684 ordine
2191 4647 2286 4683 suo
2334 4628 2404 4681 ad
2456 4629 2648 4680 lumen.
2687 4626 2777 4680 Sol
2824 4627 3049 4695 justitize
3095 4629 3145 4681 in
3197 4629 3361 4681 altum
3400 4630 3532 4682 suit-

1967 4724 2109 4777 lalus
2139 4723 2302 4777 estin
2331 4736 2513 4780 cruce.
2561 4729 2616 4773 et
2670 4734 2776 4772 nox
2830 4719 2971 4772 facta
3022 4731 3124 4775 est.
3175 4721 3226 4772 in
3265 4735 3369 4787 qua
3404 4721 3528 4772 l-una

1968 4815 2213 4868 ordinem
2274 4828 2431 4866 suum
2495 4812 2723 4874 obtinet,
2794 4822 2852 4864 ut
2915 4812 3087 4864 luceat
3156 4830 3168 4863 :
3235 4812 3349 4864 sive
3384 4811 3528 4878 quod

1967 4909 2194 4965 Domino
2220 4908 2479 4962 crucitixo
2523 4923 2588 4960 ex
2625 4908 2874 4976 gentibus
2920 4906 3160 4960 Ecclesia
3208 4907 3442 4969 refulsit,
3474 4916 3528 4958 et

1965 5001 2115 5056 stetit
2147 5000 2199 5053 in
2237 5000 2426 5053 ordine
2481 5015 2580 5052 suo
2623 4999 2689 5051 ad
2733 5002 2937 5061 lumen,
2991 4999 3090 5051 hoc
3138 4999 3529 5066 est,‘proxime

1963 5092 2151 5147 lucens
2186 5091 2454 5159 apparuit,
2518 5105 2744 5144 servans
2791 5090 3034 5142 ordinem
3097 5091 3299 5158 proprii
3355 5091 3527 5143 orbis.

1967 5182 2056 5236 Sic
2085 5180 2335 5235 centurio
2382 5181 2599 5248 gentilis
2628 5181 2899 5234 exsistens
2933 5179 3127 5232 Filium
3159 5179 3248 5231 Dei
3305 5180 3526 5233 confes-

1965 5289 2058 5328 sus
2117 5283 2199 5326 est
2252 5272 2596 5335 crucilixum,
2626 5279 2679 5325 et
2705 5273 2794 5340 qui
2823 5287 2943 5326 cum
2979 5273 3096 5341 ipso
3132 5271 3305 5326 erant.
3330 5269 3447 5324 Jam
3473 5279 3527 5327 et

1497 5546 1688 5608 Vat-is)
1719 5547 2023 5610 lectiones
2055 5555 2115 5610 et
2155 5555 2340 5609 notre.

371 5667 480 5729 (i8)
506 5665 565 5719 Ei
590 5667 700 5735 qui,
733 5677 840 5721 etc.

374 5737 745 5807 twﬂicntium
782 5738 955 5806 itaque
1001 5741 1216 5807 abyssus
1311 5739 1443 5792 roris
1502 5740 1853 5796 lttrbatiomnt

1965 5673 2123 5746 itabat
2155 5715 2166 5733 ,
2219 5683 2266 5724 et
2319 5672 2648 5723 abituriiurnt
2706 5671 3128 5738 inmginatiunis,
3178 5673 3520 5746 elatiunisqut

1968 5745 2399 5799 tn'it'tlit'ationum
2443 5745 2570 5802 ejus.
