4226 6438
269 407 379 465 (ωτι

946 406 1353 468 EXPOSITIO
1392 407 1474 469 ΙΝ
1509 407 1977 468 PROPIIETAM
2010 410 2384 471 IMBMIUC.
2426 437 2481 448 -
2519 414 2673 475 CAP.
2717 414 2830 474 ῐῐῐ.

3430 416 3527 477 $91

273 539 354 589 τῳ
382 521 481 590 τῆς
514 518 893 584 ἀγαλλιάσεως
926 521 1112 590 ἐλαίῳ,
1261 520 1563 590 Πνεύματι.
1625 524 1695 575 *ιι
1754 524 1853 591 τὴν
1885 524 1930 578 Α

1885 524 1930 578 Α
1958 526 2364 587 exsultatiuuis,
2404 524 2610 593 Spiritu
2678 542 2873 595 nempe
2929 536 3137 580 sancto.
3173 526 3267 582 Vel
3301 547 3526 586 causam

270 612 457 665 αἰτίαν
493 613 691 679 ἐπάγει
716 612 807 664 τοῦ
841 613 1171 683 όλιγωθῆναι
1215 614 1275 665 τὸ
1315 616 1512 682 γεηρδν
1571 616 1846 685 φρόνημα.

272 707 373 759 Διὰ
402 706 562 758 τοῦτο
583 706 713 774 γάρ,
739 706 924 776 φησὶν,
944 706 1229 774 όλιγὼσεις
1254 710 1354 777 τὴν
1409 707 1535 775 γῆν,
1575 708 1708 761 διότι
1761 709 1852 761 ἐπὶ

271 798 450 869 τούτῳ
478 796 725 868 ἐξῆλθες,
759 799 847 851 ἴνα
885 798 1090 869 σὼσῃς.
1121 798 1330 861 ’Δλλως
1355 798 1411 850 δὲ
1444 799 1543 852 οὐκ
1580 793 1647 868 ἦν
1679 799 1853 868 σωθῆ-

272 910 383 957 ναι,
414 893 461 944 εί
495 891 574 962 μὴ
610 892 668 944 αί
696 892 874 960 γήϊνοι
908 890 1133 961 πράξεις
1159 888 1535 959 ὠλιγὼθησαν.

352 1068 605 1133 Ἕόαλες
655 1068 741 1133 είς
792 1066 1064 1136 κεφαλὰς
1108 1066 1350 1135 ἀνόμων
1389 1064 1670 1119 θάνατον.
1715 1064 1854 1127 Τοὺς

276 1160 383 1228 μὲν
409 1158 829 1225 πιστεύσαντας,
865 1157 1022 1227 φησὶ.
1046 1158 1137 1211 καὶ
1170 1157 1424 1227 χριστοὺς
1447 1156 1544 1210 καὶ
1589 1158 1852 1227 μετόχους

273 1251 625 1320 γενομένους,
662 1250 875 1313 ἔσωσας
899 1265 913 1280 °
948 1251 1029 1311 είς
1079 1249 1136 1303 δὲ
1165 1252 1263 1312 τὰς
1308 1249 1419 1302 τῶν
1461 1249 1679 1319 ἀνόμων
1720 1250 1854 1303 ’1ου-

270 1343 442 1395 διίιιιν
497 1342 761 1410 κεφαλὰς,
824 1340 1070 1394 τουτέστι
1125 1341 1252 1404 τοὺς
1292 1342 1557 1410 ἄρχοντας
1597 1343 1691 1393 καὶ
1722 1359 1855 1411 προ-

273 1435 521 1501 έχοντας,
549 1435 777 1487 θάνατον
801 1433 1016 1498 ἔϐαλες,
1051 1431 1136 1485 διὰ
1162 1432 1269 1485 τῶν
1335 1433 1629 1503 Ῥωμαίων
1656 1432 1853 1495 αὐτοὺς

271 1522 690 1593 ἐξολοθρεύσας.

359 1612 703 1681 Ἐξήγειρας
752 1610 1016 1681 δεσμοὺς
1049 1611 1160 1678 ἕως
1186 1610 1493 1680 τραχήλου
1540 1612 1627 1678 εἷς
1654 1611 1849 1677 τέλος.

272 1703 587 1769 Τουτέστιν,
621 1703 853 1773 Ἐδησας
883 1704 1079 1767 αὐτοὺς
1107 1706 1226 1766 ταῖς
1266 1702 1375 1756 τῶν
1418 1703 1633 1756 οίκείων
1672 1705 1854 1774 ἁμαρ-

270 1795 539 1863 τημάτων
601 1798 831 1864 σειραῖς,
884 1795 945 1847 οὐ
1004 1795 1247 1865 μερικῶς
1285 1794 1849 1864 κατασφιγγομέιους,

272 1887 394 1940 ἀλλ’
424 1883 534 1940 οἷον
564 1887 632 1941 δι’
655 1887 777 1941 ὅλου
809 1886 903 1940 τοῦ
934 1886 1208 1957 σώματος,
1271 1888 1365 1941 κα)⁸
1398 1888 1505 1949 ἕως
1553 1887 1848 1957 τραχήλου.

273 1981 344 2033 Ai
376 1980 487 2049 γὰρ
538 1980 803 2051 ἁμαρτίαι
846 1979 1025 2033 αὐτῶν
1068 1979 1439 2050 ἐξεγερθεϊσαι
1488 1980 1608 2032 κατ’
1647 1980 1851 2042 αὐτῶν,

270 2075 364 2126 ὅτε
391 2072 671 2144 ἠϐουλήθη
702 2072 856 2139 Θεὸς,
883 2073 1083 2143 ἔδησαν
1119 2072 1338 2138 αὐτοὺς,
1369 2072 1463 2126 καὶ⁵
1509 2071 1855 2143 ὑποχειρίους

286 2165 583 2235 Ῥωμαίοις
636 2165 940 2235 ἐποίησαν,
1005 2162 1146 2217 ὥστε
1198 2164 1472 2234 τράχηλον
1523 2164 1706 2218 αὐτῶν
1765 2164 1857 2217 τὸν

273 2255 589 2326 ἐπηρμένον
623 2253 1032 2321 ταπεινωθῆναι
1059 2254 1154 2307 καὶ
1180 2253 1623 2322 συντελεσθῆναι.
1685 2250 1859 2305 Τοῦτο

274 2341 386 2412 Ti?
407 2342 661 2410 σημαίνει
685 2341 765 2406 τὸ,
796 2342 898 2407 Εἰς
926 2345 1123 2407 τέλος.
1149 2342 1273 2394 Εἰσὶ
1302 2342 1398 2395 καὶ
1414 2342 1747 2410 ἀγαπήσεως
1768 2340 1859 2394 δε-

281 2434 435 2501 spei,
460 2432 555 2496 οὒς
586 2435 699 2497 τοῖς
732 2433 1082 2487 πιστεύουσιν
1111 2432 1423 2487 ἐπιϐάλλων
1449 2434 1477 2486 ὁ
1503 2435 1727 2503 Κύριος,
1764 2432 1859 2486 τὸν

274 2524 550 2594 τράχηλον
575 2522 776 2584 αὐτῶν,
806 2521 886 2594 τῷ
911 2522 1097 2592 οἰκείῳ
1117 2521 1266 2592 ζυγῷ
1294 2522 1513 2590 ἐπάγει.
1573 2522 1859 2593 Ἐξήγειρς

274 2617 335 2668 δέ
366 2618 464 2669 καὶ
494 2615 687 2679 ἄλλους
712 2613 947 2685 δεσμοὺς
979 2616 1007 2668 ό
1026 2616 1260 2685 Χριστὸς
1321 2615 1466 2668 κατὰ
1526 2614 1621 2667 τοῦ
1667 2613 1861 2677 Ἰούδα,

275 2708 372 2771 οὓς
402 2707 480 2779 τῷ
504 2705 668 2761 αὐτοῦ
698 2707 953 2778 τραχήλῳ
977 2707 1218 2777 περιθεὶς
1245 2699 1423 2770 οὗτος,
1450 2706 1603 2771 τέλος
1638 2701 1765 2776 εὗρε
1794 2706 1861 2759 δι’

275 2801 535 2873 ἀγχόνης.

358 2894 653 2961 Διέκοψας
718 2893 789 2947 ἐν
850 2891 1140 2946 ἐκστάσει
1198 2889 1467 2960 κεφαλὰς
1507 2888 1860 2944 δυναστῶνο

276 2982 716 3049 σεισθήσονται
772 2982 842 3036 ἐν
896 2980 1071 3049 αὐτῇ.
1124 2980 1512 3043 Διανοίξουσι
1573 2978 1864 3048 χαλινοὺς

275 3074 501 3139 αὐτῶν,
529 3074 610 3140 ὡς
650 3076 684 3128 ό
732 3074 955 3129 ἐσθίων
990 3074 1230 3141 πτωχὸς
1281 3071 1492 3139 λάθρα.
1529 3072 1865 3134 Ἔκστασιν,

1958 614 2217 677 adducit,
2298 632 2399 669 cur
2470 619 2745 672 terrestris
2811 619 3099 683 prudentia
3163 623 3526 679 dimiuuatur.

1959 706 2271 776 PrOpterea,
2309 708 2505 776 inquit,
2563 708 2722 777 169
2780 710 3073 765 imminues
3117 724 3341 780 terram,
3379 717 3525 783 quod

1953 811 2071 849 eam
2107 798 2177 850 ob
2220 811 2441 849 causam
2492 798 2694 851 exieris
2739 809 2797 851 ιιι
2837 816 3106 856 servares.
3168 806 3342 858 Aliter
3381 807 3525 858 eui-u

1956 904 2173 943 servare
2204 889 2423 952 licebat,
2460 889 2511 942 ni
2553 896 2782 944 terrena!
2814 908 2901 947 res
2955 894 3189 962 primum
3225 897 3529 949 imminuta:

1953 990 2153 1037 essmit.

2027 1073 2309 1141 Profecisti
2348 1076 2401 1129 in
2441 1078 2615 1142 capita
2658 1079 2954 1145 iniquorum
3002 1089 3240 1133 mortem.
3295 1081 3399 1133 Eos
3439 1084 3530 1149 qui

1954 1166 2323 1232 crediderunt,
2353 1168 2551 1237 inquit,
2585 1179 2638 1223 et
2682 1181 2871 1222 unctos
2901 1182 2950 1224 et
2985 1172 3286 1240 participes
3321 1173 3517 1233 factus,

1955 1258 2209 1311 servasti.
2247 1256 2301 1310 In
2337 1258 2649 1327 iniquorum
2677 1276 2805 1314 vero
2838 1259 3147 1315 Iudaeorum
3182 1266 3385 1331 capita,
3430 1266 3535 1318 huc

1954 1358 2058 1407 est,
2089 1348 2141 1400 in
2180 1347 2454 1416 principes
2493 1358 2545 1401 et
2570 1352 2962 1405 eminentiores
2993 1364 3222 1406 mortem
3254 1354 3531 1423 jaculatus

1954 1450 2035 1499 es,
2066 1450 2162 1505 per
2198 1434 2477 1491 Romanos
2507 1439 2599 1507 qui
2622 1453 2717 1492 eos
2750 1440 3120 1507 perdiderunt.

2026 1612 2292 1665 Excitain
2330 1613 2539 1667 vincula
2572 1630 2733 1683 usque
2765 1614 2836 1667 ad
2860 1617 3052 1669 collum
3087 1618 3138 1670 in
3183 1619 3360 1686 ﬁnem.
3418 1616 3532 1671 lloc

1954 1710 2060 1764 est,
2099 1702 2281 1771 ligasti
2340 1702 2528 1771 iniqua
2574 1700 2886 1757 Iudaeorum
2936 1708 3113 1773 capita
3181 1708 3529 1777 propriorum

1956 1802 2300 1861 peccatorum
2333 1793 2561 1855 catenis,
2603 1808 2709 1847 non
2759 1795 2833 1847 ita
2891 1795 3107 1864 quidem
3149 1805 3204 1850 ut
3260 1814 3326 1852 ex
3385 1809 3535 1868 parte

1955 1885 2116 1939 cincti
2146 1893 2352 1946 essent,
2389 1899 2576 1937 verum
2608 1894 2665 1937 ut
2706 1901 2803 1954 per
2843 1893 3013 1939 totum
3044 1902 3243 1957 corpus
3277 1898 3330 1942 et
3361 1904 3535 1958 usque

1956 1976 2023 2028 ad
2056 1976 2346 2030 cervicem.
2375 1973 2509 2028 Nam
2538 1985 2757 2045 peccata
2792 1978 3033 2047 ipsorum
3070 1980 3307 2033 excitata
3336 1992 3534 2038 contra

1959 2068 2129 2135 ipsos,
2164 2066 2385 2137 quando
2420 2066 2565 2121 Deus
2595 2068 2784 2135 voluit,
2818 2070 3057 2138 ligarunt
3090 2071 3260 2140 ipsos,
3290 2075 3425 2128 adeo
3478 2086 3535 2130 ut

1958 2157 2221 2213 Romanis
2262 2159 2409 2228 ipsos
2459 2159 2761 2228 subjiceres
2805 2160 2941 2229 (50),
2993 2174 3054 2213 ut
3098 2164 3281 2217 cervix
3343 2179 3534 2219 eorum

1957 2252 2096 2305 elata
2128 2250 2509 2304 humiliaretur
2561 2249 3050 2319 contlcereturque.
3088 2250 3201 2307 Hoc
3269 2257 3412 2310 enim
3450 2260 3531 2312 si-

1960 2341 2201 2412 gniﬁcat,
2241 2342 2504 2412 quodait,
2566 2341 2648 2394 Ad
2711 2342 2892 2412 ﬁnem.
2952 2340 3091 2396 Sunt
3147 2353 3199 2398 et
3251 2346 3541 2404 cbaritatis

1961 2432 2202 2497 vincula,
2227 2447 2348 2502 qua:
2372 2429 2725 2485 credentibus
2758 2429 3014 2498 injiciens
3047 2429 3329 2495 Dominus,
3360 2436 3540 2487 cervi-

1962 2544 2077 2583 cem
2101 2529 2346 2598 ipsorum
2389 2528 2615 2596 proprio
2644 2527 2777 2596 jugo
2836 2525 3133 2581 submittit.
3187 2525 3457 2578 Excitavit
3486 2534 3540 2578 et

1964 2621 2069 2675 alia
2096 2620 2309 2675 vincula
2338 2620 2592 2674 Christus
2645 2618 2911 2672 adversus
2960 2618 3177 2676 Judam,
3244 2632 3365 2685 quae
3421 2633 3536 2671 sua:

1965 2714 2161 2770 cervici
2193 2715 2619 2783 circumponens
2650 2712 2763 2779 ille,
2800 2713 2959 2766 tinem
2993 2711 3197 2781 reperit
3233 2722 3328 2781 per
3359 2720 3540 2765 stran-

1964 2807 2317 2875 gulationem.

2036 2895 2204 2951 Vens.
2237 2897 2319 2951 M.
2351 2896 2660 2963 Diapsalma
2693 2898 2830 2969 (5|).
2867 2898 3164 2966 Amputain
3180 2898 3231 2951 in
3257 2896 3543 2965 defectione

1967 2991 2143 3056 capita
2169 2989 2483 3055 potentium,
2517 2991 2880 3043 concutientur
2912 2992 2966 3043 in
3000 2992 3137 3060 ipsa.
3165 2990 3409 3058 Aperient
3435 2988 3541 3057 fre-

1969 3097 2063 3134 nos
2090 3097 2235 3142 suos,
2272 3091 2525 3149 tanquam
2574 3081 2840 3135 mendicus
2904 3082 3186 3135 'lancui'um
3240 3081 3539 3134 comedens.

281 3168 440 3237 φησι,
473 3166 807 3220 πεπόνθασιν
837 3167 886 3220 οι
912 3164 1175 3219 δυνάσται
1201 3164 1293 3218 τοῦ
1333 3164 1570 3234 Ἰσραὴλ,
1631 3165 1859 3219 ἐκστάν·
1888 3190 1934 3252 c

1888 3190 1934 3252 ς
1969 3172 2277 3240 Stuporem,
2311 3172 2509 3239 inquit,
2542 3180 2595 3226 et
2626 3171 2990 3228 defectionem
3043 3174 3325 3239 patiuntur
3357 3182 3546 3240 poten-

276 3276 373 3322 τες
422 3257 517 3311 τοῦ
566 3256 727 3328 ὀρθοῦ
785 3258 1152 3327 φρονήματος,
1196 3254 1291 3309 καὶ⁸
1351 3256 1719 3324 λυττήσαντες
1760 3256 1856 3309 καὶ

283 3349 549 3420 μανέντες
572 3346 715 3401 κατὰ
741 3346 859 3399 σοῦ.
901 3345 1000 3399 Διὰ
1026 3344 1186 3398 τοῦτο
1217 3341 1312 3398 οὖν
1351 3344 1609 3413 διέκοψας
1656 3345 1857 3408 αὐτοὺς

277 3444 389 3497 άπδ
413 3441 513 3510 τῆς
538 3441 634 3509 σῆς
654 3438 1008 3509 οἰκειότητος,
1040 3436 1218 3491 καίτοι
1273 3435 1468 3508 πρώην
1507 3438 1700 3508 μερίδα
1757 3438 1859 3508 σὴν

279 3536 465 3597 ὂντας.
498 3534 594 3595 Ἦ.
618 3534 698 3586 ὅτι
726 3530 1126 3601 Διισκόρπισας
1155 3530 1316 3584 ἄλλον
1342 3528 1628 3601 ἀλλαχόσε.
1688 3528 1860 3584 Τοῦτο

282 3628 380 3680 καὶ
410 3625 576 3679 Δαϐίό
620 3640 789 3694 φησι·
829 3623 1185 3692 Διαμέρισον
1224 3621 1445 3688 αὐτοὺς
1495 3624 1565 3675 ἐν
1610 3621 1684 3690 τῇ
1746 3620 1860 3689 ζωῇ

283 3716 504 3771 αὐτῶν.
559 3717 799 3780 Εἰκότως
859 3716 915 3769 δὲ
944 3718 999 3770 al
1046 3716 1279 3784 κεφαλαὶ
1306 3716 1485 3770 αὐτῶν
1536 3716 1590 3770 ai
1648 3715 1741 3769 τοῦ
1766 3715 1859 3769 νοῦ

286 3807 590 3881 χιιιρητικαὶ
617 3807 946 3876 διεκόπησαν
968 3806 1077 3859 άπὸ
1116 3806 1217 3872 τῆς
1255 3805 1390 3874 πρὸς
1412 3805 1505 3858 τὸν
1554 3806 1725 3871 Λόγον
1780 3806 1860 3858 οἰ-

286 3901 586 3968 κειότητος,
609 3899 692 3952 ὅτι
722 3898 797 3969 μὴ
819 3896 963 3951 κατὰ
990 3897 1148 3964 λόγον
1170 3897 1501 3968 ἐφρόνησαν,
1546 3898 1682 3952 ἀλλὰ
1728 3899 1863 3969 μᾶλ-

287 3996 380 4046 λον
401 3992 480 4062 τῷ
508 3993 651 4062 λόγῳ
675 3990 1074 4058 ἐπανέστησαν.
1098 3989 1188 4049 Ἢ.
1219 3990 1301 4041 ὃτι
1329 3990 1544 4058 Σημεῖα
1575 3990 1669 4042 σοῦ
1702 3993 1861 4060 ποιή-

290 4106 514 4154 σαντος,
546 4088 924 4158 ἐκστήσονται,
966 4087 1060 4139 καὶ
1096 4085 1317 4154 σεισμὸν
1346 4085 1620 4138 πείσονται
1658 4103 1864 4157 ταρασ-

292 4186 535 4253 σόμενοι,
570 4181 663 4235 καὶ
708 4180 1151 4249 διακοπὴσονται,
1212 4180 1261 4231 οἱ
1315 4179 1412 4248 μὲν
1458 4179 1731 4248 λέγοντες,
1781 4181 1865 4234 ὅτι

293 4274 502 4341 Πλανᾷ
534 4274 640 4327 τόν
664 4273 850 4342 ὄχλον
870 4287 883 4300 °
918 4271 1068 4325 ἄλλοι
1096 4270 1175 4334 δὲ,
1203 4272 1283 4323 ὅτι
1302 4269 1599 4325 Οὐδέποτε
1640 4271 1865 4339 ἐλάλη-

291 4383 409 4421 σεν
431 4366 760 4434 ἄνθρωπος,
789 4364 869 4425 ὡς
894 4358 1072 4427 οὗτος
1104 4364 1136 4415 ὁ
1165 4361 1494 4428 ἅνθρωπος.
1519 4362 1718 4431 Κρύερα
1744 4362 1869 4432 μὲν-

291 4479 377 4514 τοι
394 4461 451 4513 αἱ
477 4458 731 4527 κεφαλαὶ,
757 4458 806 4508 οἱ
838 4456 1097 4526 ἄρχοντες
1135 4454 1609 4522 καταγογγύσουσί
1645 4471 1761 4517 σου,
1787 4454 1867 4508 δι-

1965 3270 2043 3317 tes
2075 3262 2314 3327 lsraelis,
2348 3262 2667 3317 deﬁcientes
2700 3278 2728 3317 a
2764 3273 2907 3317 recta
2956 3262 3264 3332 prudentia,
3300 3261 3542 3316 furentes

1963 3361 2018 3407 et
2042 3353 2379 3407 insanientes
2405 3354 2695 3409 adversum
2734 3362 2786 3407 te
2818 3371 2833 3410 :
2862 3368 2981 3407 eam
3042 3353 3114 3407 ob
3146 3369 3258 3406 rem
3302 3351 3544 3406 resecui-

1968 3446 2035 3499 sti
2074 3459 2169 3500 eos
2199 3460 2227 3499 a
2260 3451 2351 3497 tua
2387 3446 2740 3516 proprietate,
2766 3459 2795 3498 a
2823 3455 2916 3499 tuo
2966 3444 3087 3512 jure
3120 3444 3257 3510 (52),
3291 3459 3413 3496 cum
3450 3457 3546 3495 an~

1967 3543 2049 3589 tea
2076 3551 2202 3605 pars
2231 3545 2323 3589 tua
2358 3545 2562 3592 essent.
2594 3535 2691 3592 Vel
2718 3538 2861 3603 quod
2894 3537 3060 3591 alium
3112 3537 3220 3591 alio
3270 3537 3548 3606 disperse-

1967 3627 2060 3687 t'is,
2097 3628 2149 3681 id
2176 3628 2319 3696 quod
2353 3628 2522 3681 David
2556 3629 2631 3681 ait
2678 3644 2691 3682 :
2725 3628 3027 3696 Dispartias
3050 3645 3136 3681 eos
3164 3628 3216 3680 in
3253 3628 3358 3680 vita
3398 3626 3543 3694 ipso-

1966 3734 2084 3771 rum
2121 3718 2185 3773 ”.
2218 3717 2335 3772 Non
2360 3719 2632 3774 immerito
2656 3728 2836 3773 autem
2879 3720 3053 3788 capita
3086 3719 3329 3787 ipsorum
3383 3718 3547 3771 intel-

1967 3811 2141 3865 lectus
2170 3813 2411 3879 capacia.
2447 3821 2655 3865 resecta
2716 3822 2843 3866 sunt
2875 3827 2903 3864 a
2952 3810 3237 3869 societate,
3268 3825 3387 3879 quae
3438 3809 3548 3862 illis

1968 3922 2089 3961 cum
2125 3906 2302 3961 Verbo
2357 3905 2475 3966 fuit,
2506 3911 2765 3975 quoniam
2841 3920 2940 3973 pro
2981 3905 3161 3959 Verbo
3216 3920 3320 3957 nun
3351 3918 3548 3972 sapite-

1970 4005 2128 4056 runt.
2189 3997 2281 4050 sed
2328 3997 2501 4050 Verbo
2578 3997 2758 4064 potius
2814 3996 3150 4049 restiterunt.
3220 3993 3345 4046 Sive
3405 3993 3548 4060 quod

1972 4099 2022 4143 te
2077 4089 2231 4158 signa
2281 4090 2591 4151 exliibeule,
2667 4089 2766 4157 ipsi
2823 4089 3211 4156 olistupesccnt
3268 4100 3329 4137 ae
3362 4086 3549 4137 animo

1971 4179 2247 4242 deﬁcient,
2320 4182 2851 4249 coneussioncmque
2936 4179 3133 4234 facient
3199 4174 3547 4241 conturbati,

1974 4288 2036 4325 ac
2104 4271 2517 4337 discindentur,
2591 4273 2680 4326 alii
2736 4273 2952 4339 quidem
3037 4272 3317 4325 dicentes:
3403 4268 3551 4333 Quo-

1976 4361 2118 4413 niam
2178 4361 2374 4413 seducit
2430 4362 2637 4413 turbant
2704 4405 2709 4411 .
2782 4361 2874 4413 alii
2955 4366 3133 4413 autent
3201 4374 3215 4413 :
3285 4357 3549 4422 Quoniam

1974 4468 2241 4521 nunquam
2272 4453 2345 4505 sic
2374 4452 2652 4521 quisquam
2712 4452 2915 4504 locutus
2954 4460 3055 4511 est,
3090 4460 3145 4503 ut
3187 4449 3339 4501 homo
3371 4448 3459 4500 ille
3480 4446 3541 4509 ⁸⁸,

295 4553 415 4606 ανοί
426 4567 605 4618 γοντες
619 4548 762 4617 τὰ¹χε
771 4548 855 4615 ίλη
870 4546 966 4599 καὶ
978 4546 1103 4608 τοὺς
1113 4545 1352 4606 ὀδόντας.
1373 4546 1529 4599 ἅτινα
1544 4545 1756 4615 χαλινός
1771 4549 1876 4600 εἱσι
1910 4548 1955 4604 ι)

1910 4548 1955 4604 ι)
1982 4545 2208 4600 Occulta
2238 4545 2458 4617 quidem
2491 4545 2690 4613 capita,
2727 4544 2828 4613 ipsi
2871 4544 3147 4613 principes
3173 4542 3552 4593 nbuurrnura-

296 4644 393 4697 τοῦ
422 4643 707 4711 στόματος.
760 4637 951 4708 ὥσπερ
980 4636 1193 4705 πτωχὸς
1228 4636 1302 4707 μὴ
1338 4636 1552 4707 τολμῶν
1580 4639 1871 4706 προφανῶς

300 4732 634 4805 μεταλαῦεῖν
678 4733 907 4800 τροφῆς,
949 4729 1086 4782 ἀλλὰ
1134 4728 1443 4799 μεμυκότος
1474 4728 1574 4793 ,τοῦ
1609 4730 1874 4800 στόματος

298 4827 450 4880 ἔνδον
492 4824 698 4892 ταύτην
730 4820 1030 4875 λεπτύνων.
1071 4819 1396 4889 Ἐφοὸοὖντο
1430 4821 1536 4894 γάρ
1583 4823 1674 4876 τὸν
1721 4822 1876 4894 ὄχλον

299 4918 381 4987 τῷ
420 4914 593 4983 Ἰησοῦ
644 4911 1128 4983 προσδιακείμενον
1161 4910 1251 4964 διὰ
1289 4910 1355 4964 τὰ
1391 4911 1662 4980 θαύματα.
1694 4914 1803 4967 Καὶ
1828 4915 1879 4968 oi

300 5005 591 5061 ἀπόστολοι
611 5005 669 5058 δέ
698 5005 746 5059 οἱ
775 5002 973 5075 πρώην
1003 5002 1077 5072 μὴ
1116 5000 1423 5072 τολμῶντες
1454 5001 1707 5070 λαλῆσαι,
1748 5005 1883 5059 ἀλλὰ

301 5097 680 5166 κεκλεισμένοι
718 5097 776 5149 ἐν
823 5093 1078 5164 ὑπερῴῳ,
1104 5094 1198 5147 καὶ
1251 5093 1425 5164 λάθρα
1456 5094 1727 5160 ἐσθίοντες
1785 5096 1882 5167 τὴν

302 5191 415 5245 τῶν
445 5188 808 5243 πιστευόντων
834 5187 1017 5250 αὐτοῖς
1038 5184 1334 5256 σωτηρίαν,
1365 5184 1554 5256 ῶσπερ
1608 5188 1765 5241 ἵπποι
1799 5189 1879 5242 δι-

308 5281 632 5345 ανοίξαντες
682 5280 809 5343 τοὺς
831 5278 1084 5349 χαλινοὺς
1119 5274 1214 5330 τοῦ
1294 5276 1582 5347 στόματος,
1632 5278 1877 5334 τουτέστι

377 5469 399 5499 ⁸
454 5465 598 5519 Psal.
631 5479 741 5526 ινι,
787 5463 840 5517 3.
916 5460 956 5492 ⁶¹
995 5461 1269 5525 Joan.vtt,
1302 5460 1387 5526 12,
1417 5460 1505 5515 46.

1976 4637 2112 4689 bunt
2139 4635 2256 4697 tibi,
2288 4635 2595 4704 aperientes
2624 4634 2764 4687 labia
2799 4642 2853 4687 et
2876 4633 3068 4687 dentes
3098 4647 3218 4701 quze
3241 4640 3367 4682 sunt
3397 4629 3547 4682 frena

1978 4729 2091 4783 oris
2126 4744 2143 4784 :
2173 4743 2323 4797 aeque
2354 4737 2516 4795 atque
2548 4726 2833 4779 mendicus
2866 4740 2975 4778 non
3028 4725 3237 4777 audens
3277 4720 3552 4791 propalam

1980 4820 2229 4888 accipere
2279 4820 2482 4883 cibum,
2525 4819 2706 4873 velato
2739 4832 2863 4872 eum
2900 4831 2995 4872 ore
3027 4817 3179 4870 intus
3209 4812 3553 4868 comminuit.

1990 4909 2270 4964 Timebaut
2296 4912 2441 4963 enim
2469 4910 2685 4980 vulgus,
2714 4909 2849 4964 Jesu
2877 4908 3097 4961 Christo
3129 4904 3452 4960 benevolum
3476 4911 3556 4955 at-

1988 5019 2095 5073 que
2121 5002 2327 5066 favens,
2367 5010 2587 5071 propter
2620 5001 2905 5054 miracula.
2932 4998 3072 5065 Quin
3107 4998 3269 5051 etiam
3302 4994 3554 5061 apostoli,

1988 5104 2147 5148 antea
2180 5110 2286 5148 non
2320 5093 2580 5147 audentes
2603 5092 2771 5161 loqui,
2792 5106 2980 5145 verum
3011 5089 3254 5143 conclusi
3292 5087 3343 5138 in
3368 5100 3552 5137 (πτητι-

1986 5188 2112 5241 culo
2138 5186 2424 5256 superiore
2453 5185 2764 5239 clanculum
2797 5184 3016 5238 edentes
3045 5179 3385 5234 credentium
3423 5177 3557 5245 ipsis

1987 5281 2238 5344 salutem,
2303 5286 2560 5348 tanquam
2583 5277 2708 5347 equi
2743 5275 3049 5345 aperientes
3080 5271 3263 5326 frenos
3289 5269 3420 5331 oris,
3454 5269 3556 5322 hoc

1486 5622 1683 5683 Variae
1716 5622 2024 5687 lectiones
2047 5631 2319 5686 etnotae.

389 5756 502 5819 (50)
536 5750 878 5819 Sttitjicerent.

394 5817 505 5893 (tm
557 5817 668 5876 Vox
731 5822 843 5875 Ita'c
902 5817 1198 5887 διάλξαλμα,
1257 5818 1582 5886 ιίὲιιρεηίηιη,
1628 5820 1784 5874 abest
1848 5837 1875 5875 ει

1990 5751 2176 5801 iirmco
2212 5757 2379 5803 textu.

2058 5821 2165 5891 (fit!)
2197 5822 2233 5873 Α
2262 5831 2350 5873 tua
2381 5815 2748 5889 familiaritate
2770 5824 2819 5867 et
2851 5813 3107 5866 amicitia.
