4226 6438
239 419 349 481 905
1211 400 1612 464 EXPOSlTlO
1650 399 1729 458 1N
1773 395 2232 456 PROPHETAM
2300 396 2566 455 JONAM.
3388 392 3489 453 906

245 528 371 582 tella
398 539 493 581 seu
548 515 1066 590 episteliaemedio
1134 513 1471 568 auferentur.
1543 508 1728 578 Neque
1776 508 2068 578 quisquam
2132 507 2473 577 cognoverit,
2538 504 2626 556 ubi
2688 504 2815 565 sint,
2864 519 3040 573 quove
3096 504 3484 573 pervenerint:

241 622 341 677 scd
379 620 433 673 in
456 620 731 673 desertum
761 609 1058 666 ell'erentur
1087 607 1156 661 ab
1217 607 1450 674 angelis,
1517 603 1605 656 ubi
1664 616 1839 670 nuper
1915 607 2257 669 compactum
2342 605 2461 651 erat
2515 599 2757 667 martyrii
2819 597 3254 651 tabernaculum.
3320 595 3384 648 Et
3435 599 3487 648 in

244 709 356 764 illis
381 712 748 775 cognosci-tur
778 700 831 753 in
872 695 1347 752 consummatione
1375 690 1659 754 Dominus,
1702 689 1847 757 quod
1890 687 2272 742 illuminabunt
2322 697 2637 755 persecutos
2685 702 2711 739 a
2773 698 3024 753 serpente
3092 697 3350 755 tanquam
3424 689 3491 739 ah

246 800 431 865 initio.
469 798 532 850 Et
557 794 795 850 servabit
823 806 918 847 eos
950 788 1212 842 Dominus
1289 787 1356 838 ab
1419 784 1609 837 umbra
1669 775 1885 841 mortis,
1927 787 2196 845 eruntque
2231 779 2282 829 in
2323 778 2671 832 tabernaculo
2697 788 2908 830 sancto.
2959 777 3055 830 llic
3097 780 3357 847 propheta
3424 779 3490 831 de

244 892 483 946 adventu
518 884 735 938 Domini
765 898 871 937 non
907 894 1079 951 pauca
1104 876 1436 933 vaticinatus
1480 878 1584 937 est,
1649 882 1811 941 atque
1847 877 1972 924 ante
2003 870 2284 922 biennium
2307 885 2469 940 quam
2514 869 2749 939 populus
2808 885 2836 921 a
2870 870 3142 939 Babylone
3209 871 3485 933 rcdiissct,

246 999 402 1041 mors
424 977 745 1049 prophetam
771 973 1080 1042 occupavit,
1110 981 1162 1024 et
1194 969 1403 1039 magnis
1433 964 1733 1021 honoribus
1763 964 1814 1016 in
1859 976 1987 1031 agro
2006 977 2107 1016 suo
2142 963 2386 1032 sepultus
2408 976 2509 1017 est.

1958 1206 2431 1222 —n——————————
2446 1215 2768 1227 —--—-———_...__
2780 1218 3483 1232 ——_—_—_-———---—.

1540 1382 1767 1466 ΤΟΥ
1842 1382 2217 1468 ΑΥΤΟΥ

1023 1605 2718 1784 ΘΕΟΦΥΛΑΚΤΟΥ

1346 1903 1917 1957 ΑΡΧΙΕΙΙΙΣΚΟΠΟΥ
1952 1900 2380 1957 ΒΟΥΛΓΑΡΙΑΣ

757 2068 1314 2165 ΕΞΗΓΗΣΙΣ
1392 2074 1561 2159 ΕΙΣ
1634 2075 1857 2158 ΤΟΝ
1934 2074 2552 2161 ΠΡΟΦΗΤΗΝ
2609 2076 2980 2161 ΙΩΝΑΝ.

1590 2495 2123 2583 EJUSDEM

1021 2719 2739 2905 THEOPHYLACTI

1319 3017 1893 3085 ARCHIEPISCOPI
1959 3018 2369 3082 BULGARIIE

763 3201 1429 3295 EXPOSITIO
1489 3202 1610 3288 ΙΝ
1688 3198 2419 3292 PBOPHETAM
2493 3200 2933 3298 JONAM.

1830 3418 1895 3429 ..-

882 3574 1238 3629 ΥΠΟΘΕΣΙΣ.
2427 3574 2551 3630 ABG

2427 3574 2930 3634 ARGUMENTUM.

334 3668 549 3731 Πάντας
573 3664 893 3737 ἀνθρώπους
916 3665 1321 3735 δημιουργήσας
1345 3665 1372 3715 ὁ
1390 3664 1496 3717 τῶν
1520 3664 1654 3716 ὅλων
1677 3664 1827 3727 θεὸς,
1861 3670 1904 3724 Α

1817 3703 1827 3726 ,
1861 3670 1904 3724 Α
2008 3665 2166 3735 175
2193 3665 2485 3737 Postquam
2506 3684 2693 3724 omnes
2711 3670 2954 3727 homines
2970 3686 3287 3731 cunctarum
3308 3696 3486 3736 rerum

263 3761 480 3812 πάντων
512 3758 712 3825 ὁμοίως
746 3755 980 3809 διατελεῖ
1030 3755 1503 3826 προμηθούμενος,
1543 3757 1590 3806 εί
1638 3756 1732 3807 καί
1772 3754 1833 3805 τὸ

1821 3768 1833 3804 ι
1935 3766 2127 3812 auctor
2185 3758 2329 3814 Deus
2377 3761 2731 3821 condidisset.
2767 3766 3007 3819 omnium
3038 3767 3190 3835 juxta
3243 3786 3490 3843 pera'quc

274 3847 625 3917 Ἰσραηλιτῶν
667 3864 797 3899 ποτε
842 3847 1003 3898 πλέον
1036 3845 1458 3914 ὲπιμελοὺμενος
1502 3844 1688 3914 ὤφθη·
1735 3849 1828 3899 καὶ

260 3936 420 3989 τοῦτο
438 3936 493 3989 δὲ
518 3938 597 4000 είς
620 3938 801 4006 κοινὴν
830 3939 1045 3990 πάντων
1068 3938 1384 4007 εὐεργεσίαν
1408 3938 1598 3989 ἐποίει.
1620 3938 1831 4009 ’Ὠσπερ

262 4030 371 4095 γὰρ
406 4028 569 4079 αὐτοῦ
589 4029 683 4080 τοῦ
713 4027 931 4099 Ἰσραὴλ
964 4030 1062 4099 τὴν
1097 4031 1478 4099 προσήκουσαν
1504 4030 1829 4099 κηδεμονίαν

262 4115 606 4183 ποιούμενος,
654 4118 714 4167 οὐ
762 4117 895 4185 πρὸς
939 4117 1034 4168 ἕνα
1078 4115 1306 4170 ἕκαστον
1352 4118 1732 4186 διαλεγόμενος
1770 4119 1830 4170 τὸ

264 4210 539 4276 πρακτέον
571 4208 799 4271 ἐδείκνυ,
827 4208 941 4259 ἀλλ’
972 4208 1065 4259 ἕνα
1097 4208 1187 4261 τὸν
1229 4212 1447 4279 ἄριστον
1479 4210 1537 4273 ἐξ
1578 4211 1830 4262 ἁπάντων

262 4298 641 4366 ἐκλεγόμενος,
668 4297 761 4349 νῦν
794 4300 890 4367 μὲν
924 4297 1127 4353 Μωσὲα
1154 4303 1243 4352 τὸν
1278 4303 1469 4369 μέγαν,
1506 4302 1598 4353 νῦν
1632 4302 1686 4354 δὲ
1725 4303 1829 4371 Ἰη-

266 4387 394 4439 σοῦν
425 4390 515 4439 τὸν
556 4388 649 4440 τοῦ
679 4390 856 4456 Ναυῆ,
891 4390 1078 4443 ﬁll/ars.
1129 4391 1183 4443 δὲ
1230 4393 1319 4443 τὸν
1351 4392 1623 4461 Σαμουὴλ,
1657 4395 1749 4445 κα)⁹
1774 4397 1830 4446 ἐν

264 4477 437 4543 ἑτέρῳ
465 4478 639 4545 καιρῷ
672 4481 759 4528 τ’,ν
798 4478 985 4532 Ἠλίαν
1006 4500 1017 4511 ·
1058 4482 1151 4533 καὶ
1197 4482 1260 4533 δι’
1305 4482 1531 4533 ἑκάστου
1562 4482 1763 4535 τούτων
1797 4484 1828 4551 ἢ

265 4565 463 4626 νόμους
492 4564 676 4629 τιθεὶς,
730 4566 761 4635 ἢ
808 4567 1063 4637 θαύματα
1117 4571 1352 4633 δεικνὺς,
1401 4572 1432 4641 ἢ
1487 4574 1830 4640 παραινέσεις

266 4658 632 4723 προσςξέρων,
687 4659 944 4729 ἐπιιῦᾑγει
998 4661 1133 4728 πρὸς
1194 4662 1498 4729 σωτηρίαν·
1555 4663 1694 4714 οὕτω
1741 4665 1830 4715 τὸν

280 4747 622 4814 Ἰσραηλίτην
651 4746 780 4801 λαὸν
810 4752 917 4801 τῶν
956 4750 1130 4802 ἄλλων
1158 4751 1386 4801 ἐθνικῶν
1416 4752 1737 4820 ἀποκρίνας,
1765 4757 1828 4823 τῇ

266 4837 398 4902 περὶ
423 4835 629 4889 τούτων
654 4840 958 4909 ἐπιμελείᾳ,
992 4841 1087 4892 καὶ
1108 4844 1225 4902 ταῖς
1257 4843 1475 4908 συχναῖς
1496 4843 1833 4910 ἐπιφανείαις

267 4928 371 4979 9.2).
409 4930 669 4998 ἀρρήτοις
712 4929 1194 5001 θαυματουργίαις,
1247 4932 1526 4985 ἐπεδείκνυ
1583 4936 1677 4984 καὶ
1722 4938 1835 4995 τοῖς

271 5018 452 5079 ἄλλοις
486 5018 662 5068 ἔθνεσι
699 5017 796 5085 τὴν
834 5019 913 5079 είς
963 5018 1289 5085 θεογνωσίαν
1331 5017 1468 5070 ὁδόν.
1523 5017 1693 5071 Τοῦτο
1726 5020 1833 5091 γὰρ

1935 3864 2120 3901 curam
2154 3851 2343 3918 gessit,
2372 3853 2584 3907 etiamsi
2614 3854 2873 3921 majorem
2900 3856 3094 3912 habere
3125 3859 3492 3919 lsraelitarum

1935 3939 2332 4005 providentiam
2423 3942 2574 3996 visus
2637 3945 2754 3996 sit:
2814 3944 2913 3998 hoc
2971 3948 3149 4016 ipsum
3206 3966 3384 4007 autem
3444 3962 3498 4010 in

1923 4048 2223 4089 commune
2255 4038 2565 4090 mortalium
2612 4038 2933 4092 beneﬁcium
2972 4042 3219 4100 faciebat.
3265 4046 3498 4104 Utenim

1935 4122 2151 4178 lsraelis
2188 4128 2601 4182 convenientem
2637 4145 2821 4182 curam
2863 4148 3079 4201 gerens,
3118 4153 3225 4191 non
3274 4143 3502 4196 cuilibet

1932 4214 2248 4277 disserens,
2286 4233 2461 4284 neque
2519 4232 2642 4271 cum
2668 4224 2862 4287 quovis
2907 4226 3177 4294 colloquia
3240 4231 3496 4298 miscens,

1935 4304 2061 4372 quid
2093 4307 2361 4373 agendum
2390 4307 2529 4361 foret
2551 4309 2969 4368 demonstrabat
3004 4331 3017 4367 :
3052 4327 3304 4373 caeterum
3365 4340 3500 4391 prtu-

1934 4396 2334 4451 stantissimutn
2374 4414 2647 4469 quemque
2682 4416 2747 4454 ex
2797 4406 3055 4461 omnibus
3112 4410 3341 4476 eligens,
3384 4415 3497 4481 jam

1935 4501 2187 4554 magnum
2218 4489 2436 4555 quidem
2474 4491 2625 4542 illum
2658 4492 2866 4555 Mosen,
2923 4512 3065 4549 nunc
3134 4514 3261 4553 vero
3309 4502 3493 4559 Jesum

1936 4579 2101 4630 lilium
2131 4578 2297 4641 Nave,
2328 4582 2463 4636 alias
2492 4582 2814 4648 Samuelem,
2842 4600 2905 4638 ac
2934 4589 3039 4642 alio
3070 4596 3313 4660 tempore
3340 4597 3497 4667 176

1936 4667 2105 4721 [illam
2162 4686 2173 4720 :
2238 4681 2291 4723 et
2350 4686 2446 4739 per
2484 4677 2899 4741 unumquemvis
2950 4680 3164 4743 horum,
3200 4685 3281 4735 vel
3326 4687 3493 4755 legem

1936 4760 2210 4823 sanciens,
2242 4762 2322 4815 vel
2349 4763 2597 4815 miranda
2625 4765 2941 4830 ostendens,
2972 4769 3055 4821 vel
3092 4772 3498 4831 adhortationes

1936 4850 2187 4917 allerens,
2221 4854 2388 4906 vitam
2424 4858 2488 4908 ad
2517 4856 2747 4910 salutem
2802 4861 3098 4915 sternebat.
3149 4861 3237 4930 Sic
3283 4868 3497 4923 Israeli-

1943 4939 2114 4991 ticum
2142 4942 2398 5010 populum
2425 4944 2493 4995 ab
2522 4944 2645 4997 aliis
2674 4947 2929 5013 gentibus
2962 4963 3258 5007 secernens
3310 4957 3494 5011 sedula

1924 5041 2090 5091 -cura,
2108 5037 2160 5081 et
2191 5031 2565 5100 frequentibus
2592 5036 3050 5103 apparitionibus,
3070 5049 3125 5094 et
3152 5041 3494 5103 inenarrabi-

270 5108 420 5174 ἡμᾶς
463 5108 549 5159 διὰ
599 5106 693 5158 τοῦ
742 5108 1026 5161 θεσπεσίου
1085 5108 1318 5173 ἐδίδαξεν
1368 5107 1544 5177 Ὠσηὲ.
1598 5110 1834 5174 Σκοπὸς
1870 5114 1911 5171 Β

1825 5129 1834 5143 ·
1870 5114 1911 5171 Β
1941 5120 2081 5173 libus
2120 5122 2506 5175 miraculorum
2537 5125 2987 5195 exhibitionibus,
3012 5135 3222 5188 caeteris
3244 5140 3494 5204 gentibus

272 5198 404 5262 γὰρ,
445 5198 627 5267 φησὶν,
662 5199 903 5266 Ἐφραίμ
950 5197 1096 5266 μετὰ
1132 5200 1280 5253 Θεοῦ
1334 5199 1662 5268 προφήτης.
1704 5195 1829 5253 Οἴον

272 5291 383 5356 γάρ
401 5306 521 5342 τινα
552 5290 747 5342 σκοπὸν
778 5292 872 5342 καὶ
899 5292 1181 5360 προφήτην
1204 5291 1315 5361 (75)
1350 5292 1712 5359 προὺὃάλλετο
1739 5295 1831 5346 τὸν

275 5381 425 5442 λαὸν,
450 5383 528 5442 εἰς
563 5382 660 5450 τὴν
698 5382 805 5435 τῶν
834 5381 1005 5436 ἄλλων
1032 5384 1201 5438 ἐθνῶν
1230 5384 1493 5452 ὠφέλειάν
1518 5402 1576 5437 τε
1603 5386 1696 5437 καὶ
1725 5402 1830 5437 σωο

338 5499 358 5529 ⁸
404 5500 558 5553 Osee.
608 5512 682 5561 ιχ,
710 5498 764 5552 8.

1938 5210 2042 5265 iter
2079 5211 2143 5265 ad
2164 5212 2257 5266 Dei
2279 5214 2647 5283 c0gnitionetn
2676 5218 2973 5273 indicabat.
3001 5223 3157 5285 Quod
3189 5238 3241 5280 et
3285 5245 3381 5297 per
3414 5234 3496 5285 di-

1940 5302 2123 5355 vinum
2153 5311 2330 5357 vatem
2363 5304 2499 5359 Osee
2522 5322 2621 5360 nos
2652 5309 2834 5361 docuit
2870 5327 2883 5361 :
2927 5309 3251 5383 Speculator,
3300 5321 3493 5391 inquit,

1942 5391 2199 5461 Ephraim
2221 5411 2337 5447 cum
2361 5395 2469 5450 Deo
2499 5400 2752 5467 propheta
2778 5402 2821 5455 '.
2850 5400 3021 5458 Veluti
3090 5410 3234 5461 cnim
3294 5424 3494 5470 tnetatn

1478 5616 1675 5677 Varite
1705 5616 2008 5683 lectiones
2028 5630 2087 5684 et
2117 5630 2309 5686 noue.

352 5736 670 5835 Qui)?!“
706 5738 843 5789 enim
888 5752 1099 5807 scopum
1156 5739 1433 5809 quemdam
1482 5750 1530 5797 et
1566 5743 1871 5812 prop/ictam
1910 5751 2227 5819 proponebat
2260 5752 2529 5823 populum,
2591 5757 2658 5809 ad
2691 5760 2921 5817 aliarum
2948 5768 3181 5835 gentium
3210 5771 3494 5827 utitt‘tatem

273 5818 322 5860 et
357 5808 599 5863 salutem.

565 5904 832 5966 Panos.
860 5904 976 5967 Gn.
1012 5904 1286 5968 CXXVI.

3101 5919 3181 5983 29
