4226 6438
276 361 376 422 921

1039 356 1440 417 EXPOSITIO
1478 355 1557 414 IN
1600 353 2065 414 PROPIIETAM
2105 354 2379 415 JONAM.
2422 382 2491 393 —
2537 359 2695 418 Cill‘.
2732 360 2751 416 l

3428 363 3534 425 922

269 473 383 534 τοῖς
431 467 650 539 τρόποις
700 466 895 520 ἐκεῖνοι
947 465 1211 529 σώζονται
1269 465 1302 535 ἢ
1360 464 1705 539 ἀπρλλυνται,
1757 463 1850 527 οὓς
1879 471 1921 525 Α

1879 471 1921 525 Α
1953 463 2198 519 eamdem
2233 464 2396 519 etiam
2429 466 2680 530 alterare,
2722 469 3020 522 secundum
3051 471 3195 538 quod
3226 472 3326 525 sibi
3357 475 3527 527 visum

272 559 577 631 σωθῆναιῆ
616 558 910 614 ἀπολέσθαι
953 557 1259 612 ἐδικαίωσε.
1320 558 1394 610 Τὸ
1442 557 1499 608 δὲ
1550 556 1852 625 φοϐηθῆναι

269 655 396 717 τοὺς
420 651 724 716 sant-40in,
762 651 985 720 σημεῖον
1044 649 1137 702 τοῦ
1175 648 1433 718 μεγέθους
1464 648 1556 702 τοῦ
1583 647 1849 711 κινδύνου,

267 737 363 799 ὅτε
396 744 488 798 καὶ
515 747 565 797 o'.
592 743 691 812 τῆς
726 741 1000 811 θαλάσσης
1039 740 1448 812 ἐμπειρότατοι,
1480 741 1846 803 ἐδεδοίκεσαν,

268 839 429 907 δῆλον
468 838 542 900 ὡς
591 835 992 902 ἀπεγνωκότες,
1050 834 1142 886 καὶ
1181 833 1409 904 ἐκϐολὴν
1443 832 1722 886 ἐποιοῦντο
1743 832 1850 885 τῶν

270 931 508 995 σκευῶν,
540 929 616 991 ὡς
651 928 718 982 ἂν
752 927 954 999 δηλαδὴ
986 925 1344 994 κουφισθῆναι
1381 925 1439 977 τὸ
1472 925 1673 978 πλοῖον.
1707 922 1850 976 Ἰκέ-

264 1038 426 1076 τ-υον
451 1021 508 1073 δὲ
547 1024 642 1073 καὶ
673 1020 798 1081 τοὺς
839 1017 1019 1070 αὐτῶν
1052 1017 1204 1079 θεοὺς
1229 1017 1474 1079 ἕκαστος,
1506 1016 1603 1084 τῆς
1631 1015 1853 1084 Γραφῆς

267 1115 330 1166 οὗ
363 1114 538 1183 μάτην
569 1111 738 1165 ταῦτα
790 1111 1173 1180 διηγουμένης,
1225 1108 1340 1162 ἀ)λ’
1373 1109 1458 1161 ἵνα
1512 1108 1719 1180 διδάξῃ,
1771 1109 1852 1160 ὅτι

267 1205 552 1275 ἀμφῦτιρα
580 1203 680 1264 δεῖ,
711 1203 806 1255 καὶ
835 1204 900 1256 τὰ
939 1202 1182 1272 ἡμέτερα
1230 1201 1422 1264 ποιεῖν,
1453 1198 1546 1252 καὶ
1578 1200 1676 1269 τὴν
1705 1199 1852 1252 οεἀν

268 1297 653 1348 ἐπικαλεῖσθαι
703 1295 1056 1364 συμμαχίαν,
1110 1295 1205 1346 καὶ
1256 1298 1462 1362 μήποτε
1514 1294 1574 1344 τὸ
1627 1293 1733 1345 πᾶν
1775 1290 1851 1359 τῷ

267 1387 392 1458 Θεῷ
440 1387 776 1458 ἐπιτρέπειν,
810 1388 1006 1448 αὐτοὺς
1046 1386 1245 1456 ἀργοὺς
1276 1383 1655 1452 καθημένουςσ
1705 1382 1848 1451 ἀψύ-

269 1499 382 1549 χων
408 1480 517 1548 γὰρ
550 1479 708 1532 τοῦτο
752 1481 845 1533 καὶ
886 1478 1192 1546 ἀκινήτων·
1231 1477 1366 1547 μήτε
1402 1477 1521 1537 ταῖς
1551 1474 1851 1544 ἡμετέραις

269 1571 526 1638 καθάπαξ
553 1571 812 1634 ἐπινοίαις
849 1570 943 1624 καὶ
975 1568 1376 1640 πραγματείαις
1404 1569 1652 1638 θαρρεῖν·
1687 1565 1849 1618 πάλιν

268 1667 382 1732 γὰρ
410 1658 477 1716 αὖ
517 1664 672 1716 τοῦτο
713 1662 890 1715 ἀθέων
942 1662 1035 1714 καὶ
1084 1661 1549 1728 ἀπονενοημένων.
1607 1659 1745 1710 itast
1792 1655 1848 1708 δέ

266 1771 433 1818 τινες,
464 1756 545 1808 ὄτι
569 1755 696 1824 περὶ
716 1753 872 1806 τοῦτο
904 1753 1064 1822 μόνον
1089 1752 1149 1803 τὸ
1175 1750 1356 1802 πλοῖον
1386 1750 1415 1802 6
1467 1748 1672 1802 κλύδων
1725 1745 1850 1813 ἐγέ-

1961 554 2147 618 fuerit,
2179 556 2453 611 undelibet
2508 566 2707 625 potest.
2768 558 3008 627 Utroque
3043 571 3223 616 autem
3259 563 3420 616 modo
3455 564 3529 616 illi

1960 655 2250 700 servantur
2302 647 2384 700 vel
2425 656 2672 716 pereunt,
2721 665 2855 718 quos
2889 651 3107 706 divinus
3167 654 3412 708 calculus
3448 655 3528 706 vel

1961 737 2170 791 servari
2203 736 2283 790 vel
2316 737 2540 793 interire
2573 738 2860 806 judicavit.
2904 740 3058 805 Quod
3094 759 3220 795 vero
3251 742 3534 797 tem-ﬁant

1961 838 2160 891 nautae,
2185 828 2400 897 signum
2430 838 2514 882 est
2545 831 2934 899 magnitudinis
2959 834 3203 901 periculi,
3228 835 3446 902 quando
3476 846 3530 889 ct

1962 920 2130 975 maris
2159 920 2475 989 peritissimi
2511 923 2669 992 184
2700 925 2804 977 sibi
2829 936 3134 979 metuerunt
3168 945 3181 980 :
3211 929 3424 997 signum
3447 942 3534 984 est

1958 1011 2451 1075 evidentissimum,
2520 1015 2663 1080 quod
2725 1017 2966 1068 animum
3024 1017 3436 1085 desponderim,
3479 1031 3532 1073 et

1961 1104 2164 1158 idcirco
2219 1105 2542 1172 ejectionem
2603 1122 2855 1159 vasorum
2889 1108 3141 1172 fecerint,
3175 1121 3234 1162 ut.
3266 1111 3532 1164 levaretur

1963 1199 2135 1251 navis.
2167 1195 2513 1266 Supplicabat
2547 1207 2728 1252 autem
2764 1198 2988 1266 quilibet
3040 1201 3144 1253 diis
3189 1201 3327 1264 suis,
3384 1202 3530 1254 Seri-

1959 1298 2118 1355 ptura
2144 1288 2257 1342 haec
2297 1304 2404 1342 non
2439 1289 2638 1344 frustra
2663 1300 2974 1352 enarrante,
2996 1306 3180 1343 verum
3206 1294 3279 1344 uti
3316 1295 3529 1358 doceat,

1963 1389 2192 1448 utraque
2221 1395 2345 1435 esse
2378 1384 2707 1445 necessaria,
2736 1391 2789 1436 et
2817 1391 3002 1436 nostra
3061 1382 3260 1443 facere.
3311 1393 3364 1437 et
3394 1385 3531 1438 divi-

1963 1486 2089 1522 num
2107 1471 2398 1540 implorare
2421 1475 2682 1526 auxilium
2709 1491 2922 1543 :neque
2953 1477 3031 1530 sic
3055 1483 3227 1529 totum
3253 1479 3528 1540 negotium

1964 1560 2075 1614 Deo
2131 1563 2463 1630 permittere,
2500 1574 2558 1617 ut
2600 1581 2697 1620 nos
2746 1568 2964 1619 interim
3030 1582 3225 1635 segnes
3287 1570 3444 1634 plane
3477 1578 3532 1621 et

1960 1654 2140 1724 ignavi
2160 1654 2448 1711 sedeamus
2479 1658 2926 1724 (inanimatorum
2954 1659 3096 1711 enim
3125 1668 3177 1712 et
3207 1660 3354 1712 omni
3381 1667 3528 1712 motu

1960 1746 2269 1800 vacantium
2312 1747 2415 1800 hoc
2467 1763 2648 1802 rerum
2691 1750 2794 1816 est)
2850 1765 3026 1816 neque
3071 1751 3276 1803 nostris
3306 1751 3531 1804 omnino

265 1865 410 1901 νετο.
445 1848 521 1903 Ού
553 1848 662 1915 γὰρ
691 1846 778 1910 ἂν,
803 1845 960 1912 εἴπερ
993 1843 1169 1906 κοινὸς
1220 1838 1288 1912 ἦν
1316 1844 1344 1895 ὁ
1387 1840 1613 1903 κλύδων,
1663 1838 1848 1907 κλήρῳ
1880 1833 1920 1888 Β

1880 1833 1920 1888 Β
1955 1851 2054 1891 nos
2087 1837 2372 1892 conlidere
2393 1838 2641 1893 consiliis
2669 1840 3010 1894 etinstitutis
3045 1858 3057 1892 :
3093 1841 3194 1894 hoc
3227 1842 3373 1894 enim
3405 1856 3527 1893 rur—

274 1939 468 2004 μαθεϊν
498 1939 860 2009 ἐπεχείρησαν
889 1937 982 1989 τὸν
1016 1935 1107 1988 τοῦ
1165 1933 1428 1995 κλύδωνος
1469 1931 1661 1985 αίτιον.
1705 1928 1845 1982 Ἀλλ’

266 2029 457 2101 ἐπειδὴ
489 2032 612 2093 τοὺς
645 2029 835 2092 ἄλλους
865 2027 1049 2098 ἑώρων
1087 2025 1383 2088 ἀκινδύνως
1429 2022 1712 2085 πλέοντας,
1753 2022 1846 2074 καὶ

267 2121 328 2185 ἐξ
362 2121 560 2190 οὐρίων
622 2121 974 2191 φερομένους,
1030 2118 1129 2188 τὴν
1189 2118 1246 2170 δὲ
1319 2114 1586 2185 σφετέραν
1643 2113 1847 2166 ὁλκάδα

270 2212 569 2270 καταδῦναι
601 2212 1030 2272 κινδυνεύουσαν,
1071 2207 1290 2279 ζητοῦσι
1342 2210 1427 2270 τίς
1476 2209 1535 2260 ἐν
1579 2207 1762 2268 αὐτοῖς
1817 2204 1846 2256 ὁ

263 2303 362 2356 τοῦ
395 2303 661 2367 κλύδωνος
690 2304 876 2364 αἴτιος
913 2302 1020 2356 Καὶ
1056 2299 1201 2370 ἔχειν
1234 2316 1297 2368 γε
1341 2299 1485 2351 ἔοικε
1517 2297 1578 2351 τὸ
1625 2296 1771 2357 εἰκὸς
1820 2297 1848 2349 ὁ

265 2397 443 2462 λόγος,
485 2398 642 2463 εἴπερ
674 2395 766 2450 καὶ
795 2396 956 2465 ἕτερα
1000 2393 1158 2447 πλοῖα
1197 2391 1558 2462 συμπλέοντα,
1591 2387 1846 2442 ἀκίνδυνα

266 2487 547 2554 ἐφέροντο.

1951 1943 2048 1982 sus
2079 1929 2367 1997 impiormn
2425 1928 2711 1982 hominum
2743 1939 2845 1995 est,
2883 1929 3084 1998 quibus
3114 1932 3344 2000 reproba
3375 1946 3527 1984 mens

1947 2027 2052 2073 est.
2084 2019 2412 2075 Asseverant
2451 2020 2540 2073 lllt:
2573 2021 2815 2088 quidam,
2881 2022 3025 2090 quod
3059 2023 3202 2075 circa
3233 2022 3390 2075 istam
3435 2037 3526 2076 so—

1949 2110 2056 2162 lam
2104 2111 2284 2163 navim
2342 2117 2638 2179 tempestas
2698 2112 2952 2165 szevierit.
3009 2111 3194 2180 Neque
3242 2113 3423 2176 enim,
3478 2113 3524 2165 si

1949 2202 2256 2255 communis
2313 2210 2612 2272 tempestas
2675 2213 2816 2265 erat,
2892 2207 3070 2257 conati
3135 2216 3319 2259 essent
3381 2216 3528 2260 sorte

1955 2292 2244 2361 exquirere
2302 2293 2422 2362 ejus
2456 2294 2783 2350 turbationis
2819 2299 2985 2352 maris
3012 2309 3312 2352 auctorem.
3348 2300 3531 2352 Enim-

1951 2400 2105 2448 vero,
2141 2399 2264 2438 cum
2308 2385 2448 2439 alios
2496 2385 2741 2441 viderent
2785 2393 2919 2442 cura
2983 2391 3283 2456 perieulum
3317 2396 3531 2446 sulcare

1954 2477 2175 2545 pelagus
2227 2475 2591 2546 secundisque
2655 2480 2830 2533 ventis
2886 2483 2993 2550 agi,
3032 2499 3186 2534 suam
3225 2500 3353 2536 vero
3388 2500 3526 2538 one.

267 2580 468 2632 rariain
517 2578 696 2632 navim
753 2577 1029 2645 submergi
1082 2574 1565 2646 propemodumea
1634 2569 2050 2641 periclitatione,
2102 2569 2385 2638 inquirunt
2447 2573 2698 2639 quisnam
2750 2575 2891 2624 inter
2961 2591 3090 2627 sese
3161 2577 3278 2642 ejus
3347 2581 3516 2632 maris

269 2673 492 2725 saevitiae
518 2672 592 2724 sit
625 2680 834 2731 auctor,
871 2683 1060 2738 quasve
1091 2669 1266 2736 origo.
1297 2669 1472 2735 Atque
1504 2665 1618 2719 haec
1646 2662 1831 2731 Opinio
1869 2674 1976 2714 non
2037 2660 2141 2714 erit
2209 2659 2472 2714 absimilis
2530 2679 2675 2730 vero,
2745 2666 2789 2717 si
2840 2666 3044 2735 reliqua
3105 2671 3319 2735 novin-ia
3377 2682 3527 2724 extra

268 2762 570 2832 periculum
605 2761 714 2816 sint
747 2770 889 2814 acta.

349 2899 403 2948 '0
441 2893 643 2961 Ἰωνᾶς
681 2893 749 2947 δὲ
778 2891 992 2960 κατέϐη
1025 2895 1111 2958 εις
1137 2890 1251 2959 τὴν
1278 2891 1510 2945 κοιλίαν
1539 2887 1646 2942 τοῦ
1674 2886 1841 2940 πλοί-

265 3008 360 3050 ου,
391 2987 488 3040 καί
519 2985 822 3047 ἐκάθευδε,
855 2984 954 3036 καί
982 2985 1245 3051 ἐρεγχεν.
1290 2982 1401 3052 Οὐχ
1438 2981 1609 3041 οὕτως
1639 2977 1843 3048 ἀμελὴς

265 3077 334 3150 ἦν
383 3079 411 3128 ὁ
464 3079 770 3147 προφήτης,
820 3074 914 3126 καὶ
967 3073 1263 3144 ῥᾳθυμίαις
1314 3069 1645 3135 ἐκδεδωκὼς,
1708 3068 1845 3120 ὥστε

263 3170 523 3222 τοσούτου
588 3166 833 3218 κινδύνου
880 3163 1262 3233 ἐπηρτημένου
1321 3160 1603 3214 καθεύδειν
1663 3158 1844 3221 αὐτὸς,

267 3260 366 3312 καὶ
391 3258 490 3327 οὐχ
508 3255 710 3316 ἁπλῶς,
743 3254 858 3306 ἀλλ’
882 3252 1022 3306 οὕτω
1047 3251 1271 3321 βαθέως,
1300 3251 1440 3303 ὥστε
1469 3250 1567 3302 καὶ
1601 3250 1842 3320 ῥέγχειν,

266 3351 294 3401 ὃ
318 3348 584 3417 μεγίστης
612 3335 982 3414 ἀφροντησίας
1010 3343 1206 3412 δεῖγμα
1227 3358 1241 3372 ο
1297 3340 1434 3394 ἀλλὰ
1467 3340 1573 3410 πρὸ
1599 3341 1690 3391 τοῦ
1730 3357 1846 3392 κιν-

2017 2878 2185 2933 Jonas
2218 2887 2391 2933 autem
2426 2883 2688 2934 descendit
2723 2885 2776 2935 in
2809 2885 2982 2937 alvum
3030 2890 3200 2952 navis,
3234 2899 3282 2942 et
3326 2891 3528 2945 dormi-

1951 2974 2021 3027 vit
2045 2985 2093 3028 et
2124 2975 2358 3029 stertuit.
2421 2971 2692 3041 Numquid
2743 2975 2878 3028 adeo
2920 2977 3146 3046 ignavia:
3170 2989 3220 3033 et
3263 2983 3529 3037 socordia:

1955 3065 2171 3119 deditus
2206 3075 2322 3118 erat
2353 3065 2640 3131 propheta,
2671 3073 2730 3115 ut
2779 3073 2932 3118 tanto
2983 3067 3226 3134 periculo
3260 3073 3526 3127 suscitato

1956 3158 2073 3224 ipse
2102 3157 2384 3220 dormiret,
2445 3170 2544 3208 nec
2609 3155 2930 3224 simpliciter
2974 3159 3262 3224 dormiret,
3318 3163 3410 3216 sed
3474 3164 3525 3215 in

1953 3249 2123 3303 altum
2175 3248 2310 3303 adeo
2342 3262 2591 3315 soporem
2622 3246 2944 3311 deferretur,
2969 3258 3028 3302 ut
3051 3254 3345 3306 sterteret?
3384 3256 3527 3323 quod

1954 3341 2207 3394 maxima:
2267 3339 2581 3394 securitatis
2613 3353 2992 3408 argumentum
3032 3350 3170 3397 erat.
3210 3344 3373 3412 Atqui
3404 3353 3529 3399 ante

266 3439 429 3492 δύνου
459 3435 551 3488 καὶ
586 3434 680 3488 τοῦ
709 3433 975 3503 χειμῶνος
1032 3434 1060 3485 6
1085 3432 1246 3495 ὖπνος
1284 3427 1373 3501 ἦν,
1417 3434 1507 3485 xui.
1538 3426 1688 3493 οὗτος
1717 3430 1845 3492 ἴσως
1872 3412 1913 3469 C

1872 3412 1913 3469 ο
1946 3433 2227 3485 subortam
2286 3438 2667 3499 tempestatem
2705 3443 2759 3485 et
2791 3434 3093 3500 perieulum
3153 3451 3352 3503 sopore
3406 3451 3527 3489 eor-

266 3529 329 3593 ἐξ
358 3526 592 3594 ἀθυμίας
624 3526 724 3596 τῆς
749 3527 855 3577 ἀπὺ
892 3524 987 3576 τοῦ
1044 3525 1286 3591 φεύγειν.
1339 3524 1447 3576 Καὶ
1503 3523 1562 3572 τὸ
1614 3524 1694 3581 είς
1749 3519 1845 3588 τὴν

265 3618 479 3670 κοιλίαν
514 3617 568 3667 δὲ
610 3616 698 3668 τοῦ
750 3615 935 3666 πλοίου
981 3615 1305 3680 καταϐῆναι,
1336 3613 1614 3664 τουτέστιν
1641 3611 1719 3670 εἰς
1745 3610 1845 3678 τὴν

265 3707 565 3762 κατωτάτω
613 3705 818 3774 χώραν,
849 3704 999 3766 ἀξιον
1032 3702 1371 3774 προφητικοῦ
1402 3701 1564 3771 ἤθους
1587 3719 1599 3731 ·
1648 3702 1707 3752 τὸ
1737 3699 1843 3768 γὰρ

266 3798 564 3853 ἰδιαστικδν
599 3798 693 3850 καὶ
724 3797 978 3866 μονῆρες,
1022 3793 1380 3864 προφητικόν.
1422 3790 1580 3845 οὕτω
1613 3793 1708 3844 καὶ
1737 3792 1840 3842 Aa-

264 3892 375 3954 διδ,
407 3889 754 3956 Καταμόνας
779 3889 916 3954 ειμι,
943 3887 1073 3956 φησί
1101 3903 1115 3916 ο
1149 3884 1548 3954 καὶῚερεμίας,
1598 3879 1845 3948 Ἀγαθὸν

263 3983 462 4050 ἀνδρί,
503 3982 647 4035 ὅταν
675 3982 786 4048 ἄρῃ
818 3980 921 4033 τὸν
959 3979 1133 4046 ζυγὸν
1193 3979 1258 4030 ἐκ
1287 3977 1568 4042 νεότητος
1625 3970 1843 4025 αὐτοῦ·

1951 3533 2138 3591 replus
2164 3530 2264 3584 est,
2306 3522 2539 3576 fortasse
2565 3538 2628 3575 ex
2662 3523 2827 3575 nimia
2863 3524 3003 3591 fngte
3038 3527 3260 3578 tristitia
3292 3537 3343 3580 et
3374 3527 3529 3590 def2_

1949 3612 2228 3680 tigatione.
2285 3610 2454 3666 Porro
2500 3615 2639 3682 quod
2681 3615 2732 3666 in
2768 3615 2946 3667 alvum
2993 3617 3169 3681 navis,
3207 3618 3308 3671 hoc
3333 3629 3434 3684 est,
3470 3622 3521 3672 in

1954 3705 2198 3756 intimum
2229 3703 2407 3757 locum
2440 3704 2795 3770 descenderit,
2861 3708 3138 3774 propheta:
3201 3710 3301 3762 hoc
3363 3711 3526 3764 mori-

1954 3793 2056 3845 bus
2103 3794 2380 3846 eonveuit.
2433 3795 2736 3862 Separatim
2795 3797 2938 3849 enim
2972 3805 3024 3849 et
3075 3797 3375 3852 solitarium
3431 3802 3522 3853 dv-

1949 3896 2100 3950 gere,
2162 3883 2536 3952 propheticum
2585 3894 2689 3938 est.
2730 3885 2865 3939 lline
2889 3895 2940 3939 et
2968 3887 3128 3940 David
3171 3906 3184 3942 :
3224 3891 3515 3942 Solitarins

1948 3977 2143 4045 3mm“,
2168 3979 2373 4044 inquit:
2406 3987 2461 4031 et
2493 3977 2759 4033 Jeremias
2795 3979 3030 4032 :Bonum
3058 3992 3132 4033 est
3173 3983 3391 4047 homini,
3428 3988 3515 4036 ubi

267 4081 576 4132 κίιθίσεται
635 4077 1010 4143 καταμόνας-ο
1058 4073 1153 4125 καὶ
1208 4071 1390 4135 πάλιν,
1444 4072 1564 4122 οὐκ
1598 4068 1845 4120 ἐκάθισα

1843 4086 1845 4111 μ
1941 4069 2128 4136 jugum
2151 4085 2304 4120 suum
2339 4069 2538 4129 tulerit,
2568 4069 2633 4120 ab
2666 4071 2870 4122 ineunte
2897 4072 3168 4137 juventute
3220 4075 3394 4127 sedere
3426 4094 3512 4128 so-

259 4167 414 4238 μετὰ
468 4166 788 4232 συνεδρίου
844 4162 1030 4217 αὐτοῦ
1090 4159 1434 4220 παιζόντων.
1497 4158 1847 4225 Καταμόνας

263 4259 595 4327 ἐκαθήμην,
637 4256 725 4309 ὅτι
777 4255 1014 4322 πικρίας
1059 4251 1466 4317 ἐνεπλήσθην.

343 4472 449 4527 Kal
481 4470 790 4537 προσῆλθε
820 4468 967 4536 πρὸς
997 4469 1182 4521 αὑτὸν
1209 4470 1240 4520 ό
1263 4468 1528 4534 πρωρεὺς
1554 4465 1648 4519 καὶ
1677 4463 1846 4518 εἶπεν

267 4559 460 4622 αὐτῷ·
503 4562 561 4613 Τί
616 4560 696 4613 σὺ
738 4560 1010 4628 penem;
1079 4557 1347 4621 Ἀνάστα,
1394 4556 1687 4609 ὲπικαλοὺ
1739 4555 1842 4606 τὸν

271 4653 421 4704 θεόν
447 4665 583 4712 σου,
623 4650 782 4714 ὅπως
813 4649 985 4716 σώσῃ
1034 4652 1066 4702 ὁ
1105 4649 1247 4712 Θεὸς
1272 4646 1449 4714 ἡμᾶς,
1504 4645 1601 4698 καὶ
1659 4648 1730 4699 οὺ
1756 4645 1840 4712 μὴ

1951 4157 2057 4210 lum
2079 4158 2122 4186 ¹⁹
2145 4173 2158 4220 ;
2184 4164 2238 4208 et
2277 4158 2469 4209 iterum
2505 4175 2516 4209 :
2551 4155 2673 4210 Non
2719 4160 2828 4209 sedi
2860 4175 2974 4210 cum
3000 4162 3222 4213 com-ilio
3247 4163 3520 4214 illusorum

1947 4249 2059 4315 ejus
2085 4248 2226 4299 “.—
2248 4247 2406 4301 Solus
2435 4259 2482 4299 et
2507 4251 2794 4312 separatio:
2824 4250 2956 4312 sedi,
2984 4255 3228 4318 quoniam
3259 4255 3520 4305 amaritu-

1949 4338 2069 4390 dine
2107 4337 2337 4404 repletus
2377 4353 2491 4388 sunt
2517 4339 2579 4389 ".

2021 4468 2185 4523 Vens.
2221 4469 2274 4522 6.
2322 4469 2389 4522 Et
2436 4473 2658 4524 accessit
2700 4475 2771 4532 ad
2805 4490 2921 4526 eum
2970 4489 3141 4538 prora:
3177 4477 3518 4543 gubernator,

1949 4560 2123 4612 dicens
2159 4560 2206 4613 ei
2246 4577 2265 4612 .·
2299 4560 2371 4612 Tu
2419 4562 2542 4630 quid
2599 4565 2819 4617 stertis?
2881 4562 3067 4632 Surge,
3119 4566 3301 4616 invoca
3355 4564 3518 4617 Deum

1949 4660 2117 4714 tuum,
2137 4652 2183 4702 si
2213 4651 2323 4718 fors
2344 4668 2436 4705 nos
2470 4668 2626 4706 servet
2662 4654 2818 4714 Deus,
2854 4666 2900 4705 et
2933 4673 3034 4707 nou
3057 4671 3349 4722 pereamus.
3374 4657 3520 4708 Nau-

267 4742 642 4810 ιὶπολώμεθα.
692 4741 764 4793 Τὸ
794 4740 1041 4791 ναυτικὸν
1075 4739 1294 4807 πλῆθος,
1339 4738 1512 4798 ἄλλως
1565 4737 1664 4804 μὲν
1709 4737 1842 4804 ἁμε-
1871 4755 1920 4814 D

1871 4755 1920 4814 ι)
1948 4744 2052 4796 tica
2084 4744 2393 4806 multitudo,
2452 4745 2586 4798 alias
2628 4760 2877 4811 prorsum
2913 4746 3193 4813 negligens
3226 4747 3436 4804 deceri,
3464 4757 3517 4798 et

270 4835 361 4892 2s;
387 4831 478 4882 τοῦ
508 4831 716 4889 δέοντος
749 4829 841 4879 καὶ
866 4828 1152 4880 ιίισύνετον⁹
1190 4826 1421 4879 ἐνταῦθα
1448 4827 1504 4877 δὲ
1535 4826 1706 4885 οὕτως
1736 4825 1841 4876 ἀπὸ

269 4926 365 4977 τιῦ
411 4923 574 4991 φίὸου
632 4920 964 4982 συνετίζεται
995 4919 1127 4985 (96),
1179 4918 1319 4970 ὥστε
1377 4918 1466 4969 τὸν
1515 4916 1739 4987 πρωρέα
1772 4917 1846 4985 μὴ

275 5018 440 5085 μόνον
468 5014 629 5066 αὑτὸν
659 5011 935 5079 εὔχεσθαι,
990 5009 1125 5060 ἀλλὰ
1180 5012 1274 5061 καὶ
1323 5009 1400 5077 τῷ
1435 5010 1586 5077 Ίωνᾷ
1615 5006 1844 5078 προσελ-

272 5110 457 5170 θὸντα,
520 5107 613 5157 καὶ
665 5103 853 5156 τοῦτον
886 5106 964 5163 εἰς
1004 5103 1164 5172 εὐχὰς
1213 5103 1532 5172 διεγείρειν
1589 5101 1758 5164 οὕτως
1812 5103 1843 5169 ἡ

272 5199 488 5263 ἀνάγκη
517 5194 755 5246 διδάσκει
785 5193 852 5242 τὰ.
902 5191 1108 5244 δέοντα.
1168 5192 1275 5243 Καὶ
1305 5191 1426 5258 ὅρα,
1461 5191 1607 5251 ὅπως
1662 5193 1708 5242 εἰ
1754 5192 1845 5241 καὶ

272 5287 564 5355 διαρὸρους
613 5281 971 5336 ἐπεκαλοῦντο
1025 5281 1209 5346 θεοὺς,
1264 5284 1410 5350 ὅμως
1451 5282 1650 5348 γνῶσιν
1699 5278 1844 5350 εἶχον

351 5465 395 5494 ³⁸
421 5461 563 5514 l‘sal.
599 5476 672 5524 CI,
712 5461 762 5514 8.
847 5461 886 5491 "
922 5457 1121 5511 Thrcn.
1147 5475 1225 5524 in,
1267 5460 1346 5512 l7.

1461 5461 1503 5490 ¹⁰
1538 5460 1678 5511 l'sal.
1731 5475 1852 5518 xxv,
1891 5459 1940 5510 4.

1953 4834 2232 4888 intellectu
2283 4849 2497 4894 carens,
2574 4836 2663 4887 hic
2701 4836 2838 4888 adeo
2898 4836 3189 4888 formidine
3219 4846 3273 4888 et
3321 4852 3518 4904 pavore

1947 4925 2218 4988 eruditur,
2249 4933 2302 4979 et
2335 4925 2642 4993 intelligens
2715 4926 2982 4987 redditur,
3021 4935 3072 4977 nt
3120 4939 3293 4992 prora:
3324 4926 3516 4978 obser-

1953 5026 2129 5076 vator,
2159 5032 2266 5069 non
2315 5017 2430 5084 ipse
2452 5017 2830 5068 tantummodo
2866 5031 3052 5084 preces
3079 5017 3290 5078 I'umlat,
3327 5031 3514 5067 verum

1948 5106 2137 5160 Jonam
2177 5108 2387 5169 adiens,
2419 5123 2542 5161 eum
2581 5108 2743 5162 etiam
2776 5107 2839 5160 ad
2880 5108 3208 5175 precandum
3270 5107 3466 5159 excitet
3501 5125 3512 5157 ι

1948 5198 2082 5252 adeo
2121 5199 2445 5261 necessitas,
2481 5199 2612 5267 quid
2640 5198 2846 5262 deceat,
2906 5196 3041 5249 belle
3074 5196 3251 5249 docet.
3275 5198 3511 5247 Observa

1953 5285 2060 5336 hic.
2093 5283 2234 5353 quod
2293 5285 2507 5338 etiamsi
2565 5284 2745 5336 varios
2775 5282 2904 5337 deos
2961 5283 3348 5345 invocaverint,
3394 5297 3512 5332 eam

2019 5462 2058 5488 "
2100 5460 2298 5513 'l‘hren.
2341 5474 2374 5517 l,
2395 5459 2483 5512 20.

1445 5597 1635 5658 Variae
1684 5595 1984 5658 lectiones
2033 5604 2085 5658 et
2137 5605 2326 5657 noue.

349 5727 461 5797 (illi)
498 5725 942 5801 Συνεπαέρεσθαι,
975 5723 1108 5778 (Σοιι.
1150 5725 1279 5779 't't‘n.
