4210 6436
743 345 844 407 935
1590 328 2160 390 THEOPHYLAC’I‘I
2225 323 2630 387 BULGARUE
2682 323 3037 384 ARCHIEP.
3861 323 3970 386 936

740 449 839 503 (‘eti
882 451 1203 515 prmsentem
1249 439 1468 508 reperit,
1530 439 1840 507 gratiasque
1894 439 2003 506 agit
2041 436 2118 490 illi
2155 435 2300 505 quod
2329 453 2379 513 Α

2329 453 2379 513 Α
2406 432 2791 503 ἐπιφαίνεσθαι
2842 433 3110 502 οἰόμενος,
3163 432 3258 486 νῦν
3288 435 3533 503 εὑρίσκει
3577 436 3740 488 αὑτὸν
3775 435 3830 488 ὲν
3870 451 3987 488 κοι-

740 555 796 592 se
846 537 1165 598 serwvcrit,
1219 547 1280 585 ae
1318 545 1507 600 preces
1560 545 1689 585 snas
1719 538 2002 597 sust-optas
2054 543 2176 595 csse
2208 529 2303 588 ait,

2291 567 2303 588 ,
2408 527 2498 597 λίᾳ
2538 523 2632 579 τοῦ
2675 525 2878 600 κήτους
2919 523 3188 592 παρόντα,
3226 525 3319 578 καὶ
3349 528 3661 594 εὐχαριστεῖ
3702 525 3779 595 τῷ
3811 542 3951 580 σεσω

742 632 855 683 sive
908 639 1166 696 tanquam
1229 623 1491 691 propheta
1562 622 1768 691 Spiritu
1822 620 1925 673 hoc
1976 619 2307 689 intelligens,

2411 622 2549 684 κὸτι,
2578 618 2670 673 καί
2709 634 2896 686 φησιν,
2938 618 3018 670 ὅτι
3047 617 3238 687 ἐδέχθη
3273 616 3479 688 αὺτῷἡ
3514 619 3809 688 προσευχὴ,
3841 620 3874 689 ἢ
3912 621 3988 682 ὡς

742 721 854 772 sive
896 733 990 786 per
1043 713 1337 767 verisimile
1371 713 1476 766 hoc
1506 712 1716 765 dicens.
1781 709 1900 764 Non
1948 710 2095 762 enim
2138 723 2312 777 usque

2411 710 2735 781 προφητικῷ
2785 710 3062 779 Πνεύματι
3095 709 3275 772 συνεὶς
3323 710 3501 776 τοῦτο,
3550 711 3582 779 ῆ
3621 713 3715 764 καὶ
3743 713 3886 765 κατὰ
3931 713 3991 764 τδ

745 824 890 861 nunc
913 810 1087 865 vivus,
1111 806 1311 873 inquit,
1367 803 1812 872 permansissem,
1847 801 1949 853 nisi
1986 800 2311 854 exaudisses

2413 801 2560 862 εἰκὸς
2588 800 2745 854 τοῦτο
2773 799 2968 867 λέγων.
2995 801 3068 851 Οὐ
3100 803 3208 868 γὰρ
3248 801 3315 854 ἂν
3339 801 3614 856 διετέλεσα
3640 801 3771 866 ζῶν,
3828 803 3988 871 φησὶ,

749 898 1115 967 precationem
1178 911 1378 949 meam.
1413 892 1615 946 Inferni
1651 907 1814 961 porro
1842 901 2107 952 ventrem,
2141 889 2312 956 ipsam

745 992 847 1043 ceti
879 993 1053 1043 alvum
1083 989 1405 1048 nominavit,
1443 992 1556 1038 tum
1592 985 1735 1053 quod
1771 983 1944 1036 bellua
1979 981 2049 1034 sit
2101 981 2314 1034 letlialis

749 1099 810 1134 ae
869 1082 1170 1139 mortifera,
1233 1087 1345 1130 tum
1407 1077 1554 1155 quod
1600 1076 1750 1144 191
1808 1089 1872 1127 ex
1931 1083 2126 1126 natura
2187 1072 2314 1124 farti

752 1183 1002 1226 nturlnns
1032 1181 1199 1233 esset,
1232 1169 1440 1223 viveret
1480 1179 1660 1222 autem
1686 1167 1799 1220 sola
1826 1166 1917 1219 Dei
1941 1167 2136 1234 gratia.
2166 1165 2316 1219 Alias

752 1280 848 1317 Ceu
876 1275 1034 1333 typus
1065 1263 1295 1322 Christi,
1338 1262 1431 1329 qui
1466 1262 1518 1312 in
1549 1258 1715 1312 corde
1749 1266 1908 1311 terra:
1946 1268 2058 1311 tres
2088 1257 2207 1310 dies
2252 1271 2315 1310 ac

754 1369 862 1406 tres
903 1361 1090 1404 noctes
1117 1355 1248 1419 egit,
1290 1364 1393 1402 non
1418 1347 1688 1400 immerito
1718 1362 1775 1399 se
1807 1347 1858 1398 in
1900 1353 2087 1398 ventre
2116 1345 2316 1398 inferni

759 1447 926 1496 I‘uissc
959 1446 1052 1494 ait.
1119 1443 1332 1492 Intuere
1365 1439 1450 1492 hic
1485 1454 1593 1491 rem
1631 1437 2022 1490 admirandam.
2059 1436 2160 1500 Qui
2199 1449 2323 1489 vere

759 1532 996 1598 gustavit
1035 1539 1261 1580 mortem
1289 1527 1563 1586 Christus,
1601 1525 1850 1593 praedixit
1881 1528 1931 1577 in
1976 1524 2134 1578 corde
2165 1533 2324 1577 terra

758 1639 816 1672 se
856 1619 1018 1672 tridui
1074 1627 1127 1669 et
1189 1618 1432 1669 trinoclii
1464 1622 1641 1682 spatio
1675 1613 1942 1678 futurum,
1970 1630 2144 1683 neque
2177 1628 2322 1666 mor-

761 1724 866 1763 tem
932 1726 1107 1776 neque
1136 1709 1407 1762 infernum
1445 1707 1781 1760 recordatus.
1847 1705 1945 1758 llic
1973 1721 2100 1759 vero
2126 1706 2178 1757 in
2211 1720 2329 1756 lllll-

2419 891 2580 961 μέχρι
2625 890 2719 944 τοῦ
2775 890 2889 952 νῦν,
2938 892 2986 942 εί
3043 894 3120 963 μὴ
3178 891 3507 962 είσήκουσας
3553 894 3651 962 τῆς
3678 892 3990 964 προσευχῆς

2422 1001 2544 1053 μου,
2577 982 2741 1052 ’ᾼδου
2789 983 2844 1036 δὲ
2875 983 3102 1048 κοιλίαν,
3159 985 3258 1054 τὴν
3309 983 3404 1036 τοῦ
3461 985 3661 1053 κήτους
3710 985 3994 1054 ὠνόμασε,

2419 1075 2512 1126 καὶ
2569 1073 2651 1125 ὃτι
2701 1074 2763 1126 τὸ
2817 1074 2957 1138 ζῶον
3009 1073 3408 1144 θανατηφόρον,
3463 1075 3556 1126 καὶ
3591 1075 3671 1127 δτι
3717 1079 3784 1145 τῇ
3833 1074 3994 1143 φύσει

2418 1166 2512 1219 τοῦ
2541 1165 2821 1233 γεγονότος
2864 1166 3054 1236 νεκρὸς
3087 1160 3154 1234 ἦν
3182 1181 3195 1195 ’
3235 1165 3332 1231 ἔζη
3362 1166 3416 1218 δὲ
3452 1165 3588 1235 μόνῃ
3619 1165 3752 1217 Θεοῦ
3789 1167 3994 1236 χάριτι.

2426 1257 2632 1321 Ἀλλως
2658 1274 2713 1308 τε
2737 1260 2831 1310 καί
2861 1259 2936 1319 ὡς
2956 1259 3125 1322 τύπος
3161 1259 3420 1328 Χριστοῦ,
3462 1260 3520 1310 ἐν
3547 1258 3743 1328 καρδίᾳ
3773 1260 3870 1326 τῆς
3897 1261 3999 1325 γὶς

2422 1349 2570 1416 τρεῖς
2598 1347 2810 1418 ἡμέρας
2857 1347 2952 1399 καὶ
3012 1351 3161 1419 τρεῖς
3190 1351 3391 1412 νύκτας
3424 1349 3819 1417 διαγεγονότος.
3856 1351 4003 1403 clad.

2423 1455 2532 1501 τως
2567 1442 2625 1490 ὲν
2654 1440 2832 1510 κοιλίᾳ
2863 1438 2990 1510 ᾅδου
3022 1440 3442 1510 διαγεγενῆσθαί
3486 1459 3640 1510 φησι.
3671 1443 3782 1495 Καὶ
3807 1443 3909 1514 ὅρα
3941 1442 3998 1494 τί

2427 1531 2728 1597 παράδοξον
2755 1548 2765 1560 ·
2812 1532 2869 1585 '0
2905 1531 3002 1600 μὲν
3029 1531 3246 1599 ἀληθῶς
3275 1532 3368 1584 τοῦ
3393 1531 3624 1586 Θανάτου
3641 1536 4004 1601 γευσάμενος,

2429 1619 2485 1669 ὲν
2514 1622 2580 1688 τῇ
2608 1621 2809 1691 καρδίᾳ
2839 1623 2940 1692 τῆς
2970 1623 3070 1691 γῆς
3097 1623 3198 1692 ἔφη
3229 1623 3448 1676 ἔσεσθαι
3480 1627 3626 1692 τρεῖς
3657 1625 3868 1695 ἡμέρας
3914 1628 4009 1678 καὶ

2429 1711 2572 1778 τρεῖς
2600 1709 2824 1778 νύκτας,
2877 1713 2951 1781 μὴ
2989 1714 3370 1783 μνημονεύσας
3425 1716 3572 1785 ᾅδου,
3604 1717 3634 1787 ἢ
3678 1716 3915 1769 Θανάτου
3939 1735 3952 1746 ·
3980 1723 4007 1771 6

763 1807 855 1856 bra
906 1805 1098 1855 mortis
1152 1803 1488 1854 constitutus
1518 1798 1704 1859 Jonas,
1744 1811 1850 1850 non
1886 1812 2013 1850 vere
2048 1804 2322 1856 mortuus,
2357 1801 2398 1856 Β

2357 1801 2398 1856 Β
2428 1801 2484 1854 δὲ
2515 1803 2572 1853 ἐν
2623 1805 2752 1873 σκιᾷ
2797 1802 2889 1856 τοῦ
2929 1804 3160 1859 θανάτου
3205 1806 3278 1858 ὢν
3318 1808 3520 1871 Ἰωνᾶς,
3551 1814 3642 1862 καὶ
3681 1811 3756 1878 μὴ
3789 1809 4009 1877 dir-‘06:;

761 1897 1061 1950 inferorum
1093 1895 1424 1947 mentionem
1460 1893 1587 1947 lacit
1619 1910 1630 1942 :
1671 1904 1725 1945 ut
1769 1893 1952 1946 discas
1982 1891 2212 1945 Domino
2235 1905 2332 1944 no—

764 1999 898 2049 Strn,
951 1998 1208 2054 tanquam
1247 1985 1377 2048 Deo,
1418 1993 1648 2037 mortem
1710 1984 1879 2036 luisse
1912 1984 2240 2046 ultroneam,
2282 1990 2334 2035 et

765 2098 873 2132 suae
912 2079 1235 2138 voluntatis,
1267 2093 1330 2129 ac
1362 2075 1823 2128 resurrectionem
1862 2075 1917 2125 in
1952 2074 2122 2141 ipsius
2181 2081 2334 2140 pote-

765 2181 904 2222 state
959 2172 1040 2222 vel
1092 2171 1362 2222 :H'blll‘nltl
1417 2167 1586 2220 luisse
1621 2183 1632 2216 :
1666 2181 1784 2219 eam
1839 2167 1909 2218 ob
1966 2179 2190 2218 causam
2239 2179 2334 2216 cur

769 2272 930 2313 terra:
967 2261 1122 2320 dixit,
1159 2276 1263 2312 non
1299 2266 1554 2318 mortem,
1616 2271 1794 2325 neque
1832 2254 2078 2308 Plutonis
2107 2254 2336 2324 regiam.

767 2353 918 2406 Jona:
949 2370 1076 2406 vero
1101 2368 1206 2404 non
1243 2363 1360 2405 erat
1402 2350 1454 2402 in
1488 2350 1707 2418 prOpria
1737 2356 2001 2415 potestate
2030 2347 2174 2398 vita:
2213 2360 2340 2414 pro-

771 2454 952 2513 pterea
982 2444 1144 2497 veluti
1194 2443 1334 2510 apud
1387 2440 1593 2494 inferos
1624 2440 1915 2500 cxsistens,
1943 2444 2207 2506 quantum
2250 2445 2336 2488 at-

770 2541 906 2590 tinet
943 2539 1007 2588 al
1041 2546 1293 2588 naturam
1348 2535 1468 2601 ejus
1504 2532 1630 2586 lacti
1665 2533 1773 2596 sui,
1804 2530 1908 2583 alvi
1940 2529 2189 2583 Plutonis
2233 2544 2341 2582 me-

774 2631 948 2682 minit.
987 2627 1253 2682 Clamavit
1279 2627 1440 2680 etiam
1474 2624 1732 2676 Dolninus
1763 2623 1813 2674 in
1845 2621 2197 2674 tribulatione
2237 2635 2336 2672 sua

777 2721 828 2771 ia
862 2733 1023 2770 cruce
1058 2719 1120 2768 ad
1149 2715 1385 2775 Patrem,
1410 2712 1600 2772 Pater,
1628 2710 1833 2762 dimitte
1862 2709 1970 2760 illis
1988 2707 2339 2775 peccatum",

773 2821 827 2862 ct
863 2810 1086 2862 omnino
1118 2806 1415 2860 exauditus
1440 2813 1542 2858 est.
1577 2802 1868 2855 Dimissum
1902 2809 1984 2853 est
2020 2799 2165 2853 enim
2221 2813 2344 2866 pec-

779 2912 959 2954 catum
997 2901 1066 2952 iis
1101 2899 1190 2967 qui
1227 2899 1279 2950 in
1325 2895 1712 2949 incredulitate
1746 2906 1844 2945 sua
1896 2906 2000 2943 ncn
2032 2903 2344 2958 permanse-

2429 1894 2627 1961 θανὼν,
2689 1897 2815 1967 ᾅδου
2875 1900 3241 1970 μνημονεύει’
3291 1903 3376 1954 ἵνα
3433 1903 3630 1974 μάθῃς,
3668 1904 3748 1956 δτι
3789 1905 3870 1975 τῷ
3913 1904 4010 1972 μὲν

2433 1989 2622 2057 Κυρίῳ
2672 1989 2745 2051 ὡς
2804 1990 2921 2058 Θεῷ
2977 1991 3072 2044 καὶ
3101 1994 3129 2044 6
3164 1991 3392 2056 θάνατος
3441 1995 3788 2063 αὐθαίρετος,
3849 1997 3946 2047 καὶ
3977 1998 4010 2061 η

2431 2083 2730 2143 ἀνάστασις
2775 2083 3150 2148 αὑτεξούσιοςο
3185 2086 3264 2138 διὸ
3295 2088 3520 2157 καρδίαν
3566 2089 3664 2155 γῆς
3699 2087 4008 2157 ὠνόμασεν,

2433 2171 2554 2240 οὐχὶ
2599 2170 2852 2234 θάνατον,
2902 2173 3023 2226 οὐδὲ
3080 2175 3237 2244 ᾅδην.
3286 2178 3375 2245 Τῷ
3403 2179 3459 2230 δὲ
3502 2179 3676 2248 Ἰωνᾷ,
3707 2179 3808 2230 οὐκ
3851 2181 3911 2230 tv
3949 2181 4013 2247 τῇ

2436 2259 2657 2330 ἐξουσίᾳ
2695 2257 2762 2330 ἦν
2797 2264 2829 2331 ἡ
2863 2265 2974 2333 ζωή
3004 2279 3017 2292 ⁶
3053 2264 3133 2317 διὸ
3159 2267 3231 2327 ὡς
3265 2269 3323 2320 ἐν
3350 2268 3450 2339 ᾄδῃ
3489 2269 3586 2334 ὢν,
3617 2270 3739 2322 ὅσον
3780 2286 3844 2337 γε
3875 2269 4017 2321 κατὰ

2438 2355 2729 2424 τὴνφύσιν
2776 2359 2872 2410 τοῦ
2930 2361 3237 2430 γινομένου,
3295 2363 3500 2423 κοιλίας
3559 2363 3685 2433 ᾅδου
3739 2363 4016 2432 ἐμνήσθη.

2451 2447 2671 2516 Ἐϐόησε
2724 2449 2778 2502 δὲ
2825 2454 2916 2503 καὶ
2942 2455 2969 2504 6
3005 2453 3205 2523 Κύριος
3253 2457 3308 2507 ὲν
3344 2458 3407 2525 τῇ
3440 2456 3615 2524 θλίψει
3643 2458 3711 2527 τῇ
3746 2456 3895 2509 κατὰ
3929 2456 4022 2506 τὸν

2443 2540 2699 2607 σταυρὸν,
2737 2541 2870 2610 πρὸς
2915 2543 3003 2594 τὸν
3041 2545 3298 2612 Πατέρα·
3353 2546 3565 2612 Πάτερ,
3625 2546 3773 2614 ἄφες
3819 2544 4024 2607 αὐτοῖς

2444 2630 2559 2696 τὴν·
2608 2633 2901 2700 ἁμαρτίαν
2953 2634 3100 2702 (15)·
3145 2635 3242 2686 καὶ
3289 2636 3618 2705 εἰσηκούσθη
3653 2637 3898 2697 πάντως.
3945 2635 4028 2685 Ἀ·

2449 2719 2607 2789 φείθη
2635 2722 2745 2790 γὰρ
2782 2725 2894 2784 ταῖς
2921 2723 2996 2793 μὴ
3022 2727 3087 2794 τῇ
3120 2727 3347 2795 ἀπιστίᾳ
3369 2727 3692 2796 ’ἐμμείνασμ
3722 2726 3953 2779 Κοιλίαν
3975 2725 4028 2776 δὲ

2452 2807 2579 2877 ᾅδου
2605 2811 2723 2879 τάχ’
2771 2812 2837 2864 ἄν
2867 2830 2949 2875 τις
2981 2814 3126 2867 εἴποι
3174 2817 3268 2867 καὶ
3300 2817 3391 2868 τὸν
3423 2818 3658 2885 σταυρόν
3691 2834 3702 2846 ο
3729 2810 3891 2879 οὗτος
3923 2817 4029 2885 γὰρ

2455 2897 2547 2949 τὸν
2578 2899 2717 2969 ὑπὲρ
2748 2901 2905 2970 ἡμῶν
2926 2901 3020 2954 τοῦ
3049 2901 3251 2973 Κυρίου
3283 2905 3514 2958 θάνατον
3545 2905 3864 2973 ἐγέννησεν.

782 3001 928 3048 runt.
951 2991 1151 3044 Forsan
1176 3000 1221 3042 et
1238 2990 1412 3042 alvum
1435 2985 1628 3042 inferni
1646 2984 1825 3038 dicere
1846 2983 1969 3051 quis
1985 2996 2201 3036 crucem
2227 2983 2398 3050 possit
2425 3000 2438 3035 :
2467 2987 2557 3041 illa
2581 2992 2722 3043 enim
2758 3007 2856 3062 pro
2914 3001 3097 3046 nostra
3120 2994 3294 3048 salute
3321 2995 3527 3048 Domini
3548 3004 3776 3050 mortem
3801 2995 4031 3063 peperi'.

852 3084 1018 3138 Vnus.
1045 3085 1098 3136 4.
1133 3081 1378 3150 Dejecisti
1404 3096 1480 3131 me
1506 3079 1562 3130 in
1593 3077 1856 3144 profunda
1886 3074 2061 3126 cordis
2088 3074 2273 3135 maris,
2305 3085 2351 3126 el
2385 3084 2426 3141 c

793 3178 1009 3228 ’Iumina
1053 3174 1426 3226 circumierunt
1467 3186 1566 3222 me.
1606 3169 1715 3221 Cor
1748 3168 1912 3219 maris
1943 3165 2190 3229 audiens,
2241 3179 2354 3217 me-

791 3280 972 3322 mento
1013 3267 1224 3318 Domini
1260 3261 1494 3316 dicentis
1528 3276 1585 3314 se
1616 3259 1857 3313 futurum
1899 3257 1952 3308 in
1985 3254 2145 3309 corde
2176 3264 2354 3317 terrm,

792 3363 1024 3427 videqne
1061 3368 1244 3426 typum
1278 3353 1490 3406 veritati
1523 3359 1937 3404 consonantem.
1972 3344 2146 3397 Variis
2178 3355 2356 3396 autem

793 3453 968 3506 modis
1031 3461 1182 3503 vates
1236 3444 1381 3515 quod
1429 3459 1612 3498 secum
1654 3441 1883 3508 contigit
1945 3437 2210 3500 enuntiat,
2249 3451 2362 3487 ma-

797 3540 1063 3606 gnilicans
1113 3536 1198 3587 Dei
1233 3534 1461 3602 gratiam
1494 3545 1614 3600 quae
1644 3529 1748 3583 sibi
1788 3526 2008 3581 obvenit
2050 3543 2062 3578 :
2093 3523 2248 3593 juxta
2281 3540 2360 3575 ιιι-

795 3631 986 3682 dicaus
1038 3627 1335 3695 potentiam
1409 3623 1524 3686 Dei,
1585 3632 1640 3674 ut
1698 3621 1788 3689 qui
1853 3634 1919 3672 ex
1966 3619 2159 3685 quovis
2221 3617 2365 3669 malo

801 3735 1024 3774 servare
1056 3719 1252 3784 possit,
1292 3714 1504 3770 etiamsi
1540 3711 2006 3766 terribilissimutn
2047 3709 2229 3761 lueiit.
2250 3707 2366 3760 Non

799 3812 942 3865 enim
995 3809 1318 3876 simpliciter
1350 3805 1510 3867 dixit,
1549 3806 1600 3856 In
1640 3801 1904 3872 profunda
1939 3841 1953 3864 ,
1989 3799 2081 3853 sed
2113 3799 2368 3867 apposuit

799 3901 964 3953 etiam
994 3897 1204 3950 Cordis.
1236 3895 1368 3948 Cum
1390 3897 1533 3947 enim
1566 3909 1660 3947 cor
1691 3891 1935 3945 videatur
1962 3905 2083 3943 esse
2113 3889 2369 3942 intimum

801 3989 1126 4040 animantis.
1156 3995 1208 4038 et
1232 3985 1500 4053 praecipua
1526 3998 1671 4050 pars,
1705 3981 2030 4050 hyperbolen
2065 3980 2152 4032 hic
2182 3989 2371 4032 osten-

802 4083 957 4139 dens,
1011 4077 1075 4130 In
1115 4076 1379 4143 profunda
1430 4075 1626 4139 cordis,
1672 4074 1830 4137 dixit,
1894 4086 1992 4140 pro
2042 4071 2271 4133 intimis,
2309 4083 2373 4122 ac

805 4172 849 4224 si
888 4170 1034 4222 dicat
1065 4185 1076 4219 :
1111 4167 1169 4218 ln
1206 4167 1368 4217 maris
1396 4166 1581 4216 intima
1615 4177 1698 4215 me
1727 4161 1973 4230 deiecisti
1999 4159 2113 4228 (Μ)
2147 4157 2375 4227 (balaena

803 4262 947 4313 enim
977 4263 1027 4312 in
1053 4257 1321 4326 profundo
1344 4251 1825 4321 inuratur).ipsius
1859 4251 2064 4304 balenat
2087 4265 2172 4302 me
2191 4249 2375 4300 intima

805 4348 1356 4420 comprehenderunt.
1413 4345 1662 4397 Flumina
1711 4357 1838 4396 vero
1891 4342 2060 4403 dixit,
2115 4340 2375 4391 ﬂuctuum

2543 3082 3012 3153 Ἀπέρῤιψάς,με
3062 3089 3150 3150 εἰς
3195 3086 3356 3152 ,ϐάθη
3403 3087 3647 3153 καρδίας
3688 3086 4030 3152 θαλάσσης.

2458 3176 2554 3227 καί
2597 3181 2846 3243 ποταμοὶ
2897 3177 3256 3230 ἐκύκλωσὰν
3295 3194 3389 3245 με.
3450 3177 3692 3245 Καρδίαν
3753 3178 4034 3246 θαλάσσης

2458 3268 2690 3331 ἁκούων,
2721 3266 2985 3337 μνήσθητι
3023 3267 3112 3319 τοῦ
3143 3268 3349 3339 Κυρίου
3378 3269 3645 3333 εἰπόντος,
3679 3270 3760 3322 ὅτι
3797 3269 3957 3320 ἔσται
3983 3272 4035 3318 ὲν

2460 3361 2526 3426 τῇ
2570 3359 2765 3428 καρδίᾳ
2804 3359 2901 3426 τῆς
2922 3357 3047 3425 γῆς,
3086 3359 3179 3411 καὶ
3231 3360 3333 3428 ὅρα
3375 3360 3465 3411 τὶν
3496 3358 3664 3412 τύπον
3707 3362 3774 3428 τῇ
3807 3359 4039 3426 ἀληθείᾳ

2465 3450 2876 3518 συμφωνοῦντα.
2925 3451 3284 3520 Πολυτρόπως
3314 3451 3370 3505 δὲ
3413 3451 3686 3521 ἐξηγεῖται
3724 3451 3788 3504 τδ
3821 3451 4039 3520 συμϐὰν

2463 3541 2489 3589 ὁ
2527 3539 2831 3606 προφήτης,
2880 3538 3197 3607 μεγαλύνων
3243 3541 3343 3608 τὴν
3395 3542 3474 3602 εἰς
3530 3540 3690 3592 αὑτὸν
3735 3541 4040 3608 γενομένην

2465 3634 2624 3701 χάριν
2650 3631 2741 3682 τοῦ
2774 3631 2930 3695 Θεοῦ,
2967 3631 3059 3684 καὶ
3078 3630 3294 3693 δεικνὺς
3325 3629 3440 3700 ἃμα
3461 3630 3560 3698 τὴν
3588 3628 3820 3697 δύναμιν
3850 3629 4039 3688 αὑτοῦ,

2468 3719 2540 3780 ὡς
2584 3719 2855 3787 ἰσχύοντος
2891 3723 2953 3773 ἐκ
2988 3719 3183 3783 παντὸς
3209 3718 3379 3773 κακοῦ
3421 3718 3636 3783 σώζειν,
3660 3719 3762 3770 κᾶν
3797 3717 4043 3785 φοϐερώο

2469 3827 2628 3862 τατον
2661 3813 2742 3879 εἴη
2765 3825 2779 3838 ·
2807 3811 2867 3862 οὐ
2897 3812 3003 3881 γὰρ
3039 3808 3190 3863 εἶπεν
3240 3811 3449 3873 ἁπλῶς,
3474 3811 3566 3872 El;
3607 3812 3675 3862 τὰ
3711 3808 3875 3876 βάθη,
3913 3810 4046 3861 ἀλλα

2472 3899 2778 3969 προσέθηκε
2808 3902 2924 3961 καὶ,
2953 3899 3227 3968 Καρδίας.
3260 3899 3478 3968 Ἐπειδὴ
3504 3898 3662 3968 γὰρὴ
3683 3898 3880 3966 καρδία
3907 3897 4047 3948 δοκεῖ

2470 3991 2532 4042 τὸ
2559 3989 2827 4043 ἑσώτατον
2867 3987 3004 4043 εἶναι
3041 3989 3136 4042 τοῦ
3181 3988 3322 4054 ζώου
3364 3991 3458 4043 καὶ
3492 3987 3852 4058 κυριώτατον,
3882 3988 4047 4056 ὑπερ·

2473 4080 2633 4148 ϐολὴν
2664 4080 2892 4131 ἐνταῦθα
2933 4080 3164 4145 δεικνὺς,
3209 4082 3311 4147 Εἰς
3350 4080 3513 4146 ,βάοη
3552 4079 3837 4146 καρδίας,
3876 4077 4046 4134 εἶπεν,

2475 4172 2554 4232 είς
2575 4170 2641 4222 τὰ
2663 4169 2908 4223 ὲσώτατα
2928 4184 2940 4197 ·
2988 4168 3062 4231 ὡς
3095 4170 3159 4223 ἂν
3185 4172 3232 4222 εί
3264 4170 3417 4237 ἔλεγε
3445 4186 3456 4200 ·
3487 4169 3606 4220 Τῶν
3635 4169 3926 4220 ἐσωτάτων
3955 4169 4047 4228 τῆς

2480 4261 2752 4327 eadem;
2786 4277 2849 4330 με
2880 4259 3189 4331 ἀπέρριψας
3217 4259 3296 4328 (τὸ
3322 4261 3428 4330 γὰρ
3453 4259 3616 4328 κῆτος
3639 4261 3695 4312 ὲν
3724 4262 3833 4320 τ;ῖ;
3865 4259 4048 4327 βὰῧεςι

2478 4353 2760 4423 διατρίϐει)
2789 4369 2802 4382 ·
2834 4351 2996 4404 αὐτοῦ
3021 4351 3076 4404 δὲ
3093 4351 3186 4403 τοῦ
3220 4353 3416 4420 κήτους
3445 4351 3509 4402 τὰ
3529 4349 3776 4402 ὲσὼτατά
3804 4367 3872 4417 με
3901 4367 4044 4414 περι-

811 4446 1072 4504 insnltns,
1103 4442 1219 4494 sive
1248 4438 1392 4506 qund
1423 4437 1643 4488 [lumina
1664 4449 1784 4488 sese
1810 4435 1862 4486 in
1893 4447 2038 4485 mare
2058 4438 2374 4483 exonerent.
2410 4435 2454 4490 1)

2410 4435 2454 4490 Ι)
2486 4449 2662 4514 έσχον.
2707 4443 2987 4512 Ποταμοὺς
3041 4441 3096 4494 δὲ
3129 4442 3272 4509 λέγει
3303 4442 3409 4494 τῶν
3447 4441 3706 4509 κυμάτων
3749 4439 3850 4500 τὰς
3884 4457 4049 4508 προς-

807 4533 925 4586 Jazn
971 4534 1060 4600 qui
1118 4548 1145 4583 a
1185 4532 1314 4583 Inani
1356 4531 1616 4597 cingitur,
1656 4541 1684 4579 a
1721 4525 2034 4579 ﬂuminibus
2069 4532 2216 4576 certe
2260 4521 2368 4572 cir-

812 4627 1129 4679 cumlinitur
1150 4624 1325 4691 juxta.

885 4829 1100 4882 Cuncta:
1125 4825 1476 4879 sublimitates
1503 4831 1604 4874 tua:
1624 4820 1734 4889 (l5)
1762 4833 1914 4884 super
1932 4833 2009 4869 me
2028 4815 2371 4867 transierunt.

816 4921 1046 4984 Quando
1073 4957 1086 4976 ,
1117 4918 1292 4985 inquit
1321 4954 1334 4975 ,
1370 4915 1424 4965 in
1457 4913 1579 4965 navi
1611 4926 1783 4973 eram,
1821 4908 2183 4961 sublimitates
2215 4903 2383 4956 habe-

816 5014 964 5075 bam,
1019 5025 1118 5062 ceu
1158 5009 1276 5060 navi
1311 5021 1339 5058 a
1377 5004 1633 5058 ﬂuctibus
1680 5003 1731 5055 in
1782 5004 1947 5053 altum
1983 4999 2223 5051 sublata.
2261 4993 2388 5045 Tune

819 5117 950 5153 vero
984 5101 1100 5152 istm
1132 5098 1548 5151 sublimationes
1585 5094 1809 5149 luerunt
1856 5101 1909 5145 et
1959 5090 2180 5150 ﬂuctus,
2218 5085 2381 5139 veluti

821 5211 881 5246 ex
912 5204 1002 5246 tuo
1040 5189 1294 5242 mandato
1317 5188 1579 5242 suscitati.

933 5394 971 5419 ²’
1013 5392 1140 5442 Luc.
1176 5403 1327 5452 χχιιι,
1366 5386 1454 5439 Η.

2489 4538 2670 4598 ϐολάς.
2746 4537 2815 4587 ’11
2855 4535 3038 4602 ἐπειδὴ
3079 4535 3173 4588 καὶ
3215 4534 3448 4602 ποταμοὶ
3480 4531 3807 4601 ἐμϐάλλουσι
3852 4535 3917 4600 τῇ
3961 4531 4050 4582 θα-

2489 4631 2685 4702 λάσσῃ,
2715 4632 2743 4681 6
2772 4630 2874 4681 ὑπὸ
2901 4630 2998 4698 τῆς
3020 4628 3289 4696 θαλάσσης
3318 4627 3703 4695 κυκλούμενος,
3734 4625 3937 4694 δηλαδὴ
3965 4644 3995 4676 κ
4032 4627 4052 4675 l

2493 4725 2598 4777 61:6
2630 4723 2736 4775 τῶν
2766 4723 3025 4790 ποταμῶν
3057 4721 3370 4775 κυκλοῦται.

2565 4815 2793 4877 Πάντες
2838 4816 2889 4865 οί
2942 4813 3323 4881 μετεωρισμοί
3378 4827 3514 4873 σου,
3571 4809 3778 4863 καὶτὰ
3825 4811 4052 4876 κύματά

2495 4927 2609 4961 σου
2650 4909 2743 4960 ἐπ’
2791 4906 2892 4974 ἐμὲ
2943 4905 3209 4971 διῆλθον.
3254 4906 3380 4956 Ὀτε
3435 4905 3602 4972 ήμην,
3660 4904 3845 4971 φησὶν,
3891 4905 3946 4953 ἐν
3984 4903 4053 4970 τῷ

2496 4999 2689 5067 πλοίῳ,
2725 4996 3125 5066 μετεωρισμοῦς
3162 4989 3328 5064 εἶχον,
3362 4993 3455 5046 ἆτε
3483 4996 3581 5061 τῆς
3610 4991 3744 5053 νεὼς
3777 4993 4050 5059 μετεώρου

2495 5089 2784 5159 γινομένης
2813 5087 2915 5139 ὑπὸ
2945 5086 3049 5138 τῶν
3075 5087 3352 5155 κυμάτων.
3387 5085 3473 5137 Σοὶ
3497 5085 3551 5136 δὲ
3583 5080 3721 5155 ἦσαν
3750 5084 3800 5134 οί
3830 5081 4050 5134 τοιοῦτ’,ι

2499 5181 2865 5253 μετεωρισμοὶ
2889 5178 2982 5232 καὶ
3002 5180 3068 5230 τὰ
3091 5177 3330 5246 κύματα,
3360 5175 3434 5238 ὡς
3464 5181 3605 5228 κατὰ
3626 5177 3722 5243 τὴν
3763 5173 3865 5244 σὴν
3890 5173 4050 5241 πρίσ-

2501 5275 2653 5340 ταξιν
2684 5271 3074 5341 συνιστάμενα.

1995 5489 2194 5553 Variae
2237 5481 2551 5545 lectiones
2599 5483 2660 5538 et
2701 5485 2893 5538 notaa.

904 5656 1042 5726 (13‘
1094 5653 1204 5726 Τὴν
1269 5655 1541 5725 ἁμαρτίαν
1624 5649 1825 5720 ταύτην
1864 5689 1876 5713 ,
1935 5652 2202 5714 peccatum
2283 5633 2396 5694 hoc.

836 5728 968 5781 Cod.
1016 5726 1144 5779 Ven.

2586 5628 2694 5698 (l4)
2736 5628 2783 5698 β
2813 5626 2972 5678 maris
2995 5627 3193 5680 intimis
3227 5641 3306 5679 me
3326 5624 3542 5698 rjecisti.

2588 5692 2697 5770 (I5)
2737 5696 2972 5768 Uterque
3003 5699 3124 5753 cod.
3164 5692 3411 5765 addit,'ct
3435 5692 3746 5762 ﬂuctustui.
