4210 6436
228 399 335 457 i177

1007 401 1410 461 sxrosmo
1459 401 1542 460 1N
1587 380 2046 460 rnornE'ran
2086 401 2414 460 NAUM.—
2443 402 2600 462 CAP.
2634 401 2685 462 ι.

3373 396 3474 460 97E

228 507 359 566 τσῦ,
412 507 505 558 καὶ
544 507 750 560 aetna»-
798 509 907 560 οὐκ
975 510 1433 578 ἀθωὼσειε-Οὑκ
1493 511 1652 573 εὐθὺς
1707 509 1804 579 μὲν
1835 523 1909 571 Λι

1920 509 2041 576 ejus,
2059 519 2114 578 et.
2132 487 2404 561 iuriaxium
2428 510 2537 562 sine
2562 525 2699 562 noxa
2719 524 2821 560 non
2851 508 3100 561 dimittet.
3137 506 3251 562 Non
3273 511 3480 572 statim,

231 601 450 662 ἐπάγει,
493 601 644 666 φητι,
697 599 965 668 τὴνδῖκην
1003 603 1031 654 ὁ
1073 601 1294 668 Κύριος,
1346 603 1479 655 ἀλλὰ
1541 604 1813 673 μακροθυ-

237 689 340 757 μίᾳ
370 689 598 758 πλείστῃ
634 688 766 757 πρὸς
809 690 934 751 τοὺς
985 691 1397 759 ἁμαρτάνοντας
1433 693 1628 762 χρῆται
1656 710 1668 722 ·
1693 694 1813 747 ἐπι-

235 779 471 847 στρέψαι
506 781 612 848 γὰρ
642 781 835 842 αὐτοὺς
868 781 1135 850 βούλεται.
1174 785 1281 836 Καὶ
1305 784 1494 835 τούτου
1541 785 1813 854 μάρτυρες

240 871 421 936 ὑμεῖς,
453 863 497 920 ὦ
522 867 801 922 Νινευῗται
823 911 836 933 ,
899 871 1245 941 μεταμελείακ
1271 872 1636 941 χρησάμενοι·
1695 870 1814 927 εἶτα.

242 960 408 1014 πάλιν
437 960 699 1030 πονηρίαν
730 961 929 1031 πολλὴν
959 965 1304 1033 νοσήσαντες,
1339 965 1432 1019 καὶ
1461 967 1611 1034 ὅμως
1659 966 1812 1028 δίκας

238 1051 381 1120 ὑπὲρ
413 1051 615 1119 ταύτης
648 1052 720 1120 μὴ
752 1052 947 1115 δόντες.
985 1055 1128 1123 Πλὴν
1152 1055 1284 1107 ἀλλὰ
1333 1056 1681 1124 μακρόθυμος
1714 1056 1808 1114 ὢν,

239 1142 333 1193 καὶ
368 1142 546 1209 φέρων
575 1142 668 1194 ἐπὶ
698 1143 826 1195 πολὺ
857 1145 953 1207 τὰς
982 1146 1088 1196 τῶν
1111 1146 1410 1215 ἀνθρώπων
1449 1146 1812 1214 παρανομίας,

236 1233 300 1283 οὗ
347 1232 414 1282 δι’
444 1232 727 1286 ἀσθένειαν
769 1233 927 1286 τοῦτο
975 1238 1137 1288 ποιεῖ.
1191 1236 1414 1304 Μεγάλη
1446 1237 1552 1305 γάρ
1593 1238 1626 1306 ἡ
1663 1239 1812 1306 ἰσχὺς

237 1323 428 1384 αὑτοῦ,
469 1324 563 1376 καὶ
586 1325 671 1376 ὅτε
701 1323 881 1392 μέλλει
932 1326 1154 1380 κολάσαι
1193 1328 1316 1389 τοὺς
1343 1327 1416 1395 μὴ
1476 1329 1811 1396 μεταμελου-

241 1413 727 1483 μένουξ,’σς,ςοδράν
756 1417 947 1483 ἐπάγει
977 1417 1074 1487 τὴν
1111 1418 1400 1486 τιμωρίαν.
1447 1420 1662 1471 Ἀθωῶν
1702 1421 1812 1489 (82)

239 1505 347 1574 γάρ
375 1505 473 1557 οὐκ
495 1503 760 1570 άθωώσει,
790 1509 1054 1569 τουτέστι,
1095 1509 1467 1576 πανωλεθρίαν
1511 1511 1726 1577 ἐπάγει.
1752 1512 1815 1563 El

243 1596 352 1663 γάρ
388 1597 482 1648 καὶ
507 1598 651 1650 δοκεῖ
681 1598 909 1662 άθωοῦν,
942 1599 1056 1651 ἀλλ’
1102 1600 1201 1652 οὐκ
1230 1602 1304 1660 είς
1333 1601 1482 1660 τέ).ο;
1524 1601 1710 1653 ἁθωυῖ.
1744 1602 1814 1653 ’Ἡ

1917 599 2115 666 inquit.
2158 599 2419 654 Dominus
2469 599 2761 652 vindictam
2797 599 3036 663 adducit,
3107 600 3197 651 sed
3250 600 3481 666 plurima

1917 692 2327 759 longanimitate
2385 707 2507 758 erga
2550 690 2927 759 delinquentes
2966 693 3157 751 utitur,
3195 700 3246 741 ut
3283 705 3420 755 quos
3455 707 3482 741 a

1917 784 2152 851 peccatis
2218 786 2408 836 reverti
2451 784 2597 835 Velit.
2659 783 2755 833 Cui
2819 787 2890 835 rei
2945 798 3060 843 νος,
3115 803 3144 831 υ
3201 783 3482 847 Ninevitm,

1917 873 2286 926 testimonium
2310 870 2488 924 dicere
2517 870 2764 940 poteSIis,
2791 872 2881 937 qui
2911 872 2974 923 ad
3007 872 3106 922 inel
3138 888 3283 921 tiri-tn
3322 873 3483 922 vitam

1917 981 2012 1034 per
2043 964 2478 1034 resipiscentiam
2519 963 2791 1020 translati,
2821 962 3014 1014 deinde
3043 979 3260 1015 rursum
3306 963 3483 1014 multa

1917 1056 2179 1122 pravitate
2237 1056 2575 1123 languentes,
2607 1069 2794 1122 ptenas
2846 1063 3024 1106 tamen
3055 1055 3282 1106 istorum
3317 1057 3490 1106 scele-

1919 1164 2035 1200 rum
2069 1159 2369 1202 vestrorum
2397 1163 2503 1199 non
2537 1146 2788 1199 dedistis.
2817 1146 2978 1213 Atqui
3017 1145 3274 1198 Dominus
3296 1147 3482 1213 ionga-

1925 1239 2089 1292 nimis
2125 1249 2178 1290 ct
2209 1237 2421 1306 patiens
2453 1253 2616 1306 super
2651 1237 2965 1304 iniquitates
3022 1238 3387 1302 peccantium,
3418 1235 3488 1288 ob

1920 1331 2346 1384 imbecillitatem
2375 1329 2478 1382 hoc
2515 1346 2622 1382 non
2663 1329 2790 1382 facit
2829 1346 2843 1382 :
2896 1330 3083 1396 ingens
3142 1331 3286 1383 enim
3324 1330 3490 1381 robur

1918 1422 2058 1489 ejus,
2089 1422 2486 1490 puniturusque
2516 1436 2632 1482 eos,
2665 1422 2754 1490 qui
2787 1437 2894 1474 non
2932 1422 3296 1488 resipueruut,
3327 1420 3490 1472 vehe-

1921 1528 2072 1565 mens
2104 1525 2166 1564 ac
2195 1526 2356 1578 grave
2381 1512 2708 1579 supplicium
2760 1511 2952 1564 aliert:
2991 1511 3108 1564 sine
3171 1525 3309 1563 noxa
3344 1510 3486 1561 enim

1921 1604 2214 1664 cxsistens,
2253 1618 2361 1656 non
2387 1610 2470 1657 est
2498 1604 2630 1657 citra
2665 1617 2859 1654 noxam
2889 1616 2902 1654 ι
2935 1603 3040 1666 vel,
3066 1603 3345 1655 innoxium
3372 1600 3493 1655 sine

243 1687 386 1740 κατὰ
419 1687 612 1756 ἰδίωμα
643 1690 741 1756 τῆς
791 1690 1012 1758 Γραφῆς
1057 1693 1272 1760 εἴρηται
1301 1692 1381 1757 τὸ,
1429 1693 1658 1747 ’Λθωῶν
1706 1695 1816 1746 οὐκ
1847 1709 1892 1766 Β

1923 1707 2064 1744 noxa
2100 1707 2206 1745 non
2243 1691 2481 1747 dimittet
2509 1693 2668 1763 (nam
2715 1692 2910 1761 duplex
2941 1693 3027 1746 hic
3088 1693 3269 1753 lectio,
3309 1691 3490 1760 duph-

237 1778 527 1842 ἀθωώσει,
565 1770 650 1842 ὡς
673 1779 753 1842 τὸ,
802 1781 961 1833 Ἰδὼν
1003 1777 1166 1834 εἶδον·
1210 1783 1325 1847 τὴν
1384 1782 1654 1835 κάκωσιν
1709 1785 1814 1836 τοῦ

239 1867 513 1936 Ἰσραήλ.
576 1870 868 1924 Κάνταῦθα
915 1867 1010 1925 οὖν
1051 1873 1256 1941 μέλλων
1332 1877 1527 1939 εἰπεῖν,
1583 1876 1665 1926 ὅτι
1716 1875 1814 1927 οὐκ

244 1957 433 2023 άθωοῖ,
468 1959 730 2015 ἐδίπλωσε
760 1963 857 2029 τὴν
891 1962 1062 2029 λέξιν.
1093 1965 1201 2017 Καὶ
1225 1966 1348 2027 τοὺς
1371 1966 1732 2028 ἀπεκτονότας
1760 1965 1816 2018 δὲ

239 2048 334 2108 τὸν
367 2051 495 2104 Υίδν
535 2052 698 2106 αὐτοῦ
729 2054 1002 2124 ἐξεδίκησε
1045 2054 1180 2122 μετά
1218 2053 1412 2123 θυμοῦ,
1441 2056 1706 2121 τουτέστι,
1739 2056 1816 2108 δί-

241 2158 344 2204 κας
370 2142 730 2211 εἰσεπράξατο
744 2145 834 2214 ἰμὴ
878 2147 1332 2215 μετανοήσαντας,
1361 2149 1452 2200 καὶ
1476 2147 1666 2219 ἐξῆρεν
1723 2149 1819 2200 αὑ-

240 2233 367 2294 τοὺς
398 2235 463 2286 ἐκ
490 2234 587 2302 τῆς
615 2235 990 2305 Ἰερουσαλὴμ,
1021 2237 1270 2306 ζηλώσας
1300 2238 1445 2308 ὑπὲρ
1471 2238 1562 2290 τοῦ
1585 2238 1814 2305 δικαίου,

240 2317 303 2374 οὗ
328 2326 504 2392 φονεῖς
536 2326 690 2378 αὐτοὶ
736 2328 1004 2394 ἐγένοντο.
1037 2329 1146 2381 Καὶ
1174 2329 1281 2389 πᾶς
1305 2328 1359 2380 δὲ
1407 2329 1434 2380 ὁ
1469 2329 1606 2382 κατὰ
1643 2334 1819 2399 σάρκα

246 2415 382 2479 ζῶν,
415 2415 606 2486 ἐχθρός
637 2419 751 2470 ἐστι
808 2418 902 2471 τοῦ
959 2418 1130 2472 Θεοῦσ
1158 2420 1217 2472 τὸ
1275 2420 1383 2490 γάρ
1424 2421 1679 2491 φρόνημα
1721 2422 1820 2490 τῆς

241 2506 469 2575 σαρκὸς,
517 2507 685 2577 ἔχθρα
725 2510 805 2572 είς
838 2510 992 2565 Θεόν.
1047 2511 1280 2563 Ἐκδικεῖ
1299 2511 1392 2564 οὖν
1440 2512 1532 2564 τὸν
1580 2512 1854 2576 τοιοῦτον,

241 2598 439 2665 ἐχθρὸν
465 2599 493 2650 ὁ
521 2597 743 2666 Κύριος,
766 2600 906 2668 τάχα
956 2601 1054 2671 μὲν
1089 2603 1182 2655 καὶ
1237 2602 1469 2656 ἐνταῦθα
1498 2607 1819 2674 πειρασμοῖς

245 2688 590 2755 παραδιδοὺς,
625 2688 764 2742 ὥστε
821 2692 880 2742 τὸ
936 2693 1128 2760 ἐχθρὸν
1171 2693 1334 2746 αὐτοῦ
1361 2694 1613 2763 φρόνημα
1665 2696 1821 2765 ἐξαρο

244 2780 407 2846 θῆναι
437 2783 500 2832 ἐκ
565 2780 658 2834 τοῦ
719 2783 961 2835 τοιούτου
1023 2784 1333 2855 ἀνθρώπου.
1377 2786 1436 2839 Ei
1487 2787 1542 2839 δὲ
1588 2786 1821 2841 ἐνταῦθα

252 2869 682 2942 μακροθυμήσῃ,
708 2871 898 2943 ὥσπερ
925 2873 1082 2927 εἴωθε
1115 2875 1372 2939 πολλάκις
1398 2882 1589 2942 ποιεῖν,
1626 2881 1709 2932 ῖνα
1737 2880 1824 2933 διὰ

244 2961 345 3026 τῆς
376 2962 742 3030 χρηστότητος
782 2963 917 3033 πρὸς
977 2966 1171 3019 ἑαυτὸν
1206 2967 1409 3038 ἐλκύσῃ
1433 2984 1447 2997 ⁸
1507 2968 1621 3022 ἀ>λ⁹
1649 2966 1742 3021 οὖν
1768 2972 1825 3022 ἐν

1920 1799 2035 1837 cem
2081 1782 2411 1837 intellectum
2442 1785 2629 1853 parit),
2665 1786 2768 1837 hoc
2801 1792 2906 1847 est,
2942 1798 3285 1837 communem
3317 1783 3494 1834 otnni-

1923 1877 2025 1929 bus
2065 1876 2361 1945 perniciem
2420 1875 2598 1929 aﬂ'ert.
2628 1874 2887 1939 Quamvis
2925 1876 3071 1927 enim
3113 1876 3235 1928 sine
3292 1875 3495 1927 damno

1919 1966 2063 2033 quod
2099 1964 2300 2018 inferat
2329 1979 2453 2019 esse
2509 1964 2779 2028 videatur,
2823 1977 2930 2016 non
2964 1963 3188 2016 omnino
3251 1972 3430 2014 tamen
3462 1977 3492 2012 a

1919 2057 2182 2127 supplicio
2204 2055 2460 2110 abstinet.
2484 2052 2580 2108 Vel
2601 2054 2754 2122 juxta
2781 2053 3170 2122 preprietatem
3199 2051 3495 2116 Srriptum

1921 2150 2024 2202 hoc
2074 2149 2278 2202 dictum
2309 2155 2437 2202 est:
2492 2145 2692 2213 Erpers
2759 2145 3029 2212 supplicii.
3073 2144 3183 2195 sine
3238 2141 3494 2207 supplicio

1919 2255 2019 2292 non
2044 2239 2177 2291 erit:
2201 2237 2386 2291 itidem
2407 2246 2466 2291 ιιι
2487 2233 2813 2300 lioc,Videns
2840 2235 2944 2288 vidi
2963 2234 3288 2302 aﬂiictimaem
3316 2230 3499 2284 Israe-

1923 2331 1987 2383 lis
2023 2330 2087 2383 ⁵⁹.
2124 2328 2221 2383 Hic
2272 2330 2434 2398 igitur
2465 2329 2735 2390 dicturus’,
2773 2326 2917 2396 quod
2956 2341 3057 2378 nan
3102 2326 3171 2378 sit
3207 2325 3341 2376 citra
3399 2324 3492 2380 λυι-

1923 2423 2146 2487 tionem,
2202 2420 2554 2491 ingeminavit
2586 2418 2901 2472 dictionem.
2925 2415 3154 2470 Proinde
3180 2423 3232 2468 et
3267 2431 3359 2467 eos
3401 2414 3494 2480 oui

1921 2511 2116 2566 Filium
2182 2511 2302 2579 ejus
2347 2510 2683 2572 occiderant,
2745 2508 2890 2561 ultus
2941 2515 3026 2561 est
3083 2523 3204 2560 cum
3251 2506 3499 2571 indigna-

1925 2605 2092 2662 tione,
2127 2618 2340 2671 poenam
2373 2603 2598 2670 exigens
2647 2601 2715 2653 ab
2753 2601 2821 2654 iis
2852 2601 2944 2668 qui
2984 2615 3088 2653 non
3139 2609 3262 2652 sunt
3295 2595 3496 2667 perdu-

1928 2696 1998 2747 cli
2027 2693 2090 2746 ad
2155 2692 2554 2761 pmnitcutiam,
2611 2705 2816 2759 eosque
2858 2705 2920 2743 cx
2965 2689 3263 2743 Jerusalem
3308 2688 3497 2740 abstu-

1926 2786 2007 2848 lit,
2050 2787 2128 2838 ira
2161 2794 2425 2845 asstuuns,
2472 2784 2544 2835 ob
2575 2783 2777 2850 justum
2831 2797 3013 2844 suum,
3051 2781 3209 2848 cujus
3275 2775 3498 2831 interfc‘

1924 2887 2103 2930 ctores
2157 2874 2504 2929 exstiterunt.
2587 2871 2852 2925 Praeterea
2907 2870 3135 2940 quilibet
3193 2865 3496 2922 secundum

1926 2982 2147 3021 carnem
2182 2967 2389 3029 vivens,
2416 2973 2500 3019 est
2527 2964 2702 3018 hostis
2728 2964 2820 3017 Dei
2848 2980 2860 3017 :
2897 2977 3020 3016 nam
3055 2959 3282 3014 alTectus
3312 2956 3501 3011 carnis

241 3052 311 3117 τῇ
363 3051 646 3122 τελευταίᾳ
685 3053 864 3124 κρίσει
893 3057 994 3108 οὐκ
1041 3057 1308 3122 άθωὼσει,
1366 3060 1544 3112 καίτοι
1592 3060 1824 3114 ἐνταῦθα
1843 3037 1896 3097 θ

1926 3068 2009 3114 est
2042 3058 2298 3113 inimicus
2328 3057 2456 3112 Deo.
2482 3057 2554 3110 De
2575 3055 2668 3109 tali
2698 3057 2862 3123 igitur
2891 3055 3194 3108 inimico'se
3223 3049 3503 3104 ulciscitur

243 3140 464 3196 ἁθωῶν.
527 3144 712 3198 Ταῦτα
746 3145 802 3197 δέ
842 3149 986 3199 ποιεῖ
1015 3147 1089 3210 ὡς
1148 3149 1403 3218 νυμφίος,
1462 3151 1639 3220 ζηλῶν
1684 3153 1824 3226 ὑπὲρ

245 3233 356 3284 τῶν
379 3232 585 3303 ψυχῶν,
632 3235 697 3298 ἃς
722 3235 912 3299 κτίσας
938 3237 1025 3290 ἴνα
1054 3239 1204 3308 αὑτῷ
1235 3240 1559 3310 άρμοσθεῖεν
1614 3244 1822 3312 παρθέ-

246 3340 329 3374 νοι
365 3324 545 3391 ἁγναὶ,
575 3325 678 3394 ὁρᾷ
701 3326 778 3394 τῷ
802 3327 981 3398 ἐχθρῷ
1010 3331 1104 3381 καὶ
1136 3330 1414 3401 ἀποστάτῃ
1445 3333 1760 3400 κολλωμένα
1773 3353 1822 3398 ς,

248 3415 343 3468 καὶ
364 3416 830 3486 καταισχυνούσας
863 3418 960 3481 τὴν
989 3420 1288 3490 εὐγένειαν,
1321 3424 1386 3494 ἣν
1415 3424 1577 3492 φύσει
1606 3426 1713 3480 ἀπὸ
1735 3426 1825 3479 τοῦ

245 3505 408 3572 λόγου
440 3505 616 3577 ἔσχον.

1929 3151 2189 3205 Dominus
2223 3191 2238 3216 ,
2275 3151 2522 3219 protinus
2556 3164 2678 3203 eum
2735 3147 3129 3201 tentationilms
3170 3142 3390 3196 tradens
3447 3140 3503 3193 in

1932 3242 2032 3295 hac
2063 3241 2194 3300 vita,
2214 3249 2272 3294 ut
2300 3240 2515 3294 hostilis
2546 3238 2772 3292 alTectus
2802 3253 2864 3292 ex
2899 3236 2988 3290 tali
3012 3235 3226 3288 homine
3259 3233 3503 3286 tollatur.

1931 3333 2024 3387 Sin
2059 3333 2146 3386 hic
2175 3333 2499 3400 longanimis
2563 3330 2750 3392 fuerit,
2785 3337 2842 3382 ut
2891 3343 3032 3398 saepe
3086 3325 3396 3387 consuevit,
3446 3329 3504 3374 ut

1939 3443 2032 3495 per
2063 3425 2533 3479 mansuetudinem
2576 3439 2728 3478 suam
2791 3424 2855 3474 ad
2892 3436 3011 3475 sese
3053 3424 3362 3488 peccantem
3394 3424 3503 3465 tra-

1932 3518 2043 3580 hat,
2077 3518 2129 3570 in
2157 3525 2400 3571 extremo
2434 3525 2611 3568 tamen
2636 3511 2844 3582 judicio
2865 3554 2878 3577 ,
2908 3509 3025 3564 sine
3073 3506 3339 3577 supplicio
3396 3517 3500 3555 non

241 3599 375 3661 erit,
400 3597 614 3654 etiamsi
649 3597 736 3652 hic
776 3613 882 3653 non
923 3614 1080 3669 asper
1136 3602 1424 3657 exstiterit.
1467 3604 1588 3660 llaec
1621 3613 1801 3661 autem
1874 3622 1971 3662 ceu
2029 3621 2263 3676 sponsus
2327 3606 2596 3676 quispiam
2639 3603 2789 3666 facit,
2841 3601 3237 3656 aemulationem
3297 3596 3503 3648 bal-ens

247 3703 348 3754 pro
379 3688 689 3755 animabus,
753 3705 892 3759 quas
957 3706 1082 3745 cum
1147 3693 1501 3758 condidisset,
1547 3699 1624 3749 lnt
1664 3696 1766 3765 ipsi
1789 3704 2306 3765 coagmentarentur
2364 3694 2599 3764 virgines
2659 3698 2859 3764 castae,
2907 3689 3048 3742 hosti
3109 3702 3172 3740 ac
3239 3684 3501 3740 desertori

248 3776 465 3834 Satanae
511 3779 654 3835 videt
682 3783 1064 3852 agglutinatas,
1097 3783 1500 3852 pudefacientes
1532 3787 1606 3840 ita
1637 3788 2013 3842 claritudinem
2053 3788 2269 3858 generis
2303 3786 2410 3850 sui,
2445 3798 2605 3855 quam
2641 3773 2708 3838 ex
2755 3790 2948 3837 natura
2994 3777 3241 3832 rationali
3295 3777 3502 3830 sortita:

247 3891 266 3923 ι
285 3879 426 3924 rant.

319 3963 530 4028 Κύριος
555 3963 624 4016 ἐν
647 3966 985 4032 συντελείᾳ,
1013 3965 1110 4019 καί
1138 3967 1207 4020 ἐν
1231 3970 1590 4039 συσσεισμῷ
1623 3973 1654 4040 ἡ
1684 3971 1824 4038 ὁδὸς

249 4052 458 4107 αὐτοῦ.
493 4052 643 4104 Ὀδδν
687 4053 834 4122 λέγει
877 4055 976 4125 τὴν
1019 4056 1262 4121 κίνησιν,
1304 4057 1372 4128 ἢν
1420 4061 1654 4112 ποιεῖται
1694 4059 1826 4122 Θεὸς

249 4145 393 4199 κατὰ
422 4145 530 4197 τῶν
560 4145 726 4211 ἀξίων
793 4145 1083 4216 τιμωρίας.
1114 4145 1262 4216 Αὕτη
1297 4147 1473 4200 τοίνυν
1507 4151 1540 4219 ἡ
1575 4149 1826 4220 κίνησις,

247 4238 348 4306 οὐχ
375 4235 560 4298 ἁπλῶς
590 4237 858 4305 τιμωρίας
889 4237 1118 4302 ἐπάγει,
1145 4236 1282 4290 ἀλλὰ
1311 4238 1620 4292 συντέλειαν
1654 4242 1822 4292 ποιεῖ-

249 4347 361 4388 ται.
389 4330 416 4381 ὃ
449 4331 563 4381 ἐστι
584 4328 979 4398 πανωλεθρίαν,
1006 4331 1102 4382 καὶ
1127 4329 1670 4396 συσσείει,τουτέστι,
1703 4348 1828 4383 συν-

251 4419 530 4491 ταράττει,
553 4421 650 4488 μεθ
659 4419 861 4473 ιστῶσα
877 4421 969 4473 καὶ
989 4419 1322 4488 μεταϐάλλον
1331 4437 1399 4472 σα
1415 4421 1485 4474 τά
1502 4421 1825 4489 πράγματα,

252 4511 398 4565 οὕτω
440 4512 619 4564 τοίνυν
661 4511 755 4564 καὶ
797 4513 910 4574 τοῖς
956 4511 1266 4574 Νινευΐταις
1306 4511 1822 4582 προσενεχθήσεται.

2003 3965 2164 4035 215
2197 3964 2452 4017 Dominus
2475 3964 2529 4016 in
2549 3960 2998 4016 consummatione
3016 3969 3061 4011 et
3087 3959 3142 4010 in
3170 3956 3507 4009 concussione

1936 4060 2021 4113 via
2053 4060 2191 4127 ejus.
2218 4055 2374 4110 Viam
2400 4055 2655 4125 appellat,
2684 4054 2979 4108 motionem
3007 4065 3168 4120 quam
3212 4049 3342 4103 facit
3363 4048 3503 4102 Deus

1935 4151 1988 4204 in
2021 4149 2301 4218 punitione
2333 4161 2523 4200 eorum
2553 4145 2644 4213 qui
2677 4143 3004 4212 supplicium
3038 4145 3501 4195 commeruerunt.

1934 4239 2051 4310 Ipsa
2078 4238 2244 4306 igitur
2280 4237 2448 4289 motio
2502 4250 2611 4288 non
2651 4233 2972 4302 simpliciter
3016 4246 3211 4300 pinnas
3259 4227 3503 4290 adducit,

1934 4331 2025 4384 sed
2058 4326 2606 4389 consummationem,
2639 4325 2744 4378 hoc
2767 4333 2873 4386 est,
2902 4322 3196 4391 perniciem
3227 4329 3281 4374 et
3313 4319 3505 4374 interi-

1933 4428 2087 4474 tum:
2120 4419 2492 4485 concutitqne,
2524 4417 2625 4469 hoc
2652 4424 2756 4477 est,
2794 4414 2997 4479 turbat,
3020 4413 3256 4467 miscens
3286 4426 3350 4464 ac
3379 4425 3504 4479 per-

1932 4521 2149 4564 mutans
2179 4524 2290 4562 res.
2333 4506 2484 4560 llanc
2534 4521 2665 4572 ergo
2691 4504 2758 4557 ad
2820 4505 3086 4558 rationem
3120 4503 3175 4555 in
3227 4500 3504 4556 Ninevitas

254 4599 363 4650 Καὶ
391 4598 613 4686 λοιπδνρ
630 4598 704 4668 μὴ
731 4599 972 4668 ἀθυμῆτε
1002 4598 1076 4670 [Ι.
1111 4598 1325 4670 -μιῖτεῙ
1351 4639 1365 4664 ,
1392 4601 1442 4653 oi
1475 4600 1825 4670 Ἰσραηλῖται,
1863 4628 1906 4683 ο

1936 4601 2159 4656 feretur.
2188 4598 2529 4666 Quapropter
2561 4597 2786 4665 posthac
2825 4611 2894 4648 ne
2942 4594 3324 4663 despondeatis
3381 4596 3502 4646 ani-

255 4688 440 4750 κακῶς
473 4688 563 4740 ὑπ’
587 4688 767 4742 αὐτῶν
800 4689 1146 4753 πεπονθότες.
1175 4689 1331 4754 Ἥξει
1362 4689 1472 4759 γὰρ
1497 4689 1594 4743 καὶ
1622 4689 1709 4743 ἐπ’
1733 4691 1830 4746 αὺ-

253 4782 378 4841 τοίις
408 4780 441 4849 ὴ
471 4780 769 4834 συντέλεια.

329 4951 434 5004 Καὶ
467 4952 692 5020 νεφέλη
723 4953 1030 5021 κονιορτὸς
1057 4953 1260 5009 ποδῶν
1281 4955 1494 5010 αὐτοῦ.
1524 4956 1825 5027 Ἀρμοδίως

260 5043 461 5110 μᾶλλον
492 5043 582 5095 τὸν
613 5045 886 5112 κονιορτὸν
913 5047 980 5115 τῇ
1010 5044 1112 5116 6δῴ
1144 5046 1548 5116 προστέθεικεν.
1580 5047 1829 5118 ’Δνθρωο

257 5153 360 5198 πος
391 5137 489 5204 μὲν
519 5135 632 5200 οὖν,
665 5138 850 5204 φησιν,
878 5139 1097 5204 ὁδεύων,
1127 5141 1402 5212 κονιορτὸν
1429 5142 1633 5211 ἐγείρει
1655 5158 1667 5172 ·
1699 5142 1829 5204 Θεὸς

256 5228 313 5279 δέ
355 5227 498 5281 οὕτω
528 5245 611 5280 τοι
651 5230 1086 5299 μεγαλοπρεπῶς
1124 5235 1391 5300 κινεῖται,
1427 5234 1568 5286 ὥστε
1605 5236 1830 5304 νεφέλας

259 5319 519 5389 ἐγείρειν.
567 5320 677 5373 Καὶ
724 5321 862 5374 κατὰ
903 5323 1198 5377 Νινευῖτῶν
1239 5320 1332 5378 οὖν
1373 5325 1646 5394 κινηθεὶς,
1693 5327 1830 5394 νέφη

335 5460 376 5490 ⁵)
407 5455 580 5512 Exod.
606 5472 685 5523 ιιι,
712 5457 761 5511 7.

1935 4705 2107 4754 ιιιιιιιι,
2152 4687 2429 4750 Israelita},
2465 4685 2557 4755 qui
2590 4686 2805 4738 miseria
2835 4684 3012 4737 modis
3053 4683 3261 4750 accepti
3301 4682 3367 4733 ab
3397 4682 3511 4736 illis

1929 4781 2088 4836 estis.
2120 4777 2313 4834 Veniet
2350 4791 2584 4844 namque
2604 4789 2770 4843 super
2795 4789 2890 4827 eos
2913 4788 3128 4842 quoque
3147 4786 3467 4825 consumma
3484 4801 3499 4812 -

1931 4874 2030 4939 tio,
2067 4873 2167 4925 hoc
2201 4876 2286 4924 cst
2318 4867 2441 4921 ﬁnis
2475 4866 2614 4935 (83),
2649 4865 2904 4926 vastatio.
2936 4864 3448 4930 exterminatioqne.

2007 4961 2182 5017 Nubes
2204 4970 2252 5014 et
2281 4958 2451 5028 pulvis
2483 4958 2669 5026 pedum
2694 4957 2884 5025 ipsius.
2920 4955 3071 5009 Haud
3112 4955 3498 5009 inconvenicn.

1926 5063 2011 5107 ter
2049 5055 2322 5121 pulverem
2347 5048 2529 5102 itineri
2566 5048 2840 5118 apposuit.
2884 5046 3054 5100 llomo
3091 5043 3496 5113 igitur,inquit,

1927 5145 2028 5199 iter
2059 5144 2279 5203 faciens,
2319 5140 2596 5209 pulverem
2622 5138 2845 5192 excitat.
2873 5135 3016 5190 Deus
3047 5149 3175 5190 vero
3216 5133 3351 5187 adeo
3375 5149 3495 5184 ma-

1927 5235 2122 5305 gniﬁce
2139 5233 2338 5287 incedit
2356 5246 2419 5284 ac
2437 5239 2700 5292 movetur,
2714 5237 2775 5282 ut
2789 5228 2960 5283 nubes
2981 5235 3035 5281 et
3050 5227 3274 5281 nebulas
3287 5225 3488 5280 excitet

1927 5325 2016 5378 Sic
2048 5329 2101 5378 et
2121 5329 2311 5377 contra
2341 5318 2620 5374 Ninevitas
2649 5326 2851 5383 motus,
2880 5318 3060 5373 nubes
3087 5316 3352 5370 malorum
3389 5329 3496 5376 un-

1447 5550 1644 5611 Variaa
1678 5551 1983 5612 lectiones
2009 5555 2069 5610 et
2110 5555 2298 5611 notas.

340 5646 451 5710 (δί)
475 5643 600 5699 Haec
622 5645 694 5698 ita
729 5657 925 5701 sonant
956 5663 969 5700 :
1012 5646 1292 5701 Absolrens
1326 5649 1483 5708 enim,
1506 5665 1608 5700 non
1664 5647 1837 5700 absol~

268 5730 343 5768 »τι
383 5733 397 5769 :
432 5718 529 5768 hoc
562 5726 658 5778 est,
685 5718 945 5769 excidium
985 5718 1234 5771 inducet:
1270 5719 1386 5770 licet
1432 5719 1568 5769 enim
1593 5719 1830 5772 rideatur

272 5787 558 5851 ubwlrere,
583 5802 684 5840 non
710 5795 880 5840 tamen
912 5787 978 5840 ad
1005 5787 1160 5856 ﬁnem
1194 5803 1349 5858 usque
1380 5787 1619 5843 absolrit.

1940 5718 1960 5771 Ι
2017 5648 2127 5728 ($3)
2158 5650 2433 5706 Postrema
2467 5665 2529 5707 ea
2553 5648 3057 5720 vcrbaexplanaudi
3097 5647 3268 5718 gratia
3304 5644 3497 5715 adjcci'

1964 5734 2254 5771 ιοηιρρτιιε.

1964 5734 2254 5775 ιοηιρρτυε.
