4210 6436
748 362 852 421 983

1647 363 2219 426 THEOPHYLACTI
2256 365 2663 425 BULGAHIE
2693 366 3050 428 ARCHlEP.
3880 361 3989 423 9M

748 488 878 537 ejus.
919 470 1107 526 dicens
1140 489 1152 525 :
1183 470 1364 526 forsan
1397 472 1538 538 ideo,
1581 475 1726 544 quod
1753 477 2047 530 secundum
2094 477 2307 546 aliquos
2334 480 2380 538 Α

2334 480 2380 538 Α
2411 478 2600 544 θυμοῦ
2638 478 2842 530 αὑτοῦ.
2884 479 3105 544 Μήποτε
3141 477 3196 528 δὲ
3235 477 3420 546 ἐπειδὴ
3458 477 3596 530 κατᾶ
3629 494 3782 538 τινας
3825 476 3991 542 θυμὸς

748 562 937 628 θυμὸς,
972 561 1021 613 id
1048 568 1150 626 est,
1202 563 1511 618 concitatus
1561 566 1794 629 animus,
1855 579 1949 618 seu
2009 565 2180 629 furor,
2235 568 2305 618 sit

749 654 1069 720 principium
1119 653 1334 722 quidem
1365 655 1791 723 perturbationis
1822 672 1942 724 qua
2006 656 2062 710 lit
2121 673 2185 710 ex
2222 657 2301 710 in-

748 745 1134 807 tlammationc,
1173 745 1254 799 vel
1287 747 1729 813 suil‘umigatione
1780 747 2037 803 ferventis
2083 748 2305 817 sangui-

747 837 827 882 ι-ικ
857 835 1062 885 circum
1104 849 1198 884 cor
1233 852 1245 885 :
1277 836 1351 887 ira
1398 850 1523 888 vero
1549 835 1617 888 sit
1668 837 1902 900 animus,
1931 838 2012 889 vel
2072 837 2303 907 impetus

747 926 969 982 irarum.
998 923 1062 974 ad
1096 924 1435 977 etlicicndum
1494 926 1812 995 quidquam.
1863 927 2151 996 Propterea
2217 927 2303 980 hic

741 1015 895 1071 divit,
938 1013 997 1065 In
1030 1015 1110 1066 ira
1143 1015 1517 1082 indignationis
1567 1018 1677 1083 ejus
1736 1019 1780 1049 “
1819 1059 1834 1082 ,
1896 1020 1996 1074 hoc
2047 1027 2150 1082 est,
2186 1034 2305 1072 cum

745 1107 1204 1170 unlignalmndus.
1246 1115 1299 1160 et
1342 1108 1419 1161 ira
1453 1117 1691 1164 astuans
1713 1111 1926 1166 animus
1959 1113 2117 1166 etiam
2143 1127 2307 1180 opera

745 1198 894 1256 ειν-ιι,
929 1199 1127 1263 qumus
1166 1197 1422 1252 ultionem
1457 1211 1656 1263 sumat,
1687 1201 1980 1271 hostesque
2005 1218 2136 1258 suos
2162 1203 2471 1259 conturbet.
2507 1205 2640 1271 Quis
2673 1217 2785 1259 tum
2855 1213 3092 1274 apponet
3160 1220 3302 1268 sese,

743 1294 878 1351 eius,
913 1301 961 1343 et
994 1305 1205 1359 pinnam
1232 1292 1606 1344 imminentem
1636 1293 1883 1347 auferat?

813 1385 1038 1448 Impetus
1079 1389 1240 1434 animi
1295 1384 1405 1440 eius
1439 1385 1703 1454 liquefacit
1733 1388 2083 1455 principatus,
2117 1401 2303 1457 petra-

745 1493 838 1541 uue
866 1476 1106 1528 contrita:
1164 1484 1283 1527 sunt
1317 1475 1379 1526 ab
1413 1477 1544 1540 ipso.
1578 1476 1946 1546 Amplissima,
1976 1481 2167 1549 inquit,
2200 1481 2302 1533 im-

746 1568 886 1631 ;-cria
922 1567 1204 1635 subjugata
1235 1567 1359 1632 sibi,
1397 1583 1516 1635 qua
1542 1569 1764 1636 rupium
1794 1571 1998 1625 habere.
2027 1572 2191 1625 robur
2209 1587 2304 1642 pu-

745 1658 1016 1719 labantur,
1055 1656 1287 1710 conterit
1312 1664 1365 1709 et
1417 1657 1672 1711 dissolvit
1735 1663 2036 1715 concitatus
2091 1662 2303 1714 animus

741 1751 858 1814 eius
894 1765 905 1800 :
939 1746 1233 1816 eademque
1266 1746 1563 1815 liquefacit,
1601 1758 1662 1802 ut
1715 1765 1896 1802 ceram
1955 1751 2116 1820 ignis.
2147 1750 2306 1803 Meri-

744 1852 796 1888 tn
831 1839 993 1908 igitur
1025 1853 1181 1891 nemo
1225 1838 1299 1891 illi
1349 1839 1916 1903 resistet.Quinetiam
1969 1841 2306 1911 principatus

745 1935 1085 1987 tenebrarum
1113 1949 1176 1987 ac
1229 1941 1524 2003 potestates
1581 1932 1829 1986 dissolvit
1893 1932 2109 1986 animus
2162 1932 2303 2000 ejus,

743 2026 956 2093 quando
987 2027 1201 2079 demisit
1239 2040 1334 2080 eos
1366 2026 1417 2078 in
1442 2025 1718 2093 abyssum.
1747 2021 2002 2077 Judaicos
2037 2023 2160 2075 item
2190 2037 2304 2074 ma-

745 2118 998 2170 ;istratus
1027 2116 1214 2178 diruit,
1250 2126 1470 2186 propter
1497 2116 1675 2168 scelus
1699 2113 1842 2183 quod
1863 2113 2147 2166 Dominum
2180 2127 2304 2165 cru-

743 2207 1001 2275 citigendo
1030 2215 1336 2275 patrarunt.
1398 2205 1600 2259 Deinde
1645 2212 1809 2274 petra
1841 2205 2005 2259 etiam
2061 2205 2304 2259 contrita

743 2313 865 2354 sunt
904 2319 916 2353 :
948 2302 1143 2370 partim
1187 2316 1370 2353 revera
1414 2310 1580 2369 petra
1621 2300 1874 2354 sensibus
1910 2300 2136 2368 objecta
2164 2307 2302 2352 tem-

742 2395 959 2459 poribus
994 2393 1245 2460 supplicii
1281 2395 1330 2444 in
1365 2407 1529 2446 cruce
1565 2390 1776 2446 Domini
1832 2391 2006 2447 nostri
2048 2408 2060 2444 :
2109 2391 2299 2460 partim

743 2486 893 2536 duris
928 2485 1186 2538 cordibus
1214 2487 1542 2538 cxsistentes
1569 2491 1776 2553 gentes,
1810 2483 1976 2536 verbo
2029 2480 2302 2550 Evangelii

743 2581 980 2640 accepto.
1018 2572 1184 2626 Porro
1217 2588 1339 2625 cum
1372 2574 1423 2624 in
1462 2573 1619 2625 nobis
1679 2571 1985 2625 intellectus
2014 2571 2091 2623 vel
2154 2584 2304 2623 mens

743 2664 1076 2726 dominatur,
1109 2678 1249 2715 unus
1276 2671 1356 2716 est
1384 2661 1470 2715 ille
1499 2662 1857 2729 principatus,
1889 2662 2106 2713 unicum
2137 2661 2304 2729 impe—

744 2756 899 2813 rium,
935 2765 1220 2821 propterea
1252 2753 1428 2820 ipsum
1484 2766 1592 2804 non
1633 2752 1874 2819 liquitur.
1920 2750 2149 2815 Quando
2177 2765 2302 2802 vero

744 2846 974 2913 impetus
1005 2853 1054 2897 et
1085 2845 1248 2897 ardor
1266 2846 1453 2907 animi,
1480 2855 1583 2897 una
1623 2858 1745 2896 cum
1771 2844 2066 2912 cupiditate
2100 2843 2304 2912 potitur

742 2938 993 3008 sceptris,
1054 2952 1118 2991 en
1157 2937 1308 2991 multi
1341 2940 1392 2991 in
1433 2938 1588 2990 nobis
1633 2936 1965 3000 dominatus,
1996 2938 2162 2990 multa
2199 2938 2300 2989 im-

742 3029 910 3095 perla,
949 3044 1069 3096 qua
1107 3028 1385 3097 liquefacit
1435 3028 1649 3082 Domini
1690 3029 1995 3082 concitatus
2063 3029 2299 3088 animus,

2418 567 2516 633 μέν
2552 569 2696 618 ἐστιν
2731 569 2761 636 ἡ
2800 567 2942 635 ἀρχὴ
2978 567 3069 618 τοῦ
3110 567 3349 631 πάθους,
3384 567 3412 619 ὃ
3453 569 3660 634 γίνεται
3701 567 3761 630 ἐξ
3795 566 3994 618 ἀναθυ-

2416 657 2657 726 μιάσεως
2679 655 2774 707 τοῦ
2804 656 3158 725 περικαρδίου
3194 657 3424 726 αἵματος
3456 657 3669 721 ζέοντος
3695 671 3706 683 ·
3740 654 3883 724 ὀργὴ
3910 654 3986 718 δὲ,

2414 745 2583 813 θυμὸς
2617 745 2796 815 όργῶν
2831 746 2966 814 πρὸς
3001 745 3061 796 τὸ
3101 744 3428 814 ἐργάζεσθαὲ
3461 761 3545 797 τι·
3585 744 3674 796 διὰ
3709 742 3871 796 τοῦτο
3909 743 3991 792 ἐν·

2410 837 2580 890 ταῦθα
2610 838 2829 907 εἴρηκεν
2856 856 2868 868 ⁶
2901 839 3003 890 Ἐν
3027 837 3174 906 ὀργῇ
3204 837 3396 906 θυμοῦ
3425 837 3612 891 αὐτοῦ
3637 852 3652 866 ⁸
3686 836 3990 895 τουτέστιν,

2409 930 2576 984 Ὅταν
2609 930 2636 981 6
2675 928 2845 999 θυμδς
2886 929 3050 982 αὑτοῦ
3094 932 3187 981 καὶ
3228 929 3367 997 ἔργα
3408 932 3554 982 ποιεῖ
3593 929 3730 997 πρὸς
3776 926 3990 996 ἄμυναν

2409 1023 2502 1074 καὶ
2529 1021 2905 1093 ἀντιλύπησιν,
2935 1024 3018 1084 τίς
3045 1025 3446 1092 ἀντιστήσεται,
3476 1022 3618 1074 ὥστε
3645 1018 3989 1088 ἀποστρέψαι

2410 1116 2510 1184 τὴν
2539 1117 2695 1185 χεῖρα
2728 1114 2915 1177 αὐτοῦ,
2949 1115 3042 1168 καὶ
3074 1114 3387 1168 ἀναστεῖλαι
3416 1115 3516 1182 τὴν
3543 1112 3849 1181 τιμωρίαν;

3385 1214 3443 1258 ut
3491 1211 3699 1258 avertat
3769 1217 3990 1256 manum

2490 1390 2544 1440 '0
2572 1387 2756 1455 θυμὸς
2783 1385 2967 1439 αὐτοῦ
2993 1385 3154 1451 τήκει
3181 1385 3390 1453 ἀρχὰς,
3418 1384 3514 1437 καὶ
3542 1385 3601 1435 al
3651 1383 3861 1451 πέτραι
3907 1383 3993 1435 δι-

2409 1479 2752 1546 εθρύόησιη·
2781 1476 2884 1530 ἀπ’
2914 1476 3119 1528 αὑτοῦ.
3145 1476 3282 1536 Τοὺς
3324 1474 3422 1535 τὰς
3469 1472 3755 1542 μεγίστας,
3800 1475 3988 1540 φησιν,

2408 1571 2581 1640 ἀρχὰς
2632 1568 3176 1639 ἐγκεχειρισμένους,
3225 1568 3320 1620 καὶ
3371 1565 3586 1635 πετρῶν
3632 1567 3792 1632 ἰσχὺν
3840 1566 3990 1634 ἔχειν

2409 1660 2995 1732 ὑπολαμϐανομένους,
3023 1657 3294 1726 συντρίϐει
3331 1661 3422 1710 καὶ
3459 1656 3716 1710 καταλύει
3752 1658 3780 1708 6
3814 1657 3990 1722 θυμὲς

2410 1754 2596 1816 αὐτοῦ,
2634 1752 2729 1804 καὶ
2769 1751 2945 1819 τήκει,
2985 1750 3174 1818 ὥσπερ
3223 1749 3390 1818 κηρὸν
3440 1747 3571 1814 πῦρ.
3615 1747 3856 1807 Εἰκότως
3901 1746 3993 1797 οὖν

2409 1847 2582 1907 οὐδεὶς
2616 1845 2994 1913 ἀντιστήσεται
3029 1842 3200 1912 αὐτῷ.
3240 1843 3396 1894 Ἀλλὰ
3430 1843 3521 1894 καὶ
3553 1843 3650 1902 τὰς
3683 1840 3860 1909 ἀρχὰς
3893 1839 3988 1890 to}

2412 1938 2655 2000 σκότους,
2683 1937 2776 1988 καὶ
2808 1935 2903 1996 τὰς
2933 1933 3178 1997 ἐξουσίας
3212 1933 3504 1986 κατέλυσεν
3531 1932 3559 1984 6
3592 1931 3762 2000 θυμὸς
3796 1929 3987 1988 αὑτοῦ,

2407 2033 2493 2083 ὅτε
2527 2027 2840 2081 ἀπέστειλεν
2869 2026 3066 2088 αὐτοῦς
3096 2027 3175 2086 είς
3202 2026 3298 2091 τὴν
3325 2023 3578 2085 ἄϐυσσον,
3609 2024 3699 2076 καὶ
3728 2025 3828 2083 τὰς
3860 2023 3987 2074 ’1ου-

2407 2121 2596 2181 δαῖκὰς
2637 2121 2828 2188 ἀρχὰς,
2869 2119 2957 2171 διὰ
2996 2118 3054 2169 τὸ
3092 2118 3182 2170 ἐπὶ
3206 2116 3281 2184 τῷ
3326 2116 3542 2185 σταυρῷ
3584 2115 3762 2168 αὐτῶν
3810 2116 3943 2179 ἄγα
3971 2130 3982 2140 ·

2409 2217 2500 2268 καὶ
2531 2216 2583 2266 αἱ
2612 2212 2808 2282 πέτραι
2836 2209 3225 2279 διεθρόὸησαν,
3257 2208 3393 2276 ταχᾶ
3427 2207 3524 2274 μὲν
3575 2209 3669 2258 καὶ
3710 2207 3765 2258 αἱ
3800 2207 3987 2271 αἱτοη-

2408 2307 2499 2356 ταί
2529 2305 2622 2355 ἐπὶ
2651 2301 2743 2352 τοῦ
2776 2298 3009 2367 σταυροῦ
3036 2315 3048 2327 ο
3079 2299 3219 2365 τάχα
3249 2297 3323 2353 δὲ,
3358 2298 3449 2347 καὶ
3481 2297 3546 2347 τὰ
3580 2297 3988 2364 σκληροκαρδια

2407 2396 2556 2462 ἔθνη,
2585 2393 2853 2461 δεξάμενοι
2883 2391 2972 2443 τὸν
3002 2390 3159 2456 λόγον
3187 2388 3280 2440 τοῦ
3313 2388 3665 2454 Εὐαγγέλίου.
3689 2389 3860 2438 Ὅταν
3896 2387 3987 2439 οὖν

2407 2487 2465 2537 ἐν
2495 2485 2626 2552 ἡμῖν
2655 2482 2797 2552 ἄρχῃ
2825 2483 2852 2533 ὁ
2879 2480 3003 2542 νοῦς
3024 2524 3035 2541 ,
3071 2481 3165 2549 μία
3199 2481 3338 2549 ἀρχή
3372 2481 3518 2530 ἐστι·
3551 2479 3628 2531 διὸ
3659 2479 3720 2531 οὗ
3753 2480 3988 2545 τήκεται

2407 2575 2540 2628 αὕτη·
2569 2591 2581 2604 ·
2622 2575 2709 2625 ὅτε
2748 2573 2804 2624 δὲ
2843 2573 2870 2624 6
2910 2571 3080 2638 θυμὸς
3123 2573 3285 2639 ἄρχῃ,
3332 2572 3423 2620 καὶ
3465 2573 3494 2635 ἡ
3541 2568 3826 2637 ἐπιθυμία.
3878 2570 3984 2620 irit.)

2409 2665 2597 2715 πολλαὶ
2629 2662 2810 2730 ἀρχαὶ,
2839 2661 2903 2723 ἂς
2927 2662 3082 2729 τήκει
3114 2663 3142 2711 ὁ
3170 2659 3336 2727 θυμὸς
3366 2661 3459 2711 τοῦ
3492 2659 3717 2728 Κυρίου,
3749 2661 3826 2719 εἰς
3860 2660 3984 2710 νοῦν

2405 2755 2537 2822 ἡμῖν
2586 2751 3014 2820 λαμϐανόμενος,
3061 2751 3309 2813 λέγοντος
3362 2750 3488 2800 ποτὲ
3544 2751 3662 2816 μὲν,
3707 2751 3786 2801 ὅτι
3836 2748 3983 2812 Τοὺς

2409 2846 2494 2913 μὴ
2532 2845 2820 2908 θέλοι-τάς
2854 2860 2930 2910 με
2963 2842 3332 2905 βασιλεῦσαι
3391 2841 3482 2892 ἐπ’
3539 2841 3797 2905 αὐτοὺς,
3838 2841 3986 2907 ἀγεί-

2407 2954 2535 3005 γετε
2576 2936 2673 2990 και
2711 2936 3017 3002 σξάεατε·
3057 2935 3186 2985 ποτὲ
3225 2934 3300 2995 δὲ,
3349 2934 3736 3000 Διχοτομήσει
3774 2935 3983 2994 αὐτὸν,

2406 3028 2500 3080 καὶ
2539 3028 2604 3079 τὸ
2638 3027 2819 3095 μέρος
2855 3025 3041 3080 αὐτοῦ
3073 3025 3220 3094 μετὰ
3260 3024 3379 3076 τῶν
3413 3022 3752 3091 ὑποκριτῶν
3788 3027 3980 3087 θήσει.

742 3136 837 3173 seu
865 3121 1160 3189 indignatio
1190 3122 1242 3174 in
1279 3130 1506 3175 mentem
1541 3129 1782 3175 nostram
1817 3129 2056 3188 accepta,
2089 3119 2303 3172 dicente
2326 3127 2370 3188 ο
2403 3123 2404 3129 ‘

2326 3127 2370 3188 ρ
2403 3109 2559 3171 Ἐκεῖ
2579 3120 2750 3171 ἔσται
2779 3121 2811 3170 ό
2842 3116 3166 3184 κλαυθμὸς,
3197 3117 3291 3169 καὶ
3319 3119 3351 3170 ό
3369 3115 3643 3183 ,βρυγμὸς
3670 3113 3790 3166 τῶν
3814 3115 3983 3167 ἐδόν-

746 3212 970 3264 Ιὶοῐιιὶηο
1010 3211 1282 3265 interdum
1352 3211 1516 3281 218
1573 3211 1675 3264 Eos
1732 3213 1817 3279 qui
1868 3228 1949 3264 me
2017 3211 2294 3263 noluerunt

744 3320 959 3371 regnare
987 3319 1141 3371 super
1183 3320 1233 3356 se
1262 3343 1276 3366 ,
1307 3303 1549 3356 adducite
1575 3313 1623 3356 et
1658 3311 1884 3355 mactate
1906 3304 1950 3335 "
1985 3319 1996 3352 :
2031 3301 2301 3355 interdum

747 3410 912 3447 u-ro:
953 3393 1244 3448 Dissecabit
1291 3396 1444 3448 talem
1491 3405 1734 3456 mentem,
1769 3404 1818 3448 et
1876 3395 2165 3460 portionem
2195 3393 2307 3460 ejus

742 3503 855 3536 cum
886 3487 1165 3555 hypocritis
1200 3499 1350 3555 ponet
1392 3504 1409 3540 :

2408 3226 2540 3262 των.
2571 3208 3002 3276 Διαθρύπτονται
3035 3207 3089 3258 δὲ
3120 3206 3214 3259 καὶ
3245 3208 3300 3258 αἱ
3333 3208 3526 3274 πέτραι
3561 3206 3664 3257 ὑπὸ
3690 3207 3786 3257 τοῦ
3813 3208 3986 3256 τοιού-

2413 3317 2503 3350 τύ
2555 3300 2751 3369 θυμοῦ,
2795 3303 2850 3351 αἱ
2891 3301 3026 3361 τέως
3077 3299 3288 3368 βαρεῖαι
3340 3298 3434 3350 καὶ
3480 3298 3754 3351 ἁνένδοτοι
3807 3299 3864 3348 ὲν
3909 3297 3986 3362 τῷ

2418 3390 2571 3458 κακῷ
2602 3390 2764 3455 ἕξεις.

1448 3489 1558 3541 illic
1590 3498 1667 3542 est
1695 3489 1849 3557 ﬂetus
1869 3497 1917 3541 et
1981 3489 2177 3541 stridor
2200 3486 2433 3539 dentium
2459 3483 2525 3536 “.
2599 3483 3028 3553 Confringuntur
3052 3484 3216 3539 etiam
3294 3492 3464 3553 petra
3486 3498 3514 3536 a
3571 3482 3663 3535 tali
3734 3482 3983 3551 indigna-

742 3580 903 3641 liene,
942 3597 1033 3632 seu
1062 3582 1264 3650 impetu
1296 3581 1532 3644 Domini,
1564 3581 1663 3650 ipsi
1690 3581 1940 3635 nimirum
1983 3595 2174 3650 graves
2204 3579 2512 3635 admodum,
2547 3576 2691 3629 anxii
2717 3587 2769 3629 et
2803 3578 2973 3630 severi
3008 3578 3061 3630 in
3105 3577 3254 3630 vitiis
3283 3577 3520 3630 habitus.

812 3669 977 3722 Vens.
1025 3671 1072 3722 ’7.
1106 3671 1365 3740 Benignus
1398 3681 1475 3724 est
1503 3672 1752 3724 Dominus
1773 3670 2194 3739 exspectantibus
2224 3674 2298 3738 ip-

743 3776 853 3814 sum
873 3760 925 3810 in
949 3758 1032 3812 die
1052 3760 1322 3813 tribulatio
1337 3755 1435 3812 "is.
1460 3758 1748 3828 Postquam
1771 3760 2035 3815 horrenda
2064 3775 2301 3814 comme-

743 3853 996 3915 moravit,
1031 3853 1368 3922 acimpetus,
1397 3867 1486 3906 seu
1520 3853 1735 3907 ardoris
1765 3847 1956 3916 animi,
1990 3861 2044 3906 et
2075 3853 2169 3905 ira
2205 3852 2297 3906 Dei

744 3946 1007 4008 meminit,
1061 3945 1348 4014 multaque
1423 3945 1728 3998 atrocitatis
1791 3963 1803 3998 :
1867 3953 1925 3997 ut
1986 3960 2052 3998 ne
2101 3945 2299 3998 durum

740 4039 1046 4106 quempiam
1081 4047 1134 4092 et
1163 4053 1385 4107 pravum
1445 4052 1867 4106 perversumque
1903 4037 2122 4106 quidam
2150 4036 2297 4089 arbi-

743 4138 954 4182 trentur
983 4127 1149 4180 Deum
1181 4128 1253 4196 (id
1285 4127 1427 4196 quod
1448 4126 1687 4181 Simonis
1717 4137 1769 4181 et
1801 4126 2092 4181 Marcionis
2125 4138 2300 4180 seeta-

742 4228 885 4270 tores
909 4218 1050 4285 passi
1078 4218 1382 4287 sunt),qua
1400 4219 1466 4271 ad
1491 4219 1959 4273 mansuetudinem
1985 4227 2036 4272 et
2059 4216 2302 4286 benigni-

745 4312 907 4356 tatem
932 4303 1052 4371 ejus
1085 4306 1355 4372 pertinent
1387 4320 1530 4360 nuuc
1557 4305 1798 4369 adducit,
1822 4313 1876 4358 et
1907 4306 1984 4357 ait
2013 4323 2026 4358 :
2075 4303 2298 4357 Etiamsi

746 4397 1013 4463 ingentem
1045 4398 1354 4465 quampiam
1389 4408 1444 4450 et
1474 4399 1870 4452 intolerabilem
1899 4396 2110 4451 Domini
2155 4397 2297 4450 indi-

742 4485 1048 4544 gnationem
1079 4485 1326 4550 dixerim,
1354 4488 1605 4542 hostibus
1637 4497 1814 4542 tamen
1839 4487 1958 4557 ejus
1988 4487 2299 4555 huiusmodi

745 4572 1042 4640 indignatio
1074 4585 1375 4645 segregata,
1414 4576 1745 4644 definitaque
1783 4585 1907 4632 est:
1937 4577 2050 4631 sive
2081 4577 2188 4630 illis
2211 4576 2302 4644 qui

743 4665 938 4716 nedum
967 4666 1100 4717 mala
1132 4679 1453 4734 operantur,
1486 4668 1838 4721 verumetiam
1909 4669 2096 4736 iniquo
2123 4667 2303 4720 animo

743 4755 920 4806 l‘t-runt
946 4756 1377 4822 castigationem,
1409 4771 1514 4825 qua
1543 4766 1760 4825 propter
1784 4757 1911 4810 talia
1941 4757 2167 4810 crimina
2203 4772 2298 4810 sua

742 4847 1061 4910 puniuntur,
1092 4856 1251 4913 atque
1314 4847 1625 4915 vituperant
1681 4847 1870 4909 Deum,
1923 4848 2187 4902 conviciis
2222 4848 2296 4899 la-

739 4946 982 4998 i't'ssnnt,
1009 4953 1070 4990 ac
1101 4937 1380 4991 fastidiunt
1405 4939 1524 5005 ejus
1562 4939 2044 5007 dispensationem.
2088 4938 2296 4992 Etenim

746 5027 1174 5093 Exspectantibus
1203 5029 1378 5096 ipsum
1409 5031 1463 5083 in
1487 5031 1573 5083 die
1617 5031 2010 5094 tribulationis,
2045 5031 2148 5083 hoc
2191 5038 2295 5091 est,

741 5121 1148 5189 castigationem
1187 5121 1253 5174 ab
1283 5123 1401 5189 ipso
1422 5120 1708 5175 adductam
1738 5122 1944 5189 placida
1973 5130 2149 5175 mente
2177 5137 2298 5175 δοες

742 5210 1058 5272 ιιηξιιιίὺυε,
1093 5211 1552 5279 lolemntibusque
1591 5212 1785 5280 ipsum,
1819 5225 1915 5264 ceu
1947 5210 2296 5279 castigantem

742 5309 967 5365 patrem,
1031 5300 1251 5365 talibus,
1311 5302 1552 5370 inquam,
1609 5303 1895 5371 benignus,
1961 5310 2296 5362 mansuetus,

741 5394 982 5443 c-ieinens
1007 5400 1108 5445 est.
1142 5390 1236 5444 Vel
1275 5394 1720 5459 exspectantibus
1751 5393 1944 5460 ipsum,
1984 5407 2100 5459 pro,
2159 5392 2298 5444 divi-

742 5492 863 5528 nam
922 5478 1092 5546 ipsam
1143 5481 1210 5531 ab
1257 5493 1320 5533 eo
1378 5479 1800 5534 consolationem
1870 5480 2296 5548 excipientibus,

741 5577 792 5620 et
855 5569 920 5622 ad
979 5569 1157 5637 ipsum
1228 5571 1598 5626 tantummodo
1663 5571 2019 5640 deﬁgentibus
2079 5572 2287 5635 oculos.

2470 3669 2740 3735 Χρηστὸς
2773 3668 2982 3734 Κύριος
3031 3670 3152 3732 τοῖς
3206 3668 3620 3736 ὑπομένουσιν
3668 3669 3860 3720 αὐτὸν
3907 3669 3975 3719 ἐν

2401 3761 2587 3828 ἡμέρᾳ
2618 3761 2897 3826 θλίψεως.
2929 3760 3150 3829 Ἐπειδὴ
3174 3761 3240 3812 τὰ
3271 3761 3478 3830 φοϐερὰ
3504 3756 3648 3822 εἷπε,
3677 3761 3771 3813 καὶ
3804 3760 3976 3827 θυμοῦ

2401 3852 2494 3903 καὶ
2532 3850 2700 3920 ὀργῆς
2742 3851 2988 3920 ἐμνήσθη
3031 3854 3125 3903 καὶ
3165 3854 3468 3920 ἀποτομίας
3510 3852 3731 3922 πολλῆς,
3776 3854 3861 3904 ἵνα
3905 3856 3978 3920 μὴ

2408 3940 2642 4008 σκληρόν
2673 3957 2792 3992 τινα
2828 3942 2922 3993 καὶ
2956 3942 3191 4011 πονηρὸν
3223 3943 3488 4012 νομίσωσί
3520 3960 3660 4004 τινες
3691 3943 3784 3994 τὶν
3815 3944 3980 4002 Θεὶν,

2401 4031 2429 4082 ὃ
2458 4029 2655 4082 ἔπαθον
2683 4033 2728 4083 οἱ
2757 4031 2863 4083 ἀπὸ
2890 4032 3132 4100 Σίμωνος
3160 4034 3253 4085 καὶ
3283 4035 3629 4102 Μαρκίωνος,
3664 4034 3862 4100 ἐπάγει
3892 4038 3981 4086 καὶ

2403 4123 2472 4173 τὰ
2509 4123 2606 4190 τῆς
2647 4122 3034 4192 χρηστότητος,
3076 4125 3169 4176 καί
3212 4142 3396 4192 φησιν,
3437 4125 3517 4175 ὅτι
3561 4124 3622 4176 Ei
3664 4128 3759 4177 καὶ
3808 4127 3980 4193 μέγαν

2404 4209 2526 4261 τινὰ
2561 4210 2654 4262 καὶ
2687 4212 3058 4264 ἀνυπόστατον
3088 4212 3178 4263 τὸν
3209 4211 3304 4263 τοῦ
3339 4213 3544 4278 Κυρίου
3582 4211 3754 4280 θυμδν
3789 4209 3940 4264 εἷπον
3962 4253 3978 4274 ,

2404 4299 2538 4352 ἀλλὰ
2571 4302 2686 4362 τοῖς
2727 4301 2937 4370 ἐχθροῖς
2975 4303 3002 4353 6
3043 4302 3214 4370 θυμὸς
3251 4302 3582 4371 ἀφώρισται,
3617 4305 3735 4372 ἢτοι
3773 4308 3892 4364 τοῖς⁴
3918 4307 3977 4354 οὐ

2410 4388 2568 4455 μόνον
2595 4389 2739 4442 κακὰ
2771 4389 3044 4453 ποιοῦσιν,
3075 4390 3210 4441 ἀλλὰ
3243 4391 3337 4442 καὶ
3367 4391 3424 4441 ὲν
3449 4391 3525 4457 τῷ
3557 4392 3752 4453 κολαζε
3765 4393 3884 4442 σθαι
3913 4393 3982 4442 δι’

2409 4478 2548 4530 αὐτὰ
2580 4479 2655 4549 μὴ
2685 4479 3040 4550 εὐγνωμόνως
3067 4479 3372 4549 δεχομένοις
3399 4481 3497 4547 τὴν
3526 4481 3776 4532 παιδείαν
3798 4523 3813 4544 ,
3845 4483 3980 4533 ἀλλὰ

2417 4561 2933 4639 βλασφημοῦσικαὶ
2987 4571 3469 4625 ἁποδυσπετοῦσιν.
3517 4573 3817 4637 Ἐπείτοιγε
3871 4577 3980 4631 τοῖς

2418 4662 2778 4729 ὑπομένουσιν
2809 4664 2966 4716 αὑτὸν
2997 4665 3053 4715 ὲν
3083 4663 3263 4733 ἡμέρᾳ
3300 4664 3550 4731 θλίψεως,
3582 4663 3848 4720 τουτέστι.
3881 4666 3979 4729 τὴν

2413 4755 2544 4820 παρ’
2571 4751 2735 4804 αὐτοῦ
2777 4753 3124 4822 ἐπαγομένην
3163 4754 3412 4805 παιδείαν
3455 4754 3708 4820 φέρουσιν
3753 4754 3974 4820 εὐχαρί-

2409 4859 2567 4904 στως,
2599 4844 2690 4894 καὶ
2717 4844 3077 4913 ὑπομένουσιν
3101 4843 3258 4895 αὑτὸν
3283 4844 3355 4904 ὡς
3386 4843 3602 4912 Πατέρα
3631 4842 3975 4901 παιδεύοντα,

2402 4936 2510 4996 τοῖς
2541 4936 2800 4997 τοιούτοις
2835 4935 3070 5003 χρηστός
3104 4936 3267 4986 ἐστιν.
3300 4935 3368 4985 Ἦ
3401 4934 3480 4992 τὸ,
3516 4933 3972 4999 ⁸)’πιψένοιντνιι·,

2401 5027 2520 5080 ἀντὶ
2554 5024 2678 5089 τοῦ,
2715 5027 2827 5092 Τὴν
2858 5025 3022 5080 αὐτοῦ
3057 5025 3398 5094 παράκλησιν
3433 5025 3840 5091 ἐκδεχομένοις,
3883 5025 3975 5076 καὶ

2403 5119 2536 5188 πρὸς
2567 5117 2726 5169 αὐτὸν
2749 5116 3017 5184 ἀφορῶσι,
3048 5117 3140 5167 καὶ
3173 5115 3247 5184 μὴ
3278 5114 3412 5183 πρὸς
3439 5115 3599 5175 ἄλλας
3635 5114 3910 5180 βοηθείας,
3944 5114 3973 5178 ἦ

2403 5212 2690 5280 δαιμόνων,
2741 5212 2773 5279 ἢ
2824 5210 3147 5282 ἀνθρώπων.
3205 5210 3454 5262 Τοιοῦτον
3504 5211 3586 5270 το,
3628 5210 3974 5271 ’,Τημένιον-

2403 5304 2677 5371 ὐπέμεινε
2707 5303 2813 5356 τὸν
2841 5304 3059 5370 Κύριον
3082 5320 3094 5332 ·
3130 5302 3209 5354 διο
3243 5303 3437 5368 ἐπάγει
3466 5318 3477 5330 ·
3516 5303 3622 5353 Καὶ
3661 5301 3968 5365 αρτ-ἔσχε

2392 5412 2492 5462 μοι
2511 5434 2524 5452 ,
2552 5423 2621 5434 --
2655 5395 2752 5448 καὶ
2797 5394 3060 5463 ἀνήγαγέ
3075 5410 3148 5462 με
3169 5394 3234 5445 ἐκ
3256 5393 3486 5446 λάκκου
3528 5391 3929 5454 ταλαιπωρίης
3957 5410 3964 5416 ·

2401 5483 2586 5545 Ὅστις
2637 5484 2742 5552 γὰρ
2791 5485 2952 5536 αὐτὸν
3000 5483 3255 5551 ἀναμένει
3309 5481 3518 5549 βοηθὸν,
3565 5477 3965 5532 ἐπακούσεται,

2401 5574 2493 5624 καὶ
2523 5574 2620 5640 τῆς
2649 5573 3012 5641 χρηστότητος
3044 5571 3206 5625 αὑτοῦ
3239 5570 3518 5623 ἀπολαύει.

749 5656 1091 5717 oculos,ucc
1160 5660 1225 5716 ad
1277 5662 1380 5713 alia
1451 5663 1529 5714 vel
1581 5662 1886 5714 damunum
1961 5664 2039 5713 \‘vl
2125 5662 2402 5713 hominum
2431 5663 2628 5715 auxilia
2710 5663 3144 5732 respicientil-us.
3206 5659 3334 5716 Tale
3360 5671 3441 5715 est
3499 5658 3643 5728 quod
3699 5656 3966 5724 Propheta

814 5774 858 5809 ⁸⁸
885 5771 1023 5830 I‘sal.
1068 5789 1216 5843 nn,
1254 5780 1302 5831 6.
1384 5779 1425 5811 ⁸³
1467 5776 1596 5833 Luc.
1632 5794 1743 5841 ιιι,
1784 5777 1870 5830 27.

1952 5781 1982 5808 δ’
2026 5778 2212 5832 Matth.
2257 5792 2402 5846 μιν,
2443 5780 2526 5833 οι.
