  <div class='ocr_page' id='page_1' title='image "/cluster/home/n/w/nwhite01/storage/ocr_20150623/126/nnc1.0046979859/512.png"; bbox 0 0 4210 6436; ppageno 0'>
   <div class='ocr_carea' id='block_1_1' title="bbox 246 379 352 439">
    <p class='ocr_par' dir='ltr' id='par_1_1' title="bbox 246 379 352 439">
     <span class='ocr_line' id='line_1_1' title="bbox 246 379 352 439; baseline -0.019 0"><span class='ocrx_word' id='word_1_1' title='bbox 246 379 352 439; x_wconf 80' lang='lat'><strong>985</strong></span> 
     </span>
    </p>
   </div>
   <div class='ocr_carea' id='block_1_2' title="bbox 226 492 472 561">
    <p class='ocr_par' dir='ltr' id='par_1_2' title="bbox 226 492 472 561">
     <span class='ocr_line' id='line_1_2' title="bbox 226 492 472 561; baseline 0.02 -19"><span class='ocrx_word' id='word_1_2' title='bbox 226 492 402 561; x_wconf 86' lang='lat' dir='ltr'><strong>inquit</strong></span> <span class='ocrx_word' id='word_1_3' title='bbox 458 512 472 547; x_wconf 87' lang='lat'><strong>:</strong></span> 
     </span>
    </p>
   </div>
   <div class='ocr_carea' id='block_1_3' title="bbox 960 385 2642 460">
    <p class='ocr_par' dir='ltr' id='par_1_3' title="bbox 960 385 2642 460">
     <span class='ocr_line' id='line_1_3' title="bbox 960 385 2642 460; baseline 0.009 -18"><span class='ocrx_word' id='word_1_4' title='bbox 960 385 1363 446; x_wconf 77' lang='lat' dir='ltr'><strong>EXPOSITIO</strong></span> <span class='ocrx_word' id='word_1_5' title='bbox 1403 389 1479 446; x_wconf 68' lang='lat' dir='ltr'><strong>IN</strong></span> <span class='ocrx_word' id='word_1_6' title='bbox 1524 390 1977 450; x_wconf 75' lang='lat' dir='ltr'><strong>PROPHETA.“</strong></span> <span class='ocrx_word' id='word_1_7' title='bbox 2026 394 2259 456; x_wconf 73' lang='lat' dir='ltr'>NAUM.</span> <span class='ocrx_word' id='word_1_8' title='bbox 2308 422 2367 434; x_wconf 81' lang='lat'><strong>-</strong></span> <span class='ocrx_word' id='word_1_9' title='bbox 2399 402 2555 460; x_wconf 67' lang='grc' dir='ltr'>(Ἀῐὶ</span> <span class='ocrx_word' id='word_1_10' title='bbox 2594 403 2642 460; x_wconf 91' lang='grc' dir='ltr'><strong>Ι.</strong></span> 
     </span>
    </p>
   </div>
   <div class='ocr_carea' id='block_1_4' title="bbox 527 493 3479 579">
    <p class='ocr_par' dir='ltr' id='par_1_4' title="bbox 527 493 3479 579">
     <span class='ocr_line' id='line_1_4' title="bbox 527 493 3479 579; baseline 0.011 -33"><span class='ocrx_word' id='word_1_11' title='bbox 527 493 848 563; x_wconf 75' lang='lat' dir='ltr'><strong>Exspectaus</strong></span> <span class='ocrx_word' id='word_1_12' title='bbox 884 500 1177 561; x_wconf 71' lang='lat' dir='ltr'><strong>exspectavi</strong></span> <span class='ocrx_word' id='word_1_13' title='bbox 1217 500 1533 566; x_wconf 80' lang='lat' dir='ltr'><strong>Dominum;</strong></span> <span class='ocrx_word' id='word_1_14' title='bbox 1565 502 1689 556; x_wconf 84' lang='lat' dir='ltr'><strong>hinc</strong></span> <span class='ocrx_word' id='word_1_15' title='bbox 1728 503 1950 557; x_wconf 73' lang='lat' dir='ltr'><strong>subdit:</strong></span> <span class='ocrx_word' id='word_1_16' title='bbox 1988 506 2055 559; x_wconf 82' lang='lat' dir='ltr'><strong>Et</strong></span> <span class='ocrx_word' id='word_1_17' title='bbox 2112 519 2330 563; x_wconf 78' lang='lat' dir='ltr'><strong>attenait</strong></span> <span class='ocrx_word' id='word_1_18' title='bbox 2378 515 2505 565; x_wconf 80' lang='lat' dir='ltr'><strong>mihi</strong></span> <span class='ocrx_word' id='word_1_19' title='bbox 2539 516 2607 575; x_wconf 74' lang='lat'><strong>“.</strong></span> <span class='ocrx_word' id='word_1_20' title='bbox 2636 545 2701 555; x_wconf 91' lang='lat'><strong>—-</strong></span> <span class='ocrx_word' id='word_1_21' title='bbox 2748 526 2796 570; x_wconf 81' lang='lat' dir='ltr'><strong>et</strong></span> <span class='ocrx_word' id='word_1_22' title='bbox 2872 520 3080 575; x_wconf 70' lang='lat' dir='ltr'><strong>reclusit</strong></span> <span class='ocrx_word' id='word_1_23' title='bbox 3126 539 3203 576; x_wconf 84' lang='lat' dir='ltr'><strong>me</strong></span> <span class='ocrx_word' id='word_1_24' title='bbox 3256 540 3281 575; x_wconf 94' lang='lat' dir='ltr'><strong>e</strong></span> <span class='ocrx_word' id='word_1_25' title='bbox 3368 527 3479 579; x_wconf 80' lang='lat' dir='ltr'><strong>loco</strong></span> 
     </span>
    </p>
   </div>
   <div class='ocr_carea' id='block_1_5' title="bbox 3365 414 3469 481">
    <p class='ocr_par' dir='ltr' id='par_1_5' title="bbox 3365 414 3469 481">
     <span class='ocr_line' id='line_1_5' title="bbox 3365 414 3469 481; baseline -0.067 0"><span class='ocrx_word' id='word_1_26' title='bbox 3365 414 3469 481; x_wconf 78' lang='lat'><strong>986</strong></span> 
     </span>
    </p>
   </div>
   <div class='ocr_carea' id='block_1_6' title="bbox 223 590 3477 687">
    <p class='ocr_par' dir='ltr' id='par_1_6' title="bbox 223 590 3477 687">
     <span class='ocr_line' id='line_1_6' title="bbox 223 590 3477 687; baseline 0.011 -48"><span class='ocrx_word' id='word_1_27' title='bbox 223 590 453 643; x_wconf 73' lang='lat' dir='ltr'><strong>miseriae</strong></span> <span class='ocrx_word' id='word_1_28' title='bbox 535 591 601 645; x_wconf 83' lang='grc'><strong>⁸⁸.</strong></span> <span class='ocrx_word' id='word_1_29' title='bbox 669 591 936 662; x_wconf 85' lang='lat' dir='ltr'><strong>Quisquis</strong></span> <span class='ocrx_word' id='word_1_30' title='bbox 999 597 1145 650; x_wconf 90' lang='lat' dir='ltr'><strong>enim</strong></span> <span class='ocrx_word' id='word_1_31' title='bbox 1220 597 1393 665; x_wconf 74' lang='lat' dir='ltr'><strong>ipsum</strong></span> <span class='ocrx_word' id='word_1_32' title='bbox 1462 599 1813 668; x_wconf 68' lang='lat' dir='ltr'><strong>ptmslolatur</strong></span> <span class='ocrx_word' id='word_1_33' title='bbox 1876 604 2300 670; x_wconf 71' lang='lat' dir='ltr'><strong>auxiliatorem,</strong></span> <span class='ocrx_word' id='word_1_34' title='bbox 2363 612 2690 674; x_wconf 70' lang='lat' dir='ltr'><strong>txauditur,</strong></span> <span class='ocrx_word' id='word_1_35' title='bbox 2766 614 3049 685; x_wconf 84' lang='lat' dir='ltr'><strong>ipsiusque</strong></span> <span class='ocrx_word' id='word_1_36' title='bbox 3145 619 3477 687; x_wconf 80' lang='lat' dir='ltr'><strong>benignitate</strong></span> 
     </span>
    </p>
   </div>
   <div class='ocr_carea' id='block_1_7' title="bbox 222 683 442 737">
    <p class='ocr_par' dir='ltr' id='par_1_7' title="bbox 222 683 442 737">
     <span class='ocr_line' id='line_1_7' title="bbox 222 683 442 737; baseline 0.014 -3"><span class='ocrx_word' id='word_1_37' title='bbox 222 683 442 737; x_wconf 67' lang='lat' dir='ltr'><strong>fruitur.</strong></span> 
     </span>
    </p>
   </div>
   <div class='ocr_carea' id='block_1_8' title="bbox 294 767 1956 860">
    <p class='ocr_par' dir='ltr' id='par_1_8' title="bbox 294 767 1872 846">
     <span class='ocr_line' id='line_1_8' title="bbox 294 767 1872 846; baseline 0.008 -23"><span class='ocrx_word' id='word_1_38' title='bbox 294 773 401 826; x_wconf 81' lang='lat' dir='ltr'><strong>Kal</strong></span> <span class='ocrx_word' id='word_1_39' title='bbox 425 773 733 841; x_wconf 73' lang='grc' dir='ltr'>γινώσκων</span> <span class='ocrx_word' id='word_1_40' title='bbox 748 774 888 839; x_wconf 85' lang='grc' dir='ltr'>τοὺς</span> <span class='ocrx_word' id='word_1_41' title='bbox 910 776 1394 846; x_wconf 67' lang='grc' dir='ltr'><strong>εὐλαϐουμένους</strong></span> <span class='ocrx_word' id='word_1_42' title='bbox 1412 781 1616 834; x_wconf 79' lang='grc' dir='ltr'>αὐτόν.</span> <span class='ocrx_word' id='word_1_43' title='bbox 1638 780 1800 835; x_wconf 85' lang='grc' dir='ltr'>Τουτ-</span> 
     </span>
    </p>
   </div>
   <div class='ocr_carea' id='block_1_9' title="bbox 1805 767 3467 860">
    <p class='ocr_par' dir='ltr' id='par_1_9' title="bbox 1827 767 3467 860">
     <span class='ocr_line' id='line_1_9' title="bbox 1827 767 3467 860; baseline 0.012 -27"><span class='ocrx_word' id='word_1_44' title='bbox 1827 767 1872 841; x_wconf 73' lang='grc' dir='ltr'>Α</span> <span class='ocrx_word' id='word_1_45' title='bbox 1973 782 2038 835; x_wconf 78' lang='lat' dir='ltr'><strong>Et</strong></span> <span class='ocrx_word' id='word_1_46' title='bbox 2070 786 2332 853; x_wconf 85' lang='lat' dir='ltr'><strong>cognoscit</strong></span> <span class='ocrx_word' id='word_1_47' title='bbox 2375 788 2625 843; x_wconf 77' lang='lat' dir='ltr'><strong>Dominus</strong></span> <span class='ocrx_word' id='word_1_48' title='bbox 2676 792 2902 844; x_wconf 85' lang='lat' dir='ltr'><strong>colentes</strong></span> <span class='ocrx_word' id='word_1_49' title='bbox 2962 796 3155 860; x_wconf 86' lang='lat' dir='ltr'><strong>ipsum.</strong></span> <span class='ocrx_word' id='word_1_50' title='bbox 3191 796 3304 851; x_wconf 84' lang='lat' dir='ltr'><strong>lloc</strong></span> <span class='ocrx_word' id='word_1_51' title='bbox 3360 811 3467 855; x_wconf 72' lang='lat' dir='ltr'><strong>es‘.</strong></span> 
     </span>
    </p>
   </div>
   <div class='ocr_carea' id='block_1_10' title="bbox 222 861 1795 939">
    <p class='ocr_par' dir='ltr' id='par_1_10' title="bbox 222 861 1795 939">
     <span class='ocr_line' id='line_1_10' title="bbox 222 861 1795 939; baseline 0.006 -26"><span class='ocrx_word' id='word_1_52' title='bbox 222 862 376 913; x_wconf 80' lang='grc' dir='ltr'>ἐστιν</span> <span class='ocrx_word' id='word_1_53' title='bbox 418 861 647 928; x_wconf 77' lang='grc' dir='ltr'>ἀγαπῶν</span> <span class='ocrx_word' id='word_1_54' title='bbox 689 865 783 917; x_wconf 80' lang='grc' dir='ltr'>καὶ</span> <span class='ocrx_word' id='word_1_55' title='bbox 812 865 1181 933; x_wconf 80' lang='grc' dir='ltr'><strong>οἰκειούμενος</strong></span> <span class='ocrx_word' id='word_1_56' title='bbox 1217 867 1337 929; x_wconf 81' lang='grc' dir='ltr'>τοὺς</span> <span class='ocrx_word' id='word_1_57' title='bbox 1370 868 1795 939; x_wconf 78' lang='grc' dir='ltr'>εὐλαϐουμένους</span> 
     </span>
    </p>
   </div>
   <div class='ocr_carea' id='block_1_11' title="bbox 1898 874 3461 953">
    <p class='ocr_par' dir='ltr' id='par_1_11' title="bbox 1898 874 3461 953">
     <span class='ocr_line' id='line_1_11' title="bbox 1898 874 3461 953; baseline 0.004 -27"><span class='ocrx_word' id='word_1_58' title='bbox 1898 874 2092 940; x_wconf 76' lang='lat' dir='ltr'><strong>diligit,</strong></span> <span class='ocrx_word' id='word_1_59' title='bbox 2124 886 2176 929; x_wconf 89' lang='lat' dir='ltr'><strong>et</strong></span> <span class='ocrx_word' id='word_1_60' title='bbox 2205 877 2256 928; x_wconf 91' lang='lat' dir='ltr'><strong>in</strong></span> <span class='ocrx_word' id='word_1_61' title='bbox 2293 894 2451 929; x_wconf 86' lang='lat' dir='ltr'><strong>suum</strong></span> <span class='ocrx_word' id='word_1_62' title='bbox 2481 881 2570 947; x_wconf 88' lang='lat' dir='ltr'><strong>jus</strong></span> <span class='ocrx_word' id='word_1_63' title='bbox 2597 892 2648 933; x_wconf 88' lang='lat' dir='ltr'><strong>et</strong></span> <span class='ocrx_word' id='word_1_64' title='bbox 2674 897 2861 935; x_wconf 86' lang='lat' dir='ltr'><strong>curam</strong></span> <span class='ocrx_word' id='word_1_65' title='bbox 2899 885 3098 953; x_wconf 84' lang='lat' dir='ltr'><strong>accipit</strong></span> <span class='ocrx_word' id='word_1_66' title='bbox 3126 888 3461 943; x_wconf 69' lang='lat' dir='ltr'><strong>dei-eneran-</strong></span> 
     </span>
    </p>
   </div>
   <div class='ocr_carea' id='block_1_12' title="bbox 219 954 1881 1050">
    <p class='ocr_par' dir='ltr' id='par_1_12' title="bbox 219 954 1795 1028">
     <span class='ocr_line' id='line_1_12' title="bbox 219 954 1795 1028; baseline 0.005 -23"><span class='ocrx_word' id='word_1_67' title='bbox 219 954 412 1017; x_wconf 62' lang='grc' dir='ltr'>αὑτὸν,</span> <span class='ocrx_word' id='word_1_68' title='bbox 441 957 532 1006; x_wconf 77' lang='grc' dir='ltr'><strong>καὶ</strong></span> <span class='ocrx_word' id='word_1_69' title='bbox 559 954 647 1007; x_wconf 87' lang='grc' dir='ltr'><strong>διά</strong></span> <span class='ocrx_word' id='word_1_70' title='bbox 671 955 830 1007; x_wconf 74' lang='grc' dir='ltr'>τοῦτο</span> <span class='ocrx_word' id='word_1_71' title='bbox 861 957 936 1026; x_wconf 83' lang='grc' dir='ltr'>μὴ</span> <span class='ocrx_word' id='word_1_72' title='bbox 965 957 1397 1027; x_wconf 80' lang='grc' dir='ltr'>ἁμαρτάνοντας,</span> <span class='ocrx_word' id='word_1_73' title='bbox 1424 959 1456 1028; x_wconf 84' lang='grc' dir='ltr'>ἢ</span> <span class='ocrx_word' id='word_1_74' title='bbox 1482 959 1608 1022; x_wconf 77' lang='grc' dir='ltr'>τοὺς</span> <span class='ocrx_word' id='word_1_75' title='bbox 1634 960 1795 1013; x_wconf 81' lang='grc' dir='ltr'>εύλαο</span> 
     </span>
    </p>
   </div>
   <div class='ocr_carea' id='block_1_13' title="bbox 1794 954 3456 1050">
    <p class='ocr_par' dir='ltr' id='par_1_13' title="bbox 1794 976 3456 1050">
     <span class='ocr_line' id='line_1_13' title="bbox 1794 976 3456 1050; baseline 0.004 -22"><span class='ocrx_word' id='word_1_76' title='bbox 1794 992 1795 996; x_wconf 73' lang='lat'>‘</span> <span class='ocrx_word' id='word_1_77' title='bbox 1896 980 1975 1029; x_wconf 74' lang='lat' dir='ltr'><strong>les</strong></span> <span class='ocrx_word' id='word_1_78' title='bbox 2010 991 2155 1035; x_wconf 85' lang='lat' dir='ltr'><strong>eum,</strong></span> <span class='ocrx_word' id='word_1_79' title='bbox 2192 988 2253 1025; x_wconf 90' lang='lat' dir='ltr'><strong>ac</strong></span> <span class='ocrx_word' id='word_1_80' title='bbox 2287 980 2571 1039; x_wconf 72' lang='lat' dir='ltr'><strong>propterea</strong></span> <span class='ocrx_word' id='word_1_81' title='bbox 2608 989 2711 1027; x_wconf 90' lang='lat' dir='ltr'><strong>non</strong></span> <span class='ocrx_word' id='word_1_82' title='bbox 2770 976 3175 1044; x_wconf 84' lang='lat' dir='ltr'><strong>delinquentes,</strong></span> <span class='ocrx_word' id='word_1_83' title='bbox 3222 996 3314 1033; x_wconf 87' lang='lat' dir='ltr'><strong>seu</strong></span> <span class='ocrx_word' id='word_1_84' title='bbox 3351 986 3456 1050; x_wconf 90' lang='lat' dir='ltr'><strong>pie,</strong></span> 
     </span>
    </p>
   </div>
   <div class='ocr_carea' id='block_1_14' title="bbox 221 1044 1297 1118">
    <p class='ocr_par' dir='ltr' id='par_1_14' title="bbox 221 1044 1297 1118">
     <span class='ocr_line' id='line_1_14' title="bbox 221 1044 1297 1118; baseline 0.006 -22"><span class='ocrx_word' id='word_1_85' title='bbox 221 1044 331 1111; x_wconf 76' lang='grc' dir='ltr'>βὼς</span> <span class='ocrx_word' id='word_1_86' title='bbox 361 1045 682 1114; x_wconf 79' lang='grc' dir='ltr'>δεχομένους</span> <span class='ocrx_word' id='word_1_87' title='bbox 719 1047 862 1118; x_wconf 76' lang='grc' dir='ltr'>ἅπερ</span> <span class='ocrx_word' id='word_1_88' title='bbox 890 1047 1051 1111; x_wconf 81' lang='grc' dir='ltr'>αὐτὸς</span> <span class='ocrx_word' id='word_1_89' title='bbox 1083 1049 1297 1117; x_wconf 76' lang='grc' dir='ltr'>ἐπάγει.</span> 
     </span>
    </p>
   </div>
   <div class='ocr_carea' id='block_1_15' title="bbox 292 1223 1795 1299">
    <p class='ocr_par' dir='ltr' id='par_1_15' title="bbox 292 1223 1795 1299">
     <span class='ocr_line' id='line_1_15' title="bbox 292 1223 1795 1299; baseline 0.007 -23"><span class='ocrx_word' id='word_1_90' title='bbox 292 1223 398 1276; x_wconf 77' lang='grc' dir='ltr'><strong>Καὶ</strong></span> <span class='ocrx_word' id='word_1_91' title='bbox 427 1224 496 1275; x_wconf 79' lang='grc' dir='ltr'><strong>ἐν</strong></span> <span class='ocrx_word' id='word_1_92' title='bbox 521 1224 926 1295; x_wconf 74' lang='grc' dir='ltr'>κατακλυσμῷ</span> <span class='ocrx_word' id='word_1_93' title='bbox 953 1228 1216 1296; x_wconf 80' lang='grc' dir='ltr'><strong>πορείας,</strong></span> <span class='ocrx_word' id='word_1_94' title='bbox 1242 1229 1602 1285; x_wconf 75' lang='grc' dir='ltr'><strong>συντέλειαν</strong></span> <span class='ocrx_word' id='word_1_95' title='bbox 1626 1232 1795 1299; x_wconf 76' lang='grc' dir='ltr'>ποιή-</span> 
     </span>
    </p>
   </div>
   <div class='ocr_carea' id='block_1_16' title="bbox 218 1316 1791 1394">
    <p class='ocr_par' dir='ltr' id='par_1_16' title="bbox 218 1316 1791 1394">
     <span class='ocr_line' id='line_1_16' title="bbox 218 1316 1791 1394; baseline 0.009 -30"><span class='ocrx_word' id='word_1_96' title='bbox 218 1330 390 1366; x_wconf 87' lang='grc' dir='ltr'>σεται</span> <span class='ocrx_word' id='word_1_97' title='bbox 422 1316 563 1381; x_wconf 78' lang='grc' dir='ltr'>τοὺς</span> <span class='ocrx_word' id='word_1_98' title='bbox 598 1317 1106 1386; x_wconf 73' lang='grc' dir='ltr'>ἐπεγειρομένους.</span> <span class='ocrx_word' id='word_1_99' title='bbox 1142 1320 1331 1385; x_wconf 81' lang='grc' dir='ltr'>Δείξας</span> <span class='ocrx_word' id='word_1_100' title='bbox 1368 1322 1516 1386; x_wconf 84' lang='grc' dir='ltr'>ὅπως</span> <span class='ocrx_word' id='word_1_101' title='bbox 1556 1325 1791 1394; x_wconf 79' lang='grc' dir='ltr'>προσφέ-</span> 
     </span>
    </p>
   </div>
   <div class='ocr_carea' id='block_1_17' title="bbox 222 1406 1792 1483">
    <p class='ocr_par' dir='ltr' id='par_1_17' title="bbox 222 1406 1792 1483">
     <span class='ocr_line' id='line_1_17' title="bbox 222 1406 1792 1483; baseline 0.008 -29"><span class='ocrx_word' id='word_1_102' title='bbox 222 1421 376 1469; x_wconf 76' lang='grc' dir='ltr'>ρεται</span> <span class='ocrx_word' id='word_1_103' title='bbox 417 1406 549 1468; x_wconf 64' lang='grc' dir='ltr'>Θεζς</span> <span class='ocrx_word' id='word_1_104' title='bbox 585 1410 696 1469; x_wconf 84' lang='grc' dir='ltr'><strong>τοῖς</strong></span> <span class='ocrx_word' id='word_1_105' title='bbox 736 1408 1009 1475; x_wconf 81' lang='grc' dir='ltr'>εὐλασὲσι,</span> <span class='ocrx_word' id='word_1_106' title='bbox 1045 1409 1140 1463; x_wconf 84' lang='grc' dir='ltr'>νῦν</span> <span class='ocrx_word' id='word_1_107' title='bbox 1176 1411 1338 1465; x_wconf 81' lang='grc' dir='ltr'>πάλιν</span> <span class='ocrx_word' id='word_1_108' title='bbox 1369 1412 1469 1483; x_wconf 74' lang='grc' dir='ltr'><strong>τὴν</strong></span> <span class='ocrx_word' id='word_1_109' title='bbox 1507 1416 1650 1466; x_wconf 80' lang='grc' dir='ltr'><strong>κατά</strong></span> <span class='ocrx_word' id='word_1_110' title='bbox 1683 1414 1792 1467; x_wconf 85' lang='grc' dir='ltr'>τῶν</span> 
     </span>
    </p>
   </div>
   <div class='ocr_carea' id='block_1_18' title="bbox 220 1494 1791 1569">
    <p class='ocr_par' dir='ltr' id='par_1_18' title="bbox 220 1494 1791 1569">
     <span class='ocr_line' id='line_1_18' title="bbox 220 1494 1791 1569; baseline 0.007 -25"><span class='ocrx_word' id='word_1_111' title='bbox 220 1494 448 1547; x_wconf 73' lang='grc' dir='ltr'>ἀνοσίων</span> <span class='ocrx_word' id='word_1_112' title='bbox 489 1495 821 1565; x_wconf 81' lang='grc' dir='ltr'>διεξέρχεται</span> <span class='ocrx_word' id='word_1_113' title='bbox 865 1497 1238 1564; x_wconf 80' lang='grc' dir='ltr'>ὲπεξέλευσιν,</span> <span class='ocrx_word' id='word_1_114' title='bbox 1278 1498 1372 1552; x_wconf 86' lang='grc' dir='ltr'><strong>καί</strong></span> <span class='ocrx_word' id='word_1_115' title='bbox 1416 1517 1602 1569; x_wconf 84' lang='grc' dir='ltr'>φησιν,</span> <span class='ocrx_word' id='word_1_116' title='bbox 1642 1502 1723 1554; x_wconf 84' lang='grc' dir='ltr'><strong>ὅτι</strong></span> <span class='ocrx_word' id='word_1_117' title='bbox 1764 1504 1791 1554; x_wconf 87' lang='grc' dir='ltr'><strong>ό</strong></span> 
     </span>
    </p>
   </div>
   <div class='ocr_carea' id='block_1_19' title="bbox 216 1586 1790 1661">
    <p class='ocr_par' dir='ltr' id='par_1_19' title="bbox 216 1586 1790 1661">
     <span class='ocr_line' id='line_1_19' title="bbox 216 1586 1790 1661; baseline 0.004 -24"><span class='ocrx_word' id='word_1_118' title='bbox 216 1586 351 1647; x_wconf 75' lang='grc' dir='ltr'>Θεὸς</span> <span class='ocrx_word' id='word_1_119' title='bbox 381 1588 506 1650; x_wconf 73' lang='grc' dir='ltr'>τοὺς</span> <span class='ocrx_word' id='word_1_120' title='bbox 538 1589 987 1657; x_wconf 75' lang='grc' dir='ltr'>ἑπεγειρομένους</span> <span class='ocrx_word' id='word_1_121' title='bbox 1015 1590 1185 1659; x_wconf 80' lang='grc' dir='ltr'>αὐτῷ,</span> <span class='ocrx_word' id='word_1_122' title='bbox 1215 1591 1481 1657; x_wconf 74' lang='grc' dir='ltr'><strong>τουτέστι,</strong></span> <span class='ocrx_word' id='word_1_123' title='bbox 1508 1591 1633 1654; x_wconf 82' lang='grc' dir='ltr'>τοὺς</span> <span class='ocrx_word' id='word_1_124' title='bbox 1664 1610 1790 1661; x_wconf 86' lang='grc' dir='ltr'>τρα-</span> 
     </span>
    </p>
   </div>
   <div class='ocr_carea' id='block_1_20' title="bbox 216 1678 1788 1752">
    <p class='ocr_par' dir='ltr' id='par_1_20' title="bbox 216 1678 1788 1752">
     <span class='ocr_line' id='line_1_20' title="bbox 216 1678 1788 1752; baseline 0.004 -22"><span class='ocrx_word' id='word_1_125' title='bbox 216 1679 521 1746; x_wconf 72' lang='grc' dir='ltr'>χηλιῶντας</span> <span class='ocrx_word' id='word_1_126' title='bbox 541 1719 555 1741; x_wconf 92' lang='grc'><strong>,</strong></span> <span class='ocrx_word' id='word_1_127' title='bbox 591 1681 683 1732; x_wconf 71' lang='grc' dir='ltr'>καὶ</span> <span class='ocrx_word' id='word_1_128' title='bbox 715 1678 903 1749; x_wconf 83' lang='grc' dir='ltr'>ὥσπερ</span> <span class='ocrx_word' id='word_1_129' title='bbox 935 1680 1156 1744; x_wconf 81' lang='grc' dir='ltr'><strong>δούλους</strong></span> <span class='ocrx_word' id='word_1_130' title='bbox 1190 1683 1461 1752; x_wconf 78' lang='grc' dir='ltr'>πονηροὺς</span> <span class='ocrx_word' id='word_1_131' title='bbox 1493 1684 1788 1738; x_wconf 74' lang='grc' dir='ltr'>ἐπανιστα-</span> 
     </span>
    </p>
   </div>
   <div class='ocr_carea' id='block_1_21' title="bbox 220 1771 1789 1838">
    <p class='ocr_par' dir='ltr' id='par_1_21' title="bbox 220 1771 1789 1838">
     <span class='ocr_line' id='line_1_21' title="bbox 220 1771 1789 1838; baseline 0.006 -17"><span class='ocrx_word' id='word_1_132' title='bbox 220 1773 416 1838; x_wconf 76' lang='grc' dir='ltr'>μένους</span> <span class='ocrx_word' id='word_1_133' title='bbox 460 1773 570 1834; x_wconf 88' lang='grc' dir='ltr'>τοῖς</span> <span class='ocrx_word' id='word_1_134' title='bbox 615 1771 779 1834; x_wconf 87' lang='grc' dir='ltr'>Θείοις</span> <span class='ocrx_word' id='word_1_135' title='bbox 821 1772 986 1825; x_wconf 80' lang='grc' dir='ltr'><strong>αὐτοῦ</strong></span> <span class='ocrx_word' id='word_1_136' title='bbox 1027 1772 1245 1838; x_wconf 82' lang='grc' dir='ltr'>νόμοις,</span> <span class='ocrx_word' id='word_1_137' title='bbox 1288 1773 1511 1837; x_wconf 81' lang='grc' dir='ltr'><strong>τούτους</strong></span> <span class='ocrx_word' id='word_1_138' title='bbox 1554 1777 1789 1830; x_wconf 85' lang='grc' dir='ltr'>ποιεῖται</span> 
     </span>
    </p>
   </div>
   <div class='ocr_carea' id='block_1_22' title="bbox 215 1863 1789 1934">
    <p class='ocr_par' dir='ltr' id='par_1_22' title="bbox 215 1863 1789 1934">
     <span class='ocr_line' id='line_1_22' title="bbox 215 1863 1789 1934; baseline 0.006 -22"><span class='ocrx_word' id='word_1_139' title='bbox 215 1863 550 1926; x_wconf 69' lang='grc' dir='ltr'><strong>συντέλειαν,</strong></span> <span class='ocrx_word' id='word_1_140' title='bbox 582 1864 880 1927; x_wconf 79' lang='grc' dir='ltr'><strong>τουτέστιν,</strong></span> <span class='ocrx_word' id='word_1_141' title='bbox 931 1863 1333 1934; x_wconf 75' lang='grc' dir='ltr'>ὲξολοθρεύσει,</span> <span class='ocrx_word' id='word_1_142' title='bbox 1378 1866 1789 1923; x_wconf 83' lang='grc' dir='ltr'>αὐτοαπώλειαν</span> 
     </span>
    </p>
   </div>
   <div class='ocr_carea' id='block_1_23' title="bbox 215 1954 1790 2028">
    <p class='ocr_par' dir='ltr' id='par_1_23' title="bbox 215 1954 1790 2028">
     <span class='ocr_line' id='line_1_23' title="bbox 215 1954 1790 2028; baseline 0.006 -23"><span class='ocrx_word' id='word_1_143' title='bbox 215 1954 436 2017; x_wconf 77' lang='grc' dir='ltr'><strong>τούτους</strong></span> <span class='ocrx_word' id='word_1_144' title='bbox 469 1954 699 2022; x_wconf 81' lang='grc' dir='ltr'>τίθησιν,</span> <span class='ocrx_word' id='word_1_145' title='bbox 749 1956 817 2007; x_wconf 82' lang='grc' dir='ltr'><strong>ἐν</strong></span> <span class='ocrx_word' id='word_1_146' title='bbox 851 1954 930 2020; x_wconf 80' lang='grc' dir='ltr'><strong>τῷ</strong></span> <span class='ocrx_word' id='word_1_147' title='bbox 966 1956 1368 2025; x_wconf 78' lang='grc' dir='ltr'>κατακλυσμῷ</span> <span class='ocrx_word' id='word_1_148' title='bbox 1401 1958 1514 2026; x_wconf 84' lang='grc' dir='ltr'><strong>τῆς</strong></span> <span class='ocrx_word' id='word_1_149' title='bbox 1547 1963 1790 2028; x_wconf 79' lang='grc' dir='ltr'><strong>πορείας</strong></span> 
     </span>
    </p>
   </div>
   <div class='ocr_carea' id='block_1_24' title="bbox 212 2046 1784 2117">
    <p class='ocr_par' dir='ltr' id='par_1_24' title="bbox 212 2046 1784 2117">
     <span class='ocr_line' id='line_1_24' title="bbox 212 2046 1784 2117; baseline 0.006 -22"><span class='ocrx_word' id='word_1_150' title='bbox 212 2046 424 2109; x_wconf 74' lang='grc' dir='ltr'>αὐτοῦ,</span> <span class='ocrx_word' id='word_1_151' title='bbox 454 2047 699 2097; x_wconf 76' lang='grc' dir='ltr'><strong>τουτέστι</strong></span> <span class='ocrx_word' id='word_1_152' title='bbox 727 2046 1095 2115; x_wconf 72' lang='grc' dir='ltr'>πορευόμενος</span> <span class='ocrx_word' id='word_1_153' title='bbox 1125 2046 1218 2100; x_wconf 79' lang='grc' dir='ltr'><strong>καὶ</strong></span> <span class='ocrx_word' id='word_1_154' title='bbox 1246 2046 1562 2117; x_wconf 90' lang='grc' dir='ltr'>κινούμενός</span> <span class='ocrx_word' id='word_1_155' title='bbox 1585 2067 1636 2103; x_wconf 84' lang='grc' dir='ltr'><strong>τι</strong></span> <span class='ocrx_word' id='word_1_156' title='bbox 1665 2051 1784 2104; x_wconf 81' lang='grc' dir='ltr'>κατ’</span> 
     </span>
    </p>
   </div>
   <div class='ocr_carea' id='block_1_25' title="bbox 211 2135 1855 2215">
    <p class='ocr_par' dir='ltr' id='par_1_25' title="bbox 211 2135 1855 2215">
     <span class='ocr_line' id='line_1_25' title="bbox 211 2135 1855 2215; baseline 0.003 -22"><span class='ocrx_word' id='word_1_157' title='bbox 211 2142 415 2205; x_wconf 74' lang='grc' dir='ltr'>αὐτῶν,</span> <span class='ocrx_word' id='word_1_158' title='bbox 443 2142 629 2211; x_wconf 83' lang='grc' dir='ltr'>ὥσπερ</span> <span class='ocrx_word' id='word_1_159' title='bbox 657 2142 799 2209; x_wconf 77' lang='grc' dir='ltr'>ὕδωρ</span> <span class='ocrx_word' id='word_1_160' title='bbox 830 2141 999 2210; x_wconf 86' lang='grc' dir='ltr'>βίαιον</span> <span class='ocrx_word' id='word_1_161' title='bbox 1023 2142 1166 2196; x_wconf 87' lang='grc' dir='ltr'><strong>κατά</strong></span> <span class='ocrx_word' id='word_1_162' title='bbox 1195 2143 1432 2212; x_wconf 85' lang='grc' dir='ltr'>πρανοῦς</span> <span class='ocrx_word' id='word_1_163' title='bbox 1461 2146 1780 2215; x_wconf 82' lang='grc' dir='ltr'>φερόμενον,</span> <span class='ocrx_word' id='word_1_164' title='bbox 1816 2135 1855 2189; x_wconf 81' lang='grc' dir='ltr'><strong><em>Β</em></strong></span> 
     </span>
    </p>
   </div>
   <div class='ocr_carea' id='block_1_26' title="bbox 216 2233 1624 2305">
    <p class='ocr_par' dir='ltr' id='par_1_26' title="bbox 216 2233 1624 2305">
     <span class='ocr_line' id='line_1_26' title="bbox 216 2233 1624 2305; baseline 0.001 -18"><span class='ocrx_word' id='word_1_165' title='bbox 216 2236 310 2287; x_wconf 78' lang='grc' dir='ltr'>καὶ</span> <span class='ocrx_word' id='word_1_166' title='bbox 342 2235 722 2303; x_wconf 78' lang='grc' dir='ltr'>κατακλυσμὸν</span> <span class='ocrx_word' id='word_1_167' title='bbox 752 2233 1073 2304; x_wconf 72' lang='grc' dir='ltr'>ποιούμενον</span> <span class='ocrx_word' id='word_1_168' title='bbox 1098 2233 1207 2287; x_wconf 86' lang='grc' dir='ltr'>τῶν</span> <span class='ocrx_word' id='word_1_169' title='bbox 1234 2235 1624 2305; x_wconf 81' lang='grc' dir='ltr'>ὑποκειμένων.</span> 
     </span>
    </p>
   </div>
   <div class='ocr_carea' id='block_1_27' title="bbox 289 2411 1783 2481">
    <p class='ocr_par' dir='ltr' id='par_1_27' title="bbox 289 2411 1783 2481">
     <span class='ocr_line' id='line_1_27' title="bbox 289 2411 1783 2481; baseline 0.002 -15"><span class='ocrx_word' id='word_1_170' title='bbox 289 2413 397 2466; x_wconf 82' lang='lat' dir='ltr'><strong>Kal</strong></span> <span class='ocrx_word' id='word_1_171' title='bbox 435 2412 574 2476; x_wconf 82' lang='grc' dir='ltr'>τοὺς</span> <span class='ocrx_word' id='word_1_172' title='bbox 610 2411 859 2481; x_wconf 80' lang='grc' dir='ltr'>ἐχθροὺς</span> <span class='ocrx_word' id='word_1_173' title='bbox 901 2412 1085 2466; x_wconf 83' lang='grc' dir='ltr'><strong>αὐτοῦ</strong></span> <span class='ocrx_word' id='word_1_174' title='bbox 1126 2411 1391 2474; x_wconf 74' lang='grc' dir='ltr'>διώξεται</span> <span class='ocrx_word' id='word_1_175' title='bbox 1435 2415 1670 2481; x_wconf 82' lang='grc' dir='ltr'><strong>σκότος.</strong></span> <span class='ocrx_word' id='word_1_176' title='bbox 1713 2418 1783 2469; x_wconf 82' lang='grc' dir='ltr'>Τὸ</span> 
     </span>
    </p>
   </div>
   <div class='ocr_carea' id='block_1_28' title="bbox 213 2502 1783 2574">
    <p class='ocr_par' dir='ltr' id='par_1_28' title="bbox 213 2502 1783 2574">
     <span class='ocr_line' id='line_1_28' title="bbox 213 2502 1783 2574; baseline 0.003 -21"><span class='ocrx_word' id='word_1_177' title='bbox 213 2504 323 2555; x_wconf 84' lang='grc' dir='ltr'>τῶν</span> <span class='ocrx_word' id='word_1_178' title='bbox 367 2502 697 2572; x_wconf 67' lang='grc' dir='ltr'><strong>συμιροριὶὒν⁹</strong></span> <span class='ocrx_word' id='word_1_179' title='bbox 742 2506 790 2557; x_wconf 83' lang='grc' dir='ltr'>οἱ</span> <span class='ocrx_word' id='word_1_180' title='bbox 834 2505 942 2574; x_wconf 84' lang='grc' dir='ltr'><strong>γὰρ</strong></span> <span class='ocrx_word' id='word_1_181' title='bbox 985 2507 1043 2557; x_wconf 71' lang='grc' dir='ltr'>ὲν</span> <span class='ocrx_word' id='word_1_182' title='bbox 1084 2504 1293 2572; x_wconf 73' lang='grc' dir='ltr'>θλίψεσι</span> <span class='ocrx_word' id='word_1_183' title='bbox 1341 2506 1433 2558; x_wconf 68' lang='grc' dir='ltr'><strong>καὶ</strong></span> <span class='ocrx_word' id='word_1_184' title='bbox 1479 2508 1783 2560; x_wconf 80' lang='grc' dir='ltr'>κακώσεσιν</span> 
     </span>
    </p>
   </div>
   <div class='ocr_carea' id='block_1_29' title="bbox 212 2596 1783 2668">
    <p class='ocr_par' dir='ltr' id='par_1_29' title="bbox 212 2596 1783 2668">
     <span class='ocr_line' id='line_1_29' title="bbox 212 2596 1783 2668; baseline 0.003 -22"><span class='ocrx_word' id='word_1_185' title='bbox 212 2597 389 2657; x_wconf 75' lang='grc' dir='ltr'>ὄντες,</span> <span class='ocrx_word' id='word_1_186' title='bbox 420 2597 756 2659; x_wconf 80' lang='grc' dir='ltr'>σκοτίζονται</span> <span class='ocrx_word' id='word_1_187' title='bbox 784 2597 883 2664; x_wconf 84' lang='grc' dir='ltr'><strong>τὴν</strong></span> <span class='ocrx_word' id='word_1_188' title='bbox 905 2596 1163 2661; x_wconf 82' lang='grc' dir='ltr'>διάνοιαν,</span> <span class='ocrx_word' id='word_1_189' title='bbox 1193 2598 1283 2649; x_wconf 76' lang='grc' dir='ltr'>καὶ</span> <span class='ocrx_word' id='word_1_190' title='bbox 1312 2599 1370 2649; x_wconf 84' lang='grc' dir='ltr'>ὲν</span> <span class='ocrx_word' id='word_1_191' title='bbox 1396 2597 1599 2668; x_wconf 66' lang='grc' dir='ltr'>ἡμέρα,</span> <span class='ocrx_word' id='word_1_192' title='bbox 1624 2598 1697 2659; x_wconf 83' lang='grc' dir='ltr'>ὡς</span> <span class='ocrx_word' id='word_1_193' title='bbox 1727 2601 1783 2651; x_wconf 85' lang='grc' dir='ltr'>ὲν</span> 
     </span>
    </p>
   </div>
   <div class='ocr_carea' id='block_1_30' title="bbox 215 2686 1783 2756">
    <p class='ocr_par' dir='ltr' id='par_1_30' title="bbox 215 2686 1783 2756">
     <span class='ocr_line' id='line_1_30' title="bbox 215 2686 1783 2756; baseline 0.004 -21"><span class='ocrx_word' id='word_1_194' title='bbox 215 2689 394 2747; x_wconf 76' lang='grc' dir='ltr'>νυκτὶ,</span> <span class='ocrx_word' id='word_1_195' title='bbox 432 2686 697 2754; x_wconf 74' lang='grc' dir='ltr'>διάγουσι.</span> <span class='ocrx_word' id='word_1_196' title='bbox 739 2687 1060 2740; x_wconf 69' lang='grc' dir='ltr'>Συνετέλεσε</span> <span class='ocrx_word' id='word_1_197' title='bbox 1103 2688 1197 2740; x_wconf 74' lang='grc' dir='ltr'>καὶ</span> <span class='ocrx_word' id='word_1_198' title='bbox 1238 2688 1267 2740; x_wconf 90' lang='grc' dir='ltr'><strong>ό</strong></span> <span class='ocrx_word' id='word_1_199' title='bbox 1308 2687 1615 2756; x_wconf 82' lang='grc' dir='ltr'>Μονογενὴς</span> <span class='ocrx_word' id='word_1_200' title='bbox 1658 2690 1783 2753; x_wconf 72' lang='grc' dir='ltr'>τοὺς</span> 
     </span>
    </p>
   </div>
   <div class='ocr_carea' id='block_1_31' title="bbox 217 2779 1778 2849">
    <p class='ocr_par' dir='ltr' id='par_1_31' title="bbox 217 2779 1778 2849">
     <span class='ocr_line' id='line_1_31' title="bbox 217 2779 1778 2849; baseline 0.001 -18"><span class='ocrx_word' id='word_1_201' title='bbox 217 2781 306 2831; x_wconf 77' lang='grc' dir='ltr'>ἀεὶ</span> <span class='ocrx_word' id='word_1_202' title='bbox 340 2780 785 2849; x_wconf 70' lang='grc' dir='ltr'>ἐπεγειρομὲνους</span> <span class='ocrx_word' id='word_1_203' title='bbox 817 2780 907 2831; x_wconf 73' lang='grc' dir='ltr'>καὶ</span> <span class='ocrx_word' id='word_1_204' title='bbox 939 2779 1380 2841; x_wconf 64' lang='grc' dir='ltr'>ἀποστατοῖωτας</span> <span class='ocrx_word' id='word_1_205' title='bbox 1410 2780 1557 2849; x_wconf 83' lang='grc' dir='ltr'>αύτῷ</span> <span class='ocrx_word' id='word_1_206' title='bbox 1587 2780 1672 2833; x_wconf 84' lang='grc' dir='ltr'><strong>δαί</strong></span> <span class='ocrx_word' id='word_1_207' title='bbox 1682 2798 1778 2848; x_wconf 81' lang='grc' dir='ltr'><strong>μο-</strong></span> 
     </span>
    </p>
   </div>
   <div class='ocr_carea' id='block_1_32' title="bbox 215 2866 1779 2937">
    <p class='ocr_par' dir='ltr' id='par_1_32' title="bbox 215 2866 1779 2937">
     <span class='ocr_line' id='line_1_32' title="bbox 215 2866 1779 2937; baseline 0.003 -21"><span class='ocrx_word' id='word_1_208' title='bbox 215 2884 315 2927; x_wconf 83' lang='grc' dir='ltr'><strong>νας</strong></span> <span class='ocrx_word' id='word_1_209' title='bbox 345 2868 402 2917; x_wconf 79' lang='grc' dir='ltr'>ὲν</span> <span class='ocrx_word' id='word_1_210' title='bbox 429 2867 498 2934; x_wconf 75' lang='grc' dir='ltr'><strong>τῷ</strong></span> <span class='ocrx_word' id='word_1_211' title='bbox 534 2866 900 2935; x_wconf 80' lang='grc' dir='ltr'><strong>κατακλυσμῷ</strong></span> <span class='ocrx_word' id='word_1_212' title='bbox 925 2867 1022 2936; x_wconf 77' lang='grc' dir='ltr'>τῆς</span> <span class='ocrx_word' id='word_1_213' title='bbox 1050 2868 1217 2921; x_wconf 82' lang='grc' dir='ltr'>αὑτοῦ</span> <span class='ocrx_word' id='word_1_214' title='bbox 1245 2870 1490 2937; x_wconf 82' lang='grc' dir='ltr'><strong>πορείας,</strong></span> <span class='ocrx_word' id='word_1_215' title='bbox 1515 2869 1779 2932; x_wconf 80' lang='grc' dir='ltr'><strong>τουτέστι,</strong></span> 
     </span>
    </p>
   </div>
   <div class='ocr_carea' id='block_1_33' title="bbox 211 2950 1781 3028">
    <p class='ocr_par' dir='ltr' id='par_1_33' title="bbox 211 2950 1781 3028">
     <span class='ocr_line' id='line_1_33' title="bbox 211 2950 1781 3028; baseline 0.003 -19"><span class='ocrx_word' id='word_1_216' title='bbox 211 2957 297 3026; x_wconf 82' lang='grc' dir='ltr'><strong>τῷ</strong></span> <span class='ocrx_word' id='word_1_217' title='bbox 329 2955 663 3027; x_wconf 72' lang='grc' dir='ltr'><strong>βαπτίσματι</strong></span> <span class='ocrx_word' id='word_1_218' title='bbox 690 2950 733 3024; x_wconf 81' lang='grc' dir='ltr'><strong>ᾧ</strong></span> <span class='ocrx_word' id='word_1_219' title='bbox 763 2957 1094 3017; x_wconf 67' lang='grc' dir='ltr'>ἐδαπτίσατο</span> <span class='ocrx_word' id='word_1_220' title='bbox 1122 2960 1406 3028; x_wconf 71' lang='grc' dir='ltr'>πορευθεὶς</span> <span class='ocrx_word' id='word_1_221' title='bbox 1440 2962 1501 3013; x_wconf 78' lang='grc' dir='ltr'>ἐκ</span> <span class='ocrx_word' id='word_1_222' title='bbox 1526 2961 1633 3013; x_wconf 84' lang='grc' dir='ltr'><strong>τῶν</strong></span> <span class='ocrx_word' id='word_1_223' title='bbox 1662 2962 1781 3013; x_wconf 87' lang='grc' dir='ltr'>κόλ-</span> 
     </span>
    </p>
   </div>
   <div class='ocr_carea' id='block_1_34' title="bbox 216 3048 1781 3119">
    <p class='ocr_par' dir='ltr' id='par_1_34' title="bbox 216 3048 1781 3119">
     <span class='ocr_line' id='line_1_34' title="bbox 216 3048 1781 3119; baseline 0.003 -18"><span class='ocrx_word' id='word_1_224' title='bbox 216 3067 338 3101; x_wconf 87' lang='grc' dir='ltr'><strong>πων</strong></span> <span class='ocrx_word' id='word_1_225' title='bbox 374 3048 467 3102; x_wconf 84' lang='grc' dir='ltr'>τοῦ</span> <span class='ocrx_word' id='word_1_226' title='bbox 510 3050 720 3119; x_wconf 71' lang='grc' dir='ltr'>[ἰατρὸς</span> <span class='ocrx_word' id='word_1_227' title='bbox 764 3050 897 3119; x_wconf 72' lang='grc' dir='ltr'>πρὸς</span> <span class='ocrx_word' id='word_1_228' title='bbox 937 3051 1118 3118; x_wconf 82' lang='grc' dir='ltr'>ἡμᾶς·</span> <span class='ocrx_word' id='word_1_229' title='bbox 1158 3049 1548 3116; x_wconf 78' lang='grc' dir='ltr'>καταδιώξεται</span> <span class='ocrx_word' id='word_1_230' title='bbox 1588 3053 1781 3115; x_wconf 67' lang='grc' dir='ltr'>αὐτοὺς</span> 
     </span>
    </p>
   </div>
   <div class='ocr_carea' id='block_1_35' title="bbox 212 3140 1781 3212">
    <p class='ocr_par' dir='ltr' id='par_1_35' title="bbox 212 3140 1781 3212">
     <span class='ocr_line' id='line_1_35' title="bbox 212 3140 1781 3212; baseline 0.003 -20"><span class='ocrx_word' id='word_1_231' title='bbox 212 3142 278 3192; x_wconf 63' lang='grc' dir='ltr'><strong>τὸ</strong></span> <span class='ocrx_word' id='word_1_232' title='bbox 321 3141 509 3200; x_wconf 85' lang='grc' dir='ltr'>σκότος</span> <span class='ocrx_word' id='word_1_233' title='bbox 543 3142 602 3193; x_wconf 84' lang='grc' dir='ltr'>τὺ</span> <span class='ocrx_word' id='word_1_234' title='bbox 643 3140 923 3208; x_wconf 78' lang='grc' dir='ltr'>ἐξώτερον,</span> <span class='ocrx_word' id='word_1_235' title='bbox 965 3141 994 3192; x_wconf 83' lang='grc' dir='ltr'><strong>ὅ</strong></span> <span class='ocrx_word' id='word_1_236' title='bbox 1034 3141 1214 3201; x_wconf 78' lang='grc' dir='ltr'>αὐτοῖς</span> <span class='ocrx_word' id='word_1_237' title='bbox 1255 3142 1596 3212; x_wconf 81' lang='grc' dir='ltr'>ἡτοίμασται.</span> <span class='ocrx_word' id='word_1_238' title='bbox 1622 3146 1781 3198; x_wconf 77' lang='grc' dir='ltr'>Ἀ).λά</span> 
     </span>
    </p>
   </div>
   <div class='ocr_carea' id='block_1_36' title="bbox 215 3232 1781 3305">
    <p class='ocr_par' dir='ltr' id='par_1_36' title="bbox 215 3232 1781 3305">
     <span class='ocr_line' id='line_1_36' title="bbox 215 3232 1781 3305; baseline 0.004 -22"><span class='ocrx_word' id='word_1_239' title='bbox 215 3237 311 3283; x_wconf 80' lang='grc' dir='ltr'>καὶ</span> <span class='ocrx_word' id='word_1_240' title='bbox 334 3234 459 3293; x_wconf 70' lang='grc' dir='ltr'>τοὺς</span> <span class='ocrx_word' id='word_1_241' title='bbox 486 3232 936 3299; x_wconf 79' lang='grc' dir='ltr'>ὲπεγειρομένους</span> <span class='ocrx_word' id='word_1_242' title='bbox 962 3232 1109 3302; x_wconf 86' lang='grc' dir='ltr'>αὐτῷ</span> <span class='ocrx_word' id='word_1_243' title='bbox 1134 3233 1458 3302; x_wconf 75' lang='grc' dir='ltr'>Φαρισαίους</span> <span class='ocrx_word' id='word_1_244' title='bbox 1482 3236 1574 3288; x_wconf 76' lang='grc' dir='ltr'>καὶ</span> <span class='ocrx_word' id='word_1_245' title='bbox 1599 3236 1781 3305; x_wconf 80' lang='grc' dir='ltr'>Γραμ-</span> 
     </span>
    </p>
   </div>
   <div class='ocr_carea' id='block_1_37' title="bbox 217 3322 1780 3392">
    <p class='ocr_par' dir='ltr' id='par_1_37' title="bbox 217 3322 1780 3392">
     <span class='ocr_line' id='line_1_37' title="bbox 217 3322 1780 3392; baseline 0.002 -17"><span class='ocrx_word' id='word_1_246' title='bbox 217 3324 433 3389; x_wconf 83' lang='grc' dir='ltr'>ματείς,</span> <span class='ocrx_word' id='word_1_247' title='bbox 464 3323 557 3374; x_wconf 70' lang='grc' dir='ltr'><strong>καὶ</strong></span> <span class='ocrx_word' id='word_1_248' title='bbox 582 3324 705 3384; x_wconf 75' lang='grc' dir='ltr'>τοὺς</span> <span class='ocrx_word' id='word_1_249' title='bbox 734 3322 954 3384; x_wconf 83' lang='grc' dir='ltr'>λοιποὺς</span> <span class='ocrx_word' id='word_1_250' title='bbox 981 3323 1249 3386; x_wconf 80' lang='grc' dir='ltr'>ἀπειθεῖς,</span> <span class='ocrx_word' id='word_1_251' title='bbox 1279 3324 1660 3392; x_wconf 83' lang='grc' dir='ltr'>συνεθανάτου,</span> <span class='ocrx_word' id='word_1_252' title='bbox 1689 3329 1780 3381; x_wconf 80' lang='grc' dir='ltr'>καὶ</span> 
     </span>
    </p>
   </div>
   <div class='ocr_carea' id='block_1_38' title="bbox 1894 1066 3471 1139">
    <p class='ocr_par' dir='ltr' id='par_1_38' title="bbox 1894 1066 3471 1139">
     <span class='ocr_line' id='line_1_38' title="bbox 1894 1066 3471 1139; baseline 0.004 -21"><span class='ocrx_word' id='word_1_253' title='bbox 1894 1080 2127 1131; x_wconf 84' lang='lat' dir='ltr'><strong>cumque</strong></span> <span class='ocrx_word' id='word_1_254' title='bbox 2170 1066 2367 1117; x_wconf 89' lang='lat' dir='ltr'><strong>timore</strong></span> <span class='ocrx_word' id='word_1_255' title='bbox 2404 1072 2458 1118; x_wconf 91' lang='lat' dir='ltr'><strong>et</strong></span> <span class='ocrx_word' id='word_1_256' title='bbox 2489 1067 2790 1120; x_wconf 80' lang='lat' dir='ltr'><strong>reverentia</strong></span> <span class='ocrx_word' id='word_1_257' title='bbox 2841 1069 3195 1137; x_wconf 75' lang='lat' dir='ltr'><strong>accipientes,</strong></span> <span class='ocrx_word' id='word_1_258' title='bbox 3233 1088 3356 1139; x_wconf 63' lang='lat' dir='ltr'><strong>quae</strong></span> <span class='ocrx_word' id='word_1_259' title='bbox 3406 1075 3471 1125; x_wconf 90' lang='lat' dir='ltr'><strong>il-</strong></span> 
     </span>
    </p>
   </div>
   <div class='ocr_carea' id='block_1_39' title="bbox 1894 1155 2394 1226">
    <p class='ocr_par' dir='ltr' id='par_1_39' title="bbox 1894 1155 2394 1226">
     <span class='ocr_line' id='line_1_39' title="bbox 1894 1155 2394 1226; baseline -0.004 -15"><span class='ocrx_word' id='word_1_260' title='bbox 1894 1158 1961 1213; x_wconf 89' lang='lat' dir='ltr'><strong>lis</strong></span> <span class='ocrx_word' id='word_1_261' title='bbox 1998 1158 2194 1226; x_wconf 77' lang='lat' dir='ltr'><strong>allegat</strong></span> <span class='ocrx_word' id='word_1_262' title='bbox 2232 1155 2394 1209; x_wconf 89' lang='lat' dir='ltr'><strong>Deus.</strong></span> 
     </span>
    </p>
   </div>
   <div class='ocr_carea' id='block_1_40' title="bbox 1964 1247 3467 1321">
    <p class='ocr_par' dir='ltr' id='par_1_40' title="bbox 1964 1247 3467 1321">
     <span class='ocr_line' id='line_1_40' title="bbox 1964 1247 3467 1321; baseline 0.005 -20"><span class='ocrx_word' id='word_1_263' title='bbox 1964 1247 2129 1302; x_wconf 76' lang='lat' dir='ltr'><strong>Vsus.</strong></span> <span class='ocrx_word' id='word_1_264' title='bbox 2163 1248 2214 1302; x_wconf 88' lang='lat'><strong>8.</strong></span> <span class='ocrx_word' id='word_1_265' title='bbox 2258 1247 2320 1301; x_wconf 89' lang='lat' dir='ltr'><strong>In</strong></span> <span class='ocrx_word' id='word_1_266' title='bbox 2343 1249 2541 1303; x_wconf 81' lang='lat' dir='ltr'><strong>diluvio</strong></span> <span class='ocrx_word' id='word_1_267' title='bbox 2575 1252 2937 1319; x_wconf 83' lang='lat' dir='ltr'><strong>profectionis,</strong></span> <span class='ocrx_word' id='word_1_268' title='bbox 2971 1255 3122 1320; x_wconf 82' lang='lat' dir='ltr'><strong>finem</strong></span> <span class='ocrx_word' id='word_1_269' title='bbox 3160 1255 3314 1321; x_wconf 88' lang='lat' dir='ltr'><strong>faciet</strong></span> <span class='ocrx_word' id='word_1_270' title='bbox 3351 1272 3467 1308; x_wconf 83' lang='lat' dir='ltr'><strong>cum</strong></span> 
     </span>
    </p>
   </div>
   <div class='ocr_carea' id='block_1_41' title="bbox 1890 1340 3465 1413">
    <p class='ocr_par' dir='ltr' id='par_1_41' title="bbox 1890 1340 3465 1413">
     <span class='ocr_line' id='line_1_41' title="bbox 1890 1340 3465 1413; baseline 0.004 -18"><span class='ocrx_word' id='word_1_271' title='bbox 1890 1341 2138 1395; x_wconf 74' lang='lat' dir='ltr'><strong>excitatis</strong></span> <span class='ocrx_word' id='word_1_272' title='bbox 2165 1340 2413 1393; x_wconf 77' lang='lat' dir='ltr'><strong>adversus</strong></span> <span class='ocrx_word' id='word_1_273' title='bbox 2446 1342 2637 1407; x_wconf 84' lang='lat' dir='ltr'><strong>ipsum.</strong></span> <span class='ocrx_word' id='word_1_274' title='bbox 2664 1344 2796 1398; x_wconf 92' lang='lat' dir='ltr'><strong>Cum</strong></span> <span class='ocrx_word' id='word_1_275' title='bbox 2852 1349 3287 1401; x_wconf 80' lang='lat' dir='ltr'><strong>demonstrasset</strong></span> <span class='ocrx_word' id='word_1_276' title='bbox 3319 1349 3465 1413; x_wconf 84' lang='lat' dir='ltr'><strong>quod</strong></span> 
     </span>
    </p>
   </div>
   <div class='ocr_carea' id='block_1_42' title="bbox 1890 1431 3464 1506">
    <p class='ocr_par' dir='ltr' id='par_1_42' title="bbox 1890 1431 3464 1506">
     <span class='ocr_line' id='line_1_42' title="bbox 1890 1431 3464 1506; baseline 0.004 -21"><span class='ocrx_word' id='word_1_277' title='bbox 1890 1431 2039 1486; x_wconf 84' lang='lat' dir='ltr'><strong>Deus</strong></span> <span class='ocrx_word' id='word_1_278' title='bbox 2094 1432 2202 1500; x_wconf 91' lang='lat' dir='ltr'><strong>piis</strong></span> <span class='ocrx_word' id='word_1_279' title='bbox 2233 1448 2353 1487; x_wconf 90' lang='lat' dir='ltr'><strong>sese</strong></span> <span class='ocrx_word' id='word_1_280' title='bbox 2379 1433 2623 1497; x_wconf 80' lang='lat' dir='ltr'><strong>offerret,</strong></span> <span class='ocrx_word' id='word_1_281' title='bbox 2678 1437 2921 1506; x_wconf 84' lang='lat' dir='ltr'><strong>adeoque</strong></span> <span class='ocrx_word' id='word_1_282' title='bbox 2965 1440 3079 1493; x_wconf 86' lang='lat' dir='ltr'><strong>suis</strong></span> <span class='ocrx_word' id='word_1_283' title='bbox 3138 1440 3464 1505; x_wconf 80' lang='lat' dir='ltr'><strong>cultoribus,</strong></span> 
     </span>
    </p>
   </div>
   <div class='ocr_carea' id='block_1_43' title="bbox 1892 1529 3462 1596">
    <p class='ocr_par' dir='ltr' id='par_1_43' title="bbox 1892 1529 3462 1596">
     <span class='ocr_line' id='line_1_43' title="bbox 1892 1529 3462 1596; baseline 0.004 -19"><span class='ocrx_word' id='word_1_284' title='bbox 1892 1539 2035 1578; x_wconf 91' lang='lat' dir='ltr'><strong>nunc</strong></span> <span class='ocrx_word' id='word_1_285' title='bbox 2070 1540 2262 1578; x_wconf 86' lang='lat' dir='ltr'><strong>rursus</strong></span> <span class='ocrx_word' id='word_1_286' title='bbox 2316 1539 2474 1578; x_wconf 87' lang='lat' dir='ltr'><strong>suum</strong></span> <span class='ocrx_word' id='word_1_287' title='bbox 2526 1541 2652 1596; x_wconf 83' lang='lat' dir='ltr'><strong>erga</strong></span> <span class='ocrx_word' id='word_1_288' title='bbox 2711 1529 2907 1596; x_wconf 88' lang='lat' dir='ltr'><strong>impios</strong></span> <span class='ocrx_word' id='word_1_289' title='bbox 2960 1544 3251 1583; x_wconf 74' lang='lat' dir='ltr'><strong>excursum</strong></span> <span class='ocrx_word' id='word_1_290' title='bbox 3300 1533 3462 1584; x_wconf 85' lang='lat' dir='ltr'><strong>etiam</strong></span> 
     </span>
    </p>
   </div>
   <div class='ocr_carea' id='block_1_44' title="bbox 1890 1616 3462 1688">
    <p class='ocr_par' dir='ltr' id='par_1_44' title="bbox 1890 1616 3462 1688">
     <span class='ocr_line' id='line_1_44' title="bbox 1890 1616 3462 1688; baseline 0.004 -19"><span class='ocrx_word' id='word_1_291' title='bbox 1890 1626 2128 1673; x_wconf 76' lang='lat' dir='ltr'><strong>enarrat.</strong></span> <span class='ocrx_word' id='word_1_292' title='bbox 2159 1616 2459 1683; x_wconf 89' lang='lat' dir='ltr'><strong>inquiens:</strong></span> <span class='ocrx_word' id='word_1_293' title='bbox 2510 1619 2652 1685; x_wconf 90' lang='lat' dir='ltr'><strong>quod</strong></span> <span class='ocrx_word' id='word_1_294' title='bbox 2700 1618 2842 1675; x_wconf 84' lang='lat' dir='ltr'><strong>Deus</strong></span> <span class='ocrx_word' id='word_1_295' title='bbox 2908 1622 3162 1675; x_wconf 79' lang='lat' dir='ltr'><strong>excilatis</strong></span> <span class='ocrx_word' id='word_1_296' title='bbox 3212 1639 3337 1688; x_wconf 78' lang='lat' dir='ltr'><strong>erga</strong></span> <span class='ocrx_word' id='word_1_297' title='bbox 3381 1641 3462 1683; x_wconf 81' lang='lat' dir='ltr'><strong>se,</strong></span> 
     </span>
    </p>
   </div>
   <div class='ocr_carea' id='block_1_45' title="bbox 1892 1707 3461 1780">
    <p class='ocr_par' dir='ltr' id='par_1_45' title="bbox 1892 1707 3461 1780">
     <span class='ocr_line' id='line_1_45' title="bbox 1892 1707 3461 1780; baseline 0.004 -20"><span class='ocrx_word' id='word_1_298' title='bbox 1892 1707 1995 1760; x_wconf 86' lang='lat' dir='ltr'><strong>hoc</strong></span> <span class='ocrx_word' id='word_1_299' title='bbox 2022 1715 2131 1767; x_wconf 88' lang='lat' dir='ltr'><strong>est,</strong></span> <span class='ocrx_word' id='word_1_300' title='bbox 2158 1707 2307 1758; x_wconf 68' lang='lat' dir='ltr'><strong>durae</strong></span> <span class='ocrx_word' id='word_1_301' title='bbox 2337 1708 2568 1761; x_wconf 83' lang='lat' dir='ltr'><strong>cervicis</strong></span> <span class='ocrx_word' id='word_1_302' title='bbox 2619 1709 2948 1769; x_wconf 84' lang='lat' dir='ltr'><strong>hominibus.</strong></span> <span class='ocrx_word' id='word_1_303' title='bbox 2980 1726 3041 1765; x_wconf 90' lang='lat' dir='ltr'><strong>ac</strong></span> <span class='ocrx_word' id='word_1_304' title='bbox 3080 1712 3248 1764; x_wconf 75' lang='lat' dir='ltr'><strong>veluti</strong></span> <span class='ocrx_word' id='word_1_305' title='bbox 3280 1715 3461 1780; x_wconf 78' lang='lat' dir='ltr'><strong>pravis</strong></span> 
     </span>
    </p>
   </div>
   <div class='ocr_carea' id='block_1_46' title="bbox 1889 1798 3449 1872">
    <p class='ocr_par' dir='ltr' id='par_1_46' title="bbox 1889 1798 3449 1872">
     <span class='ocr_line' id='line_1_46' title="bbox 1889 1798 3449 1872; baseline 0.004 -19"><span class='ocrx_word' id='word_1_306' title='bbox 1889 1800 2063 1853; x_wconf 80' lang='lat' dir='ltr'><strong>servis</strong></span> <span class='ocrx_word' id='word_1_307' title='bbox 2094 1798 2511 1865; x_wconf 76' lang='lat' dir='ltr'><strong>insurgentibus</strong></span> <span class='ocrx_word' id='word_1_308' title='bbox 2534 1811 2725 1855; x_wconf 87' lang='lat' dir='ltr'><strong>contra</strong></span> <span class='ocrx_word' id='word_1_309' title='bbox 2780 1800 3018 1853; x_wconf 81' lang='lat' dir='ltr'><strong>divinam</strong></span> <span class='ocrx_word' id='word_1_310' title='bbox 3068 1802 3189 1869; x_wconf 87' lang='lat' dir='ltr'><strong>ejus</strong></span> <span class='ocrx_word' id='word_1_311' title='bbox 3257 1804 3449 1872; x_wconf 85' lang='lat' dir='ltr'><strong>legem.</strong></span> 
     </span>
    </p>
   </div>
   <div class='ocr_carea' id='block_1_47' title="bbox 1890 1888 3456 1960">
    <p class='ocr_par' dir='ltr' id='par_1_47' title="bbox 1890 1888 3456 1960">
     <span class='ocr_line' id='line_1_47' title="bbox 1890 1888 3456 1960; baseline 0.002 -17"><span class='ocrx_word' id='word_1_312' title='bbox 1890 1891 2048 1943; x_wconf 87' lang='lat' dir='ltr'><strong>linem</strong></span> <span class='ocrx_word' id='word_1_313' title='bbox 2083 1888 2270 1948; x_wconf 79' lang='lat' dir='ltr'><strong>faciat.</strong></span> <span class='ocrx_word' id='word_1_314' title='bbox 2307 1891 2407 1943; x_wconf 80' lang='lat' dir='ltr'><strong>hoc</strong></span> <span class='ocrx_word' id='word_1_315' title='bbox 2444 1898 2550 1952; x_wconf 85' lang='lat' dir='ltr'><strong>est,</strong></span> <span class='ocrx_word' id='word_1_316' title='bbox 2604 1889 2850 1944; x_wconf 91' lang='lat' dir='ltr'><strong>funditus</strong></span> <span class='ocrx_word' id='word_1_317' title='bbox 2900 1893 3107 1960; x_wconf 83' lang='lat' dir='ltr'><strong>perdat,</strong></span> <span class='ocrx_word' id='word_1_318' title='bbox 3163 1895 3456 1960; x_wconf 82' lang='lat' dir='ltr'><strong>perniciem</strong></span> 
     </span>
    </p>
   </div>
   <div class='ocr_carea' id='block_1_48' title="bbox 1886 1980 3456 2050">
    <p class='ocr_par' dir='ltr' id='par_1_48' title="bbox 1886 1980 3456 2050">
     <span class='ocr_line' id='line_1_48' title="bbox 1886 1980 3456 2050; baseline 0.003 -17"><span class='ocrx_word' id='word_1_319' title='bbox 1886 1980 1965 2033; x_wconf 91' lang='lat' dir='ltr'><strong>eis</strong></span> <span class='ocrx_word' id='word_1_320' title='bbox 2000 1980 2161 2034; x_wconf 88' lang='lat' dir='ltr'><strong>faciat</strong></span> <span class='ocrx_word' id='word_1_321' title='bbox 2186 2021 2199 2039; x_wconf 92' lang='lat'><strong>.</strong></span> <span class='ocrx_word' id='word_1_322' title='bbox 2229 1982 2283 2033; x_wconf 91' lang='lat' dir='ltr'><strong>in</strong></span> <span class='ocrx_word' id='word_1_323' title='bbox 2309 1980 2509 2034; x_wconf 80' lang='lat' dir='ltr'><strong>dilurio</strong></span> <span class='ocrx_word' id='word_1_324' title='bbox 2546 1983 2881 2050; x_wconf 74' lang='lat' dir='ltr'><strong>profectionis</strong></span> <span class='ocrx_word' id='word_1_325' title='bbox 2915 1999 3045 2040; x_wconf 81' lang='lat' dir='ltr'><strong>sua‘.</strong></span> <span class='ocrx_word' id='word_1_326' title='bbox 3083 1984 3133 2036; x_wconf 89' lang='lat' dir='ltr'><strong>id</strong></span> <span class='ocrx_word' id='word_1_327' title='bbox 3165 1994 3268 2046; x_wconf 79' lang='lat' dir='ltr'><strong>est,</strong></span> <span class='ocrx_word' id='word_1_328' title='bbox 3330 1987 3456 2038; x_wconf 85' lang='lat' dir='ltr'><strong>dum</strong></span> 
     </span>
    </p>
   </div>
   <div class='ocr_carea' id='block_1_49' title="bbox 1888 2071 3453 2142">
    <p class='ocr_par' dir='ltr' id='par_1_49' title="bbox 1888 2071 3453 2142">
     <span class='ocr_line' id='line_1_49' title="bbox 1888 2071 3453 2142; baseline 0.003 -18"><span class='ocrx_word' id='word_1_329' title='bbox 1888 2071 1988 2125; x_wconf 84' lang='lat' dir='ltr'><strong>iter</strong></span> <span class='ocrx_word' id='word_1_330' title='bbox 2024 2071 2168 2130; x_wconf 88' lang='lat' dir='ltr'><strong>facit.</strong></span> <span class='ocrx_word' id='word_1_331' title='bbox 2188 2081 2243 2126; x_wconf 90' lang='lat' dir='ltr'><strong>et</strong></span> <span class='ocrx_word' id='word_1_332' title='bbox 2271 2081 2517 2126; x_wconf 80' lang='lat' dir='ltr'><strong>movetur</strong></span> <span class='ocrx_word' id='word_1_333' title='bbox 2576 2074 2755 2141; x_wconf 87' lang='lat' dir='ltr'><strong>aliqua</strong></span> <span class='ocrx_word' id='word_1_334' title='bbox 2802 2090 2865 2128; x_wconf 89' lang='lat' dir='ltr'><strong>ex</strong></span> <span class='ocrx_word' id='word_1_335' title='bbox 2897 2083 3051 2142; x_wconf 85' lang='lat' dir='ltr'><strong>parte</strong></span> <span class='ocrx_word' id='word_1_336' title='bbox 3072 2085 3258 2128; x_wconf 83' lang='lat' dir='ltr'><strong>contra</strong></span> <span class='ocrx_word' id='word_1_337' title='bbox 3288 2078 3453 2139; x_wconf 79' lang='lat' dir='ltr'><strong>ipsos,</strong></span> 
     </span>
    </p>
   </div>
   <div class='ocr_carea' id='block_1_50' title="bbox 1886 2168 3453 2238">
    <p class='ocr_par' dir='ltr' id='par_1_50' title="bbox 1886 2168 3453 2238">
     <span class='ocr_line' id='line_1_50' title="bbox 1886 2168 3453 2238; baseline 0.002 -19"><span class='ocrx_word' id='word_1_338' title='bbox 1886 2168 2339 2236; x_wconf 81' lang='lat' dir='ltr'><strong>quemadmodum</strong></span> <span class='ocrx_word' id='word_1_339' title='bbox 2384 2183 2521 2236; x_wconf 87' lang='lat' dir='ltr'><strong>aqua</strong></span> <span class='ocrx_word' id='word_1_340' title='bbox 2544 2169 2779 2222; x_wconf 79' lang='lat' dir='ltr'><strong>violenta</strong></span> <span class='ocrx_word' id='word_1_341' title='bbox 2820 2183 2917 2236; x_wconf 88' lang='lat' dir='ltr'><strong>per</strong></span> <span class='ocrx_word' id='word_1_342' title='bbox 2947 2168 3154 2222; x_wconf 77' lang='lat' dir='ltr'><strong>declive</strong></span> <span class='ocrx_word' id='word_1_343' title='bbox 3184 2184 3279 2221; x_wconf 89' lang='lat' dir='ltr'><strong>seu</strong></span> <span class='ocrx_word' id='word_1_344' title='bbox 3319 2184 3453 2238; x_wconf 74' lang='lat' dir='ltr'><strong>prae-</strong></span> 
     </span>
    </p>
   </div>
   <div class='ocr_carea' id='block_1_51' title="bbox 1886 2261 3454 2331">
    <p class='ocr_par' dir='ltr' id='par_1_51' title="bbox 1886 2261 3454 2331">
     <span class='ocr_line' id='line_1_51' title="bbox 1886 2261 3454 2331; baseline -0.001 -18"><span class='ocrx_word' id='word_1_345' title='bbox 1886 2276 2013 2329; x_wconf 85' lang='lat' dir='ltr'><strong>ceps</strong></span> <span class='ocrx_word' id='word_1_346' title='bbox 2038 2269 2175 2323; x_wconf 84' lang='lat' dir='ltr'><strong>acta,</strong></span> <span class='ocrx_word' id='word_1_347' title='bbox 2234 2261 2590 2331; x_wconf 86' lang='lat' dir='ltr'><strong>submergeus</strong></span> <span class='ocrx_word' id='word_1_348' title='bbox 2624 2276 2686 2315; x_wconf 89' lang='lat' dir='ltr'><strong>ea</strong></span> <span class='ocrx_word' id='word_1_349' title='bbox 2717 2276 2843 2330; x_wconf 62' lang='lat' dir='ltr'><strong>qua</strong></span> <span class='ocrx_word' id='word_1_350' title='bbox 2869 2261 2971 2315; x_wconf 87' lang='lat' dir='ltr'><strong>sibi</strong></span> <span class='ocrx_word' id='word_1_351' title='bbox 3022 2261 3266 2328; x_wconf 85' lang='lat' dir='ltr'><strong>subjecta</strong></span> <span class='ocrx_word' id='word_1_352' title='bbox 3298 2278 3454 2329; x_wconf 84' lang='lat' dir='ltr'><strong>repe-</strong></span> 
     </span>
    </p>
   </div>
   <div class='ocr_carea' id='block_1_52' title="bbox 1889 2352 1982 2404">
    <p class='ocr_par' dir='ltr' id='par_1_52' title="bbox 1889 2352 1982 2404">
     <span class='ocr_line' id='line_1_52' title="bbox 1889 2352 1982 2404; baseline -0.011 0"><span class='ocrx_word' id='word_1_353' title='bbox 1889 2352 1982 2404; x_wconf 91' lang='lat' dir='ltr'><strong>rit.</strong></span> 
     </span>
    </p>
   </div>
   <div class='ocr_carea' id='block_1_53' title="bbox 1960 2441 3452 2513">
    <p class='ocr_par' dir='ltr' id='par_1_53' title="bbox 1960 2441 3452 2513">
     <span class='ocr_line' id='line_1_53' title="bbox 1960 2441 3452 2513; baseline 0.002 -18"><span class='ocrx_word' id='word_1_354' title='bbox 1960 2442 2022 2496; x_wconf 86' lang='lat' dir='ltr'><strong>Et</strong></span> <span class='ocrx_word' id='word_1_355' title='bbox 2055 2445 2225 2497; x_wconf 81' lang='lat' dir='ltr'><strong>hostes</strong></span> <span class='ocrx_word' id='word_1_356' title='bbox 2245 2444 2359 2510; x_wconf 85' lang='lat' dir='ltr'><strong>ejus</strong></span> <span class='ocrx_word' id='word_1_357' title='bbox 2381 2454 2755 2511; x_wconf 75' lang='lat' dir='ltr'><strong>persequentur</strong></span> <span class='ocrx_word' id='word_1_358' title='bbox 2775 2445 3013 2497; x_wconf 66' lang='lat' dir='ltr'><strong>tenebris.</strong></span> <span class='ocrx_word' id='word_1_359' title='bbox 3042 2441 3153 2497; x_wconf 87' lang='lat' dir='ltr'><strong>Hoc</strong></span> <span class='ocrx_word' id='word_1_360' title='bbox 3173 2445 3452 2513; x_wconf 83' lang='lat' dir='ltr'><strong>proprium</strong></span> 
     </span>
    </p>
   </div>
   <div class='ocr_carea' id='block_1_54' title="bbox 1884 2530 3452 2600">
    <p class='ocr_par' dir='ltr' id='par_1_54' title="bbox 1884 2530 3452 2600">
     <span class='ocr_line' id='line_1_54' title="bbox 1884 2530 3452 2600; baseline 0.002 -18"><span class='ocrx_word' id='word_1_361' title='bbox 1884 2531 2208 2584; x_wconf 79' lang='lat' dir='ltr'><strong>calamitatis</strong></span> <span class='ocrx_word' id='word_1_362' title='bbox 2231 2538 2335 2591; x_wconf 86' lang='lat' dir='ltr'><strong>est,</strong></span> <span class='ocrx_word' id='word_1_363' title='bbox 2356 2530 2501 2599; x_wconf 91' lang='lat' dir='ltr'><strong>quod</strong></span> <span class='ocrx_word' id='word_1_364' title='bbox 2529 2533 2617 2600; x_wconf 88' lang='lat' dir='ltr'><strong>qui</strong></span> <span class='ocrx_word' id='word_1_365' title='bbox 2646 2534 2698 2585; x_wconf 92' lang='lat' dir='ltr'><strong>in</strong></span> <span class='ocrx_word' id='word_1_366' title='bbox 2720 2532 3166 2589; x_wconf 83' lang='lat' dir='ltr'><strong>tribulationibus</strong></span> <span class='ocrx_word' id='word_1_367' title='bbox 3187 2542 3241 2587; x_wconf 90' lang='lat' dir='ltr'><strong>et</strong></span> <span class='ocrx_word' id='word_1_368' title='bbox 3274 2534 3452 2590; x_wconf 71' lang='lat' dir='ltr'><strong>afﬂic-</strong></span> 
     </span>
    </p>
   </div>
   <div class='ocr_carea' id='block_1_55' title="bbox 1885 2622 3453 2695">
    <p class='ocr_par' dir='ltr' id='par_1_55' title="bbox 1885 2622 3453 2695">
     <span class='ocr_line' id='line_1_55' title="bbox 1885 2622 3453 2695; baseline 0.003 -20"><span class='ocrx_word' id='word_1_369' title='bbox 1885 2622 2126 2677; x_wconf 89' lang='lat' dir='ltr'><strong>tionibus</strong></span> <span class='ocrx_word' id='word_1_370' title='bbox 2159 2623 2287 2685; x_wconf 90' lang='lat' dir='ltr'><strong>sint,</strong></span> <span class='ocrx_word' id='word_1_371' title='bbox 2326 2633 2507 2678; x_wconf 86' lang='lat' dir='ltr'><strong>mente</strong></span> <span class='ocrx_word' id='word_1_372' title='bbox 2534 2623 2914 2685; x_wconf 83' lang='lat' dir='ltr'><strong>obfnseentnr,</strong></span> <span class='ocrx_word' id='word_1_373' title='bbox 2943 2625 3176 2693; x_wconf 84' lang='lat' dir='ltr'><strong>quadam</strong></span> <span class='ocrx_word' id='word_1_374' title='bbox 3218 2627 3453 2695; x_wconf 81' lang='lat' dir='ltr'><strong>caligine</strong></span> 
     </span>
    </p>
   </div>
   <div class='ocr_carea' id='block_1_56' title="bbox 1884 2713 3454 2783">
    <p class='ocr_par' dir='ltr' id='par_1_56' title="bbox 1884 2713 3454 2783">
     <span class='ocr_line' id='line_1_56' title="bbox 1884 2713 3454 2783; baseline 0.002 -16"><span class='ocrx_word' id='word_1_375' title='bbox 1884 2713 2125 2778; x_wconf 85' lang='lat' dir='ltr'><strong>obducti,</strong></span> <span class='ocrx_word' id='word_1_376' title='bbox 2153 2715 2316 2783; x_wconf 74' lang='lat'><strong>219</strong></span> <span class='ocrx_word' id='word_1_377' title='bbox 2369 2723 2428 2769; x_wconf 90' lang='lat' dir='ltr'><strong>ut</strong></span> <span class='ocrx_word' id='word_1_378' title='bbox 2486 2715 2649 2769; x_wconf 88' lang='lat' dir='ltr'><strong>etiam</strong></span> <span class='ocrx_word' id='word_1_379' title='bbox 2715 2716 2765 2768; x_wconf 92' lang='lat' dir='ltr'><strong>in</strong></span> <span class='ocrx_word' id='word_1_380' title='bbox 2821 2716 2909 2769; x_wconf 91' lang='lat' dir='ltr'><strong>die</strong></span> <span class='ocrx_word' id='word_1_381' title='bbox 2971 2715 3133 2769; x_wconf 86' lang='lat' dir='ltr'><strong>veluti</strong></span> <span class='ocrx_word' id='word_1_382' title='bbox 3175 2715 3227 2768; x_wconf 92' lang='lat' dir='ltr'><strong>in</strong></span> <span class='ocrx_word' id='word_1_383' title='bbox 3292 2724 3454 2770; x_wconf 88' lang='lat' dir='ltr'><strong>nocte</strong></span> 
     </span>
    </p>
   </div>
   <div class='ocr_carea' id='block_1_57' title="bbox 1884 2803 3447 2875">
    <p class='ocr_par' dir='ltr' id='par_1_57' title="bbox 1884 2803 3447 2875">
     <span class='ocr_line' id='line_1_57' title="bbox 1884 2803 3447 2875; baseline 0.003 -19"><span class='ocrx_word' id='word_1_384' title='bbox 1884 2812 2067 2871; x_wconf 80' lang='lat' dir='ltr'><strong>agant.</strong></span> <span class='ocrx_word' id='word_1_385' title='bbox 2099 2803 2266 2858; x_wconf 79' lang='lat' dir='ltr'><strong>Porro</strong></span> <span class='ocrx_word' id='word_1_386' title='bbox 2305 2807 2617 2874; x_wconf 89' lang='lat' dir='ltr'><strong>unigenitus</strong></span> <span class='ocrx_word' id='word_1_387' title='bbox 2654 2807 2742 2861; x_wconf 86' lang='lat' dir='ltr'><strong>Dei</strong></span> <span class='ocrx_word' id='word_1_388' title='bbox 2786 2805 2978 2868; x_wconf 80' lang='lat' dir='ltr'><strong>Filius,</strong></span> <span class='ocrx_word' id='word_1_389' title='bbox 3006 2818 3270 2875; x_wconf 89' lang='lat' dir='ltr'><strong>perpetuo</strong></span> <span class='ocrx_word' id='word_1_390' title='bbox 3305 2809 3358 2861; x_wconf 90' lang='lat' dir='ltr'><strong>in</strong></span> <span class='ocrx_word' id='word_1_391' title='bbox 3389 2822 3447 2860; x_wconf 89' lang='lat' dir='ltr'><strong>se</strong></span> 
     </span>
    </p>
   </div>
   <div class='ocr_carea' id='block_1_58' title="bbox 1885 2896 3455 2963">
    <p class='ocr_par' dir='ltr' id='par_1_58' title="bbox 1885 2896 3455 2963">
     <span class='ocr_line' id='line_1_58' title="bbox 1885 2896 3455 2963; baseline 0.003 -16"><span class='ocrx_word' id='word_1_392' title='bbox 1885 2896 2253 2963; x_wconf 86' lang='lat' dir='ltr'><strong>insurgentes,</strong></span> <span class='ocrx_word' id='word_1_393' title='bbox 2288 2904 2342 2949; x_wconf 90' lang='lat' dir='ltr'><strong>et</strong></span> <span class='ocrx_word' id='word_1_394' title='bbox 2372 2898 2441 2950; x_wconf 88' lang='lat' dir='ltr'><strong>ab</strong></span> <span class='ocrx_word' id='word_1_395' title='bbox 2466 2912 2527 2951; x_wconf 88' lang='lat' dir='ltr'><strong>se</strong></span> <span class='ocrx_word' id='word_1_396' title='bbox 2561 2897 2875 2951; x_wconf 82' lang='lat' dir='ltr'><strong>deﬁcientes</strong></span> <span class='ocrx_word' id='word_1_397' title='bbox 2904 2898 3178 2952; x_wconf 68' lang='lat' dir='ltr'><strong>daemones</strong></span> <span class='ocrx_word' id='word_1_398' title='bbox 3214 2896 3455 2951; x_wconf 90' lang='lat' dir='ltr'><strong>confecit</strong></span> 
     </span>
    </p>
   </div>
   <div class='ocr_carea' id='block_1_59' title="bbox 1882 2987 3452 3057">
    <p class='ocr_par' dir='ltr' id='par_1_59' title="bbox 1882 2987 3452 3057">
     <span class='ocr_line' id='line_1_59' title="bbox 1882 2987 3452 3057; baseline -0.001 -16"><span class='ocrx_word' id='word_1_399' title='bbox 1882 2987 2393 3055; x_wconf 84' lang='lat' dir='ltr'><strong>exterminavitque,</strong></span> <span class='ocrx_word' id='word_1_400' title='bbox 2431 2988 2637 3042; x_wconf 82' lang='lat' dir='ltr'><strong>diluvio</strong></span> <span class='ocrx_word' id='word_1_401' title='bbox 2662 2988 3024 3057; x_wconf 82' lang='lat' dir='ltr'><strong>profectionis</strong></span> <span class='ocrx_word' id='word_1_402' title='bbox 3057 3003 3189 3051; x_wconf 64' lang='lat' dir='ltr'><strong>suae,</strong></span> <span class='ocrx_word' id='word_1_403' title='bbox 3229 2990 3329 3043; x_wconf 84' lang='lat' dir='ltr'><strong>hoc</strong></span> <span class='ocrx_word' id='word_1_404' title='bbox 3346 2998 3452 3054; x_wconf 89' lang='lat' dir='ltr'><strong>est,</strong></span> 
     </span>
    </p>
   </div>
   <div class='ocr_carea' id='block_1_60' title="bbox 1883 3065 3452 3150">
    <p class='ocr_par' dir='ltr' id='par_1_60' title="bbox 1883 3065 3452 3150">
     <span class='ocr_line' id='line_1_60' title="bbox 1883 3065 3452 3150; baseline 0.001 -19"><span class='ocrx_word' id='word_1_405' title='bbox 1883 3080 2204 3146; x_wconf 86' lang='lat' dir='ltr'><strong>baptismate</strong></span> <span class='ocrx_word' id='word_1_406' title='bbox 2230 3094 2338 3147; x_wconf 86' lang='lat' dir='ltr'><strong>quo</strong></span> <span class='ocrx_word' id='word_1_407' title='bbox 2392 3079 2702 3149; x_wconf 84' lang='lat' dir='ltr'><strong>baptizatus</strong></span> <span class='ocrx_word' id='word_1_408' title='bbox 2754 3090 2857 3139; x_wconf 87' lang='lat' dir='ltr'><strong>est.</strong></span> <span class='ocrx_word' id='word_1_409' title='bbox 2909 3065 3186 3150; x_wconf 83' lang='lat' dir='ltr'><strong>profectus</strong></span> <span class='ocrx_word' id='word_1_410' title='bbox 3239 3095 3269 3133; x_wconf 91' lang='lat' dir='ltr'><strong>e</strong></span> <span class='ocrx_word' id='word_1_411' title='bbox 3330 3081 3452 3134; x_wconf 82' lang='lat' dir='ltr'><strong>sinu</strong></span> 
     </span>
    </p>
   </div>
   <div class='ocr_carea' id='block_1_61' title="bbox 1884 3168 3452 3239">
    <p class='ocr_par' dir='ltr' id='par_1_61' title="bbox 1884 3168 3452 3239">
     <span class='ocr_line' id='line_1_61' title="bbox 1884 3168 3452 3239; baseline 0.003 -20"><span class='ocrx_word' id='word_1_412' title='bbox 1884 3168 2064 3222; x_wconf 86' lang='lat' dir='ltr'><strong>Patris</strong></span> <span class='ocrx_word' id='word_1_413' title='bbox 2096 3168 2160 3221; x_wconf 84' lang='lat' dir='ltr'><strong>ad</strong></span> <span class='ocrx_word' id='word_1_414' title='bbox 2188 3182 2285 3222; x_wconf 90' lang='lat' dir='ltr'><strong>nos</strong></span> <span class='ocrx_word' id='word_1_415' title='bbox 2323 3184 2494 3239; x_wconf 86' lang='lat' dir='ltr'><strong>usque</strong></span> <span class='ocrx_word' id='word_1_416' title='bbox 2530 3187 2544 3223; x_wconf 89' lang='lat'>:</span> <span class='ocrx_word' id='word_1_417' title='bbox 2602 3170 2703 3223; x_wconf 89' lang='lat' dir='ltr'><strong>hos</strong></span> <span class='ocrx_word' id='word_1_418' title='bbox 2730 3178 2782 3224; x_wconf 90' lang='lat' dir='ltr'><strong>et</strong></span> <span class='ocrx_word' id='word_1_419' title='bbox 2848 3171 3082 3225; x_wconf 67' lang='lat' dir='ltr'><strong>tenebrae</strong></span> <span class='ocrx_word' id='word_1_420' title='bbox 3119 3186 3452 3239; x_wconf 83' lang='lat' dir='ltr'><strong>persequen-</strong></span> 
     </span>
    </p>
   </div>
   <div class='ocr_carea' id='block_1_62' title="bbox 1886 3257 3455 3328">
    <p class='ocr_par' dir='ltr' id='par_1_62' title="bbox 1886 3257 3455 3328">
     <span class='ocr_line' id='line_1_62' title="bbox 1886 3257 3455 3328; baseline 0.001 -19"><span class='ocrx_word' id='word_1_421' title='bbox 1886 3266 1993 3319; x_wconf 92' lang='lat' dir='ltr'><strong>tur,</strong></span> <span class='ocrx_word' id='word_1_422' title='bbox 2014 3258 2313 3310; x_wconf 82' lang='lat' dir='ltr'><strong>exteriores</strong></span> <span class='ocrx_word' id='word_1_423' title='bbox 2342 3257 2621 3323; x_wconf 90' lang='lat' dir='ltr'><strong>nimirum,</strong></span> <span class='ocrx_word' id='word_1_424' title='bbox 2645 3259 2777 3328; x_wconf 90' lang='lat' dir='ltr'><strong>ipsis</strong></span> <span class='ocrx_word' id='word_1_425' title='bbox 2814 3269 3032 3328; x_wconf 56' lang='grc' dir='ltr'>ραι-οιαὶ.</span> <span class='ocrx_word' id='word_1_426' title='bbox 3066 3259 3287 3328; x_wconf 88' lang='lat' dir='ltr'><strong>Insuper</strong></span> <span class='ocrx_word' id='word_1_427' title='bbox 3316 3259 3455 3312; x_wconf 84' lang='lat' dir='ltr'><strong>Pha-</strong></span> 
     </span>
    </p>
   </div>
   <div class='ocr_carea' id='block_1_63' title="bbox 1884 3345 3454 3418">
    <p class='ocr_par' dir='ltr' id='par_1_63' title="bbox 1884 3345 3454 3418">
     <span class='ocr_line' id='line_1_63' title="bbox 1884 3345 3454 3418; baseline 0.003 -20"><span class='ocrx_word' id='word_1_428' title='bbox 1884 3345 2094 3404; x_wconf 70' lang='lat' dir='ltr'><strong>rismos.</strong></span> <span class='ocrx_word' id='word_1_429' title='bbox 2128 3346 2373 3408; x_wconf 87' lang='lat' dir='ltr'><strong>Scrihas,</strong></span> <span class='ocrx_word' id='word_1_430' title='bbox 2403 3356 2456 3400; x_wconf 89' lang='lat' dir='ltr'><strong>et</strong></span> <span class='ocrx_word' id='word_1_431' title='bbox 2475 3348 2525 3400; x_wconf 90' lang='lat' dir='ltr'><strong>id</strong></span> <span class='ocrx_word' id='word_1_432' title='bbox 2552 3363 2725 3418; x_wconf 86' lang='lat' dir='ltr'><strong>genus</strong></span> <span class='ocrx_word' id='word_1_433' title='bbox 2745 3360 2995 3413; x_wconf 69' lang='lat' dir='ltr'><strong>caeteros,</strong></span> <span class='ocrx_word' id='word_1_434' title='bbox 3024 3349 3075 3401; x_wconf 92' lang='lat' dir='ltr'><strong>in</strong></span> <span class='ocrx_word' id='word_1_435' title='bbox 3114 3351 3291 3417; x_wconf 86' lang='lat' dir='ltr'><strong>ipsum</strong></span> <span class='ocrx_word' id='word_1_436' title='bbox 3318 3364 3454 3402; x_wconf 92' lang='lat' dir='ltr'><strong>con-</strong></span> 
     </span>
    </p>
   </div>
   <div class='ocr_carea' id='block_1_64' title="bbox 213 3412 1875 3506">
    <p class='ocr_par' dir='ltr' id='par_1_64' title="bbox 213 3412 1846 3506">
     <span class='ocr_line' id='line_1_64' title="bbox 213 3412 1846 3506; baseline 0.004 -42"><span class='ocrx_word' id='word_1_437' title='bbox 213 3415 276 3464; x_wconf 73' lang='grc' dir='ltr'><strong>τδ</strong></span> <span class='ocrx_word' id='word_1_438' title='bbox 315 3413 503 3480; x_wconf 75' lang='grc' dir='ltr'>νοητὸν</span> <span class='ocrx_word' id='word_1_439' title='bbox 546 3413 618 3482; x_wconf 81' lang='grc' dir='ltr'>μὴ</span> <span class='ocrx_word' id='word_1_440' title='bbox 658 3412 1000 3475; x_wconf 87' lang='grc' dir='ltr'>ἀκούσαντας</span> <span class='ocrx_word' id='word_1_441' title='bbox 1036 3414 1128 3466; x_wconf 82' lang='grc' dir='ltr'>τοῦ</span> <span class='ocrx_word' id='word_1_442' title='bbox 1169 3414 1418 3483; x_wconf 85' lang='grc' dir='ltr'>λέγοντος</span> <span class='ocrx_word' id='word_1_443' title='bbox 1441 3432 1456 3447; x_wconf 77' lang='lat'><strong>&#39;</strong></span> <span class='ocrx_word' id='word_1_444' title='bbox 1484 3416 1630 3485; x_wconf 81' lang='grc' dir='ltr'><strong>Ἐγώ</strong></span> <span class='ocrx_word' id='word_1_445' title='bbox 1666 3420 1780 3488; x_wconf 80' lang='grc' dir='ltr'>ειμι</span> <span class='ocrx_word' id='word_1_446' title='bbox 1807 3484 1846 3506; x_wconf 57' lang='grc' dir='ltr'><em>Π</em></span> 
     </span>
    </p>
   </div>
   <div class='ocr_carea' id='block_1_65' title="bbox 1790 3412 3452 3506">
    <p class='ocr_par' dir='ltr' id='par_1_65' title="bbox 1807 3412 3452 3506">
     <span class='ocr_line' id='line_1_65' title="bbox 1807 3412 3452 3506; baseline 0.002 -19"><span class='ocrx_word' id='word_1_447' title='bbox 1807 3484 1846 3506; x_wconf 60' lang='grc' dir='ltr'><strong><em>η</em></strong></span> <span class='ocrx_word' id='word_1_448' title='bbox 1883 3434 2096 3496; x_wconf 89' lang='lat' dir='ltr'><strong>citatos,</strong></span> <span class='ocrx_word' id='word_1_449' title='bbox 2138 3412 2872 3506; x_wconf 72' lang='lat' dir='ltr'><strong>inobedientes,iullusmodi</strong></span> <span class='ocrx_word' id='word_1_450' title='bbox 2899 3412 3223 3493; x_wconf 36' lang='lat' dir='ltr'><strong>tenebras-ast</strong></span> <span class='ocrx_word' id='word_1_451' title='bbox 3260 3439 3452 3491; x_wconf 87' lang='lat' dir='ltr'><strong>interi-</strong></span> 
     </span>
    </p>
   </div>
   <div class='ocr_carea' id='block_1_66' title="bbox 212 3484 1874 3597">
    <p class='ocr_par' dir='ltr' id='par_1_66' title="bbox 212 3484 1847 3575">
     <span class='ocr_line' id='line_1_66' title="bbox 212 3484 1847 3575; baseline 0.004 -20"><span class='ocrx_word' id='word_1_452' title='bbox 212 3504 281 3555; x_wconf 79' lang='grc' dir='ltr'><strong>τὸ</strong></span> <span class='ocrx_word' id='word_1_453' title='bbox 305 3503 431 3573; x_wconf 71' lang='grc' dir='ltr'>φῶς</span> <span class='ocrx_word' id='word_1_454' title='bbox 456 3503 560 3557; x_wconf 82' lang='grc' dir='ltr'><strong>τοῦ</strong></span> <span class='ocrx_word' id='word_1_455' title='bbox 590 3504 822 3573; x_wconf 80' lang='grc' dir='ltr'>κόσμου</span> <span class='ocrx_word' id='word_1_456' title='bbox 854 3520 870 3535; x_wconf 78' lang='grc' dir='ltr'><strong>ο</strong></span> <span class='ocrx_word' id='word_1_457' title='bbox 900 3504 1017 3568; x_wconf 77' lang='grc' dir='ltr'>καὶ,</span> <span class='ocrx_word' id='word_1_458' title='bbox 1036 3503 1185 3570; x_wconf 77' lang='grc' dir='ltr'>Ἕως</span> <span class='ocrx_word' id='word_1_459' title='bbox 1202 3507 1264 3558; x_wconf 81' lang='grc' dir='ltr'><strong>τὸ</strong></span> <span class='ocrx_word' id='word_1_460' title='bbox 1277 3506 1396 3575; x_wconf 75' lang='grc' dir='ltr'><strong>φῶς</strong></span> <span class='ocrx_word' id='word_1_461' title='bbox 1414 3484 1601 3575; x_wconf 69' lang='grc' dir='ltr'>ἔχετε,</span> <span class='ocrx_word' id='word_1_462' title='bbox 1620 3484 1775 3575; x_wconf 67' lang='grc' dir='ltr'>περι·</span> <span class='ocrx_word' id='word_1_463' title='bbox 1806 3484 1847 3539; x_wconf 78' lang='lat' dir='ltr'><strong><em>C</em></strong></span> 
     </span>
    </p>
   </div>
   <div class='ocr_carea' id='block_1_67' title="bbox 1784 3484 3446 3597">
    <p class='ocr_par' dir='ltr' id='par_1_67' title="bbox 1806 3484 3446 3597">
     <span class='ocr_line' id='line_1_67' title="bbox 1806 3484 3446 3597; baseline 0.005 -23"><span class='ocrx_word' id='word_1_464' title='bbox 1806 3484 1847 3539; x_wconf 75' lang='grc' dir='ltr'>ο</span> <span class='ocrx_word' id='word_1_465' title='bbox 1882 3484 3281 3594; x_wconf 48' lang='lat' dir='ltr'><strong>.1...eqsusageitsiigc&quot;.;.;,;.1;;&#39;;;i;,;.....</strong></span> <span class='ocrx_word' id='word_1_466' title='bbox 3333 3529 3446 3597; x_wconf 76' lang='grc' dir='ltr'>(ει)</span> 
     </span>
    </p>
   </div>
   <div class='ocr_carea' id='block_1_68' title="bbox 212 3595 1774 3667">
    <p class='ocr_par' dir='ltr' id='par_1_68' title="bbox 212 3595 1774 3667">
     <span class='ocr_line' id='line_1_68' title="bbox 212 3595 1774 3667; baseline 0.004 -19"><span class='ocrx_word' id='word_1_467' title='bbox 212 3595 451 3649; x_wconf 84' lang='grc' dir='ltr'>,τατεῒτε</span> <span class='ocrx_word' id='word_1_468' title='bbox 505 3596 573 3648; x_wconf 78' lang='grc' dir='ltr'><strong>ὲν</strong></span> <span class='ocrx_word' id='word_1_469' title='bbox 601 3596 679 3659; x_wconf 82' lang='grc' dir='ltr'>τῷ</span> <span class='ocrx_word' id='word_1_470' title='bbox 734 3596 902 3665; x_wconf 65' lang='grc' dir='ltr'>φωτὶ,</span> <span class='ocrx_word' id='word_1_471' title='bbox 932 3596 1034 3649; x_wconf 80' lang='lat' dir='ltr'><strong>Ira</strong></span> <span class='ocrx_word' id='word_1_472' title='bbox 1060 3597 1141 3664; x_wconf 78' lang='grc' dir='ltr'>μὴ</span> <span class='ocrx_word' id='word_1_473' title='bbox 1168 3599 1384 3650; x_wconf 79' lang='grc' dir='ltr'>σκοτία</span> <span class='ocrx_word' id='word_1_474' title='bbox 1413 3599 1568 3667; x_wconf 84' lang='grc' dir='ltr'>ὑμᾶς</span> <span class='ocrx_word' id='word_1_475' title='bbox 1598 3617 1774 3654; x_wconf 76' lang='grc' dir='ltr'>κατα-</span> 
     </span>
    </p>
   </div>
   <div class='ocr_carea' id='block_1_69' title="bbox 209 3687 1768 3761">
    <p class='ocr_par' dir='ltr' id='par_1_69' title="bbox 209 3687 1768 3761">
     <span class='ocr_line' id='line_1_69' title="bbox 209 3687 1768 3761; baseline 0.003 -21"><span class='ocrx_word' id='word_1_476' title='bbox 209 3689 391 3755; x_wconf 66' lang='grc' dir='ltr'>λάϐῃ.</span> <span class='ocrx_word' id='word_1_477' title='bbox 420 3690 529 3740; x_wconf 83' lang='grc' dir='ltr'><strong>Καὶ</strong></span> <span class='ocrx_word' id='word_1_478' title='bbox 556 3690 615 3741; x_wconf 81' lang='grc' dir='ltr'>ὲν</span> <span class='ocrx_word' id='word_1_479' title='bbox 644 3690 771 3758; x_wconf 77' lang='grc' dir='ltr'>ἡμῖν</span> <span class='ocrx_word' id='word_1_480' title='bbox 799 3687 855 3741; x_wconf 80' lang='grc' dir='ltr'>δὲ</span> <span class='ocrx_word' id='word_1_481' title='bbox 884 3690 911 3741; x_wconf 89' lang='grc' dir='ltr'><strong>ό</strong></span> <span class='ocrx_word' id='word_1_482' title='bbox 939 3690 1322 3758; x_wconf 77' lang='grc' dir='ltr'>κατακλυσμὸς</span> <span class='ocrx_word' id='word_1_483' title='bbox 1348 3690 1458 3743; x_wconf 85' lang='grc' dir='ltr'>τῶν</span> <span class='ocrx_word' id='word_1_484' title='bbox 1485 3693 1735 3761; x_wconf 78' lang='grc' dir='ltr'>δακρύων</span> <span class='ocrx_word' id='word_1_485' title='bbox 1756 3734 1768 3755; x_wconf 91' lang='grc'><strong>,</strong></span> 
     </span>
    </p>
   </div>
   <div class='ocr_carea' id='block_1_70' title="bbox 211 3779 1773 3851">
    <p class='ocr_par' dir='ltr' id='par_1_70' title="bbox 211 3779 1773 3851">
     <span class='ocr_line' id='line_1_70' title="bbox 211 3779 1773 3851; baseline 0.003 -18"><span class='ocrx_word' id='word_1_486' title='bbox 211 3783 355 3850; x_wconf 80' lang='grc' dir='ltr'>ἔχων</span> <span class='ocrx_word' id='word_1_487' title='bbox 378 3782 473 3833; x_wconf 71' lang='grc' dir='ltr'>καὶ</span> <span class='ocrx_word' id='word_1_488' title='bbox 495 3779 740 3849; x_wconf 85' lang='grc' dir='ltr'>πορείαν,</span> <span class='ocrx_word' id='word_1_489' title='bbox 761 3781 788 3832; x_wconf 85' lang='grc' dir='ltr'><strong>ὅ</strong></span> <span class='ocrx_word' id='word_1_490' title='bbox 812 3782 929 3833; x_wconf 76' lang='grc' dir='ltr'>ἐστι</span> <span class='ocrx_word' id='word_1_491' title='bbox 956 3779 1166 3849; x_wconf 84' lang='grc' dir='ltr'>κίνησιν</span> <span class='ocrx_word' id='word_1_492' title='bbox 1189 3782 1246 3834; x_wconf 77' lang='grc' dir='ltr'>ἑν</span> <span class='ocrx_word' id='word_1_493' title='bbox 1268 3783 1508 3851; x_wconf 81' lang='grc' dir='ltr'>ἀρεταῖς,</span> <span class='ocrx_word' id='word_1_494' title='bbox 1533 3786 1773 3837; x_wconf 87' lang='grc' dir='ltr'>συντελεῖ</span> 
     </span>
    </p>
   </div>
   <div class='ocr_carea' id='block_1_71' title="bbox 209 3867 1769 3942">
    <p class='ocr_par' dir='ltr' id='par_1_71' title="bbox 209 3867 1769 3942">
     <span class='ocr_line' id='line_1_71' title="bbox 209 3867 1769 3942; baseline 0.006 -24"><span class='ocrx_word' id='word_1_495' title='bbox 209 3869 339 3931; x_wconf 80' lang='grc' dir='ltr'>τοὺς</span> <span class='ocrx_word' id='word_1_496' title='bbox 386 3867 836 3938; x_wconf 68' lang='grc' dir='ltr'>ἐπεγειρομινους</span> <span class='ocrx_word' id='word_1_497' title='bbox 877 3870 1011 3937; x_wconf 77' lang='grc' dir='ltr'>ἡμῖν</span> <span class='ocrx_word' id='word_1_498' title='bbox 1048 3868 1418 3939; x_wconf 82' lang='grc' dir='ltr'>δαιμονιώδεις</span> <span class='ocrx_word' id='word_1_499' title='bbox 1461 3872 1769 3942; x_wconf 82' lang='grc' dir='ltr'>λογισμούς.</span> 
     </span>
    </p>
   </div>
   <div class='ocr_carea' id='block_1_72' title="bbox 211 3957 1771 4037">
    <p class='ocr_par' dir='ltr' id='par_1_72' title="bbox 211 3957 1771 4037">
     <span class='ocr_line' id='line_1_72' title="bbox 211 3957 1771 4037; baseline 0.004 -26"><span class='ocrx_word' id='word_1_500' title='bbox 211 3960 354 4021; x_wconf 78' lang='grc' dir='ltr'>Τοὺς</span> <span class='ocrx_word' id='word_1_501' title='bbox 396 3958 619 4027; x_wconf 70' lang='grc' dir='ltr'>ἐχθροὺς</span> <span class='ocrx_word' id='word_1_502' title='bbox 661 3958 718 4011; x_wconf 87' lang='grc' dir='ltr'>δὲ</span> <span class='ocrx_word' id='word_1_503' title='bbox 758 3957 849 4011; x_wconf 83' lang='grc' dir='ltr'><strong>τοῦ</strong></span> <span class='ocrx_word' id='word_1_504' title='bbox 893 3958 1029 4011; x_wconf 84' lang='grc' dir='ltr'>Θεοῦ</span> <span class='ocrx_word' id='word_1_505' title='bbox 1070 3958 1255 4014; x_wconf 79' lang='grc' dir='ltr'>διώκει</span> <span class='ocrx_word' id='word_1_506' title='bbox 1299 3962 1521 4029; x_wconf 87' lang='grc' dir='ltr'>σκότος,</span> <span class='ocrx_word' id='word_1_507' title='bbox 1559 3964 1697 4034; x_wconf 82' lang='grc' dir='ltr'>αὑτὴ</span> <span class='ocrx_word' id='word_1_508' title='bbox 1738 3967 1771 4037; x_wconf 83' lang='grc' dir='ltr'><strong>ή</strong></span> 
     </span>
    </p>
   </div>
   <div class='ocr_carea' id='block_1_73' title="bbox 211 4048 1771 4127">
    <p class='ocr_par' dir='ltr' id='par_1_73' title="bbox 211 4048 1771 4127">
     <span class='ocr_line' id='line_1_73' title="bbox 211 4048 1771 4127; baseline 0.006 -26"><span class='ocrx_word' id='word_1_509' title='bbox 211 4048 479 4119; x_wconf 80' lang='grc' dir='ltr'>ἁμαρτία,</span> <span class='ocrx_word' id='word_1_510' title='bbox 514 4050 574 4100; x_wconf 81' lang='grc' dir='ltr'>τὸ</span> <span class='ocrx_word' id='word_1_511' title='bbox 613 4049 847 4112; x_wconf 83' lang='grc' dir='ltr'>συνειδὸς</span> <span class='ocrx_word' id='word_1_512' title='bbox 879 4050 964 4103; x_wconf 73' lang='grc' dir='ltr'><strong>ἀεὶ</strong></span> <span class='ocrx_word' id='word_1_513' title='bbox 998 4053 1339 4115; x_wconf 79' lang='grc' dir='ltr'>σκοτίζουσα.</span> <span class='ocrx_word' id='word_1_514' title='bbox 1378 4056 1470 4107; x_wconf 75' lang='grc' dir='ltr'>καὶ</span> <span class='ocrx_word' id='word_1_515' title='bbox 1503 4059 1569 4124; x_wconf 78' lang='grc' dir='ltr'>τῇ</span> <span class='ocrx_word' id='word_1_516' title='bbox 1605 4058 1771 4127; x_wconf 82' lang='grc' dir='ltr'>αὐτῆς</span> 
     </span>
    </p>
   </div>
   <div class='ocr_carea' id='block_1_74' title="bbox 210 4139 1768 4217">
    <p class='ocr_par' dir='ltr' id='par_1_74' title="bbox 210 4139 1768 4217">
     <span class='ocr_line' id='line_1_74' title="bbox 210 4139 1768 4217; baseline 0.006 -27"><span class='ocrx_word' id='word_1_517' title='bbox 210 4139 566 4210; x_wconf 70' lang='grc' dir='ltr'>ἀσχημοσύνῃ</span> <span class='ocrx_word' id='word_1_518' title='bbox 602 4144 880 4212; x_wconf 79' lang='grc' dir='ltr'>μονονουχὶ</span> <span class='ocrx_word' id='word_1_519' title='bbox 914 4142 1226 4200; x_wconf 80' lang='grc' dir='ltr'>συνωθοῦσα</span> <span class='ocrx_word' id='word_1_520' title='bbox 1258 4145 1392 4215; x_wconf 76' lang='grc' dir='ltr'>πρὸς</span> <span class='ocrx_word' id='word_1_521' title='bbox 1421 4147 1487 4199; x_wconf 75' lang='grc' dir='ltr'><strong>τὰ</strong></span> <span class='ocrx_word' id='word_1_522' title='bbox 1514 4148 1611 4216; x_wconf 81' lang='grc' dir='ltr'>τῆς</span> <span class='ocrx_word' id='word_1_523' title='bbox 1640 4149 1768 4217; x_wconf 90' lang='grc' dir='ltr'>ἀρε-</span> 
     </span>
    </p>
   </div>
   <div class='ocr_carea' id='block_1_75' title="bbox 207 4230 834 4301">
    <p class='ocr_par' dir='ltr' id='par_1_75' title="bbox 207 4230 834 4301">
     <span class='ocr_line' id='line_1_75' title="bbox 207 4230 834 4301; baseline 0.008 -20"><span class='ocrx_word' id='word_1_524' title='bbox 207 4231 309 4297; x_wconf 70' lang='grc' dir='ltr'><strong>τῆς</strong></span> <span class='ocrx_word' id='word_1_525' title='bbox 342 4231 651 4299; x_wconf 84' lang='grc' dir='ltr'>εὐσχήμονα</span> <span class='ocrx_word' id='word_1_526' title='bbox 679 4230 834 4301; x_wconf 76' lang='grc' dir='ltr'>ἔργα.</span> 
     </span>
    </p>
   </div>
   <div class='ocr_carea' id='block_1_76' title="bbox 1877 3616 3450 3688">
    <p class='ocr_par' dir='ltr' id='par_1_76' title="bbox 1877 3616 3450 3688">
     <span class='ocr_line' id='line_1_76' title="bbox 1877 3616 3450 3688; baseline 0.003 -23"><span class='ocrx_word' id='word_1_527' title='bbox 1877 3625 2231 3677; x_wconf 63' lang='grc' dir='ltr'>ειιθωραιιιοε,</span> <span class='ocrx_word' id='word_1_528' title='bbox 2293 3616 2435 3683; x_wconf 85' lang='lat' dir='ltr'><strong>quod</strong></span> <span class='ocrx_word' id='word_1_529' title='bbox 2474 3632 2581 3671; x_wconf 85' lang='lat' dir='ltr'><strong>non</strong></span> <span class='ocrx_word' id='word_1_530' title='bbox 2645 3619 2922 3671; x_wconf 86' lang='lat' dir='ltr'><strong>audierint</strong></span> <span class='ocrx_word' id='word_1_531' title='bbox 2985 3620 3281 3679; x_wconf 85' lang='lat' dir='ltr'><strong>dicentem,</strong></span> <span class='ocrx_word' id='word_1_532' title='bbox 3340 3618 3450 3688; x_wconf 84' lang='lat' dir='ltr'><strong>Ego</strong></span> 
     </span>
    </p>
   </div>
   <div class='ocr_carea' id='block_1_77' title="bbox 1880 3707 3450 3778">
    <p class='ocr_par' dir='ltr' id='par_1_77' title="bbox 1880 3707 3450 3778">
     <span class='ocr_line' id='line_1_77' title="bbox 1880 3707 3450 3778; baseline 0.003 -20"><span class='ocrx_word' id='word_1_533' title='bbox 1880 3721 1998 3758; x_wconf 81' lang='lat' dir='ltr'><strong>sum</strong></span> <span class='ocrx_word' id='word_1_534' title='bbox 2024 3707 2117 3758; x_wconf 77' lang='lat' dir='ltr'><strong>tua:</strong></span> <span class='ocrx_word' id='word_1_535' title='bbox 2166 3707 2349 3760; x_wconf 79' lang='lat' dir='ltr'><strong>mundi</strong></span> <span class='ocrx_word' id='word_1_536' title='bbox 2372 3707 2415 3739; x_wconf 83' lang='lat'><strong>”</strong></span> <span class='ocrx_word' id='word_1_537' title='bbox 2442 3725 2455 3772; x_wconf 91' lang='lat'><strong>;</strong></span> <span class='ocrx_word' id='word_1_538' title='bbox 2482 3718 2557 3772; x_wconf 89' lang='lat' dir='ltr'><strong>et,</strong></span> <span class='ocrx_word' id='word_1_539' title='bbox 2603 3707 2903 3778; x_wconf 71' lang='lat' dir='ltr'><strong>Usquedum</strong></span> <span class='ocrx_word' id='word_1_540' title='bbox 2950 3711 3121 3762; x_wconf 85' lang='lat' dir='ltr'><strong>lumen</strong></span> <span class='ocrx_word' id='word_1_541' title='bbox 3146 3709 3367 3772; x_wconf 75' lang='lat' dir='ltr'><strong>habetis,</strong></span> <span class='ocrx_word' id='word_1_542' title='bbox 3395 3714 3450 3762; x_wconf 83' lang='lat' dir='ltr'><strong>in</strong></span> 
     </span>
    </p>
   </div>
   <div class='ocr_carea' id='block_1_78' title="bbox 1873 3794 3446 3869">
    <p class='ocr_par' dir='ltr' id='par_1_78' title="bbox 1873 3794 3446 3869">
     <span class='ocr_line' id='line_1_78' title="bbox 1873 3794 3446 3869; baseline 0.003 -22"><span class='ocrx_word' id='word_1_543' title='bbox 1873 3794 2067 3849; x_wconf 81' lang='lat' dir='ltr'><strong>lumine</strong></span> <span class='ocrx_word' id='word_1_544' title='bbox 2096 3797 2386 3859; x_wconf 82' lang='lat' dir='ltr'><strong>ambulate,</strong></span> <span class='ocrx_word' id='word_1_545' title='bbox 2418 3808 2473 3851; x_wconf 86' lang='lat' dir='ltr'><strong>ut</strong></span> <span class='ocrx_word' id='word_1_546' title='bbox 2512 3814 2574 3852; x_wconf 91' lang='lat' dir='ltr'><strong>ne</strong></span> <span class='ocrx_word' id='word_1_547' title='bbox 2595 3800 2817 3853; x_wconf 78' lang='lat' dir='ltr'><strong>tenebrte</strong></span> <span class='ocrx_word' id='word_1_548' title='bbox 2855 3816 2943 3854; x_wconf 75' lang='lat' dir='ltr'><strong>vos</strong></span> <span class='ocrx_word' id='word_1_549' title='bbox 2968 3802 3356 3869; x_wconf 73' lang='lat' dir='ltr'><strong>appreliendant</strong></span> <span class='ocrx_word' id='word_1_550' title='bbox 3382 3802 3446 3852; x_wconf 78' lang='grc' dir='ltr'><strong>τ’.</strong></span> 
     </span>
    </p>
   </div>
   <div class='ocr_carea' id='block_1_79' title="bbox 1880 3885 3451 3962">
    <p class='ocr_par' dir='ltr' id='par_1_79' title="bbox 1880 3885 3451 3962">
     <span class='ocr_line' id='line_1_79' title="bbox 1880 3885 3451 3962; baseline 0.004 -25"><span class='ocrx_word' id='word_1_551' title='bbox 1880 3885 1958 3939; x_wconf 77' lang='lat' dir='ltr'><strong>Ad</strong></span> <span class='ocrx_word' id='word_1_552' title='bbox 1985 3887 2096 3940; x_wconf 78' lang='lat' dir='ltr'><strong>Inec</strong></span> <span class='ocrx_word' id='word_1_553' title='bbox 2132 3886 2186 3939; x_wconf 90' lang='lat' dir='ltr'><strong>in</strong></span> <span class='ocrx_word' id='word_1_554' title='bbox 2226 3888 2386 3942; x_wconf 90' lang='lat' dir='ltr'><strong>nobis</strong></span> <span class='ocrx_word' id='word_1_555' title='bbox 2408 3891 2575 3943; x_wconf 87' lang='lat' dir='ltr'><strong>etiam</strong></span> <span class='ocrx_word' id='word_1_556' title='bbox 2616 3889 2749 3958; x_wconf 81' lang='lat' dir='ltr'><strong>ipsis</strong></span> <span class='ocrx_word' id='word_1_557' title='bbox 2780 3891 3141 3962; x_wconf 80' lang='lat' dir='ltr'><strong>lacrymarum</strong></span> <span class='ocrx_word' id='word_1_558' title='bbox 3169 3901 3253 3946; x_wconf 86' lang='lat' dir='ltr'><strong>est</strong></span> <span class='ocrx_word' id='word_1_559' title='bbox 3304 3891 3451 3944; x_wconf 86' lang='lat' dir='ltr'><strong>dilu-</strong></span> 
     </span>
    </p>
   </div>
   <div class='ocr_carea' id='block_1_80' title="bbox 1877 3977 3444 4047">
    <p class='ocr_par' dir='ltr' id='par_1_80' title="bbox 1877 3977 3444 4047">
     <span class='ocr_line' id='line_1_80' title="bbox 1877 3977 3444 4047; baseline 0.006 -19"><span class='ocrx_word' id='word_1_560' title='bbox 1877 3977 2048 4037; x_wconf 80' lang='lat' dir='ltr'><strong>vium,</strong></span> <span class='ocrx_word' id='word_1_561' title='bbox 2086 3977 2289 4032; x_wconf 83' lang='lat' dir='ltr'><strong>habens</strong></span> <span class='ocrx_word' id='word_1_562' title='bbox 2320 3978 2730 4047; x_wconf 82' lang='lat' dir='ltr'><strong>profectionem,</strong></span> <span class='ocrx_word' id='word_1_563' title='bbox 2766 3998 2862 4037; x_wconf 86' lang='lat' dir='ltr'><strong>seu</strong></span> <span class='ocrx_word' id='word_1_564' title='bbox 2901 3984 3021 4046; x_wconf 89' lang='lat' dir='ltr'><strong>iter,</strong></span> <span class='ocrx_word' id='word_1_565' title='bbox 3059 3983 3162 4036; x_wconf 88' lang='lat' dir='ltr'><strong>hoe.</strong></span> <span class='ocrx_word' id='word_1_566' title='bbox 3193 3993 3296 4043; x_wconf 82' lang='lat' dir='ltr'><strong>est,</strong></span> <span class='ocrx_word' id='word_1_567' title='bbox 3325 3999 3444 4037; x_wconf 82' lang='lat' dir='ltr'><strong>mo-</strong></span> 
     </span>
    </p>
   </div>
   <div class='ocr_carea' id='block_1_81' title="bbox 1877 4068 3435 4143">
    <p class='ocr_par' dir='ltr' id='par_1_81' title="bbox 1877 4068 3435 4143">
     <span class='ocr_line' id='line_1_81' title="bbox 1877 4068 3435 4143; baseline 0.006 -25"><span class='ocrx_word' id='word_1_568' title='bbox 1877 4076 1989 4121; x_wconf 91' lang='lat' dir='ltr'><strong>tum</strong></span> <span class='ocrx_word' id='word_1_569' title='bbox 2032 4068 2085 4121; x_wconf 92' lang='lat' dir='ltr'><strong>in</strong></span> <span class='ocrx_word' id='word_1_570' title='bbox 2120 4070 2409 4125; x_wconf 78' lang='lat' dir='ltr'><strong>virtutibus</strong></span> <span class='ocrx_word' id='word_1_571' title='bbox 2444 4088 2458 4124; x_wconf 90' lang='lat'><strong>:</strong></span> <span class='ocrx_word' id='word_1_572' title='bbox 2491 4072 2633 4141; x_wconf 89' lang='lat' dir='ltr'><strong>quod</strong></span> <span class='ocrx_word' id='word_1_573' title='bbox 2654 4074 2793 4125; x_wconf 83' lang='lat' dir='ltr'><strong>intra</strong></span> <span class='ocrx_word' id='word_1_574' title='bbox 2822 4089 2921 4127; x_wconf 88' lang='lat' dir='ltr'><strong>nos</strong></span> <span class='ocrx_word' id='word_1_575' title='bbox 2963 4075 3263 4129; x_wconf 65' lang='lat' dir='ltr'><strong>daemonem</strong></span> <span class='ocrx_word' id='word_1_576' title='bbox 3319 4076 3435 4143; x_wconf 88' lang='lat' dir='ltr'><strong>spi-</strong></span> 
     </span>
    </p>
   </div>
   <div class='ocr_carea' id='block_1_82' title="bbox 1873 4160 3445 4230">
    <p class='ocr_par' dir='ltr' id='par_1_82' title="bbox 1873 4160 3445 4230">
     <span class='ocr_line' id='line_1_82' title="bbox 1873 4160 3445 4230; baseline 0.006 -21"><span class='ocrx_word' id='word_1_577' title='bbox 1873 4168 2061 4212; x_wconf 84' lang='lat' dir='ltr'><strong>rantes</strong></span> <span class='ocrx_word' id='word_1_578' title='bbox 2084 4160 2444 4227; x_wconf 74' lang='lat' dir='ltr'><strong>cogitationes</strong></span> <span class='ocrx_word' id='word_1_579' title='bbox 2473 4163 2741 4217; x_wconf 85' lang='lat' dir='ltr'><strong>excitatas</strong></span> <span class='ocrx_word' id='word_1_580' title='bbox 2790 4164 3062 4228; x_wconf 81' lang='lat' dir='ltr'><strong>conﬁciet,</strong></span> <span class='ocrx_word' id='word_1_581' title='bbox 3095 4164 3315 4230; x_wconf 88' lang='lat' dir='ltr'><strong>delebit,</strong></span> <span class='ocrx_word' id='word_1_582' title='bbox 3350 4181 3445 4218; x_wconf 79' lang='lat' dir='ltr'><strong>ex-</strong></span> 
     </span>
    </p>
   </div>
   <div class='ocr_carea' id='block_1_83' title="bbox 1874 4249 3442 4325">
    <p class='ocr_par' dir='ltr' id='par_1_83' title="bbox 1874 4249 3442 4325">
     <span class='ocr_line' id='line_1_83' title="bbox 1874 4249 3442 4325; baseline 0.006 -24"><span class='ocrx_word' id='word_1_583' title='bbox 1874 4250 2204 4304; x_wconf 87' lang='lat' dir='ltr'><strong>terminabit.</strong></span> <span class='ocrx_word' id='word_1_584' title='bbox 2236 4249 2489 4307; x_wconf 86' lang='lat' dir='ltr'><strong>Inimicos</strong></span> <span class='ocrx_word' id='word_1_585' title='bbox 2528 4265 2707 4308; x_wconf 84' lang='lat' dir='ltr'><strong>autem</strong></span> <span class='ocrx_word' id='word_1_586' title='bbox 2743 4254 2837 4310; x_wconf 87' lang='lat' dir='ltr'><strong>Dei</strong></span> <span class='ocrx_word' id='word_1_587' title='bbox 2865 4266 3265 4325; x_wconf 85' lang='lat' dir='ltr'><strong>persequentur</strong></span> <span class='ocrx_word' id='word_1_588' title='bbox 3291 4266 3442 4310; x_wconf 90' lang='lat' dir='ltr'><strong>tene-</strong></span> 
     </span>
    </p>
   </div>
   <div class='ocr_carea' id='block_1_84' title="bbox 210 4320 3448 4413">
    <p class='ocr_par' dir='ltr' id='par_1_84' title="bbox 210 4320 3448 4413">
     <span class='ocr_line' id='line_1_84' title="bbox 210 4320 3448 4413; baseline 0.006 -29"><span class='ocrx_word' id='word_1_589' title='bbox 210 4320 542 4389; x_wconf 66' lang='grc' dir='ltr'>Ιιτίθνίρδυῐη</span> <span class='ocrx_word' id='word_1_590' title='bbox 582 4335 785 4413; x_wconf 14' lang='grc' dir='ltr'>θείημεν</span> <span class='ocrx_word' id='word_1_591' title='bbox 832 4333 1138 4393; x_wconf 76' lang='lat' dir='ltr'><strong>peccatum.</strong></span> <span class='ocrx_word' id='word_1_592' title='bbox 1194 4329 1542 4383; x_wconf 59' lang='lat' dir='ltr'><strong>conseienlia&#39;.</strong></span> <span class='ocrx_word' id='word_1_593' title='bbox 1616 4332 1903 4403; x_wconf 77' lang='lat' dir='ltr'><strong>caliginem</strong></span> <span class='ocrx_word' id='word_1_594' title='bbox 1960 4357 2023 4396; x_wconf 90' lang='lat' dir='ltr'><strong>ac</strong></span> <span class='ocrx_word' id='word_1_595' title='bbox 2099 4344 2354 4399; x_wconf 87' lang='lat' dir='ltr'><strong>tenebras</strong></span> <span class='ocrx_word' id='word_1_596' title='bbox 2413 4345 2698 4413; x_wconf 87' lang='lat' dir='ltr'><strong>inducens,</strong></span> <span class='ocrx_word' id='word_1_597' title='bbox 2766 4320 2881 4401; x_wconf 78' lang='lat' dir='ltr'><strong>tum</strong></span> <span class='ocrx_word' id='word_1_598' title='bbox 2932 4320 3057 4403; x_wconf 39' lang='lat' dir='ltr'><strong>sna‘</strong></span> <span class='ocrx_word' id='word_1_599' title='bbox 3110 4350 3448 4403; x_wconf 87' lang='lat' dir='ltr'><strong>deformitate</strong></span> 
     </span>
    </p>
   </div>
   <div class='ocr_carea' id='block_1_85' title="bbox 209 4412 1729 4487">
    <p class='ocr_par' dir='ltr' id='par_1_85' title="bbox 209 4412 1729 4487">
     <span class='ocr_line' id='line_1_85' title="bbox 209 4412 1729 4487; baseline 0.011 -29"><span class='ocrx_word' id='word_1_600' title='bbox 209 4422 419 4462; x_wconf 69' lang='lat' dir='ltr'><strong>tantum</strong></span> <span class='ocrx_word' id='word_1_601' title='bbox 452 4426 559 4464; x_wconf 84' lang='lat' dir='ltr'><strong>non</strong></span> <span class='ocrx_word' id='word_1_602' title='bbox 586 4412 913 4479; x_wconf 86' lang='lat' dir='ltr'><strong>compellens</strong></span> <span class='ocrx_word' id='word_1_603' title='bbox 939 4415 1005 4468; x_wconf 85' lang='lat' dir='ltr'><strong>ad</strong></span> <span class='ocrx_word' id='word_1_604' title='bbox 1033 4415 1270 4469; x_wconf 87' lang='lat' dir='ltr'><strong>formosa</strong></span> <span class='ocrx_word' id='word_1_605' title='bbox 1300 4418 1516 4472; x_wconf 86' lang='lat' dir='ltr'><strong>virtutis</strong></span> <span class='ocrx_word' id='word_1_606' title='bbox 1545 4434 1729 4487; x_wconf 89' lang='lat' dir='ltr'><strong>opera.</strong></span> 
     </span>
    </p>
   </div>
   <div class='ocr_carea' id='block_1_86' title="bbox 284 4504 1768 4582">
    <p class='ocr_par' dir='ltr' id='par_1_86' title="bbox 284 4504 1768 4582">
     <span class='ocr_line' id='line_1_86' title="bbox 284 4504 1768 4582; baseline 0.006 -25"><span class='ocrx_word' id='word_1_607' title='bbox 284 4504 345 4557; x_wconf 83' lang='grc' dir='ltr'>Τί</span> <span class='ocrx_word' id='word_1_608' title='bbox 369 4504 670 4573; x_wconf 75' lang='grc' dir='ltr'><strong>λογίζεσθε</strong></span> <span class='ocrx_word' id='word_1_609' title='bbox 690 4504 788 4557; x_wconf 75' lang='grc' dir='ltr'><strong>ἐπὶ</strong></span> <span class='ocrx_word' id='word_1_610' title='bbox 834 4506 940 4558; x_wconf 77' lang='grc' dir='ltr'><strong>τὸν</strong></span> <span class='ocrx_word' id='word_1_611' title='bbox 970 4509 1227 4576; x_wconf 84' lang='grc' dir='ltr'>Κύριον;</span> <span class='ocrx_word' id='word_1_612' title='bbox 1259 4509 1469 4580; x_wconf 74' lang='grc' dir='ltr'>Ἐρωτᾷ</span> <span class='ocrx_word' id='word_1_613' title='bbox 1499 4514 1625 4582; x_wconf 71' lang='grc' dir='ltr'>περὶ</span> <span class='ocrx_word' id='word_1_614' title='bbox 1674 4513 1768 4566; x_wconf 83' lang='grc' dir='ltr'>τοῦ</span> 
     </span>
    </p>
   </div>
   <div class='ocr_carea' id='block_1_87' title="bbox 205 4592 1771 4670">
    <p class='ocr_par' dir='ltr' id='par_1_87' title="bbox 205 4592 1771 4670">
     <span class='ocr_line' id='line_1_87' title="bbox 205 4592 1771 4670; baseline 0.01 -28"><span class='ocrx_word' id='word_1_615' title='bbox 205 4592 366 4655; x_wconf 68' lang='grc' dir='ltr'>θεοῦ,</span> <span class='ocrx_word' id='word_1_616' title='bbox 399 4593 490 4645; x_wconf 87' lang='grc' dir='ltr'><strong>καί</strong></span> <span class='ocrx_word' id='word_1_617' title='bbox 520 4610 653 4663; x_wconf 84' lang='grc' dir='ltr'>φησι</span> <span class='ocrx_word' id='word_1_618' title='bbox 679 4611 691 4624; x_wconf 81' lang='lat'><strong><em>°</em></strong></span> <span class='ocrx_word' id='word_1_619' title='bbox 746 4595 909 4647; x_wconf 80' lang='grc' dir='ltr'>Ποίαν</span> <span class='ocrx_word' id='word_1_620' title='bbox 941 4595 1169 4668; x_wconf 91' lang='grc' dir='ltr'>δύναμιν</span> <span class='ocrx_word' id='word_1_621' title='bbox 1207 4600 1352 4670; x_wconf 77' lang='grc' dir='ltr'>ἔχειν</span> <span class='ocrx_word' id='word_1_622' title='bbox 1405 4601 1569 4654; x_wconf 80' lang='grc' dir='ltr'>αὑτὸν</span> <span class='ocrx_word' id='word_1_623' title='bbox 1637 4605 1771 4657; x_wconf 85' lang='grc' dir='ltr'>ὑπο-</span> 
     </span>
    </p>
   </div>
   <div class='ocr_carea' id='block_1_88' title="bbox 204 4684 554 4754">
    <p class='ocr_par' dir='ltr' id='par_1_88' title="bbox 204 4684 554 4754">
     <span class='ocr_line' id='line_1_88' title="bbox 204 4684 554 4754; baseline 0.006 -19"><span class='ocrx_word' id='word_1_624' title='bbox 204 4684 517 4754; x_wconf 69' lang='grc' dir='ltr'>λαμϐάνετε</span> <span class='ocrx_word' id='word_1_625' title='bbox 540 4704 554 4749; x_wconf 86' lang='grc'>;</span> 
     </span>
    </p>
   </div>
   <div class='ocr_carea' id='block_1_89' title="bbox 278 4777 1771 4859">
    <p class='ocr_par' dir='ltr' id='par_1_89' title="bbox 278 4777 1771 4859">
     <span class='ocr_line' id='line_1_89' title="bbox 278 4777 1771 4859; baseline 0.011 -30"><span class='ocrx_word' id='word_1_626' title='bbox 278 4777 643 4831; x_wconf 66' lang='grc' dir='ltr'><strong>Σωτέλειαν</strong></span> <span class='ocrx_word' id='word_1_627' title='bbox 667 4780 849 4843; x_wconf 80' lang='grc' dir='ltr'>αὐτὸς</span> <span class='ocrx_word' id='word_1_628' title='bbox 886 4781 1146 4847; x_wconf 84' lang='grc' dir='ltr'>ποιήσει,</span> <span class='ocrx_word' id='word_1_629' title='bbox 1178 4786 1288 4839; x_wconf 83' lang='grc' dir='ltr'>οὐκ</span> <span class='ocrx_word' id='word_1_630' title='bbox 1314 4786 1630 4857; x_wconf 74' lang='grc' dir='ltr'>ἐκδικήσει</span> <span class='ocrx_word' id='word_1_631' title='bbox 1676 4792 1771 4859; x_wconf 75' lang='grc' dir='ltr'><strong>δίς</strong></span> 
     </span>
    </p>
   </div>
   <div class='ocr_carea' id='block_1_90' title="bbox 202 4868 1770 4943">
    <p class='ocr_par' dir='ltr' id='par_1_90' title="bbox 202 4868 1770 4943">
     <span class='ocr_line' id='line_1_90' title="bbox 202 4868 1770 4943; baseline 0.011 -25"><span class='ocrx_word' id='word_1_632' title='bbox 202 4868 301 4918; x_wconf 82' lang='grc' dir='ltr'><strong>ἐπὶ</strong></span> <span class='ocrx_word' id='word_1_633' title='bbox 326 4869 388 4919; x_wconf 86' lang='grc' dir='ltr'><strong>τὸ</strong></span> <span class='ocrx_word' id='word_1_634' title='bbox 413 4868 559 4921; x_wconf 85' lang='grc' dir='ltr'>αὑτό</span> <span class='ocrx_word' id='word_1_635' title='bbox 576 4870 644 4921; x_wconf 86' lang='grc' dir='ltr'><strong>ὲν</strong></span> <span class='ocrx_word' id='word_1_636' title='bbox 663 4871 883 4937; x_wconf 73' lang='grc' dir='ltr'>θλίψει.</span> <span class='ocrx_word' id='word_1_637' title='bbox 910 4871 1224 4943; x_wconf 84' lang='grc' dir='ltr'>Ἐρωτήσας</span> <span class='ocrx_word' id='word_1_638' title='bbox 1245 4876 1428 4941; x_wconf 83' lang='grc' dir='ltr'>αὐτὸς,</span> <span class='ocrx_word' id='word_1_639' title='bbox 1452 4880 1613 4933; x_wconf 80' lang='grc' dir='ltr'>πάλιν</span> <span class='ocrx_word' id='word_1_640' title='bbox 1631 4882 1770 4935; x_wconf 82' lang='grc' dir='ltr'>ἀπο-</span> 
     </span>
    </p>
   </div>
   <div class='ocr_carea' id='block_1_91' title="bbox 204 4959 1769 5038">
    <p class='ocr_par' dir='ltr' id='par_1_91' title="bbox 204 4959 1769 5038">
     <span class='ocr_line' id='line_1_91' title="bbox 204 4959 1769 5038; baseline 0.012 -30"><span class='ocrx_word' id='word_1_641' title='bbox 204 4959 472 5027; x_wconf 63' lang='grc' dir='ltr'>κρίνεται,</span> <span class='ocrx_word' id='word_1_642' title='bbox 503 4962 582 5012; x_wconf 76' lang='grc' dir='ltr'>ὅτι</span> <span class='ocrx_word' id='word_1_643' title='bbox 613 4961 865 5024; x_wconf 70' lang='grc' dir='ltr'>Τοιοῦτός</span> <span class='ocrx_word' id='word_1_644' title='bbox 899 4965 1015 5016; x_wconf 75' lang='grc' dir='ltr'>ἐστι</span> <span class='ocrx_word' id='word_1_645' title='bbox 1044 4965 1141 5035; x_wconf 83' lang='grc' dir='ltr'><strong>τὴν</strong></span> <span class='ocrx_word' id='word_1_646' title='bbox 1174 4967 1769 5038; x_wconf 81' lang='grc' dir='ltr'>δύναμινόΘεδς,ὦστε</span> 
     </span>
    </p>
   </div>
   <div class='ocr_carea' id='block_1_92' title="bbox 201 5050 1763 5127">
    <p class='ocr_par' dir='ltr' id='par_1_92' title="bbox 201 5050 1763 5127">
     <span class='ocr_line' id='line_1_92' title="bbox 201 5050 1763 5127; baseline 0.013 -29"><span class='ocrx_word' id='word_1_647' title='bbox 201 5050 437 5117; x_wconf 66' lang='grc' dir='ltr'>ότηνίκα</span> <span class='ocrx_word' id='word_1_648' title='bbox 464 5053 879 5121; x_wconf 82' lang='grc' dir='ltr'>τιμωρήσασθαί</span> <span class='ocrx_word' id='word_1_649' title='bbox 908 5071 1027 5107; x_wconf 88' lang='grc' dir='ltr'>τινα</span> <span class='ocrx_word' id='word_1_650' title='bbox 1070 5056 1232 5122; x_wconf 80' lang='grc' dir='ltr'>ἀξίως</span> <span class='ocrx_word' id='word_1_651' title='bbox 1275 5059 1543 5127; x_wconf 85' lang='grc' dir='ltr'>βούλεται,</span> <span class='ocrx_word' id='word_1_652' title='bbox 1572 5080 1763 5118; x_wconf 84' lang='grc' dir='ltr'>συντε-</span> 
     </span>
    </p>
   </div>
   <div class='ocr_carea' id='block_1_93' title="bbox 207 5140 1766 5217">
    <p class='ocr_par' dir='ltr' id='par_1_93' title="bbox 207 5140 1766 5217">
     <span class='ocr_line' id='line_1_93' title="bbox 207 5140 1766 5217; baseline 0.012 -29"><span class='ocrx_word' id='word_1_653' title='bbox 207 5141 291 5190; x_wconf 66' lang='grc' dir='ltr'><strong>λεῖ</strong></span> <span class='ocrx_word' id='word_1_654' title='bbox 339 5140 501 5191; x_wconf 78' lang='grc' dir='ltr'>αὑτὸν</span> <span class='ocrx_word' id='word_1_655' title='bbox 531 5141 739 5209; x_wconf 81' lang='grc' dir='ltr'>ἀθρόως</span> <span class='ocrx_word' id='word_1_656' title='bbox 770 5144 857 5197; x_wconf 74' lang='grc' dir='ltr'>διὰ</span> <span class='ocrx_word' id='word_1_657' title='bbox 895 5147 1023 5212; x_wconf 77' lang='grc' dir='ltr'>μιᾶς</span> <span class='ocrx_word' id='word_1_658' title='bbox 1076 5147 1313 5217; x_wconf 83' lang='grc' dir='ltr'>πληγῆς,</span> <span class='ocrx_word' id='word_1_659' title='bbox 1347 5151 1438 5203; x_wconf 73' lang='grc' dir='ltr'>καὶ</span> <span class='ocrx_word' id='word_1_660' title='bbox 1496 5153 1555 5205; x_wconf 83' lang='grc' dir='ltr'><strong>ού</strong></span> <span class='ocrx_word' id='word_1_661' title='bbox 1593 5155 1766 5207; x_wconf 85' lang='grc' dir='ltr'>δεῖται</span> 
     </span>
    </p>
   </div>
   <div class='ocr_carea' id='block_1_94' title="bbox 197 5231 1761 5310">
    <p class='ocr_par' dir='ltr' id='par_1_94' title="bbox 197 5231 1761 5310">
     <span class='ocr_line' id='line_1_94' title="bbox 197 5231 1761 5310; baseline 0.012 -29"><span class='ocrx_word' id='word_1_662' title='bbox 197 5231 458 5299; x_wconf 78' lang='grc' dir='ltr'>δευτέρας</span> <span class='ocrx_word' id='word_1_663' title='bbox 510 5234 873 5301; x_wconf 79' lang='grc' dir='ltr'>ἐκδικήσεως·</span> <span class='ocrx_word' id='word_1_664' title='bbox 929 5238 1045 5301; x_wconf 84' lang='grc' dir='ltr'><strong>πῶς</strong></span> <span class='ocrx_word' id='word_1_665' title='bbox 1100 5240 1205 5310; x_wconf 84' lang='grc' dir='ltr'><strong>γὰρ</strong></span> <span class='ocrx_word' id='word_1_666' title='bbox 1283 5242 1429 5307; x_wconf 77' lang='grc' dir='ltr'>ἅπαξ</span> <span class='ocrx_word' id='word_1_667' title='bbox 1491 5246 1761 5299; x_wconf 84' lang='grc' dir='ltr'>συντελῶν</span> 
     </span>
    </p>
   </div>
   <div class='ocr_carea' id='block_1_95' title="bbox 197 5321 1764 5403">
    <p class='ocr_par' dir='ltr' id='par_1_95' title="bbox 197 5321 1764 5403">
     <span class='ocr_line' id='line_1_95' title="bbox 197 5321 1764 5403; baseline 0.011 -32"><span class='ocrx_word' id='word_1_668' title='bbox 197 5321 398 5383; x_wconf 55' lang='grc' dir='ltr'>αὺτόνς</span> <span class='ocrx_word' id='word_1_669' title='bbox 452 5323 607 5384; x_wconf 79' lang='grc' dir='ltr'>Τινὲς</span> <span class='ocrx_word' id='word_1_670' title='bbox 636 5324 691 5376; x_wconf 83' lang='grc' dir='ltr'>δὲ</span> <span class='ocrx_word' id='word_1_671' title='bbox 715 5324 887 5388; x_wconf 78' lang='grc' dir='ltr'>οὓτως</span> <span class='ocrx_word' id='word_1_672' title='bbox 934 5328 1247 5395; x_wconf 79' lang='grc' dir='ltr'>ἀνέγνωσαν</span> <span class='ocrx_word' id='word_1_673' title='bbox 1282 5346 1295 5360; x_wconf 73' lang='grc' dir='ltr'><strong>ο</strong></span> <span class='ocrx_word' id='word_1_674' title='bbox 1337 5330 1402 5383; x_wconf 83' lang='lat' dir='ltr'><strong>TI</strong></span> <span class='ocrx_word' id='word_1_675' title='bbox 1456 5335 1764 5403; x_wconf 72' lang='grc' dir='ltr'>λογίζεσθε</span> 
     </span>
    </p>
   </div>
   <div class='ocr_carea' id='block_1_96' title="bbox 271 5480 781 5545">
    <p class='ocr_par' dir='ltr' id='par_1_96' title="bbox 271 5480 781 5545">
     <span class='ocr_line' id='line_1_96' title="bbox 271 5480 781 5545; baseline 0.004 -11"><span class='ocrx_word' id='word_1_676' title='bbox 271 5481 313 5510; x_wconf 80' lang='grc'><strong>⁸⁷</strong></span> <span class='ocrx_word' id='word_1_677' title='bbox 340 5480 480 5535; x_wconf 87' lang='lat' dir='ltr'><strong>Psal.</strong></span> <span class='ocrx_word' id='word_1_678' title='bbox 514 5496 696 5545; x_wconf 76' lang='lat' dir='ltr'><strong>xxxix,</strong></span> <span class='ocrx_word' id='word_1_679' title='bbox 734 5484 781 5536; x_wconf 87' lang='lat' dir='ltr'><strong>l.</strong></span> 
     </span>
    </p>
   </div>
   <div class='ocr_carea' id='block_1_97' title="bbox 1946 4517 3434 4591">
    <p class='ocr_par' dir='ltr' id='par_1_97' title="bbox 1946 4517 3434 4591">
     <span class='ocr_line' id='line_1_97' title="bbox 1946 4517 3434 4591; baseline 0.005 -20"><span class='ocrx_word' id='word_1_680' title='bbox 1946 4517 2107 4571; x_wconf 70' lang='lat' dir='ltr'><strong>Vsus.</strong></span> <span class='ocrx_word' id='word_1_681' title='bbox 2136 4519 2188 4573; x_wconf 90' lang='lat'><strong>9.</strong></span> <span class='ocrx_word' id='word_1_682' title='bbox 2218 4520 2359 4585; x_wconf 83' lang='lat' dir='ltr'><strong>Quid</strong></span> <span class='ocrx_word' id='word_1_683' title='bbox 2393 4522 2640 4591; x_wconf 81' lang='lat' dir='ltr'><strong>cogitatis</strong></span> <span class='ocrx_word' id='word_1_684' title='bbox 2694 4524 2942 4577; x_wconf 77' lang='lat' dir='ltr'><strong>adversus</strong></span> <span class='ocrx_word' id='word_1_685' title='bbox 2988 4526 3306 4579; x_wconf 71' lang='lat' dir='ltr'><strong>Dominum?</strong></span> <span class='ocrx_word' id='word_1_686' title='bbox 3360 4526 3434 4579; x_wconf 87' lang='lat' dir='ltr'><strong>De</strong></span> 
     </span>
    </p>
   </div>
   <div class='ocr_carea' id='block_1_98' title="bbox 1879 4610 3441 4686">
    <p class='ocr_par' dir='ltr' id='par_1_98' title="bbox 1879 4610 3441 4686">
     <span class='ocr_line' id='line_1_98' title="bbox 1879 4610 3441 4686; baseline 0.005 -23"><span class='ocrx_word' id='word_1_687' title='bbox 1879 4610 1985 4663; x_wconf 89' lang='lat' dir='ltr'><strong>Deo</strong></span> <span class='ocrx_word' id='word_1_688' title='bbox 2012 4610 2312 4679; x_wconf 88' lang='lat' dir='ltr'><strong>interrogat</strong></span> <span class='ocrx_word' id='word_1_689' title='bbox 2336 4613 2481 4666; x_wconf 88' lang='lat' dir='ltr'><strong>hunc</strong></span> <span class='ocrx_word' id='word_1_690' title='bbox 2514 4615 2581 4668; x_wconf 85' lang='lat' dir='ltr'><strong>ad</strong></span> <span class='ocrx_word' id='word_1_691' title='bbox 2622 4616 2841 4669; x_wconf 89' lang='lat' dir='ltr'><strong>modum</strong></span> <span class='ocrx_word' id='word_1_692' title='bbox 2867 4634 2879 4669; x_wconf 91' lang='lat'>:</span> <span class='ocrx_word' id='word_1_693' title='bbox 2902 4616 3123 4681; x_wconf 82' lang='lat' dir='ltr'><strong>Qualem</strong></span> <span class='ocrx_word' id='word_1_694' title='bbox 3150 4619 3325 4686; x_wconf 89' lang='lat' dir='ltr'><strong>ipsum</strong></span> <span class='ocrx_word' id='word_1_695' title='bbox 3346 4619 3441 4671; x_wconf 86' lang='lat' dir='ltr'><strong>ba-</strong></span> 
     </span>
    </p>
   </div>
   <div class='ocr_carea' id='block_1_99' title="bbox 1874 4701 2698 4769">
    <p class='ocr_par' dir='ltr' id='par_1_99' title="bbox 1874 4701 2698 4769">
     <span class='ocr_line' id='line_1_99' title="bbox 1874 4701 2698 4769; baseline 0.005 -15"><span class='ocrx_word' id='word_1_696' title='bbox 1874 4701 2000 4754; x_wconf 88' lang='lat' dir='ltr'><strong>bere</strong></span> <span class='ocrx_word' id='word_1_697' title='bbox 2026 4704 2318 4769; x_wconf 87' lang='lat' dir='ltr'><strong>potentiam</strong></span> <span class='ocrx_word' id='word_1_698' title='bbox 2342 4705 2698 4760; x_wconf 79' lang='lat' dir='ltr'><strong>existimatis?</strong></span> 
     </span>
    </p>
   </div>
   <div class='ocr_carea' id='block_1_100' title="bbox 1944 4792 3445 4865">
    <p class='ocr_par' dir='ltr' id='par_1_100' title="bbox 1944 4792 3445 4865">
     <span class='ocr_line' id='line_1_100' title="bbox 1944 4792 3445 4865; baseline 0.004 -20"><span class='ocrx_word' id='word_1_699' title='bbox 1944 4792 2457 4849; x_wconf 84' lang='lat' dir='ltr'><strong>Consummationem</strong></span> <span class='ocrx_word' id='word_1_700' title='bbox 2488 4799 2595 4862; x_wconf 82' lang='lat' dir='ltr'><strong>ipse</strong></span> <span class='ocrx_word' id='word_1_701' title='bbox 2619 4798 2800 4865; x_wconf 80' lang='lat' dir='ltr'><strong>faciet,</strong></span> <span class='ocrx_word' id='word_1_702' title='bbox 2831 4815 2932 4851; x_wconf 89' lang='lat' dir='ltr'><strong>non</strong></span> <span class='ocrx_word' id='word_1_703' title='bbox 2960 4799 3039 4851; x_wconf 77' lang='lat' dir='ltr'><strong>bis</strong></span> <span class='ocrx_word' id='word_1_704' title='bbox 3060 4798 3308 4852; x_wconf 79' lang='lat' dir='ltr'><strong>ultionem</strong></span> <span class='ocrx_word' id='word_1_705' title='bbox 3356 4816 3445 4852; x_wconf 86' lang='lat' dir='ltr'><strong>su-</strong></span> 
     </span>
    </p>
   </div>
   <div class='ocr_carea' id='block_1_101' title="bbox 1875 4884 3438 4957">
    <p class='ocr_par' dir='ltr' id='par_1_101' title="bbox 1875 4884 3438 4957">
     <span class='ocr_line' id='line_1_101' title="bbox 1875 4884 3438 4957; baseline 0.003 -22"><span class='ocrx_word' id='word_1_706' title='bbox 1875 4894 1975 4935; x_wconf 87' lang='lat' dir='ltr'><strong>met</strong></span> <span class='ocrx_word' id='word_1_707' title='bbox 1992 4884 2057 4936; x_wconf 86' lang='lat' dir='ltr'><strong>de</strong></span> <span class='ocrx_word' id='word_1_708' title='bbox 2077 4885 2257 4937; x_wconf 84' lang='lat' dir='ltr'><strong>eadem</strong></span> <span class='ocrx_word' id='word_1_709' title='bbox 2306 4902 2361 4939; x_wconf 87' lang='lat' dir='ltr'><strong>re</strong></span> <span class='ocrx_word' id='word_1_710' title='bbox 2390 4888 2445 4939; x_wconf 91' lang='lat' dir='ltr'><strong>in</strong></span> <span class='ocrx_word' id='word_1_711' title='bbox 2475 4888 2835 4941; x_wconf 84' lang='lat' dir='ltr'><strong>tribulatione.</strong></span> <span class='ocrx_word' id='word_1_712' title='bbox 2853 4888 2987 4941; x_wconf 91' lang='lat' dir='ltr'><strong>Cum</strong></span> <span class='ocrx_word' id='word_1_713' title='bbox 3026 4889 3438 4957; x_wconf 69' lang='lat' dir='ltr'><strong>interrogasset,</strong></span> 
     </span>
    </p>
   </div>
   <div class='ocr_carea' id='block_1_102' title="bbox 1878 4975 3437 5048">
    <p class='ocr_par' dir='ltr' id='par_1_102' title="bbox 1878 4975 3437 5048">
     <span class='ocr_line' id='line_1_102' title="bbox 1878 4975 3437 5048; baseline 0.002 -21"><span class='ocrx_word' id='word_1_714' title='bbox 1878 4976 1998 5043; x_wconf 88' lang='lat' dir='ltr'><strong>ipse</strong></span> <span class='ocrx_word' id='word_1_715' title='bbox 2031 4975 2132 5028; x_wconf 92' lang='lat' dir='ltr'><strong>sibi</strong></span> <span class='ocrx_word' id='word_1_716' title='bbox 2164 4978 2479 5043; x_wconf 88' lang='lat' dir='ltr'><strong>respondet.</strong></span> <span class='ocrx_word' id='word_1_717' title='bbox 2512 4975 2659 5031; x_wconf 80' lang='lat' dir='ltr'><strong>Talis</strong></span> <span class='ocrx_word' id='word_1_718' title='bbox 2681 4988 2785 5039; x_wconf 85' lang='lat' dir='ltr'><strong>est.</strong></span> <span class='ocrx_word' id='word_1_719' title='bbox 2831 4979 3026 5048; x_wconf 89' lang='lat' dir='ltr'><strong>inquit,</strong></span> <span class='ocrx_word' id='word_1_720' title='bbox 3051 4980 3289 5048; x_wconf 82' lang='lat' dir='ltr'><strong>potentia</strong></span> <span class='ocrx_word' id='word_1_721' title='bbox 3324 4980 3437 5042; x_wconf 81' lang='lat' dir='ltr'><strong>Dei,</strong></span> 
     </span>
    </p>
   </div>
   <div class='ocr_carea' id='block_1_103' title="bbox 1871 5066 3438 5138">
    <p class='ocr_par' dir='ltr' id='par_1_103' title="bbox 1871 5066 3438 5138">
     <span class='ocr_line' id='line_1_103' title="bbox 1871 5066 3438 5138; baseline 0.004 -21"><span class='ocrx_word' id='word_1_722' title='bbox 1871 5076 1929 5118; x_wconf 88' lang='lat' dir='ltr'><strong>ut</strong></span> <span class='ocrx_word' id='word_1_723' title='bbox 1972 5067 2015 5117; x_wconf 91' lang='lat' dir='ltr'><strong>si</strong></span> <span class='ocrx_word' id='word_1_724' title='bbox 2044 5066 2279 5133; x_wconf 85' lang='lat' dir='ltr'><strong>aliquem</strong></span> <span class='ocrx_word' id='word_1_725' title='bbox 2320 5068 2512 5135; x_wconf 88' lang='lat' dir='ltr'><strong>punire</strong></span> <span class='ocrx_word' id='word_1_726' title='bbox 2531 5082 2631 5136; x_wconf 89' lang='lat' dir='ltr'><strong>pro</strong></span> <span class='ocrx_word' id='word_1_727' title='bbox 2682 5070 2892 5125; x_wconf 90' lang='lat' dir='ltr'><strong>meritis</strong></span> <span class='ocrx_word' id='word_1_728' title='bbox 2929 5071 3081 5134; x_wconf 74' lang='lat' dir='ltr'><strong>velit,</strong></span> <span class='ocrx_word' id='word_1_729' title='bbox 3127 5071 3228 5123; x_wconf 81' lang='lat' dir='ltr'><strong>hoc</strong></span> <span class='ocrx_word' id='word_1_730' title='bbox 3263 5073 3438 5138; x_wconf 87' lang='lat' dir='ltr'><strong>ipsum</strong></span> 
     </span>
    </p>
   </div>
   <div class='ocr_carea' id='block_1_104' title="bbox 1869 5158 3438 5230">
    <p class='ocr_par' dir='ltr' id='par_1_104' title="bbox 1869 5158 3438 5230">
     <span class='ocr_line' id='line_1_104' title="bbox 1869 5158 3438 5230; baseline 0.003 -20"><span class='ocrx_word' id='word_1_731' title='bbox 1869 5159 2029 5210; x_wconf 89' lang='lat' dir='ltr'><strong>simul</strong></span> <span class='ocrx_word' id='word_1_732' title='bbox 2067 5158 2340 5211; x_wconf 89' lang='lat' dir='ltr'><strong>cumulate</strong></span> <span class='ocrx_word' id='word_1_733' title='bbox 2366 5174 2471 5211; x_wconf 84' lang='lat' dir='ltr'><strong>una</strong></span> <span class='ocrx_word' id='word_1_734' title='bbox 2506 5162 2659 5228; x_wconf 79' lang='lat' dir='ltr'><strong>plaga</strong></span> <span class='ocrx_word' id='word_1_735' title='bbox 2683 5161 2951 5230; x_wconf 84' lang='lat' dir='ltr'><strong>perficiat,</strong></span> <span class='ocrx_word' id='word_1_736' title='bbox 2985 5177 3085 5216; x_wconf 87' lang='lat' dir='ltr'><strong>nec</strong></span> <span class='ocrx_word' id='word_1_737' title='bbox 3116 5163 3283 5215; x_wconf 88' lang='lat' dir='ltr'><strong>altera</strong></span> <span class='ocrx_word' id='word_1_738' title='bbox 3319 5165 3438 5215; x_wconf 84' lang='lat' dir='ltr'><strong>vin-</strong></span> 
     </span>
    </p>
   </div>
   <div class='ocr_carea' id='block_1_105' title="bbox 1867 5247 3435 5321">
    <p class='ocr_par' dir='ltr' id='par_1_105' title="bbox 1867 5247 3435 5321">
     <span class='ocr_line' id='line_1_105' title="bbox 1867 5247 3435 5321; baseline 0.004 -22"><span class='ocrx_word' id='word_1_739' title='bbox 1867 5248 2008 5300; x_wconf 85' lang='lat' dir='ltr'><strong>dicta</strong></span> <span class='ocrx_word' id='word_1_740' title='bbox 2044 5262 2180 5315; x_wconf 88' lang='lat' dir='ltr'><strong>opus</strong></span> <span class='ocrx_word' id='word_1_741' title='bbox 2224 5247 2438 5309; x_wconf 83' lang='lat' dir='ltr'><strong>habeat,</strong></span> <span class='ocrx_word' id='word_1_742' title='bbox 2468 5250 2634 5303; x_wconf 89' lang='lat' dir='ltr'><strong>semel</strong></span> <span class='ocrx_word' id='word_1_743' title='bbox 2657 5250 3039 5318; x_wconf 82' lang='lat' dir='ltr'><strong>quadantenus</strong></span> <span class='ocrx_word' id='word_1_744' title='bbox 3090 5252 3269 5321; x_wconf 89' lang='lat' dir='ltr'><strong>ipsum</strong></span> <span class='ocrx_word' id='word_1_745' title='bbox 3305 5267 3435 5305; x_wconf 87' lang='lat' dir='ltr'><strong>cou-</strong></span> 
     </span>
    </p>
   </div>
   <div class='ocr_carea' id='block_1_106' title="bbox 1868 5336 3433 5408">
    <p class='ocr_par' dir='ltr' id='par_1_106' title="bbox 1868 5336 3433 5408">
     <span class='ocr_line' id='line_1_106' title="bbox 1868 5336 3433 5408; baseline 0.003 -18"><span class='ocrx_word' id='word_1_746' title='bbox 1868 5337 2072 5391; x_wconf 83' lang='lat' dir='ltr'><strong>ﬁciens.</strong></span> <span class='ocrx_word' id='word_1_747' title='bbox 2095 5336 2327 5401; x_wconf 88' lang='lat' dir='ltr'><strong>Quidam</strong></span> <span class='ocrx_word' id='word_1_748' title='bbox 2380 5339 2459 5393; x_wconf 84' lang='lat' dir='ltr'><strong>sic</strong></span> <span class='ocrx_word' id='word_1_749' title='bbox 2496 5340 2774 5408; x_wconf 91' lang='lat' dir='ltr'><strong>legerunt:</strong></span> <span class='ocrx_word' id='word_1_750' title='bbox 2827 5340 2966 5404; x_wconf 87' lang='lat' dir='ltr'><strong>Quid</strong></span> <span class='ocrx_word' id='word_1_751' title='bbox 3019 5344 3433 5403; x_wconf 80' lang='lat' dir='ltr'><strong>ratiocinamini,</strong></span> 
     </span>
    </p>
   </div>
   <div class='ocr_carea' id='block_1_107' title="bbox 861 5482 2254 5560">
    <p class='ocr_par' dir='ltr' id='par_1_107' title="bbox 861 5482 2254 5560">
     <span class='ocr_line' id='line_1_107' title="bbox 861 5482 2254 5560; baseline 0.01 -26"><span class='ocrx_word' id='word_1_752' title='bbox 861 5485 905 5516; x_wconf 78' lang='grc'><strong>⁸⁸</strong></span> <span class='ocrx_word' id='word_1_753' title='bbox 932 5482 1062 5539; x_wconf 92' lang='lat' dir='ltr'><strong>Ibid.</strong></span> <span class='ocrx_word' id='word_1_754' title='bbox 1106 5487 1157 5539; x_wconf 80' lang='grc'>3.</span> <span class='ocrx_word' id='word_1_755' title='bbox 1238 5487 1458 5545; x_wconf 78' lang='lat' dir='ltr'><strong>&quot;Joan.</strong></span> <span class='ocrx_word' id='word_1_756' title='bbox 1491 5507 1604 5556; x_wconf 84' lang='lat' dir='ltr'><strong>vm,</strong></span> <span class='ocrx_word' id='word_1_757' title='bbox 1640 5494 1727 5547; x_wconf 73' lang='lat'><strong>12.</strong></span> <span class='ocrx_word' id='word_1_758' title='bbox 1803 5493 1847 5524; x_wconf 78' lang='lat'><strong>&quot;</strong></span> <span class='ocrx_word' id='word_1_759' title='bbox 1875 5492 2030 5548; x_wconf 84' lang='lat' dir='ltr'><strong>Joan.</strong></span> <span class='ocrx_word' id='word_1_760' title='bbox 2065 5510 2159 5560; x_wconf 88' lang='lat' dir='ltr'><strong>xu,</strong></span> <span class='ocrx_word' id='word_1_761' title='bbox 2187 5496 2254 5550; x_wconf 76' lang='lat'><strong>35</strong></span> 
     </span>
    </p>
   </div>
   <div class='ocr_carea' id='block_1_108' title="bbox 1395 5607 2224 5674">
    <p class='ocr_par' dir='ltr' id='par_1_108' title="bbox 1395 5607 2224 5674">
     <span class='ocr_line' id='line_1_108' title="bbox 1395 5607 2224 5674; baseline 0.008 -8"><span class='ocrx_word' id='word_1_762' title='bbox 1395 5607 1592 5669; x_wconf 62' lang='lat' dir='ltr'><strong>Variis</strong></span> <span class='ocrx_word' id='word_1_763' title='bbox 1617 5611 1922 5672; x_wconf 86' lang='lat' dir='ltr'><strong>lectiones</strong></span> <span class='ocrx_word' id='word_1_764' title='bbox 1945 5618 2005 5671; x_wconf 91' lang='lat' dir='ltr'><strong>et</strong></span> <span class='ocrx_word' id='word_1_765' title='bbox 2034 5618 2224 5674; x_wconf 69' lang='lat' dir='ltr'><strong>note).</strong></span> 
     </span>
    </p>
   </div>
   <div class='ocr_carea' id='block_1_109' title="bbox 266 5696 1740 5775">
    <p class='ocr_par' dir='ltr' id='par_1_109' title="bbox 266 5696 1740 5775">
     <span class='ocr_line' id='line_1_109' title="bbox 266 5696 1740 5775; baseline 0.012 -29"><span class='ocrx_word' id='word_1_766' title='bbox 266 5696 377 5761; x_wconf 70' lang='grc'><strong>(84)</strong></span> <span class='ocrx_word' id='word_1_767' title='bbox 401 5696 558 5752; x_wconf 86' lang='lat' dir='ltr'><strong>Deest</strong></span> <span class='ocrx_word' id='word_1_768' title='bbox 586 5702 634 5751; x_wconf 88' lang='lat' dir='ltr'><strong>in</strong></span> <span class='ocrx_word' id='word_1_769' title='bbox 660 5711 887 5775; x_wconf 61' lang='lat' dir='ltr'><strong>utroque</strong></span> <span class='ocrx_word' id='word_1_770' title='bbox 906 5703 1037 5758; x_wconf 75' lang='lat' dir='ltr'><strong>Cod.</strong></span> <span class='ocrx_word' id='word_1_771' title='bbox 1060 5705 1243 5759; x_wconf 56' lang='lat' dir='ltr'><strong>Grteea</strong></span> <span class='ocrx_word' id='word_1_772' title='bbox 1262 5723 1382 5769; x_wconf 83' lang='lat' dir='ltr'><strong>vox,</strong></span> <span class='ocrx_word' id='word_1_773' title='bbox 1402 5724 1521 5775; x_wconf 73' lang='lat' dir='ltr'><strong>quae</strong></span> <span class='ocrx_word' id='word_1_774' title='bbox 1541 5709 1740 5764; x_wconf 74' lang='lat' dir='ltr'><strong>Latino:</strong></span> 
     </span>
    </p>
   </div>
   <div class='ocr_carea' id='block_1_110' title="bbox 199 5772 1749 5846">
    <p class='ocr_par' dir='ltr' id='par_1_110' title="bbox 199 5772 1749 5846">
     <span class='ocr_line' id='line_1_110' title="bbox 199 5772 1749 5846; baseline 0.009 -26"><span class='ocrx_word' id='word_1_775' title='bbox 199 5778 539 5830; x_wconf 61' lang='grc' dir='ltr'>(καιταιδιος,</span> <span class='ocrx_word' id='word_1_776' title='bbox 562 5772 900 5839; x_wconf 70' lang='lat' dir='ltr'><strong>respondeat,</strong></span> <span class='ocrx_word' id='word_1_777' title='bbox 926 5791 1045 5843; x_wconf 75' lang='lat' dir='ltr'><strong>quae</strong></span> <span class='ocrx_word' id='word_1_778' title='bbox 1075 5791 1204 5830; x_wconf 86' lang='lat' dir='ltr'><strong>sane</strong></span> <span class='ocrx_word' id='word_1_779' title='bbox 1229 5772 1489 5845; x_wconf 70' lang='lat' dir='ltr'><strong>postulari</strong></span> <span class='ocrx_word' id='word_1_780' title='bbox 1518 5780 1749 5846; x_wconf 84' lang='lat' dir='ltr'><strong>videtur,</strong></span> 
     </span>
    </p>
   </div>
   <div class='ocr_carea' id='block_1_111' title="bbox 1849 5710 3417 5789">
    <p class='ocr_par' dir='ltr' id='par_1_111' title="bbox 1849 5710 3417 5789">
     <span class='ocr_line' id='line_1_111' title="bbox 1849 5710 3417 5789; baseline 0.002 -26"><span class='ocrx_word' id='word_1_781' title='bbox 1849 5710 1953 5789; x_wconf 81' lang='lat' dir='ltr'><strong>nisi</strong></span> <span class='ocrx_word' id='word_1_782' title='bbox 2009 5710 2143 5767; x_wconf 83' lang='lat' dir='ltr'><strong>forte</strong></span> <span class='ocrx_word' id='word_1_783' title='bbox 2176 5713 2236 5765; x_wconf 74' lang='grc' dir='ltr'><strong>τὸ</strong></span> <span class='ocrx_word' id='word_1_784' title='bbox 2286 5713 2643 5769; x_wconf 82' lang='grc' dir='ltr'>συνεθανάτου</span> <span class='ocrx_word' id='word_1_785' title='bbox 2681 5727 2867 5783; x_wconf 73' lang='lat' dir='ltr'><strong>regere</strong></span> <span class='ocrx_word' id='word_1_786' title='bbox 2928 5720 3143 5781; x_wconf 83' lang='lat' dir='ltr'><strong>putetur</strong></span> <span class='ocrx_word' id='word_1_787' title='bbox 3187 5712 3247 5766; x_wconf 86' lang='grc' dir='ltr'>τδ</span> <span class='ocrx_word' id='word_1_788' title='bbox 3296 5729 3417 5781; x_wconf 69' lang='lat' dir='ltr'><strong>von-</strong></span> 
     </span>
    </p>
   </div>
   <div class='ocr_carea' id='block_1_112' title="bbox 1858 5797 1967 5831">
    <p class='ocr_par' dir='ltr' id='par_1_112' title="bbox 1858 5797 1967 5831">
     <span class='ocr_line' id='line_1_112' title="bbox 1858 5797 1967 5831; baseline 0 0"><span class='ocrx_word' id='word_1_789' title='bbox 1858 5797 1967 5831; x_wconf 77' lang='grc' dir='ltr'>τον.</span> 
     </span>
    </p>
   </div>
  </div>
