4210 6436
246 373 357 434 989

1040 376 1442 434 EXPOSl'l'lO
1483 375 1560 434 IN
1604 376 2060 437 ΡΗΟΙἨΕΤΛΜ
2108 378 2348 437 ΝᾹΗΜ.
2385 401 2448 410 -
2491 377 2646 435 CAP.
2694 378 2746 436 I.

3395 378 3497 440 991)

249 481 536 542 πέποιθας
557 481 647 531 ἐπ’
669 479 846 544 αὐτῷ,
873 480 956 532 ὅτι
969 483 1218 548 ῥύσεται
1243 485 1345 535 τὸν
1368 484 1605 550 Ἰσραὴλ
1622 485 1686 534 ἐκ
1705 501 1826 552 χει·
1857 494 1903 548 Α
1933 487 2065 538 ciam
2095 490 2146 539 in
2173 489 2343 554 ipsum
2367 485 2606 539 colloces.
2637 484 2744 538 Nat

1933 487 2065 538 ciant
2095 490 2146 539 in
2173 489 2343 554 ipsum
2367 485 2606 539 colloces.
2637 484 2777 538 Nam
2817 502 2918 538 non
2951 485 3135 552 eripiet
3157 483 3407 538 Israeiem
3435 501 3497 537 ea:

245 570 358 635 ρός
381 584 522 636 μου,
567 569 673 619 Καὶ
713 570 741 619 ὁ
771 567 1182 638 ὑποστράτηγος
1213 570 1270 622 δὲ
1295 571 1484 623 τούτου
1518 570 1821 640 Ῥαψάκης,

249 659 640 728 τοιουτότροπα
693 658 1108 729 ἐϐλασφήμησε.
1133 660 1349 730 Ταύτην
1379 661 1544 714 αὑτοῦ
1563 663 1659 731 τὴν
1692 663 1824 715 ἀλα-

251 752 466 814 ζονείαν
503 753 820 814 ὑποδεικνὺς
845 755 874 805 ὁ
904 753 1059 816 Θεὸς,
1081 754 1167 807 διὰ
1196 755 1288 806 τοῦ
1314 755 1596 826 προφήτου
1629 756 1818 823 φησίν·

263 843 698 911 Ἐπισκέψομαι
722 843 820 897 ἐπὶ
843 845 949 898 τὸν
961 844 1113 898 γοῦν
1141 845 1248 899 τὸν
1270 846 1464 916 μέγ-αν
1517 849 1622 900 τὸν
1647 849 1826 910 βασι·

249 936 363 987 .téa
393 933 509 987 τῶν
545 935 893 1004 Ἀσσιφίων.
926 937 1034 988 Καὶ
1060 932 1126 989 αὖ
1160 937 1429 990 διδάσκων
1457 938 1734 1002 citima-ct
1761 940 1822 990 οὐ

249 1027 317 1092 τῇ
348 1025 524 1093 οἰκείᾳ
556 1024 781 1094 δυνάμει
812 1025 1170 1096 κατώρθωσεν
1203 1026 1238 1080 ἃ
1272 1028 1658 1097 κατώρθωσεν,
1684 1029 1822 1081 ἀλλὰ

251 1115 322 1166 Bs
340 1115 387 1166 ,ὖ
414 1117 777 1186 συγχωρήσει,
798 1115 893 1183 Μὴ
916 1116 1381 1184 δοξασθήσεται,
1406 1119 1588 1189 φησὶν,
1615 1120 1820 1186 ἀξίνη.

253 1211 404 1260 (ir-ev
448 1208 554 1260 τοῦ
625 1209 954 1274 κόπτοντος
1010 1209 1081 1262 ἐν
1136 1209 1389 1277 αὑτῇγῆ
1438 1211 1825 1278 ὑψωθήσεται

251 1301 458 1362 πρίων,
479 1298 625 1351 ἄνευ
642 1298 748 1350 τοῦ
769 1298 1056 1364 ἕλκοντος
1075 1301 1260 1353 αὐτόν
1272 1316 1294 1365 ;
1329 1301 1637 1372 Ἐχερσώθη
1665 1303 1760 1356 καὶ
1788 1305 1819 1373 ἡ

252 1390 296 1438 Κ
308 1390 616 1451 υίιιοκτὸνος
643 1389 960 1458 Συναγωγὴ,
991 1390 1096 1450 ἕως
1109 1389 1217 1442 τῶν
1247 1390 1531 1458 θεμελίων,
1551 1392 1820 1455 τουτέστι,

248 1480 361 1531 τῶν
394 1480 616 1542 θυσιῶν,
643 1481 738 1533 καὶ
762 1482 864 1550 τῆς
900 1479 1134 1551 νομικῆς
1195 1483 1375 1551 πάσης
1404 1480 1660 1548 λατρείας
1687 1497 1701 1512 ·
1728 1482 1821 1533 ἐπὶ

251 1571 458 1622 τούτων
491 1571 597 1640 γὰρ
648 1572 821 1624 έδὸκει
869 1571 1180 1641 βεϐηκέναι.
1218 1574 1283 1625 Οί
1347 1573 1702 1642 περιάγοντες
1762 1570 1821 1622 δὲ

249 1661 350 1730 τὴν
395 1662 670 1714 θάλασσαν
723 1665 817 1715 καὶ
854 1662 1044 1733 ξηρὰν,
1075 1663 1214 1716 ὥστε
1247 1663 1468 1732 ποιῆσαι
1523 1664 1618 1717 ἕνα
1642 1679 1818 1733 προσ-

253 1755 466 1822 ήλυτον,
501 1750 618 1808 εἶτα
650 1756 928 1819 ποιοῦντες
955 1756 1118 1809 αὐτὸν
1161 1756 1278 1809 υἱὸν
1323 1757 1567 1824 γεέννης.
1621 1754 1821 1824 σμίλαξ

1930 596 2084 630 manu
2121 595 2233 631 mea
2259 579 2298 607 '“
2327 578 2460 646 (87).
2491 577 2663 646 llujus
2682 578 2842 632 etiam
2882 578 2988 631 dux
3019 587 3071 630 et
3097 578 3502 645 subimperator

1926 667 2261 738 Ritapsaces,
2337 669 2461 720 talia
2517 674 2774 738 pleraque
2853 667 3267 734 blaSphemavit.
3349 665 3499 716 ll.mc

1928 763 2108 830 itaque
2140 761 2260 828 ejus
2291 761 2656 828 arrOgautiam
2704 761 3124 812 subiimustraus
3193 760 3359 818 Dens,
3395 772 3492 825 per

1929 852 2246 920 prophetam
2340 851 2520 919 inquit
2581 867 2595 902 :
2653 851 2886 904 Visitabo
2947 866 3104 915 super
3184 850 3498 902 intellectum

1929 959 2205 1011 magnum,
2235 959 2416 1010 nempe
2437 958 2607 1011 regem
2635 945 2974 1010 Assyriorum
3032 943 3096 993 τ’.
3147 942 3222 992 Ac
3281 955 3496 992 rursum

1925 1036 2126 1089 docens
2153 1036 2352 1102 ipsum,
2395 1035 2537 1102 quod
2593 1049 2700 1087 nun
2748 1035 2966 1101 propria
3003 1034 3208 1085 virtute
3267 1030 3497 1098 gesserit

1924 1143 2045 1198 qua:
2073 1128 2265 1194 gessit,
2293 1126 2386 1181 sed
2415 1125 2507 1179 Dei
2543 1127 2812 1195 permissu
2846 1143 2858 1176 :
2889 1122 2968 1175 Ne
2999 1122 3324 1191 gloriﬁcatur
3361 1119 3496 1188 (88),

1927 1221 2372 1291 inquit,securis,
2411 1219 2545 1271 citra
2611 1219 2881 1284 ferientem
2934 1231 3025 1282 per
3064 1217 3254 1280 ipsam.
3309 1211 3500 1265 Nonne

1921 1313 2246 1367 excitabitur
2290 1311 2436 1364 ascia
2468 1310 2584 1363 sine
2635 1309 2872 1362 trahente
2900 1311 3070 1377 ipsam
3095 1306 3178 1358 "‘t
3209 1304 3393 1357 Diruta
3417 1313 3500 1359 est

1922 1404 2110 1465 etiam,
2132 1401 2418 1454 Dominum
2441 1399 2696 1454 occidens
2716 1397 3020 1468 Synagoga,
3041 1398 3105 1450 ad
3123 1412 3294 1465 usque
3308 1394 3500 1447 funda-

1925 1505 2109 1549 menta
2144 1534 2160 1558 ,
2189 1495 2240 1548 id
2273 1501 2378 1554 est,
2414 1506 2590 1560 usque
2614 1493 2679 1543 ad
2732 1490 2999 1544 saeritit-ia
3027 1497 3080 1542 et
3105 1503 3322 1542 omnem
3351 1487 3498 1555 lega-

1923 1585 2027 1638 lem
2048 1586 2255 1651 cultum
2290 1585 2372 1638 vel
2407 1582 2813 1636 observantiam
2843 1600 2857 1635 :
2887 1583 2939 1635 in
2996 1581 3084 1635 bis
3145 1580 3290 1632 enim
3349 1579 3498 1632 vide—

1922 1676 2121 1730 bantur
2191 1676 2493 1730 ambulare.
2549 1675 2712 1743 Atqui
2784 1674 3186 1726 circumeuntes
3242 1683 3390 1722 mare
3444 1675 3499 1721 et

1922 1766 2128 1820 aridam
2163 1778 2220 1821 ut
2245 1782 2412 1820 unum
2477 1767 2713 1836 aliquem
2770 1764 3105 1834 proselytum
3167 1761 3392 1823 faciant,
3431 1774 3496 1813 ac

250 1839 394 1912 ἦσαν
423 1845 886 1915 περιπλεκομένη,
936 1847 1034 1899 καὶ
1093 1845 1500 1913 καταπνίγουσα
1550 1846 1678 1907 τοὺς
1729 1846 1819 1896 ὑπ’
1853 1836 1893 1890 Β
1925 1859 2500 1927 Ροειθδίρευηιηηηηι
2553 1857 2746 1927 “ehem

1925 1867 2108 1927 postea
2131 1859 2308 1927 ipsum
2334 1859 2500 1912 lilium
2553 1857 2816 1927 gehenute
2841 1854 3270 1913 constituentes,
3302 1850 3498 1905 smilnx

253 1936 424 2006 αὐτῆς
455 1937 854 2008 συλληφθέντας
874 1953 887 1966 ·
914 1940 1007 1990 καὶ
1028 1939 1103 2002 ὡς
1130 1937 1350 2005 καλάμη
1375 1938 1534 2008 ξηρά,
1559 1937 1679 1990 οὐδὲ
1701 1937 1820 1989 est-

249 2026 378 2089 ξατο
406 2027 496 2079 τὸν
543 2027 695 2080 ὑετὸν
717 2028 1047 2092 καταϐάντα,
1078 2029 1197 2082 οὐδὲ
1241 2029 1304 2082 τὸ
1342 2028 1486 2095 ὕδωρ
1528 2029 1821 2097 ἁλλόμενον

248 2121 330 2180 ετς
352 2117 498 2188 ζωὴν
525 2120 758 2173 αἰώνιον.
783 2118 1122 2187 Ἐλογίσαντο
1141 2119 1198 2172 δὲ
1219 2120 1358 2173 κατά
1377 2119 1469 2172 τοῦ
1492 2119 1694 2189 Κυρίου
1723 2119 1823 2185 τῆς

248 2211 409 2280 δεέξης
462 2211 674 2279 πονηρᾶ
735 2212 830 2264 καὶ
861 2213 1081 2265 ἐναντία
1113 2206 1193 2276 οἷς
1235 2213 1368 2281 παρ’
1427 2212 1592 2264 αὐτοῦ
1643 2213 1809 2284 εὐηρο

248 2303 500 2366 γέτηντο,
526 2301 834 2355 θανατῶσαι
867 2303 1067 2373 δηλαδὴ
1111 2303 1296 2356 αὐτόν.
1331 2303 1432 2354 Διὰ
1458 2301 1615 2354 τούτο
1672 2301 1814 2372 βρω-

251 2394 509 2464 θησονται
539 2394 642 2447 ὐπὸ
673 2410 730 2447 τε
763 2395 854 2447 τοῦ
898 2395 1066 2463 πυρὸς
1095 2394 1203 2447 τῶν
1243 2393 1547 2464 Ῥωμαίων,
1582 2399 1674 2446 καὶ
1707 2393 1802 2447 τοῦ

249 2487 563 2539 τελευταίου
590 2485 686 2541 καὶ
703 2486 1120 2550 διαιωνίζοντος.
1147 2487 1377 2556 Σμίλακι
1399 2487 1608 2539 ἐοίκασι
1634 2488 1730 2539 καὶ
1762 2488 1811 2540 οἱ

250 2575 347 2644 τὴν
377 2576 597 2645 ἀγάπην
632 2575 1065 2645 ὑποκρινόμενοι,
1095 2576 1188 2627 καὶ
1215 2576 1669 2644 περιπλεκόμενοι
1708 2576 1807 2643 μὲν

247 2665 342 2716 διὰ
365 2669 463 2734 τῆς
489 2666 851 2734 χρηστότητος
880 2665 1004 2727 τοὺς
1033 2665 1257 2734 πλησίον
1302 2682 1316 2697 ο
1352 2665 1419 2718 τά
1447 2666 1503 2718 δὲ
1535 2668 1669 2736 προς
1714 2669 1818 2718 ἀπο

249 2755 454 2807 ώλειαν
510 2755 691 2809 αὐτῶν
745 2755 1141 2824 βουλευόμενοι.
1193 2757 1288 2808 Ἐκ
1314 2756 1514 2808 τούτων
1540 2757 1817 2825 ἐξέρχεται

245 2847 503 2916 λογισμὸς
563 2846 702 2898 κατὰ
743 2845 834 2899 τοῦ
890 2849 1092 2916 Κυρίου
1143 2849 1376 2916 πονηρὸς
1417 2847 1510 2898 καὶ
1554 2848 1815 2911 ἐναντίος.

246 2940 423 3000 Εὐθὺς
452 2941 559 3009 γὰρ
586 2944 613 2992 ό
643 2940 866 3010 Κύριος,
898 2942 1050 2994 αὐτοὶ
1099 2941 1154 2994 δὲ
1190 2941 1394 2994 σκολιοί
1421 2957 1436 2972 ο
1468 2942 1563 2993 καὶ
1607 2943 1807 3012 ἀγάπη

242 3032 275 3084 ὁ
341 3031 576 3100 Κύριος,
642 3032 795 3084 αὐτοὶ
852 3032 909 3084 δὲ
960 3034 1177 3101 ἀγάπης
1239 3033 1443 3104 ἐχθροί.
1519 3033 1679 3085 Ἀλλὰ
1723 3033 1816 3086 καὶ

1923 1948 2145 2003 fuerunt
2175 1963 2437 2017 expansa,
2477 1948 2752 2003 sullocans
2786 1947 2890 2002 sub
2939 1961 2998 2001 se
3045 1943 3494 2012 comprehensos,

1921 2052 1985 2092 ac
2021 2039 2184 2093 veluti
2214 2039 2367 2093 arida
2401 2038 2623 2107 stipula,
2659 2052 2835 2106 neque
2877 2043 3240 2104 susceperunt
3267 2031 3496 2085 desern-

1921 2125 2137 2182 dentem
2170 2128 2432 2194 pluviam,
2466 2142 2644 2196 neque
2675 2139 2872 2195 aquam
2917 2125 3198 2178 salientem
3236 2121 3291 2174 in
3333 2120 3496 2173 vitam

1930 2226 2210 2272 :eternam.
2290 2216 2682 2286 Cogitaverunt
2759 2226 2937 2268 autem
2971 2221 3159 2266 contra
3196 2209 3487 2263 Dominum

1931 2323 2096 2378 prava
2122 2315 2175 2361 et
2199 2307 2449 2373 adversa,
2481 2315 2537 2360 ut
2591 2307 2841 2360 videlicet
2905 2320 3003 2374 pro
3066 2302 3342 2355 beneﬁciis
3372 2313 3494 2368 quae

1932 2411 2275 2470 acceperant,
2311 2402 2489 2470 ipsum
2529 2401 2643 2455 neci
2672 2400 2887 2453 darent.
2919 2398 3047 2450 Eam
3074 2397 3144 2448 ob
3175 2411 3285 2448 rem
3313 2409 3497 2448 come-

1919 2495 2120 2547 dentur
2156 2494 2225 2546 ab
2257 2493 2382 2562 igne
2419 2490 2814 2552 Romanorum,
2849 2496 3194 2557 etpostremo
3221 2493 3272 2539 et
3303 2501 3495 2554 perpe-

1922 2593 2015 2640 tuo
2038 2585 2326 2640 duratura.
2359 2584 2578 2640 Smilaci
2630 2594 2887 2652 praeterea
2938 2580 3364 2649 aequiparantur,
3401 2576 3496 2646 qui

1917 2680 2242 2732 charitatem
2275 2678 2620 2739 simulantes,
2653 2685 2708 2730 et
2738 2673 3163 2743 complectentes
3200 2685 3294 2738 per
3331 2669 3493 2722 blan-

1918 2770 2082 2824 ditias
2119 2768 2449 2837 proxiunum,
2491 2767 2647 2835 221
2685 2780 2750 2818 ac
2793 2763 3014 2818 interim
3044 2776 3164 2831 quae
3211 2759 3277 2813 ad
3311 2758 3493 2826 perni-

1917 2860 2052 2912 ciem
2076 2873 2262 2912 oornm
2291 2856 2489 2911 faciant
2521 2855 2843 2909 meditantes
2865 2852 3321 2919 consulentesque
3367 2866 3381 2902 :
3426 2862 3493 2902 cx

1919 2948 2001 3003 bis
2024 2950 2298 3016 egreditur
2320 2947 2667 3002 ratiocinatio
2696 2957 2888 3000 contra
2924 2942 3212 2995 Dominum
3250 2955 3413 3009 prava
3441 2948 3495 2994 et

1918 3044 2212 3097 COntraria.
2235 3041 2438 3096 Rectus
2466 3043 2611 3095 enim
2637 3040 2919 3104 Dominus,
2951 3039 3054 3106 ipsi
3085 3052 3213 3090 vero
3236 3035 3454 3089 distorti
3477 3054 3491 3088 :

246 3123 284 3188 ἠ
315 3121 616 3187 πλεονεξία,
661 3122 880 3191 σμίλαξ,
933 3125 1150 3175 πάντων
1207 3125 1660 3195 ὲπιδραττομένη,
1716 3125 1812 3178 καί⁵
1837 3170 1878 3225 C
1916 3151 1978 3188 ac
2007 3138 2265 3190 “ominus
2291 3137 2529 3189 Charitas
2566 3145 2649 3187 ρει
2681 3134 2746 3197 τι,

1917 3151 1978 3188 ac
2007 3138 2265 3190 Dominus
2291 3137 2529 3189 charitas
2566 3145 2649 3187 est
2681 3134 2746 3197 ⁷⁸,
2780 3133 2883 3203 ipsi
2921 3148 3047 3186 vero
3087 3130 3369 3184 charitatis
3395 3129 3496 3180 lio-

244 3210 568 3282 λογιζομένη
636 3213 776 3265 κατά
811 3212 904 3264 τοῦ
961 3213 1163 3282 Κυρίου
1219 3214 1433 3282 πονηρά
1475 3215 1594 3282 μὲν,
1637 3215 1716 3266 ὅτι
1747 3214 1807 3265 ού

247 3306 556 3371 προνοεῖται
586 3305 694 3356 τών
723 3307 849 3375 τῇδε
869 3322 883 3336 ·
922 3307 1094 3368 οὐδεὶς
1125 3307 1232 3376 γὰρ
1266 3305 1618 3374 πλεονέκτης,
1675 3305 1811 3374 πρό-

246 3413 398 3446 νοιαν
424 3392 562 3448 εἶναι
616 3397 830 3467 άληθῶς
868 3397 1135 3464 πιστεύει,
1163 3400 1212 3450 εί
1272 3400 1365 3450 καὶ
1421 3396 1812 3466 σχηματίζεται

243 3484 405 3536 τούτο
425 3502 437 3514 ·
470 3487 684 3538 ἐναντία
705 3487 779 3550 δὲ,
812 3487 946 3539 διότι
976 3490 1003 3540 ὁ
1040 3488 1139 3555 μὲν
1169 3487 1378 3549 δίκαιος
1417 3486 1809 3539 καὶδικαιοσύ-

243 3590 345 3634 νας
401 3576 702 3646 ἠγάπησεν·
729 3579 756 3628 ὁ
783 3576 838 3628 δὲ
862 3576 1210 3644 πλεονέκτης,
1243 3577 1446 3642 ἄδικος,
1482 3578 1576 3629 καὶ
1602 3578 1813 3640 ἀδικίας

243 3664 495 3730 ἀγαπῶν.
519 3664 866 3734 Βρωθησεται
904 3667 1078 3720 τοίνυν
1100 3669 1132 3738 ὴ
1156 3668 1376 3736 τοιαύτη
1425 3668 1621 3735 σμίλαξ
1676 3668 1815 3736 αὑτὴ

243 3755 337 3822 ὑφ’
357 3757 579 3828 ἑαυτῆς
612 3756 765 3822 οὗτος
793 3761 901 3830 γάρ
925 3762 952 3812 ὁ
985 3761 1330 3830 πλεονέκτης,
1359 3761 1450 3813 ὑπ’
1480 3761 1688 3813 ἐκείνου
1722 3761 1813 3814 τοῦ

243 3846 774 3922 πλεονεκτικωτέρου
813 3851 1283 3904 καταναλίσκεται.

1913 3234 2046 3280 stes.
2075 3223 2442 3278 Fraudulenta
2463 3232 2517 3277 et
2538 3223 2736 3291 injuste
2757 3221 3006 3289 deceptio
3040 3219 3165 3272 item
3195 3218 3387 3272 smilax
3411 3222 3497 3269 est

1919 3326 2116 3368 cuncta
2139 3315 2570 3383 apprehendens.
2607 3314 2852 3380 cogitans
2910 3310 3175 3364 adversus
3210 3308 3495 3361 Dominum

1913 3421 2100 3476 prava,
2135 3420 2297 3474 prava
2330 3416 2385 3459 et
2423 3405 2697 3459 contraria
2732 3403 2950 3473 quidem
3007 3401 3160 3470 quasi
3199 3400 3344 3453 nulla
3395 3413 3496 3452 no-

1914 3508 2148 3550 strarum
2174 3498 2277 3550 hoc
2304 3498 2358 3549 in
2383 3496 2587 3549 mundo
2614 3509 2793 3550 rerum
2821 3509 2950 3548 cura
2985 3501 3235 3561 tangatur
3268 3506 3280 3541 :
3317 3505 3492 3557 neque

1919 3588 2066 3642 enim
2136 3588 2308 3640 fraudi
2357 3587 2614 3656 turpique
2671 3587 2904 3656 qumstui
2957 3584 3184 3636 nimium
3247 3581 3493 3642 inhians,

1918 3675 2072 3745 plura
2103 3690 2319 3743 semper
2341 3676 2622 3745 possidere
2657 3675 2949 3734 meditans,
2997 3688 3122 3724 vere
3159 3669 3334 3725 credit
3359 3685 3484 3723 esse

1919 3761 2309 3832 providentiam
2358 3778 2374 3828 ;
2411 3762 2554 3831 quod
2586 3762 2800 3816 etiamsi
2860 3760 3048 3830 tingat,
3102 3757 3378 3812 diversum
3416 3764 3497 3810 ta-

1928 3868 2052 3906 men
2081 3853 2333 3922 operibus
2347 3852 2583 3906 ostendit
2611 3867 2625 3905 :
2649 3851 2922 3906 contraria
2959 3863 3111 3912 vero,
3151 3864 3216 3902 eo
3240 3848 3385 3916 quod
3411 3847 3498 3915 ju-

244 3951 367 3997 stus
397 3945 613 4013 quidem
647 3945 907 4001 Dominus
929 3956 980 4000 et
1005 3945 1270 4014 justitiam
1290 3945 1480 4002 dilexit
1505 3947 1574 4012 ⁷⁵,
1606 3961 1803 4001 avarus
1833 3957 2011 4001 autem
2068 3944 2793 4016 circumscriptor,iniustus
2829 3955 2882 3998 ct
2905 3941 3202 4011 injustitias
3239 3940 3489 4008 diligens.

243 4036 578 4090 Absnmelur
632 4037 795 4106 igitur
839 4038 1053 4092 tandem
1086 4038 1208 4093 talis
1262 4040 1458 4094 smiiax
1488 4041 1604 4109 ipsa
1631 4056 1659 4093 a
1688 4056 1840 4095 sese:
1875 4042 2009 4095 alter
2039 4043 2183 4094 enim
2218 4040 2478 4108 impostor
2511 4039 2579 4092 ab
2613 4039 2785 4091 altero
2812 4035 3237 4089 frandulentiore
3260 4034 3489 4102 capitur.

328 4129 472 4184 Τάδε
499 4128 658 4195 λέγει
681 4131 920 4198 Κύριος,
943 4131 1254 4201 κατάρχων
1279 4132 1516 4188 ὑδάτων
1542 4133 1808 4198 πολλῶν,
1981 4132 2145 4186 Vsus.
2178 4132 2264 4184 12.
2307 4131 2433 4183 ch
2502 4129 2634 4182 dicit
2700 4128 2746 4180 D

1981 4132 2145 4186 Vens.
2178 4132 2264 4184 12.
2307 4131 2433 4183 ch
2502 4129 2634 4182 dicit
2700 4128 2955 4181 Dominus
2999 4128 3262 4194 imperans
3335 4125 3488 4198 aquis

245 4221 346 4274 καὶ
378 4220 564 4286 οὕτως
595 4221 1126 4286 διασταλήσονται.
1188 4223 1398 4276 ’Ύδατα
1450 4223 1640 4286 πολλὰ,
1683 4225 1808 4286 τοὺς
1910 4223 2112 4288 multis,
2166 4231 2216 4275 et
2303 4222 2381 4275 sic
2407 4218 2746 4287 separabants

1917 4223 2112 4288 multis,
2166 4231 2216 4275 et
2303 4222 2381 4275 sic
2407 4218 2813 4287 separabantur.
2850 4217 3036 4286 Aquas
3094 4216 3294 4269 multas
3358 4212 3485 4268 Per-

249 4313 465 4382 ιιέρσας
521 4314 615 4365 καὶ
642 4314 768 4375 τοὺς
793 4363 796 4366 ί
826 4313 1014 4383 Μήδας
1041 4312 1086 4384 [ο
1106 4313 1228 4375 δους
1247 4313 1293 4384 η
1325 4315 1476 4383 φησὶ,
1509 4316 1574 4384 τῇ
1619 4314 1809 4366 Νινευῖ
1909 4329 2000 4368 sas
2039 4320 2092 4367 et
2124 4311 2307 4365 Medos
2331 4311 2585 4380 appellat,
2630 4309 2723 4378 qui

1917 4329 2000 4368 sas
2039 4320 2092 4367 et
2124 4311 2307 4365 Medos
2331 4311 2585 4380 appellat,
2630 4309 2723 4378 qui
2771 4319 2962 4361 contra
3024 4303 3220 4359 Niuevi
3281 4303 3484 4359 bellum

249 4402 808 4474 ἐπιστρατεύσαντας,
864 4397 939 4457 ὧν
995 4407 1025 4456 ὁ
1078 4404 1280 4474 Κύριος
1333 4405 1595 4474 κατῆρχε,
1660 4406 1811 4472 ἄγων
1910 4420 2149 4476 gessere,
2181 4417 2413 4471 quorum
2448 4401 2734 4455 Dominus.

1917 4420 2149 4476 gessere,
2181 4417 2413 4471 quorum
2448 4401 2923 4455 Dominusetiam
2993 4399 3288 4464 imperator
3360 4393 3488 4448 fuit.

248 4494 450 4555 αὐτοὺς
505 4493 593 4545 ἐπ’
637 4493 832 4563 αὐτὴν,
873 4493 1070 4556 οἵτινες
1101 4496 1195 4546 καὶ
1239 4495 1393 4565 παρὰ
1450 4495 1546 4548 τοῦ
1601 4495 1808 4566 Κυρίου
1840 4528 1889 4587 D
1915 4493 2120 4546 ducens
2157 4491 2280 4543 illos
2307 4489 2596 4542 adversum
2627 4504 2745 4544 eam

1917 4493 2120 4546 ducens
2157 4491 2280 4543 illos
2307 4489 2596 4542 adversum
2627 4504 2745 4544 eam
2789 4488 3001 4541 urbem.
3029 4483 3131 4550 Qui
3191 4494 3244 4536 et
3289 4499 3318 4536 a
3384 4484 3488 4536 Do-

243 4584 698 4655 διασταλήσονται
727 4623 743 4649 ,
786 4585 1056 4654 ζτουτέστι
1089 4624 1104 4648 ,
1155 4585 1603 4656 διαταχθήσονται
1636 4625 1651 4650 ,
1717 4589 1810 4640 καὶ

241 4675 783 4746 διαχωρισθησονται,
841 4676 916 4739 ώς
956 4677 1060 4728 ὑπὸ
1104 4677 1410 4746 στρατηγοῦ
1441 4695 1585 4740 τινος
1614 4695 1628 4709 ·
1669 4677 1810 4731 ὥστε

250 4765 402 4819 τόνδε
441 4767 541 4837 μὲν
571 4766 689 4820 τόδε
744 4767 805 4820 τὸ
837 4766 1001 4837 μέρος
1031 4767 1360 4839 πολιορκεῖν,
1391 4769 1481 4820 τον
1551 4770 1609 4822 δὲ
1666 4770 1810 4823 τόδε.

318 4943 429 5000 Καὶ
455 4945 494 5013 ἠ
518 4944 672 5010 ἀκοή
694 4959 810 4998 σου
839 4945 951 4999 οὐκ
985 4944 1508 5010 ἐνακουσθήσεται
1547 4946 1653 5001 ἔτι.
1683 4949 1806 5000 Δια-

245 5038 444 5105 ὂοητος
497 5034 604 5103 γὰρ
663 5034 795 5086 οὖσα
848 5032 1038 5103 πρώην
1113 5034 1206 5087 ἐπὶ
1259 5033 1570 5106 δυναστεία,
1625 5037 1808 5088 οὐκέτι

243 5124 417 5190 ἀκοὴν
467 5126 562 5175 καὶ
614 5123 802 5192 φήμην
867 5121 1122 5191 τοιαύτην
1173 5120 1336 5184 ἕξεις.
1405 5123 1496 5187 Ἥ,
1572 5124 1653 5175 ὅτι
1696 5125 1809 5193 Ούχ

245 5211 613 5265 ὑπακούσουσί
673 5229 789 5275 σου,
836 5211 956 5264 οὐδὲ
994 5210 1344 5264 δουλεύσουσί
1394 5229 1500 5275 σοι,
1539 5216 1587 5266 oi
1615 5215 1806 5284 πρώην

245 5304 610 5368 ὑπακούοντες
671 5306 765 5357 καὶ
811 5300 1152 5367 δουλεύοντές
1231 5321 1331 5358 σοι.
1401 5306 1686 5377 Κατάρχει
1752 5308 1807 5361 δὲ

320 5440 360 5469 ⁷¹
393 5437 430 5490 ll
459 5438 612 5491 Paral
641 5453 812 5501 xxx",
841 5439 900 5502 I;
937 5438 1034 5492 lsa.
1067 5453 1270 5491 xxxv".
1368 5440 1412 5469 ‘”
1436 5439 1537 5494 lsa.
1566 5456 1618 5504 ιι,
1661 5442 1739 5494 l2.

1819 5444 1862 5473 ⁷³
1889 5442 2022 5498 Ibid.
2060 5445 2144 5498 15.

1917 4582 2063 4635 mino
2095 4577 2428 4639 dividentur,
2453 4576 2506 4629 id
2535 4585 2640 4641 est,
2691 4578 2746 4630 in
2792 4574 3039 4629 ordinem
3096 4571 3409 4638 digerentur
3437 4577 3492 4625 et

1920 4670 2343 4740 separabuntur,
2397 4683 2497 4722 ceu
2555 4667 2623 4721 ab
2673 4667 3000 4734 imperatore
3064 4662 3328 4730 quodam,
3430 4669 3489 4712 ut

1922 4767 2067 4818 hunc
2123 4761 2303 4814 locum
2387 4759 2479 4813 illa
2546 4758 2765 4828 quidem
2821 4771 2949 4826 pars
3010 4754 3281 4816 obsideat,
3338 4749 3490 4804 illum

1919 4855 2188 4908 veroista.

1983 4946 2051 5000 Et
2078 4949 2223 5015 fama
2263 4957 2354 5000 tua
2393 4945 2611 5014 posthac
2648 4958 2749 4995 non
2779 4938 3025 4993 audietur
3051 4935 3296 5002 amplius.
3329 4933 3485 4987 Cele-

1916 5035 2034 5091 bris
2062 5039 2208 5091 enim
2235 5048 2391 5090 antea
2422 5036 2696 5090 exsistens
2728 5041 2948 5098 propter
2987 5026 3281 5097 potentiam
3308 5032 3485 5085 tuam,

1914 5144 2021 5182 non
2083 5143 2246 5198 porro
2306 5128 2553 5182 auditum
2615 5137 2667 5179 et
2739 5123 2933 5175 tamam
3007 5119 3170 5172 talem
3241 5115 3488 5169 habebis.

1916 5219 2008 5274 Ve!
2043 5235 2059 5274 :
2097 5220 2210 5274 Non
2272 5222 2500 5272 ulterius
2558 5216 2813 5271 obedient
2861 5222 2916 5266 et
2971 5210 3210 5264 servient
3252 5204 3489 5273 tibi,qui

1915 5320 2072 5365 antea
2102 5311 2424 5366 obedierunt
2452 5320 2505 5365 et
2555 5307 2881 5364 servierunt.
2939 5302 3257 5356 Dominatnr
3305 5306 3485 5350 autem

2223 5444 2270 5474 ”
2299 5443 2458 5498 Joan.
2521 5459 2594 5506 tv,
2627 5443 2681 5495 5.
2756 5442 2800 5473 ⁷³
2837 5439 2981 5495 Psal.
3016 5454 3071 5501 ιι,
3100 5437 3151 5491 8.

1437 5573 1632 5633 Variae
1657 5575 1956 5638 lectiones
1980 5589 2038 5640 et
2070 5588 2257 5641 nota).

320 5695 430 5756 (⁸8)
461 5693 725 5767 Numquid
781 5695 1158 5767 glori/imbitur
1195 5701 1338 5751 ttscttt
1372 5700 1480 5752 sine
1503 5717 1560 5752 eo
1599 5701 1686 5767 qui
1711 5704 1965 5766 percutiat
2005 5707 2055 5757 in
2121 5707 2228 5757 ca."
2277 5713 2367 5755 aut
2429 5702 2749 5755 multabitur
2806 5717 2950 5755 serra
3000 5699 3190 5766 absque
3249 5713 3337 5763 co,
3398 5699 3484 5765 qui

250 5766 415 5831 ipsum
447 5764 615 5817 trahat
642 5767 666 5819 ξ’
700 5765 773 5818 lla
809 5764 992 5820 (Bucca
1011 5779 1224 5823 sonant.
