4210 6436
752 385 854 446 991
1140 386 1143 391 ’
1680 382 2256 445 TI-IEOPIIYLACTI
2297 378 2700 442 BULGA‘RLE
2744 382 3092 443 ARCIIIEP.
3889 376 3997 440 992

752 511 780 546 a
804 507 1017 560 piarum
1050 493 1344 549 multarum
1383 492 1670 556 Dominus,
1705 509 1827 562 qua-
1852 502 1983 548 sunt
2013 495 2314 561 baptisma-

2422 490 2631 545 ὑδάτων
2692 492 2903 545 πολλῶν
2947 496 2992 545 -ὀ
3024 491 3251 562 Κύριος,
3310 492 3416 546 τῶν
3455 491 3550 545 τοῦ
3597 491 3997 562 βαπτίσματος,

752 586 843 642 ris.
874 599 1012 655 quas
1044 583 1124 638 sic
1152 584 1396 653 disponit
1418 593 1471 640 et
1493 584 1687 639 ordine
1729 583 1955 655 digerit,
2009 594 2068 638 ut
2121 574 2324 652 tibique

2430 583 2465 637 ἃ.
2493 585 2588 638 καὶ
2614 575 2787 650 οὕτως
2825 577 3121 640 διαστέλλει
3151 586 3246 640 καὶ
3284 585 3651 651 διατάττεται,
3679 586 3822 639 ὥστε
3854 604 3995 638 πανο

753 678 912 732 sint:
968 675 1159 731 Docete
1210 678 1378 740 enim,
1416 678 1612 745 inquit,
1665 694 1842 732 omnes
1900 673 2094 748 gentes',
2154 677 2325 742 bap'i-

2428 676 2593 746 ταχοῦ
2616 676 2906 731 τελεῖσθαι.
2961 677 3386 745 Μαθητεύσατε
3412 678 3541 748 γὰρ,
3577 676 3731 745 φησὶ,
3799 677 3999 729 πάντα

756 777 931 820 zmttes
961 782 1048 820 eos
1075 769 1152 821 7°:
1186 777 1245 822 ut
1279 769 1350 822 ita
1391 770 1558 823 multa
1621 768 1746 850 sint.
1785 768 2130 838 baptismate,
2188 782 2327 836 quo-

2428 766 2501 820 τὰ
2545 769 2712 834 ἔθνη,
2754 768 3146 834 βαπτίζοντες
3190 769 3414 832 αὐτούς
3440 784 3454 799 ο
3492 767 3633 820 ὥστε
3693 767 3868 819 πολλὰ
3906 765 3999 834 βα-

753 860 1007 913 rumlihet
1043 865 1171 928 puta
1202 869 1256 914 et
1297 861 1633 930 singulorum
1660 858 1967 930 ubicunque
1990 858 2324 929 degentium.

2432 858 2714 930 πτίσματα
2742 859 3005 929 γίνεσθαι,
3033 860 3299 923 τουτέστι,
3336 859 3676 927 βαπτισμοὺς
3706 858 3816 910 τῶν
3866 860 3997 911 ἑκα-

753 949 1033 1017 Siquidem
1068 966 1233 1004 unum
1260 952 1525 1019 baptisma
1592 951 1794 1005 dictum
1824 960 1929 1016 est,
1961 964 2113 1017 teque
2167 959 2331 1019 atque

755 1056 862 1094 una
891 1040 1047 1104 ﬁdes,
1077 1051 1298 1110 prapter
1324 1041 1520 1110 dogma
1553 1055 1746 1109 nempe
1800 1040 1854 1094 in
1903 1040 2099 1102 sacris,
2156 1017 2335 1092 unum‘

755 1131 1032 1187 c'xsistens
1062 1134 1115 1186 in
1147 1132 1294 1186 omni
1319 1131 1587 1195 Ecclesia,
1649 1146 1767 1200 qua:
1822 1129 2091 1199 acceperit
2156 1128 2331 1198 bapti-

765 1238 943 1276 smum
978 1236 1092 1290 per
1149 1222 1550 1276 invocationem
1607 1220 1912 1281 Trinitatis.
1972 1228 2200 1274 mortem
2258 1219 2332 1271 ita

761 1310 973 1364 Domini
995 1318 1049 1364 et
1076 1300 1526 1365 resurrectionem
1581 1310 1951 1379 exprimendo,
2001 1323 2094 1377 per
2134 1309 2331 1360 trinam

759 1400 905 1454 illam
935 1400 1330 1455 demersionem
1364 1408 1419 1455 et
1452 1401 1868 1455 extraetiouem.
1899 1399 1959 1453 Et
1988 1399 2113 1468 quia
2166 1398 2331 1452 semel

758 1493 936 1548 cuivis
1022 1492 1263 1546 ﬁdelium
1317 1492 1503 1546 datum
1566 1503 1670 1552 est,
1726 1492 1909 1545 dicere
1971 1498 2142 1558 queat
2230 1488 2334 1541 ali-

724 1614 730 1631 .
760 1580 1108 1648 quis,'unum
1139 1589 1426 1652 propterea
1455 1582 1586 1642 dici.
1627 1580 1720 1636 Sic
1783 1582 2046 1651 baptismi
2113 1580 2334 1648 quidem

762 1673 916 1728 multi
983 1682 1136 1738 Sunt,
1224 1672 1661 1743 quandoquidem
1723 1683 1779 1728 et
1825 1673 2084 1743 haptizati
2154 1672 2331 1726 multi.

763 1762 912 1816 Alias
927 1776 1079 1830 aqua:
1114 1761 1499 1830 haptismatum
1524 1762 1627 1815 hoc
1655 1764 1817 1815 etiam
1851 1761 2015 1816 modo
2044 1754 2078 1814 ἓ
2103 1760 2333 1815 Domino

761 1854 1257 1921 dissocianturzut
1292 1868 1417 1906 cum
1457 1852 1703 1920 duplices
1758 1867 1856 1907 uos
1907 1852 2103 1916 simus,
2144 1859 2330 1921 utpote

762 1962 828 2000 ex
854 1947 1044 2001 animo
1091 1954 1145 2001 et
1190 1940 1444 2013 corpore,
1481 1945 1728 2015 corporis
1782 1944 2002 2014 quidem
2076 1944 2328 2014 purgalio

671 2024 676 2029 ’
764 2050 860 2104 per
883 2050 1104 2103 aquam,
1127 2035 1295 2088 animi
1347 2048 1476 2089 vero
1525 2050 1621 2104 per
1676 2033 1937 2104 Spiritqu
1993 2035 2330 2104 perﬁciatur.

761 2122 967 2177 Deinde
1021 2122 1090 2177 ad
1136 2121 1391 2177 Satanam
1426 2125 1587 2178 etiam
1633 2125 1735 2178 ista
1771 2124 1913 2179 ﬂecti
1945 2132 2156 2194 queunt
2185 2144 2199 2177 :
2228 2126 2333 2178 Au-

761 2212 914 2265 ditus‘
935 2221 1053 2266 tuus
1084 2228 1187 2266 non
1225 2213 1472 2266 audietur
1516 2213 1743 2281 amplius
1784 2213 1827 2245 "
1869 2228 2018 2268 :non
2048 2214 2193 2268 enim
2224 2229 2335 2268 am-

763 2303 909 2373 plius
937 2318 1094 2358 sacra
1119 2304 1463 2360 daemonibus
1497 2309 1652 2359 liunt.
1689 2306 1872 2374 Aquas
1905 2315 2163 2376 praeterea
2190 2304 2333 2358 mul—

764 2404 850 2461 tas
880 2393 1162 2465 Scriptura
1200 2396 1532 2451 tentationes
1559 2412 1680 2452 esse
1708 2398 1883 2461 novit,
1921 2404 1979 2450 ut
2021 2397 2129 2451 illic
2162 2414 2175 2450 :
2230 2394 2330 2450 γε.

763 2495 1061 2539 rumtamen
1096 2486 1150 2539 in
1181 2487 1377 2540 diluvio
1424 2504 1682 2556 aquarum
1730 2488 2042 2551 multarum,
2097 2490 2165 2541 ad
2218 2504 2332 2541 eum

766 2593 868 2630 non
928 2568 1422 2648 appropinquabant
1452 2579 1520 2632 ".
1577 2579 1869 2635 Inundatio
1898 2579 2043 2634 enim
2076 2579 2332 2634 tentatio-

767 2684 918 2734 num,
941 2670 1155 2724 etiamsi
1181 2670 1362 2723 multa:
1384 2677 1437 2724 et
1462 2670 1580 2725 alia;
1612 2679 1734 2739 post
1758 2671 1894 2724 alias
1920 2669 2056 2733 sint,
2086 2668 2335 2738 proxime

767 2770 946 2814 tamen
970 2768 1215 2815 sanctum
1248 2760 1424 2814 virum
1446 2774 1553 2814 non
1572 2766 1754 2814 erunt.
1788 2759 1969 2829 lnquit
1999 2774 2149 2828 ergo,
2191 2759 2334 2827 quod

768 2851 1159 2907 tentationihus
1181 2852 1343 2920 222
1369 2851 1597 2921 imperet
1655 2850 1938 2907 Dominus.
1976 2850 2185 2907 Etenim
2220 2853 2337 2920 ipse

769 2945 1099 3012 dispensans
1128 2954 1369 2999 nostram
1402 2942 1638 2998 salutem
1674 2951 1732 3000 ct
1790 2943 2191 3013 probationem,
2242 2943 2338 2995 luas

769 3049 933 3102 super
991 3047 1094 3090 nos
1125 3033 1310 3088 induci
1359 3032 1648 3103 permittit.
1673 3031 2137 3103 Disgregaliuntur
2158 3040 2337 3085 autem

2434 950 2631 1019 σταχοῦ
2665 950 2892 1005 πιστῶν.
2954 950 3051 1003 Ἐν
3111 950 3209 1017 μὲν
3258 949 3367 1020 γὰρ
3412 947 3629 1023 εἴρηται
3689 948 3997 1018 βάπτισμα.

2431 1039 2620 1111 ὥσπερ
2649 1041 2744 1094 καὶ
2774 1040 2957 1103 πίστις
2982 1041 3098 1107 μία,
3124 1025 3218 1095 διί
3240 1026 3309 1092 τδ’
3342 1039 3436 1093 ἐπὶ
3465 1042 3531 1110 τῇ
3571 1039 3757 1109 τελετῇ
3800 1039 4000 1107 δηλαδὴ

2432 1130 2628 1201 δόγμα,
2658 1131 2718 1185 ἓν
2738 1131 2797 1185 ’ὃν
2832 1133 2891 1186 ὲν
2923 1131 3075 1203 πάσῃ
3151 1129 3471 1199 Ἐκκλησία,
3505 1132 3571 1200 τῇ
3600 1128 4001 1200 παραλαὸοὑσῃ

2421 1222 2720 1290 ,βαπτίζειν
2749 1226 2814 1293 τῇ
2862 1223 2963 1292 τῆς
3001 1221 3232 1293 Τριάδος
3277 1220 3580 1291 ἐπικλήσει,
3642 1220 3737 1271 καὶ
3790 1219 4003 1273 τυποῦν

2435 1314 2526 1366 τὸν
2556 1312 2649 1366 τοῦ
2668 1314 2876 1383 Κυρίου
2901 1313 3129 1367 θάνατον
3158 1313 3253 1365 καὶ
3277 1311 3376 1369 τὴν
3397 1310 3693 1364 ἀνάστασιν
3711 1312 3777 1379 τῇ
3802 1312 4000 1379 τρισσῇ

2436 1404 2726 1459 καταδύσει
2756 1389 3146 1457 καὶ’ἀναδύσει.
3175 1403 3283 1457 Καὶ
3303 1401 3390 1455 διὰ
3420 1401 3480 1454 τὸ
3503 1399 3791 1471 προσάπαξ
3818 1398 3879 1451 δὲ
3928 1398 4005 1449 δί-

2435 1493 2620 1577 δοσθαι
2658 1493 2765 1547 τῶν
2796 1493 3001 1547 πιστῶν
3028 1493 3244 1577 ἑκάστῳ
3277 1492 3408 1561 φαίη
3444 1492 3509 1544 ἄν
3535 1506 3620 1553 τις
3650 1488 3783 1543 αὐτὸ
3808 1489 3877 1539 ’ἐν
3912 1487 4004 1538 λέ-

2439 1572 2653 1651 γεσθαι.
2681 1584 2746 1637 Oi
2807 1584 2992 1654 μέντοι
3043 1572 3363 1654 βαπτισμοὶ,
3406 1580 3613 1642 πολλοὶ,
3661 1580 3745 1631 ὅτι
3798 1579 3897 1632 καὶ
3953 1578 4004 1630 oi

2441 1670 2826 1742 βαπτιζόμενοι
2866 1672 3068 1725 πολλοί.
3106 1672 3213 1725 Καὶ
3250 1671 3424 1732 ἄλλως
3458 1668 3516 1722 δὲ
3563 1666 3631 1720 τὰ
3669 1666 3839 1720 ὕδατα
3897 1665 4007 1719 τῶν

2442 1761 2841 1832 βαπτισμάτων
2893 1758 3038 1813 οὕτω
3068 1757 3465 1813 διαστέλλονται
3516 1754 3621 1808 ὑπὸ
3652 1753 3744 1807 τοῦ
3771 1754 4006 1823 Κυρίου,

2434 1851 2576 1905 ὥστε
2622 1849 2815 1904 διττῶν
2841 1848 3009 1903 ὄντων
3038 1849 3215 1921 ἡμῶν,
3250 1852 3312 1903 ὲκ
3356 1850 3532 1921 ψυχῆς
3578 1850 3673 1903 καὶ
3720 1850 4001 1919 σώματος,

2433 1943 2532 2014 τὴν
2557 1944 2655 2013 μὲν
2686 1941 2782 1996 τοῦ
2811 1941 3062 2013 σώματος
3090 1943 3377 2013 κάθαρσιν,
3432 1944 3519 1998 διὰ
3548 1943 3641 1998 τοῦ
3697 1942 3895 2007 ὕδατος
3921 1958 4008 1995 τεο

2433 2033 2665 2100 λεϊσθαι,
2712 2032 2781 2087 τὰ
2840 2033 2897 2086 δὲ
2952 2033 3050 2101 τῆς
3096 2032 3297 2103 ψυχῆς,
3352 2033 3442 2087 διά
3500 2032 3597 2087 τοῦ
3665 2032 4005 2103 Πνεύματος.

2437 2121 2571 2180 Εἶτα
2607 2125 2744 2196 πρὸς
2780 2126 2870 2179 τὸν
2898 2125 3178 2179 διάϐολον⁸
3229 2125 3301 2180 Ἡ
3340 2125 3490 2193 ἀκοή
3537 2141 3676 2190 σου,
3743 2126 3857 2179 οὐκ
3914 2124 4007 2176 ἐν·

2442 2215 2888 2281 ακουσϐήσεται
2912 2214 3019 2271 ἔτι.
3054 2215 3249 2269 Οὐκέτι
3276 2216 3382 2286 γὰρ
3400 2217 3454 2269 αἱ
3472 2216 3780 2285 δαιμονικαὶ
3797 2214 4011 2267 τελεταὶ

2438 2305 2745 2359 ἀκούονται.
2776 2304 2985 2357 ’Ύδατα
3011 2305 3201 2369 πολλὰ,
3219 2305 3465 2368 καὶτοὺς
3486 2304 3828 2372 πειρασμοὺς
3856 2298 4000 2356 οἶδεν

2442 2398 2476 2464 ἡ
2538 2394 2750 2465 Γραφὴ,
2782 2394 2857 2457 ὼς
2884 2397 2964 2457 τὸ,
3002 2394 3172 2461 Πλὴν
3203 2396 3272 2448 ἐν
3301 2393 3713 2463 κατακλυσμῷ
3774 2394 4009 2450 ὑδάτων

2440 2486 2707 2547 πολλῶν,
2738 2486 2889 2553 πρὸς
2917 2485 3226 2540 αὺτὸνοῠκ
3253 2485 3580 2555 ἐττιοῦσιν.
3642 2488 3683 2540 0
3709 2488 3819 2557 γάρ
3841 2503 4013 2539 κατα-

2443 2577 2682 2646 κλυσμὸς
2742 2576 2852 2630 τῶν
2878 2576 3226 2646 πειρασμῶν,
3251 2578 3358 2631 κᾶν
3390 2577 3606 2631 πολλὶοὶ
3653 2577 3749 2630 καὶ
3778 2577 4013 2645 ἐπάλλη-

2443 2669 2525 2722 λοι
2550 2662 2706 2733 ὦσιν,
2735 2668 2846 2721 οὐδ’
2881 2668 3049 2736 ἐγγὺς
3075 2666 3168 2721 τοῦ
3211 2668 3360 2723 ὁσίου
3415 2667 3609 2738 ἀνδρὸς
3664 2668 4008 2736 γενήσονται.

2440 2760 2609 2831 Φησὶν
2646 2756 2759 2825 οὖν,
2788 2762 2870 2814 ὅτι
2911 2748 3179 2830 κατάρχει
3224 2759 3323 2829 μὲν
3358 2761 3387 2813 ὁ
3420 2759 3624 2828 Κύριος
3651 2758 3760 2811 τῶν
3819 2774 4013 2827 πειρα-

2447 2852 2619 2920 σμῶν.
2652 2851 2826 2915 Αὐτὸς
2852 2850 2959 2921 γάρ
2987 2850 3290 2920 οἰκονομῶν
3341 2848 3441 2921 τὴν
3500 2849 3776 2920 ἡμετέραν
3840 2865 4012 2917 σωτη-

2451 2944 2593 3011 ρίαν,
2621 2943 2655 3014 ἢ
2684 2943 2933 3013 δοκιμὴν,
2961 2943 3235 3012 συγχωρεῖ
3258 2940 3485 3004 τούτους
3516 2940 3845 3008 ἐπάγεσθαι.
3889 2944 4013 2994 Δια·

2448 3035 2802 3105 σταλῆσονται
2824 3034 2881 3087 δὲ
2913 3027 3078 3099 οὗτοι,
3109 3032 3235 3087 ἀντὶ
3256 3030 3374 3100 τοῦ,
3402 3031 3845 3103 διακοπήσονται,
3865 3034 3961 3085 καὶ
3979 3033 4012 3101 ἡ

769 3124 894 3187 illae,
933 3123 1037 3179 hoc
1063 3133 1149 3180 est
1177 3124 1581 3188 discindentur,
1611 3134 1665 3179 et
1708 3124 2045 3179 continuitas
2093 3124 2332 3193 ipsarum

2461 3127 2710 3196 συνέχεια
2740 3125 2923 3179 αὐτῶν
2950 3124 3231 3194 διαστολὴν
3248 3123 3381 3187 Eiet.
3419 3120 3607 3185 Οὕτως
3636 3122 3753 3175 ἀντὶ
3775 3121 3872 3175 τοῦ
3900 3124 4011 3176 Κυ-

769 3216 1175 3271 distinctionem
1204 3215 1445 3280 habebit,
1480 3213 1643 3286 idque
1694 3215 1880 3269 divino
1932 3215 2185 3279 consilio,
2228 3228 2332 3267 non

2442 3220 2578 3290 ρίου,
2625 3219 2719 3272 καὶ
2777 3218 2878 3271 οὐκ
2931 3215 3300 3286 ἀνθρωπίναις
3358 3213 3622 3277 ἑπινοίαις
3676 3212 3809 3282 (89),
3842 3214 3876 3282 ἢ
3920 3214 4013 3266 καὶ

773 3306 1009 3359 humana
1035 3307 1349 3377 prudentia,
1405 3307 1490 3362 vel
1551 3306 1862 3362 sacriﬁcio:
1921 3306 2042 3377 Ipse
2101 3320 2339 3375 namque

771 3394 918 3463 ferit,
943 3406 991 3449 et
1014 3412 1226 3449 rursum
1256 3407 1434 3451 sanat.
1807 3460 1819 3475 ~

848 3488 1010 3543 Vsus.
1045 3488 1129 3543 15.
1196 3486 1453 3560 Nautaque
1481 3498 1746 3545 conteram
1770 3490 1969 3560 virgam
1998 3489 2112 3558 ejus
2147 3488 2240 3541 abs
2271 3496 2337 3540 te.

771 3579 852 3633 Ad
883 3578 1138 3634 lsraelem
1188 3580 1461 3635 convertit
1519 3596 1829 3637 sermonem
1869 3600 1883 3636 :
1930 3580 2210 3650 Regnum,
2258 3581 2347 3634 in-

772 3674 912 3741 quit,
944 3674 1131 3729 Nincvi
1158 3681 1212 3730 et
1236 3685 1585 3743 potestatem,
1619 3676 1760 3731 hanc
1805 3677 1952 3731 enim
2012 3677 2219 3746 virgam
2251 3690 2348 3729 no-

775 3766 1025 3827 minavit,
1058 3774 1338 3820 conteram
1368 3780 1395 3819 a
1431 3774 1483 3820 te
1508 3783 1525 3833 ;
1547 3767 1630 3821 vel
1662 3766 1882 3837 Virgam
1938 3767 2110 3836 ipsius
2152 3765 2341 3829 Israel,

775 3871 882 3925 qua
902 3856 1228 3927 castigatur,
1255 3864 1536 3913 conteram
1566 3859 1665 3914 abs
1697 3869 1770 3923 te,
1802 3874 1837 3914 ο
1888 3845 2103 3925 Ninevi,
2138 3868 2199 3912 ut
2228 3872 2347 3912 eam

774 3962 940 4016 porro
973 3962 1080 4000 non
1112 3956 1322 4015 teneas,
1371 3964 1481 4019 quo
1551 3964 1647 4019 per
1706 3964 1824 4005 eam
1852 3948 2128 4005 -lsraelem
2183 3949 2349 4003 casti-

775 4052 892 4105 ges.
941 4035 1023 4091 Ad
1082 4036 1376 4092 humanam
1414 4038 1598 4092 itidem
1656 4046 1906 4091 naturam
1944 4037 2123 4091 dicere
2166 4036 2352 4090 Domi-

778 4141 884 4179 nus
924 4124 1137 4194 possit,
1184 4124 1688 4196 Virgam_diaboli,
1748 4134 2031 4195 peceatum
2085 4126 2231 4189 dico,
2294 4128 2350 4179 in

777 4232 888 4285 quo
924 4190 1303 4271 interliciehat:
1329 4190 1447 4280 vos:
1487 4190 1849 4287 confringere.
1888 4216 2158 4272 Stimulus
2207 4216 2352 4269 enim

780 4310 976 4364 mortis
1003 4319 1284 4379 peccatum
1316 4317 1401 4365 est
1434 4310 1501 4363 ".
1530 4310 1824 4366 Couteram
1857 4319 2039 4363 autem
2077 4312 2179 4362 hoc
2243 4309 2342 4363 abs

2443 3312 2722 3374 σπουδαῖς.
2746 3310 2939 3375 Αὐτὸς
2971 3309 3079 3379 γὰρ
3114 3307 3432 3371 πατάσσει,
3459 3306 3557 3360 καί
3586 3305 3770 3360 πάλιν
3800 3304 3980 3362 ἰᾶται.

2512 3492 2621 3547 Kal
2654 3490 2770 3545 νῦν
2789 3489 3099 3557 συντρίψω
3130 3486 3243 3555 τὴν
3268 3486 3493 3554 ῥάϐδον
3515 3486 3701 3541 αὐτοῦ
3738 3487 3859 3541 ἀπὸ
3876 3486 4012 3542 σοῦ.

2444 3580 2587 3651 Πρὸς
2626 3580 2716 3633 τὸν
2750 3577 2968 3649 Ἰσραὴλ
2992 3576 3302 3647 ἀπέστρεψε
3328 3574 3617 3643 τὸνλόγον,
3663 3575 3746 3627 ὅτι
3775 3574 3889 3647 Τὴν
3924 3576 4017 3646 βα-

2449 3671 2654 3724 σιλείαν
2700 3671 2800 3738 τῆς
2855 3665 3055 3722 Νινευῖ
3089 3666 3183 3719 καὶ
3205 3665 3304 3735 τὴν
3353 3664 3600 3729 ἐξουσίαν
3633 3664 3863 3735 (ταύτην
3912 3668 4018 3734 γὰρ

2450 3760 2643 3832 ῥάϐδον
2671 3757 2942 3827 ὠνόμασε)
2971 3755 3243 3824 συντρίψω
3267 3756 3377 3810 ἀπὸ
3411 3757 3529 3812 σοῦ.
3562 3758 3653 3822 Ἦ,
3681 3757 3793 3827 Τὴν
3822 3759 4019 3826 ράδδον

2451 3850 2615 3905 αὐτοῦ
2654 3848 2749 3902 τοῦ
2786 3846 3026 3917 Ἰσραὴλ,
3073 3846 3139 3900 δι’
3168 3842 3235 3917 ἧς
3266 3846 3574 3911 κολάζεται,
3607 3847 4021 3916 καὶξσυντρίψω

2450 3942 2559 3996 ἀπὸ
2592 3940 2685 3993 σοῦ
2714 3939 2813 4010 τῆς
2845 3936 3034 3991 Νινευῖ
3060 3953 3075 3967 '
3110 3936 3250 3991 ὥστε
3308 3937 3505 4009 μηκέτι
3561 3937 3619 3990 σὲ
3677 3939 4019 4007 κατέχουσαν

2451 4033 2678 4103 ταύτην,
2698 4028 2948 4111 κολάζειν
2978 4029 3049 4083 δι’
3087 4029 3256 4100 αὐτῆς
3294 4029 3384 4081 τὸν
3409 4028 3626 4100 Ἰσραήλ
3646 4067 3661 4081 .
3715 4030 3881 4081 Ἀλλά
3924 4030 4015 4082 καὶ

2453 4126 2588 4197 πρὸς
2617 4126 2716 4196 τὴν
2741 4121 3090 4193 ἀνθρωπίνην
3119 4120 3281 4190 φύσιν
3313 4120 3461 4187 λέγοι
3530 4119 3617 4181 ἂν,
3644 4121 3728 4173 ὅτι
3796 4119 4023 4172 Ῥἀδιῦον

2454 4216 2550 4272 τοῦ
2589 4215 2862 4279 διαὸόλου,
2891 4213 2989 4283 τὴν
3024 4212 3316 4284 ἁμαρτίαν,
3366 4213 3423 4263 ὲν
3545 4209 3807 4263 ὲθανάτου
3859 4210 4023 4279 ὑμᾶς,

2467 4306 2752 4377 συντρίψω
2785 4321 2798 4336 ·
2836 4305 3059 4374 κέντρον
3097 4303 3206 4373 γὰρ
3238 4300 3617 4364 τοῦιθανάτου,
3661 4302 3696 4369 ἡ
3754 4302 4023 4370 ἁμαρτία.

782 4409 858 4460 te,
888 4402 991 4455 hoc
1016 4409 1121 4466 est,
1156 4409 1210 4455 te
1235 4400 1490 4465 induens,
1515 4409 1570 4455 et
1596 4416 1696 4471 per
1749 4411 1801 4454 te
1834 4400 2048 4455 luctans
2083 4400 2332 4455 adversm

2460 4397 2739 4469 Συντρίψω
2778 4396 2835 4449 δὲ
2868 4395 3071 4464 ταύτην
3103 4393 3209 4447 ἀπὸ
3262 4391 3379 4458 σοῦ,
3410 4391 3677 4456 τουτέστι,
3710 4391 3771 4443 σὲ
3802 4392 4027 4445 ἔνδυσά-

780 4492 1122 4560 principatus
1197 4500 1257 4545 et
1310 4498 1635 4561 potestates,
1713 4505 1922 4560 easque
1986 4491 2234 4560 spolians
2297 4504 2327 4543 e

2421 4479 2433 4525 ί
2461 4508 2640 4562 μενος,
2680 4488 2776 4542 καὶ.
2800 4486 2930 4558 [διὰ]
2962 4486 3055 4538 σοῦ
3119 4484 3390 4548 παλαίσας
3435 4484 3571 4553 πρὸς
3608 4483 3705 4545 τὰς
3735 4483 3911 4553 ἀρχὰς
3939 4483 4030 4534 καὶ

783 4583 1133 4657 triumphans
1160 4586 1214 4635 in
1246 4595 1431 4636 cruce.
1460 4579 1620 4651 Virga
1650 4596 1784 4636 vero
1810 4580 2012 4636 diaboli
2068 4586 2198 4635 sunt
2239 4588 2332 4634 ten

2450 4585 2549 4648 τὰς
2575 4582 2843 4647 ἔξουσίας,
2884 4582 2980 4634 καὶ
3008 4578 3480 4645 ἀπεκδυσάμενος,
3516 4576 3612 4629 καὶ
3652 4574 4031 4651 θριαμϐεύσας

787 4676 1025 4729 tatioues
1055 4688 1151 4743 per
1178 4687 1318 4742 quas
1347 4672 1622 4728 hominem
1645 4680 1944 4743 permovet,
1973 4680 2031 4725 ut
2084 4671 2331 4726 convicie

2453 4673 2627 4737 αὐτὰς
2697 4674 2755 4725 ὲν
2798 4671 2876 4737 τῷ
2943 4670 3184 4741 σταυρῷ.
3254 4668 3474 4732 Ῥἀδδος
3527 4667 3620 4721 τοῦ
3673 4667 3925 4721 διαϐόλου
3982 4670 4030 4721 oi

787 4775 875 4818 tur
904 4764 1033 4828 Deo,
1066 4764 1288 4833 perinde
1321 4780 1385 4818 ac
1412 4763 1464 4817 in
1492 4762 1630 4818 Jobo
1664 4765 1890 4833 contigit
1920 4782 1933 4817 :
2012 4778 2181 4831 quam
2238 4763 2321 4814 vir

2453 4766 2768 4835 πειρασμοὶ,
2801 4762 2868 4815 δι’
2894 4754 2973 4814 ὧν
2998 4759 3144 4814 παίει
3163 4759 3254 4811 τὸν
3313 4757 3623 4829 ἄνθρωπον,
3652 4758 3741 4812 ἵνα
3789 4757 4033 4827 βλασφηο

788 4871 908 4919 gam
935 4855 1169 4909 conterit
1196 4854 1622 4920 Dominus,cum
1668 4856 1864 4909 docet:
1941 4852 2022 4908 Ne
2047 4855 2329 4908 terreamiu

2458 4858 2625 4929 μὴσῃ,
2688 4854 2764 4916 ὡς
2795 4851 2885 4906 τὸν
2926 4850 3046 4906 Ἰώδ
3074 4867 3088 4882 ο
3121 4852 3188 4922 ἢν
3215 4848 3408 4922 ράὁδον
3440 4848 3716 4921 συντρίϐει
3736 4848 3766 4900 δ
3804 4850 4030 4917 Κύριος,

786 4947 851 5000 ab
877 4948 941 5000 iis
967 4948 1057 5015 qui
1080 4949 1322 5001 occidunt
1349 4963 1556 5016 corpus,
1585 4947 1818 5001 animam
1884 4957 2058 5001 autem
2122 4946 2332 4999 occideri

2446 4928 2712 5003 διδάσκων
2730 4965 2743 4978 υ
2762 4944 2859 5011 Μὴ
2877 4940 3173 5012 φοϐηθῆτε
3197 4942 3317 4996 ἀπὸ
3337 4928 3947 5010 τῶνξάποκτεινὸντων
3972 4940 4034 4991 τὸ

790 5056 890 5091 mm
933 5048 1151 5107 possunt
1188 5039 1233 5071 ⁸⁸
1260 5054 1275 5102 ;
1309 5046 1363 5094 et
1391 5057 1405 5089 :
1440 5039 1513 5098 In.
1534 5041 1790 5106 patientia
1820 5050 1992 5092 vestra
2022 5038 2332 5103 possidebiti

2454 5040 2646 5109 σῶμα,
2673 5037 2788 5104 τὴν
2821 5035 2891 5088 δὲ
2916 5033 3128 5103 ψυχὴν
3142 5034 3227 5102 μὴ
3262 5031 3615 5101 δυναμένων
3636 5030 3992 5085 ἀποκτεῖναι
4018 5046 4030 5057 ⁸

790 5112 1219 5193 auim‘asvestras
1243 5132 1321 5193 ⁹¹;
1347 5137 1441 5185 et:
1494 5130 1627 5185 Cum
1659 5130 2024 5185 maledicentia
2077 5140 2332 5197 peteretur

2453 5135 2571 5203 καὶ,
2600 5133 2707 5187 Ἐν
2751 5132 2824 5199 τῇ
2852 5127 3129 5201 ὑπομονῇ
3148 5125 3335 5194 ὑμῶν,
3358 5124 3667 5190 κτήσασθε
3695 5121 3806 5187 τὰς
3831 5123 4033 5189 ψυχὰς

790 5220 1209 5275 maledicentiam
1261 5238 1362 5276 nou
1397 5224 1609 5292 regessit
1655 5240 1675 5277 :
1732 5222 1856 5276 dum
1888 5232 2171 5291 pateretur,
2229 5222 2332 5274 nilu'

2454 5222 2650 5292 ὑμῶν’
2669 5222 2784 5290 καὶ,
2808 5219 3293 5288 ,λοιδοροῦμεν-ος,
3324 5215 3423 5267 καί
3443 5214 3531 5282 μὴ
3580 5208 4030 5277 ἀντι.ιοιδοΓῶν·

793 5313 1026 5365 minatus
1052 5323 1125 5365 est
1140 5312 1205 5365 ε’.
2314 5330 2322 5337 ·

2468 5312 2845 5381 πάσχων-,καί
2869 5311 2957 5382 μὴ
2988 5306 3273 5366 ἀπειλῶν.

861 5457 909 5487 ⁷⁸
935 5454 1121 5510 Matth.
1148 5456 1336 5516 uiui,
1372 5453 1459 5510 i9.
1558 5455 1600 5487 ⁷⁷
1640 5454 1783 5511 Psal.
1822 5469 1971 5520 xcui,
1996 5454 2048 5508 9.
2160 5454 2206 5486 ⁷⁸
2234 5454 2379 5508 Psal.
2413 5471 2561 5520 xxxv,
2608 5455 2661 5510 6.
2763 5455 2805 5485 "
2838 5452 2964 5508 Cor.
2998 5467 3082 5516 xv,
3119 5449 3173 5506 6.
3284 5449 3328 5482 ⁸⁸
3368 5447 3502 5503 Luc.
3546 5461 3645 5511 xu,
3676 5444 3728 5498 4.
3839 5443 3881 5473 ⁸¹
3906 5441 4028 5496 Luc.

2763 5455 2805 5485 "
2838 5452 2964 5508 Cor.
2998 5467 3082 5516 xv,
3119 5449 3173 5506 6.

792 5543 905 5589 xxi,
944 5526 1026 5581 l9.
1110 5524 1157 5555 ⁸³
1182 5525 1223 5578 ll
1252 5522 1399 5579 Pctr.
1440 5542 1497 5594 ιι,
1530 5525 1617 5580 14.

2160 5454 2206 5486 ⁷⁸
2234 5454 2379 5508 Psal.
2413 5471 2561 5522 xxxv,
2608 5455 2661 5510 6.
2763 5455 2805 5485 "
2838 5452 2964 5508 Cor.
2998 5467 3082 5516 xv,
3119 5449 3173 5506 6.
3284 5449 3328 5482 '°
3368 5447 3502 5503 Luc.
3546 5461 3645 5511 xu,
3676 5444 3728 5498 4.

1984 5643 2185 5704 νοτίδι
2217 5642 2525 5705 lectiones
2561 5645 2622 5702 et
2663 5644 2852 5700 nota}.
2894 5702 2898 5710 ,

870 5765 978 5833 (39)
1034 5764 1176 5817 ’Λντὶ
1233 5763 1323 5815 τοῦ
1381 5764 1466 5817 διὰ
1532 5764 1624 5815 τοῦ
1678 5766 1770 5817 καὶ
1816 5765 2185 5835 ἀνθρωπίναις
2234 5765 2515 5830 ἐπινοίαις,
2549 5764 2682 5817 Coll.
2720 5760 2849 5815 Ven.
