4210 6436
224 429 331 488 9'33

958 428 1357 488 EXPOSI'I‘IO
1399 428 1476 486 ΙΝ
1521 425 1978 485 ΡίἰΟΡΗΕΤΛλΙ
2019 425 2262 487 ΝΛΠΜ.
2299 452 2367 465 -
2399 428 2556 487 CAP.
2591 430 2644 492 Ι.

3373 439 3476 500 ἲξιί

297 542 402 594 hui
458 541 597 605 τοὺς
645 541 903 606 δεσμούς
971 520 1086 592 σου
1117 538 1435 606 διαρῤήξω.
1514 539 1656 608 Πρὸς
1714 537 1873 597 τὸνΛ

1984 534 2047 587 Et
2081 537 2289 589 vincula
2325 547 2415 589 tua
2456 537 2877 604 dirumpam.Ad
2925 539 3180 597 lsraelem
3229 543 3344 599 hanc
3397 548 3474 602 Ιο⁴

233 633 452 702 Ἰσραήλ
486 633 762 699 φτ.σιν,ὄτι
794 627 947 698 Εἷχες
985 632 1081 697 μὲν
1107 627 1203 699 τὴν
1227 628 1545 681 δυναστείαν
1580 629 1671 679 καὶ
1702 629 1798 697 τὴν

219 723 514 792 τυραννίδα
556 722 656 789 τῆς
681 721 890 783 Νινευῒ,
919 717 1029 773 οἷόν
1055 738 1207 783 τινας
1255 721 1487 789 δεσμοὺς
1543 719 1798 787 κατέχον-

221 817 325 875 τας
359 828 440 876 σε,
506 809 646 862 ῶστε
705 809 976 862 δουλεύειν
1035 810 1194 878 αὐτῇ,
1267 809 1361 861 καὶ
1411 806 1577 876 μηδὲν
1635 808 1796 876 ἔργον

219 907 531 976 ἐλευθέριον
559 905 1019 975 διαπράττεσθαι·
1048 903 1253 972 ταύτην
1275 903 1330 956 δὲ
1362 904 1462 973 τὴν
1479 902 1797 956 δυναστείαν

221 998 334 1065 ἐγὼ
375 998 675 1068 δεαρρήξω,
708 997 985 1066 παραδοὺς
1020 995 1188 1066 αὐτὴν
1240 995 1319 1065 τῷ
1356 995 1560 1064 Πέρσῃ.
1619 994 1682 1045 Ει
1741 994 1796 1047 δὲ

219 1092 320 1142 καὶ
380 1091 516 1158 πρὸς
569 1090 666 1159 τὴν
716 1089 902 1142 Νινευῖ
953 1090 982 1140 ὁ
1025 1090 1201 1156 λόγος,
1279 1088 1488 1158 νοήσεις
1543 1087 1794 1154 δεσμοὺς,

218 1182 322 1250 οὺχ
352 1176 432 1242 οἷς
488 1181 772 1250 κατείχετο
795 1221 808 1242 ,
857 1179 970 1233 ἀλλ’
1012 1176 1092 1242 οἷς
1131 1182 1349 1248 κατεῖχε
1385 1179 1605 1247 μᾶλλον,
1631 1178 1700 1230 τά
1730 1194 1790 1229 τε

220 1277 365 1329 ἄλλα
391 1276 542 1346 ἔθνη,
573 1276 666 1328 καὶ
694 1276 783 1326 τὸν
827 1273 1064 1342 Ἰσραήλ.
1095 1269 1325 1335 Μεγὰλα
1351 1270 1523 1340 δεσμά
1581 1270 1675 1320 καὶ
1717 1269 1782 1334 τῇ

219 1365 544 1433 ἀνθρωπίνῃ
598 1363 756 1432 φύσει
791 1365 822 1428 ή
868 1358 1145 1430 παρακοὴ,
1196 1358 1500 1426 κατέχουσα
1525 1354 1692 1421 αὐτὴν
1738 1353 1796 1402 έν

218 1459 288 1524 τῇ
327 1459 436 1525 γῇ·
473 1455 542 1507 δι’
579 1455 750 1524 αὐτὴν
808 1453 916 1522 γὰρ
975 1453 1206 1520 ἢκουσε·
1262 1447 1351 1515 Γῆ
1379 1444 1468 1499 εἷ·
1508 1444 1620 1516 (90)
1679 1443 1794 1496 ἀλλ’

219 1546 414 1614 ἐπειδὴ
442 1546 470 1598 ό
494 1547 744 1614 οὐράνιος
787 1542 998 1613 μορφὴν
1063 1541 1251 1594 δούλου
1307 1537 1514 1601 λαϐὼν,
1551 1535 1794 1604 ὑπήκοος

219 1637 445 1703 ἐγένετο
467 1638 629 1707 μέχρι
663 1636 921 1698 Θανάτου,
954 1631 1208 1704 διέρρηξε
1236 1630 1307 1684 τὰ
1354 1631 1452 1699 τῆς
1507 1626 1796 1696 παρακοῆς

212 1725 418 1794 δεσμὰ,
443 1728 535 1779 καὶ
562 1726 794 1795 ὑψωθεὶς
821 1725 900 1786 εἰς
947 1721 1195 1790 οὐρανὸν,
1217 1721 1426 1781 πάντας
1455 1715 1638 1770 έλκύει
1660 1714 1795 1784 πρὸς

215 1819 320 1872 έαυ
329 1819 441 1873 τόν.

290 2002 399 2056 Καὶ
422 2001 746 2054 ἐντελεῖται
774 1997 906 2066 περὶ
933 1996 1049 2051 σοῦ
1071 1996 1305 2063 Κύριος.
1324 1993 1414 2062 Τῷ
1449 1992 1620 2063 Κύρῳ
1639 1994 1786 2046 ἐντε-

214 2095 394 2145 λεῐται
412 2092 543 2160 περὶ
579 2088 695 2153 σοῦ,
727 2082 772 2141 ὧ
801 2084 1040 2159 Ἰσραὴλ,
1059 2084 1200 2138 ὥστε
1225 2081 1439 2151 ἀφεῖναι
1474 2097 1534 2134 σε
1565 2081 1674 2135 ἀπὸ
1692 2081 1790 2151 τῆς

212 2183 615 2254 αἰχμαλωσίας.
651 2180 769 2243 Πῶς
791 2180 848 2232 δὲ
880 2178 1204 2238 tio-relatus;
1231 2175 1304 2228 Οὐ
1337 2175 1621 2244 προφήτας
1646 2173 1789 2225 στεί-

212 2278 338 2339 λας,
369 2274 505 2327 ἀλλά
554 2275 650 2342 τῆς
683 2271 849 2325 αὐτοῦ
887 2269 1069 2340 ψυχῆς
1099 2267 1346 2340 ἀοράτως
1404 2266 1683 2335 ἁψάμενος
1706 2260 1788 2327 οἷς

212 2363 326 2419 οἶδε
376 2366 630 2437 κρίμασι,
660 2363 837 2416 καίτοι
885 2360 1269 2429 εἰδωλολάτραι»
1341 2357 1493 2418 ὄντος
1539 2356 1632 2408 καὶ
1693 2356 1789 2408 ἀν-

215 2459 392 2523 αξίου.
433 2456 590 2510 Οὕτω
621 2456 712 2507 καὶ
736 2453 813 2524 τῷ
846 2454 1002 2522 κήτει
1032 2449 1336 2504 ἐνετείλατο
1386 2447 1672 2501 καταπιεῖν
1699 2445 1790 2497 τὸν

224 2551 438 2614 ’ἰωνᾶν,
471 2547 565 2603 καὶ
618 2550 685 2618 τῇ
743 2544 1046 2617 κολοκύνϋῃ
1068 2540 1162 2596 τοῦ
1187 2541 1431 2605 σκιάζειν
1488 2539 1670 2603 αὐτὸν,
1696 2537 1789 2591 καὶ

236 2639 320 2711 τῷ
350 2638 591 2707 σκώληκι
620 2636 716 2690 τοῦ
775 2633 1016 2700 πατάξαι
1078 2633 1178 2702 τὴν
1229 2629 1577 2697 κολοκύνθην.
1629 2626 1792 2680 Ἀλλά

213 2733 315 2786 καὶ
351 2730 487 2800 πρὸς
505 2730 602 2797 τὴν
631 2726 818 2782 Νινευτ
847 2727 1020 2795 λέγει,
1057 2725 1139 2778 ὅτι
1162 2723 1299 2792 Περὶ
1319 2721 1442 2776 σοῦ
1470 2718 1792 2774 ἐντελεῖται

214 2823 437 2890 Ιεύριος
464 2819 538 2890 τῷ
588 2819 777 2890 Κύρῳ,
815 2817 956 2873 ὥστε
989 2813 1416 2886 έπιστρατεῦσαί
1463 2829 1562 2867 σοι.
1614 2814 1790 2863 Ἐντε-

216 2911 401 2962 λεῖται
448 2910 543 2961 καὶ
585 2896 712 2977 περὶ
737 2905 836 2976 τῆς
862 2903 1208 2974 ἀνθρωπίνης
1257 2902 1470 2970 φύσεως
1500 2902 1528 2953 ό
1590 2899 1794 2970 Κύριος

213 3003 331 3062 τοῖς
355 2999 612 3067 ἀγγέλοις
643 2995 830 3061 αὑτοῦ,
856 2998 996 3048 ὥστε
1041 2993 1365 3060 διαφυλάξαι
1395 2993 1564 3060 αὐτὴν
1598 2993 1656 3043 ὲν
1691 2991 1794 3044 πά-

216 3108 344 3153 σαις
373 3093 491 3152 ταῖς
519 3090 671 3151 ὁδοῖς.
690 3085 938 3155 Ἐκάστῳ
965 3086 1074 3155 γάρ
1092 3084 1305 3139 καὶτῶν
1329 3087 1385 3137 ὲν
1406 3085 1470 3153 τῇ
1500 3083 1795 3152 Ἐκκλησία

221 3181 440 3251 μικρῶν
470 3180 700 3248 ἅγγελος
722 3177 1054 3248 ἀφώρισται,
1088 3175 1163 3238 ὡς
1192 3174 1493 3244 ἐμάθομεν.
1550 3174 1705 3242 Τάχα
1739 3173 1795 3224 δὲ

217 3273 316 3324 καὶ
346 3273 424 3332 εἰς
454 3272 550 3332 τὰς
575 3268 667 3322 τοῦ
699 3268 952 3336 Σωτῆρος
1006 3264 1358 3326 διδασκαλίας
1389 3263 1501 3333 ἔχει
1540 3262 1638 3332 τὴν
1661 3264 1794 3314 ἀνα-

216 3363 399 3431 φορὰν
439 3363 470 3430 ἡ
508 3360 840 3430 προφητεία.
900 3357 1121 3426 Ἐπειδὴ
1170 3356 1282 3425 γάρ
1306 3356 1404 3426 τὴν
1445 3354 1608 3423 φύσιν
1639 3353 1794 3422 ἡμῶν

219 3451 572 3522 προσλαϐὼν,
641 3449 959 3520 ἐπέρρωσεν
1019 3445 1208 3514 αὐτὴν,
1269 3444 1365 3496 καὶ
1417 3443 1793 3513 δυνατωτέραν

217 3545 539 3616 εἰργάσατο,
571 3541 856 3613 μονονουχὶ
887 3537 1046 3592 τοῦτό
1076 3554 1241 3606 φησιν
1262 3552 1277 3568 ⁶
1310 3537 1377 3588 Αἱ
1439 3535 1538 3604 μὲν
1589 3535 1684 3586 τοῦ
1713 3535 1796 3585 νό-

220 3656 326 3702 μου
360 3635 592 3697 ἐντολαὶ,
633 3634 730 3702 τῆς
768 3631 937 3684 πάλαι
972 3628 1187 3697 φύσεως
1213 3623 1377 3697 ἦσαν,
1442 3627 1540 3694 τῆς
1596 3628 1652 3677 ὲν
1717 3625 1792 3693 τῷ

229 3726 406 3794 Ἀδὰμ
437 3724 766 3792 κατακρίτου
798 3720 888 3773 καὶ
915 3716 1177 3780 ἀσθενοῦς
1201 3735 1215 3750 ο
1253 3718 1379 3788 περὶ
1411 3716 1503 3768 σοῦ
1567 3716 1641 3780 δὲ,
1696 3720 1790 3783 τῆς

216 3818 347 3878 νέας
373 3814 667 3882 γενομένης
699 3813 787 3865 διὰ
821 3810 915 3864 τοῦ
938 3811 1059 3863 νέου
1092 3809 1292 3876 Ἀδὰμ,
1321 3808 1455 3861 ἄλλα
1495 3808 1791 3859 ἐντελεῖται

214 3910 244 3958 ὁ
314 3907 515 3975 Κύριος
554 3903 757 3972 Ἰησοῦς
795 3920 806 3932 ·
849 3903 1090 3971 Ἐρῤἐθη
1122 3899 1248 3967 τοῖς
1311 3900 1581 3968 ἀρχαίοις
1607 3913 1618 3925 ·
1669 3901 1790 3949 Οὐκ

216 3997 609 4063 ἐπιορκήσεις
635 4013 647 4026 ·
673 3994 790 4064 ἐγὼ
826 3993 892 4046 δὲ
932 3994 1085 4060 λέγω
1107 3992 1250 4061 ὑμῖν
1271 3991 1356 4061 μὴ
1373 3991 1584 4059 ὀμόσαι
1614 3989 1786 4053 ὅλως.

218 4107 278 4141 κί’
296 4092 316 4138 ἰ
341 4090 409 4139 ‘ri
439 4085 620 4138 λοιπά.
651 4085 814 4151 Λέγοι
861 4082 990 4136 δ’ἃν
1026 4084 1116 4135 καὶ
1175 4082 1310 4148 πρὸς
1357 4081 1449 4131 τὸν
1497 4081 1555 4132 ὲν
1593 4095 1786 4147 πείρας

223 4180 390 4245 σμοῖς
459 4177 609 4238 ὄντα,
647 4176 729 4228 ὅτι
768 4172 1115 4225 Ἐντελεῖται
1146 4171 1279 4239 περὶ
1304 4169 1418 4223 σοῦ
1471 4168 1596 4233 τοῖς
1618 4170 1789 4237 ἀγγέ-

216 4274 376 4334 λοις,
406 4267 560 4321 ὥστε
587 4266 672 4334 μὴ
711 4265 929 4335 srrer
977 4265 1238 4332 μάστιγα
1307 4261 1385 4326 τῷ
1446 4261 1790 4330 σκηνώματι

219 4375 362 4418 σου.
1243 4367 1258 4380 ⁸

297 4453 382 4506 Ob
417 4450 795 4518 σπαρήσεται
821 4447 889 4512 ἐξ
927 4448 1214 4515 ι’νόματός
1253 4464 1368 4500 σου
1420 4447 1525 4500 ἔτι.
1580 4446 1642 4498 Et
1690 4446 1788 4514 μὲν

1903 626 2108 694 quitur.
2140 626 2387 680 llabuisti
2416 628 2636 696 quidem
2670 629 2961 696 potentiam
3018 641 3072 686 et
3127 635 3474 702 tyrannidem

1900 719 2088 774 Ninevi
2127 722 2301 785 urbis,
2326 723 2488 776 veluti
2519 723 2790 792 quosdam
2841 740 3014 779 nexus
3048 727 3354 782 detinentes
3401 740 3474 795 te,

1901 818 1960 861 ut
1981 813 2218 864 servires
2251 811 2376 878 ipsi,
2402 827 2578 882 neque
2605 813 2901 882 quidquam
2954 816 3120 872 libere
3164 821 3472 889 transigere

1901 915 2135 968 posses:
2184 902 2322 954 hanc
2375 915 2502 972 ergo
2526 905 2849 971 potentiam,
2893 906 2998 960 tale
3049 907 3333 974 imperium
3387 912 3474 965 di-

1902 1005 2177 1059 rnmpam,
2212 991 2437 1045 tradens
2463 992 2640 1060 ipsum
2670 992 2872 1048 Persae.
2913 993 3070 1059 Quod
3110 998 3153 1049 si
3187 999 3251 1049 ad
3281 998 3472 1060 Ninevi

1901 1081 2087 1135 urbem
2138 1083 2250 1137 hac
2288 1084 2452 1137 verba
2503 1082 2655 1142 ﬁant.
2726 1085 2994 1155 intelliges
3046 1087 3288 1150 vincula,
3363 1104 3470 1141 non

1897 1173 2096 1239 quibus
2156 1174 2523 1237 detinebalur,
2577 1176 2670 1229 sed
2712 1176 2855 1229 enim
2920 1178 3120 1246 quibus
3191 1179 3471 1231 detinebat

1899 1264 2081 1331 potius
2145 1265 2283 1318 alias
2343 1274 2553 1332 gentes,
2637 1264 2884 1335 adeoque
2943 1268 3118 1336 ipsum
3194 1269 3472 1325 lsraelem.

1897 1351 2146 1405 Grandes
2176 1352 2344 1406 etiam
2379 1367 2554 1407 nexus
2598 1354 2852 1409 humana:
2911 1366 3119 1409 natura:
3181 1359 3296 1427 ipsa
3352 1361 3472 1413 ino-

1898 1440 2172 1495 bedientia
2198 1441 2392 1510 injicit,
2430 1443 2683 1498 detinens
2720 1445 2892 1513 ipsam
2945 1445 2996 1498 in
3031 1455 3194 1499 terra.
3243 1447 3474 1516 l’ropter

1897 1530 2070 1599 ipsam
2103 1532 2248 1585 enim
2276 1532 2482 1586 audivit
2509 1547 2537 1584 a
2569 1531 2840 1587 Domino:
2903 1533 3068 1587 Terra
3103 1519 3157 1588 es
3182 1537 3247 1599 ⁸³,
3274 1546 3328 1590 et
3367 1554 3473 1590 ca:-

1895 1632 2034 1678 tera.
2071 1622 2230 1677 Enim
2256 1639 2387 1678 vero
2421 1635 2713 1695 postquam
2747 1626 2990 1682 cmlestis
3043 1628 3306 1683 Servator
3369 1647 3472 1683 no-

1894 1723 2031 1777 ster,
2062 1713 2236 1767 forma
2259 1716 2409 1769 servi
2431 1724 2676 1785 accepta.
2700 1717 2877 1771 factus
2903 1717 3268 1773 estobediens
3297 1736 3471 1788 usque

1895 1805 1963 1858 ad
1985 1812 2215 1858 mortem
2247 1805 2317 1873 ⁸⁵,
2362 1805 2570 1875 diiupit
2627 1806 3007 1863 iuobedientiae
3051 1809 3154 1862 ista
3207 1810 3419 1865 vincula
3455 1829 3468 1864 :

1824 1891 1868 1947 Β
1895 1897 2272 1966 exaltatusque
2309 1897 2362 1950 in
2386 1899 2609 1963 omium,
2630 1898 3008 1953 omnia-trahit
3029 1902 3096 1954 ad
3128 1903 3368 1971 seipsum
3400 1905 3467 1958 ".

1963 1987 2126 2043 Vatis.
2176 1988 2263 2042 Μ.
2322 1987 2388 2041 Et
2449 1990 2724 2043 mandabit
2785 1991 2848 2044 de
2891 2000 2938 2044 te
2995 1991 3269 2046 Dominus.
3327 1997 3471 2065 Cyro

1889 2081 2170 2134 mandabit
2190 2081 2256 2134 de
2282 2090 2353 2144 te,
2382 2096 2414 2134 ο
2434 2080 2622 2141 Israel.
2647 2091 2706 2135 ut
2739 2081 2974 2135 dimittat
3002 2089 3053 2138 te
3080 2099 3109 2136 a
3129 2085 3468 2152 captivitate.

1887 2171 2176 2249 Quomodo
2206 2183 2390 2227 autem
2419 2173 2748 2226 mandabit?
2794 2173 2955 2228 Certe
2991 2190 3102 2229 non
3167 2177 3468 2246 prophetas

1890 2266 2182 2328 mittendo,
2219 2266 2314 2320 sed
2342 2268 2590 2318 animum
2622 2266 2743 2333 ejus
2775 2265 3160 2330 invisibiliter,
3222 2283 3318 2337 per
3367 2283 3468 2324 sua

1889 2371 2010 2426 qua:
2035 2356 2187 2410 novit
2222 2356 2430 2425 judicia
2469 2358 2858 2427 contingendo,
2894 2360 3128 2413 maxime
3149 2374 3273 2414 cum
3299 2359 3474 2414 idolo-

1892 2449 2029 2502 latra
2085 2457 2253 2511 esset,
2281 2457 2336 2503 et
2367 2449 2642 2520 indignus,
2678 2465 2836 2518 quem
2885 2465 2979 2519 per
3019 2465 3149 2506 suos
3174 2452 3473 2522 prophetas

1890 2540 2227 2594 conveniret.
2262 2540 2415 2594 lianc
2448 2541 2515 2592 ad
2544 2541 2810 2594 rationem
2855 2554 2978 2594 ceto
3006 2541 3374 2606 demandavit,
3411 2552 3471 2596 nt

1890 2633 2178 2688 devoraret
2199 2631 2392 2687 Jonam
2425 2649 2436 2685 :
2463 2642 2723 2702 praeterea
2752 2634 3073 2698 cucurbitae,
3110 2642 3167 2688 ut
3207 2634 3473 2703 praaberet

1893 2725 2138 2779 umbram
2185 2722 2356 2787 Jonas,
2387 2739 2448 2778 ac
2493 2725 2662 2778 vermi
2728 2725 2984 2793 praecepit
3026 2733 3081 2777 ut
3147 2723 3338 2779 feriret
3375 2740 3476 2779 cu-

1894 2815 2185 2870 curbitam.
2256 2815 2416 2884 223
2465 2815 2545 2868 Ad
2599 2817 2715 2868 llil‘C
2770 2815 2979 2869 civitati
3045 2815 3238 2869 Nincvi
3301 2816 3471 2870 dicit:

1893 2906 2043 2960 Dele
2068 2906 2322 2960 Dominus
2349 2909 2493 2976 Cyro
2523 2907 2831 2973 imperabit,
2866 2917 2928 2960 ut
2986 2907 3176 2977 capias
3210 2923 3342 2963 suas
3372 2908 3473 2962 ad-

1893 3012 2112 3052 versum
2164 3007 2217 3052 te
2265 3005 2465 3051 armet.
2522 2997 3037 3060 Mandahit;,etiam
3096 2999 3308 3069 angelis
3355 2999 3473 3054 suis

1898 3087 2164 3142 Dominus
2191 3088 2257 3142 de
2289 3088 2524 3140 humana
2550 3096 2769 3150 natura,
2800 3098 2859 3141 ut
2922 3089 3095 3156 ipsam
3129 3091 3181 3142 iu
3216 3090 3474 3144 omnibus

1905 3179 2004 3233 viis
2035 3179 2352 3232 custodiant
2379 3180 2424 3210 ⁸⁸
2451 3197 2462 3232 :
2489 3179 2713 3234 cuilibet
2747 3181 2918 3243 enim,
2948 3182 3112 3234 etiam
3160 3181 3228 3234 iis
3259 3183 3350 3250 qui
3415 3182 3470 3234 in

1898 3269 2142 3325 Ecclesia
2177 3271 2326 3340 parvi
2352 3281 2502 3334 sunt,
2526 3272 2754 3340 angelus
2777 3281 3096 3342 segregatus
3149 3274 3473 3328 attributus-

1897 3377 2002 3431 que
2032 3370 2137 3426 est,
2170 3362 2249 3416 uti
2300 3363 2615 3418 didicimus.
2672 3363 2878 3416 Forsan
2940 3373 2994 3416 et
3044 3364 3110 3415 ad
3161 3363 3471 3417 doctrinam

1908 3454 2220 3508 Servatoris
2253 3454 2582 3508 relationem
2623 3455 2908 3524 prophetia
2947 3456 3062 3508 haac
3095 3455 3279 3509 habet.
3313 3455 3475 3509 Post-

1912 3561 2074 3613 quam
2101 3547 2247 3600 enim
2281 3555 2530 3599 naturam
2565 3553 2809 3599 nostram
2848 3546 3168 3612 assumpsit,
3195 3543 3478 3598 conforta-

1897 3638 2081 3704 vitque
2120 3637 2317 3705 ipsam,
2351 3645 2404 3688 et
2433 3635 2795 3704 potentiorem
2824 3634 3088 3698 reddidit,
3117 3643 3326 3688 tantum
3361 3651 3469 3688 non

1895 3728 1998 3780 hoc
2032 3727 2166 3780 dicit
2197 3727 2393 3796 :Legis
2424 3728 2679 3781 mandata
2709 3729 2910 3782 veteris
2943 3735 3149 3780 natura:
3172 3726 3390 3780 fuerunt
3419 3726 3474 3780 in

1892 3819 2061 3871 Adam
2086 3817 2462 3872 condemnata:
2484 3827 2536 3872 et
2567 3819 2878 3880 imbecillis,
2909 3819 2976 3873 de
3001 3825 3052 3872 te
3093 3829 3297 3878 autem,
3335 3832 3474 3870 nova

1894 3909 2054 3971 facta,
2097 3925 2191 3977 per
2215 3926 2414 3963 novum
2442 3911 2634 3976 Adam,
2656 3912 2761 3964 alia
2795 3911 2943 3965 dabit
2971 3912 3022 3963 in
3054 3910 3325 3964 mandatis
3364 3911 3469 3961 Do-

1891 3999 2072 4052 minus
2093 3997 2253 4054 Jesus
2283 4018 2296 4054 :
2321 3999 2525 4053 Dictum
2544 4003 2884 4055 estveteribus
2902 4001 3052 4054 :Non
3071 3999 3325 4067 pejerabis
3349 4014 3476 4067 ;ego

1891 4101 2064 4144 autem
2095 4092 2211 4143 dico
2227 4091 2390 4154 vobis,
2410 4108 2510 4144 non
2532 4108 2644 4145 esse
2659 4093 2955 4160 jurandum
2978 4093 3189 4144 omnino
3206 4088 3339 4153 ",ct
3364 4105 3474 4142 ca:-

1893 4189 2026 4232 tera.
2060 4178 2264 4232 Poterit
2297 4180 2457 4234 etiam
2484 4179 2600 4232 haec
2627 4179 2808 4233 dicere.
2834 4179 2899 4233 ad
2944 4195 3065 4232 eum
3109 4178 3198 4248 qui
3247 4178 3300 4230 in
3355 4186 3477 4233 ten-

1894 4267 2187 4321 tationibus
2223 4276 2306 4321 est
2362 4269 2688 4323 constitutus
2725 4285 2739 4322 :
2771 4268 3037 4322 Mandavit
3081 4270 3145 4322 de
3176 4279 3221 4321 te
3255 4268 3473 4336 angelis,

1891 4367 1948 4410 ut
1977 4357 2243 4426 ﬂagellum
2275 4374 2378 4411 non
2418 4360 2629 4411 accedat
2674 4359 2742 4412 ad
2783 4359 3178 4412 tabernaculum
3223 4367 3370 4411 luunt
3405 4359 3474 4405 ⁸⁸.

1981 4445 2101 4498 Non
2151 4448 2497 4499 seminabitur
2531 4449 2758 4518 amplius
2797 4464 2860 4501 ea:
2889 4449 3095 4500 nomine
3143 4457 3251 4500 tuo.
3286 4450 3475 4519 Siqui--

222 4546 364 4614 πρὸς
401 4543 500 4610 τὴν
548 4541 736 4594 Νινευῒ
790 4541 818 4592 ό
884 4539 1060 4607 λόγος,
1121 4539 1270 4606 λέγοι
1338 4539 1427 4603 ἂν,
1471 4540 1553 4590 ὅτι
1611 4541 1807 4592 Οὐκέτι
1840 4545 1873 4600 ι]

1911 4537 2032 4592 dem
2066 4539 2133 4590 ad
2186 4535 2379 4590 Ninevi
2407 4551 2590 4591 sermo
2633 4547 2738 4601 est,
2773 4537 2887 4592 haec
2927 4537 3125 4600 poterit
3175 4552 3298 4592 esse
3345 4553 3474 4592 sen-

225 4636 453 4704 σιτέρμα
505 4634 792 4702 ἀνθρώπου
827 4631 970 4693 τινὸς
1033 4630 1363 4701 κληθήσεται
1425 4634 1488 4682 ὲκ
1547 4630 1640 4682 τοῦ
1706 4630 1797 4681 σοῦ

223 4727 515 4793 ὀνόματος.
574 4724 734 4787 ’ἘΘος
786 4723 894 4793 γὰρ
923 4724 1035 4785 τοῖς
1082 4721 1344 4792 ὑπηκόοις
1382 4721 1491 4774 ἀπὸ
1523 4721 1630 4772 τῶν
1661 4737 1798 4791 κραο

225 4818 466 4869 τούντων
529 4815 838 4869 καλεῖσθαι.
905 4814 1060 4867 Οὕτω
1128 4815 1224 4868 καὶ
1296 4813 1403 4866 ἀπὸ
1484 4813 1812 4877 Βαϐυλῶνος

224 4905 563 4957 Βαϐυλώνιοι
596 4922 608 4934 ·
675 4904 769 4956 καὶ
826 4902 934 4957 ἀπὸ
981 4903 1163 4970 Κύρου
1221 4901 1316 4955 τοῦ
1368 4901 1598 4972 Πέρσου,
1659 4901 1800 4972 Πέρ-

225 5012 359 5048 σαι·
425 4995 535 5048 ἀπὸ
619 4995 969 5064 Ἀλεξάνδρου
1047 4993 1378 5056 Μακεδόνος,
1435 4994 1746 5055 Μακεδόνες
1780 5010 1792 5022 '

225 5088 323 5138 καὶ
388 5087 494 5139 ἀπὸ
567 5087 788 5155 Ῥώμης
867 5086 1147 5154 Ῥωμαῖοι.
1222 5085 1378 5137 Κατά
1450 5087 1638 5138 τοῦτον
1707 5087 1798 5139 τὸν

226 5180 406 5245 ἓόγον,
463 5180 554 5231 και¹
595 5180 805 5241 Παῦλος
873 5179 1144 5247 Ῥωμαῖος
1189 5173 1276 5247 ἦν.
1341 5179 1417 5231 Οὐ
1457 5179 1634 5231 τοίνυν
1692 5181 1799 5231 ἀπὸ

226 5262 320 5321 τοῦ
376 5270 468 5322 νῦν
530 5271 751 5338 ἄρξεις,
810 5269 951 5322 ὥστε
1010 5269 1118 5322 ἀπὸ
1175 5268 1266 5321 σοῦ
1326 5270 1607 5322 καλεῖσθαι
1673 5270 1798 5331 τοὺς

226 5362 582 5430 ἀρχομένους.
610 5362 668 5413 Ei
705 5361 760 5414 δὲ
805 5360 938 5429 πρὸς
970 5362 1061 5413 τὸν
1101 5361 1315 5429 Ἰσραὴλ
1354 5360 1568 5426 λέγεται
1601 5360 1798 5424 ταῦτα,

228 5454 464 5521 νιήσεις,
505 5453 586 5504 ὃτι
639 5451 791 5503 Μετά
845 5452 903 5501 τὸ
953 5449 1383 5518 ἐλευθερωθῆναί
1443 5467 1499 5502 σε
1555 5451 1656 5502 ὑπὸ
1686 5451 1800 5502 Κύ-

292 5591 337 5620 “
367 5590 503 5644 Gen.
539 5605 619 5654 ιιι,
652 5589 735 5644 19.
793 5588 1173 5658 ⁸⁸1³1ιὶ1ίρρ.ιι,
1197 5590 1248 5643 6.

1326 5593 1370 5621 ⁵³
1394 5589 1551 5644 Joan.
1576 5607 1673 5650 xu,
1706 5590 1792 5644 5'2.
1872 5588 2180 5655 "Psal.xc,
2216 5588 2300 5641 ll.

1906 4630 2072 4682 tentia
2115 4646 2127 4681 :
2161 4629 2355 4683 Semen
2385 4628 2617 4697 alicujus
2648 4629 2958 4681 mortalium
2998 4628 3227 4698 posthac
3261 4644 3325 4683 ex
3375 4643 3476 4682 no-

1907 4720 2054 4774 mine
2086 4729 2178 4773 tuo
2211 4735 2319 4774 non
2368 4720 2752 4789 appellabitur.
2772 4719 2886 4774 Mos
2906 4720 3050 4773 enim
3071 4728 3191 4773 erat
3213 4719 3471 4783 subditis,

1903 4825 1930 4863 a
1964 4810 2264 4878 majoribus
2302 4810 2713 4865 dominantibus
2745 4811 3186 4865 nomenclaturas
3216 4811 3470 4879 adipisci.

1904 4902 1995 4955 Sic
2029 4915 2058 4954 a
2090 4896 2364 4971 Babylone
2399 4887 2696 4971 Babylonii,
2737 4917 2768 4956 a
2795 4903 2939 4971 Cyro
2973 4900 3136 4956 Persa
3170 4901 3373 4965 Persw,
3405 4904 3474 4956 ab

1904 4995 2215 5048 Alexandro
2255 4992 2544 5048 Macedone
2592 4993 2933 5060 Macedones,
2973 5009 3002 5047 a
3029 4993 3196 5047 ltoma
3245 4994 3474 5048 Romani

1905 5093 2033 5137 sunt
2059 5085 2210 5138 dicti.
2239 5084 2550 5137 Secundum
2587 5084 2727 5137 hanc
2757 5087 3050 5150 rationem,
3092 5087 3293 5139 l’anlus
3335 5102 3472 5154 quo-

1903 5193 2008 5246 que
2047 5176 2327 5231 Romanus
2378 5187 2514 5230 erat.
2574 5176 2692 5229 Non
2746 5178 2931 5246 igitur,
2989 5177 3186 5240 inquit,
3245 5179 3472 5244 posthac

1908 5268 1979 5321 ita
2011 5266 2402 5328 dominaberis,
2443 5275 2501 5318 ut
2524 5280 2590 5320 cx
2623 5268 2841 5318 nomine
2891 5274 2982 5317 tuo
3039 5272 3301 5317 vocentur
3333 5264 3470 5316 sub-

1915 5360 2036 5412 diti.
2098 5357 2190 5412 Sin
2216 5357 2281 5410 ad
2307 5358 2564 5410 lsraelem
2600 5356 2714 5410 hazc
2767 5355 3046 5418 dicantur,
3097 5355 3331 5424 accipies
3374 5355 3470 5417 ita,

1909 5466 2102 5518 nempe
2164 5467 2177 5506 :

2385 5588 2426 5618 ⁸⁷
2451 5587 2640 5641 Matth.
2673 5601 2725 5650 ν,
2754 5585 2822 5640 55
2842 5626 2855 5651 ,
2883 5585 2969 5639 ⁸54.
3034 5583 3077 5615 ⁸⁹
3100 5582 3243 5638 Psal.
3274 5593 3356 5646 XC,
3388 5578 3474 5633 ll.

1408 5708 1603 5768 Varia)
1652 5706 1955 5767 lectiones
1999 5713 2060 5766 et
2105 5711 2293 5765 notae.

301 5834 408 5905 tim)
437 5835 635 5888 Desunt
680 5834 736 5888 iit
764 5834 896 5890 Cod.
932 5831 1058 5889 Dav.
1084 5841 1136 5887 ct
1165 5832 1297 5889 Ven.
1339 5837 1429 5886 καὶ
1463 5835 1530 5886 τα
1589 5832 1768 5896 λοιπά,
1809 5847 1873 5903 qu

1887 5848 1930 5886 :e
1958 5830 2166 5886 Latinis
2198 5829 2304 5896 his,
2336 5839 2383 5884 et
2415 5841 2622 5894 cetera,
2651 5824 3038 5896 respondeant.

2243 5451 2533 5518 Postquam
2613 5449 2872 5500 liberatus
2958 5447 3125 5501 fueris
3202 5461 3231 5498 a
3290 5445 3473 5515 Cyro,
3565 5455 3568 5462 '
