4210 6436
253 386 389 450 1033

965 390 1363 449 EXPOSITlL)
1408 389 1483 446 IN
1532 387 1985 448 l’ROPllETAM
2027 388 2413 448 NAIiU.\1.—-
2455 391 2609 450 CAP.
2650 390 2758 451 ΙΙΙ.

3368 393 3502 458 1034

250 492 606 563 βαπτίζεταιο
667 496 758 546 καὶ
798 496 824 547 ὁ
869 496 1071 565 Κύριος
1124 497 1349 568 πρώτην
1402 501 1500 568 τὴν
1553 499 1826 564 Αἴγυπτον
1857 502 1897 557 Α

1857 502 1897 557 Α
1932 495 2194 552 Dominus
2236 499 2524 568 .-‘Egyptum
2571 501 2806 576 primum
2872 500 3129 566 \isitavit,
3193 506 3410 573 quando
3465 524 3491 559 a

248 585 615 653 ἐπεσκέψατο,
645 586 732 637 ὅτε
765 586 1066 655 γεννηθεὶς,
1094 587 1258 651 εὐθὺς
1297 587 1516 656 ἔφυγεν.
1553 590 1628 643 Οὐ
1656 591 1825 661 μικρᾶ

246 677 302 728 δὲ
340 680 371 745 ἡ
411 679 562 746 ἰσχὺς
621 677 698 746 τῷ
752 679 852 747 τῆς
887 679 1216 748 Ἑκκλησίας
1267 681 1576 750 κηρύγματι
1617 683 1678 734 τὸ
1714 701 1824 736 τοι·

247 766 388 820 αὕτα
418 769 545 838 ἐθνη
569 769 701 838 αὐτῇ
730 771 1122 840 προσδραμεῖν.
1156 772 1316 824 Ἀλλὰ
1331 775 1424 825 καὶ
1450 776 1570 835 τοὺς
1597 774 1822 837 Λίϐυας,

245 859 374 919 τοὺς
407 858 466 910 ἐν
513 861 579 927 τῇ
606 858 951 930 Πεντηκοστῇ
984 862 1400 932 παρατυχόντας
1433 866 1498 936 τῇ
1531 863 1624 917 τοῦ
1659 865 1826 919 Πνεύ-

249 965 423 1017 ματος
470 951 762 1019 παρουσίᾳ,
793 949 1021 1018 βοηθοὺς
1047 953 1183 1021 ἔχει,
1225 953 1274 1004 οἳ
1311 955 1729 1027 ἐπεμαρτύρουν

245 1041 342 1092 τοῦ
375 1042 482 1092 τῶν
508 1035 770 1108 γλωσσῶν
805 1045 1169 1112 χαρίσματος,
1199 1046 1279 1098 ὅτι
1311 1046 1453 1100 θεῖόν
1486 1051 1602 1100 ἐστι
1629 1050 1690 1102 τὸ
1725 1053 1822 1118 xi,-

249 1151 458 1203 ριγμα.
489 1134 674 1206 Ταύτῃ
707 1153 788 1188 τοι
817 1138 914 1189 καὶ
946 1137 1007 1189 τὸ
1055 1138 1278 1204 φεύγειν
1328 1139 1466 1210 αὐτῇ
1514 1142 1598 1193 ἀεὶ
1653 1159 1822 1213 προσ-

246 1229 393 1292 ήκει,
436 1229 542 1280 ἀπὸ
595 1245 653 1280 τε
705 1230 806 1297 τῆς
845 1230 1123 1294 ἀσεϐείας,
1163 1233 1274 1283 καῖ’
1303 1232 1396 1284 τοῦ
1425 1235 1511 1286 ἀεὶ
1537 1233 1821 1299 διώκοντος

242 1315 494 1383 magna
521 1316 739 1369 πάντων
769 1318 859 1370 καὶ
891 1319 1063 1386 λόγων
1087 1321 1182 1373 καὶ
1204 1321 1403 1390 ἔργων,
1437 1322 1522 1375 ἵνα
1553 1324 1628 1395 μὴ
1650 1328 1820 1379 στᾶσα

242 1407 341 1475 τῆς
375 1408 551 1476 φυγῆς
576 1409 921 1479 καταληφθῇ.

312 1501 423 1556 Kal
454 1501 605 1570 αὕτη
647 1509 735 1569 εις
764 1504 1150 1572 μετοικεσίαν
1177 1507 1487 1574 πορεύεται
1519 1509 1817 1578 αἰχμάλω-

242 1608 368 1657 τος.
399 1593 611 1665 Δηλαδὴ
634 1595 666 1664 ή
711 1595 1110 1665 Ἀλεξάνδρεια,
1143 1597 1238 1650 καὶ
1264 1599 1414 1651 πᾶσα
1442 1601 1474 1670 ή
1503 1601 1776 1667 Αἴγυπτος
1800 1620 1814 1634 ·

241 1685 337 1736 καὶ
365 1686 474 1754 γὰρ
507 1686 596 1738 ὅτε
637 1686 1114 1760 Ναϐουχοδονόσορ
1149 1690 1421 1761 ἐπόρθησε
1461 1692 1690 1762 ταύτην,
1722 1695 1818 1748 καὶ

241 1773 352 1826 ὑπὸ
401 1775 699 1845 Καμϐύσου
741 1777 798 1831 δὲ
840 1777 1088 1848 ὕστερον,
1128 1779 1187 1844 ὃς
1210 1776 1277 1851 ἦν
1311 1781 1497 1852 Κύρου
1545 1784 1678 1850 υἱὸς,
1717 1784 1816 1854 τὴν

1931 586 2213 638 nativitate
2244 601 2340 640 sua
2372 587 2553 640 statim
2593 589 2721 642 illuc
2750 575 2909 658 fugit.
2963 589 3072 643 Nec
3105 592 3361 661 exiguum
3402 610 3488 646 m-

1929 677 2028 729 hur
2053 687 2134 732 est
2157 677 2414 733 Ecclesia:
2458 681 2750 748 praeconio,
2788 683 2924 736 tales
2977 692 3165 752 gentes
3215 687 3280 740 ad
3317 688 3489 756 ipsam

1926 784 2239 824 accurrere.
2280 771 2545 824 l’rzeterea
2578 770 2776 841 Libyas
2802 773 2989 834 etiam.
3022 775 3112 843 qui
3147 777 3201 829 in
3243 776 3330 831 die
3357 778 3494 832 l’en-

1926 869 2163 917 tecostes
2223 859 2456 931 Spiritus
2488 863 2752 917 Paraeleti
2811 869 3114 933 praesentiae
3157 869 3488 934 inciderunt,

1925 953 2281 1008 auxiliatores
2336 952 2516 1019 habet,
2556 956 2647 1022 qui
2676 972 2741 1009 ex
2771 956 3078 1025 linguarum
3131 960 3277 1014 dono
3303 961 3496 1014 testiﬁ~

1924 1043 2214 1106 cabantur,
2245 1045 2484 1098 divinam
2521 1061 2646 1098 esse
2675 1062 2792 1099 eam
2833 1048 3294 1115 praedicationem.
3352 1053 3490 1106 lluic

1926 1134 2110 1204 lugere
2142 1133 2358 1205 quidem
2386 1151 2601 1204 semper
2625 1140 2900 1202 convenit,
2941 1156 3066 1194 cum
3096 1143 3164 1194 ab
3195 1143 3490 1210 impietate,

1924 1232 2034 1276 tum
2060 1224 2126 1276 ab
2159 1238 2374 1291 semper
2401 1236 2767 1294 persequente
2793 1242 2892 1280 nos
2915 1244 3008 1296 per
3043 1232 3226 1283 onmia
3251 1240 3303 1284 et
3327 1245 3491 1299 opera

1921 1326 1975 1369 et
2004 1330 2286 1369 sermones
2319 1317 2570 1372 videlicet
2601 1319 2826 1383 Satana,
2852 1329 2909 1373 ut
2947 1337 3014 1375 ne
3032 1322 3083 1376 in
3114 1323 3240 1393 fuga
3261 1323 3489 1394 gradum

1922 1405 2089 1473 tigere
2111 1404 2573 1474 deprehendatur.

1994 1494 2159 1549 Vens.
2193 1496 2280 1550 l0.
2319 1495 2386 1550 Et
2427 1499 2539 1565 ipsa
2563 1499 2632 1552 ad
2655 1501 3171 1571 transmigrationem
3200 1505 3495 1570 proﬁcisci-

1921 1595 2008 1638 tur
2032 1587 2256 1653 captiva.
2288 1589 2615 1643 Alexandria
2670 1592 2941 1658 videlicet,
2973 1608 3034 1647 ac
3061 1603 3172 1648 tota
3203 1595 3490 1666 Egyptus.

1921 1675 2132 1731 Etenim
2164 1676 2673 1735 Nabuchodonosor
2721 1683 3087 1759 depopulatus
3115 1695 3201 1741 est
3232 1688 3374 1742 hanc
3413 1704 3428 1742 ι
3461 1705 3492 1741 a

1920 1767 2186 1839 Camhyse
2224 1785 2354 1826 vero
2384 1771 2584 1827 dehinc
2610 1773 2737 1844 Cyri
2793 1776 2924 1840 ﬁlio,
2959 1792 3127 1846 regno
3159 1778 3280 1846 ejus
3307 1780 3493 1834 disso-

239 1860 522 1929 βασιλείαν
577 1864 978 1930 καταλύσαντος
1017 1867 1209 1937 αὐτῆς,
1247 1869 1352 1922 ὑπὸ
1406 1871 1505 1942 τὴν
1535 1873 1644 1927 τῶν
1671 1875 1813 1946 Περ-
1840 1859 1889 1919 Β
1917 1859 2054 1923 Ιυιο»
2083 1858 2268 1915 Ρετδίε
2299 1862 2565 1917 "mulum
2627 1865 2864 1933 Pendere
2925 1875 3116 1922 θοδατι
3169 1867 3331 1939 243
3389 1880 3491 1925 εει·

238 1952 350 2005 σῶν
377 1953 702 2008 δυναστείαν
743 1955 917 2010 τελεῖν
944 1955 1291 2030 ἠναγκάσθη.
1330 1960 1491 2016 Ἀλλὰ
1521 1965 1617 2016 καὶ
1656 1966 1805 2019 Ἀλέ-

237 2043 466 2116 ξανδρος
498 2047 601 2100 ὑπὸ
622 2049 722 2119 τήν
750 2051 1128 2122 Μακεδονικήν
1158 2052 1435 2123 βασιλείαν
1462 2058 1589 2120 τοὺς
1631 2058 1800 2127 Αἰγυ-

235 2131 428 2200 πτίους
467 2140 710 2210 ἐποίησε.

304 2228 420 2282 Kal
469 2231 541 2285 τὰ
585 2231 772 2299 νήπια
823 2235 1011 2303 αὐτῆς
1066 2237 1421 2308 ἐδαφιοῦσιν
1466 2241 1569 2297 ἀπ’
1610 2241 1806 2311 ἀρχῆς

232 2317 452 2370 πασῶν
513 2319 632 2374 τῶν
683 2322 839 2376 ὁδῶν
882 2325 1096 2394 αὐτῆς.
1169 2329 1428 2383 Τουτέστι
1464 2370 1480 2396 ,
1533 2332 1803 2403 τοσαύτην

232 2409 506 2478 ἀπήνειαν
528 2412 792 2485 οίεέχθροὶ
828 2415 1173 2484 ἐνδείξονται,
1214 2417 1353 2473 ὥστε
1383 2421 1477 2475 καὶ
1529 2423 1597 2476 τὰ
1632 2424 1804 2494 νήπια

232 2499 642 2569 ἀποκτιννύναι,
667 2507 764 2568 τὰς
798 2507 979 2561 αὐτῶν
1013 2510 1257 2579 κεφαλὰς
1286 2514 1352 2583 τῇ
1381 2516 1450 2583 γῇ
1484 2514 1798 2585 προσαρασ-

237 2606 424 2654 σοντες
449 2608 464 2622 ο
503 2593 660 2646 τοῦτο
689 2597 798 2667 γάρ
828 2602 942 2651 ἐστι
986 2599 1047 2653 τὺ
1078 2599 1353 2670 ἐδαφίςειν
1379 2603 1537 2669 αὐτὰ,
1572 2603 1667 2658 καὶ
1709 2603 1800 2657 τοῦ

231 2684 410 2734 ποιεῖν
441 2685 496 2736 ἐν
534 2689 654 2749 ταῖς
683 2690 878 2757 ἀρχαῖς
913 2690 1020 2742 τῶν
1054 2692 1210 2756 ὁδῶν,
1245 2695 1548 2759 τουτέστιν,
1589 2698 1646 2749 ἐν
1679 2700 1800 2760 ταῖς

230 2776 466 2843 τριόδοις
507 2779 640 2847 πρὸς
680 2781 844 2846 φόϐον
869 2783 1037 2834 πλείω
1068 2783 1174 2836 τῶν
1204 2785 1585 2856 διερχομένων,
1629 2789 1801 2859 ἐρών-

229 2885 360 2931 των,
393 2870 474 2920 ὅτι
502 2869 620 2921 οἰδέ
652 2870 863 2938 φειδοῦς
897 2871 1063 2937 ἀξίων
1093 2873 1298 2944 νηπίων
1326 2878 1617 2944 φείδονται.

301 3045 408 3098 Καὶ
446 3046 543 3098 ἐπὶ
577 3046 772 3100 πάντα
807 3047 876 3101 τὰ
899 3049 1118 3114 ἔνδοξα
1144 3050 1332 3118 αὐτῆς
1359 3051 1628 3116 ,ϐαλοῦσι
1651 3055 1796 3122 κλή-

224 3154 394 3203 ρους.
447 3138 609 3190 Ὥστε
657 3138 1050 3211 διανεμηθῆναι
1082 3142 1221 3195 αὐτὰ
1268 3143 1517 3212 ἀμάχως,
1546 3144 1607 3197 οὐ
1639 3147 1796 3214 μόνον

1917 1952 2184 2008 Praeterea
2208 1954 2518 2010 Alexander
2542 1955 2891 2012 Macedonico
2922 1959 3152 2029 imperio
3189 1959 3483 2032 Egyptum

1913 2043 2078 2097 etiam
2107 2045 2436 2116 subjugavit.

1990 2215 2334 2288 Infantesqu
2363 2219 2476 2288 ejus
2501 2221 2556 2273 in
2602 2229 2798 2273 terram
2840 2223 3134 2290 praecipites
3161 2223 3383 2291 dabunt,
3419 2225 3486 2278 ab

1915 2308 2070 2360 initio
2099 2319 2413 2362 cunctarum
2453 2309 2658 2363 uiarum
2687 2311 2823 2379 ejus.
2853 2309 2968 2367 Hoc
2989 2320 3100 2378 est,
3127 2322 3333 2368 tantam
3387 2330 3489 2369 sm-

1915 2399 2102 2453 vitiam
2131 2400 2335 2456 inimici
2360 2402 2482 2472 ejus
2519 2403 2994 2473 demonstrabunt,
3029 2415 3091 2460 ut
3127 2407 3212 2463 vel
3244 2407 3484 2464 infantes

1914 2493 2191 2558 occidant,
2251 2493 2496 2564 ipsorum
2551 2496 2731 2564 capita
2789 2505 2949 2551 terra;
2999 2498 3271 2554 illidentes
3323 2515 3336 2553 :
3379 2499 3484 2554 hoc

1915 2583 2064 2639 enim
2106 2594 2192 2639 est
2231 2585 2282 2637 in
2317 2592 2518 2640 terram
2547 2599 2643 2641 eos
2673 2585 3039 2656 pracipitare,
3075 2587 3238 2658 idque
3284 2587 3484 2646 lacient

1913 2676 1968 2729 in
1993 2676 2277 2746 principiis
2309 2677 2544 2742 viarum,
2594 2676 2700 2732 hoc
2739 2687 2822 2732 est
2876 2678 2932 2732 in
2975 2678 3173 2744 triviis,
3236 2681 3302 2734 ad
3365 2695 3482 2734 ma.

1908 2770 2082 2837 jorem
2163 2768 2582 2838 trepidationem
2665 2770 3204 2850 pertranseuntium,
3281 2772 3483 2843 quippe

1912 2861 2004 2930 qui
2039 2861 2281 2926 videant,
2330 2860 2476 2931 quod
2530 2876 2705 2933 neque
2756 2863 3094 2934 dignissimis
3147 2865 3302 2920 venia
3353 2881 3482 2936 par-

1913 2961 2061 3006 cant.

1983 3046 2058 3099 Ac
2088 3061 2242 3113 super
2276 3047 2452 3100 omnia
2478 3049 2711 3116 pretiosa
2764 3049 2880 3117 ejus
2937 3050 3140 3119 jaeient
3189 3059 3377 3105 sortes.
3413 3051 3484 3107 Ut

1909 3137 2248 3207 dissipentur
2276 3138 2411 3192 citra
2440 3139 2682 3207 pra-lium
2711 3141 2903 3210 ingens
2933 3153 2984 3194 et
3005 3141 3330 3208 ell‘eminate,
3367 3157 3481 3197 non

230 3229 494 3295 κτήματα
537 3228 630 3280 καὶ
669 3229 955 3298 χρήματα,
1008 3229 1142 3282 ἀλλὰ
1171 3232 1273 3284 καὶ
1319 3231 1548 3301 σώματα
1594 3234 1800 3304 ἔνδοξα,
1831 3228 1876 3289 C

1831 3228 1876 3289 C
1907 3229 2082 3283 solum
2109 3229 2394 3285 lacultates
2426 3238 2480 3285 et
2516 3232 2780 3301 pecuniae,
2829 3247 3015 3287 verum
3049 3235 3213 3288 etiam
3244 3248 3476 3304 corpora

228 3311 340 3369 οἷον
369 3321 634 3384 γυναῖκας
683 3322 774 3371 καὶ
807 3320 1024 3384 παῖδας,
1061 3320 1203 3373 ὥστε
1234 3324 1314 3386 είς
1349 3323 1572 3387 δούλους
1599 3325 1802 3390 αὐτοὺς

227 3405 372 3460 εἶναι
404 3411 513 3470 τοῖς
545 3411 652 3462 ἀπὸ
686 3411 889 3482 κλήρου
919 3411 1166 3481 λαχοῦσι,

301 3501 408 3553 Καὶ
465 3502 686 3569 πάντες
727 3506 780 3556 οι
829 3504 1184 3574 μεγιστᾶνες
1215 3506 1402 3573 αὐτῆς
1441 3507 1798 3575 δεθήσονται

227 3593 622 3662 χειροπέὂαις.
681 3595 865 3658 Οὕτως
919 3597 1130 3650 ἔσονται
1158 3598 1321 3649 δειλοὶ
1351 3640 1363 3662 ,
1407 3602 1572 3667 φησὶν
1604 3640 1618 3661 ,
1652 3599 1797 3654 ὥστε

229 3685 369 3753 μηδέ
427 3686 481 3735 ἐν
535 3685 755 3756 πολέμῳ
803 3687 1183 3757 ἀναιρεθῆναι,
1235 3689 1371 3759 ὅπερ
1413 3691 1627 3757 ἀνδρῶν
1682 3693 1799 3745 ἐστι

225 3774 513 3839 γενναίων,
543 3775 677 3827 ἀλλὰ
715 3776 955 3845 δεθῆναι,
989 3779 1266 3845 γυναικῶν
1289 3779 1437 3850 νόμῳ
1470 3781 1563 3832 καὶ
1590 3781 1800 3848 ἀγενῶν

227 3861 539 3931 ἀνδραρὶων
569 3907 582 3929 ,
629 3864 704 3927 ὡς
750 3866 945 3920 δοῦλοι.
1013 3868 1208 3920 Καίτοι
1257 3872 1582 3938 μεγιστᾶνες
1624 3871 1795 3935 ὄντες,

227 3948 601 4024 ἐπορεύθησαν
625 3959 703 4019 εἰς
736 3959 1079 4026 μετοικεσίαν
1112 3959 1248 4030 (57).
1279 3963 1384 4013 Καὶ
1408 3963 1441 4030 ή
1467 3964 1573 4014 τῶν
1601 3963 1796 4032 Κυριο-

227 4045 434 4096 κτόνων
467 4045 788 4116 Συναγωγή,
814 4049 907 4100 καὶ
929 4049 978 4100 ol
1005 4051 1210 4117 νήπιοι,
1240 4050 1501 4120 τρόφιμοι
1527 4052 1717 4121 αὐτῆς,
1747 4054 1796 4104 οἱ

225 4134 307 4204 τῷ
339 4138 667 4205 στοιχειώδει
725 4139 819 4190 τοῦ
875 4142 1044 4211 νόμου
1101 4144 1194 4194 καὶ
1247 4144 1430 4194 ἀτελεῖ
1475 4145 1795 4214 τρεφόμενοι

224 4226 462 4295 γάλακτι
491 4268 505 4291 ,
539 4229 881 4296 ἐδαρίζονται
910 4271 924 4296 ,
958 4233 1022 4300 τῇ
1077 4235 1147 4302 γῇ
1212 4233 1672 4302 ἐναπομένοντες,
1722 4235 1796 4296 ὡς

229 4321 399 4390 μηδὲν
449 4320 652 4388 ὑψηλὸν
695 4322 885 4394 νοῆσαι
924 4323 1236 4392 δυνάμενοι.
1304 4325 1474 4377 Τοῦτο
1504 4326 1559 4377 δὲ
1597 4327 1796 4378 πεπόν-

225 4412 387 4465 Θασιν
428 4415 534 4465 ἀπὸ
572 4415 799 4484 οἰήσεως
830 4429 842 4442 ·
897 4413 1033 4483 αὕτη
1086 4414 1193 4484 γάρ
1235 4416 1382 4466 ἐστιν
1417 4415 1561 4486 ἁρχὴ
1607 4417 1794 4470 πασῶν

221 4505 337 4556 τῶν
385 4505 742 4575 ὲπικρήμνων
795 4504 928 4556 ὁδῶν
968 4505 1064 4574 τῆς
1108 4505 1400 4557 Θεοκτόνου
1440 4506 1791 4575 Συναγωγῆς.

1903 3321 2158 3386 celebria,
2194 3322 2357 3376 veluti
2389 3338 2587 3378 uxores
2615 3333 2669 3376 et
2700 3324 2876 3391 pueri,
2905 3332 2962 3378 ιιι
2987 3326 3227 3380 serviant
3260 3326 3328 3381 iis
3350 3326 3477 3396 qui-

1903 3411 2007 3466 bus
2037 3421 2185 3467 sorte
2213 3413 2527 3482 obtigerint.

1978 3501 2270 3573 Omnesque
2293 3504 2572 3571 optimates
2596 3504 2709 3570 ejus
2730 3504 3036 3574 ligabuntur
3057 3505 3301 3559 manicis.
3325 3504 3476 3559 Adeo

1903 3601 2064 3647 erunt
2101 3594 2305 3657 miseri,
2346 3593 2544 3661 inquit,
2587 3604 2647 3646 ut
2678 3609 2856 3663 neque
2886 3594 3098 3648 inhello
3127 3594 3472 3656 occidantur.

1902 3681 2046 3752 quod
2089 3680 2310 3734 fortium
2358 3689 2441 3735 est
2475 3683 2742 3742 virorum,
2784 3682 2878 3736 sed
2919 3682 3228 3736 νὶηεῑοιηυι-
3252 3683 3474 3737 mulier-

1902 3773 2146 3825 culnrum
2183 3772 2247 3825 ad
2286 3774 2525 3837 modum,
2561 3772 2990 3842 ignobiliumque
3043 3773 3469 3828 homuncionum

1903 3866 2096 3927 instar,
2128 3871 2186 3916 ut
2214 3863 2376 3917 servi.
2412 3863 2576 3933 Atqui
2631 3864 2923 3932 Optimates
2952 3864 3282 3918 exsistentes
3320 3864 3470 3917 abie-

1901 3964 2028 4008 runt
2052 3955 2104 4007 in
2147 3955 2706 4024 transmigrationem.
2745 3956 2810 4008 Et
2841 3955 3124 4025 Synagoga
3156 3968 3344 4009 eorum
3375 3957 3469 4024 qui

1901 4047 2189 4101 Dominum
2263 4047 2606 4110 occiderunt,
2674 4055 2788 4099 tum
2864 4046 3104 4100 infantes
3168 4045 3469 4117 Synagoga:

1899 4139 2128 4201 alumni,
2193 4139 2508 4192 elementari
2571 4147 2624 4191 et
2680 4137 3000 4207 imperfecto
3059 4138 3192 4208 legis
3243 4137 3469 4191 enutriti

1899 4230 2056 4291 lacte,
2091 4231 2145 4282 in
2174 4239 2372 4284 terram
2419 4229 2725 4293 illiduntur,
2756 4230 2810 4282 in
2847 4244 2912 4283 eo
2947 4237 3378 4298 perseverantes,
3407 4239 3469 4283 ut

1897 4323 2032 4377 nihil
2065 4321 2297 4376 sublime
2335 4323 2643 4391 intelligere
2670 4329 2898 4391 queant.
2934 4322 3047 4375 lloc
3087 4336 3217 4375 vero
3243 4323 3466 4391 patiun-

1898 4423 1986 4467 tur
2011 4429 2040 4468 a
2068 4415 2231 4479 fastu,
2260 4414 2351 4482 qui
2377 4423 2460 4468 est
2486 4413 2812 4481 principium
2848 4413 3091 4466 omnium
3121 4411 3174 4466 in
3222 4427 3463 4481 praeceps

1896 4507 2234 4574 vergentium
2282 4505 2492 4557 viarum
2523 4504 2622 4572 ipsi
2653 4503 2952 4572 Synagogae
2982 4518 3102 4572 qua:
3131 4501 3298 4557 Deum
3322 4506 3466 4558 occi-

220 4595 337 4648 Kal
359 4593 458 4645 ἐπὶ
490 4595 685 4647 ,πάντα
711 4595 780 4647 τὰ
804 4594 1023 4659 ἔνδοξα
1047 4595 1258 4663 αὐτῆς,
1301 4596 1363 4649 τό
1384 4614 1440 4648 τε
1469 4597 1675 4668 χρίσμα
1697 4599 1793 4667 τῆς
1828 4579 1871 4633 D

1828 4579 1871 4633 ί)
1899 4597 2072 4651 derat.
2107 4597 2182 4649 Ac
2209 4611 2365 4664 super
2395 4597 2571 4648 omnia
2617 4595 2841 4648 celebria
2891 4594 3026 4663 ejus,
3087 4610 3250 4663 super
3289 4595 3459 4664 ipsam

225 4689 664 4760 ἀρχιερωσύνης,
711 4691 804 4742 καὶ
851 4690 949 4761 τήν
985 4691 1178 4761 στολὴν
1210 4692 1305 4745 τοῦ
1348 4694 1672 4763 ἀρχιερέως,
1705 4696 1799 4746 καὶ

222 4782 325 4839 τὰς
364 4781 572 4847 θυσίας,
622 4781 931 4852 ἐόλήθησαν
974 4784 1024 4835 οἱ
1082 4785 1140 4836 ἐν
1179 4787 1246 4853 τῇ
1307 4785 1604 4856 Ἐκκλησία
1666 4785 1799 4838 θεῖοι

222 4871 440 4941 κλῆροι,
475 4874 569 4941 ἀφ’
606 4869 678 4926 ὧν
714 4875 807 4926 καὶ
845 4875 1096 4946 κλπρικοὶ
1131 4877 1507 4945 ὀνομάζονται.
1569 4880 1643 4932 Ού
1687 4880 1794 4951 γὰρ

219 4964 538 5033 ἀνθρωπίνη
577 4966 756 5035 χάρις,
791 4967 926 5019 ἀλλὰ
961 4967 1099 5030 θεῖος
1140 4969 1363 5038 κλῆρος,
1398 4971 1516 5038 ἤτοι
1546 4972 1789 5042 χάρισμα

215 5057 367 5109 δοκεῖ
408 5057 470 5108 τὸ
510 5060 618 5110 τῶν
661 5060 1173 5129 χειροτονουμένων.
1211 5061 1289 5112 Τὰ
1337 5062 1516 5114 τοίνυν
1563 5064 1788 5118 ἐκείνων

217 5147 402 5212 ἔνδοξα
435 5151 566 5218 ἡμῖν
595 5153 622 5202 ὁ
657 5150 786 5212 Θεὸς
835 5151 1198 5221 ἀπεκλήρωσε
1231 5153 1638 5220 πνευματικῶς.
1677 5155 1788 5206 Καὶ

218 5240 270 5292 οἱ
304 5241 628 5306 μεγιστᾶνες
674 5239 897 5293 ἐκείνων
934 5241 1220 5310 Φαρισαῖοι
1270 5239 1363 5292 καὶ
1407 5239 1786 5309 Γραμματεῖς,

218 5331 559 5400 χειροπέδαις
601 5331 894 5399 ἐδέθησαν,
951 5331 1114 5401 μηδὲν
1173 5333 1466 5400 ἐνεργῆσαι
1524 5331 1633 5383 τῶν
1693 5331 1785 5384 τοῦ

217 5423 384 5489 νόμου
408 5421 720 5490 δυνάμενοι,
757 5423 872 5474 ἀνθ’
898 5440 972 5476 ων
1006 5424 1098 5474 τὸν
1127 5422 1331 5493 Κύριον
1361 5423 1574 5492 ἔδησαν.

1901 4703 2096 4757 nempe
2130 4688 2326 4742 summi
2369 4688 2659 4742 sacerdotii
2699 4689 3032 4750 unctionem,
3070 4696 3233 4755 atque
3257 4699 3459 4742 vestem

1896 4779 2188 4848 oblongum
2223 4777 2567 4832 sacerdotum
2600 4776 2881 4846 principis,
2908 4786 2961 4831 et
2981 4777 3273 4843 sacriﬁcia,
3300 4777 3461 4847 jacta:

1896 4878 2026 4923 sunt
2061 4866 2254 4922 divinae
2282 4870 2335 4921 in
2386 4868 2630 4922 Ecclesia
2657 4879 2853 4932 sortes,
2894 4883 2921 4920 a
2955 4869 3156 4938 quibus
3177 4879 3229 4924 et
3259 4872 3459 4934 sortiti.

1898 4961 1979 5016 vel
2006 4959 2251 5022 electitii,
2283 4959 2467 5013 clerici
2513 4967 2796 5014 vocantur.
2851 4956 2969 5012 Non
3022 4959 3166 5013 enim
3225 4959 3458 5014 humana

1898 5054 2092 5122 gratia,
2118 5060 2374 5106 caeterum
2407 5051 2587 5103 divina
2620 5065 2767 5115 sors,
2795 5049 2910 5104 sive
2925 5049 3128 5104 donum
3158 5052 3456 5105 electorum

1889 5144 2198 5214 huiusmodi
2255 5142 2490 5197 videtur.
2543 5141 2765 5196 Illorum
2805 5143 2985 5212 itaque
3035 5141 3271 5196 celebria
3311 5141 3455 5197 Deus

1888 5238 2243 5307 spiritualiter
2274 5237 2430 5289 nobis
2464 5245 2610 5289 sorte
2641 5235 2872 5305 quadam
2900 5234 3182 5303 impertiit.
3214 5234 3454 5302 Optima-

1890 5338 1971 5382 tes
1998 5342 2210 5390 eorum,
2241 5325 2496 5379 Plrarisazi
2529 5325 2841 5393 Scribzeque
2871 5326 3104 5379 mamCis
3128 5324 3276 5394 ligati
3304 5334 3452 5383 sunt,

1891 5417 2028 5471 nihil
2064 5418 2316 5486 legalium
2349 5417 2560 5471 ellicere
2590 5417 2850 5482 valentes,
2886 5430 2952 5470 eo
2983 5414 3127 5485 quod
3160 5413 3450 5468 Dominum

1881 5509 2188 5562 vinxerunt.

1403 5690 1596 5751 Variae
1628 5687 1934 5750 lectiones
1975 5693 2034 5747 et
2079 5695 2270 5749 noue.

285 5798 397 5866 (δῖ)
429 5795 522 5858 Et;
565 5792 905 5863 μετοικεσίαν
951 5791 1288 5859 Βαϐυλῶνος,
1335 5791 1390 5846 in
1438 5792 1947 5862 transmigralionem

991 5791 1288 5859 αὸυλῶνος,
1335 5791 1390 5846 in
1438 5792 1957 5862 transmigrationem
1994 5788 2302 5858 Babylonis,
2341 5787 2476 5842 Cod.
2521 5787 2653 5842 Ven.

541 5892 810 5950 ΡΑτιιοι..
847 5891 966 5951 Gn.
1013 5888 1253 5950 CXXVI
1270 5932 1286 5949 .
