4210 6436
249 380 385 444 103.7

1006 380 1407 441 EXI’OSITIU
1445 382 1521 440 ΙΝ
1565 382 2021 442 PROI‘IIETAM
2062 385 2359 445 Νςιιιωῑ.
2400 409 2468 419 -
2497 386 2652 446 CAP.
2687 388 2798 448 ill.

3359 387 3496 452 10.“.8

243 489 323 557 τῷ
352 485 674 556 προσκαίρῳ
728 485 925 555 καρπῷ
968 485 1059 538 τὸν
1090 485 1253 538 Δαϐίδ
1281 503 1295 517 ·
1345 486 1480 538 ἀλλὰ
1523 487 1850 549 σεισθεῖσαν

1925 503 2122 552 elissae,
2154 491 2464 543 incidtrunt
2530 493 2583 545 in
2619 509 2682 548 os
2727 493 2969 559 jucunde
3009 494 3140 564 ipsis
3197 506 3350 550 antea
3403 514 3466 551 ve

248 579 330 648 τῷ
376 578 472 630 τοῦ
531 577 720 630 Νάθαν
769 577 1024 647 ὲλεγμῷ,
1085 579 1342 630 ἐνέπεσον
1380 578 1457 640 είς
1508 577 1681 646 στόμα
1728 577 1823 630 τοῦ

249 670 523 738 πρότερον
565 669 738 737 ἡδέως
771 670 940 730 αὐτὰς
971 667 1240 732 ἔσθοντας,
1290 667 1696 738 στηλιτεύυντος
1730 669 1825 722 αὑ-

247 762 346 823 τάς
379 762 438 812 ὲν
475 760 551 830 τῷ
582 766 624 812 ν’
649 759 867 829 ψαλμῷ.

334 850 490 904 Ἰδοὺ
520 854 552 902 ό
577 852 726 914 ,λαός
764 861 879 903 σου
909 851 986 916 ὡς
1035 849 1315 920 γυναῖκες
1352 850 1421 902 ἐν
1473 850 1592 900 σοί.
1658 849 1824 900 Τουτ-

247 942 418 1003 έστιν,
457 944 506 992 οἱ
538 940 904 1010 γενναιότατοι
938 958 1030 993 σου
1055 942 1382 1009 στρατιῶται
1408 940 1578 1010 δειλίᾳ
1606 941 1823 1009 συνεχό-

251 1048 429 1099 μενοι,
457 1032 608 1083 οὐδὲν
638 1032 901 1084 διοίσουσι
929 1031 1227 1098 γυναικῶν.
1266 1030 1438 1083 Τοῦτο
1468 1030 1524 1082 δὲ
1548 1030 1826 1082 πείσονται

249 1129 308 1178 ὲν
341 1127 449 1186 σοὶ,
481 1125 756 1185 τουτέστι,
795 1125 882 1178 διὰ
911 1128 990 1189 σὲ,
1026 1127 1121 1178 κα)⁸
1153 1125 1252 1186 τὰς
1283 1124 1556 1194 ἁμαρτίας
1585 1141 1703 1187 σου,
1734 1123 1826 1176 ιιαὶ

251 1218 354 1285 τὴν
395 1216 777 1287 ὑπερηφανίαν
811 1234 928 1271 σου,
979 1216 1238 1286 Ἀνδρεῖοι
1277 1216 1375 1285 μὲν
1403 1216 1510 1286 γὰρ
1545 1215 1667 1267 καθ’
1701 1216 1827 1266 ἑαυ-

247 1311 404 1372 τοῦς,
442 1310 576 1362 ἀλλά
618 1312 681 1362 σὺ
730 1309 924 1372 αὐτοὺς
951 1309 1157 1371 δειλοὺς
1184 1309 1528 1378 ἀπειργάσω,
1557 1308 1826 1376 παροργί-

253 1419 396 1455 σασα
419 1402 511 1453 τὸν
539 1402 690 1454 Θεόν.
731 1403 839 1454 Καὶ
869 1403 964 1454 σοῦ
998 1402 1051 1454 δὲ
1082 1402 1181 1470 τῆς
1211 1401 1520 1470 ἀποϐλήτου
1562 1400 1830 1469 Ἰερουσαο

251 1491 417 1560 λὴμό
451 1491 600 1555 λαὸς,
638 1491 714 1554 ὡς
739 1493 998 1559 γυναῖκές
1035 1494 1197 1554 εἰσιν,
1243 1493 1396 1544 οὐδὲν
1432 1491 1676 1562 ἀνδρεῖον
1711 1494 1829 1543 ἐπι-

253 1583 530 1635 δεικνύναι
563 1584 776 1652 ἕχοντες
806 1585 948 1637 κατά
1000 1584 1098 1652 τῆς
1138 1584 1366 1652 πλάνης,
1403 1585 1468 1654 ἣν
1498 1584 1827 1646 πλανῶνται,

255 1673 395 1725 ἀλλά
433 1675 546 1736 τοῖς
588 1674 656 1726 τὰ
686 1674 903 1745 πονηρὰ
942 1674 1290 1728 διδάσκουσιν
1320 1674 1539 1736 αὐτοὺς,
1574 1675 1666 1724 καὶ
1690 1674 1826 1726 ἀπο·

260 1765 603 1819 κατάστασιν
661 1764 1160 1834 ἐπαγγελλομένοις
1234 1765 1822 1834 ὑποκατακλινόμενοι.

262 1859 438 1909 Τοῦτο
462 1857 516 1909 δὲ
547 1831 848 1927 πάσχουσιν
879 1859 940 1910 ὲν
976 1831 1080 1920 σοὶ,
1113 1858 1387 1921 τουτέστι,
1418 1857 1556 1910 διότι
1589 1831 1724 1927 πρὸς
1769 1856 1827 1908 σὲ
1863 1831 1905 1886 Β

259 1948 531 2018 ἀφορῶσι,
564 1948 654 2000 καὶ
680 1947 739 2000 σὲ
778 1948 1073 2001 ἀπολαϐεῖν
1090 1947 1423 2012 ἐλπίζουσιν,
1454 1949 1554 2002 οὐκ
1582 1948 1828 2001 ἐννοοῦνο

256 2057 371 2102 τες,
399 2041 480 2092 ὅτι
503 2040 637 2109 ἄλλη
666 2039 1024 2110 Ἰερουσαλήμ
1055 2042 1204 2093 ἐστιν
1227 2041 1586 2106 ἀκατάλυτος,
1619 2042 1652 2110 ἡ
1679 2040 1831 2092 ἐλευ-

257 2130 416 2199 θέρα,
450 2131 483 2200 ἠ
521 2131 704 2201 μήτηρ
737 2131 953 2184 πάντων
979 2131 1090 2185 τῶν
1124 2131 1347 2202 Χριστῷ
1369 2134 1760 2185 πιστευόντων.

336 2308 466 2373 Τοῖς
505 2307 738 2376 ἐχθροῖς
781 2323 898 2361 σου
932 2308 1317 2377 ἀνοιγόμεναι
1363 2307 1832 2378 ἀναχθήσονται

261 2403 447 2455 πύλαι
478 2399 585 2466 τῆς
624 2399 732 2468 γῆς
771 2417 910 2455 σου.
962 2401 1378 2470 Καταράγεται
1411 2401 1530 2468 πῦρ
1558 2400 1699 2465 τοὺς
1727 2415 1834 2467 μο-

260 2494 455 2561 χλούς
481 2506 619 2544 σου.
651 2493 715 2543 Ai
763 2491 950 2551 πύλαι,
1008 2493 1163 2561 φησὶ,
1213 2491 1322 2544 τῶν
1352 2491 1562 2543 πόλεων
1594 2489 1694 2557 τῆς
1729 2489 1832 2556 γῆς

263 2602 358 2637 σου
419 2585 826 2654 ἀνοιχθήσονται
871 2585 983 2646 τοῖς
1012 2585 1252 2655 Πέρσαις
1279 2601 1292 2615 ·
1339 2586 1395 2636 αἱ
1452 2585 1550 2654 μὲν
1595 2582 1830 2645 ἀπόνως,

261 2677 359 2728 ἅτε
391 2677 501 2728 τῶν
545 2677 749 2738 ταύτας
781 2676 1096 2747 τηρούντων
1158 2675 1420 2733 ἑκουσίως
1451 2672 1832 2744 προσχωρούν-

259 2783 369 2818 των
397 2785 411 2798 ·
451 2768 504 2818 αἱ
544 2766 600 2819 δὲ
637 2765 1180 2836 ὲκπολορκούμεναι,
1234 2766 1329 2818 καὶ
1377 2766 1482 2817 ὑπὸ
1514 2767 1680 2834 πυρὸς
1710 2764 1836 2824 τοὺς

266 2858 502 2926 μοχλοὺς
537 2858 950 2925 δαπανώμεναι.
1002 2857 1070 2910 Ἣ
1115 2857 1176 2910 ού
1223 2857 1352 2926 περὶ
1400 2855 1586 2907 πυλῶν
1626 2854 1836 2906 πόλεων

261 2944 436 3012 λέγει,
486 2946 622 2997 ἀλλὰ
665 2945 909 3015 βούλεται
966 2945 1339 3011 ἐνδείξασθαι,
1383 2946 1465 2998 ὅτι
1509 2945 1570 2997 Ἦ
1617 2946 1686 3014 γῆ
1742 2961 1834 2996 σου

263 3036 452 3088 ἅπασα
484 3035 637 3089 ἔσται
680 3037 941 3106 ἀνειμένη
975 3038 1056 3101 είς
1089 3028 1442 3109 καταδρομὴν
1476 3037 1571 3090 καὶ
1616 3035 1837 3105 διαφθο-

1931 585 2160 648 scenlis,
2214 581 2688 655 describentisque
2719 601 2814 639 eas
2844 586 2896 638 in
2922 587 3126 654 psalmo
3155 588 3466 659 quinquage

1927 688 2086 727 ειιηο.

2002 847 2167 902 Vens.
2205 850 2289 903 15.
2324 850 2402 903 En
2454 852 2677 920 populus
2718 861 2862 914 tuus,
2925 871 3016 907 ceu
3051 853 3262 923 [emintv
3315 857 3368 910 in
3428 868 3494 913 te.

1944 938 2056 992 Hoc
2091 950 2196 1002 νει,
2256 941 2537 994 fortissimi
2618 945 2818 1012 quique
2877 946 3075 1000 milites
3143 948 3500 1016 trepidatione

1927 1033 2231 1092 constricti.
2265 1035 2397 1085 nihil
2425 1035 2812 1102 discrepabunt
2847 1051 2873 1086 a
2908 1034 3143 1089 feminis.
3181 1036 3290 1091 Iloc
3311 1048 3493 1091 autem

1937 1123 2211 1189 pztlit'ttlttr
2247 1124 2300 1176 iu
2349 1134 2417 1185 te,
2448 1126 2548 1208 Ιιρε
2574 1137 2681 1189 est,
2719 1135 2939 1195 preptcr
2968 1135 3020 1180 te
3044 1135 3097 1181 et
3130 1139 3346 1195 peccata
3383 1140 3496 1191 tua,

1932 1212 2351 1280 suptn‘biamqne
2379 1223 2550 1267 tuam.
2593 1214 2810 1268 Strenui
2839 1216 3058 1283 quidem
3083 1226 3210 1271 sunt.
3245 1227 3296 1270 et
3335 1217 3500 1271 fortes

1934 1319 2026 1371 per
2053 1319 2196 1366 sese,
2230 1320 2417 1357 verum
2477 1315 2531 1357 tu
2573 1307 2724 1374 ipsos
2787 1309 3140 1363 meticulosos
3193 1311 3497 1374 reddidisti,

1930 1393 1994 1444 ad
2021 1395 2154 1446 iram
2180 1409 2528 1450 connnovens
2558 1396 2872 1452 Dominum.
2901 1399 3136 1468 Populus
3158 1402 3320 1454 etiam
3351 1411 3498 1467 tuus,

1929 1497 1962 1535 0
2000 1480 2300 1536 Jerusalem
2349 1484 2575 1552 reiecta,
2619 1485 2946 1539 feminarum
3013 1490 3306 1544 induerunt
3347 1507 3498 1544 men-

1931 1579 2038 1625 tem
2083 1590 2095 1624 :
2133 1571 2266 1624 nihil
2299 1573 2450 1626 virile
2483 1573 2866 1630 demonstrare
2899 1587 3152 1646 possunt,
3201 1589 3389 1632 contra
3417 1597 3504 1635 er-

1931 1679 2136 1729 rorem,
2171 1680 2278 1734 quo
2320 1675 2452 1718 sunt
2482 1667 2676 1719 imbuti
2710 1685 2723 1720 :
2757 1679 3016 1722 cwterum
3055 1685 3221 1738 prava
3259 1671 3507 1724 docenti-

1938 1755 2038 1809 bus
2069 1771 2186 1818 eos,
2215 1756 2735 1825 restitutionemque
2781 1760 3238 1827 promittentibus
3268 1763 3506 1814 animum

1934 1846 2278 1902 advertentes
2313 1867 2325 1902 :
2354 1848 2514 1918 idque
2549 1850 2829 1917 patiuntur
2852 1850 3013 1920 245
3047 1853 3100 1904 in
3132 1860 3205 1914 te,
3254 1853 3357 1907 hoc
3399 1863 3508 1918 est,

1933 1947 2217 2009 propterea
2238 1939 2385 2010 quod
2418 1924 2719 2009 respiciunt
2754 1943 2816 1994 ad
2849 1953 2903 1993 te
2940 1959 2953 1993 :
2983 1952 3162 2010 teque,
3191 1958 3225 1996 o
3261 1943 3506 2005 Domine,

1895 2034 2176 2111 “recipere
2225 2039 2661 2101 sperant,anon
2725 2032 3090 2103 intelligentes
3158 2035 3318 2086 aliam
3385 2050 3508 2088 esse

1932 2123 2232 2177 Jerusalem
2261 2123 2724 2186 indissolubilem,
2780 2124 2951 2192 ipsam
3002 2123 3332 2189 Ecclesium,
3387 2141 3509 2195 quae

1935 2225 2107 2269 mater
2133 2223 2218 2267 est
2251 2213 2494 2266 omnimn
2536 2213 2762 2268 Christo
2789 2216 3128 2269 credentium
3157 2216 3226 2270 ".

1965 2300 1976 2308 ’
2004 2304 2256 2358 Hostibus
2298 2305 2400 2358 tuis
2449 2315 2646 2372 aperta:
2675 2307 2977 2373 aperientur
3004 2318 3170 2375 porta:
3208 2318 3361 2362 terra:
3382 2319 3508 2373 ttur,

1935 2396 2168 2449 absumet
2240 2397 2377 2466 ignis
2411 2407 2573 2449 recte:
2636 2407 2773 2449 tuos.
2807 2396 3003 2460 Portte,
3052 2400 3246 2466 inquit,
3297 2400 3510 2454 urbium

1936 2496 2093 2542 terra:
2124 2498 2228 2541 tua:
2292 2489 2640 2542 recludantur
2665 2489 2863 2555 Persis,
2890 2490 3006 2543 aliae
3030 2490 3249 2560 quidem
3275 2491 3410 2546 citra
3431 2492 3511 2544 la-

1937 2581 2148 2641 borem,
2186 2590 2440 2647 tanquam
2490 2579 2844 2634 observarent
2893 2595 2987 2636 eas
3025 2581 3124 2644 illi,
3153 2582 3384 2652 ideoque
3421 2583 3508 2636 nl-

1936 2681 2024 2724 tro
2079 2673 2466 2725 admitterent:
2519 2672 2636 2724 aliae
2682 2687 2808 2725 vero
2840 2672 3100 2735 obsessa},
3147 2688 3211 2727 ac
3255 2674 3511 2744 repagula

1937 2762 2044 2831 igni
2087 2763 2371 2828 absumpta
2409 2771 2672 2816 tenentes.
2708 2761 2805 2816 Vel
2852 2779 2960 2816 non
2999 2773 3206 2819 tantum
3251 2765 3317 2820 de
3345 2769 3514 2834 portis

1937 2852 2151 2904 urbium
2206 2853 2318 2904 liznc
2372 2851 2527 2916 dicit,
2573 2860 2830 2906 eat-terum
2889 2853 3131 2907 indicare
3175 2854 3310 2920 vult,
3341 2863 3509 2911 totam

1938 2951 2139 2995 terram
2175 2951 2322 2994 tuam
2375 2942 2443 2995 ad
2505 2943 2991 3011 impugnationem,
3040 2943 3403 3002 incursionem
3462 2956 3518 3002 et

1939 3033 2216 3087 interitum
2237 3034 2489 3086 traditam
2512 3048 2653 3096 esse,
2678 3048 2798 3101 quae
2818 3035 3048 3088 antehac
3069 3036 3203 3090 adeo
3220 3045 3336 3090 erat
3363 3040 3512 3092 inac-

267 3127 390 3195 ράν,
418 3127 539 3196 ἦτις
568 3128 760 3197 πρώην
784 3128 958 3192 οὕτως
994 3125 1064 3199 ἦν
1087 3129 1417 3192 ἀνεπίϐατος
1445 3131 1557 3192 τοῖς
1596 3128 1832 3197 ἐχθροῖς,

1940 3119 2113 3180 cessa
2161 3125 2377 3179 hostilia
2436 3125 2801 3190 audentibus,
2856 3135 2914 3178 ut
2976 3127 3138 3181 veluti
3189 3129 3515 3197 quibusdam

264 3217 338 3279 ὡς
374 3218 444 3270 ἂν
473 3218 577 3270 ὑπὸ
604 3219 787 3270 πυλῶν
817 3237 979 3272 τινων
1010 3219 1524 3288 κατησφαλισμένη.
1573 3218 1684 3271 Καὶ
1710 3218 1838 3279 τοὺς

267 3307 498 3375 μοχλοὺς
549 3307 606 3359 δέ
641 3325 758 3371 σου,
803 3309 1070 3372 τουτέστι,
1110 3309 1291 3361 πᾶσαν
1341 3308 1439 3378 τὴν
1471 3308 1703 3376 δύναμίν
1743 3324 1835 3358 σου

264 3399 362 3451 καὶ
412 3398 731 3465 ἀσφάλειαν,
786 3400 921 3468 πῦρ,
969 3402 1271 3464 τουτέστιν,
1325 3401 1356 3469 ἡ
1401 3401 1509 3452 τῶν
1559 3401 1836 3466 πολεμίων

265 3487 633 3551 ἀνυπόστατος
680 3491 773 3542 καὶ
827 3489 1103 3560 φλογώδης
1136 3491 1385 3560 δύναμις,
1428 3490 1828 3544 καταναλώσει.

265 3577 347 3644 Γή
379 3577 486 3629 τῶν
523 3579 812 3642 Ἰουδαίων,
846 3582 876 3649 ἡ
909 3582 1045 3632 κατά
1069 3581 1131 3633 τὸ
1156 3583 1391 3650 γράμμα
1421 3581 1663 3634 πολιτεία
1690 3583 1839 3634 κάτω

268 3670 522 3738 κειμένη.
565 3669 713 3739 Αὕτη
758 3673 944 3740 μέντοι
993 3671 1169 3736 πύλας
1199 3669 1315 3742 εἶχε
1355 3675 1492 3745 πρὸς
1525 3676 1586 3726 τὸ
1617 3675 1838 3744 Πνεῦμα

267 3759 563 3828 φερούσας,
623 3763 827 3826 αἵτινες
886 3762 1220 3833 ἠνοίχθησαν
1269 3765 1382 3826 τοῖς
1438 3765 1702 3830 ἐθνικοῖς,
1746 3765 1839 3827 οῦς

265 3850 499 3918 ἐχθροὺς
537 3847 683 3920 εἶχον
708 3852 757 3904 οἱ
788 3855 849 3904 ὲκ
877 3854 1182 3921 περιτομῆς
1235 3855 1329 3906 καὶ
1360 3853 1698 3922 βδελυκτούς.
1728 3855 1838 3907 Καὶ

264 3943 395 4003 τοὺς
428 3942 656 4012 μοχλοὺς
683 3944 740 3996 δὲ
766 3945 968 4007 αὐτῶν,
995 3948 1090 3996 καὶ
1110 3945 1178 3997 τὰ
1197 3945 1528 4014 ὀχυρώματα
1555 3947 1652 4015 τῆς
1675 3948 1840 4015 Φαρι-

267 4032 468 4101 σαῖκῆς
505 4035 875 4101 διδασκαλίας,
926 4037 986 4088 τὸ
1027 4037 1140 4108 πῦρ
1192 4039 1287 4091 τοῦ
1332 4039 1690 4108 εὐαγγελικοῦ
1747 4042 1838 4094 καὶ

265 4126 646 4193 πνευματικοῦ
675 4127 834 4194 λόγου
869 4129 1198 4198 κατέφαγεν.

343 4216 538 4284 ’Υδωρ
568 4219 857 4287 πειζροχῆς
885 4221 1219 4276 ἐπισπεῖσαι
1245 4223 1476 4292 σεαυτῇ
1498 4241 1511 4253 ·
1547 4225 1837 4293 κατακρά-

265 4325 462 4377 tneor
492 4309 612 4364 τῶν
649 4313 1050 4381 ὀχυρωμάτων⁸
1075 4329 1214 4369 σου.
1275 4318 1338 4370 Oi
1390 4316 1691 4381 Νινευῖται,
1723 4318 1836 4371 Κύ-

269 4418 371 4472 ρου
401 4403 712 4472 πολιορκεῖν
743 4405 940 4468 αὐτοὺς
975 4406 1284 4475 μέλλοντος,
1313 4408 1546 4472 δεδιότες
1569 4409 1666 4479 τὴν
1702 4410 1840 4463 ἆλωο

1949 3219 2119 3288 portis
2139 3217 2439 3270 munimina
2471 3217 2572 3271 sibi
2596 3218 2882 3284 praeberet.
2906 3217 3099 3273 Vectes
3122 3228 3262 3284 tuos,
3283 3223 3387 3276 hoc
3411 3233 3515 3288 est,

1945 3324 2160 3361 omnem
2197 3307 2494 3376 potentiam
2533 3309 2681 3359 tuam
2730 3317 2783 3362 et
2831 3309 3213 3381 munitionem,
3252 3312 3516 3366 securita-

1947 3409 2152 3453 temre:
2175 3400 2334 3468 ignis,
2372 3399 2475 3453 hoc
2490 3409 2593 3463 est,
2627 3401 2864 3453 hostium
2896 3401 3253 3457 intolerabilis
3281 3413 3335 3457 et
3367 3402 3521 3456 ﬂam-

1947 3505 2065 3543 mea
2106 3491 2208 3554 vis,
2253 3489 2515 3556 insumet,
2578 3489 2788 3558 perdet.
2853 3491 3017 3544 'l'erra
3067 3490 3377 3546 Judazorum
3437 3504 3521 3549 est

1949 3582 2276 3651 resiiublica,
2319 3581 2475 3649 juxta
2509 3581 2742 3634 litteram
2781 3583 2912 3650 legis
2952 3584 3413 3654 traditionumque
3462 3588 3517 3640 in

1947 3674 2055 3729 imo
2084 3675 2288 3742 iacens.
2321 3674 2394 3727 Ea
2428 3682 2615 3743 portas
2649 3674 2881 3728 habebat
2917 3674 2984 3728 ad
3013 3675 3275 3742 Spiritum
3317 3677 3521 3731 ducen-

1945 3777 2053 3831 tes,
2088 3782 2210 3835 qua:
2231 3766 2484 3835 gentibus
2516 3775 2715 3834 aperta:
2746 3774 2872 3818 sunt
2903 3783 2916 3818 :
2949 3780 3087 3834 quas
3116 3782 3239 3820 cum
3268 3767 3518 3821 inimicas

1947 3869 2060 3912 tum
2084 3858 2472 3920 exsecrabiles,
2495 3858 2584 3926 qui
2613 3871 2678 3910 ex
2705 3857 3120 3911 circumcisione
3152 3868 3328 3924 erant,
3360 3874 3521 3928 repu-

1945 3951 2156 4005 tabant.
2182 3950 2426 4019 Ipsorum
2455 3949 2735 4018 repagula,
2762 3948 2813 4001 id
2848 3956 2953 4013 est,
3001 3949 3302 4001 munimina
3337 3949 3519 4017 phari-

1946 4043 2107 4096 saica:
2140 4039 2427 4104 doctrinae,
2479 4037 2622 4108 ignis
2658 4037 2954 4106 evangelici
2987 4046 3040 4091 et
3063 4037 3362 4106 spiritualis
3396 4053 3516 4094 ser-

1946 4134 2123 4188 monis
2150 4131 2448 4186 devoravit.

2022 4225 2182 4278 Vsus.
2223 4222 2544 4291 N.Aquam
2585 4221 2837 4274 circuitus
2878 4220 3089 4273 attrahe
3129 4220 3224 4273 tibi
3269 4221 3390 4287 ipsi,
3427 4237 3518 4273 or-

1946 4335 2078 4386 cupa
2119 4318 2442 4370 munimenta
2488 4323 2601 4368 tua.
2654 4314 2765 4383 (62)
2807 4311 2918 4365 lloc
2963 4323 3074 4375 est,
3110 4313 3323 4366 munito
3359 4315 3517 4382 aquis

1947 4412 2352 4480 propugnacula
2387 4414 2502 4462 tua.
2538 4415 2699 4475 teque
2726 4405 2918 4476 ipsam.
2952 4401 3236 4468 Ninevim,
3258 4403 3403 4473 Cyro
3421 4420 3518 4458 eos

270 4511 381 4558 σιν,
413 4496 620 4561 τάφους
666 4494 866 4560 ἔξωθεν
896 4497 1280 4567 διωρύξαντες,
1315 4501 1408 4552 καὶ
1436 4500 1580 4567 ὓδωρ
1615 4500 1748 4552 πολὺ
1778 4501 1838 4552 τὸ

1947 4501 2222 4555 obsidione
2243 4498 2513 4561 cineturo,
2549 4503 2856 4549 metuentes
2880 4495 3184 4562 captionem
3210 4494 3318 4558 sui,
3351 4493 3518 4549 fossis

270 4583 375 4652 μὲν
404 4585 483 4644 εἰς
513 4584 682 4644 αὐτάς
729 4585 1195 4654 ὲπισπασαμενοι,
1237 4589 1297 4639 τὸ
1349 4588 1405 4640 δὲ
1448 4592 1540 4640 καὶ
1575 4589 1716 4642 κατὰ
1748 4591 1844 4657 τῆς

267 4673 466 4737 λοιπῆς
498 4674 825 4739 ὲπσφιέντες
873 4673 1152 4739 πεδιάδος,
1205 4674 1343 4728 ὥστε
1376 4677 1470 4728 καὶ
1500 4676 1566 4727 τά
1604 4676 1844 4744 τέλματα

267 4761 569 4826 γενέσθαι,
622 4760 789 4830 ᾤοντο
841 4764 938 4829 τὴν
988 4768 1065 4826 εἰς
1118 4765 1215 4831 τὴν
1259 4764 1413 4816 πόλιν
1455 4764 1690 4833 πάροδον
1732 4765 1845 4825 τοῖς

267 4854 490 4922 ἐχθροῖς
526 4853 811 4921 ἀπείρξειν
839 4853 979 4922 (61).
1027 4854 1200 4906 Τοῦτο
1233 4853 1325 4907 οῦν
1357 4872 1489 4922 φησι
1535 4854 1652 4906 κατ’
1685 4858 1844 4925 εἰρω-

268 4946 424 4997 νείαν
459 4949 487 4998 ό
526 4945 660 5009 Θεὸς
709 4947 944 4999 ἐνταῦθα
969 4964 982 4977 °
1028 4949 1350 5017 Ἀσιράλισαι
1382 4949 1638 5019 σεαυτὴν,
1667 4948 1754 5002 διά
1784 4964 1842 5000 τε

268 5036 367 5089 τοῦ
408 5038 818 5091 ἐπισπάσασθαι
872 5039 1017 5110 ὕδωρ
1046 5041 1232 5110 κύκλῳ
1275 5041 1531 5110 περιέχον
1560 5042 1628 5094 τά
1668 5041 1843 5110 τείχη,

270 5129 368 5180 καὶ
397 5128 483 5180 διὰ
521 5129 612 5182 τοῦ
654 5132 925 5200 κρατῆσαι
958 5132 1063 5184 τῶν
1093 5133 1467 5203 ὀχυρωμάτων
1500 5151 1616 5198 σου,
1656 5133 1765 5186 τῶν
1787 5149 1845 5185 τε

269 5216 522 5284 πύργων,
553 5222 645 5272 καὶ
670 5221 778 5272 τῶν
801 5221 1020 5274 λοιπῶν.
1059 5223 1244 5292 ’Ύδωρ
1282 5225 1542 5294 περιοχῆς
1580 5220 1648 5292 ἦν
1677 5225 1709 5293 ή
1741 5224 1848 5276 τῶν

269 5310 584 5379 Φαρισαίων
612 5311 954 5378 διδασκαλία,
989 5315 1322 5385 περιέχουσα
1352 5317 1449 5368 καὶ
1486 5315 1849 5383 συγκλείουσα

343 5451 385 5482 ³⁸
418 5451 620 5520 Ephes.
650 5469 704 5516 γ,
730 5452 818 5504 25.

1946 4591 2077 4645 foris
2107 4588 2340 4651 ell‘ossis,
2391 4586 2618 4640 multum
2652 4599 2806 4652 aqua:
2849 4583 3048 4652 partim
3073 4582 3281 4637 eisdem
3314 4585 3520 4638 imn'oit-

1946 4692 2144 4743 tentes,
2174 4681 2372 4751 partim
2404 4693 2500 4747 per
2529 4678 2791 4743 reliquam
2827 4675 3105 4744 planitiem
3139 4674 3422 4739 dcentes,
3459 4687 3516 4730 ut

1942 4775 2202 4844 palustria
2244 4774 2454 4834 ﬁerent,
2507 4767 2918 4822 arbitrabantur
2951 4781 3009 4820 se
3050 4765 3288 4820 inimicis
3321 4768 3387 4820 ad
3422 4783 3518 4820 ur-

1941 4868 2062 4921 bem
2121 4865 2323 4917 aditum
2373 4863 2745 4929 adempturos.
2799 4857 2914 4911 Hoc
2960 4859 3123 4927 igitur
3158 4873 3250 4925 per
3281 4858 3512 4912 ironiam

1940 4957 2119 5026 inquit
2157 4957 2298 5010 Deus
2328 4972 2340 5008 :
2365 4952 2573 5005 Munito
2623 4961 2674 5004 te
2720 4949 2834 5019 jam
2867 4963 3014 5002 nunc
3047 4964 3141 5016 per
3196 4947 3515 5002 effusionem

1942 5061 2097 5116 aqum
2134 5044 2331 5097 mmnia
2382 5049 2474 5093 tua
2526 5038 2978 5101 circumﬂuentis,
3023 5050 3086 5090 ac
3137 5035 3403 5104 prasidiis
3461 5037 3515 5088 in

1943 5134 2372 5208 propugnacula,
2404 5141 2608 5196 turres,
2640 5132 2800 5200 idque
2825 5144 2996 5199 genus
3022 5128 3156 5182 alias
3184 5128 3515 5181 munitiones

1946 5228 2214 5283 locandis.
2265 5227 2416 5293 Aqua
2461 5223 2818 5277 circumcirca
2855 5223 3081 5290 cingens
3118 5220 3513 5273 Phariszeorum

1947 5319 2112 5371 etiam
2158 5315 2405 5370 doctrina
2447 5321 2587 5378 erat,
2636 5313 2880 5366 ambiens
2921 5311 3035 5380 (65)
3075 5310 3516 5377 οοιιεΙιιιιεηειιιιθ

1379 5545 1580 5605 Variae
1616 5543 1922 5606 lectiones
1966 5549 2028 5604 et
2072 5547 2253 5604 notae.

341 5644 453 5711 (6|)
496 5642 829 5712 ’Δπείργειν,
864 5643 996 5698 Cod.
1040 5643 1177 5700 Ven.

343 5717 459 5786 (62)
483 5714 958 5768 Desideranturin
996 5724 1228 5783 utroque
1257 5714 1390 5770 Cod.
1425 5718 1589 5771 verba
1628 5717 1841 5771 Latinis

271 5785 382 5849 bis,
418 5785 529 5838 Hoc
561 5792 660 5845 est,
707 5786 909 5836 munito
952 5787 1099 5858 aquis
1125 5787 1516 5857 propugnacula
1564 5802 1655 5842 tua
1695 5799 1842 5856 teque

1940 5647 2138 5714 ipsam,
2163 5643 2568 5714 respondentia.

2012 5704 2331 5784 (65)'Gu':eca
2357 5717 2435 5766 sic
2462 5713 2665 5784 habent
2707 5708 3169 5784 :Concludensque
3208 5704 3302 5759 sub
3350 5704 3511 5775 legem

1942 5781 2029 5840 eos
2059 5787 2148 5854 qui
2180 5784 2420 5855 (aquam)
2454 5783 2621 5850 ipsam
2651 5781 2944 5833 attrahunt.
