4210 6436
250 387 389 455 1045

1101 391 1505 454 EXPOSITIO
1533 391 1613 453 ΙΝ
1643 390 2102 454 PROPHETAM
2146 396 2421 460 NAIIUM
2468 447 2479 459 .
2516 426 2583 437 —
2622 403 2776 465 CAP.
2804 402 2919 467 IlI.

3370 404 3505 470 1046

250 514 401 581 μίξει
430 515 457 566 ὁ
511 511 801 582 Ασσύριος,
833 512 891 565 ὃν
927 512 961 583 ἡ
991 512 1235 584 ἡμετέρα
1274 512 1525 582 βασιλεία
1580 513 1824 583 ῥᾴθυμον
1856 515 1899 571 Α

1856 515 1899 571 Α
1929 513 2008 568 lex
2038 524 2090 570 et
2118 516 2378 571 ducti-inre
2412 520 2658 580 verbum.
2692 529 2806 575 tum
2836 537 2938 577 nos
2971 522 3022 576 in
3055 538 3307 592 soporem
3333 526 3502 580 etiam

246 606 398 657 ποιεῖ
436 604 571 674 (74),
600 604 784 658 δοῦλον
813 604 944 657 ὅντα
974 606 1067 658 καὶ
1096 605 1429 677 ἀποστάτην.

329 784 591 851 Ἀπῆρεν
610 788 641 838 ό
668 787 816 851 ,λαός
833 800 948 839 σου
970 784 1069 839 ἐπὶ
1087 784 1156 839 τὰ
1176 785 1303 853 ὄρη,
1329 786 1425 842 καὶ
1446 786 1556 840 οὐκ
1574 782 1653 856 ἦν
1672 786 1827 840 ὲκδε·

247 879 527 943 χιτμενος.
577 879 696 930 Τῶν
717 879 993 947 ἀρχόντων
1024 896 1142 943 σου,
1189 880 1344 948 φησὶ,
1383 880 1473 933 καὶ
1533 880 1825 949 σατραπῶν

247 970 633 1031 ἀπολωλότων,
657 973 684 1022 ὁ
709 970 894 1031 λοιπὸς
917 971 1042 1030 λαὸς
1058 972 1137 1036 εἰς
1162 972 1340 1041 φυγὴν
1362 975 1618 1041 τραπεὶς,
1644 975 1734 1026 ἐπὶ
1759 976 1826 1027 τὰ

246 1062 349 1131 διν-ι
385 1062 679 1131 ἀνέδραμε,
716 1066 809 1116 καὶ
847 1064 945 1116 οὐκ
979 1059 1048 1133 ἦν
1079 1066 1106 1118 ὁ
1129 1064 1455 1117 ἀνακόπτων
1477 1066 1692 1130 αὐτοὺς,
1734 1068 1825 1118 καὶ

251 1154 417 1205 ἱστῶν
452 1155 559 1207 ἀπὸ
580 1154 678 1223 τῆς
701 1156 879 1225 φυγῆς
900 1172 913 1186 ⁸
940 1157 1055 1209 ἀλλ’
1088 1156 1177 1209 ἀεὶ
1196 1156 1527 1225 προσωτέρω
1554 1156 1783 1225 ἔφευγον
1812 1174 1823 1187 ·

249 1244 282 1309 ἢ
330 1246 359 1295 ὁ
404 1245 657 1311 συνάγων
714 1246 910 1307 αὐτοὺς
939 1247 1045 1299 ἀπὸ
1071 1246 1172 1315 τῆς
1208 1248 1403 1315 φυγῆς.
1432 1246 1620 1307 Οὕτως
1649 1249 1754 1316 γὰρ
1776 1249 1825 1301 οἱ

246 1335 429 1387 λοιποὶ
486 1338 860 1406 ήρμήνευσαν.
912 1339 1020 1392 Καὶ
1058 1341 1085 1391 ὁ
1122 1340 1247 1401 λαὸς
1280 1340 1336 1392 δὲ
1383 1342 1490 1393 τῶν
1527 1340 1821 1408 Ἐϐραίων.

246 1431 346 1481 ἐπὶ
381 1433 449 1481 τά
474 1431 601 1491 τοὺς
641 1431 865 1499 νοητοὺς
901 1431 1071 1502 θῆρας
1103 1431 1298 1500 ἔχοντα
1341 1432 1440 1503 ὅρη
1473 1431 1823 1501 ἀναδραμὼν,

245 1519 350 1571 οὐκ
376 1518 485 1587 ἔχει
526 1519 619 1571 τὸν
637 1518 946 1589 δεχόμενον,
980 1522 1073 1573 καὶ
1101 1522 1333 1575 ἱστῶντα
1361 1521 1525 1574 αὑτοῦ
1554 1522 1654 1591 τὴν
1692 1521 1828 1574 πλά-

245 1629 369 1679 νην.
405 1612 527 1672 Πῶς
556 1613 664 1681 γὰρ
687 1612 895 1676 δέξεται
920 1614 1081 1666 αὐτὸν
1110 1615 1137 1665 ὁ
1165 1612 1354 1665 εἰπών’
1396 1612 1730 1681 Ἄποσὼμαί
1752 1627 1826 1664 σε

246 1701 359 1754 τοῦ
412 1701 497 1770 μὴ
546 1706 869 1769 ἱερατεύειν
895 1722 1035 1773 μοι;
1078 1704 1237 1758 ’Λλλὰ
1272 1706 1364 1757 καὶ
1397 1706 1425 1756 ὁ
1466 1706 1821 1774 ἁμαρτάνων,

245 1795 378 1846 ὅταν
415 1795 591 1864 ᾀναὸᾖ
633 1797 724 1849 ἐπὶ
756 1796 823 1848 τὰ
872 1797 972 1867 ὅρη
1007 1800 1105 1865 τῆς
1133 1797 1599 1868 ὑψηλοφροσύνης,
1643 1799 1718 1862 ὡς
1748 1798 1823 1867 μὴ

1932 604 2109 660 delabi
2150 605 2278 661 iacit
2306 610 2568 679 Assyrius
2628 612 2738 671 ille.
2794 629 2954 682 quem
2981 629 3208 685 regnum
3247 626 3501 672 nostrum

1930 708 2213 754 strenuum
2247 700 2429 765 eﬂicit,
2464 718 2585 756 cum
2619 719 2810 760 servus
2846 708 2914 759 sit
2947 717 3108 777 atque
3137 708 3409 763 desertor.

2001 792 2144 844 Abiit
2184 794 2411 859 populus
2442 804 2560 848 tuus
2592 812 2747 864 super
2788 808 3007 860 montes,
3054 810 3103 853 et
3138 816 3239 852 non
3268 810 3382 853 erat
3413 802 3502 869 qui

1929 886 2212 952 exciperet.
2246 884 2593 954 Principibus
2627 897 2679 941 (νι
2722 890 2955 957 satrapis
2999 890 3373 958 pereuntibus,
3419 906 3505 943 re-

1931 978 2113 1046 liquus
2150 979 2386 1048 populus
2418 978 2482 1031 ad
2511 978 2687 1045 fugam
2721 996 3044 1043 conversus,
3082 998 3245 1051 super
3287 992 3501 1039 montes

1929 1070 2197 1134 cucurrit,
2242 1086 2340 1123 nec
2366 1081 2483 1123 erat
2518 1071 2609 1137 qui
2643 1081 3013 1125 remurarctur
3038 1088 3155 1136 eos,
3192 1074 3273 1125 vel
3307 1076 3501 1127 sistere

1928 1174 2022 1213 eos
2056 1160 2304 1226 gradum,
2348 1176 2413 1213 ne
2447 1175 2607 1229 porro
2648 1159 2914 1230 fugerent,
2953 1164 3157 1215 laceret
3189 1183 3203 1218 :
3239 1173 3498 1217 caeterum

1926 1267 2143 1320 semper
2178 1251 2408 1305 ulterius
2440 1251 2721 1321 fugiebant
2754 1270 2766 1304 :
2799 1254 2900 1316 vel,
2937 1269 3041 1305 non
3071 1262 3190 1306 erat
3220 1254 3313 1321 qui
3347 1269 3443 1305 eos
3470 1269 3497 1303 ιι

1929 1344 2052 1415 fuga
2111 1347 2389 1415 colligeret
2448 1345 2877 1414 susciperetque.
2955 1346 3045 1400 Sic
3098 1348 3244 1399 enim
3301 1346 3497 1414 reliqui

1929 1438 2270 1505 interpretati
2316 1444 2464 1490 sunt.
2517 1436 2753 1504 Populus
2800 1438 2964 1491 etiam
3007 1437 3384 1509 Hebraeorum,
3432 1436 3495 1488 ad

1929 1540 2172 1591 montes,
2226 1529 2493 1584 mentales
2547 1531 2691 1584 teras
2746 1532 3093 1586 continentes
3139 1543 3497 1600 procurrens.

1929 1634 2038 1673 non
2091 1619 2300 1672 invenit
2342 1619 2435 1687 qui
2486 1619 2713 1687 recipiat
2764 1635 2910 1685 eum,
2970 1622 3051 1673 vel
3095 1635 3336 1674 errorem
3379 1620 3499 1687 ejus

1929 1710 2109 1763 sistat.
2160 1708 2261 1774 Qui
2292 1711 2437 1763 enim
2472 1710 2701 1779 recipiat
2748 1726 2893 1770 eum,
2942 1727 3064 1765 cum
3109 1711 3359 1764 dixerit:
3399 1708 3498 1763 Re-

1926 1804 2118 1868 pellunt
2170 1812 2238 1865 te,
2284 1818 2345 1855 ne
2381 1802 2618 1872 fungaris
2666 1805 2965 1857 sacerdotio
3007 1805 3133 1857 mihi
3156 1805 3241 1857 '9?
3295 1803 3503 1858 Deinde

243 1886 456 1939 οἴεσθαι
492 1888 849 1957 ἁμαρτάνειν,
882 1890 979 1942 οὐκ
1019 1888 1247 1958 ἔχειτὸν
1288 1890 1641 1959 ἐκδεχόμενον
1663 1893 1824 1947 αὐτὸν
1860 1880 1898 1933 Β

1860 1880 1898 1933 Β
1930 1892 2094 1964 249
2121 1902 2375 1963 peccator
2408 1893 2495 1947 ubi
2528 1894 2835 1949 ascenderit
2878 1896 2943 1950 ad
2988 1905 3201 1950 montes
3236 1910 3502 1966 arrogan—

245 1977 322 2040 ὡς
350 1981 782 2048 μετανοήσαντα.
812 1980 934 2043 Πῶς
964 1981 1071 2050 γὰρ
1101 1986 1423 2052 μετανοήσει
1463 1984 1489 2034 ὁ
1522 1982 1596 2053 μὴ
1640 1985 1818 2054 οἰόμε-

244 2089 338 2134 νος
374 2073 746 2141 ἁμαρτάνειν,
801 2074 1154 2142 φλεγμαίνων
1208 2075 1318 2145 (75)
1373 2077 1439 2145 τῇ
1482 2076 1680 2146 οἰήσει,
1724 2078 1822 2130 καὶ

246 2159 325 2228 τῷ
376 2162 475 2231 τῆς
525 2162 749 2233 καρδίας
802 2164 1090 2246 οἰδαίνοντιι
1122 2164 1310 2235 brum;
1350 2164 1424 2229 ὡς
1469 2165 1665 2219 καὶτὰ
1694 2164 1821 2235 ἑξῆς

244 2253 419 2323 δηλοῖ.

1931 1984 2040 2047 tite,
2106 1981 2468 2047 elationisve,
2524 1998 2699 2053 eoque
2764 1989 3091 2054 pervenerit,
3144 1996 3205 2040 ut
3262 2001 3384 2041 sese
3436 2000 3501 2040 ne

1930 2089 2162 2146 peccare
2215 2075 2436 2145 quidem
2488 2076 2788 2142 existimet,
2839 2094 2948 2132 non
2993 2078 3157 2133 habet
3196 2077 3290 2146 qui
3324 2079 3500 2147 ipsutn

1931 2168 2346 2237 resipiscentem
2379 2166 2645 2238 suscipiat
2684 2169 2981 2239 (quomodo
3008 2171 3155 2225 enim
3189 2171 3498 2241 resipiscat,

1930 2261 2207 2329 quomodo
2244 2260 2525 2315 meliorem
2566 2261 2733 2314 animi
2784 2263 3116 2317 sententiam
3161 2263 3371 2328 induat,
3407 2260 3501 2333 qui

249 2361 373 2401 sese
425 2348 849 2419 haudquaquam
894 2364 1120 2419 peccare
1174 2351 1572 2418 arbitretur“,
1630 2349 1829 2406 ardens
1867 2349 2049 2416 fastu,
2100 2354 2607 2423 intumescenteque
2692 2354 2875 2409 cordis
2949 2355 3214 2420 elatione,
3280 2356 3503 2425 perinde

250 2456 315 2493 ac
347 2442 629 2508 sequentia
677 2441 897 2512 planum
943 2442 1169 2499 faciunt.

326 2561 447 2613 Οὐκ
473 2558 642 2612 ἔστιν
684 2560 846 2625 lacte
898 2559 972 2629 τῇ
1008 2562 1297 2629 συντριϐῇ
1333 2577 1470 2626 σου,
1504 2562 1821 2631 ἐφλέγμαι-

248 2665 358 2704 νεν
397 2649 511 2720 (7G)
560 2650 596 2715 ἠ
636 2650 837 2719 πληγή
892 2666 1029 2705 σου.
1083 2652 1177 2705 Ἐκ
1216 2654 1529 2723 μεταφορᾶς
1568 2653 1674 2705 τῶν
1722 2653 1830 2707 ἀπὸ

252 2742 424 2810 ὕψους
458 2743 692 2809 μεγάλου
744 2743 1189 2803 καταπεσόντων.
1238 2744 1333 2798 καὶ
1364 2744 1477 2813 (77)
1513 2745 1828 2817 συντρισένο

250 2849 361 2884 των
388 2832 627 2901 ἦπόδας,
658 2834 688 2901 ἢ
715 2835 975 2905 χεῖρας,ἢ
1002 2834 1263 2904 κεφαλὴν,
1297 2835 1532 2898 ἀνιάτως
1562 2836 1829 2905 φλεγμαι-

254 2925 474 2986 νόντων,
504 2926 715 2995 εῐρηται
768 2925 962 2979 ταῦτα.
992 2926 1225 2990 Ἔπεσες
1256 2926 1383 2997 γὰρ,
1423 2928 1577 2995 φησί,
1611 2928 1702 2980 καὶ
1735 2928 1820 2991 σὺ,

253 3016 363 3067 ἀπὸ
418 3014 585 3085 ὕψους
626 3017 885 3087 μεγάλου,
939 3017 1040 3088 τῆς
1083 3019 1355 3088 προτέρας
1418 3018 1698 3089 δυνάμεως
1730 3020 1825 3072 καὶ

253 3106 433 3174 δόξης,
469 3109 562 3160 καὶ
619 3108 1009 3178 συνετρίϐησαν
1034 3110 1102 3161 τὰ
1131 3109 1472 3180 καιριώτατά
1504 3127 1618 3167 σου.
1650 3110 1700 3162 οἱ
1733 3109 1826 3179 βα-

256 3198 430 3259 σιλεῖς
463 3198 558 3248 καὶ
585 3199 631 3250 οἱ
664 3198 961 3267 σατράπαι*
994 3200 1085 3251 καὶ
1118 3202 1150 3269 ἡ
1175 3200 1324 3269 πηγὴ
1347 3217 1437 3250 σου
1462 3199 1821 3268 ἐφλέγμαινεν,

255 3286 422 3353 ὄγκον
461 3287 636 3357 μέγαν
662 3289 862 3359 σχοῦσα
889 3290 1258 3358 καὶιπύρωσιν
1290 3291 1397 3343 ἀπὸ
1428 3290 1559 3359 ὖλης
1598 3291 1820 3359 πολλῆς.

255 3380 423 3433 Ὅσον
476 3382 583 3452 γὰρ
608 3377 751 3451 ἦσθα
784 3382 1036 3445 πλουσία,
1069 3382 1321 3436 τοσοῦτον
1358 3384 1389 3452 ἡ
1421 3382 1697 3452 φλεγμονὴ
1723 3384 1823 3451 τῆς
1849 3364 1891 3424 C

253 3475 449 3543 ὀδύνης
501 3476 854 3545 σνροδροτέρα.
913 3477 1005 3529 Διὸ
1041 3475 1152 3546 (78)
1190 3477 1334 3538 τασις
1380 3479 1479 3529 οὐκ
1512 3477 1679 3538 ἔστιν,
1707 3476 1826 3528 οὐδὲ

253 3564 609 3635 ανακτηθήσῃ
666 3566 803 3635 (⁸79),
835 3566 926 3619 καὶ
982 3566 1080 3636 τὴν
1128 3567 1402 3635 προτέραν
1451 3567 1702 3619 εὔκλειαν
1734 3566 1827 3617 καὶ

253 3657 567 3710 εὐσθένειαν
597 3658 863 3728 ἀναλήψῃ.
905 3657 1064 3710 Ἀλλὰ
1095 3658 1241 3727 καὶή
1273 3657 1570 3725 Συναγωγή
1604 3674 1822 3725 συντρι-

253 3748 430 3810 ϐεῖσα,
487 3750 579 3800 καὶ
632 3750 722 3801 τὸν
767 3751 895 3800 ναὸν
946 3749 1040 3800 καὶ
1096 3748 1195 3816 τὴν
1235 3749 1390 3801 πόλιν
1438 3749 1815 3817 ἀφαιρεθεῖσα,

250 3840 488 3899 ἀνιάτως
518 3838 651 3906 ἔχει,
687 3840 779 3891 καὶ
799 3840 899 3891 οὐκ
934 3838 1461 3911 ἑπανακληθήσεται,
1485 3838 1585 3891 κᾶν
1603 3841 1818 3892 πλανωο

256 3928 413 3994 μένη.
448 3928 640 3997 ἐλπίζῃ
668 3929 766 3998 τὴν
821 3929 1215 3998 ὲπανάκλησιν.
1269 3930 1335 3982 Ἡ
1370 3930 1476 3997 γὰρ
1507 3930 1711 3998 πληγὴ,
1755 3929 1821 3999 ἣν

252 4023 493 4091 ἐπλήγη,
530 4022 839 4092 φλεγμονὴν
873 4021 1037 4091 εἶχεν.
1074 4022 1213 4090 ’Υλη
1261 4023 1321 4074 δὲ
1366 4025 1460 4090 τῆς
1516 4022 1822 4091 φλεγμονῆς

248 4114 483 4183 ταύτης.
521 4118 553 4183 ἠ
580 4115 894 4178 Θεοκτονία,
927 4114 1098 4183 πολλὴ
1127 4113 1261 4167 οὖσα
1289 4116 1382 4167 καὶ
1420 4114 1651 4182 μεγάλη.

2000 2563 2161 2616 Vens.
2194 2562 2274 2616 l9.
2309 2561 2426 2615 Non
2449 2572 2522 2615 est
2549 2562 2756 2613 sanatio
2793 2562 3103 2615 eontritioni
3138 2562 3503 2626 tuor,ardebat

1926 2653 2084 2723 plaga
2119 2662 2233 2705 tua.
2275 2652 2376 2705 Per
2412 2652 2813 2719 metaphoram,
2856 2653 2925 2706 ab
2956 2654 3175 2708 excelso
3206 2653 3499 2709 admodum

1928 2745 2046 2799 loco
2079 2743 2469 2805 decidentium,
2520 2751 2574 2795 et
2613 2744 2995 2808 contritorum,
3048 2744 3278 2813 ideoque
3310 2744 3501 2799 imme-

1927 2837 2241 2892 dicabiliter
2289 2837 2664 2897 aestuantium.
2700 2838 2812 2890 haec
2872 2846 3000 2889 sunt
3032 2837 3197 2891 dicta.
3239 2835 3497 2892 Decidisti

1930 2929 2099 2993 enim,
2138 2928 2354 2997 inquit,‘
2390 2937 2445 2981 et
2488 2936 2544 2980 tu
2595 2927 2662 2980 ab
2709 2927 2913 2993 ingenti
2971 2927 3257 2982 altitudine
3298 2928 3500 2999 prioris

1929 3019 2184 3091 potentiae
2214 3028 2320 3073 tua:
2344 3028 2396 3073 et
2429 3019 2618 3089 gloria:
2648 3036 2660 3070 :
2696 3020 2982 3089 collisique
3012 3030 3138 3074 sunt
3166 3030 3220 3075 et
3250 3022 3496 3087 contriti,

1929 3110 2376 3166 commodissima
2409 3117 2524 3173 tua,
2564 3124 2717 3179 reges
2747 3110 2867 3164 dico
2924 3118 2978 3162 et
3025 3120 3256 3178 satrapa:
3292 3131 3305 3167 :
3342 3114 3498 3185 plaga

1928 3212 1983 3260 et
2012 3202 2210 3256 vulnus
2246 3210 2397 3254 tuum
2432 3200 2823 3254 inﬂammatum
2859 3211 2965 3268 est,
2989 3211 3260 3258 tumorem
3312 3205 3501 3276 ingen-

1932 3302 2037 3347 tem
2079 3307 2191 3361 pra:
2251 3305 2310 3346 se
2364 3289 2569 3353 ferens,
2618 3298 2672 3344 et
2724 3291 3099 3346 incensionem
3152 3292 3220 3347 ab
3272 3294 3499 3349 materie

1929 3384 2119 3437 multa.
2161 3384 2379 3447 Quanto
2419 3384 2563 3435 enim
2598 3383 2909 3450 apulentior
2941 3382 3114 3447 fuisti,
3157 3392 3308 3439 tanto
3348 3400 3496 3441 nunc

1930 3474 2289 3528 inﬂammatio
2322 3481 2596 3541 aestusque
2643 3470 2848 3526 doloris
2902 3472 3277 3527 vehementior
3310 3489 3323 3524 :
3359 3487 3501 3541 quo-

1925 3568 2071 3619 circa
2101 3580 2209 3618 non
2239 3572 2322 3618 est
2352 3563 2581 3624 sanitas.
2634 3579 2808 3629 neque
2852 3564 3064 3616 curatio
3097 3578 3282 3632 porro.
3315 3579 3495 3633 neque

1926 3659 2214 3725 quisquam
2259 3658 2325 3709 de
2363 3667 2455 3708 tua
2490 3664 2601 3707 tam
2636 3655 2865 3708 adversa
2904 3656 3119 3708 fortuna
3149 3670 3497 3723 conquerens

1928 3750 2005 3802 tui
2064 3746 2435 3810 miserebitur,
2474 3761 2650 3815 neque
2710 3749 2949 3815 priorem
3000 3746 3379 3801 celebritatem
3442 3758 3498 3801 et

1929 3837 2306 3891 fortitudinem
2376 3836 2748 3904 recnperabis.
2807 3834 3093 3905 Synagnga
3133 3836 3299 3889 etiam
3361 3849 3496 3889 con-

1930 3930 2077 3995 trita,
2096 3928 2768 3997 temploetnrbespoliata,
2796 3929 2999 3981 nullam
3025 3931 3136 3996 jam
3166 3927 3495 3982 medicinam

1931 4020 2173 4075 admittit
2200 4036 2213 4072 :
2248 4035 2425 4088 neque
2455 4019 2694 4087 amplius
2723 4019 2903 4072 denuo
2936 4018 3001 4070 ad
3032 4019 3326 4087 pristinum
3379 4028 3493 4073 sta-

1930 4123 2044 4167 tum
2098 4112 2474 4174 revocabitur,
2534 4111 2748 4165 etiamsi
2808 4126 3020 4173 errans,
3092 4112 3496 4165 revocationem

251 4212 336 4264 sui
372 4210 606 4273 tandem,
634 4209 1173 4279 assumptionemque
1207 4219 1409 4277 speret.
1442 4208 1602 4279 Plaga
1627 4210 1795 4273 enim,
1838 4224 1947 4277 qua
1983 4222 2245 4278 percussa
2316 4213 2422 4271 est,
2472 4203 2953 4260 inﬂammationem
3016 4217 3171 4260 nacta
3236 4214 3341 4263 est.
3386 4206 3496 4261 Ha-

250 4302 419 4357 teries
479 4313 659 4357 autem
723 4302 1170 4380 inﬂammationis
1222 4303 1387 4372 hujus
1439 4314 1522 4358 est
1593 4304 1809 4358 Domini
1852 4302 2379 4367 interfectio,mnlta
2411 4311 2465 4356 et
2495 4316 2690 4370 magna
2714 4301 3009 4355 exsistens.

326 4396 554 4461 Πάντες
574 4399 629 4449 ol
658 4397 1034 4463 ἀκούσαντες
1070 4397 1183 4463 τὴν
1203 4398 1491 4465 ἀγγελίαν
1518 4414 1654 4461 σου,
1689 4417 1823 4467 κρο-

250 4488 513 4552 τὴσουσι
540 4487 740 4555 χεῖρας
769 4488 865 4540 ἐπὶ
891 4487 996 4541 σέο
1037 4488 1185 4541 διότι
1220 4490 1317 4541 ἐπὶ
1348 4491 1481 4542 τίνα
1512 4491 1623 4542 οὐκ
1646 4490 1824 4555 ἐπῆλ-

250 4581 359 4631 θεν
382 4579 419 4643 ἡ
446 4579 622 4630 κακία
643 4595 756 4630 σου
778 4578 875 4631 διὰ
903 4580 1160 4642 παντός;
1191 4580 1253 4631 Οἱ
1280 4579 1632 4643 ἀκούσαντες,
1667 4580 1821 4647 φησι,

251 4672 353 4736 τὴν
403 4669 532 4737 περὶ
602 4667 692 4720 σοῦ
740 4669 1021 4736 ἀγγελίαν,
1080 4669 1197 4731 πῶς
1250 4670 1594 4737 συνετρίϐης,
1658 4672 1750 4721 καὶ
1773 4669 1822 4721 τί

2004 4398 2199 4453 Omnes
2230 4397 2319 4465 qui
2359 4395 2625 4448 audierint
2649 4394 2783 4447 hanc
2806 4396 2868 4447 de
2891 4403 2936 4447 te
2969 4395 3195 4462 faniam,
3240 4394 3497 4462 plaudent

1922 4490 2164 4542 manibus
2206 4504 2362 4555 super
2408 4496 2474 4539 te.
2512 4485 2675 4550 Quem
2706 4487 2844 4538 enim
2879 4503 2985 4539 non
3026 4488 3250 4540 accessit
3281 4488 3494 4555 uﬂlictio

1925 4592 2014 4634 tua
2039 4581 2287 4647 semper?
2316 4580 2637 4641 Audientes,
2679 4579 2877 4645 inquit,
2937 4593 3057 4647 quae
3105 4579 3173 4633 de
3204 4589 3254 4632 te
3286 4580 3491 4648 passim

1923 4674 2291 4743 divulgantur,
2318 4667 2593 4738 quomodo
2618 4669 2697 4723 sis
2732 4671 2991 4731 contrita,
3022 4670 3222 4738 quidve
3253 4671 3331 4724 sis
3372 4686 3493 4739 per-

254 4758 555 4821 ττέπονθας,
611 4760 1048 4828 ἀναμνησθέντες
1082 4761 1191 4812 τῶν
1218 4760 1366 4828 παρὰ
1396 4761 1488 4813 σοῦ
1522 4763 1598 4823 είς
1626 4762 1821 4821 αὐτοὺς
1848 4792 1900 4851 D

1848 4780 2109 4851 Dpessa,
2168 4762 2432 4818 recordati
2487 4761 2649 4825 mala,
2706 4776 2828 4825 quae
2882 4761 2980 4813 abs
3045 4768 3099 4814 te
3156 4762 3488 4830 acceperint,

253 4850 581 4917 γενομένων,
607 4853 932 4921 κροτήσουσι
966 4854 1151 4922 χεῖρας
1183 4855 1272 4904 ἐπὶ
1301 4854 1381 4917 σὲ,
1406 4855 1818 4924 εὐφραινόμενοι

251 4946 320 5012 τῇ
348 4946 411 5013 σῇ
443 4944 703 4998 κακώσει.
760 4947 867 4998 Καὶ
914 4948 1024 5016 γὰρ
1065 4949 1098 5017 ἡ
1144 4949 1311 5001 κακία
1358 4965 1451 5001 σου
1493 4950 1585 5001 ἐπὶ
1617 4951 1820 5012 πάντας

251 5032 406 5105 ἦλθε,
437 5037 532 5089 καὶ
567 5038 774 5101 πάντας
828 5038 1036 5101 ἔθλιὸες
1058 5056 1073 5072 ο
1102 5040 1163 5092 οὐ
1200 5042 1339 5093 κατὰ
1374 5041 1544 5106 τόνδε,
1591 5041 1621 5109 ἢ
1673 5041 1819 5092 τόνδε

336 5201 379 5233 ³⁸
412 5198 552 5255 Osee
584 5213 659 5261 tv,
696 5200 749 5253 6.

1930 4856 2189 4925 plaudent
2246 4850 2498 4905 manibus
2556 4864 2721 4917 super
2789 4858 2861 4910 te,
2921 4849 3221 4918 gaudentes
3268 4856 3493 4917 propter

1930 4946 2271 5002 alﬂictionem
2303 4952 2474 4997 tuam.
2508 4942 2645 4993 Nam
2699 4950 2787 4992 tua
2826 4945 3059 4994 antehac
3089 4940 3297 4994 malitia
3327 4956 3484 5009 super

1932 5052 2120 5092 omnes
2178 5034 2341 5095 venit,
2377 5033 2759 5099 neminemque
2814 5045 2922 5083 non
2968 5030 3332 5085 conturbasti.
3374 5029 3490 5083 Non

1410 5330 1602 5390 Varia:
1634 5330 1936 5390 lectiones
1962 5336 2021 5389 et
2066 5334 2249 5387 uota),

325 5457 440 5527 (74)
476 5457 574 5509 Ὃν
613 5456 911 5527 ήήμετέρα
938 5455 1181 5527 ῥᾳθυμία
1216 5452 1440 5527 βασιλέα
1472 5458 1633 5517 ποιεῖ,
1669 5471 1817 5520 quem

254 5523 461 5583 desidia
489 5523 667 5579 nostra
690 5523 858 5595 regem
886 5523 1031 5594 facit,
1058 5523 1193 5595 Cod.
1226 5523 1360 5579 Vt‘n.

327 5599 440 5668 (75)
484 5596 640 5668 Ἅλλὰ
657 5594 1024 5668 φλεγμαίνων,
1047 5594 1179 5668 Cod.
1214 5594 1346 5649 Ven.

325 5666 440 5736 (76)
487 5666 875 5733 Ἐφλέγμανεν.
906 5667 1037 5721 Cod.
1074 5667 1206 5719 Ven.

354 5739 444 5804 '77)
486 5736 687 5802 Quibus
743 5746 1013 5803 propterea
1051 5736 1366 5805 frangantur
1414 5738 1492 5789 vel
1535 5736 1705 5801 pedes,
1745 5738 1820 5787 re!

261 5824 469 5872 manus,
497 5806 573 5862 rel
606 5818 778 5871 caput,
814 5807 1025 5873 ideoque
1072 5806 1357 5859 insaunbali
1407 5806 1638 5860 laborent
1667 5816 1818 5869 cestu,

1930 5464 2062 5515 etc.,
2097 5453 2174 5506 Ex
2209 5452 2342 5505 Cod.
2388 5453 2520 5505 Ven.
2566 5459 2617 5504 et
2652 5453 2776 5505 Bav.

1997 5526 2107 5594 (78)
2143 5521 2420 5594 Propterea
2445 5523 2648 5574 curatio
2687 5538 2786 5573 non
2833 5532 2931 5582 est.
2980 5536 3167 5594 Iraque
3201 5522 3490 5588 recipieris,

1929 5589 2097 5660 ireque
2133 5593 2357 5659 priorem
2396 5594 2767 5656 celebritatem,
2816 5602 2921 5647 etc.
2976 5591 3064 5646 Sic
3086 5589 3284 5645 habent
3316 5606 3489 5661 graeca

2143 5735 2448 5801 Legendum
2492 5732 2723 5789 fortasse
2753 5732 3105 5803 ἁνακληθήσῃ
3165 5732 3243 5785 vel
3274 5733 3479 5784 ἐπανα-

1930 5822 2029 5857 κΑη
2070 5822 2195 5857 nan.

1930 5822 2195 5877 κΑηυησῃ.
