4210 6436
221 396 366 461 10-59

1134 401 1531 464 EXPOSITIO
1572 369 1659 460 1N
1690 400 2146 459 morum..in
2197 399 2592 462 MlCH.£.-\_.\l.

1527 712 1754 842 ΤΟΥ
1826 669 2202 798 ΑΥΤΟΥ
2269 727 2272 731 ·

1010 899 2710 1074 ΘΕΟΦΥΛΑΚΤΟΥ

1345 1172 1907 1231 ΑΡΧΙΕΠΙΣΚΟΠΟΥ
1937 1175 2366 1231 ΒΟΥΛΓΑΡΙΑΣ

641 1332 1193 1428 ΕΞΗΓΗΣΙΣ
1313 1344 1485 1429 ΕΙΣ
1576 1346 1802 1429 ΤΟΝ
1888 1347 1912 1430 ]

1895 1311 2511 1430 ΠΡΟΦΗΤΗΝ
2612 1337 3118 1430 MIXAIAN.

1614 1694 2141 1784 EJUSDEM

970 1892 2701 2147 THEOPHYLACTI

1373 2205 1894 2270 ARCllIEPlSCOPl
1958 2212 2325 2269 BULGARUE

674 2351 1504 2480 EXPOSITIOIN
1585 2369 2176 2482 Micmaw
2263 2393 3032 2486 PROPHETAM.

1037 2579 1156 2629 Cum
1182 2575 1351 2627 Latina
1372 2579 1792 2640 interpretatione
1815 2584 2046 2645 notisque
2073 2580 2274 2630 Antonii
2303 2581 2660 2646 Bongiovanni.

834 2881 1188 2953 γηοῳεεῐε.

295 2997 509 3060 Σκοπὸς
556 2996 654 3066 μὲν
717 2990 798 3058 εἷς
857 2996 990 3047 πᾶσι
1034 2997 1145 3056 τοῖς
1210 2994 1375 3057 θείοις
1407 2996 1809 3068 προφήταις,ή

227 3090 514 3157 βελτίωσις
564 3087 673 3141 τῶν
707 3087 1016 3156 ἀκροατῶν,
1063 3085 1198 3155 πρός
1230 3104 1288 3139 τε
1312 3087 1642 3154 θεογνωσίαν
1723 3089 1809 3140 ὀδ-

242 3182 588 3253 ηγουμένων,
640 3181 731 3232 καὶ
782 3180 916 3249 πρὸς
971 3179 1086 3248 βίον
1157 3178 1462 3231 σπουδαῖον.
1529 3179 1720 3232 Πολλοῖ
1756 3180 1813 3233 δὲ

225 3273 518 3339 γεγόνασιν
549 3271 598 3323 οἱ
651 3269 952 3338 προφῆται,
1011 3270 1105 3320 καὶ
1141 3270 1529 3338 συνεχρόνισαν
1558 3269 1614 3321 δὲ
1647 3270 1811 3338 ἀλλή-

225 3365 339 3425 λοις
365 3363 531 3427 τινὲς,
562 3363 624 3416 οὐ
660 3361 958 3432 περιττῶς,
982 3361 1104 3414 οὐδὲ
1133 3361 1313 3430 μάτην
1336 3379 1348 3391 ·
1384 3361 1520 3413 ἀλλὰ
1546 3361 1639 3414 τοῦ
1671 3361 1808 3414 Θεοῦ

223 3459 313 3510 διὰ
349 3457 611 3510 πλειόνων
630 3455 916 3526 στομάτων
939 3453 1533 3525 προσμαρτυρουμένου
1557 3456 1644 3509 τὸν
1661 3455 1809 3515 λαὸν,

222 3551 300 3612 ὡς
336 3552 383 3603 εί
413 3551 489 3619 μὴ
527 3551 824 3603 ἀποσταῖεν
854 3547 962 3601 τῶν
1011 3547 1267 3609 εἰδώλων,
1307 3549 1401 3599 καὶ
1439 3548 1589 3617 βιοῦν
1636 3548 1810 3618 ὀρθῶς

225 3643 452 3708 ἕλοιντο,
490 3642 645 3694 αὐτοὶ
673 3641 795 3694 καθ’
830 3641 1039 3692 ἑαυτῶν
1064 3640 1478 3692 ἐπισπάσωνται
1525 3640 1592 3693 τὰ
1643 3639 1808 3705 κακὰ,

226 3735 322 3788 καὶ
352 3733 593 3798 ἀναίτιος
635 3733 796 3795 αὐτὸς
826 3733 1000 3786 ἔσται.
1043 3733 1162 3784 Ἵνα
1212 3727 1305 3784 οὗν
1337 3733 1464 3794 τοὺς
1517 3731 1808 3794 τοσούτους

227 3827 476 3895 κήρυκας
524 3823 941 3886 καταιδεσθὼσι,
984 3823 1053 3875 τὰ
1104 3821 1403 3893 σκυθρωπὰ
1449 3823 1544 3876 καὶ
1607 3822 1812 3891 φοϐερὰ

220 3917 722 3986 προαγγέλλοντας,
767 3915 865 3969 καὶ
895 3915 985 3968 διὰ
1029 3915 1240 3968 τούτων
1291 3914 1686 3982 ἐκφοϐοῦντας,
1719 3915 1813 3968 καὶ

224 4011 574 4079 ἀπόσχωνται
597 4010 700 4077 τῆς
727 4009 971 4076 πονηρᾶς
997 4007 1286 4075 συνηθείας
1309 4007 1357 4059 οἱ
1391 4006 1528 4070 τέως
1563 4005 1809 4074 ἀνάλγη-

223 4120 332 4165 τοι,
388 4101 483 4156 καὶ
552 4100 981 4170 πεπωρωμένοι,
1016 4098 1209 4152 τούτου
1256 4100 1449 4153 ἕνεκεν
1483 4098 1811 4152 αποστέλλει

226 4194 456 4255 πολλοὺς
506 4193 813 4264 προφήτας.
869 4190 1030 4246 Οὕτω
1071 4189 1284 4244 ποιοῦσι
1322 4191 1413 4243 καὶ
1473 4190 1668 4258 ἰατροὶ,
1698 4191 1810 4253 τοῖς

228 4283 590 4352 χαλεπώτερα
650 4282 864 4336 νοσοῦσι
906 4282 994 4336 διὰ
1028 4281 1290 4334 πλειόνων
1320 4281 1641 4351 βοηθοῦντες
1671 4298 1809 4352 φαρ-
1844 4270 1883 4324 Β

227 4375 423 4447 μάκων
444 4390 458 4404 ο
502 4374 646 4428 οὕτω
697 4375 792 4426 καὶ
821 4376 934 4436 τοῖς
984 4373 1218 4435 παιδίοις
1246 4373 1476 4436 πολλοὺς
1499 4373 1809 4443 ὲφιστῶμεν

224 4466 520 4527 παιδευτὰς
587 4465 682 4518 καὶ
734 4463 1083 4530 νουθετητάς.
1126 4465 1290 4517 Καὶὸ
1316 4464 1420 4517 ἀνὰ
1452 4465 1641 4534 χεῖρας
1678 4466 1809 4534 ἡμῖν

223 4557 404 4610 τοίνυν
445 4558 601 4625 ἆγιος
653 4555 896 4626 Μιχαίας
927 4557 1215 4625 προφήτης
1248 4554 1584 4608 ἀπέσταλται
1606 4556 1726 4618 ταῖς
1747 4572 1806 4608 τε

226 4651 328 4716 τὴν
361 4649 718 4719 Ἰερουσαλὴμ
753 4649 1137 4714 κατοικούσαις
1158 4647 1280 4700 δυσὶ
1316 4645 1533 4715 φυλαῖς,
1565 4647 1659 4698 καὶ
1684 4648 1805 4708 ταῖς

223 4745 283 4794 ὲν
315 4741 597 4811 Σαμαρείᾳ
633 4741 784 4804 δέκα,
842 4738 1168 4809 αἰτιώμενος
1206 4738 1401 4799 ταῦτα,
1436 4737 1472 4791 ἃ
1505 4738 1600 4791 καὶ
1623 4738 1802 4808 Ίωὴλ,

226 4835 319 4885 καὶ
343 4829 547 4899 Ἀμὼς,
591 4831 683 4882 καὶ
719 4829 881 4898 ὀσηέ
901 4846 912 4858 ·
935 4831 1029 4882 καὶ
1059 4830 1169 4900 γὰρ
1205 4831 1390 4898 σχεδὸν
1414 4849 1467 4883 τι
1505 4831 1805 4902 σύγχρονος

223 4920 312 4990 ἦν,
346 4923 394 4975 εἰ
436 4920 529 4974 καὶ
582 4920 800 4991 σμικρῷ
854 4906 982 4974 τινι
1017 4921 1324 4991 προῦλαῦον
1385 4923 1603 4987 ἐκεῖνοι,
1650 4925 1707 4975 ὲν
1738 4924 1803 4994 τῇ

236 5013 414 5077 Ὀζίου
474 5011 725 5081 βασιλείᾳ
759 5011 861 5078 τῆς
891 5011 1233 5082 προφητείας
1260 5012 1586 5083 ἀρξάμενοι.
1622 5013 1806 5077 Ὀζίας

221 5091 283 5159 at
317 5104 500 5174 πατὴρ
523 5100 592 5174 ἦν
635 5104 727 5156 τοῦ
753 5102 1014 5173 Ἰωάθαμ,
1060 5105 1144 5174 ἐφ’
1181 5099 1245 5159 οὗ
1284 5106 1622 5176 προφητεύει
1651 5107 1679 5160 ὀ
1711 5109 1808 5162 Μι-

220 5197 386 5267 χαίας
409 5192 590 5258 οὗτος.
623 5195 998 5265 Προσημαίνει
1033 5196 1215 5266 δὲτὴν
1247 5195 1341 5249 τοῦ
1384 5198 1634 5269 Σωτῆρος
1667 5216 1807 5270 παρ-

224 5286 434 5347 ουσίαν,
476 5285 551 5353 πῆ
587 5284 685 5354 μὲν
711 5286 1208 5355 συνεσκιασμένως,
1265 5288 1341 5359 πῆ
1371 5288 1428 5342 δὲ
1459 5291 1552 5342 καὶ
1613 5291 1802 5360 ἀριδη-

223 5376 442 5445 λότερον
471 5391 485 5405 ·
548 5376 819 5443 οἰκοδομεῖ
847 5375 904 5428 δὲ
945 5377 1038 5429 καὶ
1091 5378 1227 5447 πρὸς
1275 5380 1475 5448 ἠθικὴν
1503 5380 1800 5435 πολιτείαν.

225 5468 488 5536 Ζητήσεις
511 5466 588 5528 δὲ,
624 5463 671 5518 εἷ
696 5459 849 5529 οὗτος
886 5461 955 5536 ἦν
990 5467 1228 5537 Μιχαίας
1253 5471 1280 5521 ὁ
1307 5469 1695 5540 προφητεύσας
1725 5470 1802 5541 τῷ

236 5556 442 5628 Ἀχαὰϐ
473 5558 542 5610 τὰ
576 5557 968 5628 συμϐησόμενα
992 5559 1142 5628 αύτῷ
1173 5561 1338 5623 κακὰ,
1372 5562 1466 5613 καὶ
1496 5562 1800 5631 παταχθεὶς

223 5651 316 5702 ἐπὶ
349 5649 576 5716 σιαγόνα
602 5649 706 5701 ὑπὸ
736 5649 832 5702 τοῦ
864 5647 1143 5718 προφήτου
1177 5650 1446 5707 Σεδεκίου.
1483 5653 1547 5706 Εἰ
1573 5653 1680 5723 γὰρ
1703 5648 1794 5708 οὗ·

222 5759 315 5804 τος
341 5743 547 5803 ἐκεῖνος
577 5737 666 5812 ἦν,
699 5741 813 5805 πῶς
846 5743 936 5794 ἐπὶ
967 5742 1210 5812 ἰωὰθαμ
1240 5745 1552 5813 γέγραπται
1580 5763 1794 5814 προφη-

225 5832 437 5895 τεύειν;
498 5835 709 5898 πολλοῖς
742 5834 849 5904 γὰρ
884 5835 1060 5888 ἔτεσιν
1092 5834 1316 5904 ὕστερᾶς
1378 5837 1526 5890 ἐστιν
1558 5838 1797 5908 Ἰωάθαμ

1832 2891 1882 2950 Α

2321 2887 2476 2958 251
2521 2885 3035 2942 ARGUMENTUM.

1987 2997 2165 3054 Unum
2199 3000 2304 3054 divi
2347 3002 2628 3071 prophetae
2656 3016 2847 3055 omnes
2891 3002 3050 3056 linem
3085 3009 3355 3071 spectant,
3388 3017 3486 3055 au-

1914 3093 2153 3146 diturum
2207 3094 2669 3155 emendationem,
2712 3109 2818 3163 qua
2853 3093 2929 3156 ﬁt,
2970 3101 3027 3145 ut
3060 3093 3111 3146 hi
3150 3091 3242 3146 Dei
3292 3093 3485 3162 cOgui-

1914 3183 2065 3237 tioue
2097 3183 2328 3252 perfusi,
2383 3187 2448 3236 ad
2483 3184 2678 3236 bonam
2742 3184 3136 3252 honestamque
3184 3184 3351 3237 vitam
3386 3183 3490 3235 du-

1913 3283 2130 3328 cantur.
2165 3274 2318 3328 Multi
2377 3289 2508 3330 vero
2557 3274 2707 3329 luere
2754 3275 2924 3328 divini
2958 3284 3134 3340 vales,
3188 3283 3242 3329 et
3276 3291 3343 3329 ex
3398 3275 3486 3330 his

1914 3367 2160 3420 nonnulli
2199 3366 2503 3419 ﬂoruerunt
2535 3366 2726 3419 iisdem
2771 3366 3132 3434 temporibus,
3164 3365 3329 3435 idque
3375 3381 3484 3418 nou

1914 3459 1982 3512 ab
2012 3473 2070 3511 re
2103 3473 2276 3526 neque
2302 3458 2542 3521 frustra;
2588 3458 2784 3526 quippe
2809 3456 2948 3512 Deus
2975 3458 3166 3511 horum
3200 3457 3484 3526 multiplici

1912 3569 2008 3608 ore
2069 3553 2314 3607 luiturum
2373 3555 2646 3623 praedixit,
2708 3563 2786 3614 ut.
2848 3554 2902 3607 ni
2974 3555 3163 3609 relicto
3213 3554 3486 3608 idolorum

1914 3646 2086 3709 cultu,
2147 3646 2234 3715 pie
2284 3656 2543 3714 recteque
2588 3646 2664 3698 illi
2720 3647 2986 3709 viverent,
3028 3647 3370 3701 calamitates
3429 3647 3485 3700 iu

1916 3737 2240 3806 semetipsos
2273 3744 2638 3800 arcesserent,
2688 3742 2922 3796 testatus
2954 3751 3011 3790 se
3040 3738 3232 3790 harum
3269 3737 3490 3791 calami-

1915 3835 2099 3907 tatuni
2127 3828 2348 3882 minime
2381 3830 2497 3882 fore
2533 3835 2833 3882 auctorem.
2871 3827 2940 3882 Ut
2997 3844 3128 3898 ergo
3183 3837 3290 3881 tam
3343 3831 3487 3881 mul-

1916 3929 2000 3974 tos
2039 3919 2460 3974 reformidarent
2509 3935 2809 3990 praecones,
2865 3920 3060 3975 acerba
3127 3929 3183 3974 et
3215 3921 3487 3974 horrenda

1915 4011 2368 4078 praanuutiantes,
2438 4011 2876 4080 incutientesque
2945 4019 3227 4079 propterea
3282 4018 3484 4065 metum

1915 4100 2076 4172 252
2108 4110 2272 4172 atque
2312 4113 2613 4170 terrorem;
2654 4103 2818 4157 simul
2851 4110 2911 4156 ut
2949 4118 2977 4156 a
3027 4117 3189 4171 prava
3247 4117 3483 4159 consue-

1918 4194 2108 4247 tudine
2139 4193 2491 4255 desisterent,
2541 4195 2637 4262 qui
2669 4193 2735 4248 ad
2769 4209 2830 4247 ea
2864 4209 3038 4262 usque
3085 4202 3333 4263 tempora
3375 4204 3488 4248 stu-

1914 4284 2024 4354 pidi
2079 4283 2295 4338 fuerant
2347 4293 2400 4338 et
2456 4285 2714 4338 obdurati
2761 4302 2776 4338 :
2833 4293 3119 4354 propterea
3173 4284 3485 4355 complures

1916 4376 2064 4431 misit
2094 4386 2264 4430 vates.
2323 4375 2400 4430 Ita
2452 4377 2664 4430 faciunt
2716 4387 2770 4430 et
2817 4376 3036 4442 medici,
3095 4376 3188 4446 qui
3237 4378 3488 4446 graviore

1914 4467 2106 4522 morbo
2168 4467 2569 4532 laborantibus,
2605 4467 2762 4538 plura
2797 4484 2891 4537 per
2926 4469 3320 4524 medicamenta
3368 4469 3488 4539 opi-

1913 4560 2075 4612 tulari
2107 4569 2399 4613 conantur.
2462 4558 2538 4612 Ita
2589 4568 2644 4614 et
2695 4543 2882 4629 pueris
2926 4559 3205 4631 prmﬁcere
3245 4562 3486 4616 solemus

1912 4649 2112 4705 multos
2143 4660 2524 4720 praeceptores,
2553 4662 2906 4720 rectoresque
2951 4654 3179 4707 multos.
3206 4653 3394 4721 Itaque
3434 4662 3488 4707 et

1909 4738 2003 4808 qui
2037 4755 2147 4810 prae
2176 4741 2428 4796 inanibus
2463 4742 2622 4796 nobis
2652 4749 2736 4796 est
2775 4749 3002 4798 sanctus
3032 4740 3286 4798 Michaeas
3312 4753 3484 4805 vates,

1911 4832 2116 4886 missus
2146 4839 2230 4887 est
2260 4833 2474 4888 duabus
2503 4831 2846 4889 Hierusalem
2905 4834 3280 4889 habitantibus
3311 4835 3488 4888 tribu-

1909 4924 2034 4990 bus,
2075 4923 2376 4994 decemque
2411 4926 2663 4995 reliquis,
2704 4940 2825 4995 qua:
2880 4925 3141 4988 Samaria;
3195 4925 3485 4994 degebant,

1909 5023 1969 5068 ut
1999 5030 2063 5070 ea
2097 5014 2508 5082 criminaretur,
2541 5032 2665 5086 quae
2691 5026 2744 5072 et
2773 5014 2913 5080 Joel,
2942 5026 2995 5071 et
3033 5017 3486 5083 Amos,etOseas

1907 5105 2395 5177 reprehenderant.
2454 5107 2658 5162 Eodem
2701 5109 2848 5163 enim
2900 5108 3013 5164 fere
3046 5118 3287 5178 tempore
3315 5109 3481 5176 vixit;

1895 5197 2043 5261 lere,
2077 5197 2328 5266 inquam;
2363 5213 2488 5260 nam
2527 5199 2562 5253 ii
2611 5201 2893 5269 paululum
2933 5199 3214 5254 Michmaiu
3250 5215 3484 5269 princes-

1908 5294 2117 5351 serunt,
2152 5300 2276 5339 cum
2340 5289 2443 5341 sub
2495 5289 2624 5341 Ozia
2672 5286 2959 5342 vaticinari
2993 5289 3277 5357 cmperint.
3319 5287 3482 5344 Ozias

1906 5394 2037 5435 vero
2067 5388 2221 5447 pater
2251 5389 2372 5434 erat
2401 5378 2676 5444 Joatham,
2707 5397 2820 5450 quo
2849 5395 3030 5435 rerum
3063 5381 3322 5450 potiente,
3348 5394 3478 5433 ora-

1907 5471 2027 5526 cula
2082 5485 2180 5523 sua
2229 5470 2398 5523 edidit
2447 5483 2633 5526 noster
2692 5473 2779 5528 hic
2836 5481 2988 5527 vates
3045 5471 3323 5526 Michaaas.
3377 5471 3477 5525 Hic

1908 5567 2091 5632 itaque
2157 5561 2404 5631 praedicit
2467 5562 2712 5619 futurum
2785 5565 3091 5620 Salvatoris
3156 5564 3473 5630 adventum,

1907 5660 2072 5713 modo
2104 5659 2487 5723 subobscuris,
2520 5658 2680 5712 modo
2730 5658 3034 5726 perspicuis
3059 5656 3264 5719 verbis,
3307 5654 3477 5711 idem-

1907 5765 2012 5818 que
2035 5751 2197 5805 simul
2233 5751 2297 5804 ad
2329 5765 2536 5805 morum
2565 5749 2910 5818 disciplinam
2943 5747 3200 5802 instituit.
3227 5746 3472 5812 Quaeres,

1907 5855 2037 5895 num
2068 5840 2153 5896 hic
2182 5843 2247 5895 sit
2288 5841 2426 5896 idem
2465 5841 2553 5895 ille
2583 5839 2859 5905 Miclmas,
2895 5839 2986 5908 qui
3023 5837 3472 5891 luturasAcbabo
