4210 6436
772 383 910 450 1059

1724 380 2296 443 ΤΙΙΕΟΡΙΠἸ.ΛΕΤΙ
2340 381 2751 441 Βυυῖλῐῖῐιὶἰ
2790 382 3147 443 ARCIIIEP.

3865 383 4012 448 lCﬁO

744 495 950 566 patetit,
972 506 1092 564 qua:
1116 507 1238 549 vere
1262 492 1413 547 tirma
1431 500 1509 547 est
1533 501 1695 562 atque
1714 494 1941 547 stabilis.
1964 495 2092 557 Quae
2108 491 2317 562 quidem

2444 494 2559 562 ρίου
2610 493 2853 563 ἐντολὴν,
2890 493 2968 563 τῷ
3012 493 3110 561 μὲν
3151 490 3389 562 πλούτῳ,
3421 492 3499 554 εἰς
3522 490 3583 545 τὸ
3613 490 3875 562 ιπαρκείν
3914 495 4025 546 ττι-

743 596 857 641 tum
874 586 1773 655 Dominipotestatisubjiciuntur,
1813 598 1937 637 eum
1962 598 2061 637 uos
2102 584 2319 647 iisdem,

751 685 808 730 ut
823 676 1087 731 Dominus
1112 676 1249 729 idem
1277 675 1454 744 jubet,
1481 686 1627 729 recte
1666 676 1868 727 utimur
1890 673 2133 740 ;divitiis
2156 674 2320 727 nimi-

743 782 883 821 rum.
916 780 1216 833 panperum
1255 764 1672 819 necessitatibus
1694 762 2049 831 Opitulando;
2089 763 2326 816 auctori-

2429 601 2560 649 νησι
2589 584 2657 637 τὰ
2693 580 2928 653 χρειὼῖη
2953 598 2968 615 ο
3007 586 3073 653 τῇ
3138 584 3193 636 δὲ
3222 582 3371 655 δόξῃ,
3402 583 3483 645 εἰς
3517 583 3578 634 τὸ
3608 585 3720 645 τοῖς
3759 598 4027 637 ταπεινο-

2429 677 2608 745 τέροις
2642 677 2785 728 κατὰ
2827 674 2937 727 τῶν
2986 674 3376 744 δυνατωτέρων
3408 673 3784 743 συναίρεσθαι.
3824 675 3941 730 Καὶ
3966 676 4026 725 αι

2430 767 2679 827 κοιλάδες
2710 767 2769 819 δὲ
2799 767 2981 837 ἡμῶν,
3012 766 3067 819 αἱ
3104 765 3204 832 τὴν
3233 764 3342 818 τῶν
3372 765 3561 817 παθῶν
3595 765 3853 836 σύρροιαν
3877 766 4025 818 ὐπο-

741 862 854 909 tate
887 865 938 909 el
976 856 1223 924 imperio,
1255 873 1377 910 cum
1403 856 1743 909 tenuioribus
1786 857 2045 926 adversus
2075 856 2317 923 potentio

2432 858 2723 925 δεχόμεναι
2756 856 3047 920 διαθέσεις,
3075 857 3361 926 τήκονται,
3389 856 3555 909 οἱονεὶ
3583 856 3690 926 πρὸ
3717 856 4025 926 ὀφθαλμῶν

738 960 825 999 res
877 946 1226 1015 insurgendo.
1300 950 1715 999 (lonsutnuntur
1743 918 1866 1000 itein
1902 946 2069 999 valles
2113 956 2334 1009 nostrae,

2436 950 2690 1016 κειμένου
2716 949 2809 1002 τοῦ
2851 951 3019 1019 πυρὸς
3052 949 3262 1001 ἐκείνου
3295 951 3390 1016 τῆς
3421 949 3664 1018 γεέννης.

736 1051 917 1101 prava:
944 1039 1147 1092 scilicet
1176 1038 1520 1105 cupiditates,
1555 1053 1675 1104 qua:
1708 1039 1758 1090 in
1788 1052 1845 1091 se
1867 1036 2193 1090 continentia
2222 1038 2462 1116 wdique
2510 1042 2638 1094 vitia
2676 1042 2984 1111 suscipiunt
3010 1059 3026 1108 ;
3056 1050 3477 1106 consumuntur,
3508 1042 3751 1110 inquam,
3789 1038 4027 1108 perinde

737 1146 799 1182 ac
828 1131 872 1181 si
904 1140 1118 1185 nostros
1150 1131 1218 1184 ob
1273 1133 1464 1185 oculos
1525 1131 1805 1185 infernalis
1834 1133 1977 1186 illius
2036 1134 2276 1187 barathri
2317 1134 2460 1203 ignis
2485 1146 2826 1189 versaretur.

808 1220 971 1273 VERS.
994 1223 1046 1275 5.
1070 1222 1288 1291 Propter
1304 1225 1618 1292 impietatem
1634 1222 1802 1277 Jarob
1822 1225 1997 1276 omnia
2016 1225 2127 1277 luce
2146 1237 2193 1277 et
2212 1242 2325 1290 pro-

733 1321 848 1376 pter
862 1321 1129 1380 peccatum
1147 1312 1331 1367 domus
1346 1313 1535 1367 Israel.
1555 1313 1653 1368 Per
1669 1313 1782 1367 hsce
1801 1314 2056 1383 propheta
2077 1313 2232 1366 nobis
2245 1314 2323 1366 in-

736 1404 876 1464 nuit,
896 1404 1282 1470 qiizesnpcrius
1304 1404 1370 1456 de
1400 1404 1675 1457 montibus
1698 1412 1859 1470 atque
1882 1404 2116 1457 vallibus
2160 1403 2318 1468 dixit,

736 1508 845 1546 non
864 1494 927 1544 ad
948 1494 1181 1545 inanima
1207 1497 1502 1560 pertinere,
1522 1496 1612 1549 sed
1632 1496 1695 1547 ad
1717 1495 1983 1555 homines,
2004 1495 2094 1563 qui
2123 1496 2317 1550 acerba

734 1586 979 1654 quaedam
1010 1583 1149 1636 mala
1187 1587 1399 1653 passuri
1426 1594 1601 1639 erant.
1640 1585 1778 1651 Quid
1818 1589 1961 1638 enim
1981 1586 2143 1656 257
2166 1588 2318 1639 valde

734 1684 993 1727 curarent
1018 1676 1076 1735 ii,
1103 1676 1194 1743 qni
1229 1674 1488 1729 Samaria:
1519 1677 1740 1745 impiam
1765 1679 1927 1728 vitam
1950 1676 2238 1745 degebant,
2262 1685 2316 1731 et

734 1764 1074 1818 Hierusalem
1102 1765 1461 1827 habitatores,
1493 1766 1585 1833 qui
1609 1766 1818 1819 nefaria
1852 1764 2095 1820 facinora
2128 1777 2309 1836 patrao

734 1856 888 1918 bant,
923 1857 1068 1922 quod
1097 1865 1310 1910 montes
1338 1865 1715 1926 quaterentur,
1757 1859 2033 1927 vallesque
2065 1858 2315 1913 tabesco-

736 1947 901 1999 rent?
932 1947 1182 2016 Appellat
1208 1959 1388 2002 autem
1429 1947 1599 2002 Jacob
1621 1948 1805 2004 decem
1834 1965 1927 2005 eas
1952 1951 2156 2015 tribus,
2192 1966 2313 2021 qua:

736 2036 994 2091 Samaria:
1023 2040 1529 2104 commorabanlur,
1560 2054 1705 2109 quas
1726 2048 1782 2095 et
1813 2040 1978 2109 impie
2009 2041 2194 2095 vivere
2233 2040 2317 2095 di-

735 2131 832 2194 l'il,
883 2141 1169 2199 propterea
1209 2132 1352 2200 quod
1384 2148 1412 2183 a
1474 2130 1580 2185 Deo
1645 2132 1710 2183 ad
1770 2130 1914 2184 idola
1967 2129 2313 2196 defecerant;

736 2222 994 2275 I—‘raelem
1022 2237 1151 2275 vero
1183 2223 1600 2292 vocatreliquas
1627 2222 1783 2287 duas,
1818 2238 1939 2292 qua:
1977 2220 2311 2277 Hierusalem

745 2312 1084 2377 incolebant,
1112 2327 1269 2380 quas,
1306 2313 1383 2366 uti
1440 2322 1749 2383 peccantes,
1799 2314 1944 2383 quod
1972 2328 2105 2368 sane
2147 2313 2318 2368 levius

734 2412 839 2467 est,
876 2404 1218 2458 criminatur.
1245 2404 1411 2473 lmpie
1429 2418 1594 2474 porro
1622 2405 1776 2470 vivit,
1808 2406 1899 2475 qui
1933 2420 1962 2458 a
1992 2404 2105 2460 Deo
2133 2404 2315 2460 desci-

734 2492 838 2546 scit
878 2493 1141 2559 omnino;
1184 2503 1373 2562 peccat
1422 2502 1626 2561 autem,
1684 2495 1775 2564 qui
1824 2494 2006 2549 divina
2040 2505 2309 2564 praecepta

736 2585 928 2639 violat.
965 2585 1117 2639 Hanc
1152 2585 1223 2640 ob
1253 2600 1364 2639 rem
1402 2586 1491 2650 iis,
1523 2586 1615 2656 qui
1661 2586 1922 2641 Samaria:
1966 2587 2185 2656 impiam
2235 2587 2315 2638 vi-

737 2685 842 2728 tam
872 2677 1123 2744 agebant,
1159 2676 1353 2729 indidit
1388 2691 1583 2731 nomen
1634 2677 1885 2733 naturale
1938 2685 1992 2731 et
2023 2677 2312 2737 humilius.

2502 1227 2581 1280 At‘
2610 1227 2891 1282 ἀσέϐειαν
2924 1227 3123 1281 Ἰακὼϐ
3144 1227 3215 1280 τὰ
3240 1225 3455 1290 πάντα,
3486 1225 3580 1278 καὶ
3619 1224 3693 1279 δι’
3721 1224 4027 1293 ἁμαρτίαν

2430 1318 2604 1371 οἴκου
2642 1319 2897 1385 Ἰσραήλ.
2932 1318 3158 1370 Δίδωσιν
3193 1315 3439 1370 ἐντεῦθεν
3469 1316 3628 1376 νοεῖν,
3651 1313 3733 1365 ὅτι
3763 1312 3799 1365 ἃ
3820 1311 4021 1384 εἴρηκε

2435 1407 2563 1477 περὶ
2594 1408 2765 1477 ὀρέων
2788 1410 2883 1462 καὶ
2923 1408 3204 1473 κοιλάδων,
3240 1406 3303 1459 οὐ
3333 1407 3463 1476 περὶ
3496 1406 3701 1457 τούτων
3727 1400 3866 1473 ἦσαν
3902 1404 4022 1455 τῶν

2427 1498 2671 1566 ἀψύχων,
2709 1497 2846 1551 ἀλλά
2876 1498 3004 1568 περί
3031 1496 3334 1564 ἀνθρώπων
3378 1494 3682 1563 μελλόντων
3725 1490 4020 1544 πείσεσθαί

2426 1606 2550 1642 τινα
2579 1588 2729 1642 δεινά
2752 1587 2885 1658 (9|).
2912 1587 2977 1639 Τί
3001 1587 3109 1656 γάρ
3138 1586 3330 1652 ἔμελλε
3350 1586 3463 1647 τοῖς
3485 1585 3542 1635 ἐν
3572 1581 3854 1652 Σαμαρείᾳ
3876 1582 4017 1632 ἀσε-

2423 1679 2628 1744 ϐοῦσιν,
2650 1680 2683 1751 ἢ
2700 1682 2808 1741 τοῖς
2828 1682 2885 1731 ὲν
2898 1680 3065 1749 ἰερου
3075 1677 3254 1746 σαλὴμ
3271 1675 3697 1746 ἁμαρτάνουσιν,
3712 1673 3805 1725 ἐὰν
3824 1673 3890 1723 τὰ
3907 1671 4014 1738 ὅρη

2419 1771 2677 1833 ἐσείοντο,
2724 1772 2818 1823 καὶ
2856 1772 2911 1824 αἱ
2956 1769 3197 1833 κοιλάδες
3218 1770 3508 1839 ὲτήκοντος
3552 1763 3745 1819 Ἰακὼϐ
3781 1764 3881 1833 μὲν
3915 1757 4017 1815 οὖν

2418 1861 2575 1913 καλεῖ
2601 1860 2697 1924 τὰς
2724 1863 2781 1914 ὲν
2816 1859 3100 1932 Σαμαρείᾳ
3121 1860 3250 1913 δέκα
3274 1859 3467 1928 φυλάς,
3512 1858 3577 1921 ἃς
3606 1858 3701 1911 καὶ
3734 1853 4008 1922 ἀσεϐῆσαι

2418 1951 2639 2020 φάσκει,
2660 1950 2735 2014 ὡς
2751 1951 2859 2004 ἀπὸ
2874 1950 3010 2003 Θεοῦ
3030 1951 3341 2013 ἀποστάσας
3363 1949 3456 2001 ἐπὶ
3478 1948 3544 2001 τά
3559 1947 3771 2001 εἴδωλα·
3790 1942 4016 2013 Ἰσραὴλ

2416 2041 2472 2094 δὲ
2501 2042 2602 2104 τὰς
2632 2042 2688 2093 ὲν
2725 2041 3077 2112 Ἰερουσαλὴμ
3103 2040 3215 2105 δύο,
3246 2040 3312 2101 ἀς
3361 2042 3457 2094 καὶ
3511 2041 3585 2102 ὡς
3624 2036 4015 2108 ήμαρτηκυίας

2417 2135 2677 2200 αἰτιᾶται,
2708 2133 2843 2203 ὅπερ
2885 2134 3003 2186 ἐστὶ
3042 2135 3369 2204 κουφότερον
3431 2132 3644 2186 Ἀσεϐεῖ
3678 2131 3778 2201 μὲν
3829 2129 3946 2198 γάρ
3985 2129 4016 2179 ὁ

2417 2226 2527 2277 ἀπὸ
2559 2224 2692 2278 Θεοῦ
2717 2226 2894 2277 τέλεον
2933 2226 3171 2287 ἀποστάς
3193 2242 3208 2257 ·
3249 2226 3549 2295 ἁμαρτάνει
3579 2224 3633 2275 δὲ
3687 2225 3715 2275 ὁ
3752 2224 3880 2289 περὶ
3908 2220 4014 2290 τὴν

2415 2312 2524 2363 τῶν
2557 2314 2715 2367 Οείων
2752 2315 2981 2367 ὲντοὶῶν
3020 2315 3283 2384 ἐργασίαν
3345 2314 3705 2382 προσκὸπτων
3736 2311 3868 2382 (92).
3904 2312 4015 2363 Διὰ

2416 2404 2572 2456 τοῦτο
2609 2407 2723 2468 τοῖς
2755 2406 2850 2474 μὲν
2880 2406 3176 2477 ἀσεϐήσασι
3208 2406 3267 2458 to
3310 2405 3538 2474 φυσικὸν
3568 2408 3659 2457 καὶ
3684 2404 4014 2457 ὐειτοδεὲειντίε⁴

2417 2510 2510 2562 ρον
2546 2496 2713 2565 ὄνομα
2740 2497 3034 2566 ἐπιτίθησι,
3062 2499 3123 2550 τὸ
3164 2496 3356 2550 Ἰακώϐ
3381 2512 3393 2524 ·
3422 2498 3533 2557 τοῖς
3559 2495 3616 2548 δὲ
3643 2496 3698 2546 ὲν
3738 2494 4013 2561 Ἰερουσα-

2415 2586 2545 2656 λὴμ
2577 2588 2637 2641 τὸ
2663 2591 3177 2661 πνευματικώτερω
3229 2589 3323 2643 καὶ
3380 2588 3707 2657 τιμιώτερον
3728 2603 3741 2617 ·
3778 2586 3867 2639 τὸν
3893 2584 4014 2653 γάρ

2420 2679 2564 2732 οεῖον
2602 2682 2729 2735 ναὸν
2768 2681 3004 2750 ἔχοντες,
3034 2682 3261 2745 πολλοὺς
3286 2678 3430 2750 εἶχον
3468 2679 3735 2741 εὐσεϐεῖς.

733 2782 927 2838 nempe
962 2765 1168 2834 Jacob;
1222 2769 1288 2823 iis
1330 2784 1457 2822 vero
1520 2770 1610 2838 qni
1674 2767 2010 2826 Hierusalem
2076 2769 2408 2835 incolebant,
2458 2788 2652 2826 nomen
2706 2776 2850 2827 aliud
2912 2776 3199 2831 sublimius
3256 2784 3417 2845 atque
3457 2774 3823 2844 praestantius.
3857 2768 4010 2824 Cum

732 2861 876 2913 enim
942 2861 994 2913 hi
1024 2860 1264 2913 divinum
1291 2860 1549 2929 templum
1590 2860 1874 2926 haberent,
1905 2860 2174 2914 habebant
2207 2861 2333 2914 item
2366 2862 2487 2931 pios
2527 2866 2775 2920 homines
2802 2867 3132 2935 complures.

801 2970 1019 3036 Qawest
1032 2971 1279 3038 impietas
1295 2968 1459 3023 Jacob
1480 2969 1707 3026 !Nonne
1722 2969 1968 3024 Samaria
1985 2974 2010 3026 2’
2026 2974 2222 3040 etquod
2236 2981 2312 3024 est

729 3068 1005 3129 peceatum
1028 3059 1215 3112 domus
1243 3058 1388 3112 Iuda
1422 3061 1447 3114 ?
1480 3077 1648 3113 nonne
1678 3059 2057 3115 Hierusalem?
2090 3062 2314 3117 Scilicet

730 3166 852 3218 qua!
868 3150 1129 3203 Samaria
1148 3150 1367 3214 fiebant,
1392 3150 1504 3203 hinc
1525 3149 1772 3218 impietas
1796 3162 1947 3205 erant
1970 3168 1984 3217 ;
2004 3150 2143 3205 falsa
2161 3153 2305 3205 cnim

733 3239 876 3292 idola
910 3237 981 3292 ibi
1013 3236 1371 3303 colebantur;
1394 3251 1514 3305 quae
1551 3250 1679 3290 vero
1701 3235 1756 3289 in
1789 3236 1923 3291 urbe
1968 3237 2309 3291 Hierusalem

737 3329 1121 3398 patrabantur,
1158 3328 1273 3381 haec
1300 3336 1456 3381 erant
1495 3335 1713 3397 peccata
1750 3344 1765 3392 ;
1797 3327 1871 3381 ibi
1919 3327 2188 3396 siquidem
2222 3331 2314 3380 ba-

732 3419 972 3474 bitantes
996 3419 1213 3489 injuriis
1236 3419 1507 3472 vexabant
1550 3418 1852 3479 tenuiores.
1878 3417 2315 3485 invadebantque

735 3511 975 3579 ipsorum
1010 3511 1170 3575 bona,
1205 3519 1259 3564 et
1290 3511 1394 3563 alia
1429 3508 1698 3578 ejusmodi
1734 3511 2017 3578 complura
2066 3511 2311 3564 facinora

732 3602 1166 3655 committebant.
1200 3600 1317 3655 Nisi
1348 3600 1487 3654 forte
1510 3601 1635 3669 quis
1689 3599 1838 3653 dicat
1902 3600 2144 3655 divinum
2201 3617 2300 3653 va-

739 3699 872 3753 tem,
928 3704 1036 3758 quo
1060 3705 1330 3745 summam
1362 3690 1470 3742 vim
1521 3688 1701 3743 verbis
1733 3688 1981 3755 adderet,
2037 3689 2313 3759 appellare

737 3782 901 3835 urbes
931 3782 1097 3849 ipsas,
1138 3780 1361 3835 alteram
1385 3780 1738 3849 impietatem,
1786 3788 2090 3848 peccatum,
2133 3787 2192 3833 ut
2226 3781 2310 3833 iti-

732 3885 925 3929 nueret
945 3876 1043 3929 has
1069 3874 1400 3944 impietatem
1455 3871 1856 3943 quodammodo
1879 3870 2074 3941 ipsam,
2104 3870 2310 3941 ipsum-

730 3983 837 4038 que
868 3976 1145 4035 peccatum
1179 3967 1437 4020 evasisse.

803 4056 969 4112 Vens.
1002 4061 1055 4110 6.
1093 4056 1158 4110 Et
1178 4073 1371 4125 ponam
1402 4055 1704 4111 Samariam
1734 4062 1791 4106 ut
1822 4069 2095 4121 pomorum
2125 4062 2307 4107 custo-

729 4149 876 4202 diam
899 4152 951 4202 in
981 4165 1132 4220 agro.
1184 4149 1284 4213 Qui
1324 4148 1664 4202 autuninales
1713 4148 1925 4200 fructus
1967 4145 2305 4210 custodiunt,

731 4251 1051 4297 construere
1086 4242 1263 4296 solent
1279 4241 1471 4310 exigua
1497 4243 1744 4310 quaedam
1770 4240 2008 4309 tuguria.
2030 4238 2084 4290 in
2108 4238 2309 4307 quibus

732 4342 1167 4398 commorautes,
1192 4348 1354 4402 agros
1376 4335 1695 4394 observant,
1723 4330 1903 4399 QIIOMI
1944 4330 1997 4383 in
2029 4331 2163 4399 ipsis
2193 4328 2309 4383 fru~

733 4435 858 4481 ctus
884 4433 1033 4479 sunt.
1091 4424 1293 4478 Exacta
1353 4438 1485 4477 vero
1540 4423 1785 4477 autumni
1830 4429 2174 4491 tempestate,
2239 4435 2302 4476 ea

729 4512 950 4569 deserta
976 4513 1309 4582 relinquunt.
1351 4510 1617 4565 Futurum
1643 4509 1825 4578 itaque
1855 4510 2095 4563 minatur
2125 4519 2302 4573 vates,

2498 2979 2594 3043 Τίς
2644 2977 2889 3032 ἀσέϐεια
2946 2980 3118 3033 οἷκου
3186 2978 3430 3041 Ἰακώϐς
3482 2977 3619 3045 οὐχι
3671 2976 4013 3045 Σαμάρειιη

2424 3068 2521 3120 καὶ
2553 3068 2646 3134 τίς
2674 3070 2712 3136 ἡ
2741 3069 2997 3137 ἁμαρτία
3036 3068 3209 3121 οικου
3246 3066 3476 3131 Ἰούδας
3518 3069 3631 3133 οὐχ
3700 3066 4013 3134 Ἰερουσα-

2423 3160 2590 3228 lim;
2625 3161 2907 3224 Τουτέστι,
2943 3177 3013 3212 τα
3066 3160 3126 3212 ἐν
3170 3158 3453 3227 Σαμαρείᾳ
3508 3157 3795 3226 γινόμενα,
3825 3156 4013 3210 ταῦτα

2420 3243 2562 3319 ἦσαν
2595 3246 2854 3301 ἀσέϐεια·
2893 3247 3311 3315 εἱδωλολάτρουν
3359 3246 3502 3315 γάρ’
3546 3246 3739 3299 καὶτὰ
3795 3248 3852 3298 ὲν
3906 3247 4015 3299 Ἰε-

2427 3338 2706 3409 ρουσαλὴμ
2754 3338 3132 3410 πραττόμενα,
3164 3336 3338 3390 ταῦτα
3375 3332 3515 3405 ἦσαν
3571 3335 3837 3405 ἁμαρτία.
3889 3337 4011 3389 Καὶ

2423 3434 2528 3500 γὰρ
2554 3431 2773 3500 ἠδίκουν
2797 3431 2889 3482 καί
2907 3428 3295 3482 ἐπλεονέκτουν
3321 3428 3450 3490 τοὺς
3475 3427 3867 3496 πενεστέρους,
3903 3429 4008 3481 καὶ

2419 3521 2645 3574 τοιαῦτα
2694 3520 2863 3574 πολλά
2916 3520 3173 3572 ἐποίουν⁸
3202 3521 3252 3572 ει
3298 3521 3375 3588 μὴ
3424 3517 3588 3587 τυχόν
3629 3533 3714 3580 τις
3743 3519 3884 3587 ἐρεῖ,
3922 3519 4009 3571 ὅτι

2421 3613 2889 3680 ἐμφαντικώτατα
2917 3610 3015 3673 τὰς
3046 3610 3233 3673 πόλεις
3264 3610 3434 3675 αὐτὰς
3477 3610 3681 3679 ἔφησεν
3711 3604 3878 3668 εἶναι,
3906 3610 4011 3679 τὴν

2421 3704 2521 3771 μὲν
2550 3702 2832 3765 ἀσέϐειαν,
2861 3701 2962 3772 τὴν
2990 3700 3048 3755 δὲ
3083 3701 3362 3771 ἁμαρτίαν
3385 3717 3399 3731 ·
3428 3699 3569 3753 ὥστε
3600 3699 3770 3765 δεῖξαι
3797 3700 4011 3764 ταύτας

2419 3794 2815 3850 αὐτοασέϐειαν
2845 3795 2938 3848 καὶ
2967 3790 3383 3863 αὑτοαμαρτίαν
3418 3790 3734 3861 γενομένας.

2488 4053 2599 4106 Καὶ
2658 4053 2917 4119 θήσοίαι
2978 4049 3314 4119 Σαμάρειαν
3358 4047 3440 4112 ὡς
3499 4046 4008 4115 ὀπωροφισλάχιον

2415 4147 2625 4214 ἀγροῦ.
2660 4149 2723 4198 Οἱ
2756 4147 2854 4209 τὰς
2897 4145 3120 4214 ὀπώρας
3151 4144 3535 4213 φυλάττοντες,
3572 4143 3818 4205 καλύϐας
3846 4146 4004 4197 εὐτε-

2415 4238 2528 4301 λεῖς
2564 4254 2719 4301 τινας
2751 4236 3136 4299 συνιστῶντες,
3166 4238 3225 4288 ὲν
3253 4237 3443 4295 αὑταῖς
3476 4236 3752 4304 μένοντες,
3796 4235 4006 4303 φυλάτ-

2414 4346 2598 4383 τουσιν
2620 4330 2679 4381 ὲν
2711 4330 2821 4398 ὅσῳ
2854 4327 3069 4398 ὀπῶραι
3095 4328 3234 4380 εἱσι·
3272 4327 3413 4397 μετὰ
3449 4325 3505 4378 δὲ
3526 4325 3619 4378 τὸν
3645 4324 3745 4392 τῆς
3769 4324 4002 4395 ὀπώρας

2416 4423 2631 4492 καιρὸν,
2657 4421 3053 4475 καταλείπουσι
3072 4421 3276 4482 ταύτας
3299 4422 3561 4491 ἐρήμους.
3606 4419 3848 4472 Ἀπειλεῐ
3876 4418 4000 4479 οὖν,

2412 4512 2495 4564 ὅτι
2527 4512 2574 4563 οἱ
2606 4510 2965 4579 φυλάττοντες
3000 4512 3056 4562 ὲν
3098 4511 3383 4579 Σαμαρείᾳ
3422 4509 3550 4562 λαὸν
3580 4508 3714 4561 θεῖοι
3746 4511 4000 4577 ἄγγελοι,

736 4614 795 4658 ιιι
816 4605 985 4659 divini
1019 4606 1217 4672 angeli,
1252 4603 1345 4672 qui
1377 4602 1640 4655 Samaria:
1671 4601 1931 4669 populum
1963 4600 2303 4667 custodiunt,

2419 4603 2900 4673 ἀναχωρήσαντες,
2930 4599 3139 4671 ἔρημον
3170 4599 3344 4669 αὐτὴν
3375 4598 3825 4668 καταλείψουσιν,
3849 4598 4001 4653 ῶστε

733 4696 883 4749 illinc
908 4695 1273 4757 discedentes,
1295 4694 1484 4746 urbem
1503 4692 1782 4755 deserant,
1830 4704 2005 4760 eaque
2056 4699 2309 4761 prOpter-

731 4801 795 4839 ea
828 4786 983 4855 quasi
1024 4785 1301 4855 tugurium
1333 4782 1688 4837 dissolvatur.

801 4880 870 4930 Et
912 4878 962 4927 in
993 4876 1372 4942 plantationem
1402 4874 1587 4936 vincat,
1617 4884 1663 4927 et
1686 4871 1966 4926 detrudam
2006 4872 2060 4925 in
2098 4873 2310 4942 voragi-

2412 4693 2616 4763 ταύτην
2642 4692 2717 4755 ὼς
2747 4690 2993 4761 καλύϐην
3027 4689 3420 4759 καταλυθῆναι.

2479 4867 2589 4923 Καὶ
2635 4869 2724 4934 εὶς
2768 4866 3021 4938 φυτείαν
3049 4862 3431 4933 ἀμπελῶνος,
3467 4864 3567 4917 καὶ
3615 4864 4001 4919 κατασπάσαι

730 4985 846 5021 nem
880 4969 1080 5035 lapides
1129 4968 1242 5036 ejus
1289 4976 1337 5020 et
1378 4964 1730 5033 fundamenta
1764 4964 1878 5029 ejus
1907 4962 2166 5016 revelabo.
2195 4962 2309 5017 lioc

2419 4963 2494 5025 sic
2521 4961 2669 5029 χάος
2699 4960 2843 5024 τοὺς
2869 4959 3080 5023 λίθους
3108 4956 3319 5024 αὐτῆς,
3366 4956 3464 5009 καὶ
3498 4957 3569 5009 τὰ
3603 4956 3847 5025 θεμέλια
3884 4957 4000 5023 τῆς

730 5068 837 5120 est,
865 5058 1325 5125 quemadmodum
1365 5057 1456 5126 qui
1494 5055 1741 5109 vinetum
1771 5069 2061 5108 censerere
2098 5054 2304 5118 volunt,

733 5155 988 5206 idoneum
1023 5153 1089 5206 ad
1125 5152 1179 5207 id
1215 5153 1392 5205 locum
1424 5159 1606 5203 aratro
1641 5149 1930 5212 tindenlcs,
1960 5164 2163 5217 susque
2214 5150 2309 5203 de-

2406 5054 2521 5123 τῆς
2568 5053 2968 5120 ἀποκαλύψω.
3011 5051 3327 5113 Τουτέστιν,
3358 5048 3551 5119 ὥσπερ
3596 5050 3646 5101 οἱ
3698 5051 3998 5118 μέλλοντες

2402 5146 2704 5218 ἀμπελῶνα
2741 5142 3172 5213 καταφυτεῦσαι,
3203 5144 3297 5195 τὸν
3328 5142 3631 5211 ἐπιτήδειον
3660 5142 3828 5195 τόπον
3860 5144 3997 5213 ἀρό-

733 5262 840 5313 que
889 5252 1107 5297 vertunt
1141 5260 1155 5308 ;
1190 5245 1262 5297 ita
1318 5244 1556 5311 patietur
1580 5249 1634 5295 et
1687 5239 1960 5292 Samaria.
1996 5238 2120 5293 liam
2161 5240 2304 5293 enim

2419 5252 2553 5306 τροις
2606 5236 3024 5303 ἀνατέμνοντες,
3078 5234 3192 5287 άνω
3248 5232 3344 5285 καὶ
3393 5232 3547 5285 κάτω
3612 5232 3989 5301 στρέφουσιν·

736 5335 982 5387 tunditus
1039 5342 1338 5397 evertetur,
1375 5347 1552 5400 neque
1608 5343 1793 5383 muros
1826 5329 2066 5387 habebit,
2128 5345 2304 5399 neque

2419 5326 2547 5380 ὤτω
2596 5327 2687 5379 καὶ
2724 5328 2757 5394 ἡ
2804 5326 3093 5394 Σαμάρεια
3146 5324 3416 5377 πείσεται.
3476 5322 3995 5391 Κατασκαφήσεται

734 5427 947 5487 domus,
976 5440 1153 5493 neque
1187 5424 1455 5478 idolorum
1487 5420 1705 5483 altaria,
1742 5434 1917 5489 neque
1945 5420 2116 5473 locos.
2160 5420 2303 5485 Quin

2405 5419 2534 5487 γὰρ,
2566 5417 2661 5469 καὶ
2694 5415 2818 5469 οὗτε
2838 5418 2997 5486 τείχη
3022 5416 3155 5481 ἕξει,
3177 5414 3302 5468 οὔτε
3327 5416 3509 5478 οῐκους
3525 5430 3539 5443 ·
3569 5415 3686 5470 ἀλλ’
3712 5414 3836 5467 οὐδὲ
3855 5416 3994 5477 τοὺς

1962 5586 2159 5647 Varia:
2192 5585 2498 5647 lectiones
2538 5589 2601 5645 et
2643 5585 2833 5643 noue.

805 5770 917 5838 (9|)
954 5768 1241 5821 Πείσεσθαι
1282 5767 1347 5820 τὰ
1375 5767 1545 5831 δεινὰ,
1577 5768 1712 5823 Cod.
1750 5768 1876 5823 [ἢν.

2483 5764 2595 5839 (92)
2625 5767 2978 5839 Προκόπτων,
3009 5763 3137 5823 Cod,
3182 5764 3315 5817 Ven.
