4210 6436
238 377 387 444 1109

917 383 1322 445 EXPOSITIO
1356 387 1434 446 ΙΝ
1469 389 1922 450 ΡΙίΟΡΗΕΤΑΜ
1968 395 2358 456 ΜΙΟΙΙᾹζΑΜ.
2399 423 2464 431 -·
2505 400 2661 459 CAP.
2704 401 2796 458 ιν.

3353 399 3487 464 lI'lO

229 495 646 563 ἀνατρέχοντες.
678 496 949 566 Πρότερον
969 497 1026 550 δέ
1059 515 1142 556 τις
1176 515 1256 562 εις
1280 501 1342 551 τὸ
1385 501 1510 570 ὅρος
1568 504 1797 557 ἀναὸαίο

1913 516 1958 560 et
2017 511 2250 578 abiecta,
2313 523 2369 566 et
2426 513 2639 566 excelsa
2690 524 2854 582 atque
2913 516 3168 569 sublimia
3219 527 3487 584 petamus.

227 603 337 646 νει,
369 587 463 637 καὶ
491 587 611 638 τότε
651 588 730 648 εἰς
757 587 848 640 τὸν
879 584 1026 641 οἷκον
1053 589 1148 642 τοῦ
1181 593 1339 646 Θεοῦ.
1393 594 1450 645 Εἰ
1477 594 1586 664 γὰρ
1621 597 1693 664 μὴ
1716 597 1806 649 se-

228 675 385 740 ξεται
408 677 469 730 τὸ
499 677 700 746 ὑψηλὸν
728 680 825 747 τῆς
864 680 1190 751 Ἐκκλησίας
1219 683 1417 752 δόγμα,
1456 687 1573 748 πῶς
1614 686 1809 754 φθάσει

226 770 311 830 εἰς
332 769 393 820 τὸ
418 770 670 836 γενέσθαι
695 766 838 832 οἶκος
873 771 1042 838 Θειοῦς
1069 770 1138 826 Εὖ
1168 774 1225 826 δὲ
1256 775 1349 828 καὶ
1377 776 1470 829 τοῦ
1497 777 1690 831 Ἰακὼϐ
1717 780 1811 848 μέ-

231 881 462 931 μνηται.
531 866 590 928 ὃς
633 865 702 918 τὰ
749 865 980 936 πατρῷα
1023 868 1379 937 καταλείψας,
1427 868 1522 921 καὶ
1578 870 1656 931 εἰς
1708 870 1811 938 γῆν

229 956 406 1024 ἄλλην
437 960 731 1024 μεταστὰς,
763 962 853 1012 καὶ
888 961 1187 1022 πολύπονος
1217 959 1476 1028 γεγονὼς,
1505 963 1598 1014 καὶ
1621 961 1816 1030 θητεύ-

230 1061 359 1107 σαςο
390 1047 626 1114 μάλιστα
656 1050 754 1117 τῆς
784 1050 878 1103 τοῦ
908 1051 1044 1104 Θεοῦ
1076 1051 1328 1120 βοηθείας
1375 1052 1552 1122 ἔτυχε.
1582 1054 1676 1107 καὶ
1697 1055 1814 1106 ἐπι-

231 1137 545 1204 σημότατος
579 1139 879 1204 γέγονενὲξ
912 1141 1127 1209 ἀσήμου
1152 1161 1167 1175 ο
1196 1141 1545 1212 ὦσπερκαὶή
1581 1141 1812 1210 Ἐκκλη-

235 1226 357 1288 σία,
400 1228 604 1294 ἀφεῖσα
659 1231 728 1282 τὰ
785 1231 1015 1300 πατρῷα
1053 1233 1320 1300 δόγματα,
1381 1235 1478 1286 καὶ
1531 1235 1646 1296 τοῖς
1702 1235 1814 1288 ἄνω

235 1316 652 1389 πολιτευομένη,
676 1324 769 1373 καὶ
801 1322 888 1374 διὰ
920 1321 1079 1374 τοῦτο
1097 1323 1428 1393 διωκομένη,
1451 1324 1546 1376 καὶ
1572 1323 1810 1376 πολύπο-

233 1425 320 1468 νος
350 1413 629 1481 γινομένη,
658 1414 754 1480 τῆς
785 1414 932 1482 παρὰ
961 1415 1036 1481 τῷ
1066 1414 1188 1484 Θεῷ
1247 1415 1405 1484 δόξης
1452 1417 1737 1484 τυγχάνει.

1919 598 2158 652 Primum
2195 609 2375 653 autem
2404 603 2527 669 quis
2574 610 2812 655 montem
2859 607 3124 670 ascendit,
3158 605 3354 659 deinde
3391 607 3483 660 Dei

1915 690 2134 744 domum
2171 693 2508 758 ingreditur?
2537 694 2646 747 Nisi
2677 693 2819 747 enim
2855 696 3004 762 prius
3035 697 3270 765 excipiat
3305 700 3490 752 excel-

1918 796 2036 835 sum
2092 780 2346 836 Ecclesia:
2377 783 2594 852 dogma,
2635 785 2726 853 qui
2781 786 2892 847 fiat,
2947 798 3004 839 ut
3050 788 3096 842 is
3150 787 3240 842 Dei
3295 790 3493 845 domus

1918 873 2156 928 evadat?
2204 874 2371 929 Recte
2429 887 2607 930 autem
2650 881 2855 933 mentio
2917 879 2972 931 fit
3023 890 3075 934 et
3127 880 3318 945 Jacob,
3375 882 3490 951 qui,

1921 965 2126 1019 relictis
2167 966 2361 1033 patriis
2420 967 2665 1032 sedibus,
2722 969 2773 1020 in
2811 978 3056 1022 exteram
3102 985 3161 1023 sc
3213 972 3488 1039 regionem

1920 1061 2171 1123 contulit,
2228 1067 2389 1127 atque
2441 1061 2510 1114 ibi
2563 1061 2763 1115 multos
2828 1064 3049 1130 pertulit
3108 1064 3343 1126 labores,
3396 1081 3491 1133 pa—

1918 1153 2110 1215 ctaque
2173 1148 2421 1200 mercede
2479 1148 2741 1210 servivit,
2801 1157 2855 1202 et
2911 1149 3005 1204 Ilci
3065 1166 3223 1221 opem
3279 1164 3490 1216 nactus,

1919 1251 1982 1290 ex
2032 1237 2218 1290 humili
2252 1246 2306 1291 et
2351 1239 2564 1305 abjecto
2611 1241 2852 1292 onmimn
2906 1242 3140 1295 maxime
3194 1244 3377 1298 clarus
3411 1253 3494 1296 est.

1921 1325 2163 1380 effectus.
2201 1327 2667 1392 Quemadmodum
2724 1341 2773 1384 et
2849 1331 3094 1386 Ecclesia
3120 1333 3492 1402 (87),rclictis

1923 1419 2114 1486 patriis
2149 1421 2432 1484 institutis,
2464 1423 2717 1490 supernis
2779 1437 2898 1476 sese
2931 1423 3138 1477 dedidit
3166 1425 3490 1492 disciplinis,

232 1499 305 1549 nl)
363 1516 595 1570 eamque
664 1519 887 1558 causam
950 1507 1331 1561 vexationibus
1398 1509 1804 1577 angoribusque
1836 1511 2019 1562 multis
2066 1512 2268 1580 agitata
2314 1524 2368 1568 et
2407 1515 2627 1579 amicta,
2685 1516 2868 1570 divina
2938 1532 3080 1571 nunc
3149 1504 3315 1587 gloria
3368 1535 3490 1588 pcr-

234 1591 460 1643 fruitur.

305 1685 414 1738 Kal
445 1684 757 1748 δείξουσιν
785 1687 929 1754 ἡμῖν
955 1687 1070 1754 τὴν
1105 1687 1249 1741 ὀδόν
1272 1689 1481 1744 αὑτοῦ.
1517 1689 1674 1751 Τίνες
1702 1691 1810 1743 δεί-

236 1776 422 1838 ξουσιν
452 1794 466 1841 ;
499 1779 560 1830 0i
596 1779 904 1842 ἀπόστολοι,
946 1779 1082 1848 πρὸς
1112 1779 1206 1842 οὓς
1261 1781 1451 1852 ἐλέχθη
1478 1783 1557 1843 τὸ,
1611 1785 1813 1852 Μαθη-

1993 1691 2060 1743 Ει
2116 1692 2388 1743 ostendent
2443 1692 2588 1745 nobis
2644 1693 2782 1745 riam
2847 1694 2982 1760 ejus.
3039 1691 3270 1755 Quinam
3331 1690 3496 1760 284

1922 1781 2252 1835 ostendent?
2308 1783 2570 1848 Apostoli,
2615 1785 2815 1851 quibus
2870 1785 3075 1838 dictum
3137 1794 3241 1846 cst,
3308 1785 3494 1837 Ducete

235 1868 490 1918 τεύσατε
523 1867 720 1919 πάντα
760 1869 832 1920 τὰ
865 1869 1032 1937 ἔθνη.
1091 1872 1258 1925 Ποίαν
1281 1871 1424 1934 ὁδὸν,
1483 1873 1516 1942 ἢ
1582 1873 1815 1943 Χριστὸν

1922 1888 2098 1925 onmes
2126 1883 2300 1940 gentes
2341 1873 2404 1928 ¹³.
2451 1875 2689 1941 Ecquam
2732 1877 2924 1929 viam?
2967 1875 3083 1929 Non
3119 1878 3276 1929 aliam
3313 1878 3492 1945 proh:-

230 1961 328 2010 τὸν
352 1960 574 2013 εἰπόντα
601 1976 614 1994 ο
645 1961 794 2028 Ἐγώ
818 1965 933 2031 εἰμι
963 1965 999 2030 ἡ
1035 1963 1177 2031 ὁδός
1207 1980 1224 2027 ;

308 2056 415 2106 Καὶ
458 2056 874 2122 πορευσόμεθα
914 2057 984 2108 ἐν
1009 2056 1138 2121 ταῖς
1167 2057 1386 2122 τρίϐοις
1415 2057 1621 2112 αὑτοῦ.
1649 2059 1817 2111 Τουτ-

234 2147 406 2205 ἐστιν,
465 2151 521 2198 ἐν
566 2151 686 2209 ταῖς
748 2148 838 2200 ὑπ’
883 2148 1050 2201 αὑτοῦ
1104 2151 1496 2220 τετριμμέναις
1561 2152 1815 2219 πράξεσι,

235 2237 361 2289 κατ’
392 2238 537 2306 ἴχνος
585 2239 683 2308 τῆς
737 2240 831 2293 τοῦ
874 2241 1112 2311 Χριστοῦ
1144 2243 1418 2306 πολιτείας
1477 2244 1815 2312 κινούμενοι.

235 2329 337 2380 Διὰ
368 2329 524 2381 τοῦτο
563 2331 672 2400 γὰρ
708 2331 802 2400 οὐχ
835 2331 952 2400 ἅμα
981 2333 1057 2402 τῷ
1077 2334 1404 2402 γεννηθῆναι
1464 2335 1622 2396 εὐθὺς
1679 2336 1817 2405 ὑπὲρ

237 2423 395 2488 ἡμῶν
433 2425 702 2475 ἀπέθανεν
726 2464 740 2487 ,
767 2424 903 2476 ἀλλὰ
943 2429 1078 2493 μετὰ
1106 2427 1357 2478 τοσοῦτον
1385 2428 1576 2496 χρόνον
1598 2468 1610 2490 ,
1637 2429 1722 2479 ἵνα
1753 2427 1818 2480 τά

235 2531 296 2564 τε
333 2513 488 2572 ἄλλα,
529 2515 621 2566 καὶ
649 2517 879 2583 τρόπους
903 2519 1036 2585 ἡμῖν
1066 2517 1216 2588 δείξῃ
1244 2518 1519 2579 πολιτείας
1565 2519 1816 2588 ἀρίστης,

234 2606 331 2668 οὓς
361 2608 578 2674 τρίϐους
600 2609 695 2659 νῦν
731 2610 757 2659 ὁ
785 2611 1068 2679 προφήτης
1096 2611 1273 2676 λέγειν
1306 2611 1472 2664 δοκεῖ.
1507 2611 1695 2662 Πολλοὶ
1722 2609 1819 2680 μὲν

238 2698 333 2749 οὖν
391 2699 638 2752 δοκοῦσιν
678 2701 875 2753 εἰδέναι
924 2703 1023 2768 τὴν
1077 2702 1213 2762 ὁδὸν,
1264 2704 1360 2754 καὶ
1414 2703 1692 2754 πιστεύειν
1738 2705 1817 2764 εἰς

245 2791 506 2858 Χριστὸν,
541 2792 601 2843 οὑ
636 2793 956 2860 πορεύονται
982 2794 1036 2844 δὲ
1063 2793 1120 2844 ὲν
1149 2795 1266 2855 ταῖς
1294 2792 1500 2861 τρίϐοις
1533 2793 1719 2845 αὐτοῦ.
1760 2792 1817 2844 '0

235 2883 296 2932 δὲ
322 2883 477 2947 λόγος
514 2883 802 2952 ἀμφότερα
859 2889 1106 2948 ἀπαιτεῖ,
1144 2885 1237 2937 καὶ
1292 2884 1493 2950 γνῶσιν
1520 2887 1618 2953 τῆς
1662 2885 1813 2946 θείας

236 2972 385 3033 ὁδοῦ,
408 2974 500 3025 καὶ
529 2974 628 3044 τὴν
655 2975 713 3026 ὲν
738 2974 816 3043 τῷ
846 2976 968 3028 κατ’
990 2976 1160 3044 αὐτὴν
1192 2976 1292 3045 βίῳ
1317 2977 1551 3041 κίνησιν,
1575 2975 1669 3027 καὶ
1690 2977 1819 3029 ταύ-

241 3079 368 3126 την,
405 3063 542 3114 ὥστε
597 3064 670 3130 μὴ
698 3063 908 3116 τοσόνδε
938 3064 1372 3133 κατωρθωκότας
1432 3064 1650 3130 στῆναι,
1704 3063 1816 3114 ἀλλ’

241 3159 333 3206 ἀεὶ
364 3155 692 3223 πορεύεσθαι
730 3157 1158 3224 προκόπτοντας,
1186 3158 1280 3209 καὶ
1303 3157 1402 3208 οὑκ
1429 3159 1486 3207 ὲν
1512 3157 1609 3224 μιᾷ.
1630 3154 1815 3224 τρίῦῳ,

1922 1974 2031 2029 cto,
2055 1967 2157 2020 nisi
2184 1965 2486 2030 Christum,
2522 1967 2611 2034 qui
2635 1966 2808 2021 dixit:
2848 1968 2955 2037 Ego
2995 1987 3111 2021 sum
3135 1971 3213 2020 vin
3255 1970 3314 2020 “'.

1986 2058 2050 2109 Et
2077 2057 2467 2110 ambulabimus
2505 2059 2556 2109 in
2602 2059 2803 2112 semitis
2840 2061 2976 2126 ejus.
3038 2060 3091 2112 In
3144 2061 3354 2114 semitis
3408 2064 3491 2113 vi-

1920 2147 2113 2202 delicet
2137 2151 2411 2202 actionum
2449 2151 2591 2216 ejus,
2623 2151 2826 2204 Christi
2863 2152 3108 2218 vestigiis
3145 2154 3484 2206 insistentes.

1919 2238 2002 2294 0b
2027 2239 2076 2293 id
2104 2241 2245 2294 enim
2273 2242 2406 2311 (8T)
2446 2243 2590 2295 haud
2628 2243 2812 2297 statim
2846 2255 3005 2298 natus
3043 2245 3178 2297 mori
3209 2260 3305 2312 pro
3337 2246 3494 2298 nobis

1918 2332 2110 2395 voluit,
2156 2332 2248 2386 sed
2293 2341 2444 2386 tanto
2473 2343 2594 2402 post
2628 2343 2892 2401 tempore,
2933 2346 2989 2387 ut
3025 2351 3148 2388 cum
3184 2335 3286 2387 alia
3324 2337 3491 2386 multa

1919 2421 2076 2476 nobis
2131 2422 2464 2486 ostenderet,
2523 2432 2634 2476 tum
2698 2424 2823 2475 vitae
2887 2426 3090 2489 Optime
3139 2424 3494 2477 instituenda:

1919 2518 2082 2576 atque
2133 2510 2395 2578 degendae
2447 2511 2690 2566 rationes
2741 2513 3002 2570 traderet.
3053 2529 3192 2581 quas
3231 2514 3331 2567 hoc
3373 2515 3494 2566 loco

1921 2608 2073 2653 vates
2139 2604 2363 2654 semitas
2422 2602 2695 2668 appellare
2758 2602 2995 2656 videtur.
3060 2603 3212 2656 Multi
3271 2604 3490 2672 quidem

1921 2707 2080 2746 nosse
2118 2692 2372 2746 videntur
2426 2695 2594 2754 viam,
2640 2702 2694 2745 et
2753 2695 2974 2748 credere
3008 2694 3226 2749 Christo
3257 2713 3270 2759 ;
3305 2696 3400 2749 sed
3439 2697 3490 2748 hi

1921 2798 2015 2849 per
2049 2783 2270 2837 semitas
2298 2782 2416 2852 ejus
2455 2799 2562 2836 non
2600 2785 2897 2837 ambulant.
2932 2786 3090 2838 ltatio
3133 2802 3263 2840 vero
3305 2797 3492 2855 postu-

1922 2874 1996 2925 lat
2027 2883 2337 2944 utrumque,
2371 2883 2429 2927 ut
2461 2882 2516 2929 et
2537 2875 2778 2928 divinam
2817 2877 2957 2928 viam
2989 2891 3409 2946 cognoscamus,
3440 2888 3493 2932 ct

1920 2980 2016 3034 per
2076 2966 2321 3019 eamdem
2385 2967 2525 3019 viam
2586 2967 2727 3020 hanc
2790 2969 3039 3024 incessus
3103 2972 3228 3024 vita:
3295 2980 3494 3025 nostra:

1919 3058 2218 3127 dirigamus
2253 3060 2468 3128 ;.idque
2522 3061 2618 3123 ita,
2671 3071 2729 3114 ut
2763 3077 2870 3114 non
2915 3069 3037 3129 post
3094 3063 3302 3131 aliquot
3353 3065 3494 3117 bona

1921 3163 2086 3216 opera
2144 3150 2471 3218 egregiaque
2527 3149 2669 3203 facta
2741 3151 2968 3218 gradum
3036 3151 3333 3213 sistamus,
3399 3157 3493 3206 sed

241 3248 359 3298 dii.‘
393 3249 450 3299 ἐν
485 3248 687 3308 πάσαις
716 3251 837 3309 ταῖς
858 3247 952 3301 τοῦ
993 3248 1228 3317 Χριστοῦ
1251 3285 1266 3310 ,
1296 3246 1388 3299 τοῦ
1438 3249 1680 3310 εἰπόντος
1709 3263 1720 3274 ·
1770 3248 1815 3298 Ὅ

1931 3238 2306 3292 indesinenter
2351 3240 2791 3308 progrediamur,
2824 3242 2878 3293 in
2925 3242 3224 3295 virtutibus
3255 3255 3319 3294 ac
3349 3251 3496 3296 recte

239 3336 371 3402 ἐμοὶ
402 3335 714 3396 διακονῶν,
745 3336 870 3402 ἐμοὶ
895 3337 1316 3388 ἀκολουθείτω.
1350 3337 1456 3387 Καὶ
1478 3336 1648 3391 ἄλλως
1669 3351 1682 3366 ⁸
1709 3337 1821 3389 Μία

244 3427 344 3496 μιν
368 3428 401 3496 ἡ
433 3427 546 3489 ὁδὸς
572 3425 663 3478 τοῦ
693 3427 834 3478 κατὰ
862 3426 992 3476 Θεὸν
1028 3425 1164 3494 βξου,
1209 3425 1342 3476 καθὸ
1373 3424 1508 3489 πρὸς
1537 3424 1631 3476 ἕνα
1691 3441 1815 3476 σκο-

243 3520 344 3569 πὸν
380 3520 504 3586 ὁρᾷ,
537 3518 595 3568 τό
628 3518 817 3585 ἀρέσαι
850 3517 970 3586 Θεῷ
994 3533 1005 3544 ⁸
1031 3518 1222 3568 πολλαὶ
1254 3517 1310 3568 δὲ
1347 3519 1403 3567 αἱ
1435 3516 1631 3585 τρίϐοι,
1679 3516 1810 3568 καθὸ

245 3608 437 3660 πολλαὶ
482 3607 612 3674 βίων
637 3609 899 3677 αἱρέσεις,
939 3608 1032 3659 καὶ
1069 3607 1248 3676 σχίζαι
1286 3607 1552 3674 διάφοροι.

1929 3328 2087 3383 factis
2111 3344 2323 3398 semper
2355 3332 2723 3396 proficientes,
2760 3332 3212 3401 ambuletnusque
3251 3348 3359 3386 non
3401 3349 3494 3402 per

1928 3437 2090 3476 unam
2147 3421 2435 3483 duntaxat,
2482 3424 2575 3476 sed
2626 3438 2721 3490 per
2771 3439 2962 3477 omnes
2996 3423 3203 3479 Christi
3244 3424 3491 3486 semitas,

1917 3517 2007 3582 qui
2057 3513 2242 3567 dixit:
2310 3513 2415 3577 Qui
2483 3515 2611 3566 mihi
2643 3516 2935 3578 ministrat,
2983 3532 3062 3568 me
3111 3524 3362 3584 sequatur
3422 3517 3490 3568 ”.

1913 3608 2034 3659 Alio
2074 3607 2202 3658 item
2241 3607 2446 3662 modo:
2481 3605 2596 3658 Una
2640 3607 2849 3661 scilicet
2883 3615 2969 3660 est
3008 3608 3095 3660 via
3130 3609 3251 3661 vita:
3292 3623 3494 3661 secun-

244 3704 374 3753 dum
428 3701 593 3753 Deum
655 3698 932 3767 degendae,
993 3709 1260 3766 quatenus
1313 3699 1426 3750 IIEEC
1481 3713 1647 3749 unum
1703 3696 1810 3750 Deo
1851 3696 2097 3764 placendi
2132 3695 2292 3748 finem
2327 3703 2542 3763 spectat
2577 3714 2591 3749 :
2623 3698 2806 3750 multae
2853 3713 2984 3752 vero
3060 3707 3189 3753 sunt
3263 3699 3492 3762 semine,

244 3806 520 3866 quatenus
575 3796 757 3849 multm
809 3805 938 3850 sunt
993 3799 1115 3849 vitae
1153 3797 1412 3858 rationes,
1475 3796 1800 3862 diversaque
1835 3795 2108 3850 instituta.

319 3889 441 3939 Ὀτι
487 3888 554 3940 ἐκ
616 3887 769 3941 Σιὼν
816 3887 1203 3948 ἐξελεύσεται
1261 3888 1467 3953 νόμος,
1498 3886 1595 3940 καὶ
1644 3887 1824 3954 λόγος

247 3979 469 4043 Iit-ficu
496 3979 562 4038 ἐξ
601 3977 1018 4047 Ἰερουσαλήμ.
1054 3979 1116 4030 Ol
1141 3977 1634 4045 παρακελευόμενοι
1663 3976 1824 4043 ἀλλή-

252 4069 387 4129 ὶοις,
428 4068 566 4119 ὥστε
601 4069 937 4131 ἀναϐαίνειν,
984 4069 1082 4121 καλ⁵
1123 4070 1220 4136 τὴν
1251 4069 1428 4122 αἰτίαν
1474 4068 1692 4136 λέγουσι
1725 4068 1822 4134 τῆς

249 4159 708 4229 ἀιυ.6ἁσεως,τῆς
741 4162 874 4231 ⁴πρὸς
908 4162 1005 4232 τὴν
1049 4162 1379 4232 Ἐκκλησίαν
1429 4161 1522 4213 τοῦ
1559 4162 1818 4230 Χριστοῦ.

249 4251 449 4303 υἷ’γέτι
480 4253 608 4322 γὰρ,
643 4255 835 4322 φησὶν,
867 4257 896 4307 ὀ
953 4255 1181 4316 παλαιὸς
1229 4257 1413 4323 νόμος,
1468 4255 1584 4306 ἀλλ’
1635 4255 1822 4323 ἔτερος

247 4341 531 4410 ἐξέρχεται
594 4346 657 4396 ικ
718 4343 876 4396 Σιών.
950 4344 1169 4414 Ἐξῆλθε
1205 4346 1258 4397 δὲ
1325 4348 1389 4398 ἐκ
1435 4344 1825 4412 Σιὼνόνόμος

245 4431 342 4482 τοῦ
377 4431 688 4500 [Ινεύμστος
742 4434 840 4502 τῆς
893 4432 1058 4502 ζωῆς,
1108 4435 1204 4486 καὶ
1253 4434 1310 4499 ἐξ
1359 4435 1731 4504 Ἰερουσαλὴμ,
1796 4435 1824 4484 ὁ

249 4522 404 4590 λόγος
439 4526 536 4592 τῆς
565 4524 787 4593 χάριτος
819 4524 913 4578 τοῦ
952 4525 1288 4593 Ιεζὺαγγελίου
1313 4543 1326 4556 ·
1355 4527 1489 4578 καθὸ
1515 4529 1607 4578 καὶ
1636 4528 1663 4578 ό
1711 4525 1822 4577 Κύ-

252 4638 366 4689 ριος
397 4621 454 4672 ἐν
491 4618 628 4670 Σιὼν
659 4618 896 4684 ἐδίδαξεν
922 4621 980 4671 ὲν
1006 4618 1082 4687 τῷ
1134 4618 1286 4687 ἱερῷ,
1352 4620 1446 4670 καὶ
1476 4620 1523 4669 οἱ
1593 4619 1824 4669 ἀπόστοο

1996 3886 2133 3948 Quia
2165 3884 2228 3938 de
2270 3885 2398 3939 Sion
2443 3885 2608 3937 exibit
2661 3884 2766 3946 leas,
2819 3894 2868 3937 et
2923 3884 3133 3937 verbum
3193 3884 3402 3938 Domini
3432 3887 3496 3938 de

1921 3977 2240 4031 Jerusalem.
2292 3977 2391 4042 Qui
2441 3993 2500 4031 se
2528 3977 2758 4029 invicem
2793 3979 3080 4030 hortantur
3102 3976 3168 4029 ad
3198 3978 3496 4031 ascenden-

1924 4072 2072 4133 dum,
2123 4070 2355 4123 ali‘erunt
2410 4078 2463 4122 et
2497 4083 2744 4131 causam,
2792 4082 2890 4121 cur
2936 4067 3136 4122 Christi
3198 4068 3492 4124 Ecclesiain

1925 4163 2076 4216 adire
2127 4162 2382 4216 debeant.
2444 4159 2559 4214 Non
2615 4161 2847 4228 amplius
2900 4161 3066 4222 enim,
3124 4161 3218 4223 ait,
3274 4175 3305 4214 e
3361 4162 3492 4216 Sion

1923 4255 2233 4323 egredietur
2267 4254 2349 4307 lex
2388 4264 2558 4313 vetus.
2599 4254 2691 4307 sed
2728 4255 2833 4306 alia
2882 4254 3042 4321 plane
3087 4253 3323 4309 diversa.
3363 4254 3493 4313 [fro-

1923 4346 2018 4400 diil.
2052 4345 2271 4414 quidem
2309 4361 2370 4396 ex
2415 4344 2547 4397 Sion
2597 4346 2677 4397 lex
2723 4345 2958 4413 Spiritus
2991 4346 3150 4407 vitzc,
3214 4345 3282 4399 ab
3328 4344 3490 4398 Jeru-

1924 4439 2090 4492 salem
2124 4447 2303 4490 autem
2338 4437 2560 4490 verbum
2587 4438 2775 4504 gratiae
2801 4436 3098 4505 Evangelii,
3135 4438 3492 4505 quemadmo-

1921 4530 2048 4582 dum
2077 4538 2125 4581 et
2158 4527 2421 4582 Dominus
2459 4529 2512 4581 in
2547 4525 2677 4581 Sion
2713 4529 2913 4596 templo
2945 4528 3155 4581 docuit.
3187 4528 3490 4592 Quinetiam

1924 4622 2179 4690 apostoli,
2265 4620 2318 4672 in
2377 4620 2511 4673 urbe
2560 4617 2862 4673 Jerusalem
2905 4619 3272 4680 considentes,
3323 4621 3490 4675 divini

246 4715 412 4764 λοιέν
457 4715 520 4782 τῇ
581 4713 734 4763 πόλει
794 4712 1148 4780 Ἰερουσαλὴμ.
1200 4713 1520 4782 καθήμενοι,
1573 4712 1671 4779 τὴν
1715 4712 1808 4763 τοῦ

1917 4714 2155 4783 Spiritus
2182 4714 2411 4782 gratiam
2455 4719 2803 4779 acceperunt.
2853 4710 3060 4764 Prodiit
3093 4727 3224 4779 ergo
3262 4713 3367 4775 lex,
3411 4722 3492 4771 ut,

251 4804 568 4871 Πνεύματος
600 4804 846 4869 ἐδέξαντο
876 4805 1054 4872 χάριν.
1106 4805 1285 4872 Νόμος
1345 4805 1444 4869 μὲν
1476 4804 1588 4866 οὖν,
1625 4805 1700 4859 ὡς
1751 4804 1819 4855 τὰ

246 4897 498 4964 πρακτέα
529 4896 817 4959 διδάσκων,
847 4896 1001 4961 λόγος
1031 4896 1112 4958 δὲ,
1147 4896 1221 4959 ὡς
1270 4897 1330 4948 τὸ
1359 4896 1517 4965 ὀρθὸν
1568 4895 1819 4964 εἰσηγού-

250 5006 414 5055 μενος
447 4989 644 5056 δόγμα.
687 4989 960 5058 Πρότερον
1007 4989 1062 5040 δὲ
1092 4991 1275 5056 νόμος,
1320 4983 1438 5040 εἶτα
1471 4989 1625 5054 λόγος
1654 5006 1666 5016 ·
1698 4988 1821 5039 ἐπεὶ

247 5079 345 5130 καὶ
380 5078 616 5146 προτέρα
651 5081 682 5146 ἡ
715 5078 934 5146 πρᾶξις,
991 5075 1111 5130 εἶτα
1144 5082 1169 5131 ὁ
1203 5081 1302 5146 τῆς
1331 5080 1604 5146 θεολογίας
1644 5080 1816 5143 λόγος.

245 5171 438 5221 Πολλοὶ
465 5171 616 5238 νόμοι
642 5171 700 5221 τὸ
732 5169 924 5237 ἄλογον
957 5170 1171 5238 ἔχουσιν
1199 5187 1213 5202 ο
1240 5171 1475 5223 ἐνταῦθα
1497 5171 1574 5228 δὲ.
1605 5172 1631 5222 ό
1658 5170 1819 5237 νόμος

325 5313 364 5339 ⁸³
400 5310 589 5363 Matth.
625 5326 816 5375 xxvntt,
853 5312 934 5366 19.
1016 5312 1056 5343 "'
1086 5312 1244 5365 Joan.
1287 5328 1397 5378 xw,
1429 5312 1459 5362 f3

1928 4822 2050 4874 qua:
2075 4805 2282 4875 agenda
2319 4811 2526 4864 essent,
2560 4801 2926 4864 docerentur;
2963 4811 3074 4855 tum
3103 4804 3350 4864 verbum,
3385 4819 3493 4871 quo

1926 4907 2138 4952 rectum
2188 4897 2380 4964 dogma
2438 4895 2768 4947 traderetur.
2823 4891 3063 4946 Primum
3131 4903 3310 4947 autem
3361 4897 3493 4948 exiit

1930 4988 2035 5050 lex,
2082 4985 2278 5038 deinde
2328 4983 2591 5047 verbum;
2628 4981 3068 5050 quandoquidem
3123 4984 3270 5049 prior
3298 4991 3384 5037 est
3438 4993 3492 5038 et

1930 5078 2090 5138 actio,
2116 5089 2276 5141 quam
2309 5072 2508 5125 deinde
2541 5073 2826 5138 theologia:
2857 5072 3077 5123 verbum
3114 5063 3488 5140 subsequitur.

1931 5170 2104 5222 Multa:
2142 5169 2356 5238 quidem
2405 5176 2535 5220 sunt
2595 5169 2761 5235 leges,
2815 5167 2962 5220 omni
3017 5180 3239 5234 prorsus
3280 5167 3493 5221 ratione

1562 5311 1603 5343 "
1637 5311 1796 5364 Joan.
1838 5326 1933 5374 xu,
1968 5310 2056 5364 26.

1457 5435 1650 5496 Varia:
1715 5435 2022 5496 lectiones
2089 5442 2367 5492 ctnotm.

316 5536 427 5596 (R7)
468 5535 711 5587 C--ntilcs
742 5535 1023 5594 nimirum,
1062 5537 1261 5600 quibus
1296 5547 1509 5590 Constat
1550 5538 1808 5590 Ecclesia.

322 5605 456 5666 (87')
492 5605 559 5658 L't
591 5607 732 5655 cnim
766 5603 870 5656 Deo
897 5620 994 5670 pro
1027 5606 1261 5671 peccatis
1313 5608 1675 5664 satisfaceret,
1730 5617 1815 5660 sat

247 5687 363 5726 erat
403 5674 485 5726 vel
509 5675 716 5740 primus
746 5675 914 5739 ipsiifs
946 5676 1189 5739 vagitus;
1233 5693 1354 5725 cum
1391 5678 1533 5727 enim
1583 5678 1817 5729 actionis

250 5744 517 5811 ι-ιιῇιιςψιο
568 5745 819 5795 nit-ritum
856 5745 923 5796 ab
983 5745 1194 5808 agentis
1242 5746 1506 5811 dignitate
1567 5751 1816 5813 pendeat,

249 5824 569 5882 lt't‘at'ttltltte
603 5830 698 5882 pro
740 5817 944 5867 ratione
986 5814 1156 5883 ipsius
1217 5815 1532 5885 dignitatis;
1590 5833 1821 5884 cumth

1915 5535 2117 5588 Christi
2151 5535 2409 5599 dignitas,
2445 5539 2629 5596 utpote
2672 5530 2784 5588 Dei,
2821 5529 2892 5580 sit
2915 5527 3168 5599 infinita»:

1919 5614 2132 5671 oportet
2172 5595 2231 5655 et
2263 5603 2417 5669 primi
2449 5595 2662 5666 vagitus
2706 5601 2955 5671 meritum
2989 5597 3255 5671 infinitum
3295 5597 3482 5656 fuisse,

3222 5527 3490 5579 fateamur

1920 5665 2272 5742 proin-qune'
2309 5688 2404 5736 pro
2467 5665 2704 5742 peccatis
2751 5669 3004 5718 omnibus
3055 5665 3370 5742 satisfacere
3398 5683 3490 5742 pa-

1922 5735 2111 5796 inisse.
2149 5735 2324 5792 Νηιιιιι
2360 5735 2536 5792 tamen
2580 5741 2762 5790 statim
2807 5753 2965 5789 natus
3020 5736 3176 5792 mori,
3237 5735 3307 5787 ob
3350 5739 3487 5788 vcri-

1924 5814 2128 5870 similes
2162 5827 2254 5867 cas
2281 5821 2520 5866 rationes
2545 5826 2677 5878 quas
2706 5810 2948 5876 assignat
2984 5806 3275 5873 lntcrprcs.
