4232 6440
238 410 389 476 1109

920 415 1324 477 EXPOSITIO
1358 418 1434 477 ΙΝ
1470 419 1923 480 ΡΙίΟΡΠΕΤΑΜ
1969 425 2359 486 ΜΙΟΙΗΞΑΜ.
2400 453 2465 461 -·
2506 429 2662 488 CAP.
2705 430 2797 487 IV.

3354 427 3488 492 ttto

231 529 649 597 ἀνατρέχοντες.
681 529 951 598 Πρότερον
971 530 1028 582 δέ
1061 548 1143 588 τις
1178 547 1257 593 εις
1283 532 1344 583 τὸ
1387 533 1512 601 ὅρος
1571 536 1799 588 ἀναδαί-
1829 539 1874 598 Α

1829 539 1960 598 Act
2018 541 2252 608 abiecta,
2315 551 2371 595 et
2427 543 2640 595 excelsa
2691 553 2855 611 atque
2915 545 3169 598 sublimia
3220 555 3487 612 petamus.

230 636 341 679 νει,
373 620 466 671 καὶ
493 619 614 672 τότε
654 622 733 681 είς
760 620 850 672 τὸν
881 617 1028 673 οἷκον
1055 621 1149 674 τοῦ
1183 625 1341 677 Θεοῦ.
1395 626 1452 677 Εἰ
1479 626 1588 695 γὰρ
1623 627 1696 695 μὴ
1718 628 1809 680 δέ-

231 709 388 774 ξεται
409 710 472 763 τὸ
501 711 704 779 ὑψηλὸν
731 712 827 780 τῆς
866 712 1192 783 Ἐκκλησίας
1221 715 1419 783 δόγμα,
1458 718 1575 779 πῶς
1616 717 1810 785 φθάσει

231 805 313 864 εἰς
335 801 396 853 τὸ
421 802 673 869 γενέσθαι
698 799 842 865 οἶκος
875 803 1044 870 Θεοῦ;
1072 801 1141 858 Εὖ
1170 806 1228 858 δὲ
1258 807 1352 859 καὶ
1380 807 1472 860 τοῦ
1499 808 1693 862 Ἰακὼϐ
1718 811 1813 878 μέ-

237 915 465 965 μνηται,
534 899 593 960 ὃς
637 898 704 951 τὰ
752 898 983 968 πατρῷα
1025 900 1382 968 καταλείψας,
1430 900 1525 952 καὶ
1580 901 1658 962 εἰς
1710 900 1813 968 γῆν

237 990 409 1057 ἄλλην
442 993 735 1057 μεταστὰς.
767 995 857 1046 καὶ
890 994 1189 1054 πολύπονος
1221 991 1480 1060 γεγονὼς,
1509 995 1601 1045 καὶ
1623 991 1818 1061 θητεύ-

238 1095 363 1141 σας.
394 1081 629 1148 μάλιστα
659 1083 757 1150 τῆς
788 1083 881 1135 τοῦ
911 1083 1047 1136 Θεοῦ
1079 1083 1332 1152 βοηθείας
1378 1085 1555 1153 ἔτυχε.
1585 1085 1678 1138 καὶ
1701 1086 1817 1137 ἐπι·

238 1169 549 1237 σημότατος
583 1171 882 1238 γέγονενὲξ
915 1173 1130 1242 ἀσήμου
1156 1193 1170 1207 ο
1199 1173 1548 1242 ὦσπερκαὶή
1585 1172 1815 1241 Ἐκκλη-

241 1259 361 1321 σία,
403 1261 607 1326 ἀφεῖσα
663 1263 731 1314 τὰ
788 1263 1018 1332 πατρῷα
1056 1265 1323 1332 δόγματα,
1385 1267 1482 1317 καὶ
1534 1266 1649 1326 τοῖς
1705 1266 1817 1319 ἄνω

240 1350 655 1422 πολιτευομένη,
679 1356 773 1406 καὶ
804 1354 892 1406 διὰ
924 1353 1083 1406 τοῦτο
1101 1355 1431 1424 διωκομένη,
1454 1355 1549 1407 καὶ
1576 1354 1813 1408 πολύπο-

237 1458 325 1501 νος
355 1446 633 1514 γινομένη,
661 1447 758 1513 τῆς
788 1447 936 1514 παρὰ
965 1447 1040 1514 τῷ
1069 1446 1192 1516 Θεῷ
1251 1447 1408 1514 δόξης
1455 1448 1740 1514 τυγχάνει.

1921 628 2160 682 Primum
2198 639 2377 683 autem
2406 632 2529 699 quis
2575 639 2813 685 montem
2860 635 3126 699 ascendit,
3160 634 3355 688 deinde
3393 635 3485 688 Dei

1917 721 2136 774 domum
2174 722 2509 788 ingreditur?
2539 723 2648 776 Nisi
2679 722 2820 776 enim
2856 725 3006 791 prius
3036 725 3272 792 excipiat
3307 728 3492 780 excel-

1920 826 2039 865 sum
2095 811 2348 866 Ecclesia:
2380 813 2595 881 dogma,
2637 815 2728 882 qui
2783 815 2893 876 fiat,
2949 827 3006 868 ut
3051 816 3098 870 is
3153 815 3243 870 Dei
3297 818 3494 873 domus

1921 904 2158 958 evadat?
2207 904 2373 958 Recte
2431 916 2608 960 autem
2652 911 2856 962 mentio
2919 907 2975 960 lit
3024 919 3077 963 et
3129 909 3320 972 Jacob,
3377 910 3491 978 qui,

1924 995 2129 1049 relictis
2170 996 2363 1063 patriis
2423 996 2667 1061 sedibus,
2723 998 2776 1050 in
2814 1007 3058 1051 exteram
3105 1013 3163 1051 se
3215 1000 3490 1067 regionem

1923 1091 2173 1154 contulit.
2231 1097 2392 1157 atque
2443 1091 2512 1143 ibi
2565 1090 2765 1144 multos
2830 1092 3052 1159 pertulit
3110 1092 3345 1154 labores,
3398 1109 3494 1161 pa-

1922 1184 2113 1245 ctaque
2175 1177 2423 1229 mercede
2481 1177 2744 1239 servivit,
2803 1185 2858 1231 et
2914 1178 3007 1233 llei
3067 1195 3225 1250 opem
3281 1193 3492 1244 nactus,

1922 1282 1985 1320 ex
2035 1267 2222 1320 humili
2255 1275 2308 1320 et
2353 1268 2567 1334 abjecto
2613 1270 2855 1322 omnium
2909 1271 3143 1324 maxime
3197 1273 3379 1326 clarus
3414 1281 3496 1325 est

1924 1356 2166 1411 effertus.
2205 1357 2670 1421 Quemadmodum
2727 1371 2777 1414 et
2851 1360 3097 1414 Ecclesia
3123 1362 3261 1431 (87),
3289 1364 3495 1415 relictis

1926 1449 2118 1516 patriis
2152 1451 2435 1513 institutis,
2467 1453 2720 1519 supernis
2782 1465 2902 1505 sese
2935 1452 3141 1506 dedidit
3169 1454 3494 1520 disciplinis,

236 1533 308 1583 ni)
367 1549 600 1604 eamque
668 1551 891 1590 causam
954 1539 1334 1593 vexationibus
1401 1540 1808 1608 angoribusque
1839 1541 2023 1592 multis
2070 1543 2271 1610 agitata
2317 1554 2371 1597 et
2411 1545 2630 1608 amicta,
2689 1545 2872 1600 divina
2941 1561 3084 1599 nunc
3153 1533 3319 1616 gloria
3371 1563 3493 1616 per-

238 1625 465 1677 l'ruitur.

309 1719 419 1771 Καὶ
450 1717 762 1780 δείξουσιν
789 1718 934 1787 ἡμῖν
960 1719 1074 1785 τὴν
1109 1719 1253 1773 ὁδὸν
1277 1720 1485 1775 αὐτοῦ.
1521 1721 1677 1781 Τίνες
1705 1721 1814 1774 δεί-

240 1810 426 1871 ξουσιν
457 1827 470 1873 ;
504 1812 564 1863 Ol
600 1811 908 1874 ἀπόστολοι,
950 1811 1086 1880 πρὸς
1117 1811 1211 1874 οὓς
1265 1812 1455 1883 ἐλέχθη
1482 1814 1562 1875 τὸ,
1615 1816 1818 1882 Μαθη-

1997 1721 2063 1774 Ει
2120 1723 2392 1774 ostendent
2447 1721 2591 1774 nobis
2647 1723 2786 1774 riam
2851 1723 2985 1788 ejus.
3043 1719 3274 1784 Quinam
3335 1717 3500 1788 284

1925 1811 2256 1865 ostendent?
2312 1813 2573 1878 Apustoli,
2619 1814 2819 1880 quibus
2875 1814 3079 1866 dictum
3141 1823 3244 1874 csl,
3312 1813 3497 1865 Ducete

239 1901 495 1952 τεύσατε
527 1900 725 1952 πάντα
764 1901 836 1953 τὰ
870 1901 1036 1969 ἔθνη.
1095 1904 1262 1957 Ποίαν
1286 1903 1429 1966 ὁδὸν,
1487 1904 1520 1973 ἢ
1587 1905 1820 1973 Χριστὸν
1859 1939 1897 1991 Β

1859 1939 1897 1991 Β
1927 1918 2102 1955 omnes
2130 1913 2304 1971 gentes
2345 1903 2408 1958 ¹³.
2455 1905 2693 1970 Ecquam
2737 1907 2875 1957 viam
2906 1906 2927 1957 ?
2972 1904 3086 1958 Non
3123 1906 3280 1957 aliam
3317 1906 3496 1972 profc-

235 1995 332 2043 τὸν
356 1994 578 2046 εἰπόντα
606 2009 618 2026 ·
649 1993 799 2060 Ἐγώ
823 1997 938 2063 εἰμι
967 1997 1004 2062 ὴ
1040 1995 1182 2063 ὁδός
1211 2012 1229 2058 ἱ

313 2089 421 2139 Kal
462 2089 880 2155 πορευσόμεθα
918 2089 989 2140 ἐν
1013 2088 1143 2153 ταῖς
1171 2089 1391 2154 τρίϐοις
1420 2089 1626 2143 αὐτοῦ.
1653 2091 1821 2142 Τουτ.

239 2180 412 2239 ἐστιν,
469 2184 526 2231 ὲν
571 2183 691 2241 ταῖς
752 2180 842 2232 ὑπ’
888 2180 1055 2234 αὐτοῦ
1109 2183 1500 2252 τετριμμέναις
1565 2184 1820 2250 πράξεσι,

240 2270 366 2322 κατ’
398 2271 542 2340 ίχνος
590 2272 688 2340 τῆς
742 2273 836 2326 τοῦ
880 2274 1117 2344 Χριστοῦ
1150 2275 1422 2338 πολιτείας
1482 2275 1820 2344 κινούμενοι.

240 2363 342 2413 Διὰ
373 2361 530 2414 τοῦτο
569 2364 677 2433 γὰρ
714 2364 808 2433 οὐχ
841 2364 956 2433 ἅμα
987 2365 1062 2434 τῷ
1083 2366 1409 2434 γεννηθῆναι
1469 2366 1627 2428 εὐθὺς
1684 2367 1822 2436 ὑπὲρ

242 2456 400 2522 ἡμῶν
439 2458 708 2508 ἀπέθανεν
732 2497 745 2518 ,
773 2456 910 2509 ἀλλὰ
949 2461 1084 2525 μετὰ.
1112 2459 1362 2510 τοσοῦτον
1391 2459 1581 2527 χρόνον
1603 2499 1616 2520 ,
1642 2460 1726 2510 ἵνα
1758 2458 1823 2510 τά

241 2564 302 2597 τε
338 2547 494 2604 ἄλλα,
534 2547 626 2599 καὶ
654 2550 885 2616 τρόπους
909 2551 1042 2617 ἡμῖν
1072 2549 1222 2619 δείξῃ
1249 2550 1525 2610 πολιτείας
1570 2551 1821 2619 ἀρίστης,

240 2639 336 2702 οὓς
367 2641 584 2707 τρίϐους
606 2642 702 2692 νῦν
738 2643 763 2691 ό
791 2643 1073 2711 προφήτης
1101 2643 1279 2708 λέγειν
1312 2643 1477 2695 δοκεῖ.
1511 2642 1700 2692 Πολλοὶ
1728 2640 1825 2710 μὲν

244 2731 340 2782 οὖν
396 2732 643 2785 δοκοῦσιν
685 2734 882 2785 εἰδέναι
930 2735 1029 2800 τὴν
1083 2734 1219 2793 ὁδὸν,
1270 2736 1365 2786 καὶ
1420 2734 1697 2786 πιστεύειν
1744 2735 1823 2794 εἰς

252 2824 512 2892 Χριστὸν,
548 2825 607 2876 οὑ
642 2825 963 2892 πορεύονται
987 2826 1042 2876 δὲ
1070 2825 1126 2876 ὲν
1156 2826 1272 2888 ταῖς
1301 2824 1506 2892 τρίϐοις
1539 2824 1725 2876 αὑτοῦ.
1766 2823 1823 2874 '0

242 2916 304 2965 δὲ
329 2916 484 2980 λόγος
520 2916 809 2984 ἀμφότερα
866 2921 1112 2981 ἀπαιτεῖ,
1150 2917 1243 2969 καὶ¹
1298 2916 1500 2982 γνῶσιν
1526 2919 1624 2984 τῆς
1668 2915 1818 2976 θείας

243 3005 392 3066 ὁδοῦ,
415 3007 506 3058 καὶ
536 3007 635 3077 τὴν
662 3008 720 3058 ὲν
745 3007 822 3075 τῷ
853 3008 975 3060 κατ’
997 3008 1166 3076 αὐτὴν
1199 3007 1298 3076 βίῳ
1323 3009 1557 3072 κίνησιν,
1581 3007 1675 3058 καὶ
1696 3008 1825 3060 ταύο

247 3113 374 3159 την,
411 3095 549 3146 ὥστε
603 3097 676 3164 μὴ
705 3096 915 3148 τοσόνδε
945 3096 1378 3165 κατωρθωκότας
1438 3095 1657 3162 στῆναι,
1710 3094 1822 3145 ἀλλ’

247 3191 340 3240 ἀεὶ
371 3188 699 3256 πορεύεσθαι
737 3190 1165 3257 προκόπτοντας,
1193 3189 1287 3240 καὶ
1309 3188 1409 3239 οὐκ
1436 3190 1493 3239 ὲν
1518 3188 1616 3255 μιᾷ.
1637 3185 1821 3256 τρίϐῳ,

1926 2005 2034 2060 clo,
2059 1997 2161 2049 nisi
2188 1996 2490 2060 Christum,
2527 1997 2615 2064 qui
2640 1995 2812 2050 dixit:
2851 1996 2960 2065 Ego
2999 2015 3114 2050 sum
3139 1999 3218 2047 vin
3259 1998 3319 2049 ".

1991 2087 2471 2139 Etambulabimus
2509 2089 2560 2138 in
2607 2089 2807 2140 semitis
2844 2089 2980 2155 ejus.
3043 2088 3096 2140 In
3148 2089 3359 2142 semitis
3413 2092 3496 2140 vi-

1925 2178 2116 2232 delicet
2141 2182 2416 2231 actionum
2453 2181 2596 2246 ejus,
2628 2179 2831 2233 Christi
2868 2181 3113 2246 vestigiis
3149 2182 3489 2234 insisletttcs.

1924 2269 2007 2324 0b
2031 2270 2081 2324 id
2109 2270 2250 2324 enim
2278 2272 2410 2341 (87')
2451 2272 2595 2324 haud
2633 2272 2817 2326 statim
2851 2284 3009 2326 natus
3047 2273 3182 2325 mori
3213 2288 3309 2340 pro
3341 2273 3499 2326 nubis

1923 2363 2115 2425 voluit,
2161 2362 2253 2416 sed
2297 2371 2448 2415 tanto
2478 2371 2598 2432 post
2633 2372 2896 2430 tempore,
2938 2375 2994 2415 ut
3029 2379 3153 2416 cum
3189 2363 3291 2415 alia
3329 2365 3495 2413 multa

1924 2452 2081 2506 nobis
2137 2452 2468 2516 ostenderet,
2527 2461 2639 2506 tum
2704 2453 2828 2504 vit-.e
2892 2455 3094 2518 Optime
3144 2452 3499 2506 instituenda:

1925 2549 2088 2606 atque
2138 2539 2399 2608 degenda:
2452 2541 2694 2595 rationes
2747 2541 3007 2598 traderet.
3058 2557 3198 2609 quas
3237 2542 3336 2595 hoc
3378 2542 3500 2594 loco

1926 2638 2078 2684 vates
2145 2633 2368 2683 semitas
2427 2631 2700 2698 appellare
2763 2631 3000 2684 videtur.
3065 2631 3217 2684 Mulli
3277 2632 3495 2700 quidem

1926 2738 2086 2776 nosse
2123 2722 2378 2776 videntur
2432 2725 2600 2782 viam,
2646 2731 2699 2774 et
2759 2724 2979 2776 credere
3013 2722 3231 2777 Christo
3262 2741 3276 2787 ;
3311 2724 3405 2778 sed
3445 2725 3496 2776 hi

1927 2829 2020 2880 per
2054 2813 2275 2867 semitas
2304 2812 2422 2881 ejus
2461 2829 2567 2865 non
2605 2814 2903 2866 ambulant.
2937 2814 3095 2866 ltatio
3139 2829 3269 2868 vero
3311 2824 3498 2883 postu-

1928 2904 2001 2955 lat
2033 2913 2343 2973 utrumque,
2377 2913 2435 2957 ut
2466 2912 2522 2958 et
2543 2904 2784 2957 divinam
2821 2905 2963 2956 viam
2995 2919 3415 2974 cognoscamus,
3446 2915 3499 2960 et

1926 3011 2022 3065 per
2082 2996 2327 3049 eamdem
2391 2997 2532 3049 viatn
2592 2996 2733 3048 hanc
2797 2999 3045 3052 incessus
3109 3000 3234 3052 vita:
3302 3007 3500 3053 nostra:

1925 3089 2224 3157 dirigamus
2258 3090 2475 3157 ;-idque
2528 3091 2624 3151 ita,
2677 3099 2875 3143 utnon
2921 3098 3043 3158 post
3101 3091 3308 3159 aliquot
3359 3092 3500 3144 bona

1927 3193 2092 3246 opera
2150 3180 2477 3248 egregiaque
2533 3179 2675 3232 facta
2747 3179 2974 3247 gradum
3043 3179 3339 3240 sistamus,
3405 3184 3500 3232 sed

248 3281 366 3331 ἀλλ’
401 3283 457 3332 ἐν
491 3281 694 3341 πάσαις
723 3283 844 3342 ταῖς
865 3279 959 3333 τοῦ
1001 3279 1234 3349 Χριστοῦ
1258 3317 1273 3341 ,
1303 3277 1395 3331 τοῦ
1445 3280 1687 3341 εἰπόντος
1715 3294 1727 3305 °
1777 3278 1831 3329 '0
1858 3275 1901 3335 C

1858 3275 1901 3335 C
1937 3269 2312 3323 indesinenter
2357 3269 2798 3338 progrediamur,
2831 3270 2885 3321 in
2931 3270 3231 3323 virtutibus
3261 3283 3326 3322 ac
3356 3279 3502 3323 recte

247 3369 378 3434 ἐμοὶ
409 3368 721 3429 διακονῶν,
753 3369 877 3435 ἐμοὶ
903 3369 1324 3420 ἀκολουθείτω.
1357 3368 1463 3418 Καὶ
1485 3367 1655 3423 ἄλλως
1676 3382 1689 3397 ⁸
1716 3367 1828 3420 Μία

252 3460 407 3528 μὲνὴ
441 3460 554 3522 ὁδὸς
579 3457 671 3510 τοῦ
701 3459 841 3510 κατὰ
869 3458 999 3508 θεὸν
1035 3457 1171 3526 βξου,
1217 3456 1349 3508 καθὸ
1381 3456 1515 3521 πρὸς
1543 3455 1638 3507 ἕνα
1698 3471 1822 3506 σκο-

251 3553 352 3603 πὸν
388 3553 511 3619 ὁρᾷ,
543 3551 602 3601 τὸ
636 3551 824 3618 ἀρέσαι
857 3549 977 3617 Θεῷ
1001 3565 1013 3575 ·
1038 3549 1230 3600 πολλαὶ
1261 3548 1317 3600 δὲ
1355 3550 1410 3599 αἱ
1442 3547 1638 3616 τρίϐοι,
1687 3546 1817 3598 καθὸ

253 3641 445 3692 πολλαὶ
489 3641 619 3707 βίων
645 3641 907 3709 αἱρέσεις.
947 3640 1040 3691 καὶ
1076 3639 1257 3708 σχίζαι
1293 3639 1559 3705 διὰςςοροι.

1935 3359 2093 3414 factis
2119 3374 2329 3428 semper
2363 3361 2730 3426 proﬁcientes,
2766 3360 3219 3429 ambulemusque
3257 3376 3365 3414 non
3408 3375 3500 3429 per

1934 3468 2097 3506 unam
2153 3451 2442 3512 duntaxat,
2489 3453 2582 3505 sed
2633 3467 2728 3518 per
2778 3467 2969 3506 omnes
3003 3452 3210 3506 Christi
3250 3451 3498 3513 semitas,

1924 3546 2014 3611 qui
2065 3543 2249 3597 dixit:
2317 3543 2423 3607 Qui
2490 3544 2618 3595 mihi
2650 3544 2942 3606 ministrat,
2990 3560 3068 3596 me
3117 3552 3370 3611 sequatur
3429 3543 3496 3595 ⁸⁸.

1921 3638 2041 3689 Alio
2081 3637 2210 3688 item
2249 3636 2453 3692 modo:
2487 3634 2603 3687 Una
2647 3637 2856 3689 scilicet
2891 3643 2976 3688 est
3015 3636 3102 3688 via
3137 3638 3258 3689 vita:
3299 3650 3501 3689 secun-

253 3738 382 3786 dum
436 3734 601 3786 Deum
663 3731 940 3800 degenthe,
1001 3741 1269 3798 quatenus
1320 3731 1434 3780 haec
1488 3743 1654 3780 ttnunt
1710 3727 1817 3780 Deo
1859 3725 2105 3794 placendi
2139 3725 2300 3777 ﬁnem
2335 3733 2549 3792 spectat
2585 3742 2598 3778 :
2630 3727 2814 3778 multa:
2859 3741 2991 3780 vero
3067 3734 3197 3782 sunt
3271 3727 3499 3789 semitm,

253 3839 528 3899 quatenus
583 3829 764 3881 multa:
818 3837 946 3882 sunt
1001 3831 1124 3881 vita:
1160 3828 1420 3890 rationes,
1483 3827 1808 3892 diversaque
1842 3826 2115 3880 instituta.

327 3923 449 3972 Ὅτι
495 3921 562 3973 ἐκ
624 3920 776 3973 Σιὼν
824 3920 1211 3981 ἐξελεύσεται
1269 3920 1474 3984 νόμος.
1505 3917 1602 3970 καὶ
1651 3918 1832 3985 λόγος

257 4013 478 4077 Κυρίου
505 4012 570 4071 ἐξ
609 4010 1026 4079 Ἰερουσαλήμ.
1063 4011 1124 4062 Ol
1149 4008 1641 4077 παρακελευόμενοι
1670 4007 1831 4074 ἀλλή-

261 4103 395 4163 λοις,
437 4102 575 4153 ὥστε
610 4101 946 4163 ἀναϐαίνειν,
993 4101 1090 4153 καὶ
1131 4101 1229 4168 τὴν
1259 4100 1436 4153 αἰτίαν
1481 4099 1700 4166 λέγουσι
1733 4099 1830 4165 τῆς

258 4192 716 4262 ἀναδάσεως,τῆς
751 4195 884 4263 πρὸς
916 4194 1014 4264 τὴν
1057 4193 1388 4264 Ἐκκλησίαν
1437 4193 1531 4244 τοῦ
1567 4193 1826 4260 Χριστοῦ.

258 4285 458 4336 υίθγέτι
489 4286 617 4355 γὰρ,
651 4288 844 4355 φησὶν.
877 4289 905 4338 ό
962 4286 1189 4348 παλαιὸς
1237 4288 1422 4354 νόμος,
1477 4285 1593 4337 ἀλλ’
1644 4286 1831 4354 ἔτερος

256 4374 540 4444 ἐξέρχεται
603 4379 666 4428 ὲκ
727 4375 885 4428 Σιών.
959 4376 1179 4446 ῗΕξῆλθε
1214 4377 1268 4428 δὲ
1335 4379 1397 4428 ὲκ
1443 4375 1834 4443 Σιὼνόνόμος

255 4465 352 4515 τοῦ
386 4464 697 4534 Πνεύμστος
751 4466 849 4534 τῆς
901 4465 1067 4533 ζωῆς,
1117 4467 1214 4517 καὶ
1262 4465 1320 4530 ἐξ
1368 4467 1740 4535 Ἰερουσαλὴμ,
1805 4466 1833 4515 6

258 4557 413 4623 λόγος
448 4560 545 4627 τῆς
575 4557 796 4626 χάριτος
828 4557 922 4610 τοῦ
961 4557 1297 4625 Ιεὶὺαγγελίου
1322 4574 1336 4587 ο
1365 4558 1498 4609 καθὸ
1525 4561 1616 4609 καὶ
1645 4559 1672 4609 ό
1720 4556 1832 4608 Κύ-

262 4671 375 4723 ριος
406 4654 463 4705 ἐν
500 4651 638 4704 Σιὼν
669 4651 905 4716 ἐδίδαξεν
931 4653 988 4703 ὲν
1015 4650 1092 4719 τῷ
1143 4650 1296 4719 ἱερῷ,
1361 4651 1455 4701 καὶ
1485 4650 1533 4700 οἱ
1603 4649 1834 4699 ἀπόστο-

2004 3916 2141 3979 Quia
2172 3914 2236 3967 de
2277 3914 2406 3969 Sion
2451 3914 2616 3967 exibit
2669 3913 2773 3975 (ex.
2827 3923 2876 3966 et
2930 3913 3140 3966 verbum
3201 3912 3410 3966 Domini
3439 3914 3503 3965 de

1929 4007 2249 4061 Jerusalem.
2300 4006 2399 4072 Qui
2449 4023 2508 4060 se
2536 4007 2767 4058 invicem
2801 4008 3088 4058 hortantur
3111 4005 3175 4057 ad
3207 4005 3504 4058 ascenden-

1932 4102 2080 4163 dum,
2132 4100 2363 4153 aﬁ'erunt
2419 4107 2471 4152 et
2506 4112 2751 4160 causam,
2800 4111 2898 4149 cur
2944 4097 3143 4151 Christi
3207 4095 3500 4151 Ecclesiam

1933 4193 2084 4246 adire
2136 4192 2390 4246 debeant.
2453 4189 2568 4242 Non
2623 4190 2855 4257 amplius
2909 4190 3074 4250 enim,
3132 4189 3226 4251 ait,
3283 4203 3313 4242 e
3369 4189 3500 4243 Sion

1932 4285 2242 4353 egredietur
2276 4284 2358 4336 lex
2397 4293 2567 4342 vetus,
2608 4283 2700 4335 sed
2737 4283 2841 4335 alia
2891 4282 3050 4350 plane
3095 4281 3332 4336 diversa.
3372 4281 3502 4340 [Iro-

1933 4377 2024 4430 diil
2061 4375 2280 4444 quidem
2318 4391 2378 4427 ex
2424 4373 2556 4426 Sion
2605 4376 2686 4426 lex
2731 4373 2966 4442 Spiritus
3000 4375 3158 4436 vitm,
3223 4373 3292 4426 ab
3337 4372 3499 4426 Jeru-

1933 4469 2099 4522 salem
2134 4477 2312 4520 autem
2347 4467 2569 4520 verbum
2596 4467 2784 4534 gratia:
2810 4465 3107 4532 Evangelii,
3144 4466 3501 4533 quemadmo-

1931 4561 2058 4613 dum
2087 4569 2135 4611 et
2168 4557 2430 4612 Dominus
2468 4558 2521 4610 in
2556 4555 2686 4610 Sion
2722 4557 2922 4624 templo
2954 4556 3164 4609 docuit.
3196 4556 3499 4620 Quinetiam

1934 4653 2188 4721 apostoli,
2275 4650 2328 4702 in
2387 4650 2520 4702 urbe
2569 4646 2871 4701 Jerusalem
2914 4647 3282 4708 considentes.
3332 4648 3499 4702 divini

257 4749 337 4797 λοι
367 4749 422 4796 ἐν
466 4749 530 4815 τῇ
591 4747 744 4796 πόλει
804 4744 1158 4812 Ἰερουσαλὴμ
1210 4744 1529 4813 καθήμενοι,
1583 4743 1681 4809 τὴν
1725 4743 1818 4794 τοῦ
1848 4742 1928 4801 D‘

1848 4742 1899 4801 D
1927 4744 2164 4813 Spiritus
2192 4743 2420 4812 gratiam
2465 4748 2812 4808 acceperunt.
2863 4738 3069 4792 Prodiit
3102 4755 3234 4807 ergo
3272 4741 3376 4802 lex,
3420 4749 3501 4798 ut.

261 4838 578 4905 Πνεύματος
609 4837 855 4902 ἐδέξαντο
885 4838 1064 4904 χάριν.
1116 4837 1295 4904 Νόμος
1355 4837 1454 4900 μὲν
1486 4835 1598 4896 οὖν,
1635 4835 1710 4890 ὡς
1762 4835 1829 4886 τὰ

257 4931 508 4997 πρακτέα
539 4929 827 4990 διδάσκων,
857 4928 1011 4994 λόγος
1041 4929 1121 4990 δὲ,
1157 4928 1230 4990 ὡς
1279 4928 1340 4979 τὸ
1369 4928 1527 4996 ὀρθὸν
1578 4926 1829 4996 εἰσηγού-

261 5039 424 5088 μενος
457 5022 654 5089 δόγμα.
697 5021 970 5090 Πρότερον
1018 5021 1072 5072 ὅὲ
1102 5023 1286 5088 νόμος,
1330 5014 1448 5072 εἶτα
1481 5020 1636 5084 λόγος
1664 5037 1677 5047 ”
1709 5018 1831 5069 ἐπεὶ

259 5112 356 5162 καὶ
390 5111 626 5179 προτέρα
661 5113 692 5178 ἡ
725 5110 944 5177 πρᾶξις,
1001 5107 1121 5162 εἶτα
1154 5114 1179 5163 6
1213 5113 1312 5178 τῆς
1342 5111 1614 5177 θεολογίας
1654 5111 1826 5174 λόγος.

257 5204 449 5255 Πολλοὶ
475 5204 626 5272 νόμοι
653 5203 711 5254 τὸ
743 5202 934 5268 ἄλογον
967 5202 1182 5270 ἔχουσιν
1210 5219 1224 5233 ο
1250 5202 1485 5254 ἐνταῦθα
1508 5202 1585 5260 δὲ,
1616 5203 1642 5252 6
1669 5200 1830 5268 νόμος

337 5346 376 5372 ³³
412 5343 600 5396 Matth.
635 5359 827 5408 xxvm,
864 5343 945 5398 19.
1027 5344 1066 5375 ’⁸
1097 5344 1255 5397 Joan.
1298 5360 1408 5410 xw,
1440 5343 1470 5395 6

1938 4852 2059 4904 qure
2085 4835 2291 4905 agenda
2329 4840 2536 4894 essent,
2569 4831 2936 4893 docerentur;
2973 4840 3083 4884 tum
3112 4832 3359 4892 verbum,
3395 4846 3503 4898 qtto

1937 4937 2148 4982 rectum
2197 4927 2389 4994 dogma
2448 4923 2778 4976 traderetur.
2833 4919 3073 4974 Primum
3141 4931 3320 4975 autem
3371 4924 3503 4975 exiit

1940 5018 2045 5079 lex,
2092 5014 2287 5068 deinde
2338 5012 2602 5075 verbum;
2639 5010 3079 5079 quandoquidem
3132 5012 3279 5077 prior
3308 5018 3394 5064 est
3448 5020 3503 5063 et

1941 5107 2100 5168 actin,
2126 5118 2286 5171 quam
2319 5101 2518 5155 deinde
2551 5101 2836 5167 theologia:
2867 5101 3088 5152 verbum
3125 5090 3498 5167 subsequitur.

1941 5199 2114 5252 Multae
2152 5199 2366 5268 quidem
2416 5205 2545 5250 sunt
2606 5198 2772 5264 leges,
2826 5195 2972 5248 omni
3027 5209 3250 5262 prorsus
3290 5194 3503 5248 ratione

1573 5342 1614 5374 ⁸³
1648 5341 1807 5394 Joan.
1849 5356 1944 5404 xtt,
1978 5340 2067 5394 9.6.

1468 5467 1661 5528 \‘arite
1725 5465 2033 5527 lectiones
2100 5471 2379 5521 etnotm.

329 5569 439 5629 (R'ﬂ
480 5568 722 5620 Gentiles
753 5568 1035 5626 nimirum,
1073 5569 1273 5633 quibus
1307 5578 1521 5622 Constat
1561 5569 1820 5620 Ecclesia.

334 5639 468 5701 (87')
502 5638 571 5692 Ut
603 5640 744 5688 enim
777 5636 882 5689 Deo
907 5653 1005 5702 pro
1039 5638 1273 5703 peccatis
1324 5640 1687 5694 satisfaceret.
1742 5647 1826 5691 sat

261 5720 376 5760 erat
415 5708 496 5760 vel
520 5708 727 5774 primus
757 5709 925 5772 ipsitPs
957 5708 1201 5771 vagitus;
1245 5724 1366 5757 cum
1403 5709 1545 5758 enim
1595 5709 1828 5760 actionis

263 5777 529 5844 cuiusque
579 5777 831 5828 meritum
868 5777 935 5828 ab
995 5777 1206 5843 agentis
1255 5777 1518 5841 dignitate
1579 5781 1828 5844 pendeat,

263 5857 581 5916 ttcstatque
615 5863 709 5915 pro
751 5849 956 5900 tatienc
998 5847 1167 5915 ipsius
1229 5846 1544 5916 dignitatis;
1602 5865 1833 5914 cumque

1926 5563 2128 5618 Christi
2163 5563 2421 5628 dignitas,
2457 5568 2641 5625 utpote
2683 5559 2796 5616 Dei,
2832 5558 2903 5608 sit
2926 5555 3180 5628 infinita:

3233 5555 3502 5606 fateamur

1930 5643 2144 5701 npnrlet
2184 5624 2242 5685 et
2275 5632 2428 5699 pt'itni
2461 5624 2674 5695 vagitus
2717 5629 2967 5701 tneritutn
3001 5625 3266 5701 illiillitll‘tll
3307 5624 3494 5684 fuisse,

1931 5693 2284 5772 proin-Inque
2320 5717 2416 5766 pro
2479 5693 2715 5766 peccatis
2762 5697 3015 5747 euntibus
3066 5693 3382 5772 satisfacere
3410 5710 3502 5769 po-

1933 5763 2123 5826 iuisse.
2161 5763 2337 5822 Ntti‘lli
2372 5763 2548 5821 tamen
2592 5769 2773 5818 statim
2819 5780 2976 5818 natus
3031 5763 3188 5819 mori.
3248 5763 3318 5815 ob
3362 5765 3498 5815 vcri-

1936 5844 2140 5901 similes
2175 5857 2267 5896 cas
2293 5850 2532 5896 t‘attuncs
2557 5854 2689 5908 quas
2718 5838 2960 5904 assignat
2995 5834 3286 5901 lntct'pt'cs.
