4232 6440
232 396 368 462 “‘21

852 398 1253 460 EKPOSITIO
1312 398 1390 458 ΙΝ
1418 399 1872 460 PROPIIETAM
1911 398 2304 458 MlCllﬁAM.
2340 422 2406 435 ν·-
2447 399 2523 457 (ΞΛ

1098 399 1253 458 ITlO
1312 398 1390 458 ΙΝ
1418 399 1872 460 PROPHETAM
1911 398 2304 458 MlClls'EAM.
2340 422 2406 435 ο·-
2447 399 2604 458 CAP.
2662 398 2763 458 ιγ.

3338 394 3478 459 1122

221 541 327 592 τοῦ
358 537 668 606 ΙΙνεύματος
692 538 892 608 χάρις),
927 539 1022 590 καὶ
1054 537 1348 609 αὐχμώδης
1369 539 1615 607 γένηται,
1639 539 1802 607 ἐπέρ-
1838 548 1875 600 Α

1838 548 1875 600 Α
1912 539 2090 592 ιΙυίῖιῗίῐ
2127 554 2290 606 aqua,
2326 538 2677 592 credentibus
2707 554 2737 591 a
2775 534 3005 589 Domino
3037 534 3260 604 praeberi
3294 537 3476 602 solita,

222 646 386 698 χεται
431 628 576 697 αὐτῷ
637 631 670 695 ὴ
714 633 777 679 ἐκ
830 629 1151 691 Βαϐυλῶνος
1208 630 1351 699 ἀρχὴ
1377 671 1390 694 ,
1420 632 1447 682 ὁ
1489 632 1672 699 ἀρείων
1699 631 1796 698 τῆς

225 722 551 789 συγχύσεως
573 719 667 773 τοῦ
696 721 901 790 κόσμου
937 723 1206 791 τούτου,ή
1243 722 1488 791 βασιλεία
1521 724 1552 793 ἡ
1582 723 1795 793 πρώτη,

223 812 298 880 ἦν
333 813 450 881 (ll)
483 813 801 866 ἐϐασίλευσε
838 813 925 865 διὰ
967 813 1067 882 τῆς
1100 814 1376 882 ἁμαρτίας
1440 813 1546 883 πρὸ
1573 813 1671 882 τῆς
1703 814 1797 865 τοῦ

219 902 465 970 Χριστοῦ
493 905 816 973 παρουσίας,
839 906 896 956 ἐν
921 904 997 974 τῷ
1025 904 1204 974 θνητῷ
1227 907 1386 973 ἡμῶν
1427 907 1662 974 σώματι.
1700 904 1796 954 Τι·

219 993 316 1056 νές
351 993 408 1046 δὲ
439 996 636 1065 ἀρχὴν
675 999 768 1049 καὶ
807 997 1047 1065 πρώτην
1069 998 1404 1062 βασιλείαν
1446 997 1538 1048 τὸν
1560 996 1795 1066 Χριστὸν

216 1086 574 1152 éEeaééavw
627 1090 792 1151 αὐτὸς
842 1089 953 1157 γὰρ
1008 1089 1150 1160 ἀρχὴ
1197 1091 1415 1144 πάντων
1449 1089 1542 1141 καὶ
1580 1088 1795 1158 πρῶτος

216 1176 484 1246 βασιλεύς
510 1196 523 1209 ⁶
573 1176 730 1242 οὗτος
760 1182 824 1233 ἐκ
842 1181 1193 1245 Βαϐυλῶνος,
1222 1182 1324 1250 τῆς
1348 1182 1663 1251 συγχύσεως
1701 1180 1792 1233 τοῦ

218 1269 434 1336 κόσμου
467 1269 682 1334 τούτου,
712 1272 803 1322 τὸν
829 1271 1116 1342 ἄνθρωπον
1140 1272 1519 1342 ἐνδυσάμενος,
1550 1269 1682 1343 ἧκεν
1705 1275 1794 1324 ἐπὶ

216 1361 324 1428 τὴν
373 1360 530 1426 Σιὼν,
569 1363 656 1414 ἵνα
704 1362 910 1433 ταύτην
957 1364 1136 1433 ἐαυτῷ
1178 1369 1618 1434 περιποιήσηται.
1673 1367 1793 1418 Οὐκ

219 1446 421 1517 ἦλθον
475 1454 604 1521 γὰρ.
656 1455 839 1522 φησὶν,
910 1457 961 1507 εί
1017 1454 1103 1523 μὴ
1161 1458 1247 1520 εὶς
1285 1454 1356 1508 τὰ
1407 1456 1668 1524 πρόΰατα
1722 1455 1793 1506 τὰ

213 1539 577 1593 ἀπολωλότα
602 1542 771 1596 οἴκου
807 1544 913 1609 Ἰιγι
933 1543 1073 1609 at“.

289 1737 401 1789 Kal
438 1737 556 1790 νῦν
583 1739 683 1791 ἵνα
714 1740 769 1793 τι
803 1740 989 1808 ἔγνως
1028 1741 1184 1794 κακά
1201 1760 1218 1805 ;
1246 1741 1330 1810 μὴ
1356 1741 1656 1806 ,βασιλεὺς
1684 1743 1792 1794 οὐκ

211 1822 298 1894 ἦν
321 1827 394 1879 ἐν
424 1829 526 1881 σοί
543 1844 563 1893 ;
595 1829 631 1895 ἢ
665 1830 697 1895 ἡ
718 1830 922 1897 βουλή
946 1845 1062 1883 σου
1090 1831 1380 1895 ἀπώλετο,
1403 1832 1488 1884 ὅτι
1509 1832 1791 1899 κατεκρά-

1904 634 2103 685 saliens
2142 633 2194 684 in
2223 612 2429 705 vitam}
2447 638 2728 696 aeternam,
2763 644 2885 698 qua:
2917 642 3058 697 aqua
3097 634 3183 682 est
3237 627 3477 696 Spiritus

1902 727 2096 792 gratia,
2145 735 2538 792 pr0ptcreaque
2565 721 2620 774 ﬁt
2676 722 2958 790 Squalidus
3013 737 3026 773 :
3080 720 3475 780 tumjrrnitin

1900 832 2021 868 eum
2054 814 2382 884 Babylonica
2415 822 2674 882 potestas,
2697 812 2950 881 princeps
2988 811 3244 866 videlicet
3273 814 3471 865 confu—

1900 908 2074 961 sionis
2098 907 2327 975 hujusce
2383 906 2593 970 mundi,
2633 905 2869 975 prinnnn
2902 919 3151 973 regnum,
3209 919 3322 974 quo
3348 917 3475 958 ante

1898 998 2102 1050 Christi
2140 996 2432 1049 adventum
2464 996 2518 1047 in
2556 993 2770 1047 mortali
2814 1003 3003 1046 nostro
3030 1008 3260 1062 corpore
3292 994 3474 1047 domi-

1899 1090 2150 1142 nabatur.
2183 1087 2411 1152 Quidam
2449 1103 2543 1154 per
2564 1087 2884 1154 pmicipium
2907 1099 2970 1138 ac
2997 1085 3224 1150 primum
3252 1100 3471 1153 regnum

1895 1177 2177 1232 Christum
2214 1177 2592 1230 intellexerunt
2625 1193 2639 1240 ;
2671 1177 2785 1243 ipse
2810 1175 2953 1228 enim
2985 1185 3066 1227 est
3089 1177 3470 1227 universorum

1899 1269 2230 1338 principium
2264 1276 2318 1319 et
2356 1283 2542 1333 regunt
2583 1266 2828 1318 omnium
2880 1268 3108 1333 primus.
3145 1264 3244 1318 llic
3273 1279 3336 1317 ex
3374 1264 3474 1318 Ba-

1899 1360 2113 1428 bylone,
2166 1357 2486 1411 coniusione
2546 1357 2755 1409 scilicet
2807 1354 2990 1408 mundi
3061 1355 3243 1423 hujus,
3291 1355 3472 1408 homi-

1900 1465 2018 1501 nem
2051 1449 2162 1518 (12)
2190 1449 2381 1511 induit,
2411 1451 2750 1514 accessitque
2801 1446 2865 1500 ad
2928 1447 3078 1507 Sion,
3112 1456 3169 1499 ιιι
3201 1447 3341 1500 hanc
3370 1447 3474 1499 sibi

1895 1544 2012 1612 ipse
2043 1543 2368 1596 vindicaret.
2414 1541 2538 1595 Non
2592 1543 2737 1595 enim
2787 1541 2919 1604 veni,
2974 1540 3068 1603 ait,
3117 1540 3221 1592 nisi
3255 1541 3322 1592 ad
3354 1556 3471 1592 oves

1893 1651 2007 1699 quw
2032 1635 2298 1702 perierunt
2330 1635 2517 1686 domus
2549 1631 2723 1686 Israel
2751 1631 2817 1684 ³⁸.

1972 1743 2135 1796 Vsus.
2185 1744 2238 1796 9.
2284 1741 2349 1794 Et
2374 1758 2510 1794 nunc
2553 1758 2713 1810 quare
2761 1742 3045 1811 cognovisti
3097 1740 3287 1792 mala?
3320 1755 3470 1792 num-

1895 1838 2019 1908 quid
2062 1855 2153 1891 re.r
2183 1854 2284 1891 non
2312 1847 2425 1890 erat
2467 1836 2600 1890 tibi?
2655 1848 2746 1890 aut
2777 1838 3057 1890 consilium
3110 1847 3255 1888 tuum
3285 1837 3469 1904 periit,

219 1919 424 1985 τησὰν
469 1937 586 1975 σου
632 1921 840 1987 ὠδῖνες
900 1923 978 1988 ὠς
1045 1925 1410 1990 tractatione;
1476 1922 1540 1974 Ἦ
1590 1923 1790 1990 γνῶσις
1825 1910 1864 1964 Β

1825 1910 2016 1999 Bquia
2068 1931 2410 1983 obtinuerunt
2471 1940 2518 1982 te
2593 1929 2800 1982 dolores
2834 1971 2846 1991 ,
2891 1931 3022 1981 sicut
3077 1931 3472 1996 parturientis?

218 2012 484 2079 σημαίνει
521 2011 619 2081 μὲν
647 2013 742 2065 καὶ
791 2013 889 2084 τὴν
929 2014 1111 2076 ἁπλῶς
1152 2015 1372 2081 γνῶσιν,
1414 2013 1486 2078 ὡς
1535 2015 1615 2079 τὸ,
1667 2017 1789 2068 Οὐκ

213 2102 518 2167 ἔγνωσαν,
545 2103 688 2157 οὐδὲ
707 2106 984 2172 συνῆκαν
1005 2121 1019 2135 ⁸
1041 2108 1291 2176 σημαίνει
1313 2108 1368 2160 δὲ
1386 2110 1479 2160 καὶ
1495 2107 1592 2178 τὴν
1624 2125 1692 2176 γα
1703 2125 1789 2177 μι-

216 2197 325 2262 κὴν
359 2195 674 2264 συνάφειανν
732 2196 806 2258 ὡς
860 2197 940 2261 τὸ,
988 2196 1154 2266 Ἀδὰμ
1178 2199 1330 2266 ἔγνω
1373 2200 1490 2266 τὴν
1538 2200 1790 2270 γυναῖκα

213 2286 409 2339 αὑτοῦ
436 2304 448 2316 ·
487 2289 744 2357 σημαίνει
788 2289 843 2340 δὲ
894 2291 986 2341 καὶ
1025 2290 1121 2359 τὴν
1151 2291 1444 2360 ἀγαπητὴν
1473 2291 1675 2360 σχέσιν,
1715 2291 1790 2353 ὡς

213 2379 305 2438 τὶν,
354 2377 645 2432 Γινώσκει
694 2381 905 2448 Κύριος
937 2380 1079 2434 ὁδὸν
1140 2383 1420 2434 δικαίαν·
1461 2383 1643 2451 ὅμοιον
1706 2383 1787 2446 τὺ,

232 2466 464 2536 Ἀγτιπᾷ
486 2471 582 2522 καί
606 2473 814 2539 ἱλαρὸν
842 2473 1148 2526 ἐπιϐλέπει
1181 2473 1338 2541 αὐτῇ
1362 2490 1375 2503 ·
1397 2475 1489 2527 καὶ
1515 2475 1595 2537 τὸ,
1647 2471 1790 2527 Οἶδά

217 2577 299 2612 σε
327 2563 485 2626 παρὰ
507 2563 760 2629 πάντας,
816 2565 912 2618 καὶ
951 2565 1016 2618 τὰ
1061 2565 1304 2621 τοιαῦτα.
1356 2568 1692 2637 ’ἰδιοτρόπως
1733 2567 1790 2620 δέ

221 2655 487 2722 σημαίνει
539 2659 632 2708 καὶ
690 2657 788 2726 τὴν
835 2659 897 2711 ἐκ
945 2659 1139 2728 πείρας
1185 2659 1547 2724 συνδιὰθεσιν,
1594 2660 1668 2723 ὼς
1706 2661 1787 2725 τὸ,

234 2743 607 2811 Ἔμςεὰινσείν
634 2765 733 2815 μοι
759 2750 1038 2815 σεαυτὸν,
1079 2750 1356 2819 γνωστῶς
1381 2751 1487 2805 ῑδω
1526 2768 1632 2805 σε·
1674 2754 1787 2817 καὶ,

217 2838 427 2890 Ξύλον
457 2842 731 2909 γνωστὸν
752 2843 940 2896 καλοῦ
982 2845 1076 2896 καὶ
1110 2844 1378 2912 πονηροῦ
1399 2862 1412 2876 ο
1454 2847 1554 2915 τήν
1585 2861 1643 2897 τε
1684 2845 1791 2915 γὰρ

218 2931 288 2980 ἐκ
323 2930 417 2998 τῆς
456 2932 652 3002 πείρας
683 2934 983 3004 γενομένην
1021 2936 1098 3005 τῷ
1147 2937 1319 3006 Ἀδὰμ
1361 2937 1494 3008 πρὸς
1527 2940 1586 2990 τὸ
1636 2939 1790 3004 ξύλον

225 3023 566 3076 συνδιὰθεσιν
616 3028 643 3077 ὁ
669 3025 824 3093 λόγος
847 3028 1012 3096 δηλοῖ,
1036 3029 1130 3082 καὶ
1158 3032 1184 3082 ὁ
1216 3032 1452 3100 Μωῡσῆς
1491 3033 1545 3084 δὲ
1575 3032 1669 3098 τῆς
1699 3031 1790 3082 τοῦ

221 3113 363 3165 Θεοῦ
391 3115 621 3187 θεωρίας
651 3117 832 3188 ἐζήτει
858 3119 959 3188 τὴν
992 3123 1183 3189 πεῖραν
1211 3123 1450 3190 ἐνεργόν.
1484 3121 1672 3185 Οὕτως
1700 3120 1792 3175 οὖν

1893 2022 2146 2091 Cognitio
2206 2022 2481 2075 interdum
2536 2021 2811 2087 significat
2854 2021 3160 2088 simplicem
3205 2021 3472 2086 cognitio-

1897 2131 2046 2177 nem,
2091 2123 2148 2167 ut
2176 2115 2271 2178 ibi,
2310 2113 2433 2167 Non
2464 2122 2844 2183 cognoverunt,
2879 2129 2968 2165 nec
2995 2112 3428 2166 intellexerunt“
3454 2129 3468 2164 :

1896 2208 2171 2260 interdum
2215 2207 2560 2275 coniugalem
2593 2207 2866 2272 copulam,
2901 2213 2981 2267 ιιι,
3021 2208 3191 2257 Adam
3236 2205 3472 2273 cognorit

1893 2317 2109 2353 uxorem
2133 2315 2284 2352 suam
2307 2299 2349 2328 ³⁷
2379 2314 2396 2350 :
2432 2298 2591 2351 modo
2638 2298 2940 2351 dilectioiiis
2998 2296 3274 2360 allectum,
3311 2305 3368 2349 ut
3408 2298 3473 2349 il-

1895 2393 2008 2458 lud,
2050 2392 2300 2462 Cognovit
2338 2390 2591 2444 Dominus
2649 2393 2787 2443 viam
2833 2389 3192 2459 justornin“,
3243 2390 3468 2458 perinde

1892 2500 1956 2538 ac
1987 2487 2031 2539 si
2062 2486 2286 2549 diceret,
2312 2485 2523 2554 Ditigit,
2553 2494 2598 2538 et
2627 2485 2788 2536 hilari
2818 2485 2961 2537 vultu
3001 2485 3190 2551 aspicit
3242 2486 3412 2552 ipsum
3443 2499 3461 2537 :

1893 2579 2056 2648 290
2107 2586 2160 2632 et
2232 2579 2390 2642 illud,
2457 2578 2683 2646 Cognovi
2714 2587 2759 2629 te
2790 2586 2978 2644 pra’ter
3006 2586 3239 2639 cmteros,
3270 2584 3324 2629 et
3353 2576 3457 2628 alia

1893 2674 2137 2740 ejusdem
2170 2674 2404 2740 generis.
2470 2669 2666 2724 Eadem
2720 2679 2980 2738 pra-terea
3037 2685 3136 2721 vox
3196 2667 3457 2736 peculiari

1893 2765 2128 2834 quodam
2174 2763 2336 2817 modo
2390 2763 2658 2832 signiﬁcat
2709 2770 2763 2814 et
2804 2762 3048 2814 intimam
3112 2774 3292 2813 rerum
3339 2774 3465 2828 per-

1893 2855 2221 2922 ceptionem,
2262 2869 2387 2924 qua!
2437 2864 2624 2907 manat
2673 2855 2741 2907 ab
2795 2851 3156 2921 esperientia,
3193 2859 3251 2903 ut
3305 2851 3464 2914 illud,

1897 2948 2117 3001 Ostende
2165 2949 2385 3015 teipsuin
2441 2945 2587 3008 milii,
2621 2955 2673 2997 ut
2720 2945 2943 2996 scienter
2976 2944 3175 2996 videam
3209 2951 3256 2994 te
3272 2942 3338 3004 ”,
3379 2953 3456 3000 et.

1896 3040 2005 3108 (l5)
2038 3039 2256 3108 Lignum
2291 3038 2523 3092 scientia:
2559 3038 2680 3090 boni
2698 3047 2745 3090 et
2773 3036 2900 3088 mali
2918 3037 2982 3098 ⁵ο,
3003 3052 3095 3104 per
3113 3050 3232 3104 qua:
3261 3034 3470 3102 signiﬁ-

1894 3143 2050 3183 catur
2098 3130 2288 3183 intima
2350 3129 2476 3182 boni
2534 3142 2597 3181 ac
2649 3127 2777 3180 mali
2844 3127 3144 3195 perceptio,
3199 3139 3320 3192 quae
3373 3139 3469 3192 per

223 3205 509 3258 κάνταῦθα
547 3209 682 3276 πρὸς
714 3209 977 3291 τὴννΣιὼν
1008 3212 1036 3262 ὁ
1072 3211 1274 3281 Κύριός
1320 3229 1518 3282 φησιν’
1561 3214 1697 3266 Ἵνα
1732 3216 1789 3266 τί
1817 3239 1863 3300 C

1817 3239 1863 3300 ρ
1899 3220 2119 3272 vetitum
2173 3217 2378 3287 lignum
2419 3218 2472 3270 in
2496 3217 2666 3270 Adam
2698 3215 2766 3268 ab
2803 3215 3142 3282 experientia
3176 3213 3296 3282 (Η)
3356 3214 3469 3280 ipsa

223 3297 415 3365 ἔγνως
446 3299 638 3362 κακᾶς
665 3290 962 3366 τουτέστιν,
1006 3305 1124 3355 Ἵνα
1152 3303 1204 3355 τί
1232 3304 1530 3372 ἐπειράθης
1559 3304 1666 3356 τῶν
1692 3323 1789 3357 κα-

227 3391 456 3442 κώσεων
481 3408 495 3457 ;
529 3391 690 3447 πόθεν
719 3410 800 3446 σοι
837 3397 1049 3464 ήπεῖρα
1073 3395 1212 3466 αὕτη
1251 3399 1345 3448 καὶ
1365 3399 1401 3466 ἡ
1435 3397 1651 3465 μέθεξις
1682 3399 1789 3448 τῶν

226 3480 464 3548 θλίψεων
501 3484 773 3554 ἐπῆλθεν;
803 3481 949 3557 Ἀρα
1005 3487 1080 3556 μὴ
1116 3487 1215 3538 οὐκ
1251 3482 1396 3556 εἶχες
1450 3486 1672 3555 βασιλέα
1699 3486 1790 3538 τὸν

224 3573 513 3638 ὀψείλοντά
546 3591 637 3627 σου
689 3577 800 3643 tib)
852 3578 1258 3646 προπολεμεῖν;
1296 3573 1404 3646 ἆρα
1443 3577 1518 3647 μὴ
1555 3577 1794 3646 συμϐού-

225 3662 352 3723 λους
382 3664 478 3715 οὐκ
542 3661 708 3734 εἶχες,
750 3668 845 3720 καὶ
893 3668 982 3720 διὰ
1026 3667 1182 3720 τοῦτο
1222 3667 1524 3738 παρεδόθης
1585 3667 1788 3730 πόνοις,

221 3754 498 3824 τοσαύτην
531 3755 714 3825 ἔχουσι
739 3757 1069 3826 δριμύτητα,
1125 3757 1264 3809 ὥστε
1294 3758 1471 3809 δοκεῖν
1503 3774 1560 3809 σε
1595 3757 1787 3819 ὠδῖνας

223 3845 395 3914 ἔχειν,
424 3848 500 3908 ὡς
521 3850 754 3914 γυναῖκα
779 3849 1108 3913 τίκτουσαν;
1167 3847 1276 3899 Καὶ
1306 3847 1412 3917 μὴν
1443 3847 1536 3899 καὶ
1567 3846 1792 3916 βασιλέα

223 3932 406 4006 εἶχες·
443 3938 650 3993 δέδωκα
675 3941 787 4010 γὰρ
846 3956 951 4003 σοι,
999 3941 1144 3994 καθὰ
1188 3941 1285 3994 καὶ
1321 3940 1531 4011 ῂτήσω,
1566 3940 1653 3993 ἵνα
1686 3939 1793 4009 πρὸ

224 4029 525 4098 προσώπου
564 4031 714 4100 ὑμῶν
747 4031 1065 4102 πορεύηται,
1115 4034 1208 4085 καὶ
1246 4032 1454 4100 πολεμῇ
1489 4032 1617 4094 τοὺς
1642 4031 1794 4083 πολε·

229 4122 388 4191 μίους
417 4123 591 4193 ὑμῶν.
636 4123 796 4178 Ἀλλὰ
826 4126 922 4177 καὶ
961 4127 994 4196 ἡ
1027 4125 1192 4195 βουλή
1241 4142 1334 4177 σου
1387 4125 1486 4177 οὐκ
1522 4125 1790 4188 ἀπώλετο,

223 4213 497 4279 τουτέστι,
521 4231 583 4266 συ
592 4214 859 4282 μσούλους
884 4211 1048 4286 εἶχες.
1080 4214 1262 4268 Ταῦτα
1283 4215 1340 4268 δὲ
1361 4217 1482 4268 κατ’
1511 4215 1793 4284 εἰρωνείαν

1893 3311 2157 3362 manavit.
2220 3308 2438 3379 Moyses
2477 3308 2605 3361 item
2635 3307 2859 3375 optabat
2899 3305 3171 3359 eilicacem
3211 3305 3305 3356 Dei
3341 3317 3475 3356 con-

1891 3399 2257 3468 templationis
2293 3398 2709 3467 experientiam.
2754 3395 2832 3449 Ita
2865 3396 2998 3449 etin
3041 3394 3330 3464 praasentia
3365 3392 3472 3446 Do.

1891 3491 2070 3544 minus
2105 3490 2171 3543 ad
2225 3491 2354 3543 Sion
2391 3489 2487 3550 ait,
2518 3488 2626 3542 Cur
2666 3489 2950 3557 cognovisti
2990 3486 3171 3539 mala?
3217 3486 3321 3538 hoc
3364 3491 3471 3546 est,

1889 3582 2001 3634 Cur
2061 3592 2281 3649 experta
2312 3595 2372 3633 es
2399 3560 2741 3634 calamitates
2794 3587 2848 3634 et
2892 3577 3260 3632 aﬂlirtiones?
3313 3576 3469 3630 [inde

1895 3673 1987 3725 tibi
2050 3673 2314 3726 malorum
2379 3672 2714 3739 experientia
2773 3671 2888 3724 hzec
2943 3679 3107 3737 atque
3161 3665 3474 3736 perceptio?

1894 3763 2166 3832 Numquid
2223 3778 2401 3833 regem
2430 3777 2537 3816 non
2571 3761 2830 3822 habebas,
2863 3762 2952 3830 qui
2991 3776 3088 3830 pro
3110 3769 3160 3813 te
3184 3757 3475 3828 pugnaret?

1893 3870 1961 3906 an
1988 3855 2085 3906 tibi
2136 3855 2361 3907 deerant
2417 3853 2741 3916 consiliarii,
2771 3864 2824 3906 et
2854 3852 3060 3905 idcirco
3095 3850 3380 3904 doloribus
3409 3858 3465 3903 et

1893 3943 2157 3996 arumnis
2213 3943 2402 3996 alfecta
2431 3958 2526 4006 es,
2559 3943 2651 4010 qui
2720 3941 2937 4010 quidem
2995 3940 3213 3993 dolores
3264 3945 3467 3990 tantam

1896 4034 2181 4088 continent
2211 4033 2580 4096 acerbitatem,
2624 4041 2682 4085 ut
2711 4030 3037 4099 parturienti
3081 4031 3240 4099 plane
3270 4029 3468 4082 similis

1899 4124 2360 4192 \‘itlcaris?Atqui
2394 4133 2448 4177 et
2486 4139 2664 4191 regem
2727 4123 2985 4186 habebas,
3031 4138 3192 4191 quem
3246 4135 3346 4187 ego
3371 4121 3467 4172 tibi

1900 4215 2046 4280 dedi,
2072 4213 2527 4284 quemadmodum
2561 4214 2871 4283 postulasti,
2892 4213 2983 4280 qui
3001 4226 3094 4264 vos
3113 4210 3467 4281 pra-cederet,

227 4307 400 4372 λέγει.
444 4308 598 4360 Ἐπεὶ
628 4308 686 4360 δέ
721 4311 922 4362 ἐκεῖνοι
946 4307 1156 4371 τούτοις
1194 4308 1482 4379 ἐθάρρουν,
1513 4309 1579 4377 τῇ
1609 4325 1666 4360 τε
1697 4309 1791 4359 τοῦ
1820 4329 1871 4389 D

1820 4329 1871 4389 ι)
1906 4305 2325 4375 proﬂigaretqiie
2350 4313 2561 4358 vestros
2594 4305 2868 4366 inimicos,
2898 4319 3070 4370 neque
3105 4303 3348 4372 profecto
3371 4305 3465 4357 tibi

227 4396 497 4466 βασιλέως
528 4398 774 4468 δυνάμει,
808 4399 900 4451 καὶ
931 4401 998 4470 τῇ
1030 4398 1140 4452 τῶν
1169 4397 1488 4468 συμϐούλων
1511 4399 1792 4467 φρονήσει,

305 4591 350 4622 ³⁸
387 4590 577 4646 Matth.
612 4607 702 4660 xv,
736 4592 830 4648 24.
906 4592 950 4625 “
988 4592 1241 4648 Michaeas
1281 4607 1358 4659 tv,
1415 4590 1500 4646 12.

227 4677 289 4722 ιι,
342 4662 394 4714 9.

1597 4590 1640 4622 ³⁷
1681 4589 1815 4646 Gen.
1845 4608 1920 4657 tv,
1955 4591 2008 4644 l.

1899 4399 2087 4453 deerat
2135 4397 2448 4461 consilium,
2492 4411 2615 4450 cum
2648 4397 2744 4450 tibi
2778 4407 2979 4466 praesto
3015 4405 3200 4451 essent
3229 4401 3284 4450 et
3331 4410 3468 4449 con-

2083 4591 2127 4622 ⁸⁸
2168 4590 2309 4646 Psal.
2343 4606 2379 4654 ι,
2411 4590 2466 4647 6.
2565 4592 2610 4622 ³⁹
2636 4591 2806 4646 Exod.
2852 4607 3049 4655 xxxnt,
3089 4591 3176 4645 Η.
3253 4590 3301 4622 ⁸⁸
3328 4591 3463 4648 Gen.

1411 4796 1609 4858 Variae
1659 4796 1967 4862 lectiones
2000 4805 2062 4860 et
2103 4808 2282 4862 notae.

301 4976 416 5047 (li)
451 4975 544 5047 fit,
572 4980 624 5028 et
652 4969 813 5042 paulo
845 4975 989 5047 post,
1013 4969 1112 5047 ita;
1133 4966 1429 5047 ᾴμαρτεαε,
1453 4965 1588 5021 Cod.
1622 4965 1752 5020 Bav.

305 5037 416 5112 (19)
457 5037 758 5096 llumatiam
816 5040 1026 5094 scilicet
1060 5045 1332 5112 naturam,
1367 5037 1630 5112 humana
1665 5053 1793 5103 per-

227 5105 366 5172 sona
400 5105 736 5173 destitutam,
762 5124 871 5178 quo
905 5123 1069 5162 sensu
1100 5105 1398 5175 capiendus
1423 5114 1480 5160 et
1509 5105 1570 5158 υ.
1605 5105 1791 5176 Angu-

228 5191 411 5241 stinus
439 5184 491 5236 in
524 5183 658 5251 psal.
685 5179 945 5243 Lxxnt,7.

302 5259 411 5324 (15)
441 5245 583 5306 Solet
605 5252 748 5305 enim
777 5263 931 5302 sacra
955 5247 1234 5324 Scriptura
1271 5245 1346 5324 ab.
1359 5251 1554 5324 eventu
1572 5245 1791 5324 nomina

233 5314 404 5378 rebus
425 5325 720 5386 imponere,
753 5326 810 5371 ut
844 5326 1023 5384 puteus
1053 5315 1346 5382 jurmnenti
1377 5322 1602 5366 veentnr
1631 5314 1696 5378 is,
1723 5315 1790 5368 ad

231 5411 391 5460 quem
421 5388 1133 5460 jusjurandumpraestitum
1161 5387 1356 5460 luerat.
1385 5392 1646 5460 etcastra
1674 5386 1791 5437 caeli

230 5453 604 5520 diciturlocus
632 5462 739 5520 ille,
776 5453 865 5511 ubi
887 5458 1161 5511 ccelestem
1190 5453 1359 5508 Jaccib
1386 5454 1630 5505 militiam
1666 5468 1791 5522 asp-

229 5535 366 5589 exit.
416 5532 492 5586 Ita
525 5539 579 5584 et
610 5531 809 5598 tignum
854 5527 1084 5598 scientiae
1139 5525 1257 5577 boni
1284 5541 1328 5576 et
1363 5523 1487 5574 mali
1524 5523 1792 5598 itaileno-

231 5609 497 5657 minatum
531 5592 700 5653 fuisse
732 5599 898 5650 tradit
932 5597 1228 5663 Interpres,
1261 5609 1365 5646 non
1409 5594 1551 5661 quod
1611 5592 1788 5662 ipsum

233 5689 330 5740 per
359 5689 417 5726 se
441 5671 684 5725 notitiam
717 5668 839 5740 boni
871 5675 932 5740 et
960 5667 1082 5719 mali
1117 5669 1386 5740 gigneret_,_
1436 5669 1492 5714 ut
1545 5671 1785 5715 autumat

234 5734 522 5811 Iosephus,
552 5740 644 5794 sed
691 5738 814 5806 quia
855 5739 1044 5799 Adam,
1081 5745 1304 5811 vetitum
1355 5734 1790 5811 ligtrunrcorne-

235 5801 389 5875 dens',
437 5830 464 5866 ιι
504 5801 610 5864 Deo
651 5801 934 5877 propterea
983 5806 1224 5875 punitus,
1291 5801 1626 5870 experientia
1676 5801 1796 5867 ipsa

1900 4969 2112 5032 didicit,
2166 4968 2292 5036 quid
2337 4979 2480 5023 esset
2525 4968 2748 5034 bonum,
2792 4969 2992 5039 quidve
3043 4968 3268 5033 malum,
3316 4971 3461 5039 quod

1901 5047 2061 5092 antea
2116 5039 2233 5091 sola
2280 5049 2461 5092 mente
2515 5038 2865 5108 percipiebat.
2897 5038 3028 5106 Quae
3069 5038 3346 5094 sententia
3379 5052 3465 5096 est

1900 5108 1963 5160 ιι.
1993 5109 2366 5177 Chrysostomi
2397 5108 2760 5177 aliorumque.

1969 5177 2082 5247 (14)
2114 5176 2366 5230 Doctrina
2392 5179 2527 5247 __ha:c
2563 5176 2760 5230 mirum
2827 5178 2881 5232 in
2933 5176 3156 5247 modum
3202 5177 3355 5246 juvat
3396 5181 3463 5234 ad

1899 5244 2292 5300 enucleandum
2325 5245 2701 5300 diﬂicillimum
2726 5248 2903 5300 locum
2925 5247 3088 5304 hunc.
3109 5244 3264 5299 Iesus
3289 5259 3462 5302 autem

1898 5316 2200 5384 proﬁciebat
2233 5325 2387 5367 (etate
2418 5326 2468 5368 et
2496 5318 2780 5384 sapientia.
2833 5318 2964 5370 Luc.
2993 5334 3055 5376 ιι,
3087 5316 3173 5370 5‘2.
3208 5320 3308 5381 Qui
3345 5317 3459 5380 ﬁat,

1899 5388 2108 5454 inquiet
2136 5387 2353 5454 aliquis,
2388 5395 2444 5438 ut
2475 5385 2748 5448 Christus,
2783 5389 2874 5454 qui
2904 5387 2985 5439 vel
3037 5402 3065 5438 a
3127 5388 3298 5451 primo
3348 5403 3462 5440 stne

1897 5456 2272 5522 conceptionis
2305 5465 2578 5508 tnotnento
2607 5455 2898 5522 perfectam
2939 5470 3116 5508 rerum
3176 5457 3460 5509 scientiam

1900 5536 2094 5579 nactus
2124 5539 2228 5586 est,
2270 5525 2536 5593 sapientia
2584 5526 2917 5593 proliceret?
2957 5524 3065 5578 Usu
3104 5525 3359 5578 nimirum
3407 5537 3461 5577 ct

1899 5594 2237 5664 experientia
2289 5595 2404 5662 ipsa
2435 5595 2701 5662 discebat,
2738 5610 2858 5665 qua:
2904 5606 3062 5649 antea
3113 5596 3244 5665 sola.
3284 5604 3464 5649 mente

1899 5665 2368 5730 complecteretur.

1962 5733 2073 5803 (15)
2100 5734 2208 5799 Σοὶ,
2231 5734 2365 5788 Cod.
2392 5733 2523 5788 ven.
