4232 6440
232 418 373 483 1129

927 418 1331 481 EXPOSITIO
1368 417 1443 478 IN
1478 412 1939 476 PROPHETAM
1974 411 2369 473 MlClI/EAM.
2399 437 2465 447 --
2495 412 2652 471 CAP.
2685 412 2752 470 V.

3330 410 3467 475 1130

228 532 369 601 πρδς
399 532 459 586 τὸ
504 532 597 586 καὶ
628 531 958 603 ἐργάζεσθαι
1007 534 1067 584 τὸ
1107 531 1320 601 νοηθέν.
1350 531 1478 593 Πῶς
1513 528 1570 581 δὲ
1601 528 1661 580 τὸ
1694 525 1801 579 τῶν
1832 531 1876 585 Α

1798 545 1801 565 ν
1832 531 1876 585 Α
1908 525 2035 577 talia
2076 524 2382 593 quaerendi,
2419 531 2653 576 mentem
2693 522 2759 576 ad
2791 519 2904 591 agri
2937 518 3047 573 lilia
3079 521 3469 585 convertimus,

230 623 490 677 τοιούτὶυν
526 624 802 694 λογισμῶν
838 624 1060 693 πλῆθος,
1098 625 1247 694 καὶὴ
1276 624 1432 693 ἰσχὺς
1466 622 1648 674 αὐτῶν
1670 620 1799 673 ἀναο

230 715 442 768 τίθεται
474 714 554 785 τῷ
588 715 741 786 Θεῷ;
772 718 941 768 Ὅταν
973 715 1082 784 γὰρ
1108 716 1174 769 τὰ
1209 715 1381 769 πολλὰ
1422 712 1711 783 παρέντες,
1742 711 1800 763 ἒν

232 807 397 874 μόνον
423 808 769 877 ὲπιζητῶμεν
801 806 898 876 τὴν
941 806 1216 876 βασιλείαν
1252 805 1360 857 τῶν
1405 802 1671 876 οὐρανῶν,
1707 804 1802 855 καὶ

232 897 408 952 ταῦτα
438 900 612 953 πάντα
649 898 1033 968 προστίθενται
1068 901 1221 968 ἡμῖν,
1249 896 1278 950 ὃ
1300 896 1409 968 (‘29)
1442 895 1639 949 ἐκεῖνοι
1687 894 1804 948 ἐδό-

231 1007 362 1042 κουν
392 991 616 1060 ἰσχύειν.

1910 617 2454 684 coutemplamurque
2492 614 2616 667 caali
2649 615 2923 674 volucres,
2970 610 3172 681 quibus
3218 611 3473 667 omnibus

1912 706 2056 760 Deus
2084 707 2342 759 alimenta
2393 707 2625 776 pra-bet,
2680 704 3015 774 lat-giturque
3070 704 3473 756 indumentum.

1911 796 2111 851 Ferrea
2142 812 2268 851 vero
2305 813 2511 852 cornua
2565 797 2728 851 insita
2784 807 2910 848 sunt
2963 796 3033 860 ei,
3084 797 3176 867 qui
3235 804 3381 849 recta
3424 803 3478 849 et

1911 889 2137 943 honesta
2196 890 2397 957 cogitat
2442 890 2647 960 (cornu
2688 891 2832 942 enim
2878 890 3072 958 capitis
3105 896 3210 953 est,
3265 890 3317 943 in
3366 905 3476 959 quo

1909 981 2184 1053 praecipua
2218 996 2346 1049 pars
2379 980 2616 1035 hominis
2641 982 2827 1052 viget),
2871 995 3034 1035 tenete
3083 996 3209 1033 vero
3266 983 3476 1050 ungulae

228 1076 422 1139 inditae
453 1085 528 1137 illi
565 1084 834 1145 videntur,
863 1082 955 1152 qui
1005 1090 1227 1137 strenue
1253 1098 1314 1136 ae
1348 1081 1574 1136 viriliter
1619 1079 1783 1134 etiam
1825 1078 2061 1145 cogitata
2094 1073 2326 1143 perlicit.
2364 1073 2649 1140 Quomodo
2707 1086 2885 1127 autem
2938 1072 3206 1139 ejusmodi
3271 1080 3477 1144 cogita-

228 1174 436 1229 tionum
468 1174 754 1227 multitudo
787 1188 849 1225 ac
883 1173 962 1227 vis
989 1170 1100 1226 Deo
1131 1171 1534 1226 dit-atur?Cum
1564 1170 1794 1233 scilicet,
1832 1164 2047 1219 ueteris
2098 1160 2381 1232 neglectis,
2430 1162 2530 1215 hnc
2582 1178 2749 1214 unum
2834 1161 3184 1230 inquirimus,
3249 1169 3476 1222 cmlestc

230 1269 486 1323 videlicet
522 1282 787 1336 regnum;
832 1280 942 1334 quo
978 1263 1036 1317 lit
1089 1273 1145 1317 ut
1196 1275 1249 1317 et
1304 1279 1365 1318 ea
1411 1263 1593 1318 omnia
1648 1259 1807 1314 nobis
1840 1256 2190 1325 adjiciantur,
2230 1254 2432 1325 quibus
2485 1254 2593 1307 vim
2652 1256 2832 1308 inesse
2900 1259 3187 1312 maximam
3245 1262 3476 1329 gentiles

228 1364 306 1416 illi
339 1362 517 1433 populi
556 1360 991 1414 atbitrabantur.

824 1452 1073 1505 ΚΕΦΛΛ.
1131 1451 1206 1505 E’.

301 1548 430 1602 Νῦν
473 1543 957 1614 ἑμφρηχθήσεται
1005 1542 1268 1611 θυγάτηρ
1312 1539 1556 1609 Ἐρραῒμ
1582 1539 1806 1608 ἐμφρα-

231 1640 378 1709 nui).
441 1642 572 1707 Περὶ
618 1640 714 1707 τῆς
750 1635 1109 1705 Ἰερουσαλὴμ
1139 1632 1418 1702 προειπὼν
1463 1630 1497 1685 1
1529 1627 1677 1687 εἷπε.
1710 1629 1807 1682 νῦν

228 1736 329 1786 καὶ
374 1732 500 1802 περὶ
533 1729 843 1799 Σαμαρείας
890 1726 1060 1794 λέγει.
1086 1723 1371 1792 Θυγατέρα
1417 1723 1524 1791 γὰρ
1564 1720 1805 1791 Ἐερρατμ

229 1826 333 1893 τὴν
363 1823 672 1891 Σαμάρειαν
722 1818 1004 1886 ὀνομάζει,
1045 1817 1120 1878 ὡς
1152 1817 1259 1869 ὑπὸ
1285 1816 1386 1883 τῆς
1424 1814 1517 1867 τοῦ
1561 1813 1802 1885 Ἐφραῒμ

2536 1433 2762 1489 CAPUT
2818 1434 2878 1487 ν.

1977 1524 2143 1580 Vsus.
2209 1527 2255 1579 Ι.
2310 1524 2469 1579 Nunc
2510 1526 2812 1579 obstruetur
2851 1527 2966 1593 [ilia
3020 1527 3263 1597 Epltra’m
3320 1534 3477 1589 vallo.

1906 1614 2039 1670 Cum
2093 1616 2160 1671 de
2217 1615 2520 1670 Jerusalem
2578 1622 2966 1683 prteuuutiarit
3016 1634 3166 1675 vates
3217 1639 3338 1691 quae
3383 1640 3479 1678 su-

1907 1707 2087 1777 peritis
2121 1708 2278 1770 dixit,
2298 1725 2444 1762 nunc
2478 1716 2533 1761 et
2563 1709 2629 1763 de
2650 1711 2891 1763 Samaria
2922 1714 3080 1765 verba
3115 1714 3260 1768 facit.
3286 1714 3477 1770 Filiam

1910 1808 2091 1853 autem
2144 1800 2395 1869 ΕρΙιτωηι
2453 1800 2573 1853 ideo
2628 1809 2784 1852 vocat
2840 1800 3165 1869 Samariam,
3216 1808 3341 1871 quia
3412 1812 3480 1861 ah

231 1915 662 1983 βασιλευομένην
731 1910 925 1978 geli};
987 1908 1121 1961 διότι
1175 1909 1283 1970 πᾶς
1345 1907 1598 1977 βασιλεὺς
1660 1907 1880 1970 δοκεῖΒ

1836 1892 2056 1970 Btribu
2108 1889 2353 1960 I'Zpltraam
2398 1890 2696 1961 gubernata
2752 1891 2901 1955 fuit;
2958 1896 3133 1950 omnis
3188 1898 3333 1950 enim
3388 1915 3478 1953 rex

228 2008 441 2076 πατρδς
462 2005 613 2070 τάξιν
649 2004 866 2073 ἐπέχειν
895 2001 1029 2071 πρὸς
1048 2000 1173 2062 τοὺς
1208 1999 1500 2068 ὑπηκρους.
1538 2000 1607 2052 ‘ll
1632 1999 1801 2069 αὐτὴν

226 2100 330 2166 τὴν
353 2097 522 2165 φυλὴν
555 2096 728 2157 οὕτως
752 2095 1030 2163 ὀνομάζει,
1056 2096 1198 2150 κατὰ
1216 2095 1275 2148 τὸ
1310 2096 1502 2165 ἱδεωμα
1533 2098 1633 2165 τῆς
1655 2098 1801 2167 Γρα-

229 2189 364 2257 φῆς,
400 2187 674 2255 θυγατέρα
698 2186 837 2238 Σιὼν
865 2188 959 2239 καὶ
986 2187 1263 2257 θυγατέρα
1308 2188 1668 2257 Ἰερουσαλὴμ
1700 2188 1798 2241 αὐ-

225 2280 332 2345 τὴν
356 2279 454 2343 τὴν
473 2276 609 2328 Σιὼν
631 2276 725 2328 καὶ
745 2275 841 2345 τὴν
853 2275 1160 2345 ἰερουσαλὴ
1170 2295 1208 2347 μ
1224 2294 1287 2330 πε
1299 2277 1669 2347 ρι’,εραστικῶς
1689 2278 1802 2331 ὀνο·

241 2366 544 2437 μαζούσης,
585 2369 632 2420 εἰ
668 2369 741 2437 μή
775 2385 857 2429 τις
897 2372 1029 2437 ἐρεῖ,
1055 2371 1135 2422 ὅτι
1170 2368 1271 2439 τὴν
1304 2371 1360 2420 ὲν
1408 2368 1546 2421 Σιὼν
1572 2371 1799 2440 πληθὺν,

229 2462 332 2512 καὶ
361 2461 458 2529 τὴν
478 2463 534 2512 ἐν
574 2460 956 2528 Ἰερουσαλὴμ,
990 2459 1296 2528 θυγατέρας
1320 2462 1496 2513 αὐτῶν
1523 2463 1798 2532 ὀνομάζει,

222 2551 306 2607 ὼς
344 2552 617 2620 πατρίδων
640 2548 836 2605 οὐσῶν.
872 2550 1157 2619 Προειπὼν
1192 2551 1284 2604 οὖν
1317 2553 1566 2623 περὶτῆς
1612 2554 1804 2624 Ἰερου-

232 2640 439 2707 σαλὴμ,
480 2640 515 2691 ἃ
550 2640 772 2708 ἔμελλεν
837 2642 972 2711 αὐτῇ
1026 2641 1297 2710 συμϐῆναι
1351 2642 1572 2711 λυπηρά
1618 2660 1675 2696 τε
1706 2644 1801 2696 καὶ

230 2729 435 2798 ἀγαθὰ,
471 2730 565 2781 νῦν
591 2732 681 2782 καὶ
713 2734 839 2799 περὶ
872 2732 972 2800 τῆς
1004 2731 1326 2802 Σαμαρείας
1354 2732 1525 2800 λέγει,
1557 2733 1638 2786 ὅτι
1671 2734 1799 2803 Ἐμ-

230 2818 602 2888 φρανήσεται
665 2819 1021 2889 ἐμφρατμῷ,
1069 2821 1357 2885 τουτέστι,
1437 2822 1802 2895 πολιορκηθή-

234 2924 402 2961 σεται.

308 3000 588 3067 Συνοχὴν
621 3001 833 3063 ἔταξεν
864 3001 958 3068 ἐφ’
988 3000 1161 3066 ὑμᾶς.
1201 3001 1261 3053 El
1291 3002 1412 3071 μὲν,
1459 3002 1585 3071 Ἐφ’
1624 3002 1799 3071 ὑμᾶς,

232 3094 507 3161 γράψεται
542 3094 679 3161 μετὰ
710 3094 799 3144 τοῦ
831 3110 886 3157 v,
932 3092 1062 3160 Ἐφ’
1099 3093 1273 3161 ὑμᾶς,
1323 3094 1477 3163 φησὶ,
1523 3095 1649 3157 τοὺς
1705 3097 1803 3163 τῆς

235 3184 571 3251 Σαμαρείας,
618 3183 918 3248 συνοχὴν,
951 3184 1069 3253 ἦτοι
1117 3184 1437 3252 πολιορκίαν
1469 3183 1647 3250 ἔταξε.
1673 3184 1798 3249 Τίς;

1903 1998 2029 2052 erga
2068 1983 2319 2039 subditos
2350 1984 2522 2052 patris
2564 1986 2732 2038 vicem
2766 2000 2952 2054 gerere
2980 1988 3215 2042 videtur.
3256 1986 3347 2043 Vel
3393 1993 3483 2044 tri-

1907 2077 2032 2130 Lum
2072 2077 2243 2145 ipsam
2286 2076 2357 2128 ita
2398 2076 2715 2130 denominat
2765 2093 2914 2132 more
2960 2080 3254 2149 Scriptura!
3292 2086 3478 2144 solito,

1903 2183 2009 2237 qua
2062 2167 2225 2221 liliam
2290 2167 2420 2222 Sion
2479 2177 2533 2221 et
2585 2170 2748 2222 liliam
2796 2170 3117 2236 Jerusalem,
3193 2177 3481 2244 ipsammct

1904 2257 2033 2312 Sion
2057 2266 2109 2312 et
2140 2257 2478 2313 Hierusalem
2509 2273 2605 2327 per
2638 2260 3177 2316 circumlocutionem
3206 2268 3482 2334 appellare

1903 2351 2208 2406 consuevit.
2264 2349 2377 2405 Nisi
2427 2350 2607 2405 dicere
2672 2353 2795 2421 quis
2842 2354 2995 2407 malit
3038 2393 3051 2413 .
3102 2357 3481 2413 multitudines

1904 2444 2085 2512 populi
2120 2444 2251 2496 Sion
2285 2453 2449 2513 atque
2492 2443 2849 2507 Hierusalem,
2884 2445 3022 2499 ﬁlias
3081 2449 3323 2515 ipsarum
3382 2466 3477 2519 ap-

1904 2535 2115 2604 pellari,
2172 2536 2316 2602 quod
2362 2534 2444 2588 ha:
2497 2536 2660 2590 urbes
2699 2551 2886 2590 earum
2926 2539 3114 2606 patria!
3171 2540 3300 2594 sint.
3345 2541 3480 2595 Cum

1919 2625 2103 2694 itaque
2154 2625 2273 2678 urbi
2321 2625 2623 2680 Jerusalem
2668 2630 3087 2695 praenuntiasset
3145 2642 3315 2691 vates.
3359 2646 3480 2700 qum

1904 2716 2005 2785 ipsi
2039 2728 2297 2775 eventura
2327 2726 2505 2777 erant.
2556 2732 2677 2769 eum
2732 2733 3019 2788 prospera,
3058 2730 3167 2774 tum
3205 2723 3475 2787 adversa;

1905 2823 2049 2861 nunc
2078 2817 2131 2862 et
2164 2812 2228 2863 de
2252 2808 2496 2862 Samaria
2511 2809 2663 2873 dicit,
2688 2809 3004 2865 Obstruetur
3036 2814 3194 2877 vallo,
3227 2813 3330 2869 hoc
3375 2828 3479 2881 cst,

1909 2896 2196 2949 obsidione
2240 2897 2509 2964 cingetur.

1976 2985 2396 3041 Coarelationem
2418 2991 2757 3059 posuilsuper
2782 3009 2895 3045 nos.
2925 2991 2982 3045 Si
3014 2993 3177 3061 ὑμᾶς.
3211 2995 3333 3056 Vos.
3355 3013 3480 3050 cum

1902 3095 1941 3130 υ
1969 3079 2262 3134 scribatur.
2296 3079 2495 3133 Contra
2535 3097 2650 3145 vos,
2688 3084 2783 3147 ait,
2830 3083 3085 3138 Samariae
3125 3087 3478 3153 habitatores,

1905 3172 2341 3234 coarctationem,
2396 3172 2738 3228 obsidionem
2793 3176 3003 3230 scilicet
3056 3181 3262 3234 statuit.
3298 3181 3482 3247 Quis?

252 3274 315 3325 '0
344 3276 493 3335 Θεὲις,
538 3276 568 3342 ἣ
628 3276 656 3326 ὁ
714 3272 1070 3336 Βαϐυλώνιος.
1122 3275 1182 3327 Εἰ
1211 3274 1266 3327 δὲ
1303 3276 1437 3343 μετὰ
1465 3275 1558 3327 τοῦ
1584 3292 1644 3341 η,
1684 3274 1802 3345 Ἐφ’
1834 3266 1871 3321 C
1908 3260 1923 3314 ί

1834 3266 1871 3321 c
1908 3260 2068 3327 Dens,
2099 3264 2185 3318 vel
2220 3262 2564 3335 Babylonius.
2601 3266 2657 3321 Si
2691 3284 2816 3322 vero
2849 3271 3119 3325 scribatur
3143 3276 3307 3343 ἡμᾶς,
3343 3277 3475 3345 Nos,

239 3365 323 3433 ἠμ
346 3364 419 3428 ῖς,
467 3365 656 3417 ἑαυτὸν
709 3365 990 3417 συ-ιτὲιττει
1018 3366 1045 3417 ὁ
1074 3368 1359 3435 προφήτης
1390 3366 1503 3428 τοῖς
1532 3366 1596 3417 ὲκ
1624 3365 1811 3435 Σαμα-

242 3458 419 3525 ρείας,
456 3456 541 3508 διὰ
568 3457 628 3507 τὸ
668 3456 1007 3523 φιλάδελφον.

328 3632 427 3685 Ἐν·
442 3632 638 3699 ῥάβδῳ
667 3633 1045 3695 πατάξουσιν
1070 3633 1166 3685 ἐπὶ
1197 3635 1451 3699 σιαγόνα
1476 3634 1581 3699 τὰς
1610 3633 1807 3702 φυλὰς

238 3722 348 3774 τοῦ
381 3722 634 3788 Ἰσραήλ.
684 3723 748 3773 Ἠ
790 3723 881 3773 ἐπὶ
926 3722 1150 3788 σιαγόνα
1216 3722 1398 3792 πληγὴ
1449 3722 1657 3792 ὕϐρεως
1710 3740 1810 3793 ση-

242 3815 394 3881 μεῖον
417 3812 586 3864 δοκεῖ·
622 3815 667 3864 εἰ
700 3814 755 3864 δὲ
796 3812 935 3880 μετὰ
994 3813 1189 3884 pasam
1233 3814 1458 3879 γίνοιτο,
1499 3814 1662 3866 πόνον
1692 3816 1811 3867 ἐπι-

238 3906 417 3972 φέρει.
446 3904 750 3957 Δὶνίττεται
780 3904 983 3966 τοίνυν,
1022 3905 1105 3956 ὅτι
1133 3904 1226 3955 καὶ
1268 3902 1604 3973 ὑϐριστικῶς
1627 3906 1677 3957 οἱ
1702 3906 1808 3958 Βα-

240 3994 489 4046 ϐυλώνιοι
550 3996 642 4046 καὶ
701 3993 1040 4055 κολαστικῶς
1100 3992 1632 4062 προσενεχθήσονται
1684 3995 1805 4056 ταῖς

236 4085 375 4136 δέκα
403 4087 613 4150 φυλαῖς.
656 4085 807 4136 Ἐπεὶ
830 4084 884 4135 δὲ
906 4083 1157 4152 φραγμδς
1178 4084 1207 4133 ὁ
1233 4083 1416 4151 νόμος.
1446 4083 1510 4135 Ἠ
1539 4082 1805 4153 θυγάτηρ,

239 4174 398 4239 φησὶ,
449 4173 542 4223 τοῦ
612 4171 871 4240 Ἐφραῒμ,
940 4171 1242 4232 τουτέστιν,
1302 4173 1333 4238 ἠ
1383 4172 1809 4241 ἀποστατήσασα

242 4266 406 4326 γενεὰ
440 4264 502 4313 ἐκ
545 4261 641 4329 τῆς
678 4261 948 4328 βασιλείας
984 4261 1077 4312 τοῦ
1110 4260 1301 4329 νοητοῦ
1349 4262 1512 4313 Δαϐὶδ
1543 4261 1806 4331 Χριστοῦ,

240 4352 337 4403 τοῦ
379 4352 564 4405 ἱκανοῦ
606 4356 667 4421 τῇ
715 4353 859 4421 χειρὶ
916 4350 1092 4417 (τοῦτο
1139 4352 1248 4421 γὰρ
1298 4352 1462 4406 Δαϐὶδ
1506 4354 1809 4423 ἑρμηνεύε-

241 4462 331 4496 ται
369 4443 529 4515 [50]),
560 4444 1008 4513 ἰγκὶεισθήσεται
1040 4444 1118 4513 τῷ
1168 4446 1338 4514 νόμῳ,
1401 4445 1474 4514 μὴ
1525 4445 1809 4500 ἐκϐαίνου-

240 4552 310 4587 σα
336 4535 446 4603 ξ51)
482 4538 574 4588 ἀπ’
610 4535 772 4589 αὑτοῦ
825 4538 957 4606 πρδις
993 4536 1093 4603 τὴν
1122 4534 1215 4588 τοῦ
1248 4535 1581 4603 Εὑαγγελίου
1624 4539 1802 4605 χάριν.

1912 3367 2034 3404 cum
2062 3371 2120 3419 η,
2172 3356 2410 3422 seipsum
2459 3366 2605 3410 vates
2658 3360 2709 3410 in
2750 3359 3213 3417 Samaritanorum
3252 3384 3482 3424 numero

1912 3442 2075 3513 294
2100 3457 2362 3507 recenset,
2392 3446 2462 3499 ob
2488 3464 2646 3500 suum
2680 3450 2733 3502 in
2772 3451 2965 3507 l‘ratres
2994 3456 3297 3523 impensmn
3332 3476 3483 3516 amo-

1913 3551 2021 3588 rem
2052 3545 2213 3605 atque
2253 3538 2521 3591 studium.

1982 3626 2047 3680 In
2084 3632 2227 3699 virga
2264 3633 2727 3701 percutietttsuper
2760 3638 3037 3690 maxillam
3067 3642 3231 3695 tribus
3282 3643 3480 3702 Israel.

1912 3716 2141 3771 Maxilla:
2177 3722 2457 3786 percussio
2490 3722 2702 3789 injuriae
2736 3727 2951 3793 signum
2988 3730 3240 3794 videtur;
3285 3751 3479 3806 eaque.

1913 3808 1957 3861 si
1990 3806 2080 3859 liat
2105 3824 2276 3878 v‘rga,
2309 3811 2549 3864 dolorem
2569 3814 2731 3866 etiam
2767 3815 2940 3869 aﬂert.
2976 3818 3158 3874 luuuit
3184 3839 3310 3893 ergo
3334 3836 3483 3882 vates

1913 3895 2237 3967 Babylonios
2278 3901 2564 3955 invasuros
2600 3917 2722 3957 esse
2753 3904 2941 3959 decem
2985 3909 3181 3974 tribus,
3235 3929 3327 3969 eas
3368 3916 3483 3969 alli-

1912 3986 2106 4041 ciendo
2121 4004 2242 4041 eum
2264 3990 2499 4059 injuriis,
2527 4002 2637 4044 tum
2654 3995 2865 4049 acerbis
2894 4000 3195 4067 suppliciis.
3215 4003 3480 4068 Quoniam

1911 4084 2088 4130 autem
2130 4082 2327 4133 vallum
2362 4083 2439 4135 lex
2472 4090 2592 4137 est:
2620 4082 2776 4144 Filia,
2808 4087 3002 4155 inquit,
3032 4090 3301 4158 Epltrzem,
3357 4112 3485 4164 pro-

1910 4171 2095 4238 genies
2124 4172 2352 4235 scilicet,
2390 4188 2512 4238 qua:
2541 4189 2567 4224 .1
2603 4175 2820 4243 mystici
2874 4177 3034 4231 David
3086 4180 3285 4237 Christi
3315 4200 3481 4253 regno

1914 4260 2114 4314 deiecit
2150 4261 2364 4329 (David.
2406 4264 2645 4331 inquam,
2679 4265 2781 4318 hoc
2820 4275 3104 4331 est,tuantt
3139 4279 3481 4343 pnrstantis;

1911 4354 1984 4404 ita
2015 4354 2184 4415 enim,
2230 4354 2274 4407 si
2308 4354 2649 4424 interpretari
2691 4357 2846 4421 velis,
2877 4373 3072 4414 nomen
3108 4363 3209 4415 hoc
3248 4378 3406 4421 sonat
3437 4369 3478 4436 ).

1915 4444 2029 4512 lege
2062 4445 2440 4508 concludetur,
2498 4454 2554 4498 ιιι
2629 4447 2753 4500 hinc
2792 4448 2860 4502 ad
2916 4449 3188 4518 Evangelii
3249 4459 3478 4521 gratiam

1912 4534 2131 4604 prodire
2167 4544 2419 4603 nequeat.
2468 4537 2785 4606 Quanquam
2820 4543 3264 4607 coarctatiuuem,
3314 4548 3483 4616 legale.

245 4625 437 4676 Καίτοι
473 4625 570 4693 τὴν
598 4624 849 4693 συνοχὴν,
907 4624 1178 4682 τουτέστι,
1219 4623 1320 4692 τὴν
1384 4622 1616 4692 νομικὴν
1652 4622 1806 4676 πολι·
1839 4616 1884 4670 ῐ)

1839 4616 1884 4670 Ῑ)
1916 4640 2108 4694 nempe
2146 4628 2406 4695 regimen.
2460 4631 2649 4682 statuit
2684 4631 2736 4683 in
2801 4647 2899 4685 nos
2949 4633 3249 4699 Dominus;
3299 4644 3478 4706 quoad

240 4716 413 4775 τείαν,
478 4713 562 4779 ἐφ’
615 4714 758 4780 ἡμᾶς
810 4711 996 4774 ἔταξεν
1037 4714 1064 4763 ὁ
1095 4711 1248 4773 Θεὸς,
1277 4711 1573 4766 τουτέστιν.
1617 4711 1722 4773 ἓως
1744 4702 1805 4763 οὗ

240 4807 404 4873 ἡμεῖς
449 4806 495 4855 οἱ
529 4804 806 4872 προφῆται
882 4801 1320 4872 προφητεύομεν.
1373 4800 1624 4852 Ἐπειδὰν
1671 4801 1727 4852 δὲ
1778 4800 1808 4853 ὁ

240 4897 721 4964 προφητευόμενος
754 4894 904 4965 ἔλθῃ,
953 4894 1260 4962 προδρόμου
1307 4892 1476 4945 αὑτοῦ
1508 4893 1805 4961 γενομένου

238 4988 336 5040 τοῦ
382 4988 644 5051 Ἰωάννου,
682 4989 801 5041 τότε
826 4991 859 5057 ἠ
885 4987 1082 5056 συνοχὴ
1108 4986 1400 5054 λυθήσεται
1423 5001 1437 5015 ·
1457 4985 1485 5035 ὁ
1507 4984 1667 5053 νόμος
1696 4984 1805 5053 γὰρ

241 5081 335 5132 καὶ
360 5080 410 5132 oi
436 5081 731 5150 προφῆται,
760 5080 864 5141 ἕως
899 5079 1167 5131 Ἰωάννου.
1206 5075 1440 5144 Συνοχὴν
1468 5075 1525 5127 δὲ
1546 5074 1691 5141 λέγει
1717 5075 1810 5127 τὸν

1917 4717 2121 4771 scilicet
2154 4734 2253 4770 nos
2297 4726 2449 4772 vates
2503 4721 2877 4773 vaticinamur.
2914 4722 3050 4775 Cum
3100 4736 3277 4778 autem
3316 4731 3481 4783 adve-

1919 4809 2080 4865 nerit.
2110 4824 2270 4876 quem
2300 4817 2451 4861 vates
2490 4810 2944 4877 przeuuutiarunt,
2979 4813 3134 4879 cujus
3175 4829 3481 4881 prtecursor

1916 4908 1995 4953 est
2018 4896 2293 4963 Joannes;
2330 4906 2442 4950 tum
2480 4915 2541 4950 ea
2581 4902 2877 4953 coarctalio
2909 4903 3149 4957 tolletur.
3180 4904 3289 4958 Lex
3333 4910 3480 4960 enim

1889 4994 1966 5038 Act
1993 4996 2141 5037 vates
2198 4983 2262 5036 at]
2294 4981 2555 5035 Joannem
2606 5000 2779 5053 usque
2834 4988 3184 5055 pertigerunt.
3219 4990 3479 5045 Coarcta-

1920 5062 2121 5129 tionem
2154 5084 2335 5127 autem
2377 5073 2547 5143 legem
2600 5084 2757 5127 vocat
2789 5087 2936 5129 vates
2964 5079 3033 5129 ob
3068 5078 3179 5146 (52)
3217 5069 3479 5136 minutis-

1430 5168 1630 5227 Varia)
1664 5167 1969 5227 lectiones
2012 5174 2071 5227 et
2115 5175 2302 5225 notae.

319 5273 428 5341 (9.9)
480 5270 841 5325 Scribendum
905 5277 1034 5339 pttto
1082 5268 1117 5321 ἃ
1152 5284 1292 5336 qum,
1322 5268 1532 5322 etiamsi
1577 5277 1807 5337 uterque

244 5342 382 5397 Cud.
419 5344 612 5393 haheat
648 5342 694 5402 ὅ,
718 5342 876 5407 quod.

315 5412 426 5479 ('50)
458 5412 705 5477 Λέγεται,
730 5406 956 5462 dicitur.
979 5406 1126 5479 Cod.
1164 5406 1293 5462 Bav.

319 5476 430 5548 (3|)
468 5476 849 5548 Ἐιιφαίνουσα.
881 5477 1013 5532 Cod.
1047 5476 1177 5529 Bav.

317 5546 429 5619 (52)
462 5546 738 5617 Ejusmodi
764 5558 887 5602 Item
920 5555 1098 5609 erant,
1131 5561 1252 5619 qua:
1292 5548 1542 5599 vetabant
1589 5546 1811 5603 haedum

247 5623 301 5675 in
326 5614 467 5673 lacte
499 5614 686 5673 matris
708 5633 961 5686 coquere,
987 5625 1172 5684 partus
1192 5614 1457 5670 foventem
1482 5631 1611 5670 suos
1658 5634 1810 5671 avem

249 5697 303 5745 iu
344 5688 470 5743 nido
502 5704 719 5750 necare,
749 5699 802 5741 et
860 5690 908 5740 id
943 5699 1108 5753 genus
1148 5686 1285 5744 aliae.
1343 5702 1462 5755 qua!
1498 5688 1714 5754 quidem
1766 5688 1810 5741 si

249 5776 344 5829 per
374 5776 433 5822 se
460 5766 790 5829 spectentur,
820 5757 1167 5821 ineptissime:
1196 5755 1365 5829 videri
1417 5766 1686 5824 putt-runt.
1754 5766 1813 5809 ut

246 5825 309 5885 et
335 5825 502 5899 impio
525 5826 836 5881 Harshamo
862 5829 988 5880 visae
1013 5837 1139 5878 sunt
1165 5840 1179 5889 ;
1205 5825 1248 5876 si
1276 5836 1455 5881 tamen
1486 5829 1809 5881 considere-

580 5923 842 5983 ΡΑτιιοι..
890 5924 1005 5983 Gn.
1050 5920 1312 5982 CXXVI

1912 5276 2001 5320 tur
2066 5266 2208 5331 linis,
2264 5266 2335 5320 ob
2383 5283 2542 5336 quem
2595 5267 2733 5322 Deus
2792 5282 2885 5320 eas
2914 5269 3180 5332 sanxerit,
3231 5269 3474 5321 omnium

1915 5338 2147 5391 maxime
2179 5339 2451 5404 sapientes
2485 5337 2843 5390 habebuntur.
2899 5341 3032 5389 Cum
3071 5341 3211 5389 enim
3238 5341 3477 5403 speciem

1913 5406 2267 5460 immanitatis
2297 5422 2403 5475 pra:
2422 5423 2477 5459 se
2499 5405 2632 5459 ferat
2651 5406 2889 5467 haedum,
2919 5407 3145 5474 exempli
3170 5406 3364 5471 gratia,
3390 5423 3481 5460 co-

1914 5492 2081 5544 quere
2113 5476 2163 5527 in
2206 5477 2343 5529 lacte
2367 5476 2575 5541 matris,
2614 5479 2757 5541 quod
2798 5479 2862 5527 ad
2884 5478 3053 5545 ipsius
3084 5479 3478 5528 nutrimentum

1916 5561 1944 5598 a
1975 5554 2165 5597 natura
2194 5545 2378 5599 datum
2411 5554 2513 5607 est,
2554 5554 2607 5596 et
2639 5547 2687 5597 id
2740 5560 2910 5613 genus
2942 5547 3081 5609 alia;
3137 5548 3329 5597 merito
3399 5560 3481 5599 sa-

1918 5616 2289 5683 pientissimus
2363 5614 2523 5676 Deus,
2554 5624 2611 5668 ut
2662 5616 2731 5669 ab
2755 5616 2899 5668 omni
2966 5615 3180 5668 feritate
3220 5615 3479 5682 populum

1923 5698 2081 5737 suum
2109 5693 2401 5746 averteret,
2433 5684 2791 5754 redderetque
2830 5684 3018 5738 mitem
3041 5693 3205 5753 atque
3230 5696 3480 5738 mansue-

1922 5765 2058 5818 ttun,
2101 5755 2237 5809 tales
2260 5755 2402 5823 leges
2437 5755 2635 5808 sanxit.

3051 5910 3129 5969 36
