4232 6440
213 456 361 523 1119
864 462 1267 525 EXPOSITIO
1312 465 1387 525 IN
1422 463 1880 525 PROPIIETAM

1082 464 1267 525 SITIO
1312 465 1387 525 IN
1422 463 1880 525 PROPIIETAM
1923 463 2325 523 ΜΙΟΙΙᾸΞΑΜ.
2361 488 2423 498 -
2454 463 2613 526 CAP.
2655 463 2753 523 VI.

285 573 446 635 Aadc
488 588 642 637 μου,
698 572 755 623 τί
804 573 1063 639 ἐποίησά
1114 590 1263 639 σοι;
1316 575 1354 639 ἢ
1400 574 1468 628 τι
1510 570 1791 639 ἐλύπησά
1824 574 1869 630 Α

1824 574 1869 630 Α
1983 569 2148 626 Vens.
2176 572 2227 624 3.
2260 570 2461 641 Popule
2483 588 2646 633 meus,
2678 571 2805 639 quid
2834 571 2935 637 feci
2956 570 3069 634 tibi,
3093 581 3183 623 aut
3214 574 3337 640 quid
3361 592 3480 630 con-

205 662 402 730 σε;ἣ
466 662 523 716 τι
583 662 1029 731 παρηνώχλησὰ
1087 682 1160 719 σε
1215 666 1619 734 ;ὸποκρίθητι
1671 681 1791 733 μοι.

1898 666 2107 717 trialan
2138 675 2210 728 te,
2245 677 2337 719 aut
2384 668 2437 721 in
2484 682 2586 735 quo
2622 668 2869 720 molestus
2906 666 2987 734 fui
3026 668 3120 720 tibi
3153 668 3177 719 ?
3234 672 3483 733 responde

213 762 360 815 Εἰπέ
416 778 525 829 μοι,
580 760 739 830 φησι,
778 762 876 830 τὴν
901 762 1083 815 αίτίαν
1105 763 1204 831 τῆς
1252 762 1492 831 ἔχθρας·
1549 761 1791 829 ἔλεγξον,
1841 817 1847 821 ,

1841 817 1847 821 ,
1900 759 2050 811 mihi.
2105 758 2223 821 Dic,
2258 759 2354 820 ait.
2406 759 2516 813 odii
2572 758 2647 812 tui
2683 772 2929 822 causam,
2977 768 3029 812 et
3064 761 3109 813 si
3154 762 3285 828 quid
3342 777 3480 819 ante

210 855 275 905 εἴ
339 870 486 915 τινος
550 851 794 920 λυπηροῦ
865 854 1197 923 πεπείρασαι
1251 854 1385 923 παρ’
1444 852 1601 922 ἐμοῦ.
1664 848 1795 906 Εἶτα

1899 848 2027 899 mali
2067 862 2262 916 passus
2290 864 2372 912 es,
2423 849 2508 903 fac
2527 850 2811 905 ostendas.
2859 849 3147 919 Deinceps,
3196 866 3319 905 cum
3352 868 3477 906 eum

3349 463 3487 531 H50

208 943 410 1011 ἐπειδὴ
440 945 599 1013 σιγᾷν
648 943 860 1011 ἀνάγκη
910 944 1096 1011 αὑτὸν,
1154 944 1320 1013 μηδὲν
1362 944 1553 1013 ἔχοντα
1587 944 1790 1010 λέγειν,

208 1033 463 1096 ἔγκειται
490 1033 664 1098 λέγων
696 1049 709 1061 ·

287 1128 439 1177 Διότι
499 1125 802 1193 ἀνήγατόν
852 1140 927 1179 σε
968 1126 1036 1178 ἐκ
1064 1124 1176 1193 γῆς
1210 1126 1531 1194 Αίγύπτου.
1574 1126 1671 1178 καί
1712 1124 1782 1188 ἐξ

204 1217 389 1270 οἷκσυ
425 1217 705 1282 δουλείας
735 1217 1171 1286 ἐλυτρωσάμην
1197 1232 1292 1279 σε,
1318 1218 1417 1271 καί
1448 1219 1792 1282 ἐξαπέστει-

206 1311 297 1360 .1α
330 1309 442 1375 πρὸ
473 1308 796 1373 προσώπου
825 1326 940 1364 σου
966 1311 1074 1363 τὸν
1103 1308 1388 1377 Μωυσῆν,
1420 1310 1515 1363 καί
1554 1309 1788 1379 Ἀαρὼν,

207 1401 317 1452 καί
342 1400 607 1469 Μαριὰμ;
656 1405 747 1472 Μή
786 1421 837 1455 τι
863 1404 1042 1464 τοῦτο,
1096 1404 1283 1472 φησὶν,
1333 1403 1569 1471 ἠδίκησα
1597 1421 1675 1463 σε,
1705 1404 1788 1455 ὅτι

209 1489 493 1557 ἀνήγαγον
524 1508 581 1543 σε
616 1493 677 1543 ἐκ
709 1492 812 1557 γῆς
861 1491 1179 1560 Αίγύπτους
1231 1488 1365 1547 Εἶτα
1422 1493 1509 1545 ἵνα
1576 1492 1651 1562 μὴ
1690 1492 1790 1563 ἔχῃ

209 1579 419 1645 λέγειν,
461 1580 541 1631 ὅτι
568 1579 933 1649 Ἐδλὰὁημεν,
960 1581 1281 1649 ἀναχθέντες
1316 1582 1379 1633 ἐκ
1403 1581 1659 1649 τοιαύτης
1686 1580 1786 1648 γῆς

209 1671 476 1742 εὑφδρου,
507 1672 600 1724 καὶ
626 1673 969 1742 παρεχούσης
1001 1676 1126 1743 ἡμῖν
1154 1674 1389 1742 κρόμυα,
1417 1675 1509 1726 καὶ
1538 1672 1785 1743 σκόροδα,

210 1766 315 1815 καὶ
346 1764 501 1833 κρέα,
524 1764 559 1817 ἃ.
594 1766 682 1818 καὶ
713 1768 762 1816 oi
791 1767 1022 1833 πατέρες
1051 1766 1226 1818 αὐτῶν
1258 1769 1315 1819 ἐν
1346 1768 1410 1836 τῇ
1450 1768 1639 1835 ἐρήμῳ
1665 1765 1787 1817 ἐπό-

212 1852 368 1919 θουν,
424 1857 721 1923 ἐπήγαγεν,
764 1859 846 1910 ὃτι
881 1858 982 1919 Ἐξ
1022 1858 1191 1910 οικου
1222 1856 1499 1921 δουλείας
1532 1857 1787 1923 ἐλυτρω-

1895 942 2058 993 silere
2080 942 2382 995 necessitas
2408 953 2647 1012 cegeret,
2676 943 2821 1011 quod
2857 943 2987 993 nihil
3009 943 3194 997 dicere
3227 944 3477 1009 baberet,

1895 1031 2060 1083 instat
2095 1032 2282 1084 dicens
2328 1050 2343 1087 :

1963 1119 2125 1189 303
2158 1119 2322 1174 \‘tztts.
2349 1122 2402 1174 ι.
2444 1122 2585 1187 Quia
2605 1122 2765 1175 eduxi
2797 1133 2845 1175 te
2880 1125 2941 1175 de
2979 1134 3119 1175 terra
3146 1122 3387 1193 ,Ἐφυριῂ
3427 1138 3478 1180 et

1894 1212 1957 1262 de
1974 1211 2129 1264 domo
2149 1213 2417 1267 servitutis
2448 1215 2637 1267 redemi
2657 1226 2724 1275 te,
2746 1226 2792 1267 et
2815 1216 2934 1266 misi
2953 1226 3076 1268 ante
3108 1216 3293 1283 [aciem
3324 1228 3473 1269 tuam

1898 1300 2159 1372 Haysem,
2193 1317 2239 1358 et
2268 1305 2546 1369 Aaron,el
2589 1307 2817 1359 Mariam
2850 1310 2875 1362 ?
2923 1307 3221 1377 Numquid,
3266 1311 3360 1368 ait,
3411 1326 3476 1364 eo

1894 1403 1944 1448 te
1999 1396 2135 1458 lmsi,
2177 1396 2322 1463 quod
2372 1411 2436 1450 ex
2474 1395 2691 1466 Aigypti
2747 1400 2961 1467 regione
2995 1409 3045 1453 te
3076 1400 3288 1453 eduxi?
3330 1400 3474 1464 Mox,

1894 1503 1959 1540 ne
2001 1487 2185 1540 dicere
2228 1498 2470 1556 possent,
2524 1489 2720 1558 Utique
2765 1491 2963 1543 damno
2995 1506 3025 1543 a
3067 1500 3118 1545 te
3142 1494 3477 1563 gravissimo

1892 1578 2066 1633 aﬂecti
2103 1595 2317 1642 sttmus,
2350 1588 2641 1648 propterea
2683 1582 2810 1649 quia
2845 1596 2943 1634 nos
2968 1597 2997 1634 e
3038 1593 3179 1635 terra
3217 1590 3324 1634 tam
3370 1584 3475 1635 fer-

1894 1670 1971 1722 tili
2025 1668 2289 1734 eduxisti,
2357 1670 2498 1723 unde
2545 1672 2705 1725 nobis
2760 1687 2912 1741 cepe,
2973 1672 3119 1737 allia,
3170 1688 3476 1740 carnesque

1891 1759 2109 1813 abunde
2137 1763 2518 1829 suppetebant,
2555 1779 2677 1830 qua:
2708 1774 2761 1817 et
2798 1764 3045 1832 ipsorum
3083 1766 3339 1831 patresin
3381 1766 3474 1817 de-

1892 1860 2041 1904 serto
2086 1856 2505 1921 concupierunt,
2542 1856 2737 1909 merito
2788 1857 3031 1923 subjicit,
3078 1857 3144 1909 Et
3188 1857 3252 1910 de
3316 1858 3474 1910 domo

209 1947 425 2016 σάμην
453 1966 567 2015 σεξ
594 1950 655 2004 ΕΙ
684 1952 787 2020 γὰρ
821 1950 911 2003 καὶ
949 1954 980 2020 ή
1006 1951 1076 2019 γῆ
1106 1946 1174 2021 ἦν
1205 1950 1381 2021 ἀγαθὴ
1409 1952 1504 2003 καὶ
1534 1948 1785 2017 εὔφορος,
1824 1925 1861 1981 ῙῙ

1824 1925 1861 1981 ίῖ
1899 1945 2164 1997 servitutis
2203 1946 2513 2001 redemite.’
2550 1946 2790 2001 Tametsi
2828 1948 2971 2001 enim
3015 1957 3159 2001 terra
3211 1946 3351 2002 bona
3383 1963 3470 2001 es-

210 2043 336 2093 ὰλλ¹
364 2045 423 2095 ού
458 2044 523 2096 σὺ
548 2046 608 2097 ἐν
638 2044 861 2111 ἀγαθοῖς
890 2041 1032 2113 ἦσθα
1059 2063 1071 2073 ·
1106 2046 1178 2107 ὼς
1211 2046 1320 2113 γὰρ
1352 2045 1487 2113 πρὸς
1527 2044 1587 2096 σέ
1646 2039 1791 2108 οἶκος

212 2134 466 2197 δουλείας
488 2133 556 2206 ἦν
578 2155 591 2168 ο
634 2139 727 2190 καί⁵
751 2140 807 2189 ού
844 2138 1001 2190 τοῦτο
1060 2139 1241 2206 μόνον,
1275 2120 1411 2189 ἀλλά
1447 2137 1543 2190 καὶ
1584 2138 1793 2191 δέδωκά

218 2243 305 2280 σοι
341 2230 639 2297 ἀρχηγοὺς,
708 2229 1048 2296 θαυμασίους
1104 2229 1301 2297 ἄνδρας
1347 2229 1691 2294 διεξάγοντάς
1735 2246 1793 2281 σε

215 2319 329 2368 ἀπ’.
367 2320 564 2381 παντὸς
618 2320 883 2374 κινδύνου.
930 2322 1037 2376 Καὶ
1089 2320 1209 2373 οὐδὲ
1262 2321 1363 2383 τὰς
1393 2323 1662 2387 γυναῖκας
1693 2322 1793 2388 τῆς

214 2410 359 2476 ἐμῆς
411 2412 756 2480 ἀπεστέρησα
798 2416 1069 2482 προνοίας,
1116 2413 1253 2468 ἀλλὰ
1328 2415 1421 2464 καὶ
1468 2413 1669 2474 ταύτας
1694 2415 1793 2480 τῆς

218 2501 608 2570 προσηκούσης
663 2503 990 2571 κηδεμονίας
1040 2504 1266 2570 ἠξίωσα,
1310 2504 1409 2574 τὴν
1434 2502 1667 2574 Μαριὰμ
1701 2506 1795 2555 αύ-

215 2594 340 2653 ταίς
399 2596 720 2663 ἐπιστήσας,
784 2595 1125 2665 προφητικοῦ
1180 2596 1560 2666 μετασχοῦσα-ι
1620 2596 1791 2651 Πνεύ-

223 2700 417 2747 ματος.

290 2862 448 2927 Λαιῖς
464 2881 599 2929 μου,
629 2864 935 2930 μνήσθητι
967 2865 1066 2930 δὴ,
1100 2866 1153 2917 τί
1192 2866 1598 2921 ἐϐουλεύσατο
1646 2869 1795 2919 κατὰ

218 2957 339 3011 σοῦ
399 2958 622 3023 Βαλὰκ,
686 2963 985 3027 ⁸βασιλεὺς
1025 2964 1220 3024 Μωὰό,
1282 2964 1379 3015 καί
1415 2964 1471 3015 τί
1504 2965 1793 3029 ἀπεκρίθη

217 3047 381 3111 αὐτῷ
409 3050 653 3117 Βαλαὰμ
698 3050 825 3115 υίὸς
884 3050 1062 3119 Βεὼρ,
1088 3052 1205 3105 ἀπὸ
1235 3050 1354 3102 τῶν
1382 3053 1655 3119 Σχοίνων
1685 3052 1794 3116 ἕως

220 3139 330 3191 τοῦ
358 3130 623 3204 Γαλγῖὰλ,
649 3140 806 3205 ὅπως
844 3141 921 3193 ἂν
947 3140 1184 3209 γνωσθῇ
1213 3143 1251 3209 ἠ
1288 3141 1639 3205 δικαιοσύνη
1680 3146 1796 3194 Κυ-

214 3231 377 3296 ρίου.
408 3229 524 3281 Ἐτι
578 3230 703 3281 λαὸν
749 3231 942 3293 αὐτοὺς
974 3231 1167 3283 ἑαυτοῦ
1203 3232 1357 3283 καλεῖ
1388 3230 1521 3300 (76),
1575 3233 1660 3285 ἶνα
1705 3235 1794 3284 καὶ

219 3322 321 3388 τὴν
370 3322 572 3373 οἰκείαν
623 3322 769 3392 δείξῃ
828 3324 1189 3391 χρηστότητα,
1259 3324 1352 3375 καὶ
1410 3324 1507 3391 τὴν
1568 3324 1794 3376 ἐκείνων

222 3412 638 3481 ἀγνωμοσύνην,
688 3414 769 3466 ὃτι
801 3414 937 3481 πρὸς
975 3413 1067 3466 τὸν
1110 3412 1255 3467 οὕτω
1287 3417 1522 3484 χρηστὸν
1559 3417 1793 3485 ἀφηνιά-

223 3503 398 3568 ζουσι·
431 3503 527 3556 καὶ
557 3503 676 3571 ἅμα
691 3505 927 3575 ἐντρέψῃ
946 3505 1166 3568 αότοὺς,
1192 3508 1333 3560 ῶστε
1366 3507 1605 3560 συνεῖναί
1637 3524 1789 3572 ποτε,

224 3596 324 3647 καὶ
357 3596 685 3665 ἐπιπρέψαι
729 3595 864 3664 πρὸς
892 3595 1055 3648 αὐτόν
1075 3613 1090 3627 ο
1148 3596 1227 3650 [tt
1259 3596 1315 3649 δέ
1366 3600 1462 3651 καὶ
1492 3599 1640 3667 ἡμᾶς
1668 3616 1797 3651 παι-

224 3686 414 3755 δεύσῃ,
444 3684 587 3738 οὓτω
617 3688 888 3756 χρηστοὺς
918 3682 1056 3740 εἶναι
1082 3686 1218 3758 πρὸς
1260 3689 1385 3751 τοὺς
1414 3690 1793 3757 ἀγνωμονοῦν-

222 3796 326 3841 τας
352 3781 502 3847 ὴμϊν,
527 3780 620 3831 καὶ
649 3778 981 3832 οίκειοῦσθαι
1016 3780 1210 3841 αὐτοὺς
1239 3782 1331 3832 καὶ
1366 3782 1503 3850 μετὰ
1536 3781 1597 3833 τὸ
1643 3782 1793 3850 ἐλεγ-

223 3871 421 3940 χθῆναι
480 3870 815 3940 ἀγνώμονας.
851 3871 913 3923 Τί
938 3870 1031 3924 οὖν
1056 3889 1190 3941 φησι
1225 3874 1359 3942 πρὸς
1389 3874 1480 3926 τὸν
1505 3874 1794 3943 ἀγνώμονα

221 3961 411 4015 τοῦτον
431 3962 559 4013 λαόν
585 3980 599 4027 ;
630 3962 688 4015 Εἰ
719 3963 816 4029 τῆς
847 3962 905 4025 ἐξ
934 3962 1215 4029 Αίγύπτου
1263 3964 1579 4032 ἐλευθερίας
1608 3969 1786 4036 ἀμνη-

232 4055 432 4121 μονεῖς,
455 4052 723 4121 μνήσθητι
738 4052 846 4104 τῶν
864 4054 1001 4105 κατὰ
1018 4052 1109 4105 τὸν
1131 4053 1244 4122 (77)
1269 4053 1493 4124 Βαλαὰμ
1507 4098 1519 4117 ,
1534 4056 1629 4107 καὶ
1646 4056 1793 4121 ὅπως

225 4144 258 4196 δ
293 4143 390 4211 μὶν
414 4142 523 4194 τῶν
542 4142 848 4195 Μωαϐιτῶν
878 4142 1129 4211 βασιλεὺς
1160 4143 1341 4198 Βαλὰκ
1396 4146 1797 4215 μετεκαλέσατο

227 4236 321 4286 τδν
356 4234 546 4291 μάντιν
576 4232 781 4295 τοῦτον,
824 4232 963 4285 ὥστε
997 4233 1085 4285 διά
1129 4251 1288 4287 τινων
1340 4239 1603 4304 γοητειῶν
1659 4256 1795 4292 κατ-

226 4324 536 4387 αράσαςθαι
562 4323 647 4376 τὸν
680 4323 915 4394 Ἰσραὴλ,
934 4326 1024 4378 καὶ
1046 4324 1111 4377 δι’
1143 4326 1362 4397 ἐπῳδῶν
1388 4316 1795 4401 συνήθωνλαύτῷ

224 4415 329 4484 τὴν
358 4417 508 4484 ἰσχὺν
546 4415 711 4469 αὐτοῦ
743 4418 1097 4485 ἀπομαρᾶναι
1131 4418 1391 4486 (τοιοῦτον
1430 4422 1537 4490 γὰρ
1574 4422 1632 4472 τὸ
1662 4440 1792 4475 κατ-

228 4506 560 4576 αράσασθαι)
582 4523 593 4535 ·
643 4506 751 4574 ἐγὼ
775 4508 831 4559 δὲ
858 4510 937 4569 είς
976 4508 1224 4573 εὐλογίας
1256 4510 1351 4570 τὶς
1384 4511 1522 4579 ἀρὰς
1550 4512 1749 4581 ἔτρεψα
1775 4555 1790 4579 ,

1900 2046 1983 2088 set
2017 2050 2079 2089 ac
2110 2036 2322 2102 fertilis,
2377 2048 2433 2091 tu
2470 2046 2647 2093 tamen
2693 2040 2960 2093 bonorum
2999 2040 3276 2093 afﬂuentia
3311 2041 3474 2093 milti-

1903 2144 1986 2183 me
2010 2128 2286 2198 gaudebas
2312 2170 2325 2182 .
2348 2128 2505 2193 Quod
2534 2131 2679 2184 enim
2705 2133 2771 2185 ad
2804 2141 2855 2185 te
2880 2142 3106 2198 spectat,
3137 2132 3328 2185 donius
3355 2148 3471 2185 ser-

1902 2223 2090 2276 vitutis
2125 2238 2187 2277 ea
2228 2223 2324 2277 tibi
2390 2232 2528 2277 erat.
2589 2222 2775 2292 Neque
2828 2225 3002 2277 solum
3038 2239 3103 2276 ex
3140 2222 3375 2291 Egypto
3420 2229 3473 2277 te

1899 2316 2089 2378 eduxi,
2119 2317 2211 2370 sed
2236 2317 2401 2369 etiam
2442 2316 2534 2371 tibi
2568 2316 2692 2370 dedi
2733 2317 2902 2371 duces
2931 2317 3161 2370 eximios
3184 2318 3351 2379 viros,
3378 2319 3471 2385 qui

1904 2415 1956 2461 te
1986 2408 2053 2460 ab
2084 2409 2230 2460 omni
2260 2408 2504 2476 periculo
2541 2416 2822 2462 servarent
2862 2409 3208 2461 incolumem.
3243 2406 3319 2460 Ne
3347 2423 3469 2461 mu-

1905 2498 2063 2552 lieres
2111 2499 2326 2566 quidem
2385 2516 2500 2553 mea
2558 2500 2899 2568 providentia
2949 2500 3239 2554 destitutas
3271 2499 3468 2563 volui;

1903 2586 1995 2640 sed
2020 2603 2230 2649 earum,
2258 2601 2315 2641 ut
2343 2590 2592 2648 decebat.
2619 2590 2930 2658 diligentem
2961 2603 3145 2642 curam
3169 2588 3470 2642 habendam

1903 2682 2111 2749 putavi.
2148 2680 2307 2733 Hisce
2344 2693 2627 2751 propterea
2661 2682 2882 2735 Mariam
2922 2682 3161 2751 pt'mfcci,
3189 2698 3310 2751 qua:
3334 2682 3472 2736 vati-

1903 2773 2124 2829 cinandi
2158 2772 2359 2841 Spiritu
2388 2773 2657 2843 gaudebat
2679 2775 2744 2827 τ’.

1976 2867 2138 2921 Vens.
2177 2866 2227 2921 5.
2261 2863 2640 2931 Ροριιίεηιειιε,
2675 2869 2953 2918 recordare
2982 2882 3137 2929 nunc,
3167 2865 3294 2928 quid
3330 2866 3471 2931 cogi-

1904 2962 2087 3013 tauerit
2122 2962 2396 3013 adversum
2429 2968 2477 3015 te
2510 2958 2674 3013 liat’ac
2701 2974 2787 3011 re:
2824 2959 2996 3019 Moab,
3028 2960 3225 3026 etquid
3264 2974 3474 3025 respon-

1902 3051 2037 3104 derit
2066 3052 2112 3104 ei
2152 3051 2400 3115 Balaam,
2450 3054 2593 3120 ﬁlius
2635 3052 2790 3115 Beor,
2829 3050 2891 3105 de
2936 3048 3172 3105 Scitam)
3214 3064 3374 3115 usque
3403 3049 3473 3101 ad

1904 3142 2115 3210 Calgal,
2175 3153 2231 3195 ιιι
2290 3144 2927 3213 cognosceretttrjuuitia
2977 3141 3207 3199 Domini.
3268 3140 3468 3192 Eliam-

1907 3251 2034 3287 num
2071 3237 2329 3302 popuium
2364 3252 2519 3288 suum
2555 3234 2696 3290 Deus
2728 3252 2822 3291 eos
2860 3246 3039 3299 vucat,
3083 3249 3139 3290 ut
3170 3237 3283 3305 ipse
3314 3246 3469 3290 suam

1903 3325 2076 3391 ipsius
2113 3324 2501 3391 benignitatem
2529 3326 2803 3387 ostendat,
2838 3326 3028 3394 eisque
3072 3326 3268 3396 ingrati
3302 3326 3467 3377 animi

1898 3417 2092 3468 vitium
2148 3416 2459 3482 exprobret,
2510 3416 2655 3484 quod
2703 3418 2969 3471 adversus
3016 3424 3124 3469 tam
3166 3415 3467 3468 humanum

1895 3520 2059 3578 atque
2092 3510 2389 3580 benignum
2427 3508 2713 3563 Dominum
2763 3511 3117 3564 calcitrarent
3156 3524 3171 3572 ;
3220 3508 3379 3560 simul
3412 3514 3471 3560 ut

1896 3612 1993 3653 eos
2027 3597 2236 3667 pudore
2267 3597 2569 3659 suﬁundat.
2598 3606 2660 3652 ut
2698 3599 2996 3669 aliquando
3031 3598 3383 3667 resipiseant,
3413 3607 3470 3652 et

1896 3689 1962 3742 ad
1990 3704 2116 3743 eum
2149 3698 2559 3744 convertantur.
2583 3690 2693 3744 Hoc
2718 3690 2844 3744 item
2868 3690 3020 3752 facit,
3046 3702 3105 3743 ut
3130 3706 3230 3743 nos
3253 3690 3468 3749 doceat.

1896 3794 2053 3847 a'que
2084 3795 2185 3834 nos
2216 3780 2480 3835 humanos
2503 3795 2567 3835 ac
2597 3781 2863 3851 benignos
2892 3781 2945 3834 in
2976 3796 3072 3835 eos
3102 3795 3222 3835 esse
3250 3780 3466 3844 debere,

1901 3870 1995 3937 qui
2029 3879 2215 3925 nostra
2243 3871 2502 3925 beneﬁcia
2533 3872 2814 3926 maleﬁciis
2844 3881 3107 3943 pensant;
3139 3887 3277 3941 quos
3309 3873 3471 3925 bene-

1896 3964 2135 4018 volentia
2159 3964 2446 4033 complecti
2480 3963 2736 4029 iubemur
2766 3966 2929 4019 etiam
2959 3974 3096 4029 tum,
3128 3979 3253 4019 cum
3286 3965 3338 4017 in
3369 3978 3470 4019 nos

1890 4054 2075 4134 iniqui
2111 4054 2620 4126 deprehenduntur.
2663 4056 2804 4121 Quid
2838 4072 2968 4124 ergo
3000 4056 3143 4111 Deus
3175 4057 3241 4109 ad
3284 4057 3469 4124 ingra-

1901 4159 2017 4201 tum
2072 4147 2331 4217 populum
2377 4146 2523 4202 hunc
2555 4148 2579 4201 ?
2615 4147 2670 4200 Si
2719 4147 2841 4215 ejus
2890 4146 3137 4201 beneﬁcii
3184 4147 3389 4199 oblivio
3420 4156 3472 4199 te

1905 4239 2077 4307 cepit,
2125 4239 2220 4298 ait,
2286 4251 2396 4307 quo
2437 4245 2491 4289 te
2533 4239 2602 4291 ab
2637 4235 2855 4307 AEgypti
2902 4236 3167 4291 servitute
3198 4234 3467 4297 liberavi;

1899 4327 1985 4382 fac
2011 4328 2062 4381 in
2101 4328 2420 4382 memoriam
2450 4342 2672 4382 revoces
2698 4343 2784 4391 ea,
2813 4343 2934 4396 qua:
2970 4328 3023 4381 in
3055 4325 3270 4379 Balaam
3296 4325 3470 4377 histo-

1896 4420 1975 4472 ria
2030 4417 2340 4471 traduntur.
2382 4418 2513 4470 Cum
2564 4418 2706 4470 enim
2760 4417 3116 4471 Moabitarum
3158 4430 3249 4468 rex
3312 4414 3470 4468 Balac

1900 4519 2075 4564 vatem
2104 4508 2249 4561 hunc
2271 4508 2612 4570 arcessiSset,
2641 4519 2699 4560 ut
2732 4524 2825 4575 per
2844 4509 3083 4577 magicas
3108 4516 3254 4559 artes
3282 4505 3467 4559 lsracli

225 4599 288 4650 ού
311 4597 400 4650 δια
426 4599 518 4658 τὰς
544 4599 640 4657 σας
670 4598 1014 4662 δικαιοσύνας
1049 4599 1389 4671 (ἀγνώμονες
1418 4602 1525 4671 γὰρ
1564 4598 1662 4673 ἦτε
1704 4606 1793 4656 καὶ
1829 4616 1870 4669 ι)

1829 4616 1870 4669 ι)
1900 4598 2251 4653 malediceret
2276 4600 2343 4660 ",
2380 4597 2608 4666 ejusque
2662 4582 2800 4652 vires
2856 4613 2951 4667 per
2999 4597 3186 4649 solitas
3217 4610 3345 4649 snas
3390 4595 3468 4647 in-

226 4693 398 4757 τότε),
429 4692 538 4741 ἀλλ’
595 4692 681 4743 ἴνα
713 4694 744 4760 ή
778 4692 885 4762 ἐμὴ
913 4692 1227 4761 δικαιοσύνη
1286 4700 1426 4765 φανῇ
1484 4699 1576 4751 καὶ
1606 4700 1637 4764 ἡ
1665 4700 1798 4766 ἀλή-

228 4779 371 4834 Θεια.
422 4781 863 4850 Ἐπηγγειλάμην
889 4783 997 4850 γὰρ
1040 4781 1117 4849 τῷ
1145 4784 1453 4854 προπάτορι
1491 4803 1584 4837 σου
1610 4786 1795 4840 δοῦναι

227 4872 330 4940 τήν
382 4874 478 4938 τῆς
532 4871 896 4940 Παλαιστίνης
936 4873 1039 4940 γῆν
1086 4874 1249 4941 ὑμῖν·
1307 4876 1402 4927 καὶ
1430 4876 1515 4927 διὰ
1552 4877 1706 4929 τοῦτό
1733 4896 1789 4930 σε

228 4964 531 5031 διετήρουν,
577 4962 802 5031 πληρῶν
841 4962 937 5024 τὰς
977 4963 1109 5032 πρὸς
1143 4964 1354 5016 ἐκεῖνον
1390 4968 1685 5035 συνθήκας.
1724 4970 1794 5021 Ἦ

228 5054 325 5105 καὶ
366 5049 508 5104 οὕτω
537 5065 554 5083 ⁸
582 5052 869 5120 Μνήσθητι
924 5052 1030 5105 τῶν
1066 5052 1215 5120 ἐμῶν
1261 5053 1615 5120 εὐεργεσιῶν,
1648 5058 1794 5119 ὅπως

228 5146 294 5197 ἐκ
319 5143 533 5207 τούτου,
564 5143 1042 5213 κατακριωμένων
1071 5143 1245 5213 ὑμῶν,
1267 5148 1407 5214 φανῇ
1429 5148 1459 5215 ή
1484 5147 1796 5218 δικαιοσύνη

231 5252 356 5303 μου,
386 5235 465 5286 δτι
502 5235 593 5285 τὸν
647 5232 887 5286 τοσαῦτα
939 5234 1081 5302 ὑμᾶς
1140 5236 1579 5305 εὐεργετήσαντα
1627 5238 1798 5302 οὕτως

1898 4691 2245 4745 cantationes
2278 4689 2631 4743 labefactaret
2654 4689 2729 4754 (id
2753 4689 2894 4742 enim
2921 4700 3080 4742 sonat
3103 4686 3467 4750 maledicere),

1895 4797 1997 4851 ego
2024 4794 2137 4836 tum
2164 4782 2327 4849 hujus
2356 4782 2527 4849 ipsius
2546 4782 2957 4835 maledictiones
2985 4781 3037 4833 in
3064 4778 3470 4833 benedictiones

1893 4874 2286 4937 converti,non
2312 4889 2442 4927 sane
2477 4882 2631 4926 tuam
2662 4874 2733 4927 ob
2766 4874 3081 4942 aequitatem
3112 4880 3165 4925 et
3189 4872 3463 4941 justitiam

1894 4964 2087 5031 (iniqui
2121 4964 2267 5018 enim
2304 4966 2466 5017 etiam
2513 4974 2624 5016 tum
2654 4965 2823 5017 eratis
2853 4964 2893 5031 ),
2931 4964 3023 5017 sed
3080 4969 3136 5013 ut
3184 4961 3470 5028 perspicua

1898 5057 2155 5110 omnibus
2196 5057 2346 5109 tierct
2389 5071 2505 5108 mea
2554 5057 2751 5109 veritas
2816 5064 2979 5120 atiue
3021 5053 3267 5129 jnstitia_.
3330 5050 3465 5103 Pro-

1905 5144 2136 5213 genitori
2169 5145 2314 5198 enim
2369 5154 2550 5199 vestro
2595 5145 2974 5213 promiseram,
3024 5158 3109 5196 me
3168 5142 3471 5194 Pala'stin:e

1900 5244 2099 5289 terram
2147 5236 2303 5290 vobis
2343 5237 2646 5291 daturum:
2688 5247 2736 5291 et
2777 5236 2981 5290 idcirco
3037 5244 3087 5289 te
3138 5234 3467 5285 incolumem

230 5325 639 5392 ἐγκατελίπετε.
696 5324 920 5393 Ὅμοιον
954 5324 1066 5393 τῷ·
1108 5324 1309 5390 ὀπως
1358 5323 1434 5379 ἂν
1482 5326 1801 5396 δικαιωθῇς

1793 5350 1801 5364 ι
1902 5326 2134 5390 servavi,
2186 5342 2296 5395 quo
2339 5327 2497 5382 tidem
2528 5328 2577 5381 ei
2620 5327 2797 5380 datam
2838 5339 3133 5379 servarem.
3168 5321 3262 5375 Vel
3302 5323 3464 5375 etiam

228 5417 302 5470 ἐγ
321 5414 441 5480 τοῖς
460 5415 660 5482 λόγοις
681 5431 817 5468 σου.
840 5414 905 5466 Τί
926 5414 981 5468 δέ
1012 5417 1177 5479 ἐστιν,
1216 5415 1359 5468 Ἀπὸ
1389 5414 1508 5469 τῶν
1534 5419 1801 5486 Σχοίνων

1794 5438 1801 5451 '
1906 5418 2007 5473 hoc
2036 5419 2197 5473 modo
2226 5438 2237 5473 :
2272 5418 2379 5473 Fac
2423 5421 2475 5473 in
2508 5420 2823 5473 memoriam
2858 5431 3078 5470 revoces
3117 5428 3231 5467 mea
3262 5410 3465 5465 beneﬁ-

301 5552 342 5582 “
371 5550 540 5605 Exod.
573 5565 659 5615 xv,
690 5550 780 5605 20.
855 5550 901 5581 "
927 5551 1093 5603 Nun‘.
1117 5566 1252 5611 mi,
1272 5550 1326 5603 9..

1394 5663 1593 5726 νοτία)
1638 5663 1943 5726 lectiones
1989 5672 2049 5727 et
2093 5672 2279 5730 noue.

298 5785 411 5853 (76)
440 5786 582 5839 Λαὸν
612 5787 775 5840 αὐτοῦ
808 5787 980 5851 καλεῖ,
1004 5788 1135 5842 Cod.
1171 5786 1301 5842 Ven.

304 5857 418 5925 (77)
451 5854 579 5920 Τοῦ,
635 5857 770 5912 Cod.
825 5855 999 5925 Ven.;
1035 5859 1127 5913 scd
1173 5858 1521 5915 scribendum
1561 5860 1792 5914 fortasse
1823 5860 1933 5911 τόν.
