4232 6440
788 450 920 516 1151

1733 457 2309 517 TllEOPIlYLAC'l‘l
2348 455 2758 517 BUI.GARI/E
2797 452 3156 516 ARCHIEP.

3922 442 4068 510 1152

784 571 893 630 cia,
926 574 1006 631 ιιι,
1049 566 1136 621 ubi
1178 566 1410 643 quisque
1441 576 1682 623 vestrum
1708 571 2186 637 condemnabitur,
2213 572 2357 625 clare
2391 574 2431 630 Α

2391 574 2431 630 Δ
2461 571 2571 636 ἕως
2598 570 2704 625 τοῦ
2745 569 2998 640 Pan-dat
3024 586 3045 635 ς
3078 569 3242 638 Ὀρια
3270 566 3381 622 τῶν
3406 567 3591 621 τόπων
3621 563 3853 619 ἐκείνων
3891 564 4061 633 εἰσιν,

789 661 916 713 hinc
947 670 1206 728 appareat
1237 660 1429 725 judicii
1459 661 1560 713 ιιιιεί
1595 664 1826 731 :cquitas
1854 670 1907 715 ιιι
1944 662 2178 733 iustitia,
2212 664 2355 733 quod

784 767 897 813 me,
928 752 1015 819 qui
1041 752 1205 803 tantis
1223 766 1319 803 vos
1347 751 1625 807 beneficiis
1650 755 1944 819 cumulavi,
1977 754 2228 809 deserere
2250 771 2355 809 non

786 842 1107 895 dubitastis.
1144 841 1281 895 Iluic
1311 843 1488 897 simile
1520 854 1600 897 est
1645 845 1800 909 illud,
1850 843 1915 898 Ut
1956 846 2271 915 justiﬁceris
2305 848 2358 900 in

785 933 1112 986 sermonibus
1162 935 1263 985 tuis
1305 934 1372 988 ⁷³.
1405 933 1543 998 Quid
1589 946 1771 990 autem
1823 937 1923 990 sibi
1959 938 2071 989 vult
2098 937 2135 989 Α
2176 936 2357 991 Schm-

785 1026 863 1075 m‘s
898 1024 1007 1093 (78)
1069 1026 1137 1077 ad
1174 1025 1363 1094 Galgnl
1394 1030 1417 1080 ξ’
1456 1026 1517 1079 lli
1553 1028 1810 1081 nimirum
1846 1027 1982 1082 ﬁnes
2013 1038 2141 1082 sunt
2165 1045 2355 1083 eorum

785 1115 1053 1180 locorum,
1089 1117 1141 1169 in
1171 1117 1369 1185 quibus
1392 1117 1610 1172 Balaam
1642 1119 1893 1174 lsraelem
1931 1121 2066 1175 diris
2089 1120 2360 1178 devovere

783 1206 1059 1263 Studebat.
1089 1208 1303 1281 abiuno
1336 1223 1395 1262 se
1442 1209 1501 1263 in
1544 1210 1712 1263 alium
1746 1220 1984 1267 montem
2020 1214 2358 1268 transferen-

783 1299 879 1354 du.
909 1298 1072 1370 305.
1100 1298 1329 1355 Putabat
1358 1302 1504 1356 enim
1539 1303 1655 1357 loca
1706 1304 1819 1359 haec
1860 1306 1962 1360 sibi
2001 1307 2198 1360 damno
2236 1323 2360 1363 esse

785 1400 840 1444 et
899 1391 1292 1459 impedimento
1342 1409 1358 1458 ;
1414 1404 1703 1464 propterea
1772 1398 1929 1451 malis
1984 1413 2014 1451 a
2071 1399 2358 1467 spiritibus

782 1481 1062 1549 inductus,
1087 1484 1154 1539 ab
1186 1500 1295 1538 uno
1320 1485 1372 1539 in
1404 1487 1569 1540 alium
1604 1487 1780 1541 locum
1814 1504 1935 1544 sese
1969 1490 2355 1546 transferebat.

785 1575 869 1626 Ab
896 1588 962 1627 eo
1008 1574 1192 1641 itaque
1222 1576 1362 1636 loco,
1411 1577 1501 1645 qui
1536 1578 1733 1646 jnncos
1769 1579 2026 1643 habebat,
2069 1597 2242 1651 usque
2289 1584 2357 1636 ad

782 1663 995 1732 Galgal,
1053 1678 1244 1720 omnes
1306 1667 1375 1720 ibi
1435 1668 1756 1733 interjectos
1815 1678 2026 1725 montes
2081 1673 2357 1728 cireuivit.

781 1753 996 1810 Montes
1022 1773 1238 1825 quoque
1274 1767 1401 1812 sunt
1428 1760 1682 1828 apostoli,
1715 1761 1781 1813 ad
1806 1776 1944 1829 quos
1976 1774 2186 1817 montes
2211 1766 2360 1834 judi-

783 1857 943 1902 catur
984 1849 1290 1920 Synagoga,
1316 1851 1459 1919 quod
1498 1852 1647 1919 ipsos
1689 1854 1941 1921 excipere
1976 1856 2233 1921 noluerit,
2258 1858 2351 1925 qui

2462 664 2520 714 ἐν
2539 656 2620 724 οἷς
2647 663 2674 715 ό
2712 661 2942 730 Βαλαὰμ
2970 661 3071 723 τὰς
3105 659 3353 729 κατάρας
3402 658 3580 712 ἐδόκει
3629 657 3830 720 ποιεῖν,
3860 655 4063 709 ἄλλοτε

2462 754 2543 813 εὶς
2566 750 2725 803 ἄλλον
2752 748 2940 818 βουνὸν
2998 747 3397 818 μεθιστάμενος
3417 758 3433 774 ⁸
3460 744 3599 816 ᾤετο
3631 747 3744 814 γαρ
3796 744 3936 805 τοὺς
3972 744 4063 794 1:6-

2462 858 2597 903 πους
2640 840 2900 908 βλάπτειν
2939 840 3035 892 καὶ
3090 836 3405 909 ἐμποδίζειν
3440 837 3612 905 αὗτῷ,
3646 836 3739 890 καὶ
3766 836 3862 890 διὰ
3894 834 4064 889 τοῦτο

2462 932 2567 985 ὑπὸ
2615 931 2725 985 τῶν
2784 930 3060 999 δαιμόνων
3119 929 3463 999 πειθόμενος.
3530 929 3723 983 ἄλλοτε
3774 933 3860 993 εις
3893 928 4061 983 ἄλλον

2465 1024 2777 1094 μεθίστατο.
2826 1023 2958 1076 Ἀπὸ
3005 1021 3139 1090 γοῦν
3182 1020 3276 1075 τοῦ
3324 1023 3491 1074 τόπου
3536 1021 3633 1075 τοῦ
3666 1020 3892 1091 ἔχοντος
3934 1022 4062 1084 τοὺς

2460 1117 2713 1186 Σχοὶνους
2771 1114 2902 1185 ἄχρι
2958 1114 3053 1168 τοῦ
3100 1113 3344 1181 ranas,
3394 1114 3524 1177 τοὺς
3558 1114 3619 1167 ὲν
3650 1114 3805 1184 μέσῳ
3837 1112 4059 1174 πάντας

2463 1211 2687 1282 βουνοὺς
2744 1208 3063 1279 περιῆλθεν.
3099 1208 3240 1277 Ὀρη
3299 1207 3397 1261 καὶ⁵
3441 1208 3492 1262 oi
3528 1207 3850 1271 ἀπόστολοι,
3918 1207 4059 1276 πρός

2461 1304 2553 1369 οὒς
2571 1305 2817 1375 κρίνεται
2845 1305 2879 1373 ἠ
2914 1303 3238 1372 Συναγωγή,
3265 1302 3349 1355 ὅτι
3375 1300 3435 1365 ιε
3462 1300 3635 1371 αὐτῆς
3666 1301 3832 1363 δντας
3850 1300 4059 1359 αὐτοὺς

2458 1398 2559 1449 οὐκ
2582 1395 2804 1461 ἐδέξατο
2833 1409 2848 1424 ο
2877 1392 3057 1462 βουνοὶ
3076 1392 3156 1457 δὲ,
3187 1392 3238 1446 οἱ
3300 1394 3601 1463 προφῆται,
3638 1391 3716 1455 ὠς
3745 1390 3863 1443 τῶν
3917 1394 4058 1446 ἀπο·

2461 1487 2662 1541 στόλων
2687 1488 3090 1555 ὑποδεέστερον
3122 1486 3428 1555 φάραγγες,
3466 1486 3522 1537 αἱ
3555 1482 3648 1537 τοῦ
3676 1481 3931 1551 πλήθους
3948 1480 4058 1533 τῶν

2461 1578 2670 1631 πιστῶν
2734 1576 3041 1647 χωρητικαι
3101 1573 3414 1643 ἐκκλησίαι,
3443 1572 3502 1627 αἶ
3525 1572 3621 1627 καὶ
3655 1570 3892 1639 θεμέλιά
3950 1571 4058 1622 εισι

2460 1672 2560 1739 τῆς
2601 1670 2726 1736 γῆς,
2755 1670 2850 1721 καὶ
2880 1667 3193 1737 άσφάλειαι,
3230 1665 3364 1738 παρ’
3409 1658 3489 1728 οἷς
3516 1666 3763 1735 κρίνεται
3800 1663 3946 1733 πρὸς
3969 1663 4059 1714 τὶν

2460 1763 2587 1815 λαὸν
2617 1765 2645 1814 ό
2674 1760 2876 1826 Κύριος
2922 1758 3168 1827 Ἰησοῦςο
3216 1758 3273 1822 ὃς
3302 1758 3453 1811 οὐδὲν
3501 1757 3746 1827 luerqu
3806 1756 4056 1824 ποιήσας

2460 1856 2629 1925 αὐτῷ,
2672 1855 2785 1907 ἀλλ’
2832 1853 2993 1916 αὐτὸς
3023 1854 3099 1907 ὢν
3131 1851 3241 1917 όὲξ
3285 1850 3563 1918 Αἰγύπτου
3611 1850 3713 1918 τῆς
3776 1848 4054 1917 αἰσθητῆς

782 1939 1048 2005 originem
1075 1942 1142 1994 ab
1170 1957 1229 1995 ea
1261 1942 1548 1996 trahebant
1582 1962 1594 1995 :
1628 1944 1800 1999 colles
1828 1954 2027 2008 autem,
2054 1957 2226 2014 vates,
2258 1956 2347 2003 ut-
2380 1926 2428 1984 Β

2383 1926 2428 1984 Β
2456 1947 2831 2019 ἐλευθερώσας
2861 1947 3055 2014 πάλαι,
3095 1952 3189 2002 καὶ
3216 1948 3317 2016 τῆς
3347 1945 3648 2016 νοουμένης
3699 1943 3939 2013 ὕστερον
3967 1940 4054 2010 (δι’

783 2043 909 2099 ιιοιε
950 2035 1212 2100 apostolis
1243 2034 1559 2098 inferiores;
1605 2041 1768 2095 valles
1795 2039 2034 2104 demum,
2079 2043 2347 2106 ecclesim,

782 2140 905 2191 qua:
930 2123 1133 2179 Clu-isti
1163 2126 1401 2182 fidelium
1437 2132 1837 2186 multitudinem
1884 2134 2347 2203 complectuntur,

2448 2039 2580 2093 αὐτὸ
2616 2039 2724 2111 γάρ
2758 2040 2916 2095 τοῦτο
2969 2038 3307 2110 ὲσαρκὼθη),
3336 2038 3431 2092 καὶ
3476 2036 3572 2091 τοῦ
3602 2036 3841 2104 Βαλαὰμ
3874 2033 4051 2087 πάλαι

2447 2146 2506 2181 τε
2534 2130 2894 2200 καταργήσας
2932 2129 3033 2193 τὰς
3060 2130 3148 2182 διά
3188 2127 3445 2199 γοητείας
3476 2126 3638 2199 ἀρὰς,
3672 2124 3914 2195 ὕστερον
3947 2126 4057 2177 ni‘

781 2231 904 2285 qua:
959 2225 1010 2268 rt
1053 2220 1204 2273 orbis
1256 2228 1526 2274 terrarum
1581 2222 1931 2276 fundamenta
1991 2231 2119 2277 sunt
2185 2232 2350 2294 atque
2450 2245 2452 2263 ε

2450 2236 2548 2274 σαν
2586 2221 2688 2293 την
2727 2220 2936 2274 ἐκείνου
2967 2220 3324 2290 κακοτεχνίαν
3362 2218 3643 2288 ἄχρηστον
3698 2214 3912 2278 δείξας,
3946 2211 4053 2263 ὑπὸ

785 2307 1061 2374 ιιιωείιιὶιι,
1095 2309 1183 2360 ubi
1214 2325 1336 2363 cum
1375 2312 1573 2379 populo
1608 2328 1708 2365 suo
1744 2312 1995 2366 Christus
2017 2316 2346 2383 expostulat.

784 2400 1065 2467 Siquidem
1097 2402 1145 2455 ei
1181 2418 1301 2456 cum
1341 2405 1471 2456 nihil
1502 2406 1625 2458 mali
1651 2405 1903 2461 Christus
1957 2407 2194 2470 fecisset,
2252 2411 2359 2464 imo

785 2506 912 2542 cum
948 2507 1067 2544 cum
1112 2507 1140 2543 a
1182 2495 1426 2547 sensibili
1478 2497 1710 2563 primum
1761 2497 2049 2552 liberasset
2096 2498 2353 2568 Egypto,

785 2580 983 2636 deinde
1026 2584 1192 2637 etiam
1222 2599 1250 2636 a
1278 2586 1528 2653 mystica,
1558 2602 1720 2654 quam
1759 2589 1830 2641 ob
1864 2605 1975 2642 rem
2011 2605 2234 2643 carnem
2266 2607 2356 2645 as-

787 2674 1025 2741 sumpsit
1056 2691 1069 2737 ;
1102 2690 1226 2729 cum
1260 2677 1445 2730 irritas
1472 2680 1597 2732 οΙίιιι
1617 2679 1834 2733 fecisset
1858 2680 2096 2748 magicas
2119 2680 2355 2737 Balaami

786 2766 1226 2833 maledictiones,
1291 2768 1734 2839 declarassetque
1782 2787 1978 2825 vanam
2025 2775 2253 2828 omnino
2302 2783 2357 2829 et

783 2857 1034 2911 inutilem
1071 2860 1301 2930 hujusce
1332 2863 1592 2915 nefariam
1628 2876 1796 2918 artem
1843 2881 1858 2917 :
1893 2862 2086 2919 ab‘tali
2137 2868 2354 2919 demum

785 2949 990 3017 populo
1018 2958 1102 3004 est
1136 2952 1451 3007 cruciﬁxus.
1488 2954 1544 3007 Si
1580 2955 1671 3024 qui
1696 2971 1825 3008 vero
1852 2958 1903 3009 iu
1936 2956 2163 3025 imperio
2195 2958 2354 3010 locati

783 3046 999 3095 montes
1040 3041 1365 3108 habeantur,
1406 3044 1476 3100 ob
1504 3046 1677 3116 ipsius
1709 3048 1922 3118 imperii
1952 3050 2356 3113 celsitudinem,

784 3140 899 3185 tum
922 3134 1069 3188 orbis
1087 3144 1245 3189 terra:
1272 3136 1645 3202 fundamenta,
1668 3149 1936 3209 quatenus
1967 3142 2152 3210 populi
2185 3141 2357 3193 fulcra

2450 2313 2546 2368 τοῦ
2580 2311 2820 2366 τοιούτου
2853 2309 2987 2364 λαοῦ
3016 2309 3361 2380 ἐσταυρώθη.
3389 2309 3453 2362 El
3476 2308 3535 2361 δὲ
3553 2306 3646 2361 καί
3677 2321 3829 2367 τινες
3855 2305 4052 2372 ἄρχειν

2457 2406 2801 2474 τεταγμένοι,
2858 2403 2957 2473 ὅρη
2989 2403 3087 2472 μὲν
3137 2398 3246 2455 εἷεν
3283 2401 3423 2454 κατὰ
3450 2399 3511 2453 τὸ
3539 2400 3641 2468 τῆς
3678 2397 3862 2467 ἀρχῆς
3889 2394 4050 2463 ὕψος.

2458 2497 2554 2548 καὶ
2611 2495 2837 2564 θεμέλια
2890 2494 2987 2563 τῆς
3025 2494 3149 2561 γῆς,
3205 2493 3279 2552 ὠς
3329 2490 3423 2544 τοῦ
3472 2490 3606 2545 λαοῦ
3668 2489 4043 2559 ἑδράσματα·

2460 2590 2753 2659 φάραγγας
2812 2587 2869 2640 δὲ
2927 2588 3196 2656 μιμοῖντο,
3268 2585 3343 2647 ὡς
3393 2582 3818 2655 ὰπεῤῥηγμένοι
3850 2598 3915 2634 τε
3963 2579 4051 2634 διὰ

2459 2683 2522 2756 [1⁸.
2548 2683 2674 2735 add.
2724 2678 2807 2752 τὸ]
2844 2681 2919 2750 μὴ
2952 2680 3098 2748 ἔχειν
3128 2678 3219 2732 τὸν
3267 2678 3368 2744 τῆς
3431 2676 3655 2744 ἀγάπης
3715 2674 4046 2743 σύνδεσμον,

2459 2775 2554 2827 καὶ
2583 2774 2658 2836 ὡς
2689 2772 2788 2842 τὴν
2816 2773 2914 2841 τῆς
2945 2771 3141 2832 κακίας
3162 2770 3445 2838 δεχόμενοι
3482 2766 3718 2835 ἑτοίμως
3754 2765 4045 2835 σύρροιαν,

2459 2866 2833 2918 διακελεύεται
2888 2864 2964 2931 τῷ
3006 2862 3333 2932 apo-grumi)
3355 2861 3501 2931 λόγῳ
3552 2859 3887 2927 ἀναστῆναι,
3950 2859 4046 2910 καὶ

2459 2958 2713 3027 κριθῆναι
2748 2957 2885 3023 πρὸς
2917 2954 3164 3017 τούτους.
3195 2953 3490 3022 ἐλέγχοντα
3512 2948 3737 3013 αὐτοὺς,
3766 2950 3857 3003 δτι
3890 2949 4046 3002 οὐδὲν

2459 3051 2656 3102 οἰκεῖον
2678 3046 2756 3116 τῷ
2780 3045 3164 3114 ἐπαγγέλματι
3187 3042 3553 3107 ἐπεδείξαντο,
3587 3038 3684 3093 καὶ
3711 3038 3895 3093 ταῦτα
3914 3038 4045 3101 λαὸς

2459 3138 2611 3199 ὄντες
2637 3136 2798 3200 Θεοῦ,
2830 3137 2925 3189 καὶ
2955 3134 3174 3206 Ἰσραὴλ
3202 3132 3552 3202 καλούμενοι.

782 3235 952 3292 sunt;
988 3230 1033 3284 si
1068 3238 1122 3284 et
1156 3232 1404 3301 abruptis
1450 3234 1586 3289 locis
1620 3236 1828 3290 similes
1876 3236 2005 3300 sint,
2053 3236 2200 3305 quod
2233 3249 2261 3287 a
2295 3249 2354 3289 se
2388 3234 2620 3288 invicem
2670 3231 2827 3286 scissi
2870 3228 3019 3283 nullo
3057 3226 3345 3281 charitatis
3412 3224 3633 3277 vinculo
3718 3230 4044 3287 teneantur,

780 3330 839 3373 et
880 3323 1125 3391 undique
1172 3333 1461 3394 propterea
1505 3325 1835 3381 conﬂuentia
1904 3327 1957 3381 in
1999 3343 2058 3382 se
2131 3328 2263 3381 vitia
2317 3327 2625 3398 recipiant:
2662 3325 2908 3377 hortatur
2928 3321 3073 3375 Deus
3102 3335 3198 3389 per
3225 3334 3289 3373 ea
3313 3317 3455 3372 vatis
3486 3319 3675 3381 verba,
3703 3325 3762 3371 ut
3796 3332 4033 3387 surgere

782 3414 907 3483 quis
943 3416 1094 3479 velit,
1129 3430 1335 3472 etcum
1369 3419 1709 3490 principibus
1740 3421 1875 3489 ipsis
1898 3421 2228 3490 expostulet,
2268 3436 2363 3475 eos
2392 3417 2866 3489 reprehendendo,
2896 3415 3044 3485 quod
3066 3415 3201 3468 nihil
3229 3427 3330 3468 suo
3382 3411 3657 3483 promisso
3704 3423 4021 3466 consonum

780 3508 1012 3576 egerint,
1046 3508 1208 3578 idque
1238 3512 1473 3566 maxime
1504 3550 1519 3573 ,
1554 3525 1679 3566 cum
1712 3514 1949 3583 populus
1980 3513 2072 3567 Dei
2119 3512 2251 3576 sint,
2294 3523 2349 3568 et
2387 3515 2553 3568 Israel
2583 3511 2947 3580 appellentur.

855 3599 1023 3656 Vsus.
1056 3602 1108 3656 6.
1140 3600 1208 3655 In
1240 3619 1342 3671 quo
1371 3603 1753 3673 deprehendam
1796 3605 2075 3660 Dominum
2107 3607 2132 3660 .’
2170 3606 2355 3661 Susri-
2383 3611 2426 3667 ο

2542 3607 2645 3661 Ἐν
2679 3605 2797 3657 τίνι
2819 3601 3132 3657 καταλάϐω
3160 3599 3269 3653 τὸν
3306 3600 3566 3668 Κύριον;
3594 3599 4045 3671 Ἀντιλήψομαι

784 3692 929 3755 piam
966 3691 1130 3745 Deum
1170 3710 1341 3747 meum
1371 3695 1635 3750 excelsum
1669 3697 1695 3750 ?
1734 3695 1870 3752 Cum
1918 3700 2168 3768 superius
2211 3710 2362 3754 vates

2464 3697 2611 3752 Θεοῦ
2634 3713 2751 3766 μου
2798 3694 3103 3762 ὑψίστους
3137 3692 3277 3754 Τοὺς
3322 3691 3589 3761 ῥηθέντας
3620 3691 3817 3760 λόγους
3847 3696 3877 3747 ό
3907 3713 4042 3766 προ.

783 3781 1061 3842 lsraelitis.
1093 3796 1352 3853 tanquam
1384 3802 1448 3841 ex
1487 3803 1716 3855 persona
1744 3789 1860 3853 Dei,
1922 3792 2086 3845 verba
2118 3792 2356 3855 fecisset,

2462 3790 2637 3858 φήτης
2663 3788 2738 3850 ὡς
2763 3788 2826 3839 ὲκ
2867 3784 3163 3855 προσώπου
3196 3782 3293 3837 τοῦ
3350 3784 3488 3838 Θεοῦ
3509 3785 3648 3855 πρὸς
3672 3787 3801 3848 τοὺς
3825 3787 4042 3860 Ἰσραη-

787 3890 935 3928 nunc
959 3877 1271 3945 paenitentis
1297 3874 1586 3947 perSonam
1616 3882 1847 3947 inducit,
1876 3885 1970 3953 qui
2007 3900 2065 3939 se
2099 3901 2360 3954 peccasse

2460 3879 2609 3942 λίτας
2639 3877 3026 3945 ποιησάμενος,
3075 3875 3287 3943 εἰσάγει
3317 3874 3413 3928 νῦν
3442 3877 3834 3945 μετανοοῦντος
3868 3882 4040 3947 πρόσ-

785 3966 1193 4032 quodaunnmlu
1216 3971 1437 4026 sentiat.
1472 3971 1641 4041 quue
1663 3982 1814 4028 vates
1855 3974 1989 4029 facit
2020 3985 2167 4031 recte
2194 3988 2358 4046 atque

2459 3987 2628 4031 ωπον,
2656 3971 2749 4022 καὶ
2777 3970 2977 4022 ὡσανεὶ
3016 3969 3362 4038 αἰσθομένου,
3389 3970 3470 4023 ὅτι
3500 3972 3738 4041 ἥμαρτε.
3783 3974 3960 4028 Τοῦτο
3982 3975 4036 4028 δὲ

780 4058 995 4117 urdiue,
1032 4070 1091 4112 ut
1133 4062 1279 4127 ipsos
1311 4064 1522 4128 doceat,
1559 4066 2017 4133 quemadmodum
2063 4069 2132 4122 sit
2166 4072 2348 4138 patui-

780 4149 1026 4203 teudum.
1062 4150 1152 4203 Ait
1189 4167 1341 4221 ergo,
1372 4151 1436 4205 In
1474 4170 1575 4223 quo
1612 4153 1893 4209 Dominum
1926 4156 2356 4225 deprehendam?

781 4236 1053 4305 Recessit,
1086 4241 1285 4310 inquit,
1312 4259 1338 4296 a
1360 4259 1465 4309 me,
1487 4260 1609 4300 cum
1637 4251 1860 4316 peccavi
1883 4264 1898 4301 :
1923 4234 2197 4317 quomodo
2219 4265 2351 4319 ergo

778 4345 903 4381 enm
950 4342 1273 4399 persecutus
1327 4336 1806 4404 comprehendam,
1846 4345 1899 4391 et
1944 4352 2066 4392 cum
2104 4353 2351 4408 compre-

780 4419 1046 4482 hendero.
1084 4424 1156 4476 ita
1185 4434 1421 4490 teneam,
1455 4438 1513 4483 ut
1542 4443 1572 4483 a
1608 4444 1696 4483 me
1741 4445 1960 4486 rursum
1986 4431 2222 4503 effugere
2258 4449 2351 4487 ne-

777 4521 941 4578 queat
971 4512 994 4564 ?

848 4602 1013 4659 Vens.
1046 4607 1096 4671 fi,
1134 4608 1187 4661 7.
1220 4607 1278 4663 Si
1300 4579 1678 4677 appro/tendam
1704 4630 1820 4668 eum
1843 4616 1896 4669 iu
1925 4618 2266 4677 holocaustis.
2295 4620 2346 4672 in

2459 4065 2603 4113 ποιεῖ
2625 4062 2652 4113 ό
2674 4063 2961 4130 προφήτης
2983 4062 3313 4129 εὐμεθόδως,
3358 4062 3427 4114 ἶν’
3447 4062 3679 4127 ἐκείνοις
3700 4065 3875 4136 δείξῃ,
3914 4068 4033 4131 πῶς

2454 4152 2535 4203 δεῐ
2562 4155 2861 4218 μετανοεῖν.
2906 4154 3069 4221 Λέγει
3095 4152 3188 4206 οὖν
3210 4170 3224 4184 ·
3272 4154 3378 4209 Ἐν
3408 4156 3525 4208 τίνι
3580 4157 3903 4211 καταλάϐω
3930 4160 4036 4213 tdr

2452 4243 2707 4308 Κύριον-ς
2733 4244 3001 4312 Ἀπέπτη,
3028 4243 3216 4311 φησὶν,
3240 4244 3336 4296 ἀπ’
3358 4242 3495 4313 ἐμοῦ
3516 4245 3879 4314 ἁμαρτόντος.
3912 4248 4035 4311 Πῶς

2452 4338 2634 4387 τοίνυν
2686 4335 2884 4399 διώξας
2934 4334 3384 4399 καταλάόωςκαι
3441 4337 3789 4403 καταλαϐὼν,
3820 4341 4035 4411 ἀντιλή-

2450 4426 2621 4495 ςομαι
2647 4428 2812 4481 αὐτοῦ
2841 4429 2987 4495 (79);
3022 4429 3294 4494 τουτέστι,
3327 4429 3542 4495 καθέξω
3571 4430 3738 4484 αὐτὸν
3772 4432 4031 4502 βεϐαίως,

2450 4520 2589 4573 ὣστε
2624 4523 2696 4590 μὴ
2730 4521 2892 4573 πάλιν
2921 4521 3234 4589 ἀποπτῆναι
3256 4522 3351 4575 ἀπ’
3371 4520 3529 4590 ἐμοῦ.

2526 4610 2591 4664 ει
2634 4610 3056 4680 καταλήψομαι
3088 4611 3277 4665 αὐτόν
3308 4611 3379 4665 ἐν
3405 4614 3658 4667 όλυκαυε
3670 4630 3937 4682 ωμασιν,
3965 4618 4035 4672 ἐν

775 4688 959 4744 ritulis
988 4696 1253 4748 anniculis
1288 4698 1313 4749 .9
1352 4699 1400 4751 si
1439 4703 1688 4770 suscipiet
1725 4702 1982 4759 Dominus
2024 4707 2078 4759 in
2112 4709 2346 4763 millibus
2443 4760 2446 4770 ,

2443 4704 2702 4772 μόσχοις
2732 4703 3158 4770 ἐνιαυσιαίοιςς
3184 4707 3235 4759 ει
3274 4704 3672 4772 προσδέξεται
3708 4710 3934 4776 Κύριος
3963 4712 4030 4765 ἐν

771 4783 1020 4847 arietum,
1054 4786 1131 4839 vel
1160 4787 1213 4839 in
1249 4789 1422 4842 decem
1455 4791 1688 4846 millibus
1719 4795 1983 4849 hircorum
2013 4799 2285 4868 pinguium
2321 4804 2347 4856 ?

2447 4794 2677 4863 χιλιάσι
2703 4793 2902 4861 κριῶν,
2929 4794 2968 4863 ἢ
2995 4795 3064 4849 ἐν
3084 4796 3331 4865 μυριάσι
3388 4797 3651 4865 χιμάρων
3682 4802 3957 4867 πιόνων-ς
3979 4806 4029 4857 sl

770 4875 822 4927 si
852 4874 989 4928 dabo
1018 4877 1365 4948 primogenita
1391 4898 1504 4936 mea
1533 4899 1629 4949 pro
1654 4885 1938 4952 impietate,
1962 4887 2191 4956 fructum
2218 4908 2338 4945 ven-

2447 4888 2529 4942 δῶ
2578 4890 2920 4955 πρωτότοκά
2965 4907 3083 4945 που
3117 4892 3268 4960 ὑπὲρ
3296 4893 3599 4959 ἀσεϐείας,
3626 4897 3871 4962 καρπὸν·
3903 4916 4027 4951 κοι-

769 4969 869 5020 tris
897 4968 995 5019 mei
1012 4984 1108 5035 pro
1138 4984 1348 5036 peremo
1381 4976 1574 5029 aniqu
1608 4994 1733 5031 mea:
1761 4982 1785 5034 .9
1824 4980 2112 5050 Numquid,
2145 4985 2239 5045 ait,
2270 4984 2337 5038 ad
2371 4952 2413 5005 Β

2371 4952 2413 5005 D
2442 4982 2580 5046 .It'ur;
2604 4952 2724 5049 iter)
2758 4982 2911 5049 ὑπὲρ
2955 4952 3246 5051 ἁμαρτίαςζ
3274 4983 3484 5052 ψυχῆς
3505 4952 3663 5052 pet);
3700 4952 3776 5039 :3
3790 5006 3883 5053 ραν
3921 5007 4020 5058 ’πτη-

772 5069 1121 5121 peceatorqu
1174 5074 1314 5117 onus
1367 5068 1749 5121 cxeutienJum
1793 5070 1993 5125 suﬂicit
2053 5073 2343 5127 vitulorum

2445 5074 2549 5137 σιν,
2603 5074 2834 5143 ἀρκοῦσι
2883 5075 3020 5140 πρδς
3052 5074 3113 5127 τὸ
3136 5074 3297 5128 λῦσαι
3349 5077 3460 5129 τῶν
3514 5077 3941 5149 ἁμαρτημάτων
3967 5085 4024 5133 τ’)

772 5146 981 5215 ingens
1020 5150 1331 5213 multitudo,
1391 5156 1473 5209 vel
1521 5156 1805 5213 innumera
1864 5161 2141 5217 hircorum
2188 5166 2344 5235 capia

2445 5161 2611 5231 βάρος
2656 5162 2874 5231 μόσχων
2912 5163 3193 5235 πλῆθος,ἢ
3224 5164 3460 5236 χιλιάδες
3483 5146 3675 5237 κριῶν,
3695 5170 3728 5238 ἢ
3758 5173 4023 5240 μυριάδες

771 5231 1168 5303 bwdorumque
1203 5282 1216 5301 ,
1267 5244 1647 5300 annicnlnrum
1713 5248 1923 5305 scilicet
1986 5231 2275 5321 caprorum
2323 5255 2348 5309 ἲ

2443 5250 2716 5320 χιμάρων,
2753 5231 3038 5305 τουτέστιν
3075 5231 3423 5306 ἑνιαυνσιαίων
3454 5231 3691 5324 ἐρίφωνς

771 5341 842 5377 au
911 5328 1046 5382 satis
1097 5329 1161 5381 ad
1221 5331 1271 5385 id
1324 5346 1451 5389 sunt
1511 5338 1603 5391 tilii
1657 5342 2022 5413 primogeniti,
2084 5346 2177 5416 qui
2233 5346 2346 5401 Deo
2439 5362 2442 5374 ‘

2439 5357 2590 5395 τοκοι
2623 5343 2728 5394 υἱοὶ
2767 5342 3173 5414 προσαγόμενοι
3196 5344 3274 5415 τῷ
3315 5342 3456 5416 Θεῷ,
3488 5347 3581 5399 καὶ
3602 5350 4017 5420 ἀφιερούμενοι,

769 5415 1091 5473 addicautur
1116 5436 1531 5495 sacrenturque,
1558 5430 1636 5484 vel
1667 5433 1828 5485 etiam
1859 5415 2204 5491 mactentur?
2229 5435 2341 5492 lloc

839 5598 885 5630 "
919 5599 1066 5655 Psal.
1114 5616 1167 5663 L,
1199 5603 1252 5655 6.

2448 5436 2481 5506 ἢ
2518 5436 2610 5487 καὶ
2638 5434 2929 5505 θυόμενοι;
2983 5434 3157 5489 Τοῦτο
3179 5433 3235 5489 δὲ
3263 5434 3433 5505 λέγει.
3489 5437 3588 5507 οὐχ
3616 5439 3693 5502 ὡς
3739 5440 3839 5495 τοῦ
3881 5442 4017 5497 Θεοῦ

1938 5694 2143 5758 Variae
2168 5697 2476 5761 lectiones
2519 5705 2580 5761 et
2625 5708 2813 5763 noue.

841 5808 1161 5893 (78)boeits
1196 5811 1270 5867 ita
1302 5811 1687 5874 denominatus
1760 5818 1828 5875 ab
1884 5819 2069 5892 juncis
2136 5825 2335 5893 quibus

769 5878 1096 5937 sbundabab

2518 5825 2630 5892 (79)
2680 5827 2819 5883 Cod.
2865 5828 2991 5895 Bav.
3053 5831 3244 5886 habet:
3284 5833 3373 5885 Ἐν
3432 5832 3536 5885 τίνι
3577 5833 3880 5891 καταλάδω
3931 5837 4013 5889 τὸν

2446 5896 2683 5967 Κύριονς
2717 5899 2808 5953 καὶ
2837 5900 3177 5964 καταλαϐὼν,
3204 5902 3561 5971 άντιλὴᾧομαι
3596 5903 3763 5957 αὑτοῦ
3789 5924 3803 5962 ;
