4232 6440
241 431 384 496 1173

920 433 1320 493 EXPOSITID
1373 433 1451 494 IN
1495 433 1952 496 PROPHETAM
2001 436 2396 496 MICH.’EA.\L
2438 461 2492 472 -
2534 439 2690 497 CAP.
2755 439 2881 497 VII.

3384 439 3504 498 H74

237 544 416 596 τύπον
469 558 696 605 ἐκεινοις
734 541 931 606 διδοὺς,
987 547 1136 608 ὅπως
1179 547 1260 598 δεῖ
1309 546 1593 599 πιστεύειν
1620 550 1697 611 εἰς
1727 547 1817 599 τὸν
1856 553 1891 608 Α

1935 546 2024 616 plo
2057 562 2159 602 suo
2187 548 2412 611 docens,
2449 548 2911 616 quemadmodum
2944 550 3016 602 sit
3060 549 3110 600 in
3152 548 3257 602 Deo
3315 551 3514 610 ﬁducia

235 636 396 690 Θεόν.
460 637 521 689 Οἱ
565 637 662 705 μὲν
693 635 788 689 οῦν
824 637 992 705 φίλοι,
1037 640 1191 706 φησὶ,
1245 640 1338 690 καὶ
1387 640 1598 703 οίκεῖοι,
1647 639 1820 701 οὕτως

236 731 458 782 ἔσονται
498 729 758 795 ἄπιστοι,
823 731 919 782 καὶ
963 731 1051 784 διὰ
1104 730 1262 784 τοῦτο
1313 730 1572 800 μάταιοι,
1627 733 1674 784 οἱ
1734 732 1820 784 ἐπ’

237 823 443 880 αὐτοὺς
476 821 790 884 ἐλπίζοντες
825 834 839 850 ⁸
876 821 985 889 ἐγὼ
1031 822 1086 874 δὲ
1142 823 1277 892 πρὸς
1319 823 1409 875 τὸν
1447 822 1653 894 Κύριον
1688 825 1821 878 ἀπο-

240 914 450 982 ϐλέψω,
484 915 576 967 καὶ
615 915 712 983 τὴν
758 914 817 977 ἐξ
865 915 1076 966 ἐκείνου
1108 916 1364 982 ἀναμενῶ
1409 915 1686 984 βοήθειαν,
1725 917 1822 986 οὐχ

239 1009 576 1075 ἡγουμένοις
636 1006 858 1078 Θαρῤὦν
887 1047 902 1070 ,
961 1008 1022 1060 οὑ
1071 1007 1245 1074 φίλοις
1290 1008 1590 1072 πεποιθὼς,
1620 1009 1681 1062 οῦ
1714 1027 1822 1060 τινι

239 1103 352 1153 τῶν
377 1102 515 1170 κατὰ
546 1100 725 1169 σάρκα
752 1101 970 1153 οἰκείων
993 1100 1251 1164 ἐλπίζων.
1281 1102 1389 1172 καὶ
1417 1103 1630 1172 πάντως
1652 1101 1823 1167 οὕτως

240 1195 586 1258 ἀδιστὰκτως
652 1195 971 1257 ἐλπίζοντος
1030 1194 1115 1247 ἐπ’
1172 1194 1376 1258 αὑτὸν,
1440 1197 1823 1251 είσακούσεταί

245 1306 372 1358 μου.
1538 1271 1543 1282 ’

316 1379 412 1446 Μὴ
447 1380 715 1449 ἐπιχαιρέ
771 1399 892 1448 μοι,
942 1383 979 1449 ἡ
1013 1383 1196 1450 ἐχθρά
1238 1399 1380 1450 μου,
1424 1381 1510 1434 ὅτι
1543 1382 1825 1434 πέπτωκα

243 1472 343 1526 καὶ
374 1474 816 1542 ἀναστήσομαι.
856 1474 1083 1538 Διδὰξας
1115 1477 1212 1545 τῆς
1241 1476 1319 1539 είς
1360 1474 1494 1527 Θεὸν
1527 1475 1740 1537 ἐλπίδος
1766 1476 1826 1527 τὸ

249 1564 449 1634 πέρας,
485 1563 546 1615 τὸ
576 1564 1013 1634 ἐπακουσθῆναι,
1073 1578 1235 1632 φημι,
1291 1567 1421 1635 παρ’
1461 1565 1648 1625 αὑτοῦ,
1696 1566 1826 1618 ἀνα-

244 1657 516 1726 λαμϐάνει
570 1655 672 1724 τῆς
724 1656 864 1709 Σιὼν
904 1657 968 1709 τὸ
1016 1658 1312 1729 πρόσωπον
1341 1700 1356 1724 ,
1404 1660 1668 1730 καὶπρὸς
1730 1661 1827 1729 τὴν

256 1752 570 1820 Ἰδουμαίαν
603 1753 840 1804 ποιεῖται
875 1753 1003 1814 τοὺς
1031 1752 1242 1820 λόγους,
1279 1753 1482 1823 ἐχθρὰν
1540 1749 1707 1808 οὖσαν
1739 1755 1828 1807 ἀεὶ

244 1845 340 1896 καὶ
379 1843 664 1911 πολεμίαν.
701 1845 792 1912 Μὴ
826 1843 1082 1914 ἐπίκαιρε
1111 1846 1240 1914 γὰρ,
1266 1844 1434 1914 φησίν
1469 1860 1480 1873 ’
1516 1845 1562 1897 εἰ
1597 1844 1704 1913 γὰρ
1732 1847 1826 1897 καὶ

244 1938 534 1996 πέπτωκα,
577 1939 891 2007 συμφοραῖς
925 1936 1325 2007 περιπεσοῦσαν
1373 1937 1486 1989 ἀλλ’
1515 1939 1723 2006 ἀναστή
1739 1956 1823 1990 ³ο·

245 2046 343 2098 μιι
376 2025 552 2090 αὖθις.
588 2029 744 2091 me;
778 2029 831 2081 δὲ
860 2029 997 2096 πρὸς
1023 2029 1121 2098 τὴν
1150 2027 1443 2093 Βαϐυλῶνα
1474 2028 1646 2081 ταῦτα
1672 2030 1826 2093 λέγε-

245 2123 368 2174 sliat
400 2137 566 2189 φης’
605 2123 696 2192 Μὴ
745 2123 1074 2186 ἐπαγαλλου,
1128 2121 1203 2185 ὠς
1259 2123 1534 2192 νικήσασα
1592 2139 1658 2190 με
1692 2139 1704 2152 ’
1763 2123 1824 2174 οὐ

249 2213 353 2280 γὰρ
385 2213 473 2264 διὰ
517 2211 614 2280 τὴν
653 2213 749 2280 σὴν
795 2212 1024 2280 δύναμιν
1055 2211 1166 2281 (21)
1197 2212 1494 2281 νενίκηκας
1529 2229 1604 2281 με
1638 2229 1649 2240 ·
1689 2212 1825 2265 ἀλλὰ

245 2307 382 2358 διότι
417 2306 680 2357 πέπτωκα
725 2306 830 2357 ἀπὸ
865 2307 961 2373 τῆς
997 2307 1055 2357 ἐν
1106 2304 1226 2373 Θεῷ
1278 2305 1542 2367 στάσεως,
1580 2305 1655 2374 μὴ
1701 2307 1822 2358 ἐπι-

245 2398 586 2464 γινώσκουσα
638 2398 729 2449 τὸν
762 2398 894 2450 Θεόν
925 2397 1037 2465 (‘23)
1068 2412 1082 2426 ⁸
1121 2397 1271 2466 ὅμως
1307 2397 1682 2465 ἁναστήσομαι
1716 2395 1826 2448 ἀπὸ

241 2492 436 2542 τούτου
465 2491 558 2542 τοῦ
591 2491 906 2558 πτώματος.
933 2488 1245 2557 Πλὴψδοκεῖ
1270 2507 1359 2558 μοι
1386 2489 1522 2557 πρὸς
1543 2489 1642 2558 τὴν
1667 2488 1824 2540 Ἰδου-

245 2582 416 2647 μαίαν
444 2581 642 2649 μᾶλλον
675 2581 928 2646 λέγεσθαι
958 2579 1153 2640 ταῦτα,
1188 2578 1264 2640 ὡς
1302 2579 1366 2629 ἐκ
1396 2577 1504 2630 τῶν
1526 2576 1825 2644 κατωτέρω

241 2672 425 2739 δῆλον.
484 2673 638 2726 Εἴποι
667 2672 712 2723 δ’
740 2671 804 2724 ἂν
836 2673 927 2723 καὶ
960 2673 992 2741 ἡ
1024 2671 1083 2733 ἐξ
1132 2669 1302 2721 ἐθνῶν
1349 2668 1648 2738 Ἐκκλησία
1689 2668 1825 2736 πρὸς

248 2766 342 2833 τὴν
376 2768 701 2832 συναγωγήν
727 2781 741 2794 ·
791 2765 883 2834 Μὴ
925 2763 1178 2832 ἐπίχαιρέ
1214 2780 1326 2832 μοι,
1369 2764 1403 2832 ἡ
1430 2761 1599 2832 ἐχθρά
1627 2778 1750 2831 μου,
1790 2763 1822 2830 ὴ

243 2859 646 2927 βδελυσσομένη
675 2857 742 2912 τὰ
774 2857 904 2925 ἔθνη
937 2873 952 2888 ο
986 2856 1255 2911 πέπτωκα
1287 2857 1387 2926 μὲν
1419 2855 1529 2925 γὰρ
1551 2857 1616 2924 τῇ
1643 2855 1823 2923 ἁμαρ-

244 2951 338 3020 τίᾳ
377 2951 469 3003 καὶ
509 2954 575 3021 τῇ
624 2950 852 3020 ἀσεϐείᾳ.
883 2991 899 3014 ,
936 2950 1051 3004 ἀλλ’
1098 2949 1475 3018 ἐπιστρέψασα
1522 2947 1658 3018 πρὸς
1690 2948 1824 3016 Χρι-

243 3043 392 3103 στὸν,
425 3044 482 3106 ὃς
506 3044 652 3095 ἐστιν
682 3041 998 3106 ἀνάστασις,
1033 3041 1438 3110 ἀναστήσομαι.

318 3137 471 3187 Διότι
515 3136 625 3188 ἐὰν
673 3133 944 3202 πορευθῶ
973 3131 1145 3198 ἐντῷ
1169 3136 1398 3198 σκότει,
1432 3133 1646 3201 Κύριος
1697 3134 1821 3202 φῶς

243 3244 381 3293 μου.
415 3225 480 3278 Ἣ
519 3226 614 3279 ἐὰν
667 3224 746 3294 τῷ
778 3226 960 3278 σκότει
1013 3225 1122 3276 τῶν
1176 3225 1476 3292 συμφορῶν
1507 3226 1602 3277 xui.
1639 3224 1820 3276 κακώο
1852 3239 1891 3294 (ς

247 3335 388 3370 σέων
427 3319 694 3386 γένωμαι,
747 3316 862 3384 φῶς
895 3333 995 3386 μου
1035 3315 1237 3368 ἔσταιὸ
1263 3315 1469 3383 Κύριος
1501 3316 1597 3367 καὶ
1643 3332 1824 3384 παρα-

247 3411 507 3462 σκευάσει
568 3426 633 3478 με
672 3408 747 3477 μὴ
773 3407 1124 3460 αἰσ’)άνεσοαι
1155 3406 1247 3459 τοῦ
1301 3407 1550 3478 τοιούτου
1578 3407 1822 3468 σκότους’

247 3499 304 3567 ἢ,
329 3499 408 3550 ὅτι
456 3500 515 3550 Ei
544 3477 636 3549 καὶ
666 3499 988 3566 ἐσκοτίσυην
1016 3499 1105 3549 τὸν
1137 3495 1283 3561 νοῦν,
1307 3477 1383 3567 tot?)
1401 3495 1542 3567 ξύλῳ
1559 3497 1819 3564 λέγουσα·

247 3592 394 3654 Θεός
447 3608 566 3658 μου
596 3587 650 3643 εἷ
668 3590 748 3643 σύ
775 3606 787 3621 ·
821 3590 912 3641 καὶ
944 3587 1020 3657 τῷ
1055 3588 1209 3656 λίθῳ·
1248 3589 1326 3642 Σύ
1353 3605 1430 3656 με
1454 3587 1789 3656 ἐγέννησας
1810 3603 1823 3614 ·

249 3683 369 3736 ἀλλ’
403 3682 495 3735 οῦν
536 3681 951 3751 φωτισοήσομαι
997 3683 1061 3750 τῇ
1098 3679 1393 3748 ἐπιγνώσει
1423 3678 1520 3732 τοῦ
1570 3677 1828 3749 ἀληθινοῦ

249 3777 386 3830 Θεοῦ
420 3778 513 3828 καὶ
563 3776 793 3846 Πατρός.
849 3776 957 3827 Καὶ
1007 3775 1040 3843 ὴ
1111 3773 1407 3842 Ἐκκλησία
1463 3774 1582 3842 ἐρεῖ
1630 3788 1642 3801 ·
1713 3771 1828 3824 Κᾶν

255 3871 363 3922 ὑπὸ
404 3868 497 3920 τοῦ
525 3869 747 3930 σκότους
773 3868 866 3934 τῆς
905 3865 1177 3936 ἁμαρτίας
1195 3866 1557 3935 κατεχομένη,
1595 3867 1816 3936 σιιορεύο⁸

255 3978 350 4029 μαι
415 3962 471 4010 ἐν
545 3959 705 4026 αὐτῇ,
769 3959 863 4009 καὶ
908 3956 1246 4026 προκύπτω·
1289 3956 1403 4008 ἀλλ’
1484 3957 1513 4007 ὁ
1568 3955 1828 4025 Κύριοςό

252 4053 423 4104 εἰπὼν
441 4067 457 4082 ·
499 4051 642 4114 Ἐγώ
676 4050 790 4116 ειμι
816 4049 880 4099 τὸ
909 4046 1034 4115 φῶς
1056 4046 1162 4100 τοῦ
1185 4047 1438 4114 κόσμου,
1465 4045 1631 4107 αὐτὸς
1667 4045 1824 4096 ἔσται

257 4162 346 4213 μοι
411 4144 547 4211 φῶς.

336 4235 555 4301 Ὀργήν
579 4232 795 4300 Κυρίου
820 4231 1074 4296 ὑποίσω,
1106 4230 1196 4284 ὅτι
1225 4230 1492 4299 ἥμαρτον
1523 4228 1705 4292 αὐτῷ.
1736 4229 1828 4291 Εἰς

253 4327 314 4378 τὸ
350 4324 602 4392 μέγεθος,
638 4323 793 4392 φησὶ,
819 4321 926 4374 τῶν
958 4320 1246 4390 ἁμαρτιῶν
1289 4337 1391 4390 μου
1419 4320 1824 4381 ἀποϐλέπουσα,

255 4417 374 4472 οἶδα
412 4418 510 4486 τῆς
565 4415 838 4484 τιμωρίας
886 4414 947 4464 τὸ
980 4413 1226 4475 δίκαιον,
1277 4412 1371 4463 καὶ
1429 4411 1686 4478 ὑπομενῶ
1733 4410 1830 4480 τὴν

256 4512 430 4581 ὀργὴν
461 4509 553 4561 τοῦ
585 4509 672 4561 διὰ
718 4508 816 4568 τὰς
847 4507 1122 4576 ἁμαρτίας
1185 4503 1502 4566 κολάζοντός
1557 4521 1644 4573 με,
1671 4520 1828 4554 τουτο

253 4605 395 4666 ἐστι,
430 4604 526 4669 τὴν
559 4605 620 4653 ἐκ
651 4603 748 4670 τῆς
813 4601 983 4670 ὀργῆς
1016 4596 1294 4650 παιδείαν.
1330 4597 1402 4648 Οῦ
1433 4597 1538 4664 μὴν
1581 4595 1709 4664 ἄχρι
1742 4596 1828 4645 τὲ-

255 4695 379 4756 λους
414 4696 446 4762 ἠ
475 4692 612 4761 ὀργὴ
636 4691 885 4760 ἐπιμένει
912 4706 925 4719 ⁸
957 4688 1099 4741 ὣστε
1133 4687 1207 4756 μὴ
1240 4688 1512 4756 ἐπίχαιρε.

329 4875 484 4938 Ἕως
515 4867 586 4926 οὗ
611 4868 913 4922 δικαιώσει
954 4868 1070 4934 τὴν
1109 4866 1287 4932 δίκην
1316 4883 1460 4932 μου,
1505 4867 1601 4916 καὶ
1657 4868 1833 4930 ποιή-

257 4983 352 5018 σει
384 4964 450 5017 τὸ
483 4961 658 5030 κρῖμά
680 4979 819 5028 μου,
851 4959 947 5012 καὶ
998 4957 1200 5021 ἐξάξει
1227 4973 1302 5024 με
1323 4959 1410 5021 εἰς
1460 4954 1528 5008 τὸ
1557 4953 1704 5023 φῶς,
1736 4958 1830 5008 καὶ

258 5060 480 5124 ὄψομαι
504 5056 618 5121 τὴν
647 5052 1043 5116 δικαιοσύνην
1070 5046 1281 5102 αὐτοῦ.
1339 5046 1644 5115 ’Δναμενῶ,
1676 5047 1830 5114 φησὶ,

260 5151 353 5202 καὶ
379 5145 656 5216 ὑπομενῶ,
689 5142 1029 5212 κολαζομένη
1055 5141 1141 5194 διὰ
1187 5139 1286 5202 τὰς
1315 5139 1617 5207 ἁμαρτίας,
1640 5138 1742 5198 ἓως
1771 5133 1832 5190 οὗ

259 5260 356 5309 την
381 5240 559 5309 δίκην,
604 5239 670 5306 ἢν
703 5236 810 5306 ἐχω
842 5237 976 5306 πρὸς
1009 5235 1135 5296 τοῦς
1169 5232 1446 5294 Θλίὸοντας
1469 5230 1581 5299 (26)
1617 5247 1704 5298 με,
1752 5230 1833 5281 δι-

262 5333 509 5386 καιώσει.
568 5331 628 5385 Et
655 5330 762 5398 γὰρ
803 5328 898 5378 καὶ
930 5326 1075 5394 αὺτῷ
1110 5325 1549 5393 προσκέκρουκα,
1574 5323 1707 5373 ἀλλὰ
1749 5324 1838 5373 καὶ

263 5427 398 5496 πρὸς
427 5423 665 5484 ἐκείνους
695 5421 802 5489 ἔχω
826 5419 1008 5471 δίκαια
1036 5417 1224 5480 πολλὰ,
1249 5417 1330 5468 ὃτι
1352 5415 1515 5483 μηδὲν
1541 5413 1712 5465 δεινὸν
1744 5413 1833 5464 ὑπ’

339 5587 382 5620 ⁸³
412 5586 552 5640 Joan
584 5601 658 5648 ιι,
687 5584 776 5638 9.5.
855 5584 899 5614 "
922 5581 1120 5637 Jerem.
1158 5595 1221 5644 It,
1251 5581 1343 5634 27.

1931 641 2113 693 omnis
2153 638 2407 693 locanda.
2445 639 2618 693 Amici
2686 639 2867 708 itaque
2907 651 2960 694 ct
3015 639 3314 696 familiares
3355 645 3508 705 κάρη,

1927 732 2128 802 inquit,
2161 730 2407 785 inlideles
2441 745 2601 785 erunt
2630 751 2643 799 ;
2671 742 2726 786 ct
2777 734 2986 788 idcirco
3024 735 3196 797 stulti,
3232 744 3500 802 quotqtiot

1925 835 2074 890 spem
2101 823 2153 875 in
2198 820 2348 874 hisce
2380 821 2610 876 locatam
2652 823 2878 878 habent.
2911 824 3020 891 Ego
3052 839 3178 878 vero
3220 826 3503 878 hominum

1929 913 2211 980 aspiciant,
2247 912 2478 981 ejusque
2520 927 2677 981 opem
2735 914 3091 982 exspectabo,
3142 916 3305 970 nullis
3337 933 3512 984 neque

1929 1004 2202 1074 praefectis
2227 1005 2490 1066 conﬁsus,
2527 1020 2625 1058 nec
2654 1006 2868 1068 amicis,
2892 1021 2990 1058 nec.
3020 1006 3145 1059 aliis
3179 1008 3508 1074 consangui-

1932 1098 2121 1152 nitatis
2159 1098 2376 1152 vinculo
2406 1098 2542 1151 mihi
2568 1098 2904 1166 conjunctis.
2948 1099 3228 1175 Atquc‘ita
3262 1099 3412 1150 ﬁrma
3461 1103 3508 1150 in

1929 1204 2053 1243 eum
2078 1205 2173 1259 spe
2213 1189 2450 1244 deﬁxum
2492 1205 2578 1244 me
2610 1190 2873 1243 Dominus
2911 1191 3182 1247 cmuiliet.
3285 1186 3288 1190 ’

2002 1374 2166 1428 Vens.
2225 1374 2278 1428 8.

1930 1469 2095 1522 cecidi
2124 1477 2171 1521 et
2201 1484 2496 1538 resurgam.
2546 1466 2680 1521 Cum
2717 1467 2767 1521 id
2803 1482 2898 1535 per
2937 1483 3090 1521 suam
3123 1468 3176 1520 in
3207 1466 3313 1520 Deo
3374 1468 3514 1519 titiu-

1930 1560 2069 1612 ciam
2103 1574 2161 1614 se
2190 1567 2546 1614 consecutum
2605 1566 2758 1613 vates
2809 1555 3160 1619 ostendisset,
3218 1568 3274 1610 ut
3331 1558 3398 1611 ab
3453 1577 3514 1608 «ιιι

1931 1652 2287 1706 exaudiretur
2322 1669 2335 1714 ;
2367 1668 2562 1706 rursus
2600 1651 2754 1707 urbis
2789 1650 2922 1705 Sion
2979 1667 3270 1721 personam
3317 1651 3514 1710 induit,

1931 1755 1984 1800 et
2013 1744 2335 1811 ldumaeam,
2379 1744 2780 1809 implacabilem
2823 1746 3110 1812 ipsiusmet
3149 1744 3280 1798 Sion
3328 1745 3508 1796 inimi-

1931 1853 2048 1894 cam
2083 1840 2404 1908 hostemque
2429 1838 2613 1910 315,
2644 1839 2722 1893 sic
2752 1838 2971 1893 otiatur.
3001 1837 3073 1892 Nc
3105 1839 3355 1899 insultes,
3393 1839 3468 1889 ait
3502 1884 3513 1898 ,

1930 1935 2029 1990 etsi
2065 1936 2208 1988 enim
2258 1934 2455 1994 cecidi,
2495 1934 2548 1986 in
2603 1933 2951 1988 calamitates
2999 1932 3265 2001 delapsa,
3324 1947 3515 1984 rursus

1931 2036 2113 2081 tamen
2156 2042 2460 2095 resurgam.
2489 2025 2721 2092 Quidam
2756 2025 2870 2079 haec
2898 2025 2964 2080 ad
3019 2025 3349 2094 Babylonem
3409 2024 3512 2076 dici

1930 2129 2216 2174 autumant
2270 2138 2280 2171 :
2331 2119 2408 2173 Ne
2460 2106 2737 2188 glorieris,
2788 2118 2935 2185 quod
2993 2135 3077 2172 me
3128 2118 3509 2178 viceris-,non

1929 2212 2071 2266 enim
2125 2226 2211 2265 me
2263 2212 2439 2265 vicisti
2507 2220 2655 2265 tuam
2718 2228 2813 2282 per
2861 2213 3190 2282 potentiam;
3245 2210 3338 2264 sed
3387 2211 3512 2278 quia

1927 2320 2028 2374 ego
2064 2321 2092 2358 a
2122 2304 2228 2359 Deo
2253 2305 2669 2373 descivi,_l)eum
2709 2306 2888 2376 ipsum
2913 2306 3147 2376 amplius
3180 2321 3287 2358 non
3311 2319 3513 2373 cogno-

1926 2411 2086 2450 scens
2116 2415 2129 2461 ;
2155 2397 2222 2449 ab
2256 2397 2361 2450 hoc
2393 2403 2573 2450 tamen
2603 2396 2756 2464 lapsu
2794 2411 3096 2468 resurgam.
3164 2395 3364 2448 Verum
3403 2395 3515 2447 liazc

1929 2487 1994 2540 ad
2043 2486 2338 2540 Idumazam
2392 2487 2578 2556 potius
2632 2488 2912 2557 pertinere
2978 2489 3112 2542 milii
3144 2488 3418 2545 videntur.
3461 2497 3517 2539 ut

1928 2597 1992 2636 ex
2031 2581 2099 2635 iis
2127 2596 2249 2649 quae
2307 2581 2539 2641 inferius
2573 2590 2905 2651 sequuntur,
2939 2591 3126 2651 aperte
3156 2581 3348 2650 liquet.
3396 2580 3517 2633 llmc

1926 2683 1978 2726 et
2013 2688 2042 2724 e
2092 2673 2350 2741 gentibus
2407 2673 2646 2727 conﬂata
2701 2673 2945 2728 Ecclesia
2994 2673 3182 2727 dicere
3233 2673 3520 2726 commode

1930 2774 2119 2832 posset
2159 2764 2226 2817 ad
2277 2779 2637 2835 synagogam,
2693 2764 2768 2820 Ne
2829 2766 3087 2830 insultes,
3119 2766 3341 2820 inimica
3376 2781 3515 2825 mea,

1926 2869 2050 2922 quae
2098 2865 2287 2924 gentes
2348 2856 2477 2910 odio
2511 2855 2918 2921 liabes;cecidi
2974 2857 3122 2911 enim
3175 2859 3415 2926 peccatis
3467 2867 3520 2911 et

1927 2947 2235 3016 impietate;
2264 2948 2356 3001 sed
2392 2949 2458 3002 ad
2486 2948 2792 3012 Christum,
2822 2950 2915 3017 qui
2938 2951 3271 3004 resurrecuo
3293 2957 3402 3011 est,
3436 2966 3523 3002 ηιιι

1925 3049 2261 3103 convertam,
2289 3047 2454 3109 atque
2486 3055 2770 3109 resurgam
2803 3041 2870 3092 “.

1997 3133 2136 3199 Quia
2160 3135 2204 3186 si
2235 3133 2572 3187 ambulavero
2605 3136 2656 3186 in
2691 3134 2939 3196 tenebris,
2969 3134 3228 3189 Dominus
3255 3139 3348 3187 tua:
3380 3153 3512 3189 mea.

1934 3224 1993 3278 Si
2021 3225 2284 3278 nimirum
2327 3226 2378 3278 in
2432 3226 2804 3278 calamitatum
2862 3226 3335 3296 aﬂlictionumque
3365 3238 3519 3282 teuc-

1933 3316 2047 3370 bris
2099 3315 2400 3377 versabor,
2457 3316 2600 3370 Deus
2638 3318 2771 3371 mihi
2831 3318 2920 3372 lux
2953 3319 3074 3383 erit,
3111 3321 3411 3387 eﬂicietque
3464 3335 3521 3374 ut

1941 3405 2212 3468 ejusmodi
2251 3407 2596 3460 tenebrarum
2637 3407 2980 3461 incommoda
3011 3411 3234 3462 minime
3259 3413 3514 3464 sentiam.

1934 3495 2030 3551 Vel
2067 3511 2264 3551 sensus
2293 3505 2418 3551 est:
2457 3496 2513 3550 Si
2548 3498 2792 3551 tenebris
2821 3499 3057 3553 obducta
3081 3515 3200 3554 mea
3239 3515 3391 3556 mens
3410 3512 3519 3558 est.

1932 3587 2078 3654 ligno
2109 3587 2299 3641 dicens
2333 3605 2346 3634 ξ
2385 3590 2522 3640 heus
2582 3604 2727 3641 meus
2776 3605 2830 3640 es
2875 3599 2954 3652 tu,
2985 3598 3040 3642 et
3084 3590 3269 3658 lapidi,
3309 3591 3384 3644 Tu
3444 3611 3522 3645 me

1933 3679 2129 3732 creasti
2177 3679 2223 3708 "
2257 3695 2272 3743 ;
2307 3679 2416 3732 veri
2445 3687 2624 3732 tamen
2653 3678 2744 3732 Dei
2777 3694 2840 3734 ac
2858 3677 3035 3734 Patris
3065 3681 3376 3750 cognitione
3395 3696 3518 3749 per-

1935 3770 2055 3826 fusa
2126 3772 2496 3824 illuminabor.
2556 3770 2799 3826 Ecclesia
2869 3787 3085 3841 quoque
3145 3772 3289 3827 dicet
3337 3790 3350 3824 :
3408 3771 3519 3825 Etsi

1937 3865 2145 3932 peccati
2211 3865 2457 3918 tenebris
2522 3863 2801 3928 obvoluta,
2854 3865 2905 3917 in
2961 3874 3192 3934 peccato
3246 3866 3366 3934 ipso
3401 3880 3520 3918 am-

1936 3955 2154 4015 bulem.
2220 3963 2275 4007 et
2339 3955 2628 4024 iniquitate
2706 3955 3024 4024 proficiam;
3103 3964 3342 4009 attamen
3415 3956 3518 4011 Do-

1933 4048 2125 4115 .ntiuus
2158 4047 2249 4104 uui
2287 4047 2440 4107 dixit.
2485 4047 2595 4117 Ego
2639 4065 2753 4100 sum
2795 4050 2887 4101 lux
2943 4051 3125 4102 mundi
3147 4051 3211 4110 ³⁸,
3249 4051 3338 4103 lux
3387 4050 3516 4102 inibi

1930 4139 2053 4194 erit.

2010 4231 2172 4286 Vsus.
2213 4234 2265 4286 9.
2303 4231 2452 4285 Iram
2495 4233 2707 4286 Domini
2742 4235 3028 4300 sustinebo,
3065 4237 3190 4304 quia
3222 4238 3515 4303 peccavici.

1937 4322 2199 4386 Meorum,
2249 4324 2444 4392 inquit,
2489 4325 2759 4378 scelerum
2821 4325 3250 4395 magnitudinem
3303 4343 3517 4381 mecum

1939 4416 2053 4482 ipse
2113 4417 2492 4481 considerans,
2587 4421 2711 4472 novi
2774 4422 3165 4490 supplic'orum
3249 4423 3516 4490 justitiam

1937 4508 2367 4574 :equitatemque
2398 4526 2411 4573 ;
2443 4520 2730 4579 propterea
2774 4512 2910 4565 iram
2942 4513 3062 4581 ejus
3095 4517 3514 4582 (correctionem

1940 4600 2146 4652 scilicet
2181 4603 2248 4652 ab
2285 4601 2363 4654 ira
2412 4602 2734 4670 prolectant)
2785 4602 3090 4666 sustinebo,
3152 4604 3244 4672 qui
3299 4615 3517 4673 propter

1942 4703 2161 4758 peccata
2205 4707 2289 4742 me
2319 4693 2521 4761 plectit.
2556 4692 2679 4747 Haec
2710 4703 2888 4747 tamen
2936 4695 3014 4746 ira
3053 4695 3194 4747 haud
3228 4695 3278 4746 in
3323 4712 3515 4765 perpe-

1943 4794 2092 4836 tuum
2136 4785 2394 4839 manebit.
2424 4784 2605 4850 Quare
2641 4803 2706 4840 ne
2737 4786 2987 4841 insultes.

2019 4872 2190 4924 Donec
2215 4874 2323 4937 ipse
2365 4875 2625 4941 justi/iuet
2655 4892 2897 4941 causam,
2933 4886 2983 4929 et
3045 4878 3206 4945 faciet
3246 4881 3514 4946 judicium

1946 4978 2116 5013 meum
2153 4973 2202 5014 et
2254 4963 2438 5015 educet
2508 4980 2589 5016 me
2634 4965 2688 5017 in
2720 4965 2910 5027 lucem,
2953 4976 3003 5019 et
3039 4968 3220 5020 videbo
3245 4970 3514 5035 justitiam

1933 5056 2072 5122 ejus.
2117 5054 2414 5119 Perferam,
2476 5058 2672 5126 inquit,
2740 5067 2793 5111 et
2836 5061 3118 5114 sustinebo
3166 5063 3513 5130 supplicium,

1944 5158 2060 5197 mea
2089 5147 2157 5195 ob
2186 5144 2385 5213 ﬂagitia
2429 5147 2559 5200 mihi
2597 5148 2881 5209 inllictum,
2910 5151 3089 5218 quoad
3126 5151 3239 5219 ipse
3272 5167 3511 5213 causam,

1941 5251 2058 5298 qua:
2092 5236 2366 5289 mihicum
2399 5238 2763 5305 amigentibus
2797 5254 2882 5292 me
2917 5239 3157 5295 inimicis
3188 5241 3511 5308 est,justam

1944 5334 1995 5377 et
2025 5340 2234 5392 aequant
2263 5341 2385 5380 esse
2438 5327 2645 5392 judicio
2703 5343 2805 5382 suo
2838 5329 3141 5384 confirmet.
3194 5330 3307 5384 Etsi
3366 5332 3510 5383 enim

1945 5431 2066 5468 eum
2105 5417 2322 5484 injuriis
2359 5420 2633 5484 lacessivi,
2665 5420 2795 5476 mihi
2826 5430 3002 5478 tamen
3043 5437 3167 5476 cum
3191 5423 3296 5476 illis
3327 5423 3507 5476 admo-

2347 1373 2429 1428 Νε
2478 1374 2700 1426 insultes
2757 1373 2905 1439 mihi,
2942 1375 3158 1426 inimica
3195 1391 3330 1433 mea,
3392 1378 3516 1441 quia

1420 5579 1467 5611 “
1501 5577 1658 5634 Josn.
1693 5595 1811 5642 vui,
1851 5579 1935 5632 Β.

1454 5691 1656 5753 Variis
1704 5691 2005 5753 lectiones
2050 5703 2109 5754 et
2157 5702 2343 5754 notae.

341 5828 450 5893 (ει,
483 5828 555 5879 Οὐ
593 5826 698 5894 γὰρ
727 5829 790 5891 τῇ
823 5828 883 5892 σῇ
912 5825 1159 5894 δυνάμει.
1188 5824 1320 5876 Cod.
1357 5821 1486 5876 Ven.

340 5898 448 5966 (25)
480 5893 677 5960 Αὐτὸν,
701 5898 889 5961 ipsum.
917 5895 1048 5950 Cod.
1086 5893 1215 5947 Ven.

2011 5825 2118 5880 (‘16)
2146 5823 2217 5873 9r
2234 5824 2504 5886 ρεύοντας.
2535 5823 2666 5875 Cod.
2696 5823 2791 5875 lim
