4232 6440
229 391 366 456 120‘)

1037 391 1214 450 VITA
1249 392 1312 451 S.
1343 391 1774 452 CLEMENTIS
1813 391 2226 451 BULGARIE
2260 388 2613 450 ARClIlEP.

3335 379 3477 444 1210

222 512 319 566 καὶ
352 506 490 563 εἶναι
519 507 708 562 τούτου
742 507 915 562 αἴτιον
948 510 1042 562 καὶ
1083 509 1350 578 προϐολέα
1399 509 1490 561 τὸν
1530 507 1623 563 105
1669 505 1798 560 Υἱοῦ
1833 516 1874 571 Α

1833 516 1874 571 Α
1905 510 2192 564 ductorem
2229 505 2604 569 credidimus;
2646 502 2796 557 illum
2831 502 2995 556 etiam
3042 514 3164 555 esse
3206 497 3326 554 Filii
3357 514 3480 567 pro.

223 604 528 672 γεννήτορα
562 601 1010 671 πεπιστεύκαμεν
1044 617 1058 631 ⁸
1087 596 1228 654 εἶναι
1266 601 1324 653 δὲ
1379 602 1472 654 καὶ
1529 600 1623 653 105
1672 597 1803 652 Υἱοῦ

220 698 424 749 οἰκεῖον
457 694 551 747 καὶ
585 693 650 746 δι’
689 692 856 746 αὐτοῦ
889 691 1247 762 χορηγεῖσθαι
1287 695 1400 754 τοῖς
1440 691 1612 754 ἀξίοις
1669 692 1804 744 ἑκά·

223 806 380 842 στοτε
414 804 426 818 ⁸
454 787 644 856 ἕτερον
671 787 729 840 δὲ
759 786 822 839 τὸ
879 786 1302 856 ἐκπορεύεσθαι,
1367 785 1460 837 καὶ
1505 785 1692 852 ἕτερον
1745 783 1806 836 τδ

220 879 580 953 χορηγεῖσθαι
613 896 627 911 ⁸
665 879 727 932 τὸ
764 879 863 948 μὲν
891 881 999 946 γὰρ
1028 877 1120 952 105
1152 877 1270 939 πῶς
1305 873 1446 930 εἶναι
1473 876 1533 930 τὸ
1586 876 1807 943 Πνεῦμα

220 970 640 1039 ὲκφαντορικδν,
669 969 744 1031 ὡς
770 968 880 1038 γὰρ
911 970 940 1022 ὁ
976 969 1103 1028 Υἱός
1147 969 1294 1021 ἐστιν
1343 969 1406 1018 ἐκ
1446 965 1540 1019 105
1597 967 1808 1036 Πατρδς

219 1063 507 1132 γεννητὸς.
531 1061 678 1115 οὕτω
713 1063 808 1114 καὶ
831 1059 894 1113 τὸ
944 1059 1169 1130 Πνεῦμα
1206 1059 1540 1130 ἐκπορεύτὸν
1564 1074 1578 1086 ⁸
1626 1059 1686 1111 τὸ
1750 1058 1806 1110 δὲ

218 1153 581 1224 χορηγεῖσθαι
612 1153 674 1208 οὐ
707 1152 767 1205 τὸ
797 1151 910 1214 πῶς
947 1149 1087 1204 εἶναι
1118 1151 1288 1221 δηλοῖ,
1314 1150 1448 1204 ἀλλὰ
1477 1149 1807 1218 πλουτισμδν

221 1243 685 1298 ἑνδείκνυταικαὶ
724 1243 981 1297 διάδοσιν.
1015 1243 1125 1297 Καὶ
1148 1242 1236 1296 ἵνα
1275 1240 1678 1311 παραδείγματι
1702 1257 1808 1292 τινι

217 1339 316 1392 τὸν
347 1339 528 1405 λόγον,
562 1337 638 1395 ὡς
699 1337 953 1405 ἐγχωρεῖ,
1004 1335 1355 1406 φωτίσωμεν,
1402 1335 1654 1404 ὲννόησὸν
1719 1349 1809 1402 μοι

222 1429 458 1499 βασιλέα
491 1427 614 1480 τινὰ
652 1426 882 1480 πλοῦτον
918 1426 1060 1496 μάλα
1095 1425 1262 1480 πολὺν
1317 1427 1381 1478 ὲκ
1429 1426 1538 1478 τῶν
1592 1423 1810 1477 οἰκείων

222 1519 524 1589 θησαυρῶν
557 1517 1025 1588 προϐαλλόμενον,
1077 1517 1270 1569 τοῦτον
1289 1516 1346 1570 δὲ
1370 1515 1461 1570 τὸν
1495 1515 1608 1568 νίδν
1630 1530 1810 1580 παρα-

219 1612 458 1664 λαϐόντα
479 1611 677 1665 οίκεῖόν
710 1627 770 1664 τε
809 1608 976 1663 αὑτοῦ
1024 1611 1169 1680 ἔχειν
1208 1610 1303 1663 καὶ
1365 1608 1645 1675 διανέμειν
1697 1608 1809 1668 τοῖς

219 1702 614 1770 εὐαρεστοῖηιν
643 1701 792 1770 αύτῷ
816 1717 829 1732 ⁸
864 1701 1115 1770 βασιλεὺς
1135 1701 1164 1752 ὁ
1187 1701 1377 1768 Πατήρ
1410 1715 1428 1731 ⁸
1455 1697 1704 1760 πλοῦτος,
1733 1697 1809 1759 ὡς

220 1797 284 1846 ἐν
313 1793 482 1844 είκὸνι
505 1793 691 1859 φάναι,
715 1792 777 1844 τὸ
809 1791 1036 1860 Πνεῦμα
1057 1793 1122 1845 ὲκ
1147 1790 1256 1844 τῶν
1285 1791 1378 1845 105
1401 1789 1612 1862 Πατρδς
1635 1789 1809 1860 ἁρῤήο

1911 602 2088 671 prium
2124 609 2176 654 et
2207 612 2425 668 semper
2473 597 2542 650 ah
2592 597 2711 664 ipso
2756 595 2821 648 ad
2858 594 3053 655 dignos
3105 591 3279 655 mitti;
3330 588 3477 642 alittd

1909 704 2088 749 autem
2121 708 2246 746 esse
2279 691 2576 761 procedere
2606 699 2766 754 atque
2797 685 2942 740 aliud
2987 684 3162 742 mitti;
3194 682 3326 735 illtnl
3355 699 3480 746 qu-t-

1908 788 2032 842 dcm
2065 786 2131 840 ad
2165 785 2566 852 expositionem
2595 783 2864 852 mysterii,
2903 777 3181 845 quomodo
3209 775 3278 827 sit
3313 775 3480 839 perii-

1912 894 2041 932 nere
2074 879 2340 947 Spiritus,
2369 875 2661 945 siquidem,
2690 870 3152 938 qnetnadmmlum
3192 866 3362 919 Filius
3400 872 3481 915 est

1909 987 1974 1027 ex
2009 969 2166 1025 Patre
2202 969 2443 1039 genitus,
2481 969 2553 1022 ita
2606 977 2655 1020 et
2702 964 2938 1032 Spiritus
2971 961 3306 1032 procedens;
3352 957 3484 1010 mis-

1911 1065 2122 1120 sionem
2153 1079 2306 1128 vero,
2357 1061 2635 1131 quomodo
2687 1059 2760 1113 sit
2815 1066 3035 1118 natura,
3093 1069 3200 1107 non
3257 1051 3486 1104 demon-

1911 1168 2108 1222 strare,
2172 1159 2266 1213 sed
2321 1156 2575 1212 ditatoris
2642 1149 3155 1219 dispensatorisque
3214 1143 3483 1197 actionem

1910 1251 2224 1306 ostendere.
2283 1243 2463 1318 thue
2517 1260 2657 1308 rem,
2721 1244 2864 1296 sicut
2917 1241 3086 1303 licet,
3143 1237 3484 1290 illnstremus

1911 1342 2198 1412 exelnplo;
2237 1348 2366 1410 puta
2397 1338 2693 1408 quemdam
2727 1349 2906 1404 regem
2941 1349 3003 1386 ex
3039 1331 3160 1386 suis
3208 1324 3487 1380 thesauris

1911 1431 2133 1487 divitias
2176 1431 2378 1483 multas
2418 1427 2818 1495 expandentem
2845 1465 2860 1488 ,
2908 1423 3027 1491 ejus
3080 1429 3260 1472 autem
3317 1416 3485 1468 tilium

1912 1525 1993 1582 sic
2043 1539 2138 1579 eas
2185 1523 2568 1589 accipientem,
2615 1528 2675 1574 ut
2718 1518 2894 1588 ipsius
2947 1517 3019 1569 sit
3063 1512 3341 1582 proprium
3394 1523 3487 1560 cas

1913 1618 2117 1673 habere
2167 1616 2606 1684 distribuereqne
2663 1610 3007 1682 placentihus
3054 1607 3157 1675 ipsi
3202 1622 3215 1658 :
3254 1602 3363 1655 Rex
3406 1606 3489 1652 cst

1915 1709 2111 1773 Pater;
2145 1709 2351 1762 divitia:
2381 1749 2395 1773 ,
2445 1716 2502 1761 ut
2553 1706 2781 1777 ﬁgurate
2835 1703 3068 1771 loquar,
3115 1707 3198 1751 est
3244 1694 3486 1762 Spiritus

1917 1801 2288 1857 inelTabilihus
2339 1817 2406 1856 ex
2465 1801 2742 1854 thesauris
2823 1797 3000 1850 Patris
3084 1794 3487 1861 depromplus;

221 1903 335 1937 των
363 1883 653 1954 θησαυρῶν
695 1883 1002 1953 προδληθέν
1030 1899 1045 1916 ⁸
1075 1883 1189 1946 υίὸς
1214 1883 1476 1953 βασιλέως
1508 1884 1535 1935 ὁ
1566 1883 1660 1934 τοῦ
1692 1882 1807 1934 Πα-
1843 1887 1882 1941 Β

1843 1887 1882 1941 Β
1917 1893 2063 1949 lilius
2112 1894 2259 1963 regis
2293 1901 2379 1948 cst
2432 1891 2610 1946 Patris
2655 1891 2866 1951 Filius,
2909 1888 3064 1957 cujus
3109 1894 3189 1938 cst
3249 1880 3488 1950 Spiritus

219 1978 354 2048 τρὶς
417 1977 564 2043 Υἱὸς,
623 1971 685 2029 οὗ
737 1977 796 2030 τὸ
837 1977 1084 2047 Πνεῦμα,
1143 1978 1237 2030 καὶ
1266 1978 1336 2031 δι’
1373 1971 1435 2030 05
1465 1976 1806 2046 χορηγεῖται.

233 2071 433 2138 Ὁρᾶτε
473 2070 532 2120 τὸ
582 2069 826 2138 Πνεῦμα,
864 2070 981 2133 πῶς
1015 2072 1178 2139 ἡμεῖς
1208 2055 1452 2139 οἴδαμεν,
1497 2069 1559 2122 ού
1609 2083 1812 2139 προερ-

221 2161 490 2230 χόμενον,
523 2160 590 2214 δι’
621 2161 750 2214 Υἱοῦ
781 2163 836 2214 δὲ
877 2161 1308 2233 χορηγούμενον.
1356 2163 1417 2216 Et
1446 2162 1503 2215 δὲ
1533 2162 1596 2215 τὸ
1634 2164 1814 2230 ἐμφυ-

224 2255 393 2320 σῆσαι
421 2253 512 2306 τὸν
543 2252 675 2306 Υἱὸν
698 2255 813 2316 τοῖς
844 2254 1168 2318 ἀποστόλοις
1215 2257 1308 2308 καὶ
1359 2256 1558 2318 εἰπεῖν,
1602 2252 1812 2307 Λάϐετε

227 2343 458 2411 Πνεῦμα
495 2344 674 2412 ἅγιοι,
703 2345 860 2398 10516
887 2363 944 2428 σε
979 2348 1261 2417 ταράττει,
1304 2348 1521 2417 παχέως
1560 2348 1674 2408 τοῖς
1709 2345 1812 2400 Εὖ-

222 2436 504 2506 αγγελὲοις
533 2437 842 2507 ὡμίλησας.
873 2437 1137 2508 Χάρισμα
1180 2439 1288 2507 γὰρ
1327 2442 1441 2504 τοῖς
1490 2438 1812 2501 ἀποστόλοις

221 2531 284 2582 ἓν
315 2530 428 2583 τῶν
460 2529 554 2581 τοῦ
581 2528 903 2598 Πνεύματος
937 2529 1162 2591 δέδωκε,
1193 2529 1252 2584 τὸ
1275 2533 1376 2601 τῆς
1422 2531 1672 2600 ἀφέσεως
1703 2532 1814 2586 τῶν

223 2622 538 2689 ἁμαρτιῶν,
569 2621 642 2683 ὡς
668 2621 822 2690 δηλοῖ
866 2623 978 2682 τοῖς
1021 2619 1148 2690 ἑξῆς
1179 2639 1193 2654 ⁸
1253 2622 1546 2692 πνεύματα
1605 2624 1662 2676 δὲ
1714 2623 1814 2685 τὰς

225 2712 510 2780 ἐνεργείας
543 2712 638 2766 105
671 2713 990 2782 Πνεύματος
1018 2715 1111 2766 καὶ
1142 2712 1221 2783 τῷ
1266 2713 1465 2785 Ἡσαΐᾳ
1509 2714 1666 2781 φίλον
1710 2731 1812 2767 κα-

225 2808 384 2859 λεῖν·
445 2806 562 2860 ἀλλ’
629 2807 727 2860 οὐκ
775 2806 908 2860 αὐτὸ
969 2805 1030 2860 τὸ
1091 2805 1317 2876 Πνεῦμα
1361 2805 1664 2876 τηνικαῦτα
1701 2807 1814 2868 τοῖς

229 2897 505 2968 μαθηταῖς
539 2897 850 2965 ἐχαρίσατο.
895 2896 1066 2965 Δῆλον
1089 2897 1145 2951 δέ
1171 2913 1184 2926 ⁸
1219 2897 1484 2967 καὶγὰρ,
1518 2899 1565 2951 εί
1600 2899 1718 2950 τότε
1753 2897 1816 2950 τδ

228 2988 456 3057 Πνεῦμα
493 2988 748 3051 δέδωκεν,
782 2991 816 3059 ἢ
859 2989 1095 3058 περισσὴ
1117 2988 1306 3042 λοιπὸν
1333 2991 1367 3059 ἡ
1425 2991 1482 3043 ὲν
1507 2993 1571 3060 τῇ
1609 3007 1813 3060 πεντη-

227 3084 400 3151 κοστῇ
434 3081 624 3134 τούτου
648 3082 893 3145 κάθοδος,
916 3083 946 3151 ἢ
969 3082 1130 3137 ἄλλου
1150 3084 1478 3153 πνεύματος,
1510 3086 1556 3136 ει
1585 3083 1659 3152 μὴ
1685 3097 1816 3152 περ·

231 3175 380 3241 ισσὴ.
411 3173 566 3225 Ποῖον
586 3168 678 3224 οὖν
699 3173 856 3226 τοῦτο
875 3189 890 3240 ;
910 3171 997 3234 Ὠς
1016 3170 1160 3243 εἶχεν
1181 3177 1212 3246 ή
1232 3175 1550 3245 Ἐκκλησία,
1580 3175 1636 3228 ἓν
1662 3176 1817 3242 ἅγιον

229 3263 614 3334 πρεσϐεύουσα
641 3265 914 3331 φαίνεται.
944 3267 1006 3318 Et
1027 3265 1081 3319 δὲ
1126 3266 1220 3320 δύο
1251 3263 1388 3328 εἶεν,
1422 3268 1684 3337 ὁπότερον
1723 3261 1814 3318 οἷν

226 3359 440 3410 τούτων
475 3359 573 3426 οὐχ
602 3358 776 3422 ἄγνονς
801 3357 862 3410 Εἰ
881 3358 1060 3410 τοίνυν
1080 3360 1141 3412 τὸ
1161 3359 1317 3428 ἅγιον
1335 3361 1419 3412 διὰ
1443 3360 1537 3414 105
1563 3361 1813 3428 ἐμφυσή-

233 3467 434 3520 ματος,
470 3450 562 3503 καὶ
585 3451 613 3502 ὀ
636 3450 841 3519 Κύριος
866 3450 1096 3503 δέδωκεν
1119 3452 1252 3505 αὐτὸ
1277 3455 1471 3516 ἐκεῖνο,
1491 3453 1604 3506 ἀλλ’
1635 3454 1732 3522 οὐχ
1760 3451 1818 3505 ’ἐν

233 3545 609 3613 πνευματικὸν
631 3543 899 3613 χάρισμα,
925 3544 985 3596 τὸ
1008 3545 1272 3597 κατελθὸν
1321 3547 1381 3598 ἐν
1428 3549 1494 3615 τῇ
1552 3563 1818 3614 πεντηκο-

235 3639 367 3706 στῇ,
402 3637 564 3704 δῆλον
602 3637 678 3700 ὡς
712 3637 808 3704 οὐκ
853 3637 1009 3704 ἅγιον
1037 3650 1053 3666 ⁸
1083 3635 1200 3689 ἀλλ’
1253 3637 1335 3697 είς
1381 3637 1624 3704 κεφαλὰς
1665 3636 1820 3706 ὑμῶν

232 3729 295 3782 τὸ
327 3729 648 3798 βλάσφημον
685 3729 972 3797 τράποιτο.
1001 3728 1107 3781 Δύο
1133 3729 1190 3782 δὲ
1219 3729 1504 3792 ποιοῦντες
1535 3731 1692 3797 ὑμεῖς
1721 3731 1821 3798 ἀρ-

233 3824 358 3892 χὰς,
395 3819 488 3872 105
524 3819 622 3888 μὲν
651 3819 780 3871 Tia?)
810 3819 1154 3890 τδνΠατέρα.
1189 3818 1287 3872 τοῦ
1307 3819 1361 3872 δὲ
1391 3821 1707 3890 Πνεύματος
1733 3820 1824 3872 τδν

235 3912 389 3974 Υἱὺν,
409 3911 575 3980 ἄλλην
597 3909 720 3963 τινὰ
757 3911 958 3979 μανίαν
991 3911 1320 3981 μανιχαῖκὴν
1344 3911 1626 3980 μαίνεσθε.
1663 3911 1824 3980 ’Πμῖν

235 4007 293 4059 δὲ
323 4001 404 4066 εἷς
447 4004 546 4073 μὲν
581 4002 736 4062 Θεὸς,
777 4000 876 4071 μία
903 4002 962 4054 δὲ
992 4000 1101 4053 τῶν
1137 4001 1193 4066 ἐξ
1231 3999 1395 4054 αὐτοῦ
1427 4001 1592 4072 ἁρχὴ,
1631 4004 1660 4054 ὁ
1711 4002 1823 4054 Πα-

236 4099 343 4168 τήρ
368 4113 381 4124 ⁸
411 4095 506 4148 τοῦ
537 4095 636 4164 μὲν
659 4094 793 4146 Υἱοῦ
827 4094 1040 4163 Πατὴρ,
1083 4093 1178 4146 105
1215 4093 1273 4146 δὲ
1316 4093 1632 4161 Πνεύματσς
1688 4111 1824 4163 προσ

239 4186 431 4250 δολεύς
457 4203 470 4216 ⁸
514 4187 702 4255 ὥσπερ
719 4185 812 4239 οὖν
845 4187 940 4238 καὶ
973 4181 1053 4248 εἷς
1086 4185 1240 4256 ἥλιος
1262 4185 1527 4256 ἀρχὴτῆς
1557 4203 1621 4256 τε,
1670 4187 1824 4239 ἀκτῖ-

240 4294 332 4340 νος
365 4279 456 4329 καὶ
495 4277 592 4345 τῆς
609 4275 870 4346 λάμψεως
892 4273 1005 4327 εἴτε
1034 4275 1303 4342 θάλψεως.
1339 4276 1416 4345 Τῇ
1441 4277 1619 4329 τοίνυν
1646 4278 1825 4330 ὀικτῖνι

242 4371 337 4423 καὶ
371 4368 626 4436 meum;
675 4367 892 4419 σύνεστι
947 4368 1058 4420 εἴτε
1106 4366 1324 4436 θάλψις,
1380 4367 1571 4438 ὥσπερ
1603 4370 1698 4422 καὶ
1749 4369 1827 4439 τῷ

242 4459 359 4527 ΥΞῷ
387 4460 445 4512 τὸ
481 4459 726 4528 Πνεῦμα,
789 4460 884 4511 καὶ
915 4459 1013 4528 τῆς
1073 4461 1290 4522 ἀκτῖνος
1330 4461 1364 4528 ἡ
1403 4460 1606 4530 λάμνᾷις
1656 4462 1821 4527 ἐστὶν,

1914 1995 1966 2041 et
2001 2001 2096 2054 per
2120 2000 2282 2056 quem
2314 1984 2571 2040 mittitur.
2604 1981 2813 2037 Videtis
2857 1980 3123 2050 Spiritum
3148 2018 3162 2037 ,
3216 1975 3354 2030 sicut
3390 1986 3490 2025 nos

1915 2078 2324 2145 cngitosciinus.
2356 2091 2466 2130 non
2498 2093 2562 2130 ex
2595 2074 2734 2128 Filio
2765 2073 3083 2142 procedere,
3117 2069 3211 2123 sed
3258 2066 3326 2118 ah
3373 2065 3492 2132 ipso

1913 2171 2080 2226 mitti.
2115 2171 2170 2225 Si
2203 2186 2332 2225 vero
2364 2168 2507 2238 quod
2539 2167 2710 2222 Filius
2745 2165 3104 2220 insulilaverit
3150 2176 3314 2229 super
3360 2173 3494 2227 apo-

1917 2265 2093 2322 stolos
2127 2272 2181 2318 et
2213 2263 2415 2318 dixerit
2453 2281 2467 2317 :
2499 2261 2746 2331 Accipite
2776 2258 3040 2328 Spiritum
3075 2263 3348 2311 sanctum.
3389 2251 3491 2303 huc

1914 2367 1966 2414 te
1998 2357 2314 2414 conturbat.
2350 2355 2648 2424 evangeliis
2693 2368 2878 2406 crasse
2930 2347 3254 2403 assuevisti.
3311 2341 3490 2397 Unum

1914 2449 2118 2520 quippe
2143 2465 2209 2502 ex
2240 2447 2483 2517 Spiritus
2519 2444 2698 2500 sancti
2731 2442 3048 2499 muneribus
3093 2438 3241 2493 dedit
3277 2445 3496 2502 aposto-

1915 2543 2016 2608 lis,
2059 2543 2264 2595 donum
2300 2537 2616 2594 reniittendi
2648 2543 2896 2608 peccata,
2934 2543 2993 2588 ut
3025 2549 3088 2586 ex
3131 2529 3494 2599 SBtllll‘lililiUS

1916 2647 2062 2710 patet
2109 2655 2122 2691 :
2172 2635 2417 2706 Spiritus
2469 2643 2650 2688 autem
2705 2646 2903 2686 vocare
2963 2628 3195 2683 virtutes
3257 2625 3496 2692 Spiritus

1922 2730 2098 2785 sancti
2132 2727 2285 2783 Isaiae
2325 2741 2542 2797 quoque
2580 2725 2824 2779 solemne
2854 2731 2937 2775 est
2971 2739 2984 2774 :
3016 2720 3107 2774 sed
3157 2733 3268 2772 non
3314 2717 3493 2786 ipsum

1918 2823 2182 2892 Spiritum
2217 2829 2346 2874 tunc
2380 2818 2672 2888 discipulis
2699 2815 3042 2884 gratiﬁcatns
3089 2820 3194 2867 est.
3248 2809 3366 2864 Hoc
3412 2814 3499 2862 est.

1916 2913 2189 2975 evidens;
2253 2924 2512 2978 namque.
2575 2908 2621 2962 si
2675 2917 2803 2960 tunc
2859 2904 3124 2974 Spiritum
3176 2899 3360 2962 dedit,
3412 2895 3496 2952 vtl

1917 3006 2145 3076 posthac
2193 3015 2532 3074 supervacua
2588 3001 2688 3055 fuit
2750 3000 2802 3053 in
2846 2997 2935 3050 die
2981 2997 3327 3051 Pentecosms
3377 2989 3498 3054 eius

1915 3096 2240 3160 descensio,
2309 3093 2394 3148 vel
2463 3093 2508 3147 si
2571 3106 2678 3145 non
2741 3101 3123 3158 supervacua,
3198 3085 3338 3138 alius
3396 3081 3498 3136 l‘nit

1920 3190 2182 3260 Spiritus.
2236 3187 2496 3252 Quisnam
2547 3183 2712 3252 igitur
2752 3181 2901 3236 iste?
2964 3179 3117 3234 Sicut
3168 3176 3340 3232 tenuit
3389 3173 3466 3228 Ec

1919 3281 2108 3343 clesia,
2175 3280 2350 3333 scitur
2397 3292 2568 3331 unum
2627 3284 2877 3329 sanctum
2934 3289 3056 3329 esse
3109 3279 3384 3324 venerata.
3438 3265 3498 3320 Si

1923 3387 2052 3425 vero
2087 3371 2198 3424 duo
2231 3378 2440 3432 essent,
2478 3379 2601 3420 uter
2635 3367 2803 3436 igitur
2836 3380 3024 3418 eorum
3059 3379 3164 3416 non
3197 3370 3343 3416 esset
3372 3375 3500 3414 san-

1923 3463 2084 3517 ctus?
2135 3461 2192 3515 Si
2251 3470 2475 3515 sanctus
2520 3457 2624 3512 fuit
2673 3459 2761 3510 ille
2808 3473 2904 3526 per
2945 3455 3394 3513 insnlllationem,
3446 3459 3501 3506 et

1924 3556 2077 3609 illum
2109 3553 2324 3623 ipsum;
2359 3567 2464 3604 non
2493 3558 2672 3604 autem
2693 3565 2862 3604 unum
2893 3548 3174 3616 spirituale
3199 3547 3496 3599 charisma.

1925 3647 2188 3701 Dominus
2219 3644 2394 3705 dedit,
2430 3646 2594 3695 istum
2625 3642 2718 3711 qui
2757 3641 2903 3694 venit
2936 3640 2989 3692 in
3024 3639 3112 3691 die
3143 3637 3500 3691 Pentecostes

1924 3754 2032 3794 non
2069 3751 2194 3792 esse
2228 3743 2478 3790 sanctum
2515 3742 2682 3801 patet.
2721 3733 2818 3787 Ast
2860 3733 2912 3786 in
2947 3732 3125 3800 capita
3151 3737 3330 3783 vestra
3350 3730 3499 3781 litas-

1931 3829 2151 3899 phemia
2180 3835 2550 3880 convertatur.
2579 3823 2689 3877 Vos
2712 3831 2890 3876 autem
2919 3823 3028 3875 duo
3049 3821 3312 3873 l'aeicntcs
3346 3821 3501 3886 prin-

1925 3921 2104 3989 cipia;
2150 3917 2270 3972 Filii
2304 3917 2521 3987 quidem
2560 3913 2798 3979 Patrem,
2849 3913 3087 3982 Spiritus
3119 3925 3248 3964 vero
3278 3909 3498 3973 Filium,

1925 4013 2085 4066 altam
2119 4012 2383 4065 insaniam
2439 4025 2560 4078 quae
2620 4017 2705 4063 est
2757 4007 3179 4061 Manichmorum
3227 4002 3498 4056 insanitis.

1926 4103 2096 4158 Nohis
2133 4121 2276 4159 unus
2313 4103 2476 4167 Deus,
2503 4111 2766 4158 eteorum
2802 4101 2892 4169 qtti
2923 4101 2988 4153 de
3025 4101 3141 4168 ipso
3175 4105 3300 4151 sunt
3333 4110 3498 4148 unum

1929 4197 2282 4267 principium,
2324 4195 2521 4259 Pater;
2565 4204 2723 4264 pater
2751 4194 2969 4263 quidem
3010 4191 3154 4252 Filii,
3208 4189 3504 4256 productor

1929 4295 2108 4341 autem
2164 4287 2416 4357 spiritus,
2471 4284 2932 4356 quemadmodum
2988 4291 3042 4336 et
3096 4297 3238 4335 unus
3287 4280 3368 4334 sol
3420 4287 3504 4332 est

1931 4377 2262 4448 principium
2300 4375 2433 4430 radii
2467 4384 2520 4429 et
2554 4375 2778 4430 luminis
2808 4382 2902 4428 aut
2935 4373 3155 4442 caloris.
3189 4369 3308 4424 Una
3334 4384 3502 4438 porro

1931 4484 2054 4522 cum
2089 4469 2244 4522 radio
2278 4468 2373 4522 lux
2415 4469 2532 4522 sive.
2567 4468 2717 4523 calor
2752 4474 2988 4528 constat,
3031 4466 3172 4517 sicut
3205 4479 3329 4514 eum
3361 4460 3503 4515 Filio

243 4551 434 4620 ὥσπερ
461 4551 522 4603 τὴ
549 4547 775 4620 Πνεῦμα
809 4548 904 4602 105
961 4549 1092 4603 Υἱοῦ
1127 4567 1140 4580 ⁸
1165 4549 1333 4622 ἄμφω
1361 4552 1544 4621 μέντοι
1583 4554 1647 4606 ἐκ
1696 4554 1825 4623 μιᾶς
1859 4577 1904 4634 ι)

1859 4577 1904 4634 ι)
1933 4561 2214 4629 Spiritus;
2279 4560 2527 4630 radiique
2587 4561 2675 4612 lux
2722 4567 2828 4616 est.
2880 4559 3022 4612 sicut
3064 4555 3304 4623 Spiritus
3354 4553 3498 4606 Filii.

245 4645 441 4714 ἀρχῆς.
479 4642 592 4696 Καὶ
623 4641 811 4711 ὥσπερ
837 4643 894 4694 ἐν
919 4641 995 4712 τῷ
1025 4643 1384 4712 ὑποδείγματι
1426 4644 1510 4698 διὰ
1559 4645 1654 4711 τῆς
1678 4647 1830 4699 ἀκτῖε-

245 4753 336 4799 νος
370 4735 628 4806 ﬁlio-3g;
669 4735 785 4805 ῆτνι
815 4733 1008 4803 θὰλψις
1045 4733 1124 4805 τῷ
1166 4735 1466 4804 σωματικῷ
1518 4737 1708 4806 κόσμῳ
1750 4737 1828 4789 δί-

246 4830 418 4889 δοται,
452 4825 596 4880 οὕτω
628 4827 716 4880 διὰ
751 4825 845 4879 105
885 4826 1016 4879 Υἱοῦ
1057 4831 1373 4898 χορηγείται
1408 4831 1475 4897 τῇ
1507 4832 1670 4899 venri}
1710 4828 1827 4881 κτί-

249 4934 331 4970 σει
368 4917 430 4970 τὸ
459 4917 682 4985 Πνεῦμα
715 4917 774 4970 τὸ
818 4915 974 4983 ἅγιον
999 4919 1090 4970 ἐπὶ
1114 4919 1298 4970 πᾶσιν.
1326 4918 1386 4970 Ei
1425 4918 1524 4988 μὲν
1550 4918 1625 4981 ὡς
1654 4921 1830 4972 Μανι-

246 5011 390 5079 χαῖςι
419 5009 476 5062 τὸ
509 5011 646 5062 κατὰ
685 5010 888 5077 Θωμᾶν
923 5009 1277 5077 Εὑαγγέλιον,
1302 5010 1473 5075 οὕτως
1497 5011 1654 5081 ὑμεῖς
1703 5011 1829 5066 ἄλλο

245 5102 604 5171 Ἀροενεγκεῖν
639 5101 789 5170 ἔχετε
825 5101 924 5172 τὴν
959 5102 1361 5172 τοιαύτηνπερὶ
1388 5104 1482 5156 105
1512 5104 1826 5174 Πνεύματος

250 5192 600 5245 διδασκαλίαν
630 5195 1087 5263 εἰσηγησάμενον,
1113 5193 1321 5260 δεῖξατε
1356 5195 1515 5249 τοῦτο
1553 5213 1830 5249 κεκανονι-

250 5283 469 5351 σμένον,
498 5283 590 5334 καὶ
618 5285 987 5351 σιωπήσομεν,
1012 5284 1208 5353 μᾶλλον
1237 5285 1293 5337 δὲ
1319 5287 1410 5337 καὶ
1437 5285 1512 5345 ὡς
1535 5286 1830 5353 εὐεργέτας

248 5376 579 5443 τιμήσομεν.
611 5374 752 5441 Εξζδὲ
773 5375 1030 5445 τέσσαρσι
1059 5377 1160 5446 μὲν
1202 5378 1440 5446 ἅρχαῖςὸ
1461 5380 1556 5447 τῆς
1595 5377 1830 5448 Ἐκκλη-

254 5464 373 5526 σίας
426 5465 756 5530 παράδεισος
813 5466 876 5517 ὲκ
937 5468 1063 5535 μιᾶς
1110 5466 1295 5536 πηγῆς
1345 5469 1632 5537 χεομέναις
1675 5471 1828 5522 ποτί-

253 5560 428 5623 ζεται,
464 5556 742 5626 Ματθαῗῳ,
787 5559 1018 5628 Μάρκῳ,
1043 5560 1224 5632 Λουκᾷ
1254 5564 1349 5614 καὶ
1376 5563 1619 5638 Ἰωάννῃ,
1648 5560 1822 5632 οἶμαι,

255 5649 548 5714 συ-θῆκατε.
587 5649 646 5702 '0
673 5650 728 5703 δε
751 5652 1000 5721 πέμπτον
1029 5655 1266 5722 εἰσάγων
1305 5656 1627 5724 εὐαγγέλιον
1662 5673 1822 5725 τρισ·

255 5743 556 5810 κατάρατος
597 5760 612 5775 ⁸
649 5744 899 5815 Ἰωάννης
949 5747 1004 5800 δὲ
1068 5748 1199 5817 ἡμῖν
1258 5748 1350 5800 τὸν
1418 5749 1547 5802 Υίὺν
1597 5766 1826 5820 παρεισ-

254 5828 375 5899 ὁγει
420 5830 648 5901 λέγοντα
687 5834 746 5887 τὸ
774 5836 995 5907 Πνεῦμα
1023 5833 1121 5909 τῆς
1151 5837 1428 5909 ἀληθείας,
1458 5838 1485 5892 ὃ
1534 5839 1684 5910 παρὰ
1730 5838 1824 5892 τοῦ

1933 4651 2326 4705 Verumtamen
2359 4653 2520 4705 atnho
2550 4658 2678 4704 sunt
2709 4666 2772 4705 ex
2811 4666 2921 4702 uno
2943 4647 3235 4718 principio.
3275 4645 3336 4698 Et
3359 4647 3502 4698 siet-2

1932 4745 1986 4798 in
2025 4744 2277 4813 exemplo
2319 4757 2416 4811 per
2473 4741 2686 4796 radium
2745 4741 2832 4794 lux
2887 4749 2982 4795 aut
3034 4739 3184 4794 calor
3230 4734 3499 4805 corporali

1932 4837 2139 4890 mundo
2159 4837 2344 4898 datur,
2381 4835 2458 4888 sic
2488 4849 2582 4902 per
2615 4831 2815 4885 Filium
2851 4827 3204 4885 intellectuali
3235 4837 3503 4882 creatura:

1936 4930 2179 5000 Spiritus
2219 4944 2383 4996 super
2436 4927 2618 4980 omnia
2661 4935 2886 4979 sanctus
2925 4925 3206 4978 tribuitur.
3247 4921 3400 4988 Quod
3455 4922 3500 4974 si

1933 5023 2082 5078 velut.
2124 5021 2401 5074 Manicliaei
2459 5019 2762 5073 secundum
2814 5017 3079 5072 Thomam
3129 5015 3500 5077 Evangelium,

1933 5114 2008 5167 ita
2057 5126 2153 5164 vos
2209 5110 2355 5164 aliud
2410 5107 2654 5178 proferre
2712 5107 2924 5161 liahetis
2976 5107 3114 5158 hanc
3171 5103 3236 5156 de
3291 5101 3498 5172 Spiritu

1932 5213 2124 5260 sancto
2164 5203 2472 5256 doctrinam
2503 5199 2881 5262 introducens,
2927 5197 3055 5249 illud
3106 5195 3377 5249 ostendite
3411 5209 3500 5245 ca-

1933 5296 2185 5351 nonicum
2220 5303 2273 5349 et
2299 5294 2604 5356 silebimus,
2659 5292 2771 5345 imo
2803 5298 3064 5359 tanquam
3119 5288 3500 5341 henefactores

1929 5403 2026 5442 vos
2076 5387 2491 5442 resutnabitnus.
2547 5384 2602 5437 Si
2654 5398 2787 5437 vero
2824 5391 3058 5451 quatuor
3085 5379 3402 5433 ﬂuminibus
3428 5393 3492 5430 ex

1929 5490 2040 5528 uno
2083 5474 2230 5528 fonte
2274 5474 2704 5530 scaturientihus
2742 5472 3004 5527 Ecclesia}
3037 5470 3328 5540 paradisus
3363 5468 3492 5522 irrio

1927 5574 2107 5638 gatur,
2141 5565 2414 5626 Matthteo,
2439 5567 2585 5630 dico,
2621 5566 2820 5629 Marco,
2856 5565 3000 5618 Luca
3028 5571 3079 5616 et
3101 5561 3337 5621 Joanne,
3367 5561 3492 5623 hoc,

1934 5669 2085 5730 pulo,
2123 5660 2388 5712 novistis:
2423 5659 2512 5712 ille
2541 5667 2721 5710 autem
2757 5657 2847 5727 qui
2898 5656 3148 5726 quintum
3200 5651 3497 5706 introducit

1929 5746 2292 5812 evangelium,
2317 5747 2673 5801 exsecrabilis
2701 5756 2805 5802 est.
2834 5746 3074 5800 Joannes
3097 5744 3256 5799 nobis
3293 5740 3493 5794 Filiutn

1929 5838 2149 5895 cxltilict
2181 5839 2489 5911 loquentem
2513 5838 2579 5896 de
2609 5838 2817 5911 Spiritu
2853 5839 3118 5906 veritatis,
3148 5835 3242 5908 qui
3274 5849 3304 5891 ει
3333 5832 3495 5889 Patre
