4232 6440
224 404 369 470 19.13

1034 411 1104 472 Vi
1122 412 1221 470 TA
1258 411 1320 470 S.
1348 407 1783 471 CLEMENTIS
1825 407 2232 470 BULGARIAE
2258 407 2617 470 ARCHIEP.

3350 403 3487 471 1214

212 517 314 574 τοῦ
344 520 474 574 Υίοῦ
501 523 961 592 ἐκπορευόμενον,
999 524 1030 596 ἢ
1060 525 1120 579 τὸ
1143 527 1206 577 ὲκ
1231 523 1327 577 τοῦ
1360 524 1575 599 Πατρδς
1606 524 1797 591 ὁμολο-

1849 527 1874 579 ι
1903 527 2169 589 sentiunt,
2212 525 2291 578 eis
2314 528 2406 594 qui
2457 525 2524 578 de
2568 523 2773 591 Spiritu
2828 521 3050 576 Patrum
3083 521 3485 592 expositionem

215 613 490 684 γούμενον
517 634 529 672 :
567 615 692 681 Πῶς
723 621 903 673 τοίνυν
927 620 1366 689 συμφωνήσομεν
1391 603 1508 680 τοῖς
1539 615 1692 687 παρά
1743 616 1802 668 τὸ

216 706 558 776 Εὖαγγέλιον
589 711 848 782 φρονοῦσι
879 715 970 766 καὶ
1000 714 1097 781 τὴν
1131 713 1267 782 μετά
1325 711 1421 764 τοῦ
1483 709 1801 779 Πνιύματος

209 797 324 848 τῶν
357 799 614 868 Ηατέρων
652 801 891 865 ἔκθεσιν,
929 806 1040 866 τοῖς
1064 803 1172 855 ἀπὸ
1204 802 1309 870 γῆς
1370 800 1608 870 φωνοῦσι
1662 800 1802 852 κατά

210 889 315 953 τὰς
338 892 809 963 ἐγγαστριμύθους
838 911 853 956 ;
880 897 963 956 τίς
1003 896 1261 949 κοινωνία
1316 895 1453 963 φωτὶ
1499 895 1635 962 πρὸς
1680 895 1804 946 σκό-

208 999 336 1048 τος;
362 984 529 1053 φησὶν
550 986 578 1037 ό
614 986 759 1050 θεῖος
801 988 1144 1051 ’Δπόστολος.
1173 989 1234 1041 El
1267 990 1367 1058 μὲν
1413 983 1506 1039 οὖν
1553 984 1800 1055 parum-

210 1072 434 1127 λοῦνται
474 1076 571 1138 τὰς
603 1078 833 1148 γνώμας
864 1082 957 1133 καὶ
1003 1080 1142 1150 μετά
1198 1069 1292 1132 τοῦ
1341 1079 1674 1146 [εὐαγγελίου
1713 1080 1804 1132 καὶ

207 1165 325 1217 τῶν
361 1167 948 1241 Πατέρωνστήσονται,
987 1173 1063 1237 ὡς
1123 1173 1373 1243 ἀδελφοῖς
1419 1172 1804 1242 προσδραμοῦο

212 1274 320 1326 μεν
360 1261 453 1313 καὶ
487 1264 1012 1335 περιπλακησόμεθα
1040 1267 1133 1319 καὶ
1163 1265 1631 1336 περιπτυξόμεθα.
1651 1265 1712 1317 Εἰ
1743 1263 1798 1317 δὲ

209 1352 306 1402 τὸν
337 1353 433 1406 ’ἐνα
469 1354 786 1428 καθηγητὴν
803 1360 961 1427 ἡμῶν
987 1361 1078 1412 τὸν
1100 1338 1335 1430 Χριστὸν
1372 1359 1798 1428 ἀποποιούμενοι

207 1443 393 1496 ὀπίσω
420 1445 519 1513 τῆς
569 1447 807 1513 διανοίας
842 1452 1025 1504 αὐτῶν
1080 1451 1404 1523 πορεύονται
1462 1452 1555 1506 καὶ
1587 1453 1645 1503 ὲν
1683 1453 1797 1513 τοῖς

204 1535 580 1609 διαλογισμοῖς
609 1543 790 1594 αὐτῶν
831 1544 1210 1613 ματαιυῦνται,
1233 1543 1395 1614 σχολῇ
1438 1545 1490 1610 γ’
1525 1543 1592 1597 ἂν
1632 1544 1795 1612 ἡμεῖς

338 1632 522 1691 αὐτοῖς
561 1636 906 1704 καθηγηταῖς
931 1639 990 1690 τὸ
1033 1639 1161 1708 περὶ
1202 1638 1302 1707 τῆς
1343 1637 1569 1706 Τριὰδος
1617 1634 1792 1704 δόγμα

1905 617 2333 681 contradicunt,
2389 615 2472 670 eis
2530 615 2622 684 qui
2673 616 2739 668 de
2798 624 2939 668 terra
2977 622 3169 667 contra
3219 613 3485 668 divinitus

1908 712 2210 780 inspiratos
2280 708 2627 778 loquuntur?
2688 707 2819 770 Qum.
2873 706 3188 760 communio
3257 706 3361 758 luci
3415 707 3482 760 ad

1849 801 1855 804 ⁴
1908 801 2198 858 tenebras?
2230 803 2407 870 inquit
2453 801 2677 854 divinus
2708 799 3025 868 Apostolus.
3067 800 3122 851 Si
3176 799 3340 868 igitur
3367 800 3483 866 opi-

1908 899 2100 951 niones
2123 903 2424 958 mutent,et
2451 910 2574 948 cum
2602 892 2895 959 Evangelia
2927 895 3301 960 Patribnsque
3335 902 3481 946 stare

1906 988 2099 1052 vtelint,
2136 988 2200 1041 ad
2232 1003 2328 1040 eos
2360 995 2417 1040 ut
2449 986 2648 1040 fratres
2681 1001 2992 1045 curremns,
3028 1001 3237 1053 eosque
3289 985 3481 1038 stricte

1907 1085 2365 1155 amplexabirnur.
2433 1084 2489 1137 Si
2543 1098 2670 1138 vero
2723 1099 2892 1136 unum
2936 1095 3327 1152 praeceptorem
3384 1097 3482 1136 no-

1905 1187 2080 1234 strum
2133 1179 2411 1233 Christum
2445 1180 2802 1248 abnegantes.
2835 1186 2958 1246 post
2985 1178 3283 1241 cogitatum
3317 1192 3476 1230 suum

1903 1273 2126 1338 abeunt,
2159 1283 2212 1329 et
2267 1275 2322 1328 in
2370 1275 2889 1329 ratiocinationibus
2944 1273 3060 1327 suis
3101 1271 3305 1324 frustra
3353 1286 3480 1340 pcr-

1903 1377 2181 1427 maneant,
2234 1382 2335 1422 nos
2385 1368 2451 1423 ab
2505 1368 2624 1422 istis
2691 1367 3117 1435 praeceptoribus
3162 1363 3358 1431 dogma
3411 1364 3479 1415 de

1904 1451 2178 1508 Trinitale
2214 1456 2428 1512 discere
2460 1473 2601 1528 aegre
2640 1458 3098 1513 consentiremns.
3133 1454 3255 1507 llaec
3288 1453 3478 1507 ortho-

1900 1544 2169 1598 doxorum
2223 1548 2542 1615 multitudo,
2594 1549 2844 1605 Corasdo
2891 1558 2943 1604 et
2988 1548 3270 1603 Clemente
3309 1545 3479 1599 advo-

1898 1636 2033 1690 catis
2084 1653 2197 1692 usa.

208 1704 407 1789 μαθεῖν
435 1725 744 1794 δεξαίμεθα.
791 1728 976 1782 Ταῦτα
1001 1732 1032 1800 ἡ
1060 1704 1190 1801 περὶ
1232 1704 1356 1793 τοὺς
1384 1704 1698 1800 όρθοδόξους
1741 1725 1968 1794 πληθὺς.
2005 1735 2328 1802 προηγόροις
2351 1732 2606 1804 Γοράσδῳ
2636 1733 2729 1785 καὶ
2759 1730 3038 1801 Κλήμεντι
3065 1729 3366 1800 χρώμενοι.

282 1840 340 1895 ι’.
375 1843 432 1894 ὐ
465 1843 518 1895 δὲ
551 1843 732 1913 ἄρχων
774 1846 927 1914 μόλις
962 1850 1058 1914 μὲν
1100 1849 1332 1915 συνῆκεν
1365 1847 1521 1915 ὀλίγα
1541 1847 1664 1900 τινὰ
1684 1845 1792 1897 τῶν

1849 1851 1871 1904 3
1973 1847 2040 1902 Χ.
2079 1849 2339 1919 Princeps
2391 1858 2572 1903 autem
2632 1863 2804 1916 pauca
2847 1848 3115 1902 intellexit
3165 1845 3472 1903 dictorum:

202 1936 507 2005 λεχθεντων
540 1955 553 1966 ·
583 1935 775 2008 ἦνγάρ
808 1940 1115 1993 παντάπασι
1155 1940 1360 2009 γνῶναί
1397 1959 1448 1993 τι
1475 1940 1585 1993 τῶν
1639 1939 1799 1991 θείων

201 2029 590 2098 ἠλιθιώτατος,
620 2034 733 2100 ἅμα
763 2035 860 2102 μὲν
882 2035 955 2096 ώς
979 2035 1285 2102 ἀνηγμένος
1319 2032 1800 2109 βαρϐαρικώτερον

203 2125 303 2176 καὶ
334 2125 570 2188 συνόλως
633 2129 810 2180 εἰπεῖν
850 2127 1211 2200 ἀλογώτερον,
1282 2130 1396 2198 ἄμα
1457 2129 1511 2180 δὲ
1567 2128 1660 2180 καὶ
1707 2127 1799 2180 τὸν

203 2214 333 2267 νοῦν
365 2217 468 2269 ὑπὸ
500 2219 597 2286 τῆς
630 2221 831 2286 μιαρᾶς
870 2221 1066 2287 ἡδονῆς
1119 2219 1664 2290 παρασεσυλημὲνος,
1723 2220 1800 2281 ὡς

201 2309 449 2376 εἴρηται.
513 2310 635 2372 Πῶς
691 2311 799 2380 γὰρ
854 2313 947 2364 καὶ
1013 2313 1208 2380 ἔμελλε
1256 2313 1529 2383 τοῖςπερὶ
1567 2311 1799 2380 Τριάδος

202 2399 390 2467 λόγοις
419 2403 656 2470 ἐμϐῆναι
690 2404 1002 2474 ἄνθρωπος,
1031 2406 1292 2472 πάμπολυ
1319 2404 1415 2456 τοῦ
1458 2405 1558 2472 τῆς
1586 2421 1799 2472 σωφρο-

204 2492 377 2562 σύνης
416 2494 636 2559 ἀπέχων
670 2495 967 2562 ἀγιασμοῦ,
989 2490 1049 2549 οῦ
1078 2497 1244 2566 χωρὶς
1273 2497 1449 2560 οζδςὶς
1482 2498 1571 2549 τὸν
1595 2495 1797 2566 Κύριον

200 2585 398 2655 ὄψεται
426 2605 438 2652 ;
471 2586 606 2638 Ὑπὸ
638 2588 690 2640 δὲ
719 2589 826 2641 τῶν
844 2590 1136 2654 αίβετικῶν
1164 2589 1552 2658 προϐιϐασθεὶς
1581 2585 1668 2658 (ἦν
1689 2592 1796 2659 γὰρ

201 2678 345 2740 ὅλως
396 2681 576 2742 αὐτοῖς
624 2682 1039 2751 προσκείμενος)
1084 2683 1294 2735 τοιάνδε
1336 2685 1448 2743 τοῖς
1496 2681 1795 2751 όρθοδὸξοις

203 2772 486 2839 ἀπόφασιν
535 2773 806 2826 δέδωκεν·
866 2774 1008 2840 Ἐγὼ
1063 2775 1164 2842 μὲν
1204 2774 1428 2843 ἐμαυτῷ
1483 2773 1649 2826 πολὺν
1703 2774 1795 2826 τὸν

208 2865 525 2934 ίδιωτισμδν
558 2864 791 2930 σύνοιδα,
819 2867 912 2919 καὶ
940 2865 1151 2928 ἁπλοῦς
1185 2867 1299 2935 εἰμι
1333 2865 1404 2919 τὰ
1451 2866 1790 2934 δογματικά·

204 2957 306 3010 καὶ
335 2959 386 3009 τί
419 2958 527 3027 γὰρ
559 2959 588 3026 ἢ
618 2959 1018 3028 ἀγράμματος;
1079 2958 1184 3011 Τοῦ
1237 2960 1422 3028 μέντοι
1478 2959 1794 3029 Χριστιανι-

205 3051 351 3120 σμοῦ
389 3050 789 3121 μεταποιοῦμαί
820 3069 878 3105 τε
909 3053 1006 3105 καὶ
1039 3054 1483 3122 μεταποιήσομαι
1545 3069 1558 3083 ·
1619 3053 1790 3120 ἀμφι-

205 3143 395 3206 ϐολίας
421 3143 476 3196 δὲ
507 3142 782 3207 τοιαύτας,
811 3144 927 3207 οἵας
947 3144 1279 3213 ἀνεγείρετε,
1305 3143 1453 3196 λύειν
1490 3145 1587 3212 οὐχ
1613 3143 1794 3204 ἱκανὸς

1904 1949 2023 1997 erat
2056 1942 2202 1996 enim
2252 1942 2317 1996 ad
2372 1941 2756 2011 intelligendas
2795 1954 2881 1993 res
2931 1940 3144 1992 divinas
3180 1937 3477 1991 stolidissi-

1904 2051 2048 2096 mus,
2103 2045 2158 2091 et
2214 2035 2343 2104 quia
2398 2036 2667 2089 educatus
2727 2032 3110 2094 barbarorum,
3171 2040 3336 2099 utque
3369 2044 3478 2082 uno

1905 2128 2069 2183 verbo
2095 2128 2298 2190 dicam,
2334 2129 2617 2182 brutorum
2656 2142 2843 2190 more;
2885 2135 2939 2178 et
2978 2124 3128 2192 quia,
3177 2133 3235 2176 ut
3272 2122 3478 2175 dictum

1899 2231 2006 2286 est,
2057 2236 2213 2275 mens
2257 2221 2378 2290 ejus
2424 2234 2453 2273 a
2497 2234 2694 2287 spurca
2745 2220 3023 2286 voluptate
3077 2218 3300 2284 abrepta
3340 2223 3477 2268 erat.

1900 2315 2188 2381 Quomodo
2221 2317 2364 2369 enim
2397 2314 2464 2368 de
2497 2314 2766 2367 'l‘rinitate
2802 2326 3088 2366 sermones
3122 2309 3480 2377 ingrederen-

1903 2420 1989 2464 tur
2019 2410 2071 2462 in
2103 2410 2342 2464 animum
2377 2408 2634 2471 hominis,
2671 2408 3011 2461 castimoniae
3041 2413 3234 2458 sancto
3263 2403 3476 2456 muneri

1898 2518 2125 2571 prorsus
2158 2503 2348 2566 alieni,
2382 2503 2503 2558 sine
2553 2516 2662 2570 quo
2709 2515 2872 2554 nemo
2909 2499 3192 2553 Christum
3230 2495 3482 2550 videbit?

1899 2596 2172 2664 lnipulsus
2212 2597 2280 2650 ab
2316 2595 2587 2649 haereticis
2617 2595 2816 2663 quibus
2848 2601 2966 2646 erat
3001 2607 3063 2646 ex
3097 2601 3211 2646 toto
3238 2589 3478 2650 deditus.

1899 2688 2213 2757 hnjusmodi
2275 2688 2686 2757 resp0nsionem
2736 2685 3057 2740 orthodoxis
3128 2684 3322 2738 dedit:
3369 2682 3480 2752 Ego

1898 2781 2120 2849 quidem
2159 2795 2368 2849 magnae
2421 2779 2710 2847 imperitiae
2751 2777 2883 2832 mihi
2925 2777 3182 2831 conscius
3234 2791 3378 2836 sum,
3425 2784 3480 2830 et

1899 2874 2128 2941 simplex
2182 2872 2361 2940 quoad
2416 2871 2748 2940 dogmatica.
2790 2868 2930 2934 Quid
2966 2869 3109 2923 enim
3152 2869 3257 2923 nisi
3289 2869 3480 2921 illitte-

1901 2963 2090 3018 ratus?
2112 2962 2598 3016 Christianismum
2627 2971 2806 3014 tamen
2832 2958 3052 3013 vindico
3084 2967 3136 3013 et
3168 2957 3476 3013 vindicabo.

1896 3054 2291 3120 Ambiguitates
2340 3063 2520 3107 antem
2568 3053 2712 3114 illas,
2772 3051 2962 3120 quales
3019 3052 3314 3114 excitatis,
3376 3065 3479 3118 ego

1897 3147 2082 3200 verbis
2134 3147 2351 3200 solvere
2411 3161 2519 3199 non
2581 3146 2760 3206 valeo,
2819 3159 2996 3212 neque
3049 3143 3118 3199 ab
3169 3143 3479 3197 orthodoxa

205 3235 317 3301 ἐγὼ
359 3233 446 3286 διὰ
484 3233 685 3301 λόγων,
720 3233 841 3286 οὐδὲ
869 3233 1167 3303 διακρίνειν
1220 3234 1501 3304 ὀρθοδόξου
1553 3234 1794 3302 ψευδοδι-

1849 3214 1863 3275 Ῐ
1901 3238 2095 3292 falsum
2126 3238 2448 3307 magistrum
2477 3238 2817 3291 discernere.
2847 3234 2915 3289 Ut
2948 3236 3110 3305 igitur
3142 3233 3479 3288 Christianus

202 3325 500 3381 δάσκαλον.
538 3325 624 3390 Ὠς
655 3323 750 3380 οὖν
784 3330 1096 3395 χριστιανὸς
1136 3329 1344 3381 δικάσω
1371 3329 1499 3396 ὑμῖν
1528 3345 1543 3359 ·
1594 3328 1788 3397 ἀμέλει

205 3419 306 3471 καὶ
340 3419 466 3485 περὶ
496 3417 692 3470 τούτου
727 3417 822 3471 τοῦ
857 3418 1129 3487 δόγματος
1162 3421 1537 3489 ἀποφαίνομαι
1595 3423 1669 3480 ὼς
1699 3423 1789 3472 καὶ

208 3528 276 3562 πε
289 3513 340 3578 ρὶ
364 3509 471 3562 τῶν
491 3510 663 3564 ἄλλων
681 3511 1081 3579 ἀποφαίνεσθαι
1104 3513 1347 3581 εἴθισμαι
1370 3531 1381 3542 ·
1409 3513 1468 3573 ὃς
1491 3512 1554 3564 ἀν
1578 3510 1790 3582 παριὼν

206 3603 426 3672 πρῶτος
456 3602 727 3671 ὀμόσειεν,
760 3604 834 3666 ώς
861 3603 1045 3666 καλῶς
1075 3605 1169 3656 καὶ
1186 3605 1482 3674 ὀρθοδόξως
1518 3607 1785 3663 πιστεύει.

205 3694 400 3746 τοῦτον
424 3690 560 3746 εἶναι
596 3695 686 3747 τὸν
715 3696 855 3747 κατά
877 3695 974 3764 τὴν
1004 3695 1143 3765 ἐμὴν
1177 3697 1360 3766 κρίσιν
1392 3696 1558 3765 μηδὲν
1591 3715 1643 3749 τι
1694 3697 1786 3749 τοῦ

204 3785 475 3854 ἀκριϐοῦς
507 3787 636 3854 περὶ
661 3787 758 3855 τὴν
789 3787 975 3839 πίστιν
1016 3787 1404 3857 σφαλλόμενον,
1467 3789 1641 3860 τούτῳ
1695 3798 1790 3843 καὶ

203 3878 309 3945 τὴν
348 3876 674 3944 Ἐκκλησίαν
723 3878 1032 3949 παραδώσω
1091 3881 1182 3931 καὶ
1212 3881 1272 3932 τὸ
1317 3880 1415 3949 τῆς
1463 3880 1790 3950 Ἐκκλησίας

207 3968 464 4023 ἐπιδώσω
499 3970 641 4023 κατά
662 3971 723 4022 τὸ
753 3972 903 4034 εἰκὸς
945 3971 1361 4042 πρεσϐυτέριον.

280 4059 382 4113 IA'.
420 4059 485 4116 Οί
525 4062 700 4115 τοίνυν
761 4062 1025 4132 Φράγγοι,
1077 4064 1466 4132 προθυμότατα
1521 4067 1647 4135 περὶ
1699 4066 1790 4121 τὸν

204 4153 370 4222 ὅρκον
398 4153 752 4218 διατεθέντες,
789 4156 911 4208 οὐδὲ
948 4156 1008 4207 τὸ
1033 4156 1184 4218 τέλος
1217 4156 1316 4224 τῆς
1374 4158 1469 4210 τοῦ
1529 4159 1789 4227 ἄρχοντος

206 4247 604 4314 ἀναμείναντες
631 4249 981 4316 ἀποφάσεως,
1021 4248 1243 4316 ὣμοσαν
1287 4249 1379 4302 καὶ
1419 4251 1654 4319 ἔστησαν
1689 4251 1788 4321 τὴν

207 4338 529 4405 κακοδοξίαν
566 4340 764 4403 αὐτῶν,
801 4342 1017 4408 ἀνοήτῳ
1074 4339 1254 4409 κρίσει
1290 4341 1462 4411 πέρας
1511 4343 1787 4405 ἐπιθέντες

207 4430 566 4499 κατάλληλον.
609 4431 764 4499 Παρὰ
785 4433 1048 4493 τοιούτοις
1084 4433 1351 4503 κριταῐςὴ
1382 4432 1596 4501 αἵρεσις
1643 4435 1788 4487 κατὰ

206 4520 310 4587 τῆς
335 4520 644 4588 ὸρθοδοξίας
695 4520 1134 4586 ἐστεφανώσατο,
1162 4523 1257 4574 καὶ
1296 4523 1477 4575 πᾶσαν
1502 4523 1661 4592 ἔσχεν
1699 4524 1780 4587 ἒξ-

204 4610 396 4666 ουσίαν
419 4611 574 4678 ἄγειν
599 4611 693 4664 καὶ
727 4611 917 4683 φέρειν
950 4613 1079 4675 τοὺς
1110 4613 1351 4684 Χριστοῦ
1382 4615 1638 4684 γνησίους
1673 4615 1792 4668 δού-

205 4703 332 4766 λους
364 4705 456 4756 καὶ
492 4704 590 4771 τῆς
628 4705 864 4765 πίστεως
897 4704 1167 4773 φύλακας.
1211 4706 1270 4757 Εἰ
1321 4707 1432 4776 γάρ
1481 4724 1586 4770 τις,
1641 4710 1790 4776 φησι,

207 4795 490 4865 φωραθείη
522 4797 595 4865 μὴ
627 4795 899 4848 πιστεύων
931 4797 1071 4849 κττά
1098 4795 1198 4864 τὴν
1223 4797 1330 4849 τῶν
1388 4799 1656 4868 Φράγγων
1710 4801 1793 4854 Ex-

207 4889 381 4950 θεσιν,
416 4888 599 4950 αὐτοῖς
628 4888 873 4946 ἐκείνοις
901 4887 1344 4958 παραδοθήσεται
1375 4894 1736 4960 χρησομένοις
1765 4893 1792 4944 ὃ

205 4996 255 5030 τι
285 4979 378 5030 καὶ
402 4979 703 5048 βούλονται.
738 4980 817 5031 Τά
842 4981 930 5031 ἐπὶ
960 4980 1164 5042 τούτοις
1193 4980 1276 5045 τίς
1313 4980 1379 5033 ἂν
1404 4982 1792 5051 ἐκδιηγήσαιτο

205 5070 385 5136 λόγος,
420 5071 518 5121 ὅσα
544 5069 731 5134 κακία,
767 5070 1038 5139 λαϐομένη
1059 5072 1405 5136 δυναστείας,
1451 5075 1745 5143 εἰργάσατο
1773 5093 1788 5140 ;

209 5159 327 5229 Πῦρ
356 5161 596 5228 ἀτεχνῶς
637 5162 693 5212 ὲν
715 5159 815 5232 ὕλῃ
856 5159 1126 5230 πνεύματι
1160 5162 1540 5230 ῥιπιςόμενονε
1596 5165 1646 5216 οἱ
1691 5168 1789 5235 μὲν

205 5253 517 5321 ἠνάγκαζον
551 5252 841 5305 συνθέσθαι
871 5251 949 5322 τῷ
990 5254 1216 5323 πονηρῴ
1248 5255 1500 5325 δόγματι,
1531 5259 1654 5310 οίὸὲ
1691 5259 1788 5329 τὴν

203 5345 313 5395 τῶν
360 5345 617 5415 Πατέρων
674 5346 858 5397 πίστιν
910 5345 1324 5412 ὑπελογίζοντο·
1379 5349 1427 5399 oi
1467 5349 1564 5412 μὲν
1611 5351 1786 5404 πάντα

210 5434 490 5503 πράττειν,
539 5436 590 5487 οἱ
642 5435 699 5488 δὲ
745 5435 920 5488 πάντα
988 5437 1222 5505 πάσχειν
1270 5441 1782 5507 παρεσκευάζοντο*

204 5527 330 5587 τοὺς
357 5525 452 5594 μὲν
480 5526 866 5596 ἀπανθρώπως
902 5526 1178 5599 ᾐκίζοντο,
1210 5529 1317 5581 τῶν
1348 5529 1403 5582 δὲ
1460 5535 1559 5592 τας
1610 5534 1785 5597 οἰκίας

205 5615 503 5688 διήρπαζον
555 5621 843 5687 μιγνύντες
898 5620 1126 5690 ἀσεϐείᾳ
1185 5620 1544 5688 πλεονεξίαν,
1590 5624 1784 5689 ἄλλους

208 5712 447 5775 γυμνους
475 5709 560 5762 ἐπ’
596 5713 846 5765 ἀκανθῶν
880 5712 1094 5783 ἔσυρον,
1147 5716 1241 5767 καὶ
1298 5715 1473 5769 ταῦτα
1524 5717 1782 5788 γέροντας

209 5800 406 5870 ἀνδρας
457 5803 549 5856 καὶ
606 5803 732 5866 τοὺς
791 5803 1106 5869 δαϐιτικοῦς
1166 5808 1325 5878 ὅρους
1389 5809 1489 5877 τῆς
1566 5812 1780 5880 ἡλικίας

206 5893 720 5964 ὑπιρττηδήσαντας.
784 5899 935 5953 Ὅσοι
981 5899 1037 5952 δὲ
1085 5899 1192 5954 τῶν
1247 5902 1632 5973 πρεσϐυτέρων
1683 5911 1775 5960 καὶ

1890 3331 1983 3401 jus
2021 3329 2174 3384 vobis
2203 3331 2420 3395 dicam;
2474 3339 2530 3383 et
2561 3337 2712 3382 certe
2761 3330 2830 3382 de
2870 3327 2970 3381 hac
3017 3327 3291 3395 dogmatis
3323 3341 3476 3394 qua:-

1896 3425 2076 3478 stione
2111 3424 2484 3491 pronuntiabo
2516 3423 2659 3475 sicut
2695 3420 2761 3475 de
2794 3420 2916 3473 aliis
2946 3419 3311 3487 pronuntiare
3341 3433 3478 3470 con-

1897 3516 2047 3570 suevi
2090 3535 2102 3570 :
2149 3515 2240 3584 qui
2275 3516 2452 3584 palam
2493 3515 2705 3583 primus
2734 3514 3000 3582 jnraverit
3035 3527 3093 3566 se
3124 3523 3273 3567 recte
3312 3520 3476 3579 atque

1893 3609 2199 3662 orthodoxe
2235 3608 2494 3671 credere,
2538 3608 2684 3661 hunc
2725 3606 2989 3674 judicabo
3027 3605 3093 3658 de
3150 3605 3477 3660 rectitudine

1895 3700 2020 3755 tidei
2059 3702 2285 3754 minime
2318 3715 2530 3762 errare,
2565 3699 2779 3768 ipsique
2828 3697 3129 3751 Ecclesiam
3174 3697 3339 3762 dabo,
3386 3697 3474 3750 cui

1897 3794 2176 3864 adjiciam,
2213 3802 2271 3847 tit
2307 3792 2584 3856 convenit,
2617 3789 2879 3846 Ecclesiae
2905 3790 3330 3860 presbyterium.

1965 4066 2052 4120 XI.
2083 4066 2276 4122 l-ranci
2312 4067 2478 4135 igitur
2525 4067 2591 4121 ad
2621 4067 3008 4135 jusjurandum
3046 4067 3467 4138 promptissimi,

1893 4175 1991 4213 nec
2027 4160 2187 4212 ﬁnem
2220 4160 2501 4213 sententiae
2535 4159 2798 4227 principis
2845 4168 3227 4227 exspectantes
3252 4161 3476 4228 jurave-

1891 4261 2038 4313 runt,
2074 4260 2494 4320 statueruntque
2540 4266 2696 4306 suam
2750 4253 2953 4305 malam
3011 4252 3168 4307 fidem
3237 4253 3476 4322 insipido

1897 4345 2108 4414 judicio
2139 4346 2429 4414 analogum
2464 4347 2624 4398 linem
2655 4346 3020 4413 imponentes.
3067 4345 3295 4401 Talibus
3327 4347 3475 4415 judi-

1893 4441 2052 4492 cibus
2084 4439 2310 4491 haeresis
2337 4439 2606 4492 adversus
2638 4439 3024 4493 orthodoxiam
3061 4441 3296 4506 palmam
3329 4440 3474 4493 obti-

1897 4531 2033 4588 nuit.
2079 4531 2378 4596 habuitque
2404 4531 2636 4584 ducendi
2680 4546 2742 4585 ac
2794 4531 3014 4585 tollendi
3068 4532 3274 4586 Christi
3314 4547 3472 4586 veros

1897 4635 2086 4673 servits
2127 4630 2180 4673 et
2241 4619 2362 4673 fidei
2409 4620 2667 4674 custodes
2730 4635 2947 4674 omnem
3012 4621 3357 4675 facultatem.
3409 4621 3468 4677 Si

1897 4713 2022 4781 quis
2047 4714 2213 4772 enim,
2260 4714 2434 4780 inquit
2476 4715 2750 4781 princeps,
2806 4713 3064 4768 inventus
3113 4713 3276 4768 fuerit
3317 4714 3469 4779 juxta

1897 4805 2233 4858 Francorum
2257 4805 2560 4858 doctrinam
2597 4821 2704 4858 non
2731 4804 2983 4863 credens.
3035 4807 3170 4876 ipsis
3222 4809 3470 4861 tradetur

1898 4906 1955 4950 ut
1991 4897 2145 4951 illum
2183 4907 2419 4950 tractent
2447 4899 2589 4950 sicnt
2639 4898 2877 4950 libuerit.
2913 4897 3095 4952 Rebus
3133 4899 3207 4953 ita
3270 4915 3328 4954 se
3376 4902 3471 4954 ha-

1897 4991 2174 5052 bentibus,
2209 5006 2328 5058 qua:
2355 4990 2532 5042 oratio
2571 5000 2812 5052 enarret,
2840 4993 3104 5058 quidquid
3139 4991 3342 5044 malitia
3375 5009 3470 5062 po-

1895 5089 2086 5135 testate
2111 5083 2280 5150 potita
2305 5091 2527 5150 operata
2561 5081 2671 5134 sit?
2702 5082 2843 5149 Ignis
2885 5095 3069 5150 aperte
3104 5084 3158 5135 in
3190 5099 3319 5150 rogo
3360 5087 3471 5152 spi-

1894 5176 1999 5228 ritu
2032 5175 2348 5228 animatur:
2400 5174 2478 5226 illi
2513 5175 2780 5243 cogebant
2815 5190 2983 5243 pravo
3038 5176 3280 5244 dogmati
3331 5179 3468 5229 sub-

1893 5267 2161 5330 scribere,
2187 5267 2238 5319 lii
2266 5268 2424 5320 fidem
2458 5277 2672 5335 patrum
2717 5269 3123 5335 pra‘lendi-hant
3147 5286 3161 5329 ;
3188 5269 3263 5322 illi
3283 5271 3466 5324 omnia

1893 5362 2094 5425 facere,
2121 5360 2174 5415 hi
2200 5361 2384 5414 omnia
2412 5364 2521 5428 pati
2557 5362 2741 5428 parati
2790 5370 2970 5413 erant.
2998 5363 3146 5413 Alios
3171 5364 3469 5415 inhumane

1890 5453 2156 5507 lindebant
2193 5454 2421 5505 aliorum
2450 5455 2647 5505 domus
2690 5455 3016 5518 spoliabant.
3038 5454 3303 5518 impietati
3334 5469 3465 5507 ava-

1890 5544 2070 5597 ritiam
2118 5543 2378 5597 addentes
2407 5561 2420 5608 ;
2456 5545 2593 5598 alios
2621 5546 2799 5597 nudos
2825 5545 2876 5597 in
2909 5545 3134 5598 carduis
3171 5546 3458 5613 pertrahe-

1892 5634 2046 5698 bant,
2078 5650 2279 5704 eosque
2329 5650 2491 5690 senes
2533 5636 2672 5689 ultra
2739 5635 3028 5690 Davidicos
3097 5636 3464 5702 longaevitatis

1890 5729 2023 5782 fines
2056 5739 2364 5796 provectos.
2398 5730 2679 5797 Quotquot
2702 5737 2884 5782 autem
2914 5744 2977 5781 ex
3012 5730 3350 5798 presbyteris
3394 5738 3451 5781 et

1886 5821 2135 5874 draconis
2173 5823 2422 5890 juniores
2477 5831 2658 5886 erant,
2717 5824 2813 5876 hos
2881 5821 3085 5876 Judmis
3126 5822 3454 5876 vendebant.

1882 5911 2035 5968 Judac
2063 5923 2210 5970 sorte
2248 5915 2656 5984 suspendioque
2700 5913 3031 5985 dignissimi.
3092 5910 3247 5969 Sicut
3309 5913 3457 5968 enim
