4232 6440
148 398 310 462 ιέἓι

986 387 1159 448 ΥῙΤΑ
1195 385 1256 448 S.
1294 378 1729 444 CLEMENTIS
1783 378 2193 441 BULGARIAE
2234 380 2590 442 ARCHIEP.

3279 378 3417 444 Ιίνὶὲ

126 524 255 562 του
286 503 363 574 τῷ
386 502 465 571 σῷ
488 499 663 563 παιδὶ,
720 496 912 568 θάρρει
953 495 1013 548 τδ
1065 490 1150 562 ἔφ’
1189 493 1321 564 ἡμίν
1348 504 1364 521 ·
1386 490 1730 574 πεποίθαμεν
1760 493 1797 544 Α

1760 493 1805 544 Α
1834 503 1931 559 per
1956 504 2057 544 nos
2090 489 2195 558 ipsi
2248 490 2416 542 vitam
2451 488 2797 560 largiturum.
2828 486 2896 543 Et
2950 501 3051 559 pro
3086 501 3256 558 puero
3323 491 3418 546 de-

126 600 296 670 γὰρ,
319 570 399 651 δτι
426 570 494 649 δι’
530 593 677 663 ἡμᾶς
703 588 851 657 αὐτῷ
878 588 977 657 τὴν
1009 584 1155 655 ζωὴν
1189 570 1475 654 χαρίσεται
1501 580 1729 650 Κύριος.

132 690 272 743 Καὶ
310 688 374 756 δὴ
396 684 475 755 τῷ
513 682 665 737 παιᾶ
695 677 1076 746 ἐπευξάμενοι,
1100 674 1145 728 ὣ
1199 671 1389 727 καινοῦ
1430 670 1731 739 θαύματος,

130 782 196 834 ὣ
237 784 335 848 τῆς
364 778 453 833 ἀεὶ
487 774 808 846 λαμπούσης
842 787 936 824 σου
977 771 1219 839 χάριτος,
1282 766 1456 833 σῶτερ
1506 762 1732 835 Χριστε,

134 874 239 944 τῷ
271 871 524 924 ποθοῦντι
551 868 715 934 πατρὶ
749 866 839 916 τὸν
868 863 980 914 υίον
1013 859 1190 923 ζῶντα
1226 856 1601 928 παρέστησαν.
1667 853 1733 904 Τί

136 967 383 1019 τοίνυνδ
400 962 586 1031 Πατήρ
606 977 619 1023 ;
640 960 703 1011 0i
716 957 883 1024 ἅγιοι,
903 957 951 1006 oi
966 952 1058 1005 τοῦ
1070 948 1408 1011 Θεοῦδοῦλοι,
1429 951 1477 1001 οἱ
1493 946 1736 1015 σωτῆρες

139 1062 266 1129 τῆς
292 1056 427 1124 ἐμῆς
452 1055 649 1115 οἰκίας,
672 1050 1032 1119 έκραύγασξν,
1060 1043 1165 1097 οὐδ’
1191 1045 1248 1095 έν
1271 1041 1347 1111 τῷ
1372 1038 1735 1107 καθεσκηκοτι

141 1149 239 1202 ὢν
276 1148 380 1200 ὑπὸ
408 1147 506 1213 τῆς
530 1144 725 1213 χειρίς,
750 1140 887 1194 ἀλλὰ
920 1135 1274 1209 παράϐακχόν
1302 1151 1355 1187 τι
1390 1133 1485 1186 καὶ
1512 1130 1734 1199 ίξεστη-

145 1243 261 1304 κὸς
294 1237 603 1308 κεκραγὼς,
647 1231 923 1301 ούγγνωτέ
956 1248 1067 1300 μοι,
1100 1228 1333 1299 πατέρες
1388 1227 1545 1290 ὅσιοι,
1606 1224 1739 1290 σύγ-

146 1351 369 1401 γνωτε,
400 1332 651 1402 ἀγνόημα
681 1326 923 1395 ἠγνόησα
947 1325 1044 1393 ἐφ’
1081 1322 1231 1391 ὑμῖν,
1279 1319 1459 1386 πάσης
1508 1316 1739 1385 εὐθύνης

148 1430 488 1497 ὑπέρτερον.
537 1421 670 1474 Ἀλλ’
705 1420 813 1473 ἰδοὺ
845 1419 1107 1487 πάρεστιν
1138 1414 1265 1483 ὑμῖν
1291 1412 1360 1466 τὰ
1388 1411 1516 1481 ἐμὲ,
1550 1410 1743 1478 πάρει-

154 1539 231 1589 μι
262 1520 354 1571 καὶ
383 1516 541 1578 αὖτίς
574 1512 727 1584 ὑμῶν
786 1512 1007 1577 οἰκέτης
1058 1508 1334 1574 ἐσόμενος,
1400 1500 1745 1557 ἀπολαύσατε

149 1613 279 1665 τῶν
302 1610 472 1677 έμῶν,
498 1604 772 1677 χρήσασθέ
807 1621 894 1672 μοι
937 1602 964 1655 ὃ
988 1618 1038 1653 τι
1092 1598 1188 1651 καὶ
1240 1596 1517 1667 βούλεσθε,
1588 1592 1748 1662 μόνον

154 1700 356 1770 ὁρῴην
394 1700 483 1751 τὸν
515 1698 701 1760 παῖδα,
730 1695 788 1747 ὃν
818 1695 974 1763 ὑμεῖς
1008 1707 1097 1760 μοι
1132 1689 1226 1741 νῦν
1257 1688 1605 1755 ἐγεννήσαττ.

244 1790 363 1857 ις’.
401 1790 538 1845 Uias
563 1790 659 1857 τὴν
702 1788 797 1856 μὲν
843 1786 1026 1837 πίστιν
1073 1778 1170 1835 τοῦ
1218 1777 1409 1849 ἀνδρὸς
1461 1773 1744 1843 προσηκά-

1843 578 2072 645 precati,
2098 591 2130 631 ο
2152 590 2353 631 novum
2379 574 2728 633 miraculum.
2758 589 2790 629 ο
2814 575 3059 644 polentia
3094 575 3282 646 gratia
3312 584 3417 631 tua:

1844 682 2060 736 semper
2089 666 2369 737 fulgentis,
2403 665 2653 721 Salvator
2680 666 2898 721 Christe
2926 669 2939 719 ί
2968 668 3168 738 lugenti
3192 670 3331 737 patri
3359 669 3419 720 li-

1846 758 1977 811 lium
2004 758 2183 812 vivum
2206 759 2600 828 pra-stiterunt.
2632 756 2774 822 Quid
2804 758 2971 829 igitur
2995 761 3184 828 pater?
3207 760 3416 822 Sancti,

1849 849 1940 905 Dei
1985 849 2150 911 servi,
2190 850 2389 902 domus
2448 862 2583 903 mea:
2635 861 2971 913 servatores,
3035 851 3415 914 exclamabat;

1846 959 1954 998 non
2004 956 2063 996 se
2123 941 2435 995 continebat
2493 956 2602 1011 pra:
2651 942 2891 1011 gaudio;
2922 942 3014 996 seti
3054 941 3276 996 cﬂ'reuis
3316 946 3417 996 im-

1849 1034 2255 1102 Inoderatisque
2309 1034 2639 1087 clamoribus
2682 1033 2878 1096 editis,
2945 1034 3209 1102 ignoscite
3265 1035 3415 1100 mihi,

1849 1126 2025 1181 sancti
2084 1123 2290 1187 Patres,
2349 1124 2633 1195 ignoscite,
2689 1139 2877 1178 errore
2936 1125 3113 1178 eri-avi
3178 1141 3287 1179 non
3322 1142 3419 1179 ev-

1850 1217 2089 1271 cusanilo
2149 1216 2199 1269 in
2276 1230 2423 1277 vos;
2492 1214 2587 1268 sed
2645 1229 2770 1268 ecce
2812 1229 2930 1268 mea
2973 1213 3127 1269 vobis
3176 1215 3417 1277 adsunt;

1850 1310 2040 1363 adsum
2088 1318 2140 1362 et
2183 1322 2282 1377 ego
2306 1314 2484 1360 vester
2558 1304 2774 1360 iuturus
2821 1322 3051 1371 servus;
3109 1307 3244 1361 meis
3273 1306 3422 1360 [τω.-

1851 1402 2032 1465 mini;
2098 1400 2324 1455 utamini
2372 1414 2457 1453 me
2514 1400 2663 1453 sicut
2735 1398 2933 1466 placet,
2993 1401 3154 1453 modo
3208 1400 3419 1453 videam

1853 1507 2105 1564 puerum,
2140 1506 2300 1559 quem
2331 1504 2427 1545 vos
2464 1490 2597 1544 milii
2628 1504 2777 1544 nunc
2817 1491 3105 1558 genuistis.

1924 1755 2061 1813 ΧΠ.
2105 1756 2169 1812 Hi
2205 1758 2308 1813 ﬁde
2342 1757 2441 1810 viri
2480 1757 2728 1828 probata,
2762 1757 2856 1811 sed
2906 1756 3020 1810 zelo
3051 1756 3269 1810 obvium
3324 1758 3427 1812 iter

161 1903 349 1953 μενοι,
388 1883 519 1952 πρὸ,
550 1882 608 1934 δι
640 1881 738 1949 τὴν
771 1877 1139 1950 προκειμένην
1182 1871 1300 1924 δόδν
1339 1866 1745 1921 κατασπεύδον-
1781 1846 1827 1903 Β

1781 1846 2220 1923 Bprosequeudi
2271 1854 2423 1915 moti,
2485 1850 2738 1920 largitate
2784 1850 2904 1917 ejus
2955 1849 3021 1903 ad
3071 1851 3259 1905 viatica
3318 1851 3426 1905 cir-

155 1994 263 2040 τες
325 1978 508 2044 μόνοις
560 1972 792 2042 ἐφοδίοις
849 1969 948 2036 τὴν
1002 1964 1246 2028 δεξίωσιν
1280 1959 1442 2013 αὑτοῦ
1478 1957 1746 2028 περιγρά-

154 2068 396 2136 ψαντες,
423 2066 519 2137 τὴν
550 2066 684 2133 πρὸς
726 2061 816 2114 τὸν
844 2061 1053 2130 Ἰστρον
1112 2055 1351 2121 ἄγουσαν
1395 2050 1615 2112 ὥδευον,
1653 2048 1750 2101 σὺν

164 2159 344 2228 πολλῇ
372 2154 865 2228 παραπεμφθέντες
892 2151 1022 2219 τιμῇ
1057 2147 1161 2201 ὑπὸ
1192 2144 1285 2199 τοῦ
1318 2140 1750 2208 καταξιωθέντος

161 2252 385 2304 εκείνου
417 2250 509 2302 τοῦ
537 2248 833 2316 θαύματος.
876 2243 1027 2295 Ἐπεὶ
1052 2241 1106 2294 δὲ
1139 2238 1278 2292 κατὰ
1314 2236 1413 2298 τὰς
1441 2234 1604 2304 δχθας
1652 2228 1749 2283 τοῦ

168 2345 395 2413 Ἴστρου
435 2340 713 2408 γενόμενοι
731 2338 916 2407 ἑώρων
941 2335 1002 2387 τδ
1037 2331 1131 2400 ρεὖ
1142 2349 1216 2401 μα
1238 2330 1372 2381 πολὺ
1402 2327 1497 2379 καὶ
1522 2326 1749 2393 ἄπορον,

165 2433 307 2498 ξύλα
340 2432 467 2501 τρία
497 2430 855 2497 συνδήσαντες
907 2423 1136 2492 φιλύρας
1197 2417 1365 2489 φλοιῷ
1417 2418 1484 2489 τῇ
1543 2413 1750 2469 ἄνωθεν

162 2525 402 2591 δυνάμει
432 2519 824 2592 φρουρούμενοι
858 2517 947 2570 τὸν
976 2512 1221 2581 ποταμὸν
1250 2512 1605 2577 διεπέρασαν,
1654 2506 1750 2558 καὶ⁵

168 2612 562 2681 κατακλυσμὸν
585 2612 847 2679 αἱρέσεων
877 2604 1170 2675 φεύγοντες
1208 2601 1383 2665 ξύλοις
1437 2600 1577 2650 κατὰ
1600 2594 1752 2649 θείαν

167 2705 551 2775 ἑπιρροσύνην
577 2701 883 2769 ίσώθησαν,
917 2700 1012 2750 καὶ
1053 2697 1121 2767 τῇ
1157 2690 1517 2762 Βελαγράδων
1575 2689 1751 2758 (πόλις

167 2796 317 2867 αὕτη
349 2797 455 2849 τῶν
482 2796 608 2865 περὶ
642 2796 857 2859 Ἴστρον
895 2787 1305 2857 έπισημοτάτη)
1364 2782 1751 2853 προσελθόντες

174 2890 529 2959 Βοριτακανῳ
560 2886 634 2955 τῷ
671 2888 791 2937 τότε
852 2883 1181 2951 φυλάσσοντι
1239 2876 1444 2946 ταύτην
1504 2874 1753 2957 ἐνεφανί-

172 2954 406 3050 σθησαν,
464 2979 558 3031 καὶ
601 2954 777 3029 πάντα
828 2976 897 3027 τὰ
966 2972 1095 3043 περὶ
1141 2969 1336 3031 αὐτοὺς
1404 2954 1752 3035 ἀπήγγειλαν

176 3072 375 3140 μαθεῖν
397 3071 622 3122 θέλοντι.
661 3067 749 3131 Ὠς
772 3066 828 3119 δὲ
858 3064 1030 3119 ταῦτα
1064 3061 1254 3132 μαθὼν
1302 3061 1507 3121 έκεῖνος
1543 3058 1752 3111 ιννοιαν

170 3163 339 3217 ἔλαϐε
363 3163 455 3215 τοῦ
509 3162 772 3230 μεγάλους
831 3157 971 3211 εἶναι
1023 3157 1147 3217 τοὺς
1219 3152 1419 3221 ἄνδρας
1483 3151 1578 3204 καὶ
1636 3149 1754 3219 Θεῷ
1779 3191 1826 3254 c

173 3256 606 3326 πλησιάζοντας,
648 3252 756 3305 δεῖν
786 3251 928 3318 ἔγνω
953 3250 1088 3318 προς
1138 3246 1231 3299 τὸν
1281 3246 1523 3313 ἄρχοντα
1586 3240 1755 3293 Βουλ-

173 3349 380 3418 γαρίας
411 3345 643 3417 Βορίσην
680 3336 872 3411 (οὗπερ
894 3339 1053 3401 αὐτὸς
1069 3334 1480 3405 ὑποστράτηγος
1500 3329 1588 3403 ἦν)
1622 3333 1757 3385 ὐπο-

176 3439 390 3491 στετλαι
413 3439 536 3497 τοὺς
576 3434 759 3500 ξένους
790 3450 802 3462 ·
836 3431 949 3501 ᾔδει
973 3429 1080 3497 γὰρ
1108 3428 1200 3479 τὸν
1256 3426 1489 3495 Βορίσην
1520 3424 1760 3492 διψῶντα

176 3526 438 3581 τοιούτων
461 3523 691 3591 ἀνδρῶν.
712 3522 805 3574 Ἐκ
826 3518 1039 3591 μακροῦ
1064 3516 1387 3577 ἀναπαύσας
1410 3514 1505 3568 οὖν
1535 3516 1757 3581 αὐτοὺς,

176 3614 307 3673 εἶτα
332 3616 410 3686 τῷ
444 3616 667 3685 ἄρχοντι
694 3611 869 3681 δῶρον
896 3608 1198 3677 πολύτιμον
1240 3604 1477 3674 ἔπεμψε,
1512 3604 1758 3672 δηλώσας

178 3708 334 3778 αὐτῷ
360 3708 634 3767 τοιούτους
674 3700 813 3757 εἶναι
872 3701 1115 3766 τούτους,
1163 3699 1309 3760 οἴους
1366 3696 1527 3757 αὐτὸς
1577 3694 1759 3747 ἐπόθει

180 3802 337 3872 πόθῳ
364 3799 599 3870 σφοδρῷ.
649 3796 804 3850 ἐπεὶ
827 3794 883 3847 δι
910 3793 987 3865 τῷ
1020 3792 1223 3862 Βορίσῃ
1252 3790 1579 3862 προσῆλθον,
1626 3792 1753 3843 ὑπο·

179 3894 462 3963 ἀχθέντες
494 3890 749 3956 έντίμως,
774 3886 868 3938 καί
906 3885 979 3948 ὡς
1007 3883 1117 3936 ιδει
1156 3884 1281 3944 τοὺς
1320 3882 1389 3935 τὰ
1432 3881 1610 3935 πάντα
1668 3896 1761 3931 σε-

188 3985 356 4053 μνούς
378 4000 438 4035 τε
464 3985 556 4035 καὶ
584 3978 939 4047 σεϐασμίους,
976 3974 1240 4043 ἐπηρώτα
1265 3973 1327 4025 τὸ
1378 3974 1509 4025 κατ’
1541 3971 1760 4033 αὐτούς.

183 4078 252 4131 Ol
288 4076 343 4127 δὲ
375 4068 552 4127 πάντα
587 4071 878 4136 κατέλεγον
901 4066 1009 4119 ἀπ’
1046 4066 1221 4135 ἀρχῆς
1250 4064 1376 4133 ἄχρι
1419 4062 1607 4124 τέλους
1657 4077 1763 4131 μη-

186 4172 279 4224 δὲν
315 4166 669 4225 ἐλλείποντες.
726 4160 990 4220 ’Δκούσας
1029 4158 1086 4209 δὲ
1124 4156 1296 4209 ταῦτα
1330 4158 1358 4208 δ
1385 4156 1568 4223 ἄρχων
1598 4155 1766 4223 μεγά-

188 4263 297 4322 λοις
327 4256 697 4326 ηὑχαρίστησε
746 4252 827 4322 τῷ
881 4250 1021 4319 Θεῷ,
1080 4249 1356 4311 τοιούτους
1400 4246 1567 4300 αὐτοῦ
1602 4245 1765 4316 θερά-

187 4366 407 4411 ποντας
443 4349 509 4415 τῇ
565 4344 878 4413 Βουλγαρίᾳ
914 4340 1231 4409 ,εὐεργέτας
1284 4338 1760 4401 έπαποστείλαντι,

189 4442 548 4501 διδασκάλους
578 4454 636 4491 τε
670 4437 763 4489 καὶ
807 4433 1180 4504 καταρτιστὰς
1235 4430 1611 4501 δωρησαμένῳ
1664 4429 1763 4497 τῆς

1851 1946 2206 2013 eumscripta,
2244 1942 2440 1997 itinere
2508 1940 2573 1995 ad
2636 1939 2833 1994 Istrum
2893 1937 3198 1993 deducente
3240 1954 3429 2009 perge-

1853 2038 2011 2101 bant,
2041 2037 2214 2091 multo
2242 2051 2365 2090 cum
2405 2034 2613 2088 honore
2647 2033 2858 2087 dimissi
2911 2032 2978 2085 ab
3010 2047 3074 2087 eo
3108 2034 3199 2102 qui
3232 2033 3430 2103 dignus

1854 2131 1956 2185 hoc
1986 2129 2250 2183 miraculo
2311 2126 2489 2180 fuerat
2530 2125 2769 2180 habitus.
2806 2124 3104 2193 Postquam
3150 2134 3332 2179 autem
3362 2125 3428 2178 ad

1853 2223 2000 2291 ripas
2037 2220 2156 2276 lstri
2192 2227 2575 2291 pervenerunt,
2609 2217 2856 2272 videntes
2874 2218 3136 2270 tlueutum
3170 2230 3428 2287 magnum

1851 2325 1906 2372 et
1934 2318 2285 2385 impervium,
2340 2313 2518 2367 tribus
2577 2310 2741 2383 lignis
2803 2311 2932 2366 tilia
2970 2310 3238 2365 corticula
3276 2310 3431 2365 colli-

1852 2408 2024 2480 gatis,
2071 2421 2312 2469 amnem,
2346 2405 2531 2459 divina
2562 2405 2909 2460 custodiente
2956 2404 3222 2474 potentia,
3249 2412 3432 2458 trans-

1853 2502 2057 2556 ierunt.
2089 2498 2182 2554 Sic
2252 2499 2530 2553 lmreseon
2583 2496 2996 2552 inundationem
3034 2496 3330 2567 iugientes,
3367 2497 3435 2549 li-

1852 2594 1972 2663 gnis
2003 2607 2096 2662 per
2124 2589 2362 2644 divinam
2406 2589 2844 2646 benevolentiam
2884 2588 3019 2643 salvi
3086 2585 3216 2641 laeti
3277 2599 3431 2651 sunt,

1851 2685 1987 2740 Cum
2022 2696 2201 2739 autem
2237 2684 2303 2738 ad
2337 2682 2663 2753 Belgradum
2689 2682 2879 2736 urbem
2933 2679 3275 2735 advenerunt
3323 2679 3430 2750 (est

1854 2777 1969 2833 hac
1993 2778 2212 2830 urbium
2241 2775 2309 2829 ad
2359 2776 2560 2829 lstruin
2624 2772 3017 2842 nobilissima),
3068 2771 3416 2837 Boritacano,

1855 2878 1990 2924 tunc
2020 2872 2184 2923 istam
2254 2866 2617 2931 custodienti,
2678 2872 3075 2935 apparuerunt,
3125 2872 3179 2918 et
3238 2863 3425 2917 omnia

1855 2976 1976 3029 qua
2010 2959 2115 3016 sibi
2150 2957 2491 3023 acciderant,
2521 2958 2853 3022 sciscitanti,
2912 2963 3238 3010 narrarunt.
3299 2954 3432 3021 Ubi,

1855 3068 2007 3119 vero,
2046 3053 2131 3108 his
2163 3051 2423 3121 cognitis,
2453 3050 2731 3105 intellexit
2769 3050 2870 3104 hos
2895 3051 3040 3105 vlros
3064 3062 3291 3119 magnos
3313 3062 3438 3103 esse

1860 3144 2076 3215 Deoque
2108 3143 2470 3213 propinquos;
2518 3157 2676 3197 suum
2729 3154 2854 3196 esse
2890 3141 3103 3211 putavit
3136 3138 3203 3193 ad
3240 3139 3435 3194 ducem

1859 3236 2125 3306 Bulgaria
2150 3232 2401 3297 Boriscn,
2443 3232 2604 3301 cujus
2660 3232 2779 3302 ipse
2840 3233 3050 3300 legatus
3106 3238 3245 3294 erat,

1858 3328 2028 3397 spites
2095 3326 2331 3380 mittere.
2386 3321 2625 3378 Noverat
2680 3323 2825 3377 enim
2887 3322 3141 3382 Borisen,
3233 3319 3427 3373 talium

1859 3420 2102 3474 virorum
2161 3431 2285 3472 esse
2373 3415 2631 3469 amicum.
2697 3410 2739 3467 Ε
2831 3414 2992 3483 longo
3082 3414 3278 3467 itinere
3356 3426 3441 3467 re-

1861 3519 2079 3566 creatos
2129 3508 2197 3561 ad
2251 3509 2445 3560 ducem
2510 3506 2655 3559 velut
2723 3504 3174 3559 honestissimum
3234 3503 3440 3558 donum

1862 3602 2014 3657 misit
2040 3600 2119 3655 illi
2154 3599 2497 3653 denuntians
2532 3599 2669 3652 tales
2710 3612 2833 3652 esse
2862 3600 3033 3657 viros,
3081 3596 3273 3666 quales
3323 3596 3443 3665 ipse

1862 3693 2037 3748 multo
2067 3691 2340 3747 desiderio
2368 3690 2669 3759 quarebat.
2693 3688 2830 3743 Cum
2872 3690 2941 3742 ad
2976 3688 3203 3743 Borisen
3245 3689 3444 3742 venis-

1865 3792 2007 3851 sent,
2033 3781 2331 3838 honoriiice
2366 3790 2425 3835 et
2455 3782 2684 3835 utdeeet
2711 3781 2961 3835 homines
2994 3782 3218 3835 omnino
3280 3794 3442 3835 vene-

1865 3878 2071 3933 rabiles
2102 3876 2452 3944 divinosque,
2506 3884 2780 3943 receptos,
2808 3873 2876 3928 de
2939 3874 3105 3929 rebus
3153 3873 3221 3928 ad
3292 3875 3444 3943 ipsos

1864 3968 2645 4039 spectantibusinterrogavit.
2688 3964 2790 4031 Qui
2837 3968 3019 4018 omnia
3076 3979 3106 4018 a
3166 3966 3440 4035 principio

1867 4062 1933 4115 ad
1960 4063 2144 4115 linem.
2179 4059 2313 4111 nihil
2344 4059 2686 4122 amittentes,
2716 4063 3100 4109 nari-averuut.
3160 4056 3256 4111 llis
3280 4050 3441 4109 audi-

1868 4150 2086 4214 tis,dux
2116 4162 2343 4217 magnas
2385 4146 2491 4201 Deo
2522 4148 2727 4217 gratias
2760 4147 2895 4215 egit,
2928 4149 3071 4215 quod
3103 4148 3240 4201 tales
3272 4149 3444 4216 ipsius

1866 4239 2182 4292 adoratores
2208 4233 2475 4304 Bulgaria:
2505 4233 2883 4289 benefactores
2948 4236 3215 4300 misisset,
3275 4247 3441 4307 atque

1868 4331 2161 4399 magistros
2214 4339 2269 4383 et
2300 4329 2699 4382 instauratores
2760 4328 2881 4383 ﬁdei
2950 4343 3056 4381 non
3119 4328 3447 4399 qualescun-

1870 4437 1974 4493 que
2008 4422 2271 4483 homines,
2297 4420 2391 4474 sed
2414 4419 2762 4475 confessores
2780 4430 2834 4474 et
2866 4430 3153 4490 martyres.
3188 4423 3443 4477 dedisset.

3343 3228 3441 3283 Ito-

191 4539 451 4594 πίστεως,
488 4533 547 4584 ob
584 4534 708 4591 τοὺς
734 4529 993 4597 τυχόντας
1016 4526 1237 4595 ἄνδρας,
1263 4525 1388 4576 ἀλλ’
1422 4524 1760 4593 ὁμολογητὰς
1796 4538 1840 4593 υ

1796 4538 1840 4593 υ
1872 4513 2026 4567 Datis
2070 4512 2449 4567 sacerdotibus
2503 4511 2750 4565 vestibus
2809 4512 2972 4579 aptis,
3033 4512 3228 4579 hisque
3279 4515 3447 4565 multo

190 4646 249 4682 τε
288 4630 377 4680 καὶ
409 4627 711 4694 μάρτυρας.
759 4621 957 4682 Στολάς
1010 4636 1069 4671 τε
1120 4619 1328 4681 οίκείας
1382 4617 1591 4689 ίερεῦσι
1644 4616 1766 4679 δοὺς

196 4723 288 4773 καὶ
310 4721 460 4790 πασῃ
488 4720 620 4787 τιμῇ
651 4714 1045 4782 δεξιωσάμενος
1077 4711 1320 4778 οἰκήσεις
1356 4711 1542 4770 αὐτοῖς
1566 4711 1765 4761 ἀπονε-

199 4812 437 4883 μηθῆναι
470 4806 762 4880 προσέταξε
794 4806 892 4867 τὰς
916 4806 1027 4866 τοῖς
1058 4801 1294 4875 πρώτοις
1333 4801 1442 4853 τῶν
1470 4800 1637 4855 αὑτοῦ
1684 4799 1771 4867 φί-

198 4906 303 4956 λων
338 4899 747 4969 ἀφωρισμένας,
782 4896 875 4949 καὶ
900 4895 1080 4947 πᾶσαν
1101 4893 1285 4954 αὐτοῖς
1331 4892 1441 4943 τῶν
1495 4890 1778 4961 χρειωδών

199 4995 479 5063 ἰαψίλειαν
507 4990 953 5061 περιεποιήσατο,
985 4984 1045 5038 εὖ
1074 4986 1279 5046 ἁκεῖνος
1341 4983 1517 5048 είδὼς,
1573 4982 1656 5036 ὅτι
1710 4985 1771 5039 τὸ
1810 5014 1813 5018 ι

203 5089 331 5159 περὶ
362 5086 554 5155 μικρὸν
577 5099 625 5135 τε
660 5082 768 5134 τῶν
799 5078 1113 5145 ἀναγκαίων
1140 5075 1218 5144 τῷ
1253 5074 1463 5144 σώματι
1517 5076 1628 5136 τοίς
1668 5076 1769 5144 τῆς

203 5178 483 5253 φροντίδος
507 5175 791 5244 λογισμοῖς
826 5167 1257 5240 ἐπιστρέφεσθαι
1289 5167 1389 5234 τῆς
1443 5167 1579 5236 πρὸς
1638 5168 1770 5221 Θεὸν

202 5272 399 5345 σχολῆς
424 5270 739 5340 ἀφαιρεῖται
784 5264 1063 5333 πάμπολυ.
1122 5254 1250 5329 Εἶχε
1311 5259 1369 5310 δὲ
1420 5259 1581 5311 αὑτὸν
1634 5258 1771 5327 ipso;

201 5366 397 5437 δριμὺς
444 5362 540 5415 τοῦ
596 5358 987 5423 καθ’έκαστην
1034 5352 1243 5413 τούτοις
1288 5349 1771 5420 προσδιαλέγεσθαι

202 5459 297 5513 καὶ
318 5454 461 5526 παρ’
491 5452 671 5507 αὐτῶν
700 5448 943 5519 ἱστορίας
969 5444 1204 5515 ἀρχαίας
1264 5442 1361 5494 καὶ
1409 5441 1558 5511 βίους
1601 5442 1772 5506 ἁγίων

204 5542 657 5603 ἁναδιδάσκεσθαι
688 5541 780 5594 καὶ
809 5539 877 5591 τὰ
925 5536 1033 5589 τῶν
1083 5531 1316 5604 Γραφῶν
1356 5532 1445 5585 διὰ
1507 5532 1775 5601 στὸματος

203 5637 385 5695 αὐτῶν
419 5632 788 5703 επιλέγεσθαι.
840 5626 1002 5682 Ἀλλὰ
1028 5629 1122 5678 καί.
1159 5625 1275 5676 ὅσοι
1308 5617 1449 5692 ἦσαν
1513 5622 1643 5691 περὶ
1674 5622 1771 5673 ab—

204 5735 295 5787 τδν
330 5730 521 5799 γένους
555 5742 613 5779 τε
647 5725 797 5793 δγκῳ
848 5721 943 5774 καὶ
980 5716 1208 5770 πλούτου
1234 5714 1387 5785 βάρει
1427 5714 1535 5765 τῶν
1601 5714 1774 5767 ἄλλων

207 5825 551 5898 προέχοντες,
578 5816 673 5873 καὶ
703 5807 850 5868 οὗτοι
888 5811 953 5884 δὴ
984 5810 1095 5872 τοῖς
1124 5807 1300 5875 ἁγίοις
1334 5804 1771 5875 προσφοιτῶντες

1872 4621 1997 4661 cum
2030 4606 2234 4659 honore
2275 4602 2546 4665 salutatis,
2603 4603 2748 4656 ades
2803 4601 2939 4670 ipsis
3005 4603 3230 4655 attribui
3282 4602 3449 4668 jussit

1870 4714 1987 4768 qua:
2028 4697 2219 4767 primis
2279 4695 2585 4749 amicorum
2640 4709 2866 4751 suorum
2927 4703 3084 4747 erant
3136 4692 3447 4754 destinata'.

1871 4803 2195 4857 omnemque
2228 4787 2664 4842 necessariorum
2696 4786 3089 4839 abundantiam
3147 4785 3281 4855 ipsis
3327 4799 3451 4855 ευρ·

1872 4880 2178 4954 peditabat:
2212 4881 2349 4933 bene
2374 4892 2612 4947 namque
2652 4879 2884 4938 sciebat,
2943 4876 3087 4946 quod
3119 4877 3187 4932 de
3222 4878 3451 4930 minimo

1870 4989 2312 5032 necessariorum
2402 4973 2618 5041 corpori
2689 4972 3172 5041 supputationihus
3239 4978 3297 5024 et
3348 4984 3446 5023 cu-

1874 5072 1952 5125 ris
2015 5068 2273 5129 distrahi,
2329 5064 2643 5121 facultatem
2732 5062 2844 5116 Deo
2912 5061 3141 5115 vacandi
3201 5074 3447 5129 persaepe

1873 5162 2037 5216 tollit.
2071 5160 2287 5214 Ardens
2321 5158 2649 5213 desiderium
2685 5154 2921 5208 habebat
2947 5151 3194 5222 qu0tidie
3224 5166 3347 5205 cum
3368 5151 3451 5206 eis

1880 5252 2251 5321 colloquendi,
2325 5259 2489 5319 atque
2544 5248 2611 5301 ab
2667 5248 2804 5315 ipsis
2862 5245 3127 5298 historias
3195 5243 3452 5310 antiquas

1877 5346 2128 5413 vitasque
2160 5351 2475 5399 sanctorum
2510 5340 2750 5393 vicissim
2814 5336 3087 5398 discendi,
3115 5340 3169 5389 et
3196 5332 3449 5402 Scriptu-

1879 5455 2062 5493 rarum
2134 5437 2458 5491 documenta
2530 5448 2595 5487 ex
2653 5447 2749 5486 ore
2808 5433 3053 5501 ipsorum
3129 5426 3448 5495 colligendi.

1876 5528 2017 5595 Quin
2046 5528 2211 5581 etiam
2237 5532 2504 5597 quotquot
2542 5522 2757 5592 generis
2802 5520 3086 5574 nobilitate
3107 5517 3451 5572 divitiarum-

1876 5638 1981 5693 que
2018 5621 2259 5693 pondere
2294 5627 2529 5673 ceteros
2580 5615 3001 5680 antecellebant,
3036 5613 3451 5683 frequentantes

1876 5724 1931 5771 et
1986 5715 2090 5784 ipsi
2150 5720 2396 5775 sanctos,
2460 5720 2518 5763 ut
2572 5708 2726 5779 pueri
2786 5708 3173 5777 magistrorum
3231 5706 3451 5767 domos,

1877 5808 2061 5863 omnia
2122 5820 2244 5877 qua:
2336 5804 2403 5859 ad
2459 5804 2692 5859 salutem
2754 5807 2999 5870 spectant
3045 5795 3453 5867 interrogabant
