4232 6440
271 410 411 475 1229

1109 404 1285 464 νιΤΑ
1317 401 1378 460 S.
1421 395 1851 459 CLEMENTIS
1878 390 2289 454 BULGARIE
2328 390 2681 449 ARCHIEP.

3376 379 3513 445 1230

267 517 531 590 ὴιτείγετὸ
562 534 619 571 τε
646 517 737 569 καὶ
767 514 984 585 ηὔχετο,
1009 512 1104 566 καὶ
1137 507 1251 563 οἷόν
1275 508 1635 573 τινα-πίνακα
1672 502 1837 571 σοφοῦ
1869 508 1912 564 Α

1798 502 1837 553 μῦ
1869 508 1912 564 Α
1943 516 2167 571 scopum
2201 516 2308 555 non
2340 500 2629 564 attingeret
2661 495 2943 565 satagebat
2977 506 3029 546 et
3056 493 3240 547 orabat
3270 532 3283 555 ,
3306 504 3358 543 et
3382 493 3469 546 vel

267 612 368 678 τὴν
404 612 599 678 τέχνην
617 608 909 677 ζωγραςου
940 604 1036 657 τὸν
1060 603 1270 655 ἐκείνου
1308 600 1421 669 βίον
1450 597 1544 651 καὶ
1572 600 1673 659 τὰς
1692 596 1837 665 πρά-

268 702 382 767 ξεις
445 700 543 767 τῆς
599 696 805 759 οἰκείας
862 697 1086 765 ἀγωγῆς
1145 694 1595 764 προστησάμενος
1650 689 1841 742 ἑαυτὸν

268 793 584 861 ὲζωγρὰφιι
613 791 749 860 πρὸς
774 789 963 843 τοῦτον
990 788 1284 859 ἐπιμελῶς.
1339 785 1441 840 Τὸν
1486 787 1593 856 γὰρ
1651 784 1841 838 τούτου

273 885 391 954 βίον
415 884 491 948 ὡς
516 884 690 947 οὐδεὶς
718 882 876 945 ἄλλος
898 880 1216 949 ἐγίνωσκεν,
1235 873 1324 935 οἷα
1354 881 1418 934 ὲκ
1439 881 1559 934 νέου
1622 879 1704 932 ἔτι
1749 879 1844 931 καὶ

272 977 483 1033 ἁπαλοῦ
502 981 590 1032 Ix:
601 978 693 1047 ίνῳ
710 975 1231 1049 παρηκολουθηκὼς,
1252 976 1346 1030 καὶ
1358 973 1653 1043 ὀφθαλμοῖς
1668 972 1845 1027 πάντα

271 1071 340 1125 τὰ
372 1071 464 1124 τοῦ
497 1071 815 1125 διδασκάλου
841 1070 1221 1142 παρειληφώς.
1255 1067 1489 1122 Συνιδὼν
1521 1067 1578 1119 δὲ
1637 1066 1697 1118 τὸ
1750 1064 1843 1117 τοῦ

272 1164 405 1216 λαοῦ
436 1162 583 1233 παχὺ
608 1162 851 1232 καὶπερὶ
876 1162 940 1214 τὸ
968 1161 1158 1231 νοῆσαι
1190 1160 1410 1231 Γραφὰς
1442 1156 1684 1227 ἀτεχνῶς
1722 1156 1843 1226 δερ-

278 1256 525 1324 μάτινον,
556 1256 652 1309 καὶ
685 1257 851 1324 ἱερεῖς
886 1254 945 1307 δὲ
976 1254 1205 1316 πολλοὺς
1234 1248 1844 1320 ὼυλγὰρουςδυσξυνὲ-

272 1365 383 1408 τως
417 1347 638 1417 ἔχοντας
664 1348 771 1399 τῶν
791 1346 1099 1416 γραικικῶν
1129 1339 1204 1399 ὧν
1232 1345 1362 1415 περὶ
1412 1344 1509 1412 τὴν
1539 1344 1846 1408 ἀνάγνωσιν

279 1442 447 1510 μόνην
482 1441 837 1511 ὲνετρίϐησαν
862 1441 1176 1511 γράμμασι,
1222 1437 1517 1490 κάντεῦθεν
1552 1434 1846 1504 κτηνώδεις

274 1537 455 1599 ὂντας,
487 1536 561 1597 ὼς
597 1535 670 1604 μὴ
699 1535 849 1598 δντος
886 1535 1211 1604 Βουλγὰρων
1268 1533 1487 1603 γλώσσῃ
1538 1547 1844 1599 πανηγυρι-

274 1624 376 1677 κοῦ
418 1625 597 1693 λόγου.
623 1627 808 1680 Ταῦτα
835 1627 1016 1679 τοίνυν
1042 1626 1397 1693 συνεγνωκὼς
1419 1625 1729 1695 μηχανᾶται
1753 1626 1848 1676 καὶ

273 1716 412 1784 προς
448 1716 625 1781 τοῦτο,
670 1719 764 1769 καὶ
793 1718 1048 1787 καθαιρεῖ
1076 1718 1135 1768 τὸ
1178 1717 1276 1785 τῆς
1307 1716 1529 1782 ἀγνοίας
1568 1716 1744 1784 τεῖχος
1772 1715 1847 1783 τῷ

277 1809 654 1876 μηχανήματι.
681 1811 885 1876 Λόγους
909 1811 1015 1881 γὰρ
1042 1808 1404 1871 συντεθεικὼς
1434 1811 1513 1868 είς
1542 1808 1718 1869 πάσας
1748 1807 1845 1870 τὰς

1949 603 2006 645 ιιι
2042 593 2330 662 quemdam
2384 592 2650 659 sapientis
2706 600 2914 657 typum,
2956 587 3105 639 illius
3158 586 3320 637 vitam
3384 600 3508 639 cum

1949 698 2063 737 sua!
2098 684 2217 737 vitae
2242 698 2435 752 genere
2492 680 2845 742 conferendo,
2891 680 3135 747 seipsum
3177 694 3243 730 ex
3276 678 3367 731 illo
3398 688 3513 730 stu-

1948 775 2100 830 diose
2139 774 2427 828 formabat.
2482 774 2633 827 Illius
2663 770 2807 825 enim
2841 772 3008 824 vitam
3064 782 3123 824 ut
3154 784 3316 825 nemo
3372 770 3513 824 alius

1951 867 2349 936 cognoscebat;
2385 876 2571 937 utpote
2615 868 2707 936 qui
2738 880 2769 919 e
2800 866 3004 919 teneris
3036 866 3197 918 annis
3234 864 3385 917 illum
3419 879 3514 917 co-

1951 960 2177 1013 mitatus
2224 967 2363 1021 erat,
2394 971 2447 1013 et
2476 974 2666 1013 omnes
2720 958 3069 1026 praeceptoris
3128 964 3284 1010 actus
3339 956 3516 1011 oculis

1953 1059 2301 1119 prosecutus.
2362 1051 2553 1104 Sciens
2600 1052 2745 1106 enim
2778 1049 2940 1117 hujus
2976 1048 3156 1116 populi
3191 1050 3389 1117 pingue
3431 1048 3517 1101 iii-

1954 1142 2170 1213 genium
2194 1152 2249 1196 et
2275 1149 2340 1197 ad
2366 1143 2748 1211 intelligendas
2790 1142 3107 1210 Scripturas
3142 1141 3300 1209 plane
3336 1142 3518 1195 coria—

1955 1251 2133 1300 ceum,
2187 1240 2499 1305 multosque
2529 1238 2842 1292 sacerdotes
2893 1238 3154 1306 Bulgaros
3180 1236 3396 1289 ditlicile
3436 1237 3520 1289 in-

1956 1327 2195 1397 telligere
2245 1326 2474 1388 Graeca,
2548 1342 2782 1397 quorum
2846 1328 3042 1381 litteris
3100 1326 3169 1379 ad
3218 1328 3510 1381 lectionem

1955 1426 2163 1469 tantum
2203 1419 2631 1477 exercozbantur,
2692 1418 2921 1484 ideoque
2984 1416 3148 1470 rudes
3208 1434 3352 1483 esse,
3412 1434 3518 1471 non

1953 1520 2202 1566 exstante
2232 1510 2590 1579 Bulgarorum
2626 1509 2805 1573 lingua
2842 1510 3093 1562 oratione
3148 1511 3519 1579 panegyrica;

1954 1607 2042 1660 his
2067 1606 2251 1674 itaque
2295 1604 2627 1673 compertis,
2676 1604 2741 1655 ad
2776 1603 2824 1655 id
2864 1618 3079 1671 quoque
3115 1603 3437 1655 moliebatur
3471 1612 3523 1656 et

1954 1697 2221 1752 industria
2249 1712 2347 1751 sua
2378 1712 2593 1750 murum
2630 1698 2947 1764 ignorantia:
2978 1697 3177 1749 evertit
3201 1715 3213 1750 :
3236 1710 3521 1751 sermones

1955 1794 2098 1845 enim
2146 1791 2199 1844 in
2228 1805 2419 1843 omnes
2469 1789 2798 1843 festivitates
2851 1790 3162 1856 composuit
3220 1788 3519 1855 simplices,

276 1900 470 1967 ἑορτὰς
494 1898 696 1961 ἁπλοῦς
718 1900 812 1952 καὶ
836 1904 1025 1967 σαφεῖς
1047 1902 1138 1951 καὶ
1164 1900 1327 1967 μηδὲν
1358 1898 1492 1966 βαθὺ
1527 1899 1656 1967 μηδὲ
1692 1916 1842 1967 περι·
1884 1864 1925 1919 Β

1884 1864 1925 1919 Β
1956 1885 2296 1952 perspicuos,
2332 1884 2469 1935 nihil
2509 1882 2766 1949 profundi
2796 1897 2894 1934 nec
2953 1881 3234 1934 intellectu
3289 1881 3521 1933 dillieilis

276 1993 602 2059 νενοημένον
637 1992 880 2060 ἔχοντας,
904 1990 1022 2044 ἀλλ’
1054 1991 1200 2052 οἴους
1241 1990 1313 2059 μὴ
1360 1989 1668 2057 διαφεύγειν
1713 1990 1849 2057 μηδὲ

275 2086 370 2136 τὸν
400 2084 757 2152 ἡλιθιώτατον
787 2084 844 2137 ὲν
866 2082 1215 2153 Βουλγάηροις,
1241 2082 1329 2135 διὰ
1350 2082 1557 2134 τούτων
1600 2082 1695 2143 τὰς
1743 2081 1851 2133 τῶν

277 2176 665 2245 ἁπλουστέρων
684 2178 862 2245 ψυχὰς
898 2176 1183 2246 ἐθρέψατο,
1219 2176 1451 2242 γάλακτι
1484 2174 1710 2236 ποτίσας
1727 2174 1852 2235 τοὺς

281 2268 357 2337 μὴ
384 2268 717 2335 δυναμένους
765 2267 1139 2339 στερεωτέραν
1170 2267 1380 2335 τροφὴν
1437 2265 1850 2335 προσήκασθαι,

278 2361 374 2412 καὶ
396 2359 608 2422 Παῦλος
641 2359 823 2422 ἄλλοις
851 2362 964 2423 τοῖς
1002 2359 1334 2428 Βουλγέιροις
1364 2357 1671 2428 Κορινθίοις
1694 2358 1853 2419 ἄλλος

275 2452 597 2520 γενόμενος.
630 2452 707 2503 Δι’
732 2451 913 2503 αὐτῶν
957 2450 1066 2519 γὰρ
1095 2452 1201 2502 τῶν
1234 2467 1292 2502 τε
1347 2450 1581 2521 Χριστοῦ
1619 2450 1715 2501 καὶ
1764 2449 1856 2500 ἐπὶ

279 2538 504 2611 Χριστῷ
528 2542 868 2611 τελουμένων
898 2541 1100 2613 ἑορτῶν
1133 2540 1308 2604 ἔξεστι
1338 2540 1530 2607 μαθεῖν
1560 2540 1627 2592 τὰ
1649 2540 1853 2609 μυστή-

285 2652 401 2703 ρια,
442 2635 539 2686 καὶ
560 2634 662 2702 τῆς
692 2636 969 2702 πανάγνω
1001 2634 1263 2687 Θεοτὸκου
1296 2639 1418 2697 ταῖς
1450 2634 1694 2702 μνήμαις
1726 2632 1852 2685 πολ-

282 2727 463 2792 λάκις,
498 2726 572 2790 ὡς
597 2727 736 2793 ῐστε,
780 2728 1097 2796 γινομέναις
1133 2727 1227 2779 τοῦ
1259 2727 1411 2790 ἔτους
1464 2726 1716 2793 ἐγκώμια
1767 2726 1858 2777 καὶ

282 2820 569 2889 διηγήσεις
597 2820 704 2872 τῶν
730 2822 857 2891 περὶ
901 2822 1070 2888 αὐτὴν
1090 2820 1408 2890 θαυμασίων
1431 2821 1519 2871 διὰ
1543 2819 1649 2870 τῶν
1686 2818 1858 2881 λόγων

285 2912 513 2964 ἐκείνων
554 2913 581 2964 ὁ
609 2912 839 2982 Κλήμης
876 2914 1304 2982 πεφιλοτίμηται

290 3002 425 3072 στὴν
454 3004 705 3074 εὑρήσεις
737 3005 1203 3072 ἀνεγκωμίαστον,
1231 3002 1366 3055 ἀλλὰ
1400 3002 1492 3053 καὶ
1517 3003 1611 3063 τὰς
1638 3003 1733 3068 τῆς
1770 3020 1860 3053 κε-

289 3094 467 3163 φαλῆς
500 3094 663 3146 αὑτοῦ
690 3094 1010 3162 θαυμαστὰς
1042 3093 1286 3162 εὑρέσεις
1330 3093 1571 3162 μαθήσῃ,
1596 3094 1689 3145 καὶ
1726 3110 1861 3162 προ-

1343 2928 1352 2939 ·
1388 2912 1509 2964 οὐδὲ
1540 2913 1627 2964 τὸν
1657 2912 1856 2962 Βαπτι-

1955 1978 2239 2039 babentes,
2300 1978 2393 2029 sed
2429 1976 2521 2043 qui
2560 1991 2667 2027 non
2722 1974 2973 2037 laterent,
3028 1974 3109 2027 vel
3164 1973 3520 2042 Bulgarorunt

1953 2070 2424 2137 Stupiiiissimum;
2487 2069 2679 2135 hisque
2716 2068 3068 2120 sermonibus
3123 2067 3521 2133 simpliciorum

1954 2162 2167 2215 animas
2200 2161 2497 2220 enutrivit,
2552 2160 2693 2211 lacte
2739 2173 2999 2212 recreans
3038 2172 3133 2211 eos
3167 2159 3261 2226 qui
3295 2158 3519 2211 solidio-

1959 2270 2072 2308 rem
2105 2267 2287 2307 escam
2322 2251 2550 2308 suﬂ‘erre
2598 2265 2705 2304 non
2752 2250 3016 2311 valerent,
3065 2249 3333 2319 llulgaris,
3367 2252 3524 2305 tt0Vis

1958 2346 2279 2411 Corinthiis,
2312 2346 2449 2398 alter
2478 2344 2679 2399 Paulus
2710 2345 2906 2398 factus.
2947 2345 3018 2397 Ex
3061 2343 3143 2397 his
3173 2345 3317 2397 enim
3352 2341 3523 2395 festo-

1960 2455 2079 2493 rum
2132 2437 2344 2492 Christi
2380 2445 2435 2490 ct
2479 2436 2543 2489 de
2576 2436 2797 2489 Christo
2827 2436 3227 2489 celebratorum
3270 2437 3526 2505 mysteria

1960 2534 2175 2587 discere
2201 2532 2364 2591 licet;
2400 2528 2870 2595 sanctissimmque
2900 2527 3163 2593 Deiparae,
3198 2527 3357 2594 cujus
3378 2542 3528 2579 ρυηι-

1961 2623 2387 2677 memorationes
2430 2621 2766 2689 frequenter,
2823 2630 2880 2672 ut
2932 2620 3119 2683 scitis,
3180 2633 3274 2686 per
3322 2633 3525 2671 annum

1962 2721 2218 2783 aguntur,
2276 2714 2548 2775 encomia,
2607 2720 2661 2765 et
2723 2710 3069 2762 narrationes
3138 2708 3524 2761 miraculorum

1963 2808 2135 2874 ipsam
2199 2805 2566 2871 spectantium
2632 2803 2685 2854 in
2738 2802 2823 2855 his
2879 2800 3226 2853 sermonibus
3257 2816 3527 2868 exponere

1961 2896 2213 2949 Clemens
2245 2902 2437 2949 noster
2468 2892 2678 2957 studet;
2740 2906 2840 2946 nec
2870 2891 3166 2959 Baptistam
3208 2888 3529 2942 illaudatuin

1964 2990 2231 3050 invenies,
2271 2985 2367 3042 sed
2417 2987 2581 3039 etiam
2624 2986 2820 3055 capitis
2859 2983 2977 3052 ejus
3024 2981 3303 3035 mirabiles
3344 2981 3532 3034 inven-

1966 3080 2141 3133 tiones
2172 3080 2373 3140 disces,
2409 3092 2618 3131 necnon
2651 3076 3039 3145 prophetarum
3075 3081 3128 3126 et
3159 3072 3531 3141 apostolorum

289 3189 479 3258 φητῶν
514 3190 606 3241 καὶ
655 3188 969 3243 ἀποστόλων
1005 3190 1229 3258 ἐντεύξῃ
1266 3189 1401 3256 βίοις
1445 3189 1540 3240 καὶ
1573 3189 1860 3259 περιόδοις,
1889 3193 1932 3253 C

1889 3193 1932 3253 Ο
1967 3185 2221 3226 occurres
2246 3170 2372 3223 vitis
2409 3184 2473 3221 ac
2503 3168 2828 3231 itincribus;
2875 3178 2930 3219 et
2955 3174 3251 3233 martyrum
3275 3162 3531 3217 certantia

290 3282 385 3332 καὶ
418 3281 712 3351 μαρτύρων
749 3280 933 3344 ἄθλοις
959 3280 1285 3350 πτερωθήσῃ
1324 3281 1457 3349 πρὸς
1497 3281 1588 3333 τὸν
1620 3280 1858 3341 ἐκείνους

288 3372 380 3425 διὰ
402 3372 494 3424 τοῦ
531 3373 761 3442 αἵματος
792 3371 960 3424 αὑτοῦ
1003 3371 1463 3440 προσλαϐόμενον.
1528 3371 1719 3432 Ποθείς
1764 3373 1859 3422 καὶ

293 3464 553 3532 Πατέρων
577 3463 742 3515 ὁσίων
771 3461 1014 3531 ἀγωγην,
1048 3464 1141 3513 καὶ
1186 3461 1433 3531 ζηλωτὴς
1486 3457 1535 3513 εἷ
1587 3461 1862 3524 πολιτείας

291 3555 535 3622 ἁσὰρκου
577 3554 776 3623 μικροῦ
805 3556 901 3607 καὶ
944 3555 1273 3621 ἀναίμονοςς
1337 3554 1601 3622 Εὐρήσεις
1656 3554 1862 3622 ταύτην

292 3646 585 3715 Βουλγὰρῳ
620 3644 840 3715 γλώσσῃ
879 3645 1205 3711 πονηθεῖσαν
1250 3645 1328 3713 τῷ
1372 3644 1520 3712 σοφῷ
1560 3645 1859 3711 Κλήμεντι.

292 3738 550 3807 Φέρονται
596 3738 705 3803 γὰρ
730 3738 905 3789 ταῦτα
949 3739 1125 3789 πάντα
1184 3740 1334 3806 παρὰ
1386 3740 1497 3798 τοῖς
1556 3737 1865 3803 φιλοπόνοις

294 3832 601 3899 σωζόμενα,
631 3831 790 3883 τοῦτο
836 3831 934 3899 μὲν
959 3831 1036 3891 είς
1062 3829 1290 3889 πολλοὺς
1320 3828 1428 3880 τῶν
1474 3830 1643 3895 ἁγίων
1676 3846 1863 3881 συντε-

296 3921 546 3990 θειμένα,
600 3920 759 3973 τοῦτο
814 3920 857 3973 δ’
913 3919 993 3980 είς
1038 3920 1137 3990 τὴν
1180 3919 1521 3990 πανὰμωμον
1580 3918 1673 3971 τοῦ
1726 3919 1864 3971 Θεοῦ

296 4014 526 4084 Μητέρα
561 4012 876 4081 ἱκετηρίοις,
913 4012 1377 4087 εὖχαριστηρίοις,
1407 4011 1500 4063 καὶ
1544 4010 1733 4074 ἁπλῶς
1784 4011 1863 4062 εἰ·

296 4104 443 4163 πεῖν,
506 4103 685 4155 πάντα
738 4102 805 4152 τὰ
856 4106 953 4172 τῆς
1004 4103 1354 4173 Ἐκκλησίας,
1408 4103 1503 4155 καῖ
1536 4097 1617 4165 ο⁷ς
1653 4102 1864 4172 μνῆμαι

298 4194 433 4245 Θεοῦ
468 4195 560 4245 καὶ
582 4194 753 4261 ἁγίων
789 4193 1201 4262 φαιδρύνονται,
1248 4192 1343 4245 καὶ
1384 4192 1555 4262 ψυχαὶ
1594 4193 1864 4246 κατανύε-

301 4303 506 4348 σονται,
544 4286 773 4354 Κλήμης
794 4288 903 4346 τοῖς
943 4284 1275 4353 Βουλγάροις
1313 4285 1445 4353 ἡμῖν
1486 4283 1792 4353 παρέδωκε.

372 4382 497 4433 ΚΓ.
522 4380 704 4433 Ταῦτα
728 4381 785 4432 δὲ
810 4381 908 4431 xiv
944 4379 1020 4449 τῷ
1045 4379 1394 4449 μοναστηρίῳ
1424 4378 1587 4431 αὐτοῦ
1612 4379 1864 4439 ἀπέθετο,

299 4475 325 4525 ὃ
351 4484 406 4526 εν
446 4475 645 4542 Ἀχρίδι
680 4473 956 4540 ἐδείματο,
992 4470 1071 4522 ἔτι
1096 4471 1375 4540 περιόντος
1397 4471 1474 4540 τῷ
1507 4470 1605 4540 βίῳ
1631 4470 1726 4522 τοῦ
1759 4488 1863 4540 μα-

1971 3260 2131 3314 nibus
2167 3259 2265 3313 alat
2295 3259 2393 3313 tibi
2414 3258 2687 3312 addentur
2718 3256 2785 3310 ad
2810 3271 2934 3312 eum
2964 3256 3055 3323 qui
3088 3253 3222 3307 istos
3253 3267 3349 3321 per
3370 3266 3531 3306 suum

1968 3352 2289 3421 sanguinem
2319 3349 2543 3417 recepit.
2580 3348 2820 3415 Cupisne
2855 3357 3187 3413 cognoscere
3214 3348 3533 3395 sanctorum

1969 3443 2191 3497 Patrum
2245 3441 2596 3509 disciplinam
2648 3447 2813 3507 atque
2858 3450 3047 3491 eormn
3085 3434 3250 3486 vitam
3303 3431 3417 3486 fere
3448 3432 3535 3485 itt-

1968 3548 2287 3604 corpoream
2322 3542 2376 3587 et
2416 3532 2668 3599 sanguini
2701 3527 3328 3585 extraneamanenies
3353 3539 3472 3579 eam
3504 3539 3535 3578 α

1969 3628 2203 3697 sapienti
2267 3625 2546 3679 Clemente
2610 3624 2791 3689 lingua
2844 3620 3132 3690 Bulgarica
3180 3618 3532 3685 descriptam.

1969 3722 2240 3775 Feruntur
2295 3720 2439 3770 enim
2484 3717 2599 3769 Innc
2652 3716 2836 3769 omnia
2895 3728 2924 3765 a
2985 3710 3247 3765 studiosis
3298 3718 3534 3769 servata,

1970 3816 2165 3883 partim
2228 3813 2282 3865 in
2332 3813 2514 3880 plures
2554 3817 2774 3862 sanctos
2829 3806 3155 3874 composita,
3209 3804 3405 3871 partim
3465 3801 3534 3853 ad

1971 3905 2369 3957 immaculatum
2425 3900 2521 3955 Dei
2552 3898 2778 3952 Matrem
2838 3894 3329 3964 supplicationibus
3366 3890 3537 3959 grati-

1968 3998 2179 4066 hosque
2208 3995 2442 4058 referta;
2472 4005 2543 4055 et,
2600 4000 2661 4043 ut
2692 3989 2840 4042 brevi
2874 3988 3075 4046 dicam,
3116 3984 3299 4037 omnia
3328 3983 3394 4035 ad
3426 3980 3534 4035 Ec-

1970 4089 2192 4143 rlesiam
2256 4082 2627 4155 pertinentia,
2693 4080 2894 4151 quibus
2958 4076 3052 4130 Dei
3110 4084 3535 4139 sanctorumque

1972 4180 2246 4233 memoria
2300 4178 2645 4230 illustrantur
2703 4180 2757 4225 et
2810 4170 3003 4223 anima:
3075 4174 3537 4234 cenipunguntur,

1971 4271 2082 4323 hare
2108 4270 2361 4322 Clemens
2390 4264 2548 4320 nobis
2578 4261 2826 4333 Bulgaris
2862 4258 3115 4313 tradidit.

2040 4358 2230 4413 XXIII.
2276 4358 2612 4427 Deposuerat
2668 4356 2782 4407 haec
2828 4350 3013 4404 omnia
3065 4351 3119 4402 in
3179 4346 3534 4409 monasterio,

1972 4447 2120 4518 quod
2174 4451 2227 4501 in
2273 4445 2512 4499 Achride
2563 4448 2967 4505 construxerat,
3020 4438 3201 4491 adhuc
3234 4437 3536 4505 superstite

299 4563 556 4631 καριστυῦ
588 4564 833 4633 Βορίσου,
869 4562 998 4632 πρὶν
1028 4562 1060 4631 ἢ
1105 4564 1322 4623 πάντως
1349 4560 1446 4632 τὴν
1470 4562 1571 4630 τῆς
1608 4561 1863 4625 Βελίτζας
1900 4539 1943 4594 θ

1900 4539 1943 4594 1)
1974 4540 2290 4595 beatissimo
2313 4536 2523 4597 Borise,
2551 4534 2869 4602 priusquam
2892 4530 3113 4584 Velit-tae
3161 4529 3536 4597 episcopatum

300 4656 606 4722 ἐπισκοπὴν
627 4654 1007 4719 ἀναδέξασθαι.
1052 4654 1202 4707 Ἐπεὶ
1235 4655 1345 4722 γὰρ
1388 4649 1493 4707 εῐδι
1536 4653 1723 4705 τοῦτον
1768 4654 1868 4720 ἆρ-

301 4765 465 4817 χιιντα
494 4750 673 4801 πᾶσαν
705 4749 803 4815 τὴν
837 4747 929 4798 ὑπ’
958 4745 1108 4815 αὖτῷ
1140 4744 1479 4814 Βουλγαρίαν
1526 4745 1667 4796 ἑπτὰ
1704 4744 1867 4796 καθα-

302 4845 469 4903 ιικοῐς
498 4843 643 4903 ναοῖς
674 4837 1051 4909 περιζώσαντα
1080 4838 1170 4889 καὶ
1196 4831 1304 4888 οἷόν
1326 4852 1443 4888 τινα
1459 4835 1679 4903 λυχνίαν
1703 4835 1869 4887 ἐπτα-

299 4952 477 5004 φωτον
510 4932 924 5000 ἁναλὰμψαντα,
953 4928 1183 5000 ἠθέλησε
1219 4928 1313 4980 καὶ
1345 4927 1503 4987 αὐτὸς
1566 4928 1622 4977 ἐν
1688 4924 1872 4995 Ἀχρί-

298 5028 348 5077 δι
391 5028 588 5077 οἰκεῖον
625 5023 915 5091 δείμασθαι
981 5018 1360 5089 μοναστήριον.
1422 5015 1610 5085 Τούτῳ
1664 5016 1721 5068 δὲ
1778 5015 1871 5067 καὶ

301 5114 496 5185 ἑτέραν
554 5112 853 5182 ἐκκλησίαν
896 5109 1257 5181 προσέθηκεν,
1315 5108 1383 5176 ἡν
1435 5105 1663 5175 ὕστερον
1713 5106 1871 5175 ἁρχι-

300 5205 607 5274 ιπισκοπῆς
634 5204 823 5273 θρόνον
845 5203 1027 5255 ἔθεντο
1048 5220 1060 5232 ·
1090 5204 1183 5254 καὶ
1212 5198 1384 5259 οῦτως
1413 5194 1550 5267 ἦσαν
1580 5201 1635 5247 ὲν
1669 5196 1870 5265 Ἀχρίδι

304 5302 448 5369 τρεῖς
497 5298 807 5368 ἐκκλησίαι,
846 5298 944 5366 μία
978 5298 1075 5366 μὲν
1124 5296 1156 5363 ὴ
1202 5292 1486 5359 καθολικὴ,
1541 5290 1632 5341 δύο
1672 5290 1728 5341 δὲ
1776 5288 1869 5341 τοῦ

304 5392 452 5461 ἱεροῦ
512 5392 866 5461 Κλήμεντος,
934 5387 1152 5458 μεγέθει
1210 5382 1389 5450 πολλῴ
1430 5382 1527 5448 τῆς
1578 5378 1871 5445 καθολικῆς

304 5484 657 5554 βραχύτεραι,
682 5483 922 5553 σχήματι
956 5479 1011 5531 δὲ
1034 5474 1395 5547 περιηγμινῳ
1432 5475 1524 5525 καὶ,
1556 5470 1874 5538 κυκλοτερεί

300 5578 506 5645 ταύτης
530 5576 1010 5644 ἐπιτερπέστεραι.
1046 5569 1313 5623 Ἐσπευδε
1361 5569 1468 5635 γὰρ
1521 5566 1607 5634 διὰ
1658 5565 1873 5615 πάντων

1973 4634 2326 4701 suscepisset.
2372 4628 2469 4683 Ubi
2499 4630 2645 4681 enim
2696 4626 2829 4679 vidit
2855 4625 3000 4678 hunc
3033 4622 3334 4692 principem
3368 4630 3536 4673 totam

1976 4726 2077 4781 sibi
2110 4723 2384 4778 subditam
2421 4720 2726 4790 uulgariam
2764 4726 2970 4785 septem
3002 4714 3287 4769 catholicis
3317 4714 3534 4780 templis

1973 4819 2194 4873 dutaSse
2246 4819 2496 4885 velutque
2535 4810 2921 4867 candelabrum
2986 4818 3192 4876 septem
3245 4806 3540 4859 luminibus

1976 4925 2229 4968 ornatum
2278 4906 2639 4969 illuminasse,
2675 4903 2843 4957 voluit
2893 4909 2946 4955 ct
2991 4903 3105 4970 ipse
3135 4898 3371 4952 Achride
3410 4913 3539 4967 pro-

1977 5003 2153 5071 prium
2194 4998 2468 5053 aediﬁcare
2514 4995 2923 5057 monasterium,
2983 4993 3070 5045 cui
3107 4990 3271 5044 etiam
3309 4989 3535 5041 alteram

1978 5095 2173 5164 adjecit
2194 5092 2506 5154 ecclesiam,
2535 5104 2653 5157 qua:
2677 5096 2865 5155 postea
2905 5084 3413 5152 archiepiscopatus
3454 5096 3537 5133 se-

1978 5189 2073 5242 des
2109 5185 2407 5239 coustituta
2458 5190 2563 5237 est.
2602 5180 2667 5235 Et
2712 5178 2951 5233 Acliride
2992 5177 3212 5246 quidem
3245 5183 3356 5227 tres
3387 5180 3545 5226 erant

1980 5279 2245 5341 ecclesia,
2298 5292 2405 5329 una
2439 5275 2729 5336 catholica,
2787 5281 2841 5324 et
2885 5271 3007 5322 dua:
3056 5268 3166 5320 divi
3218 5264 3536 5325 Clementis,

1981 5369 2355 5441 magnitudine
2413 5368 2582 5421 multo
2612 5364 2881 5419 catholica
2944 5362 3205 5419 minores,
3238 5357 3331 5411 sed
3368 5355 3541 5409 forma

1979 5471 2032 5519 et
2053 5465 2289 5517 circuitu
2324 5460 2415 5513 illa
2448 5459 2618 5511 multo
2642 5463 2989 5526 prastantes.
3014 5454 3112 5505 Per
3141 5452 3324 5503 omnia
3350 5462 3543 5516 nempe

1983 5557 2227 5612 tentabat
2283 5554 2636 5620 Bulgarorum
2689 5550 2832 5604 circa
2890 5561 2980 5600 res
3030 5544 3244 5597 divinas
3282 5542 3548 5595 incuriam

302 5674 401 5743 τὴν
446 5632 554 5725 των
602 5632 926 5739 Βούλγάρων
974 5670 1103 5737 περὶ
1167 5666 1233 5718 τὰ
1295 5632 1742 5731 θεῖα-ρᾳθυμίαν
1798 5661 1887 5711 ἐκ·

1878 5682 1887 5691 -
1974 5648 2281 5717 expellere,
2345 5641 2863 5713 pulchritudineque
2919 5638 3272 5691 aediﬁciorum
3338 5632 3549 5686 animos

307 5765 627 5833 κρούεσθαι,
654 5765 745 5815 καί
781 5763 858 5831 τῷ
889 5762 1074 5814 καλλει
1114 5758 1223 5811 τῶν
1276 5754 1725 5824 οἰκοδομημάτων
1779 5752 1877 5816 ὲφ-

307 5861 454 5927 six/.0.
484 5857 634 5919 ἑνους
666 5854 1016 5922 συνάγεσθαι,
1053 5850 1148 5905 καὶ
1186 5850 1317 5913 ὅλως
1342 5843 1647 5916 ἐξημεροῦν
1688 5843 1746 5895 τὸ
1783 5842 1881 5908 τῆς

1983 5740 2312 5797 demulcere,
2365 5748 2421 5787 et
2478 5741 2728 5785 naturam
2774 5730 2959 5783 cordis
3012 5742 3200 5782 eorum
3260 5736 3550 5794 agrestem,

1989 5832 2177 5886 rudem
2207 5838 2369 5898 atque
2398 5827 2461 5881 ad
2489 5825 2672 5881 divina
2694 5820 3072 5893 cognoscenda
3108 5818 3361 5871 rebellem
3398 5827 3556 5881 prur-
