  <div class='ocr_page' id='page_1' title='image "/cluster/home/n/w/nwhite01/storage/ocr_20150623/126/nnc1.0046979859/648.png"; bbox 0 0 4232 6440; ppageno 0'>
   <div class='ocr_carea' id='block_1_1' title="bbox 300 361 437 430">
    <p class='ocr_par' dir='ltr' id='par_1_1' title="bbox 300 361 437 430">
     <span class='ocr_line' id='line_1_1' title="bbox 300 361 437 430; baseline 0.058 -8"><span class='ocrx_word' id='word_1_1' title='bbox 300 361 320 422; x_wconf 87' lang='lat' dir='ltr'><strong>l</strong></span> <span class='ocrx_word' id='word_1_2' title='bbox 334 364 437 430; x_wconf 73' lang='lat'><strong>233</strong></span> 
     </span>
    </p>
   </div>
   <div class='ocr_carea' id='block_1_2' title="bbox 1128 376 2720 447">
    <p class='ocr_par' dir='ltr' id='par_1_2' title="bbox 1128 376 2720 447">
     <span class='ocr_line' id='line_1_2' title="bbox 1128 376 2720 447; baseline 0.008 -12"><span class='ocrx_word' id='word_1_3' title='bbox 1128 377 1307 435; x_wconf 71' lang='lat' dir='ltr'><strong>\&#39;lT.\</strong></span> <span class='ocrx_word' id='word_1_4' title='bbox 1346 381 1401 440; x_wconf 82' lang='lat' dir='ltr'><strong>S.</strong></span> <span class='ocrx_word' id='word_1_5' title='bbox 1447 376 1877 436; x_wconf 70' lang='lat' dir='ltr'><strong>CLEMENTIS</strong></span> <span class='ocrx_word' id='word_1_6' title='bbox 1920 378 2331 442; x_wconf 70' lang='lat' dir='ltr'><strong>BUI.GARL’E</strong></span> <span class='ocrx_word' id='word_1_7' title='bbox 2365 385 2720 447; x_wconf 72' lang='lat' dir='ltr'><strong>AliClllEP.</strong></span> 
     </span>
    </p>
   </div>
   <div class='ocr_carea' id='block_1_3' title="bbox 3405 391 3536 454">
    <p class='ocr_par' dir='ltr' id='par_1_3' title="bbox 3405 391 3536 454">
     <span class='ocr_line' id='line_1_3' title="bbox 3405 391 3536 454; baseline 0.031 -4"><span class='ocrx_word' id='word_1_8' title='bbox 3405 391 3422 451; x_wconf 88' lang='lat' dir='ltr'><strong>l</strong></span> <span class='ocrx_word' id='word_1_9' title='bbox 3434 394 3536 454; x_wconf 74' lang='lat'><strong>234-</strong></span> 
     </span>
    </p>
   </div>
   <div class='ocr_carea' id='block_1_4' title="bbox 284 475 2720 572">
    <p class='ocr_par' dir='ltr' id='par_1_4' title="bbox 284 475 2716 568">
     <span class='ocr_line' id='line_1_4' title="bbox 284 475 2716 568; baseline 0.012 -46"><span class='ocrx_word' id='word_1_10' title='bbox 284 476 384 538; x_wconf 71' lang='grc' dir='ltr'>τὴν</span> <span class='ocrx_word' id='word_1_11' title='bbox 422 475 745 544; x_wconf 70' lang='grc' dir='ltr'><strong>Ἐκκλησίαν</strong></span> <span class='ocrx_word' id='word_1_12' title='bbox 769 479 862 531; x_wconf 77' lang='grc' dir='ltr'>τοῦ</span> <span class='ocrx_word' id='word_1_13' title='bbox 900 481 1058 546; x_wconf 69' lang='grc' dir='ltr'>Θεοῦ,</span> <span class='ocrx_word' id='word_1_14' title='bbox 1089 484 1223 537; x_wconf 73' lang='grc' dir='ltr'>ἀλλὰ</span> <span class='ocrx_word' id='word_1_15' title='bbox 1247 487 1314 538; x_wconf 80' lang='grc' dir='ltr'>δι’</span> <span class='ocrx_word' id='word_1_16' title='bbox 1353 489 1638 559; x_wconf 69' lang='grc' dir='ltr'>εὐλέιϐειαν</span> <span class='ocrx_word' id='word_1_17' title='bbox 1673 508 1853 558; x_wconf 78' lang='grc' dir='ltr'>μακα-</span> <span class='ocrx_word' id='word_1_18' title='bbox 1885 494 1926 545; x_wconf 75' lang='grc' dir='ltr'>Α</span> <span class='ocrx_word' id='word_1_19' title='bbox 1961 491 2256 547; x_wconf 67' lang='grc' dir='ltr'><strong>Ερεῗρςίαῐη</strong></span> <span class='ocrx_word' id='word_1_20' title='bbox 2292 495 2408 556; x_wconf 85' lang='lat' dir='ltr'><strong>Dei,</strong></span> <span class='ocrx_word' id='word_1_21' title='bbox 2474 499 2566 551; x_wconf 82' lang='lat' dir='ltr'><strong>sed</strong></span> <span class='ocrx_word' id='word_1_22' title='bbox 2622 515 2716 568; x_wconf 88' lang='lat' dir='ltr'><strong>per</strong></span> 
     </span>
    </p>
   </div>
   <div class='ocr_carea' id='block_1_5' title="bbox 1855 475 3533 572">
    <p class='ocr_par' dir='ltr' id='par_1_5' title="bbox 1885 491 3533 572">
     <span class='ocr_line' id='line_1_5' title="bbox 1885 491 3533 572; baseline 0.006 -27"><span class='ocrx_word' id='word_1_23' title='bbox 1885 494 1926 545; x_wconf 76' lang='grc' dir='ltr'>Α</span> <span class='ocrx_word' id='word_1_24' title='bbox 1961 491 2256 547; x_wconf 70' lang='grc' dir='ltr'>Εοοῗοςίοιη</span> <span class='ocrx_word' id='word_1_25' title='bbox 2292 495 2408 556; x_wconf 88' lang='lat' dir='ltr'><strong>Dei,</strong></span> <span class='ocrx_word' id='word_1_26' title='bbox 2474 499 2566 551; x_wconf 81' lang='lat' dir='ltr'><strong>sed</strong></span> <span class='ocrx_word' id='word_1_27' title='bbox 2622 515 2716 568; x_wconf 89' lang='lat' dir='ltr'><strong>per</strong></span> <span class='ocrx_word' id='word_1_28' title='bbox 2766 499 3093 554; x_wconf 73' lang='lat' dir='ltr'><strong>laudabilem</strong></span> <span class='ocrx_word' id='word_1_29' title='bbox 3156 504 3533 572; x_wconf 71' lang='lat' dir='ltr'><strong>divinilttsquc</strong></span> 
     </span>
    </p>
   </div>
   <div class='ocr_carea' id='block_1_6' title="bbox 287 567 1854 647">
    <p class='ocr_par' dir='ltr' id='par_1_6' title="bbox 287 567 1854 647">
     <span class='ocr_line' id='line_1_6' title="bbox 287 567 1854 647; baseline 0.014 -36"><span class='ocrx_word' id='word_1_30' title='bbox 287 567 478 629; x_wconf 69' lang='grc' dir='ltr'>ριστῆν</span> <span class='ocrx_word' id='word_1_31' title='bbox 510 583 567 617; x_wconf 91' lang='grc' dir='ltr'><strong>τε</strong></span> <span class='ocrx_word' id='word_1_32' title='bbox 593 569 686 618; x_wconf 73' lang='grc' dir='ltr'>καὶ</span> <span class='ocrx_word' id='word_1_33' title='bbox 716 568 940 623; x_wconf 76' lang='grc' dir='ltr'>ἔνθεον·</span> <span class='ocrx_word' id='word_1_34' title='bbox 1006 574 1195 626; x_wconf 86' lang='grc' dir='ltr'>ἐδεδίει</span> <span class='ocrx_word' id='word_1_35' title='bbox 1256 578 1382 646; x_wconf 69' lang='grc' dir='ltr'>γὰρ,</span> <span class='ocrx_word' id='word_1_36' title='bbox 1447 580 1519 646; x_wconf 83' lang='grc' dir='ltr'>μὴ</span> <span class='ocrx_word' id='word_1_37' title='bbox 1570 583 1633 647; x_wconf 81' lang='grc' dir='ltr'>τῇ</span> <span class='ocrx_word' id='word_1_38' title='bbox 1685 580 1854 632; x_wconf 71' lang='grc' dir='ltr'>αὐτοῦ</span> 
     </span>
    </p>
   </div>
   <div class='ocr_carea' id='block_1_7' title="bbox 281 653 1856 740">
    <p class='ocr_par' dir='ltr' id='par_1_7' title="bbox 281 653 1856 740">
     <span class='ocr_line' id='line_1_7' title="bbox 281 653 1856 740; baseline 0.013 -38"><span class='ocrx_word' id='word_1_39' title='bbox 281 653 538 725; x_wconf 70' lang='grc' dir='ltr'>ἀσθενείᾳ</span> <span class='ocrx_word' id='word_1_40' title='bbox 562 657 619 708; x_wconf 82' lang='grc' dir='ltr'>τὸ</span> <span class='ocrx_word' id='word_1_41' title='bbox 651 659 812 726; x_wconf 73' lang='grc' dir='ltr'>ἔργον</span> <span class='ocrx_word' id='word_1_42' title='bbox 846 665 941 714; x_wconf 73' lang='grc' dir='ltr'>τοῦ</span> <span class='ocrx_word' id='word_1_43' title='bbox 972 664 1105 717; x_wconf 65' lang='grc' dir='ltr'><strong>(ιδεοῦ</strong></span> <span class='ocrx_word' id='word_1_44' title='bbox 1139 669 1480 724; x_wconf 76' lang='grc' dir='ltr'>καταλύοιτο.</span> <span class='ocrx_word' id='word_1_45' title='bbox 1535 673 1644 724; x_wconf 78' lang='grc' dir='ltr'><strong>Καὶ</strong></span> <span class='ocrx_word' id='word_1_46' title='bbox 1683 671 1747 740; x_wconf 81' lang='grc' dir='ltr'><strong>δή</strong></span> <span class='ocrx_word' id='word_1_47' title='bbox 1779 672 1856 735; x_wconf 80' lang='grc' dir='ltr'>τῷ</span> 
     </span>
    </p>
   </div>
   <div class='ocr_carea' id='block_1_8' title="bbox 281 741 1853 823">
    <p class='ocr_par' dir='ltr' id='par_1_8' title="bbox 281 741 1853 823">
     <span class='ocr_line' id='line_1_8' title="bbox 281 741 1853 823; baseline 0.015 -32"><span class='ocrx_word' id='word_1_48' title='bbox 281 741 496 809; x_wconf 79' lang='grc' dir='ltr'>βασιλεῖ</span> <span class='ocrx_word' id='word_1_49' title='bbox 529 749 859 815; x_wconf 88' lang='grc' dir='ltr'>προσελθὼν,</span> <span class='ocrx_word' id='word_1_50' title='bbox 897 751 1058 822; x_wconf 85' lang='grc' dir='ltr'>’Λχρι</span> <span class='ocrx_word' id='word_1_51' title='bbox 1096 756 1213 823; x_wconf 85' lang='grc' dir='ltr'>μὲν.</span> <span class='ocrx_word' id='word_1_52' title='bbox 1269 755 1410 820; x_wconf 81' lang='grc' dir='ltr'>εἷπε,</span> <span class='ocrx_word' id='word_1_53' title='bbox 1472 759 1853 814; x_wconf 76' lang='grc' dir='ltr'>θεοσεὸἐστατε</span> 
     </span>
    </p>
   </div>
   <div class='ocr_carea' id='block_1_9' title="bbox 280 834 1853 919">
    <p class='ocr_par' dir='ltr' id='par_1_9' title="bbox 280 834 1853 919">
     <span class='ocr_line' id='line_1_9' title="bbox 280 834 1853 919; baseline 0.012 -35"><span class='ocrx_word' id='word_1_54' title='bbox 280 834 568 901; x_wconf 79' lang='grc' dir='ltr'>βασιλέων,</span> <span class='ocrx_word' id='word_1_55' title='bbox 611 842 824 911; x_wconf 80' lang='grc' dir='ltr'>ἀντεῖχέ</span> <span class='ocrx_word' id='word_1_56' title='bbox 873 861 964 912; x_wconf 87' lang='grc' dir='ltr'><strong>μοι</strong></span> <span class='ocrx_word' id='word_1_57' title='bbox 1021 846 1094 898; x_wconf 59' lang='lat' dir='ltr'><strong>ea.</strong></span> <span class='ocrx_word' id='word_1_58' title='bbox 1130 849 1286 916; x_wconf 82' lang='grc' dir='ltr'>σῶμα</span> <span class='ocrx_word' id='word_1_59' title='bbox 1348 849 1484 919; x_wconf 80' lang='grc' dir='ltr'>πρὸς</span> <span class='ocrx_word' id='word_1_60' title='bbox 1521 852 1717 914; x_wconf 83' lang='grc' dir='ltr'>πόνους</span> <span class='ocrx_word' id='word_1_61' title='bbox 1761 852 1853 906; x_wconf 72' lang='grc' dir='ltr'>καὶ</span> 
     </span>
    </p>
   </div>
   <div class='ocr_carea' id='block_1_10' title="bbox 281 928 1854 1008">
    <p class='ocr_par' dir='ltr' id='par_1_10' title="bbox 281 928 1854 1008">
     <span class='ocr_line' id='line_1_10' title="bbox 281 928 1854 1008; baseline 0.013 -32"><span class='ocrx_word' id='word_1_62' title='bbox 281 928 571 994; x_wconf 78' lang='grc' dir='ltr'><strong>φροντίδας</strong></span> <span class='ocrx_word' id='word_1_63' title='bbox 603 932 1076 1002; x_wconf 75' lang='grc' dir='ltr'>ἐκκλησιαστικάς,</span> <span class='ocrx_word' id='word_1_64' title='bbox 1105 939 1408 1008; x_wconf 81' lang='grc' dir='ltr'>βαρυτέρας</span> <span class='ocrx_word' id='word_1_65' title='bbox 1437 941 1602 1004; x_wconf 75' lang='grc' dir='ltr'>οὔσας</span> <span class='ocrx_word' id='word_1_66' title='bbox 1628 942 1734 994; x_wconf 82' lang='grc' dir='ltr'>τῶν</span> <span class='ocrx_word' id='word_1_67' title='bbox 1761 961 1854 996; x_wconf 87' lang='grc' dir='ltr'>πο·</span> 
     </span>
    </p>
   </div>
   <div class='ocr_carea' id='block_1_11' title="bbox 280 1015 1852 1101">
    <p class='ocr_par' dir='ltr' id='par_1_11' title="bbox 280 1015 1852 1101">
     <span class='ocr_line' id='line_1_11' title="bbox 280 1015 1852 1101; baseline 0.013 -35"><span class='ocrx_word' id='word_1_68' title='bbox 280 1015 527 1081; x_wconf 83' lang='grc' dir='ltr'>λιτικῶν,</span> <span class='ocrx_word' id='word_1_69' title='bbox 565 1019 641 1084; x_wconf 86' lang='grc' dir='ltr'><strong>ὡς</strong></span> <span class='ocrx_word' id='word_1_70' title='bbox 665 1021 840 1091; x_wconf 78' lang='grc' dir='ltr'>ἔγωγε</span> <span class='ocrx_word' id='word_1_71' title='bbox 877 1027 1154 1097; x_wconf 85' lang='grc' dir='ltr'>πείθομαι,</span> <span class='ocrx_word' id='word_1_72' title='bbox 1188 1030 1247 1082; x_wconf 77' lang='grc' dir='ltr'>τὸ</span> <span class='ocrx_word' id='word_1_73' title='bbox 1275 1031 1371 1100; x_wconf 77' lang='grc' dir='ltr'>τὴν</span> <span class='ocrx_word' id='word_1_74' title='bbox 1408 1032 1732 1101; x_wconf 79' lang='grc' dir='ltr'><strong>Ἐκκλησίαν</strong></span> <span class='ocrx_word' id='word_1_75' title='bbox 1762 1033 1852 1086; x_wconf 82' lang='grc' dir='ltr'><strong>τοῦ</strong></span> 
     </span>
    </p>
   </div>
   <div class='ocr_carea' id='block_1_12' title="bbox 283 1107 1853 1194">
    <p class='ocr_par' dir='ltr' id='par_1_12' title="bbox 283 1107 1853 1194">
     <span class='ocr_line' id='line_1_12' title="bbox 283 1107 1853 1194; baseline 0.011 -36"><span class='ocrx_word' id='word_1_76' title='bbox 283 1107 421 1158; x_wconf 76' lang='grc' dir='ltr'>Θεοῦ</span> <span class='ocrx_word' id='word_1_77' title='bbox 484 1112 822 1178; x_wconf 69' lang='grc' dir='ltr'><strong>καταλιπεῖν,</strong></span> <span class='ocrx_word' id='word_1_78' title='bbox 890 1118 955 1186; x_wconf 81' lang='grc' dir='ltr'>ἢν</span> <span class='ocrx_word' id='word_1_79' title='bbox 1011 1120 1171 1181; x_wconf 77' lang='grc' dir='ltr'>αὐτὸς</span> <span class='ocrx_word' id='word_1_80' title='bbox 1229 1123 1520 1192; x_wconf 82' lang='grc' dir='ltr'>ἐνεχείρισέ</span> <span class='ocrx_word' id='word_1_81' title='bbox 1559 1141 1647 1192; x_wconf 85' lang='grc' dir='ltr'><strong>μοι</strong></span> <span class='ocrx_word' id='word_1_82' title='bbox 1675 1125 1752 1192; x_wconf 82' lang='grc' dir='ltr'>τῷ</span> <span class='ocrx_word' id='word_1_83' title='bbox 1777 1126 1853 1194; x_wconf 81' lang='grc' dir='ltr'>σῷ</span> 
     </span>
    </p>
   </div>
   <div class='ocr_carea' id='block_1_13' title="bbox 281 1201 1853 1282">
    <p class='ocr_par' dir='ltr' id='par_1_13' title="bbox 281 1201 1853 1282">
     <span class='ocr_line' id='line_1_13' title="bbox 281 1201 1853 1282; baseline 0.015 -33"><span class='ocrx_word' id='word_1_84' title='bbox 281 1201 477 1266; x_wconf 73' lang='grc' dir='ltr'>κράτει</span> <span class='ocrx_word' id='word_1_85' title='bbox 509 1205 651 1272; x_wconf 71' lang='grc' dir='ltr'>χειρὶ</span> <span class='ocrx_word' id='word_1_86' title='bbox 675 1208 1040 1276; x_wconf 80' lang='grc' dir='ltr'>χρησάμενος,</span> <span class='ocrx_word' id='word_1_87' title='bbox 1082 1211 1283 1275; x_wconf 79' lang='grc' dir='ltr'><strong>πάσαις</strong></span> <span class='ocrx_word' id='word_1_88' title='bbox 1308 1213 1506 1282; x_wconf 73' lang='grc' dir='ltr'>ψήφοις</span> <span class='ocrx_word' id='word_1_89' title='bbox 1557 1217 1728 1272; x_wconf 81' lang='grc' dir='ltr'>ἐδόκει</span> <span class='ocrx_word' id='word_1_90' title='bbox 1754 1236 1853 1272; x_wconf 81' lang='grc' dir='ltr'>κα-</span> 
     </span>
    </p>
   </div>
   <div class='ocr_carea' id='block_1_14' title="bbox 278 1290 1851 1378">
    <p class='ocr_par' dir='ltr' id='par_1_14' title="bbox 278 1290 1851 1378">
     <span class='ocr_line' id='line_1_14' title="bbox 278 1290 1851 1378; baseline 0.014 -38"><span class='ocrx_word' id='word_1_91' title='bbox 278 1290 558 1358; x_wconf 75' lang='grc' dir='ltr'>τάκριτον,</span> <span class='ocrx_word' id='word_1_92' title='bbox 584 1295 678 1346; x_wconf 74' lang='grc' dir='ltr'>καὶ</span> <span class='ocrx_word' id='word_1_93' title='bbox 711 1297 829 1351; x_wconf 78' lang='grc' dir='ltr'>οὐδὲ</span> <span class='ocrx_word' id='word_1_94' title='bbox 864 1300 1138 1366; x_wconf 73' lang='grc' dir='ltr'><strong>μισθωτοῦ</strong></span> <span class='ocrx_word' id='word_1_95' title='bbox 1169 1304 1226 1354; x_wconf 86' lang='grc' dir='ltr'>τὸ</span> <span class='ocrx_word' id='word_1_96' title='bbox 1262 1304 1423 1373; x_wconf 80' lang='grc' dir='ltr'>ἔργον</span> <span class='ocrx_word' id='word_1_97' title='bbox 1461 1322 1473 1334; x_wconf 91' lang='grc'><strong>·</strong></span> <span class='ocrx_word' id='word_1_98' title='bbox 1524 1308 1715 1377; x_wconf 83' lang='grc' dir='ltr'>ἐκείνῳ</span> <span class='ocrx_word' id='word_1_99' title='bbox 1746 1310 1851 1378; x_wconf 69' lang='grc' dir='ltr'><strong>γὰρ</strong></span> 
     </span>
    </p>
   </div>
   <div class='ocr_carea' id='block_1_15' title="bbox 279 1379 1850 1467">
    <p class='ocr_par' dir='ltr' id='par_1_15' title="bbox 279 1379 1850 1467">
     <span class='ocr_line' id='line_1_15' title="bbox 279 1379 1850 1467; baseline 0.014 -37"><span class='ocrx_word' id='word_1_100' title='bbox 279 1379 376 1431; x_wconf 82' lang='grc' dir='ltr'><strong>τοῦ</strong></span> <span class='ocrx_word' id='word_1_101' title='bbox 407 1381 572 1434; x_wconf 73' lang='grc' dir='ltr'>λύκου</span> <span class='ocrx_word' id='word_1_102' title='bbox 607 1386 852 1448; x_wconf 75' lang='grc' dir='ltr'><strong>ἐπιόντος</strong></span> <span class='ocrx_word' id='word_1_103' title='bbox 885 1390 1104 1456; x_wconf 71' lang='grc' dir='ltr'>φεύγειν</span> <span class='ocrx_word' id='word_1_104' title='bbox 1137 1396 1230 1445; x_wconf 86' lang='grc' dir='ltr'>καὶ</span> <span class='ocrx_word' id='word_1_105' title='bbox 1259 1394 1474 1462; x_wconf 60' lang='grc' dir='ltr'>ἀφιέναι</span> <span class='ocrx_word' id='word_1_106' title='bbox 1504 1397 1572 1449; x_wconf 79' lang='grc' dir='ltr'><strong>τὰ</strong></span> <span class='ocrx_word' id='word_1_107' title='bbox 1603 1399 1850 1467; x_wconf 73' lang='grc' dir='ltr'>πρόϐατα</span> 
     </span>
    </p>
   </div>
   <div class='ocr_carea' id='block_1_16' title="bbox 280 1472 1848 1560">
    <p class='ocr_par' dir='ltr' id='par_1_16' title="bbox 280 1472 1848 1560">
     <span class='ocr_line' id='line_1_16' title="bbox 280 1472 1848 1560; baseline 0.017 -40"><span class='ocrx_word' id='word_1_108' title='bbox 280 1472 511 1539; x_wconf 76' lang='grc' dir='ltr'>σύνηθες</span> <span class='ocrx_word' id='word_1_109' title='bbox 531 1489 545 1504; x_wconf 77' lang='grc' dir='ltr'><strong>ο</strong></span> <span class='ocrx_word' id='word_1_110' title='bbox 579 1475 701 1543; x_wconf 72' lang='grc' dir='ltr'>ἐμοὶ</span> <span class='ocrx_word' id='word_1_111' title='bbox 725 1477 778 1529; x_wconf 85' lang='grc' dir='ltr'>δὲ</span> <span class='ocrx_word' id='word_1_112' title='bbox 812 1479 894 1540; x_wconf 86' lang='grc' dir='ltr'><strong>τίς</strong></span> <span class='ocrx_word' id='word_1_113' title='bbox 924 1481 1207 1549; x_wconf 83' lang='grc' dir='ltr'>ἀπολογία.</span> <span class='ocrx_word' id='word_1_114' title='bbox 1245 1487 1445 1554; x_wconf 80' lang='grc' dir='ltr'>μηδένα</span> <span class='ocrx_word' id='word_1_115' title='bbox 1467 1488 1626 1542; x_wconf 70' lang='grc' dir='ltr'>λύκον</span> <span class='ocrx_word' id='word_1_116' title='bbox 1655 1493 1848 1560; x_wconf 75' lang='grc' dir='ltr'>δρῶντι</span> 
     </span>
    </p>
   </div>
   <div class='ocr_carea' id='block_1_17' title="bbox 279 1562 1848 1643">
    <p class='ocr_par' dir='ltr' id='par_1_17' title="bbox 279 1562 1848 1643">
     <span class='ocr_line' id='line_1_17' title="bbox 279 1562 1848 1643; baseline 0.017 -33"><span class='ocrx_word' id='word_1_117' title='bbox 279 1562 381 1623; x_wconf 76' lang='grc' dir='ltr'>τὴν</span> <span class='ocrx_word' id='word_1_118' title='bbox 419 1565 666 1635; x_wconf 64' lang='grc' dir='ltr'>ποίμνην</span> <span class='ocrx_word' id='word_1_119' title='bbox 715 1571 1036 1624; x_wconf 76' lang='grc' dir='ltr'>καταλιπεῖν</span> <span class='ocrx_word' id='word_1_120' title='bbox 1096 1576 1189 1627; x_wconf 75' lang='grc' dir='ltr'>τοῦ</span> <span class='ocrx_word' id='word_1_121' title='bbox 1251 1578 1425 1643; x_wconf 76' lang='grc' dir='ltr'><strong>θεοὺς</strong></span> <span class='ocrx_word' id='word_1_122' title='bbox 1468 1582 1678 1634; x_wconf 81' lang='grc' dir='ltr'>Οὐκοῦν</span> <span class='ocrx_word' id='word_1_123' title='bbox 1729 1585 1848 1637; x_wconf 72' lang='grc' dir='ltr'>οὐδὲ</span> 
     </span>
    </p>
   </div>
   <div class='ocr_carea' id='block_1_18' title="bbox 282 1655 1846 1741">
    <p class='ocr_par' dir='ltr' id='par_1_18' title="bbox 282 1655 1846 1741">
     <span class='ocr_line' id='line_1_18' title="bbox 282 1655 1846 1741; baseline 0.016 -39"><span class='ocrx_word' id='word_1_124' title='bbox 282 1655 579 1707; x_wconf 77' lang='grc' dir='ltr'>κατέλιπον</span> <span class='ocrx_word' id='word_1_125' title='bbox 613 1657 740 1726; x_wconf 80' lang='grc' dir='ltr'>ἄχρι</span> <span class='ocrx_word' id='word_1_126' title='bbox 769 1662 859 1710; x_wconf 76' lang='grc' dir='ltr'>καὶ</span> <span class='ocrx_word' id='word_1_127' title='bbox 888 1663 942 1722; x_wconf 85' lang='grc' dir='ltr'><strong>ἐς</strong></span> <span class='ocrx_word' id='word_1_128' title='bbox 969 1664 1085 1716; x_wconf 84' lang='grc' dir='ltr'>τόδε</span> <span class='ocrx_word' id='word_1_129' title='bbox 1126 1666 1337 1733; x_wconf 82' lang='grc' dir='ltr'>καιροῦ.</span> <span class='ocrx_word' id='word_1_130' title='bbox 1378 1669 1527 1722; x_wconf 82' lang='grc' dir='ltr'>Ἐπεὶ</span> <span class='ocrx_word' id='word_1_131' title='bbox 1560 1673 1616 1724; x_wconf 77' lang='grc' dir='ltr'>δέ</span> <span class='ocrx_word' id='word_1_132' title='bbox 1645 1691 1734 1741; x_wconf 89' lang='grc' dir='ltr'><strong>μοι</strong></span> <span class='ocrx_word' id='word_1_133' title='bbox 1757 1678 1846 1728; x_wconf 83' lang='grc' dir='ltr'>καὶ</span> 
     </span>
    </p>
   </div>
   <div class='ocr_carea' id='block_1_19' title="bbox 278 1746 1845 1822">
    <p class='ocr_par' dir='ltr' id='par_1_19' title="bbox 278 1746 1845 1822">
     <span class='ocr_line' id='line_1_19' title="bbox 278 1746 1845 1822; baseline 0.017 -27"><span class='ocrx_word' id='word_1_134' title='bbox 278 1746 340 1796; x_wconf 67' lang='grc' dir='ltr'>τὸ</span> <span class='ocrx_word' id='word_1_135' title='bbox 371 1747 547 1816; x_wconf 71' lang='grc' dir='ltr'>γῆρας</span> <span class='ocrx_word' id='word_1_136' title='bbox 573 1751 702 1819; x_wconf 71' lang='grc' dir='ltr'>ὁρᾷς</span> <span class='ocrx_word' id='word_1_137' title='bbox 729 1753 875 1815; x_wconf 82' lang='grc' dir='ltr'>ὅπως</span> <span class='ocrx_word' id='word_1_138' title='bbox 911 1757 1200 1820; x_wconf 83' lang='grc' dir='ltr'>ἐπίκειται,</span> <span class='ocrx_word' id='word_1_139' title='bbox 1237 1764 1328 1814; x_wconf 80' lang='grc' dir='ltr'>καὶ</span> <span class='ocrx_word' id='word_1_140' title='bbox 1374 1765 1434 1817; x_wconf 78' lang='grc' dir='ltr'>τὸ</span> <span class='ocrx_word' id='word_1_141' title='bbox 1485 1765 1594 1818; x_wconf 82' lang='grc' dir='ltr'>τῶν</span> <span class='ocrx_word' id='word_1_142' title='bbox 1637 1768 1845 1822; x_wconf 75' lang='grc' dir='ltr'>πολλῶν</span> 
     </span>
    </p>
   </div>
   <div class='ocr_carea' id='block_1_20' title="bbox 1962 585 3527 663">
    <p class='ocr_par' dir='ltr' id='par_1_20' title="bbox 1962 585 3527 663">
     <span class='ocr_line' id='line_1_20' title="bbox 1962 585 3527 663; baseline 0.012 -31"><span class='ocrx_word' id='word_1_143' title='bbox 1962 585 2281 650; x_wconf 76' lang='lat' dir='ltr'><strong>inspiratam</strong></span> <span class='ocrx_word' id='word_1_144' title='bbox 2337 590 2666 642; x_wconf 91' lang='lat' dir='ltr'><strong>cautionem.</strong></span> <span class='ocrx_word' id='word_1_145' title='bbox 2717 592 2996 646; x_wconf 77' lang='lat' dir='ltr'><strong>Accedens</strong></span> <span class='ocrx_word' id='word_1_146' title='bbox 3031 594 3196 662; x_wconf 77' lang='lat' dir='ltr'><strong>igitur</strong></span> <span class='ocrx_word' id='word_1_147' title='bbox 3223 598 3286 650; x_wconf 81' lang='lat' dir='ltr'><strong>ad</strong></span> <span class='ocrx_word' id='word_1_148' title='bbox 3323 611 3527 663; x_wconf 73' lang='lat' dir='ltr'><strong>regem.</strong></span> 
     </span>
    </p>
   </div>
   <div class='ocr_carea' id='block_1_21' title="bbox 1958 673 3527 751">
    <p class='ocr_par' dir='ltr' id='par_1_21' title="bbox 1958 673 3527 751">
     <span class='ocr_line' id='line_1_21' title="bbox 1958 673 3527 751; baseline 0.01 -26"><span class='ocrx_word' id='word_1_149' title='bbox 1958 673 2251 739; x_wconf 85' lang='lat' dir='ltr'><strong>Quamdiu,</strong></span> <span class='ocrx_word' id='word_1_150' title='bbox 2292 677 2485 746; x_wconf 89' lang='lat' dir='ltr'><strong>inquit,</strong></span> <span class='ocrx_word' id='word_1_151' title='bbox 2528 681 3108 751; x_wconf 68' lang='lat' dir='ltr'><strong>religiosissimegltex,</strong></span> <span class='ocrx_word' id='word_1_152' title='bbox 3146 685 3354 740; x_wconf 76' lang='lat' dir='ltr'><strong>sull‘ecit</strong></span> <span class='ocrx_word' id='word_1_153' title='bbox 3402 690 3527 741; x_wconf 83' lang='lat' dir='ltr'><strong>mihi</strong></span> 
     </span>
    </p>
   </div>
   <div class='ocr_carea' id='block_1_22' title="bbox 1958 770 3525 846">
    <p class='ocr_par' dir='ltr' id='par_1_22' title="bbox 1958 770 3525 846">
     <span class='ocr_line' id='line_1_22' title="bbox 1958 770 3525 846; baseline 0.006 -26"><span class='ocrx_word' id='word_1_154' title='bbox 1958 781 2160 836; x_wconf 88' lang='lat' dir='ltr'><strong>corpus</strong></span> <span class='ocrx_word' id='word_1_155' title='bbox 2193 770 2257 822; x_wconf 88' lang='lat' dir='ltr'><strong>ad</strong></span> <span class='ocrx_word' id='word_1_156' title='bbox 2289 770 2502 826; x_wconf 80' lang='lat' dir='ltr'><strong>labores</strong></span> <span class='ocrx_word' id='word_1_157' title='bbox 2536 781 2589 826; x_wconf 91' lang='lat' dir='ltr'><strong>et</strong></span> <span class='ocrx_word' id='word_1_158' title='bbox 2611 788 2775 826; x_wconf 85' lang='lat' dir='ltr'><strong>curas</strong></span> <span class='ocrx_word' id='word_1_159' title='bbox 2806 776 3236 838; x_wconf 79' lang='lat' dir='ltr'><strong>ecclesiasticas,</strong></span> <span class='ocrx_word' id='word_1_160' title='bbox 3265 778 3525 846; x_wconf 75' lang='lat' dir='ltr'><strong>politicis,</strong></span> 
     </span>
    </p>
   </div>
   <div class='ocr_carea' id='block_1_23' title="bbox 1962 860 3526 932">
    <p class='ocr_par' dir='ltr' id='par_1_23' title="bbox 1962 860 3526 932">
     <span class='ocr_line' id='line_1_23' title="bbox 1962 860 3526 932; baseline 0.006 -24"><span class='ocrx_word' id='word_1_161' title='bbox 1962 867 2016 909; x_wconf 87' lang='lat' dir='ltr'><strong>ut</strong></span> <span class='ocrx_word' id='word_1_162' title='bbox 2057 872 2156 925; x_wconf 89' lang='lat' dir='ltr'><strong>ego</strong></span> <span class='ocrx_word' id='word_1_163' title='bbox 2218 860 2495 920; x_wconf 80' lang='lat' dir='ltr'><strong>existimo,</strong></span> <span class='ocrx_word' id='word_1_164' title='bbox 2556 865 2859 932; x_wconf 77' lang='lat' dir='ltr'><strong>graviores,</strong></span> <span class='ocrx_word' id='word_1_165' title='bbox 2910 866 3166 920; x_wconf 86' lang='lat' dir='ltr'><strong>deserere</strong></span> <span class='ocrx_word' id='word_1_166' title='bbox 3224 867 3526 921; x_wconf 84' lang='lat' dir='ltr'><strong>Ecclesiam</strong></span> 
     </span>
    </p>
   </div>
   <div class='ocr_carea' id='block_1_24' title="bbox 1960 946 3526 1024">
    <p class='ocr_par' dir='ltr' id='par_1_24' title="bbox 1960 946 3526 1024">
     <span class='ocr_line' id='line_1_24' title="bbox 1960 946 3526 1024; baseline 0.008 -25"><span class='ocrx_word' id='word_1_167' title='bbox 1960 946 2074 1009; x_wconf 89' lang='lat' dir='ltr'><strong>Det,</strong></span> <span class='ocrx_word' id='word_1_168' title='bbox 2103 964 2263 1015; x_wconf 85' lang='lat' dir='ltr'><strong>quam</strong></span> <span class='ocrx_word' id='word_1_169' title='bbox 2295 951 2409 1022; x_wconf 89' lang='lat' dir='ltr'><strong>ipse</strong></span> <span class='ocrx_word' id='word_1_170' title='bbox 2439 953 2594 1018; x_wconf 88' lang='lat' dir='ltr'><strong>mibi,</strong></span> <span class='ocrx_word' id='word_1_171' title='bbox 2616 956 2846 1023; x_wconf 88' lang='lat' dir='ltr'><strong>imperio</strong></span> <span class='ocrx_word' id='word_1_172' title='bbox 2877 965 2967 1010; x_wconf 88' lang='lat' dir='ltr'><strong>tuo</strong></span> <span class='ocrx_word' id='word_1_173' title='bbox 2993 959 3148 1024; x_wconf 89' lang='lat' dir='ltr'><strong>quasi</strong></span> <span class='ocrx_word' id='word_1_174' title='bbox 3182 973 3343 1010; x_wconf 87' lang='lat' dir='ltr'><strong>tnanu</strong></span> <span class='ocrx_word' id='word_1_175' title='bbox 3371 973 3526 1020; x_wconf 89' lang='lat' dir='ltr'><strong>usus,</strong></span> 
     </span>
    </p>
   </div>
   <div class='ocr_carea' id='block_1_25' title="bbox 1958 1039 3526 1117">
    <p class='ocr_par' dir='ltr' id='par_1_25' title="bbox 1958 1039 3526 1117">
     <span class='ocr_line' id='line_1_25' title="bbox 1958 1039 3526 1117; baseline 0.006 -25"><span class='ocrx_word' id='word_1_176' title='bbox 1958 1039 2276 1101; x_wconf 85' lang='lat' dir='ltr'><strong>tradiderat.</strong></span> <span class='ocrx_word' id='word_1_177' title='bbox 2315 1046 2572 1100; x_wconf 85' lang='lat' dir='ltr'><strong>omnibus</strong></span> <span class='ocrx_word' id='word_1_178' title='bbox 2601 1048 2877 1117; x_wconf 78' lang='lat' dir='ltr'><strong>sum-agiis</strong></span> <span class='ocrx_word' id='word_1_179' title='bbox 2922 1049 3290 1103; x_wconf 88' lang='lat' dir='ltr'><strong>damnamlum</strong></span> <span class='ocrx_word' id='word_1_180' title='bbox 3325 1059 3379 1104; x_wconf 83' lang='lat' dir='ltr'><strong>et.</strong></span> <span class='ocrx_word' id='word_1_181' title='bbox 3424 1050 3526 1104; x_wconf 85' lang='lat' dir='ltr'><strong>mi-</strong></span> 
     </span>
    </p>
   </div>
   <div class='ocr_carea' id='block_1_26' title="bbox 1957 1137 3522 1207">
    <p class='ocr_par' dir='ltr' id='par_1_26' title="bbox 1957 1137 3522 1207">
     <span class='ocr_line' id='line_1_26' title="bbox 1957 1137 3522 1207; baseline 0.004 -25"><span class='ocrx_word' id='word_1_182' title='bbox 1957 1146 2058 1184; x_wconf 89' lang='lat' dir='ltr'><strong>nus</strong></span> <span class='ocrx_word' id='word_1_183' title='bbox 2091 1147 2254 1200; x_wconf 88' lang='lat' dir='ltr'><strong>quam</strong></span> <span class='ocrx_word' id='word_1_184' title='bbox 2285 1137 2680 1190; x_wconf 88' lang='lat' dir='ltr'><strong>mercenarium</strong></span> <span class='ocrx_word' id='word_1_185' title='bbox 2716 1155 2853 1207; x_wconf 89' lang='lat' dir='ltr'><strong>opus</strong></span> <span class='ocrx_word' id='word_1_186' title='bbox 2879 1141 3191 1196; x_wconf 86' lang='lat' dir='ltr'><strong>videbatur:</strong></span> <span class='ocrx_word' id='word_1_187' title='bbox 3223 1141 3325 1194; x_wconf 79' lang='lat' dir='ltr'><strong>iste</strong></span> <span class='ocrx_word' id='word_1_188' title='bbox 3355 1142 3522 1197; x_wconf 79' lang='lat' dir='ltr'><strong>enim,</strong></span> 
     </span>
    </p>
   </div>
   <div class='ocr_carea' id='block_1_27' title="bbox 1957 1223 3519 1296">
    <p class='ocr_par' dir='ltr' id='par_1_27' title="bbox 1957 1223 3519 1296">
     <span class='ocr_line' id='line_1_27' title="bbox 1957 1223 3519 1296; baseline 0.004 -20"><span class='ocrx_word' id='word_1_189' title='bbox 1957 1223 2082 1292; x_wconf 91' lang='lat' dir='ltr'><strong>lupo</strong></span> <span class='ocrx_word' id='word_1_190' title='bbox 2131 1226 2410 1288; x_wconf 80' lang='lat' dir='ltr'><strong>veniente,</strong></span> <span class='ocrx_word' id='word_1_191' title='bbox 2463 1227 2649 1293; x_wconf 74' lang='lat' dir='ltr'><strong>tngere</strong></span> <span class='ocrx_word' id='word_1_192' title='bbox 2705 1245 2943 1296; x_wconf 86' lang='lat' dir='ltr'><strong>ovesque</strong></span> <span class='ocrx_word' id='word_1_193' title='bbox 3003 1230 3280 1284; x_wconf 87' lang='lat' dir='ltr'><strong>dimittere</strong></span> <span class='ocrx_word' id='word_1_194' title='bbox 3344 1233 3519 1290; x_wconf 84' lang='lat' dir='ltr'><strong>solet;</strong></span> 
     </span>
    </p>
   </div>
   <div class='ocr_carea' id='block_1_28' title="bbox 1954 1318 3516 1384">
    <p class='ocr_par' dir='ltr' id='par_1_28' title="bbox 1954 1318 3516 1384">
     <span class='ocr_line' id='line_1_28' title="bbox 1954 1318 3516 1384; baseline 0.005 -19"><span class='ocrx_word' id='word_1_195' title='bbox 1954 1328 2201 1382; x_wconf 59' lang='lat' dir='ltr'><strong>qua-nam</strong></span> <span class='ocrx_word' id='word_1_196' title='bbox 2245 1327 2426 1370; x_wconf 89' lang='lat' dir='ltr'><strong>autem</strong></span> <span class='ocrx_word' id='word_1_197' title='bbox 2460 1318 2590 1372; x_wconf 88' lang='lat' dir='ltr'><strong>mihi</strong></span> <span class='ocrx_word' id='word_1_198' title='bbox 2626 1323 2908 1375; x_wconf 72' lang='lat' dir='ltr'><strong>excusatio</strong></span> <span class='ocrx_word' id='word_1_199' title='bbox 2963 1321 3173 1384; x_wconf 80' lang='lat' dir='ltr'><strong>luisset,</strong></span> <span class='ocrx_word' id='word_1_200' title='bbox 3234 1324 3278 1376; x_wconf 89' lang='lat' dir='ltr'><strong>si</strong></span> <span class='ocrx_word' id='word_1_201' title='bbox 3313 1325 3516 1374; x_wconf 83' lang='lat' dir='ltr'><strong>nullum</strong></span> 
     </span>
    </p>
   </div>
   <div class='ocr_carea' id='block_1_29' title="bbox 1954 1407 3521 1481">
    <p class='ocr_par' dir='ltr' id='par_1_29' title="bbox 1954 1407 3521 1481">
     <span class='ocr_line' id='line_1_29' title="bbox 1954 1407 3521 1481; baseline 0.003 -23"><span class='ocrx_word' id='word_1_202' title='bbox 1954 1407 2142 1475; x_wconf 85' lang='lat' dir='ltr'><strong>lupum</strong></span> <span class='ocrx_word' id='word_1_203' title='bbox 2177 1408 2386 1473; x_wconf 87' lang='lat' dir='ltr'><strong>videns,</strong></span> <span class='ocrx_word' id='word_1_204' title='bbox 2425 1417 2478 1464; x_wconf 89' lang='lat' dir='ltr'><strong>et</strong></span> <span class='ocrx_word' id='word_1_205' title='bbox 2511 1427 2726 1481; x_wconf 83' lang='lat' dir='ltr'><strong>gregem</strong></span> <span class='ocrx_word' id='word_1_206' title='bbox 2771 1413 2861 1466; x_wconf 86' lang='lat' dir='ltr'><strong>Dei</strong></span> <span class='ocrx_word' id='word_1_207' title='bbox 2902 1415 3354 1480; x_wconf 85' lang='lat' dir='ltr'><strong>dereliquissem?</strong></span> <span class='ocrx_word' id='word_1_208' title='bbox 3399 1415 3521 1467; x_wconf 82' lang='lat' dir='ltr'><strong>Iden</strong></span> 
     </span>
    </p>
   </div>
   <div class='ocr_carea' id='block_1_30' title="bbox 1952 1497 3517 1572">
    <p class='ocr_par' dir='ltr' id='par_1_30' title="bbox 1952 1497 3517 1572">
     <span class='ocr_line' id='line_1_30' title="bbox 1952 1497 3517 1572; baseline 0.003 -21"><span class='ocrx_word' id='word_1_209' title='bbox 1952 1512 2060 1551; x_wconf 87' lang='lat' dir='ltr'><strong>non</strong></span> <span class='ocrx_word' id='word_1_210' title='bbox 2094 1497 2360 1566; x_wconf 89' lang='lat' dir='ltr'><strong>dereliqui</strong></span> <span class='ocrx_word' id='word_1_211' title='bbox 2412 1515 2587 1570; x_wconf 91' lang='lat' dir='ltr'><strong>usque</strong></span> <span class='ocrx_word' id='word_1_212' title='bbox 2639 1504 2702 1556; x_wconf 85' lang='lat' dir='ltr'><strong>ad</strong></span> <span class='ocrx_word' id='word_1_213' title='bbox 2737 1505 2787 1556; x_wconf 93' lang='lat' dir='ltr'><strong>id</strong></span> <span class='ocrx_word' id='word_1_214' title='bbox 2819 1507 3103 1572; x_wconf 89' lang='lat' dir='ltr'><strong>temporis.</strong></span> <span class='ocrx_word' id='word_1_215' title='bbox 3165 1501 3301 1558; x_wconf 88' lang='lat' dir='ltr'><strong>Cum</strong></span> <span class='ocrx_word' id='word_1_216' title='bbox 3336 1514 3517 1558; x_wconf 87' lang='lat' dir='ltr'><strong>autem</strong></span> 
     </span>
    </p>
   </div>
   <div class='ocr_carea' id='block_1_31' title="bbox 1952 1589 3518 1655">
    <p class='ocr_par' dir='ltr' id='par_1_31' title="bbox 1952 1589 3518 1655">
     <span class='ocr_line' id='line_1_31' title="bbox 1952 1589 3518 1655; baseline 0.004 -16"><span class='ocrx_word' id='word_1_217' title='bbox 1952 1589 2107 1642; x_wconf 83' lang='lat' dir='ltr'><strong>vides</strong></span> <span class='ocrx_word' id='word_1_218' title='bbox 2151 1598 2487 1644; x_wconf 84' lang='lat' dir='ltr'><strong>senectutem</strong></span> <span class='ocrx_word' id='word_1_219' title='bbox 2543 1593 2675 1646; x_wconf 85' lang='lat' dir='ltr'><strong>mihi</strong></span> <span class='ocrx_word' id='word_1_220' title='bbox 2708 1595 3139 1655; x_wconf 85' lang='lat' dir='ltr'><strong>incumbentem,</strong></span> <span class='ocrx_word' id='word_1_221' title='bbox 3171 1604 3224 1647; x_wconf 88' lang='lat' dir='ltr'><strong>et.</strong></span> <span class='ocrx_word' id='word_1_222' title='bbox 3272 1596 3518 1647; x_wconf 86' lang='lat' dir='ltr'><strong>laborum</strong></span> 
     </span>
    </p>
   </div>
   <div class='ocr_carea' id='block_1_32' title="bbox 1952 1677 3515 1750">
    <p class='ocr_par' dir='ltr' id='par_1_32' title="bbox 1952 1677 3515 1750">
     <span class='ocr_line' id='line_1_32' title="bbox 1952 1677 3515 1750; baseline 0.005 -21"><span class='ocrx_word' id='word_1_223' title='bbox 1952 1677 2353 1732; x_wconf 83' lang='lat' dir='ltr'><strong>multitudinem</strong></span> <span class='ocrx_word' id='word_1_224' title='bbox 2385 1684 2675 1738; x_wconf 77' lang='lat' dir='ltr'><strong>abstulisse</strong></span> <span class='ocrx_word' id='word_1_225' title='bbox 2716 1701 2872 1740; x_wconf 88' lang='lat' dir='ltr'><strong>omne</strong></span> <span class='ocrx_word' id='word_1_226' title='bbox 2908 1689 3109 1750; x_wconf 90' lang='lat' dir='ltr'><strong>robur;</strong></span> <span class='ocrx_word' id='word_1_227' title='bbox 3163 1696 3218 1738; x_wconf 93' lang='lat' dir='ltr'><strong>tu</strong></span> <span class='ocrx_word' id='word_1_228' title='bbox 3258 1702 3386 1737; x_wconf 81' lang='lat' dir='ltr'><strong>rura</strong></span> <span class='ocrx_word' id='word_1_229' title='bbox 3420 1687 3515 1737; x_wconf 68' lang='lat' dir='ltr'><strong>lic-</strong></span> 
     </span>
    </p>
   </div>
   <div class='ocr_carea' id='block_1_33' title="bbox 1950 1771 3517 1842">
    <p class='ocr_par' dir='ltr' id='par_1_33' title="bbox 1950 1771 3517 1842">
     <span class='ocr_line' id='line_1_33' title="bbox 1950 1771 3517 1842; baseline 0.003 -20"><span class='ocrx_word' id='word_1_230' title='bbox 1950 1771 2199 1838; x_wconf 76' lang='lat' dir='ltr'><strong>clesiam,</strong></span> <span class='ocrx_word' id='word_1_231' title='bbox 2223 1782 2276 1824; x_wconf 85' lang='lat' dir='ltr'><strong>et</strong></span> <span class='ocrx_word' id='word_1_232' title='bbox 2310 1771 2545 1840; x_wconf 83' lang='lat' dir='ltr'><strong>aliquem</strong></span> <span class='ocrx_word' id='word_1_233' title='bbox 2575 1775 2750 1826; x_wconf 84' lang='lat' dir='ltr'><strong>virum</strong></span> <span class='ocrx_word' id='word_1_234' title='bbox 2804 1777 2946 1828; x_wconf 76' lang='lat' dir='ltr'><strong>vi:es</strong></span> <span class='ocrx_word' id='word_1_235' title='bbox 2977 1779 3290 1842; x_wconf 77' lang='lat' dir='ltr'><strong>corpmales</strong></span> <span class='ocrx_word' id='word_1_236' title='bbox 3324 1785 3517 1842; x_wconf 87' lang='lat' dir='ltr'><strong>poten-</strong></span> 
     </span>
    </p>
   </div>
   <div class='ocr_carea' id='block_1_34' title="bbox 280 1827 2720 1932">
    <p class='ocr_par' dir='ltr' id='par_1_34' title="bbox 280 1827 2720 1932">
     <span class='ocr_line' id='line_1_34' title="bbox 280 1827 2720 1932; baseline 0.013 -46"><span class='ocrx_word' id='word_1_237' title='bbox 280 1836 463 1889; x_wconf 84' lang='grc' dir='ltr'>κόπων</span> <span class='ocrx_word' id='word_1_238' title='bbox 496 1840 698 1906; x_wconf 84' lang='grc' dir='ltr'>πλῆθος</span> <span class='ocrx_word' id='word_1_239' title='bbox 731 1845 789 1895; x_wconf 71' lang='grc' dir='ltr'><strong>τὸ</strong></span> <span class='ocrx_word' id='word_1_240' title='bbox 820 1847 925 1898; x_wconf 76' lang='grc' dir='ltr'><strong>πᾶν</strong></span> <span class='ocrx_word' id='word_1_241' title='bbox 952 1849 1236 1918; x_wconf 77' lang='grc' dir='ltr'>παρείλετο</span> <span class='ocrx_word' id='word_1_242' title='bbox 1262 1854 1354 1920; x_wconf 81' lang='grc' dir='ltr'>τῆς</span> <span class='ocrx_word' id='word_1_243' title='bbox 1387 1854 1683 1923; x_wconf 75' lang='grc' dir='ltr'>δυνάμεως,</span> <span class='ocrx_word' id='word_1_244' title='bbox 1706 1860 1847 1929; x_wconf 81' lang='grc' dir='ltr'>ὑπὲρ</span> <span class='ocrx_word' id='word_1_245' title='bbox 1882 1827 1920 1883; x_wconf 70' lang='grc' dir='ltr'><strong>Β</strong></span> <span class='ocrx_word' id='word_1_246' title='bbox 1954 1862 2039 1914; x_wconf 76' lang='lat' dir='ltr'><strong>lize</strong></span> <span class='ocrx_word' id='word_1_247' title='bbox 2093 1864 2363 1930; x_wconf 82' lang='lat' dir='ltr'><strong>spirituaii</strong></span> <span class='ocrx_word' id='word_1_248' title='bbox 2395 1879 2553 1932; x_wconf 85' lang='lat' dir='ltr'><strong>pares</strong></span> <span class='ocrx_word' id='word_1_249' title='bbox 2588 1864 2720 1917; x_wconf 82' lang='lat' dir='ltr'><strong>habe</strong></span> 
     </span>
    </p>
   </div>
   <div class='ocr_carea' id='block_1_35' title="bbox 1855 1827 3516 1932">
    <p class='ocr_par' dir='ltr' id='par_1_35' title="bbox 1882 1827 3516 1932">
     <span class='ocr_line' id='line_1_35' title="bbox 1882 1827 3516 1932; baseline 0.003 -21"><span class='ocrx_word' id='word_1_250' title='bbox 1882 1827 1920 1883; x_wconf 68' lang='grc' dir='ltr'><strong>Β</strong></span> <span class='ocrx_word' id='word_1_251' title='bbox 1954 1862 2039 1914; x_wconf 75' lang='lat' dir='ltr'><strong>tize</strong></span> <span class='ocrx_word' id='word_1_252' title='bbox 2093 1864 2363 1930; x_wconf 86' lang='lat' dir='ltr'><strong>spirituali</strong></span> <span class='ocrx_word' id='word_1_253' title='bbox 2395 1879 2553 1932; x_wconf 89' lang='lat' dir='ltr'><strong>pares</strong></span> <span class='ocrx_word' id='word_1_254' title='bbox 2588 1864 2872 1917; x_wconf 72' lang='lat' dir='ltr'><strong>habentem</strong></span> <span class='ocrx_word' id='word_1_255' title='bbox 2932 1875 2984 1916; x_wconf 83' lang='lat' dir='ltr'><strong>et</strong></span> <span class='ocrx_word' id='word_1_256' title='bbox 3034 1866 3326 1932; x_wconf 85' lang='lat' dir='ltr'><strong>jnniorcm,</strong></span> <span class='ocrx_word' id='word_1_257' title='bbox 3369 1867 3516 1917; x_wconf 72' lang='lat' dir='ltr'><strong>curis</strong></span> 
     </span>
    </p>
   </div>
   <div class='ocr_carea' id='block_1_36' title="bbox 277 1929 1844 2018">
    <p class='ocr_par' dir='ltr' id='par_1_36' title="bbox 277 1929 1844 2018">
     <span class='ocr_line' id='line_1_36' title="bbox 277 1929 1844 2018; baseline 0.013 -37"><span class='ocrx_word' id='word_1_258' title='bbox 277 1929 382 1997; x_wconf 72' lang='grc' dir='ltr'>τῆς</span> <span class='ocrx_word' id='word_1_259' title='bbox 417 1932 738 2000; x_wconf 81' lang='grc' dir='ltr'>Ἑκκλησίας</span> <span class='ocrx_word' id='word_1_260' title='bbox 772 1938 1126 2007; x_wconf 73' lang='grc' dir='ltr'>μερίμνησον,</span> <span class='ocrx_word' id='word_1_261' title='bbox 1179 1946 1272 1996; x_wconf 78' lang='grc' dir='ltr'>καὶ</span> <span class='ocrx_word' id='word_1_262' title='bbox 1313 1945 1403 1997; x_wconf 78' lang='grc' dir='ltr'><strong>τὸν</strong></span> <span class='ocrx_word' id='word_1_263' title='bbox 1448 1948 1726 2018; x_wconf 79' lang='grc' dir='ltr'>δυνάμεως</span> <span class='ocrx_word' id='word_1_264' title='bbox 1786 1949 1844 2006; x_wconf 78' lang='grc' dir='ltr'>εὖ</span> 
     </span>
    </p>
   </div>
   <div class='ocr_carea' id='block_1_37' title="bbox 280 2024 1842 2111">
    <p class='ocr_par' dir='ltr' id='par_1_37' title="bbox 280 2024 1842 2111">
     <span class='ocr_line' id='line_1_37' title="bbox 280 2024 1842 2111; baseline 0.019 -42"><span class='ocrx_word' id='word_1_265' title='bbox 280 2024 599 2093; x_wconf 64' lang='grc' dir='ltr'>σωματικῆς</span> <span class='ocrx_word' id='word_1_266' title='bbox 625 2027 755 2094; x_wconf 68' lang='grc' dir='ltr'>πρὸς</span> <span class='ocrx_word' id='word_1_267' title='bbox 785 2032 845 2098; x_wconf 81' lang='grc' dir='ltr'>τῇ</span> <span class='ocrx_word' id='word_1_268' title='bbox 877 2037 1214 2104; x_wconf 76' lang='grc' dir='ltr'>πνευματικῇ</span> <span class='ocrx_word' id='word_1_269' title='bbox 1245 2035 1434 2106; x_wconf 78' lang='grc' dir='ltr'>ἔχοντα</span> <span class='ocrx_word' id='word_1_270' title='bbox 1477 2047 1570 2092; x_wconf 72' lang='grc' dir='ltr'>καὶ</span> <span class='ocrx_word' id='word_1_271' title='bbox 1635 2043 1842 2111; x_wconf 83' lang='grc' dir='ltr'>νεαρώ-</span> 
     </span>
    </p>
   </div>
   <div class='ocr_carea' id='block_1_38' title="bbox 277 2114 1843 2202">
    <p class='ocr_par' dir='ltr' id='par_1_38' title="bbox 277 2114 1843 2202">
     <span class='ocr_line' id='line_1_38' title="bbox 277 2114 1843 2202; baseline 0.018 -41"><span class='ocrx_word' id='word_1_272' title='bbox 277 2127 435 2178; x_wconf 82' lang='grc' dir='ltr'>τερον</span> <span class='ocrx_word' id='word_1_273' title='bbox 467 2114 560 2178; x_wconf 61' lang='lat' dir='ltr'><strong>ra;</strong></span> <span class='ocrx_word' id='word_1_274' title='bbox 624 2117 1082 2188; x_wconf 79' lang='grc' dir='ltr'>ὲκκλησιαστικάς</span> <span class='ocrx_word' id='word_1_275' title='bbox 1139 2130 1421 2196; x_wconf 63' lang='grc' dir='ltr'>φροντίδας</span> <span class='ocrx_word' id='word_1_276' title='bbox 1462 2134 1843 2202; x_wconf 70' lang='grc' dir='ltr'>ἀναδεξάμενον</span> 
     </span>
    </p>
   </div>
   <div class='ocr_carea' id='block_1_39' title="bbox 276 2204 1843 2297">
    <p class='ocr_par' dir='ltr' id='par_1_39' title="bbox 276 2204 1843 2297">
     <span class='ocr_line' id='line_1_39' title="bbox 276 2204 1843 2297; baseline 0.017 -43"><span class='ocrx_word' id='word_1_277' title='bbox 276 2204 355 2272; x_wconf 79' lang='grc' dir='ltr'><strong>τῷ</strong></span> <span class='ocrx_word' id='word_1_278' title='bbox 380 2206 470 2258; x_wconf 76' lang='grc' dir='ltr'>τοῦ</span> <span class='ocrx_word' id='word_1_279' title='bbox 501 2208 702 2276; x_wconf 78' lang='grc' dir='ltr'>Κυρίου</span> <span class='ocrx_word' id='word_1_280' title='bbox 734 2212 865 2280; x_wconf 79' lang='grc' dir='ltr'>οἴκῳ</span> <span class='ocrx_word' id='word_1_281' title='bbox 897 2216 1208 2284; x_wconf 78' lang='grc' dir='ltr'>ἐπίστησον.</span> <span class='ocrx_word' id='word_1_282' title='bbox 1243 2221 1460 2288; x_wconf 76' lang='grc' dir='ltr'>Ταύτην</span> <span class='ocrx_word' id='word_1_283' title='bbox 1489 2241 1576 2292; x_wconf 88' lang='grc' dir='ltr'><strong>μοι</strong></span> <span class='ocrx_word' id='word_1_284' title='bbox 1631 2226 1727 2297; x_wconf 78' lang='grc' dir='ltr'>τὴν</span> <span class='ocrx_word' id='word_1_285' title='bbox 1761 2245 1843 2280; x_wconf 87' lang='grc' dir='ltr'>τε-</span> 
     </span>
    </p>
   </div>
   <div class='ocr_carea' id='block_1_40' title="bbox 277 2295 1844 2383">
    <p class='ocr_par' dir='ltr' id='par_1_40' title="bbox 277 2295 1844 2383">
     <span class='ocr_line' id='line_1_40' title="bbox 277 2295 1844 2383; baseline 0.017 -38"><span class='ocrx_word' id='word_1_286' title='bbox 277 2295 531 2349; x_wconf 86' lang='grc' dir='ltr'>λευταίαν</span> <span class='ocrx_word' id='word_1_287' title='bbox 556 2298 770 2362; x_wconf 74' lang='grc' dir='ltr'>ἀξίωσιν</span> <span class='ocrx_word' id='word_1_288' title='bbox 795 2303 1073 2373; x_wconf 67' lang='grc' dir='ltr'>πλήρωσον</span> <span class='ocrx_word' id='word_1_289' title='bbox 1104 2325 1117 2338; x_wconf 88' lang='grc'><strong>·</strong></span> <span class='ocrx_word' id='word_1_290' title='bbox 1140 2309 1226 2371; x_wconf 86' lang='grc' dir='ltr'><strong>δός</strong></span> <span class='ocrx_word' id='word_1_291' title='bbox 1261 2329 1351 2380; x_wconf 89' lang='grc' dir='ltr'><strong>μοι</strong></span> <span class='ocrx_word' id='word_1_292' title='bbox 1380 2315 1471 2374; x_wconf 69' lang='grc' dir='ltr'><strong>τὰς</strong></span> <span class='ocrx_word' id='word_1_293' title='bbox 1497 2315 1682 2383; x_wconf 84' lang='grc' dir='ltr'>ὀλίγας</span> <span class='ocrx_word' id='word_1_294' title='bbox 1717 2319 1844 2370; x_wconf 75' lang='grc' dir='ltr'>ταύ-</span> 
     </span>
    </p>
   </div>
   <div class='ocr_carea' id='block_1_41' title="bbox 275 2391 1843 2478">
    <p class='ocr_par' dir='ltr' id='par_1_41' title="bbox 275 2391 1843 2478">
     <span class='ocr_line' id='line_1_41' title="bbox 275 2391 1843 2478; baseline 0.015 -41"><span class='ocrx_word' id='word_1_295' title='bbox 275 2405 375 2451; x_wconf 89' lang='grc' dir='ltr'><strong>τας</strong></span> <span class='ocrx_word' id='word_1_296' title='bbox 402 2391 611 2459; x_wconf 75' lang='grc' dir='ltr'>ἡμέρας</span> <span class='ocrx_word' id='word_1_297' title='bbox 647 2397 866 2463; x_wconf 77' lang='grc' dir='ltr'>ἐμαυτῷ</span> <span class='ocrx_word' id='word_1_298' title='bbox 895 2400 1266 2468; x_wconf 71' lang='grc' dir='ltr'>προσλαλῆσαι</span> <span class='ocrx_word' id='word_1_299' title='bbox 1294 2407 1386 2455; x_wconf 77' lang='grc' dir='ltr'>καὶ</span> <span class='ocrx_word' id='word_1_300' title='bbox 1418 2407 1493 2476; x_wconf 81' lang='grc' dir='ltr'>τῷ</span> <span class='ocrx_word' id='word_1_301' title='bbox 1516 2408 1650 2478; x_wconf 78' lang='grc' dir='ltr'><strong>Θεῷ·</strong></span> <span class='ocrx_word' id='word_1_302' title='bbox 1683 2412 1843 2464; x_wconf 68' lang='grc' dir='ltr'>καλόν</span> 
     </span>
    </p>
   </div>
   <div class='ocr_carea' id='block_1_42' title="bbox 281 2485 1843 2569">
    <p class='ocr_par' dir='ltr' id='par_1_42' title="bbox 281 2485 1843 2569">
     <span class='ocr_line' id='line_1_42' title="bbox 281 2485 1843 2569; baseline 0.016 -38"><span class='ocrx_word' id='word_1_303' title='bbox 281 2499 373 2549; x_wconf 90' lang='grc' dir='ltr'><strong>μοι</strong></span> <span class='ocrx_word' id='word_1_304' title='bbox 402 2485 536 2552; x_wconf 68' lang='grc' dir='ltr'>πρὸς</span> <span class='ocrx_word' id='word_1_305' title='bbox 565 2487 722 2538; x_wconf 76' lang='grc' dir='ltr'>τοῦτο</span> <span class='ocrx_word' id='word_1_306' title='bbox 764 2493 821 2540; x_wconf 66' lang='grc' dir='ltr'><strong>τὸ</strong></span> <span class='ocrx_word' id='word_1_307' title='bbox 860 2495 1220 2562; x_wconf 75' lang='grc' dir='ltr'>μοναστήριον</span> <span class='ocrx_word' id='word_1_308' title='bbox 1257 2498 1588 2569; x_wconf 70' lang='grc' dir='ltr'>οἰκητήριον,</span> <span class='ocrx_word' id='word_1_309' title='bbox 1645 2503 1736 2555; x_wconf 71' lang='grc' dir='ltr'>τὸν</span> <span class='ocrx_word' id='word_1_310' title='bbox 1786 2507 1843 2556; x_wconf 89' lang='grc' dir='ltr'><strong>ἐν</strong></span> 
     </span>
    </p>
   </div>
   <div class='ocr_carea' id='block_1_43' title="bbox 276 2573 1840 2663">
    <p class='ocr_par' dir='ltr' id='par_1_43' title="bbox 276 2573 1840 2663">
     <span class='ocr_line' id='line_1_43' title="bbox 276 2573 1840 2663; baseline 0.016 -40"><span class='ocrx_word' id='word_1_311' title='bbox 276 2573 452 2643; x_wconf 81' lang='grc' dir='ltr'>τούτῳ</span> <span class='ocrx_word' id='word_1_312' title='bbox 479 2576 966 2645; x_wconf 67' lang='grc' dir='ltr'>χαρισαιθανατον.</span> <span class='ocrx_word' id='word_1_313' title='bbox 1001 2585 1064 2634; x_wconf 85' lang='grc' dir='ltr'><strong>Τί</strong></span> <span class='ocrx_word' id='word_1_314' title='bbox 1097 2586 1204 2654; x_wconf 74' lang='grc' dir='ltr'>γὰρ</span> <span class='ocrx_word' id='word_1_315' title='bbox 1241 2590 1360 2656; x_wconf 72' lang='grc' dir='ltr'>ἐμοὶ</span> <span class='ocrx_word' id='word_1_316' title='bbox 1410 2592 1501 2642; x_wconf 76' lang='grc' dir='ltr'>καὶ</span> <span class='ocrx_word' id='word_1_317' title='bbox 1532 2594 1651 2654; x_wconf 85' lang='grc' dir='ltr'>ταῖς</span> <span class='ocrx_word' id='word_1_318' title='bbox 1685 2611 1840 2663; x_wconf 74' lang='grc' dir='ltr'>φρον-</span> 
     </span>
    </p>
   </div>
   <div class='ocr_carea' id='block_1_44' title="bbox 273 2662 1836 2750">
    <p class='ocr_par' dir='ltr' id='par_1_44' title="bbox 273 2662 1836 2750">
     <span class='ocr_line' id='line_1_44' title="bbox 273 2662 1836 2750; baseline 0.015 -38"><span class='ocrx_word' id='word_1_319' title='bbox 273 2662 418 2714; x_wconf 82' lang='grc' dir='ltr'>τίσιν</span> <span class='ocrx_word' id='word_1_320' title='bbox 447 2665 526 2717; x_wconf 78' lang='grc' dir='ltr'><strong>ἔτι</strong></span> <span class='ocrx_word' id='word_1_321' title='bbox 575 2670 770 2729; x_wconf 65' lang='grc' dir='ltr'>κοινῆν,</span> <span class='ocrx_word' id='word_1_322' title='bbox 823 2672 1235 2742; x_wconf 68' lang='grc' dir='ltr'>στιϐαρωτέρων</span> <span class='ocrx_word' id='word_1_323' title='bbox 1293 2677 1575 2746; x_wconf 76' lang='grc' dir='ltr'>δεομέναις</span> <span class='ocrx_word' id='word_1_324' title='bbox 1631 2662 1836 2750; x_wconf 71' lang='grc' dir='ltr'>μελιῖινς</span> 
     </span>
    </p>
   </div>
   <div class='ocr_carea' id='block_1_45' title="bbox 279 2753 1832 2836">
    <p class='ocr_par' dir='ltr' id='par_1_45' title="bbox 279 2753 1832 2836">
     <span class='ocr_line' id='line_1_45' title="bbox 279 2753 1832 2836; baseline 0.016 -34"><span class='ocrx_word' id='word_1_325' title='bbox 279 2753 342 2803; x_wconf 80' lang='grc' dir='ltr'><strong>Εἰ</strong></span> <span class='ocrx_word' id='word_1_326' title='bbox 376 2753 431 2804; x_wconf 85' lang='grc' dir='ltr'>δὲ</span> <span class='ocrx_word' id='word_1_327' title='bbox 464 2756 596 2823; x_wconf 49' lang='grc' dir='ltr'>πῶς</span> <span class='ocrx_word' id='word_1_328' title='bbox 629 2758 717 2819; x_wconf 66' lang='grc' dir='ltr'><strong>τὰς</strong></span> <span class='ocrx_word' id='word_1_329' title='bbox 760 2760 857 2826; x_wconf 66' lang='grc' dir='ltr'>τῆς</span> <span class='ocrx_word' id='word_1_330' title='bbox 901 2763 1223 2832; x_wconf 55' lang='grc' dir='ltr'>Ἰἰκκλῃέας</span> <span class='ocrx_word' id='word_1_331' title='bbox 1250 2770 1534 2835; x_wconf 61' lang='grc' dir='ltr'>ψροντίδας</span> <span class='ocrx_word' id='word_1_332' title='bbox 1567 2773 1832 2836; x_wconf 82' lang='grc' dir='ltr'>ὀδυνατῶ,</span> 
     </span>
    </p>
   </div>
   <div class='ocr_carea' id='block_1_46' title="bbox 273 2843 1837 2934">
    <p class='ocr_par' dir='ltr' id='par_1_46' title="bbox 273 2843 1837 2934">
     <span class='ocr_line' id='line_1_46' title="bbox 273 2843 1837 2934; baseline 0.019 -45"><span class='ocrx_word' id='word_1_333' title='bbox 273 2843 421 2902; x_wconf 82' lang='grc' dir='ltr'>τίνος</span> <span class='ocrx_word' id='word_1_334' title='bbox 451 2845 609 2898; x_wconf 80' lang='grc' dir='ltr'>ἄλλου</span> <span class='ocrx_word' id='word_1_335' title='bbox 641 2850 798 2918; x_wconf 69' lang='grc' dir='ltr'>χάριν</span> <span class='ocrx_word' id='word_1_336' title='bbox 833 2851 926 2918; x_wconf 77' lang='grc' dir='ltr'>τῆς</span> <span class='ocrx_word' id='word_1_337' title='bbox 959 2853 1112 2916; x_wconf 81' lang='grc' dir='ltr'>ἀξίας</span> <span class='ocrx_word' id='word_1_338' title='bbox 1143 2859 1344 2926; x_wconf 79' lang='grc' dir='ltr'>ταύτης</span> <span class='ocrx_word' id='word_1_339' title='bbox 1379 2865 1837 2934; x_wconf 81' lang='grc' dir='ltr'>μεταποιήσομαι;</span> 
     </span>
    </p>
   </div>
   <div class='ocr_carea' id='block_1_47' title="bbox 278 2931 1838 3024">
    <p class='ocr_par' dir='ltr' id='par_1_47' title="bbox 278 2931 1838 3024">
     <span class='ocr_line' id='line_1_47' title="bbox 278 2931 1838 3024; baseline 0.017 -44"><span class='ocrx_word' id='word_1_340' title='bbox 278 2931 480 3001; x_wconf 80' lang='grc' dir='ltr'>Ἔργον</span> <span class='ocrx_word' id='word_1_341' title='bbox 532 2936 639 3005; x_wconf 72' lang='grc' dir='ltr'><strong>γὰρ</strong></span> <span class='ocrx_word' id='word_1_342' title='bbox 679 2941 778 3006; x_wconf 83' lang='grc' dir='ltr'>τὴν</span> <span class='ocrx_word' id='word_1_343' title='bbox 831 2944 1134 3014; x_wconf 72' lang='grc' dir='ltr'>ἐπισκοπὴν</span> <span class='ocrx_word' id='word_1_344' title='bbox 1176 2946 1383 3007; x_wconf 81' lang='grc' dir='ltr'>Παῦλος</span> <span class='ocrx_word' id='word_1_345' title='bbox 1433 2931 1731 3014; x_wconf 24' lang='grc' dir='ltr'>ἐκάλεσεν(</span> <span class='ocrx_word' id='word_1_346' title='bbox 1773 2950 1838 3024; x_wconf 83' lang='grc' dir='ltr'><strong>ἧς</strong></span> 
     </span>
    </p>
   </div>
   <div class='ocr_carea' id='block_1_48' title="bbox 274 3023 1837 3116">
    <p class='ocr_par' dir='ltr' id='par_1_48' title="bbox 274 3023 1837 3116">
     <span class='ocr_line' id='line_1_48' title="bbox 274 3023 1837 3116; baseline 0.019 -44"><span class='ocrx_word' id='word_1_347' title='bbox 274 3023 500 3116; x_wconf 74' lang='grc' dir='ltr'>ἀπέχειν</span> <span class='ocrx_word' id='word_1_348' title='bbox 525 3031 764 3096; x_wconf 75' lang='grc' dir='ltr'>προσῆκε</span> <span class='ocrx_word' id='word_1_349' title='bbox 795 3034 884 3084; x_wconf 76' lang='grc' dir='ltr'><strong>τὸν</strong></span> <span class='ocrx_word' id='word_1_350' title='bbox 905 3034 979 3090; x_wconf 74' lang='grc' dir='ltr'>τῷ</span> <span class='ocrx_word' id='word_1_351' title='bbox 1005 3037 1147 3105; x_wconf 77' lang='grc' dir='ltr'>ἔργῳ</span> <span class='ocrx_word' id='word_1_352' title='bbox 1179 3039 1251 3106; x_wconf 85' lang='grc' dir='ltr'>μὴ</span> <span class='ocrx_word' id='word_1_353' title='bbox 1279 3041 1624 3095; x_wconf 83' lang='grc' dir='ltr'>οἰκε;ότατον.</span> <span class='ocrx_word' id='word_1_354' title='bbox 1662 3047 1748 3113; x_wconf 86' lang='grc' dir='ltr'><strong>Μὴ</strong></span> <span class='ocrx_word' id='word_1_355' title='bbox 1775 3023 1837 3116; x_wconf 81' lang='grc' dir='ltr'><strong>δή</strong></span> 
     </span>
    </p>
   </div>
   <div class='ocr_carea' id='block_1_49' title="bbox 1949 1954 3514 2024">
    <p class='ocr_par' dir='ltr' id='par_1_49' title="bbox 1949 1954 3514 2024">
     <span class='ocr_line' id='line_1_49' title="bbox 1949 1954 3514 2024; baseline 0.001 -18"><span class='ocrx_word' id='word_1_356' title='bbox 1949 1954 2444 2017; x_wconf 77' lang='lat' dir='ltr'><strong>ecrlesiasticis.ac</strong></span> <span class='ocrx_word' id='word_1_357' title='bbox 2467 1956 2649 2009; x_wconf 90' lang='lat' dir='ltr'><strong>domui</strong></span> <span class='ocrx_word' id='word_1_358' title='bbox 2685 1955 2896 2009; x_wconf 87' lang='lat' dir='ltr'><strong>Domini</strong></span> <span class='ocrx_word' id='word_1_359' title='bbox 2933 1958 3162 2024; x_wconf 74' lang='lat' dir='ltr'><strong>practice.</strong></span> <span class='ocrx_word' id='word_1_360' title='bbox 3198 1958 3348 2010; x_wconf 85' lang='lat' dir='ltr'><strong>Itane</strong></span> <span class='ocrx_word' id='word_1_361' title='bbox 3384 1957 3514 2008; x_wconf 87' lang='lat' dir='ltr'><strong>mihi</strong></span> 
     </span>
    </p>
   </div>
   <div class='ocr_carea' id='block_1_50' title="bbox 1949 2047 3514 2118">
    <p class='ocr_par' dir='ltr' id='par_1_50' title="bbox 1949 2047 3514 2118">
     <span class='ocr_line' id='line_1_50' title="bbox 1949 2047 3514 2118; baseline 0.001 -20"><span class='ocrx_word' id='word_1_362' title='bbox 1949 2047 2189 2100; x_wconf 76' lang='lat' dir='ltr'><strong>ultimam</strong></span> <span class='ocrx_word' id='word_1_363' title='bbox 2219 2049 2446 2115; x_wconf 80' lang='lat' dir='ltr'><strong>gratiam</strong></span> <span class='ocrx_word' id='word_1_364' title='bbox 2475 2048 2714 2118; x_wconf 86' lang='lat' dir='ltr'><strong>adimplc</strong></span> <span class='ocrx_word' id='word_1_365' title='bbox 2747 2067 2759 2102; x_wconf 90' lang='lat'>:</span> <span class='ocrx_word' id='word_1_366' title='bbox 2792 2048 2856 2101; x_wconf 83' lang='lat' dir='ltr'><strong>(la</strong></span> <span class='ocrx_word' id='word_1_367' title='bbox 2883 2051 3010 2100; x_wconf 89' lang='lat' dir='ltr'><strong>mihi</strong></span> <span class='ocrx_word' id='word_1_368' title='bbox 3040 2064 3242 2116; x_wconf 82' lang='lat' dir='ltr'><strong>paucos</strong></span> <span class='ocrx_word' id='word_1_369' title='bbox 3282 2049 3514 2099; x_wconf 69' lang='lat' dir='ltr'><strong>hosdies</strong></span> 
     </span>
    </p>
   </div>
   <div class='ocr_carea' id='block_1_51' title="bbox 1948 2140 3512 2208">
    <p class='ocr_par' dir='ltr' id='par_1_51' title="bbox 1948 2140 3512 2208">
     <span class='ocr_line' id='line_1_51' title="bbox 1948 2140 3512 2208; baseline -0.001 -17"><span class='ocrx_word' id='word_1_370' title='bbox 1948 2149 2006 2191; x_wconf 90' lang='lat' dir='ltr'><strong>ut</strong></span> <span class='ocrx_word' id='word_1_371' title='bbox 2047 2155 2254 2193; x_wconf 86' lang='lat' dir='ltr'><strong>mecum</strong></span> <span class='ocrx_word' id='word_1_372' title='bbox 2288 2141 2569 2208; x_wconf 90' lang='lat' dir='ltr'><strong>colloquar</strong></span> <span class='ocrx_word' id='word_1_373' title='bbox 2612 2149 2665 2191; x_wconf 89' lang='lat' dir='ltr'><strong>et</strong></span> <span class='ocrx_word' id='word_1_374' title='bbox 2697 2155 2817 2192; x_wconf 91' lang='lat' dir='ltr'><strong>cum</strong></span> <span class='ocrx_word' id='word_1_375' title='bbox 2856 2141 3000 2202; x_wconf 86' lang='lat' dir='ltr'><strong>Deo;</strong></span> <span class='ocrx_word' id='word_1_376' title='bbox 3040 2141 3242 2207; x_wconf 86' lang='lat' dir='ltr'><strong>optima</strong></span> <span class='ocrx_word' id='word_1_377' title='bbox 3279 2140 3411 2192; x_wconf 89' lang='lat' dir='ltr'><strong>mihi</strong></span> <span class='ocrx_word' id='word_1_378' title='bbox 3449 2141 3512 2189; x_wconf 78' lang='lat' dir='ltr'><strong>:ul</strong></span> 
     </span>
    </p>
   </div>
   <div class='ocr_carea' id='block_1_52' title="bbox 1950 2229 3511 2294">
    <p class='ocr_par' dir='ltr' id='par_1_52' title="bbox 1950 2229 3511 2294">
     <span class='ocr_line' id='line_1_52' title="bbox 1950 2229 3511 2294; baseline -0.002 -11"><span class='ocrx_word' id='word_1_379' title='bbox 1950 2231 2052 2283; x_wconf 89' lang='lat' dir='ltr'><strong>hoe</strong></span> <span class='ocrx_word' id='word_1_380' title='bbox 2087 2229 2282 2282; x_wconf 88' lang='lat' dir='ltr'><strong>domus</strong></span> <span class='ocrx_word' id='word_1_381' title='bbox 2312 2230 2736 2293; x_wconf 83' lang='lat' dir='ltr'><strong>monasterium;</strong></span> <span class='ocrx_word' id='word_1_382' title='bbox 2795 2231 2863 2282; x_wconf 88' lang='lat' dir='ltr'><strong>ibi</strong></span> <span class='ocrx_word' id='word_1_383' title='bbox 2897 2233 3033 2284; x_wconf 78' lang='lat' dir='ltr'><strong>meri</strong></span> <span class='ocrx_word' id='word_1_384' title='bbox 3067 2231 3324 2283; x_wconf 74' lang='lat' dir='ltr'><strong>concede.</strong></span> <span class='ocrx_word' id='word_1_385' title='bbox 3369 2231 3511 2294; x_wconf 79' lang='lat' dir='ltr'><strong>Quid</strong></span> 
     </span>
    </p>
   </div>
   <div class='ocr_carea' id='block_1_53' title="bbox 1947 2321 3511 2388">
    <p class='ocr_par' dir='ltr' id='par_1_53' title="bbox 1947 2321 3511 2388">
     <span class='ocr_line' id='line_1_53' title="bbox 1947 2321 3511 2388; baseline 0.002 -16"><span class='ocrx_word' id='word_1_386' title='bbox 1947 2321 2089 2372; x_wconf 87' lang='lat' dir='ltr'><strong>enim</strong></span> <span class='ocrx_word' id='word_1_387' title='bbox 2125 2321 2253 2374; x_wconf 89' lang='lat' dir='ltr'><strong>mihi</strong></span> <span class='ocrx_word' id='word_1_388' title='bbox 2277 2324 2389 2388; x_wconf 86' lang='lat' dir='ltr'><strong>jam</strong></span> <span class='ocrx_word' id='word_1_389' title='bbox 2428 2335 2717 2376; x_wconf 79' lang='lat' dir='ltr'><strong>caminune</strong></span> <span class='ocrx_word' id='word_1_390' title='bbox 2738 2330 2819 2374; x_wconf 84' lang='lat' dir='ltr'><strong>est</strong></span> <span class='ocrx_word' id='word_1_391' title='bbox 2851 2338 2971 2374; x_wconf 89' lang='lat' dir='ltr'><strong>cum</strong></span> <span class='ocrx_word' id='word_1_392' title='bbox 2998 2322 3166 2382; x_wconf 62' lang='lat' dir='ltr'><strong>caris,</strong></span> <span class='ocrx_word' id='word_1_393' title='bbox 3200 2322 3511 2374; x_wconf 74' lang='lat' dir='ltr'><strong>robustiora</strong></span> 
     </span>
    </p>
   </div>
   <div class='ocr_carea' id='block_1_54' title="bbox 1947 2411 3512 2480">
    <p class='ocr_par' dir='ltr' id='par_1_54' title="bbox 1947 2411 3512 2480">
     <span class='ocr_line' id='line_1_54' title="bbox 1947 2411 3512 2480; baseline 0.001 -17"><span class='ocrx_word' id='word_1_394' title='bbox 1947 2412 2188 2463; x_wconf 73' lang='lat' dir='ltr'><strong>membra</strong></span> <span class='ocrx_word' id='word_1_395' title='bbox 2227 2412 2682 2480; x_wconf 75' lang='lat' dir='ltr'><strong>requirentibus?</strong></span> <span class='ocrx_word' id='word_1_396' title='bbox 2723 2412 2775 2466; x_wconf 88' lang='lat' dir='ltr'><strong>Si</strong></span> <span class='ocrx_word' id='word_1_397' title='bbox 2810 2426 2987 2466; x_wconf 81' lang='lat' dir='ltr'><strong>autem</strong></span> <span class='ocrx_word' id='word_1_398' title='bbox 3026 2413 3089 2465; x_wconf 86' lang='lat' dir='ltr'><strong>ad</strong></span> <span class='ocrx_word' id='word_1_399' title='bbox 3121 2428 3279 2464; x_wconf 76' lang='lat' dir='ltr'><strong>curas</strong></span> <span class='ocrx_word' id='word_1_400' title='bbox 3327 2411 3512 2464; x_wconf 74' lang='lat' dir='ltr'><strong>Eccle-</strong></span> 
     </span>
    </p>
   </div>
   <div class='ocr_carea' id='block_1_55' title="bbox 1944 2501 3509 2571">
    <p class='ocr_par' dir='ltr' id='par_1_55' title="bbox 1944 2501 3509 2571">
     <span class='ocr_line' id='line_1_55' title="bbox 1944 2501 3509 2571; baseline 0 -14"><span class='ocrx_word' id='word_1_401' title='bbox 1944 2501 2042 2557; x_wconf 70' lang='lat' dir='ltr'><strong>sia:</strong></span> <span class='ocrx_word' id='word_1_402' title='bbox 2073 2503 2340 2569; x_wconf 86' lang='lat' dir='ltr'><strong>impotens</strong></span> <span class='ocrx_word' id='word_1_403' title='bbox 2368 2518 2509 2564; x_wconf 82' lang='lat' dir='ltr'><strong>sum,</strong></span> <span class='ocrx_word' id='word_1_404' title='bbox 2536 2504 2807 2571; x_wconf 87' lang='lat' dir='ltr'><strong>quomodo</strong></span> <span class='ocrx_word' id='word_1_405' title='bbox 2841 2505 2978 2557; x_wconf 90' lang='lat' dir='ltr'><strong>hanc</strong></span> <span class='ocrx_word' id='word_1_406' title='bbox 3007 2505 3325 2571; x_wconf 78' lang='lat' dir='ltr'><strong>dignitatem</strong></span> <span class='ocrx_word' id='word_1_407' title='bbox 3355 2519 3509 2556; x_wconf 79' lang='lat' dir='ltr'><strong>arro-</strong></span> 
     </span>
    </p>
   </div>
   <div class='ocr_carea' id='block_1_56' title="bbox 1944 2593 3510 2663">
    <p class='ocr_par' dir='ltr' id='par_1_56' title="bbox 1944 2593 3510 2663">
     <span class='ocr_line' id='line_1_56' title="bbox 1944 2593 3510 2663; baseline 0 -18"><span class='ocrx_word' id='word_1_408' title='bbox 1944 2594 2119 2662; x_wconf 86' lang='lat' dir='ltr'><strong>gabo?</strong></span> <span class='ocrx_word' id='word_1_409' title='bbox 2148 2593 2298 2647; x_wconf 90' lang='lat' dir='ltr'><strong>Onus</strong></span> <span class='ocrx_word' id='word_1_410' title='bbox 2330 2594 2474 2647; x_wconf 86' lang='lat' dir='ltr'><strong>enim</strong></span> <span class='ocrx_word' id='word_1_411' title='bbox 2509 2593 2713 2647; x_wconf 88' lang='lat' dir='ltr'><strong>Paulus</strong></span> <span class='ocrx_word' id='word_1_412' title='bbox 2743 2597 3119 2663; x_wconf 83' lang='lat' dir='ltr'><strong>cpisc0patmn</strong></span> <span class='ocrx_word' id='word_1_413' title='bbox 3163 2607 3336 2655; x_wconf 77' lang='lat' dir='ltr'><strong>vorat,</strong></span> <span class='ocrx_word' id='word_1_414' title='bbox 3357 2596 3510 2648; x_wconf 82' lang='lat' dir='ltr'><strong>ideo-</strong></span> 
     </span>
    </p>
   </div>
   <div class='ocr_carea' id='block_1_57' title="bbox 1943 2685 3505 2754">
    <p class='ocr_par' dir='ltr' id='par_1_57' title="bbox 1943 2685 3505 2754">
     <span class='ocr_line' id='line_1_57' title="bbox 1943 2685 3505 2754; baseline 0.001 -18"><span class='ocrx_word' id='word_1_415' title='bbox 1943 2699 2049 2751; x_wconf 88' lang='lat' dir='ltr'><strong>que</strong></span> <span class='ocrx_word' id='word_1_416' title='bbox 2073 2685 2138 2736; x_wconf 87' lang='lat' dir='ltr'><strong>ab</strong></span> <span class='ocrx_word' id='word_1_417' title='bbox 2168 2699 2230 2737; x_wconf 88' lang='lat' dir='ltr'><strong>eo</strong></span> <span class='ocrx_word' id='word_1_418' title='bbox 2261 2686 2531 2739; x_wconf 88' lang='lat' dir='ltr'><strong>arcendus</strong></span> <span class='ocrx_word' id='word_1_419' title='bbox 2560 2687 2652 2754; x_wconf 89' lang='lat' dir='ltr'><strong>qui</strong></span> <span class='ocrx_word' id='word_1_420' title='bbox 2694 2688 2843 2753; x_wconf 80' lang='lat' dir='ltr'><strong>operi</strong></span> <span class='ocrx_word' id='word_1_421' title='bbox 2881 2701 2986 2738; x_wconf 90' lang='lat' dir='ltr'><strong>non</strong></span> <span class='ocrx_word' id='word_1_422' title='bbox 3022 2697 3103 2738; x_wconf 70' lang='lat' dir='ltr'><strong>est</strong></span> <span class='ocrx_word' id='word_1_423' title='bbox 3154 2690 3284 2738; x_wconf 74' lang='lat' dir='ltr'><strong>satis</strong></span> <span class='ocrx_word' id='word_1_424' title='bbox 3323 2697 3505 2754; x_wconf 71' lang='lat' dir='ltr'><strong>aptus.</strong></span> 
     </span>
    </p>
   </div>
   <div class='ocr_carea' id='block_1_58' title="bbox 1943 2774 3508 2845">
    <p class='ocr_par' dir='ltr' id='par_1_58' title="bbox 1943 2774 3508 2845">
     <span class='ocr_line' id='line_1_58' title="bbox 1943 2774 3508 2845; baseline -0.001 -17"><span class='ocrx_word' id='word_1_425' title='bbox 1943 2774 2062 2828; x_wconf 82' lang='lat' dir='ltr'><strong>Noli</strong></span> <span class='ocrx_word' id='word_1_426' title='bbox 2110 2774 2426 2839; x_wconf 89' lang='lat' dir='ltr'><strong>Ecclesiam,</strong></span> <span class='ocrx_word' id='word_1_427' title='bbox 2483 2791 2603 2844; x_wconf 73' lang='lat' dir='ltr'><strong>qua:</strong></span> <span class='ocrx_word' id='word_1_428' title='bbox 2636 2779 2739 2830; x_wconf 89' lang='lat' dir='ltr'><strong>sub</strong></span> <span class='ocrx_word' id='word_1_429' title='bbox 2787 2792 2905 2829; x_wconf 85' lang='lat' dir='ltr'><strong>meo</strong></span> <span class='ocrx_word' id='word_1_430' title='bbox 2933 2778 3151 2830; x_wconf 79' lang='lat' dir='ltr'><strong>nomine</strong></span> <span class='ocrx_word' id='word_1_431' title='bbox 3185 2780 3365 2828; x_wconf 86' lang='lat' dir='ltr'><strong>tlornit</strong></span> <span class='ocrx_word' id='word_1_432' title='bbox 3401 2792 3508 2845; x_wconf 72' lang='lat' dir='ltr'><strong>pra.-</strong></span> 
     </span>
    </p>
   </div>
   <div class='ocr_carea' id='block_1_59' title="bbox 1944 2867 3504 2935">
    <p class='ocr_par' dir='ltr' id='par_1_59' title="bbox 1944 2867 3504 2935">
     <span class='ocr_line' id='line_1_59' title="bbox 1944 2867 3504 2935; baseline 0.001 -17"><span class='ocrx_word' id='word_1_433' title='bbox 1944 2867 2152 2928; x_wconf 89' lang='lat' dir='ltr'><strong>multis,</strong></span> <span class='ocrx_word' id='word_1_434' title='bbox 2188 2876 2376 2935; x_wconf 87' lang='lat' dir='ltr'><strong>postea</strong></span> <span class='ocrx_word' id='word_1_435' title='bbox 2412 2868 2515 2922; x_wconf 87' lang='lat' dir='ltr'><strong>sub</strong></span> <span class='ocrx_word' id='word_1_436' title='bbox 2545 2868 2648 2921; x_wconf 91' lang='lat' dir='ltr'><strong>hoc</strong></span> <span class='ocrx_word' id='word_1_437' title='bbox 2689 2869 2806 2934; x_wconf 80' lang='lat' dir='ltr'><strong>ipso</strong></span> <span class='ocrx_word' id='word_1_438' title='bbox 2835 2869 3051 2921; x_wconf 88' lang='lat' dir='ltr'><strong>nomine</strong></span> <span class='ocrx_word' id='word_1_439' title='bbox 3082 2880 3504 2923; x_wconf 68' lang='lat' dir='ltr'><strong>moreest-cutem</strong></span> 
     </span>
    </p>
   </div>
   <div class='ocr_carea' id='block_1_60' title="bbox 1943 2958 3506 3027">
    <p class='ocr_par' dir='ltr' id='par_1_60' title="bbox 1943 2958 3506 3027">
     <span class='ocr_line' id='line_1_60' title="bbox 1943 2958 3506 3027; baseline 0.002 -20"><span class='ocrx_word' id='word_1_440' title='bbox 1943 2958 2162 3020; x_wconf 78' lang='lat' dir='ltr'><strong>videre;</strong></span> <span class='ocrx_word' id='word_1_441' title='bbox 2197 2958 2313 3020; x_wconf 89' lang='lat' dir='ltr'><strong>sed,</strong></span> <span class='ocrx_word' id='word_1_442' title='bbox 2349 2968 2409 3010; x_wconf 88' lang='lat' dir='ltr'><strong>ut</strong></span> <span class='ocrx_word' id='word_1_443' title='bbox 2441 2958 2574 3023; x_wconf 78' lang='lat' dir='ltr'><strong>dixi,</strong></span> <span class='ocrx_word' id='word_1_444' title='bbox 2605 2975 2700 3027; x_wconf 88' lang='lat' dir='ltr'><strong>per</strong></span> <span class='ocrx_word' id='word_1_445' title='bbox 2736 2961 2873 3011; x_wconf 86' lang='lat' dir='ltr'><strong>alios</strong></span> <span class='ocrx_word' id='word_1_446' title='bbox 2921 2960 3164 3026; x_wconf 76' lang='lat' dir='ltr'><strong>jttttiol&#39;t&#39;s</strong></span> <span class='ocrx_word' id='word_1_447' title='bbox 3206 2961 3506 3027; x_wconf 73' lang='lat' dir='ltr'><strong>littltlttittt-</strong></span> 
     </span>
    </p>
   </div>
   <div class='ocr_carea' id='block_1_61' title="bbox 1941 3049 3468 3120">
    <p class='ocr_par' dir='ltr' id='par_1_61' title="bbox 1941 3049 3468 3120">
     <span class='ocr_line' id='line_1_61' title="bbox 1941 3049 3468 3120; baseline 0 -20"><span class='ocrx_word' id='word_1_448' title='bbox 1941 3049 2120 3101; x_wconf 86' lang='lat' dir='ltr'><strong>dinem</strong></span> <span class='ocrx_word' id='word_1_449' title='bbox 2156 3049 2230 3102; x_wconf 80' lang='lat' dir='ltr'><strong>illi</strong></span> <span class='ocrx_word' id='word_1_450' title='bbox 2259 3065 2414 3103; x_wconf 81' lang='lat' dir='ltr'><strong>serva</strong></span> <span class='ocrx_word' id='word_1_451' title='bbox 2437 3067 2450 3102; x_wconf 88' lang='lat'><strong>:</strong></span> <span class='ocrx_word' id='word_1_452' title='bbox 2472 3052 2774 3120; x_wconf 86' lang='lat' dir='ltr'><strong>periculum</strong></span> <span class='ocrx_word' id='word_1_453' title='bbox 2798 3052 2942 3102; x_wconf 87' lang='lat' dir='ltr'><strong>enim</strong></span> <span class='ocrx_word' id='word_1_454' title='bbox 2969 3063 3044 3103; x_wconf 76' lang='lat' dir='ltr'><strong>est</strong></span> <span class='ocrx_word' id='word_1_455' title='bbox 3076 3068 3141 3102; x_wconf 69' lang='lat' dir='ltr'><strong>ne</strong></span> <span class='ocrx_word' id='word_1_456' title='bbox 3172 3067 3285 3102; x_wconf 66' lang='lat' dir='ltr'><strong>mea</strong></span> <span class='ocrx_word' id='word_1_457' title='bbox 3311 3052 3468 3102; x_wconf 68' lang='grc' dir='ltr'><strong>ιΞι-ἱιὶἒί</strong></span> 
     </span>
    </p>
   </div>
   <div class='ocr_carea' id='block_1_62' title="bbox 273 3113 2720 3212">
    <p class='ocr_par' dir='ltr' id='par_1_62' title="bbox 273 3113 2720 3212">
     <span class='ocr_line' id='line_1_62' title="bbox 273 3113 2720 3212; baseline 0.009 -39"><span class='ocrx_word' id='word_1_458' title='bbox 273 3113 503 3185; x_wconf 69' lang='grc' dir='ltr'>θε)ήπῃς</span> <span class='ocrx_word' id='word_1_459' title='bbox 525 3120 621 3188; x_wconf 76' lang='grc' dir='ltr'><strong>τὴν</strong></span> <span class='ocrx_word' id='word_1_460' title='bbox 658 3121 1004 3192; x_wconf 72' lang='grc' dir='ltr'>Ἐκκλησίαν,</span> <span class='ocrx_word' id='word_1_461' title='bbox 1053 3132 1144 3180; x_wconf 81' lang='grc' dir='ltr'>ἐπὶ</span> <span class='ocrx_word' id='word_1_462' title='bbox 1184 3130 1260 3198; x_wconf 83' lang='grc' dir='ltr'>τῷ</span> <span class='ocrx_word' id='word_1_463' title='bbox 1289 3131 1402 3199; x_wconf 81' lang='grc' dir='ltr'>ἐμῷ</span> <span class='ocrx_word' id='word_1_464' title='bbox 1426 3133 1648 3199; x_wconf 77' lang='grc' dir='ltr'>ὀνόματι</span> <span class='ocrx_word' id='word_1_465' title='bbox 1675 3113 1835 3204; x_wconf 47' lang='grc' dir='ltr'>ἀνθήέ</span> <span class='ocrx_word' id='word_1_466' title='bbox 1864 3158 1904 3212; x_wconf 77' lang='lat' dir='ltr'>C</span> <span class='ocrx_word' id='word_1_467' title='bbox 1943 3147 2054 3191; x_wconf 86' lang='lat' dir='ltr'><strong>tate</strong></span> <span class='ocrx_word' id='word_1_468' title='bbox 2101 3154 2186 3194; x_wconf 89' lang='lat' dir='ltr'><strong>res</strong></span> <span class='ocrx_word' id='word_1_469' title='bbox 2224 3113 2498 3194; x_wconf 47' lang='lat' dir='ltr'><strong>labantur:</strong></span> <span class='ocrx_word' id='word_1_470' title='bbox 2563 3140 2674 3193; x_wconf 79' lang='lat' dir='ltr'><strong>Rex</strong></span> <span class='ocrx_word' id='word_1_471' title='bbox 2713 3143 2720 3194; x_wconf 92' lang='lat' dir='ltr'><strong>i</strong></span> 
     </span>
    </p>
   </div>
   <div class='ocr_carea' id='block_1_63' title="bbox 1855 3113 3500 3212">
    <p class='ocr_par' dir='ltr' id='par_1_63' title="bbox 1864 3140 3500 3212">
     <span class='ocr_line' id='line_1_63' title="bbox 1864 3140 3500 3212; baseline 0.001 -23"><span class='ocrx_word' id='word_1_472' title='bbox 1864 3158 1904 3212; x_wconf 68' lang='grc' dir='ltr'><strong>ρ</strong></span> <span class='ocrx_word' id='word_1_473' title='bbox 1943 3147 2054 3191; x_wconf 88' lang='lat' dir='ltr'><strong>tate</strong></span> <span class='ocrx_word' id='word_1_474' title='bbox 2101 3154 2186 3194; x_wconf 90' lang='lat' dir='ltr'><strong>res</strong></span> <span class='ocrx_word' id='word_1_475' title='bbox 2224 3141 2498 3194; x_wconf 72' lang='lat' dir='ltr'><strong>labantur.</strong></span> <span class='ocrx_word' id='word_1_476' title='bbox 2563 3140 2674 3193; x_wconf 80' lang='lat' dir='ltr'><strong>Rex</strong></span> <span class='ocrx_word' id='word_1_477' title='bbox 2713 3143 2874 3210; x_wconf 74' lang='lat' dir='ltr'><strong>igitur</strong></span> <span class='ocrx_word' id='word_1_478' title='bbox 2912 3145 2984 3194; x_wconf 86' lang='lat' dir='ltr'><strong>rei</strong></span> <span class='ocrx_word' id='word_1_479' title='bbox 3029 3150 3225 3194; x_wconf 62' lang='lat' dir='ltr'><strong>amitta-</strong></span> <span class='ocrx_word' id='word_1_480' title='bbox 3265 3155 3500 3194; x_wconf 60' lang='lat' dir='ltr'><strong>ueritati.</strong></span> 
     </span>
    </p>
   </div>
   <div class='ocr_carea' id='block_1_64' title="bbox 273 3207 1838 3296">
    <p class='ocr_par' dir='ltr' id='par_1_64' title="bbox 273 3207 1838 3296">
     <span class='ocr_line' id='line_1_64' title="bbox 273 3207 1838 3296; baseline 0.018 -43"><span class='ocrx_word' id='word_1_481' title='bbox 273 3220 445 3256; x_wconf 86' lang='grc' dir='ltr'>σασαν</span> <span class='ocrx_word' id='word_1_482' title='bbox 473 3207 610 3278; x_wconf 80' lang='grc' dir='ltr'>ὑπὲρ</span> <span class='ocrx_word' id='word_1_483' title='bbox 645 3211 740 3271; x_wconf 77' lang='grc' dir='ltr'>τὰς</span> <span class='ocrx_word' id='word_1_484' title='bbox 763 3213 982 3277; x_wconf 81' lang='grc' dir='ltr'>πολλὰς,</span> <span class='ocrx_word' id='word_1_485' title='bbox 1002 3213 1120 3269; x_wconf 74' lang='grc' dir='ltr'>εἶτα</span> <span class='ocrx_word' id='word_1_486' title='bbox 1146 3219 1231 3270; x_wconf 82' lang='grc' dir='ltr'>ἐπ’</span> <span class='ocrx_word' id='word_1_487' title='bbox 1260 3221 1409 3291; x_wconf 76' lang='grc' dir='ltr'><strong>αὑτῷ</strong></span> <span class='ocrx_word' id='word_1_488' title='bbox 1437 3224 1607 3291; x_wconf 68' lang='grc' dir='ltr'>τούτῳ</span> <span class='ocrx_word' id='word_1_489' title='bbox 1642 3244 1838 3296; x_wconf 84' lang='grc' dir='ltr'>μαραι-</span> 
     </span>
    </p>
   </div>
   <div class='ocr_carea' id='block_1_65' title="bbox 273 3296 1838 3387">
    <p class='ocr_par' dir='ltr' id='par_1_65' title="bbox 273 3296 1838 3387">
     <span class='ocr_line' id='line_1_65' title="bbox 273 3296 1838 3387; baseline 0.019 -44"><span class='ocrx_word' id='word_1_490' title='bbox 273 3296 507 3365; x_wconf 81' lang='grc' dir='ltr'>νομένην</span> <span class='ocrx_word' id='word_1_491' title='bbox 540 3300 684 3364; x_wconf 86' lang='grc' dir='ltr'>ἰδεῖν,</span> <span class='ocrx_word' id='word_1_492' title='bbox 732 3304 866 3366; x_wconf 84' lang='grc' dir='ltr'>ἀλλ’,</span> <span class='ocrx_word' id='word_1_493' title='bbox 899 3307 1035 3375; x_wconf 81' lang='grc' dir='ltr'>ὅπερ</span> <span class='ocrx_word' id='word_1_494' title='bbox 1065 3305 1238 3374; x_wconf 70' lang='grc' dir='ltr'>εἷπον,</span> <span class='ocrx_word' id='word_1_495' title='bbox 1268 3312 1328 3364; x_wconf 83' lang='grc' dir='ltr'>τὸ</span> <span class='ocrx_word' id='word_1_496' title='bbox 1369 3315 1558 3376; x_wconf 83' lang='grc' dir='ltr'>κάλλος</span> <span class='ocrx_word' id='word_1_497' title='bbox 1581 3318 1714 3387; x_wconf 80' lang='grc' dir='ltr'>αὐτῇ</span> <span class='ocrx_word' id='word_1_498' title='bbox 1772 3319 1838 3372; x_wconf 83' lang='grc' dir='ltr'>δι’</span> 
     </span>
    </p>
   </div>
   <div class='ocr_carea' id='block_1_66' title="bbox 275 3387 1838 3477">
    <p class='ocr_par' dir='ltr' id='par_1_66' title="bbox 275 3387 1838 3477">
     <span class='ocr_line' id='line_1_66' title="bbox 275 3387 1838 3477; baseline 0.03 -42"><span class='ocrx_word' id='word_1_499' title='bbox 275 3387 478 3454; x_wconf 71' lang='grc' dir='ltr'>ἐτέρων</span> <span class='ocrx_word' id='word_1_500' title='bbox 505 3389 884 3462; x_wconf 79' lang='grc' dir='ltr'>ἀκμαιοτέρων</span> <span class='ocrx_word' id='word_1_501' title='bbox 920 3401 1254 3468; x_wconf 82' lang='grc' dir='ltr'>συντήρησον</span> <span class='ocrx_word' id='word_1_502' title='bbox 1297 3422 1307 3433; x_wconf 93' lang='grc'>·</span> <span class='ocrx_word' id='word_1_503' title='bbox 1351 3405 1594 3467; x_wconf 62' lang='grc' dir='ltr'>κίνδυνος</span> <span class='ocrx_word' id='word_1_504' title='bbox 1633 3413 1736 3477; x_wconf 67' lang='grc' dir='ltr'><strong>γὰρ</strong></span> <span class='ocrx_word' id='word_1_505' title='bbox 1778 3412 1838 3462; x_wconf 66' lang='grc' dir='ltr'><strong>οὐ</strong></span> 
     </span>
    </p>
   </div>
   <div class='ocr_carea' id='block_1_67' title="bbox 276 3477 1837 3564">
    <p class='ocr_par' dir='ltr' id='par_1_67' title="bbox 276 3477 1837 3564">
     <span class='ocr_line' id='line_1_67' title="bbox 276 3477 1837 3564; baseline 0.016 -38"><span class='ocrx_word' id='word_1_506' title='bbox 276 3477 471 3545; x_wconf 80' lang='grc' dir='ltr'>μικρὸς</span> <span class='ocrx_word' id='word_1_507' title='bbox 492 3479 577 3531; x_wconf 75' lang='grc' dir='ltr'><strong>διὰ</strong></span> <span class='ocrx_word' id='word_1_508' title='bbox 603 3481 701 3549; x_wconf 66' lang='grc' dir='ltr'>τὴν</span> <span class='ocrx_word' id='word_1_509' title='bbox 732 3484 872 3550; x_wconf 71' lang='grc' dir='ltr'>ἐμὴν</span> <span class='ocrx_word' id='word_1_510' title='bbox 923 3487 1206 3542; x_wconf 81' lang='grc' dir='ltr'>ἀσθένειαν</span> <span class='ocrx_word' id='word_1_511' title='bbox 1238 3491 1305 3544; x_wconf 73' lang='grc' dir='ltr'><strong>τὰ</strong></span> <span class='ocrx_word' id='word_1_512' title='bbox 1343 3496 1643 3563; x_wconf 75' lang='grc' dir='ltr'>πράγματα</span> <span class='ocrx_word' id='word_1_513' title='bbox 1685 3498 1837 3564; x_wconf 81' lang='grc' dir='ltr'>φθεί-</span> 
     </span>
    </p>
   </div>
   <div class='ocr_carea' id='block_1_68' title="bbox 276 3565 1838 3652">
    <p class='ocr_par' dir='ltr' id='par_1_68' title="bbox 276 3565 1838 3652">
     <span class='ocr_line' id='line_1_68' title="bbox 276 3565 1838 3652; baseline 0.014 -36"><span class='ocrx_word' id='word_1_514' title='bbox 276 3565 486 3632; x_wconf 82' lang='grc' dir='ltr'>ρεσθαι.</span> <span class='ocrx_word' id='word_1_515' title='bbox 534 3568 591 3621; x_wconf 84' lang='lat'><strong>&#39;0</strong></span> <span class='ocrx_word' id='word_1_516' title='bbox 637 3571 766 3632; x_wconf 82' lang='grc' dir='ltr'>γοῦν</span> <span class='ocrx_word' id='word_1_517' title='bbox 814 3573 1067 3640; x_wconf 73' lang='grc' dir='ltr'>βασιλεὺς</span> <span class='ocrx_word' id='word_1_518' title='bbox 1119 3577 1194 3646; x_wconf 86' lang='grc' dir='ltr'>τῷ</span> <span class='ocrx_word' id='word_1_519' title='bbox 1250 3580 1420 3649; x_wconf 84' lang='grc' dir='ltr'>καινῷ</span> <span class='ocrx_word' id='word_1_520' title='bbox 1467 3586 1838 3652; x_wconf 85' lang='grc' dir='ltr'>καταπλαγεὶς</span> 
     </span>
    </p>
   </div>
   <div class='ocr_carea' id='block_1_69' title="bbox 270 3655 1840 3742">
    <p class='ocr_par' dir='ltr' id='par_1_69' title="bbox 270 3655 1840 3742">
     <span class='ocr_line' id='line_1_69' title="bbox 270 3655 1840 3742; baseline 0.015 -38"><span class='ocrx_word' id='word_1_521' title='bbox 270 3655 364 3707; x_wconf 77' lang='grc' dir='ltr'>τοῦ</span> <span class='ocrx_word' id='word_1_522' title='bbox 428 3658 770 3728; x_wconf 81' lang='grc' dir='ltr'>ἀκούσματος</span> <span class='ocrx_word' id='word_1_523' title='bbox 828 3664 1078 3732; x_wconf 83' lang='grc' dir='ltr'>(πλήττει</span> <span class='ocrx_word' id='word_1_524' title='bbox 1144 3668 1250 3735; x_wconf 76' lang='grc' dir='ltr'>γὰρ</span> <span class='ocrx_word' id='word_1_525' title='bbox 1296 3671 1713 3742; x_wconf 80' lang='grc' dir='ltr'>ἀπροσδοκήτως</span> <span class='ocrx_word' id='word_1_526' title='bbox 1780 3677 1840 3728; x_wconf 72' lang='grc' dir='ltr'><strong>τὸ</strong></span> 
     </span>
    </p>
   </div>
   <div class='ocr_carea' id='block_1_70' title="bbox 270 3746 1839 3834">
    <p class='ocr_par' dir='ltr' id='par_1_70' title="bbox 270 3746 1839 3834">
     <span class='ocr_line' id='line_1_70' title="bbox 270 3746 1839 3834; baseline 0.014 -36"><span class='ocrx_word' id='word_1_527' title='bbox 270 3746 535 3816; x_wconf 79' lang='grc' dir='ltr'>ἀθέλητον</span> <span class='ocrx_word' id='word_1_528' title='bbox 573 3751 943 3822; x_wconf 84' lang='grc' dir='ltr'>ἀκουόμενον),</span> <span class='ocrx_word' id='word_1_529' title='bbox 971 3756 1034 3808; x_wconf 87' lang='grc' dir='ltr'>Τί</span> <span class='ocrx_word' id='word_1_530' title='bbox 1064 3758 1256 3824; x_wconf 87' lang='grc' dir='ltr'>ταῦτα,</span> <span class='ocrx_word' id='word_1_531' title='bbox 1286 3763 1466 3828; x_wconf 74' lang='grc' dir='ltr'>φάναι,</span> <span class='ocrx_word' id='word_1_532' title='bbox 1503 3764 1702 3834; x_wconf 82' lang='grc' dir='ltr'>ΙΙάτερ,</span> <span class='ocrx_word' id='word_1_533' title='bbox 1749 3767 1839 3819; x_wconf 79' lang='grc' dir='ltr'><strong>λέ·</strong></span> 
     </span>
    </p>
   </div>
   <div class='ocr_carea' id='block_1_71' title="bbox 270 3840 1836 3925">
    <p class='ocr_par' dir='ltr' id='par_1_71' title="bbox 270 3840 1836 3925">
     <span class='ocr_line' id='line_1_71' title="bbox 270 3840 1836 3925; baseline 0.015 -39"><span class='ocrx_word' id='word_1_534' title='bbox 270 3852 423 3900; x_wconf 87' lang='grc' dir='ltr'>γεις;</span> <span class='ocrx_word' id='word_1_535' title='bbox 471 3840 592 3902; x_wconf 86' lang='grc' dir='ltr'><strong>ῐιῶς</strong></span> <span class='ocrx_word' id='word_1_536' title='bbox 645 3843 982 3913; x_wconf 80' lang='grc' dir='ltr'>ἀνασχοίμην</span> <span class='ocrx_word' id='word_1_537' title='bbox 1035 3846 1145 3913; x_wconf 82' lang='grc' dir='ltr'>ἐγὼ</span> <span class='ocrx_word' id='word_1_538' title='bbox 1196 3849 1403 3919; x_wconf 85' lang='grc' dir='ltr'>θρόνοις</span> <span class='ocrx_word' id='word_1_539' title='bbox 1431 3854 1657 3918; x_wconf 82' lang='grc' dir='ltr'>ἐκείνοις</span> <span class='ocrx_word' id='word_1_540' title='bbox 1692 3857 1836 3925; x_wconf 79' lang='grc' dir='ltr'>ἰδεῖν,</span> 
     </span>
    </p>
   </div>
   <div class='ocr_carea' id='block_1_72' title="bbox 274 3925 1838 4019">
    <p class='ocr_par' dir='ltr' id='par_1_72' title="bbox 274 3925 1838 4019">
     <span class='ocr_line' id='line_1_72' title="bbox 274 3925 1838 4019; baseline 0.018 -43"><span class='ocrx_word' id='word_1_541' title='bbox 274 3925 369 3977; x_wconf 81' lang='grc' dir='ltr'>σοῦ</span> <span class='ocrx_word' id='word_1_542' title='bbox 402 3928 625 3992; x_wconf 76' lang='grc' dir='ltr'>ζῶντος,</span> <span class='ocrx_word' id='word_1_543' title='bbox 659 3932 816 3985; x_wconf 74' lang='grc' dir='ltr'>ἄλλον</span> <span class='ocrx_word' id='word_1_544' title='bbox 845 3937 1246 4006; x_wconf 87' lang='grc' dir='ltr'>ἐπικαθήμενον</span> <span class='ocrx_word' id='word_1_545' title='bbox 1272 3959 1286 4007; x_wconf 90' lang='grc'><strong>;</strong></span> <span class='ocrx_word' id='word_1_546' title='bbox 1313 3944 1425 4004; x_wconf 84' lang='grc' dir='ltr'>πῶς</span> <span class='ocrx_word' id='word_1_547' title='bbox 1448 3947 1542 4014; x_wconf 74' lang='grc' dir='ltr'>τὴν</span> <span class='ocrx_word' id='word_1_548' title='bbox 1567 3947 1703 4017; x_wconf 78' lang='grc' dir='ltr'>ἐμὴν</span> <span class='ocrx_word' id='word_1_549' title='bbox 1745 3950 1838 4019; x_wconf 87' lang='grc' dir='ltr'><strong>βα-</strong></span> 
     </span>
    </p>
   </div>
   <div class='ocr_carea' id='block_1_73' title="bbox 1941 3230 3499 3301">
    <p class='ocr_par' dir='ltr' id='par_1_73' title="bbox 1941 3230 3499 3301">
     <span class='ocr_line' id='line_1_73' title="bbox 1941 3230 3499 3301; baseline -0.001 -22"><span class='ocrx_word' id='word_1_550' title='bbox 1941 3231 2221 3297; x_wconf 85' lang='lat' dir='ltr'><strong>perculsus</strong></span> <span class='ocrx_word' id='word_1_551' title='bbox 2254 3230 2397 3298; x_wconf 83' lang='lat' dir='ltr'><strong>(nam</strong></span> <span class='ocrx_word' id='word_1_552' title='bbox 2427 3233 2659 3299; x_wconf 86' lang='lat' dir='ltr'><strong>percutit</strong></span> <span class='ocrx_word' id='word_1_553' title='bbox 2707 3232 3052 3301; x_wconf 85' lang='lat' dir='ltr'><strong>inopinanter</strong></span> <span class='ocrx_word' id='word_1_554' title='bbox 3089 3233 3330 3284; x_wconf 87' lang='lat' dir='ltr'><strong>auditum</strong></span> <span class='ocrx_word' id='word_1_555' title='bbox 3361 3241 3499 3294; x_wconf 79' lang='lat' dir='ltr'><strong>qtto-i</strong></span> 
     </span>
    </p>
   </div>
   <div class='ocr_carea' id='block_1_74' title="bbox 1938 3322 3470 3394">
    <p class='ocr_par' dir='ltr' id='par_1_74' title="bbox 1938 3322 3470 3394">
     <span class='ocr_line' id='line_1_74' title="bbox 1938 3322 3470 3394; baseline 0 -21"><span class='ocrx_word' id='word_1_556' title='bbox 1938 3336 2046 3373; x_wconf 91' lang='lat' dir='ltr'><strong>non</strong></span> <span class='ocrx_word' id='word_1_557' title='bbox 2075 3322 2289 3389; x_wconf 85' lang='lat' dir='ltr'><strong>placet),</strong></span> <span class='ocrx_word' id='word_1_558' title='bbox 2322 3322 2464 3386; x_wconf 90' lang='lat' dir='ltr'><strong>Quid</strong></span> <span class='ocrx_word' id='word_1_559' title='bbox 2499 3323 2639 3383; x_wconf 66' lang='lat' dir='ltr'><strong>haec.</strong></span> <span class='ocrx_word' id='word_1_560' title='bbox 2679 3323 2859 3385; x_wconf 85' lang='lat' dir='ltr'><strong>Pater,</strong></span> <span class='ocrx_word' id='word_1_561' title='bbox 2906 3327 3100 3394; x_wconf 89' lang='lat' dir='ltr'><strong>inquit,</strong></span> <span class='ocrx_word' id='word_1_562' title='bbox 3135 3326 3304 3378; x_wconf 82' lang='lat' dir='ltr'><strong>dicis?</strong></span> <span class='ocrx_word' id='word_1_563' title='bbox 3353 3323 3470 3388; x_wconf 62' lang='lat' dir='ltr'><strong>Qun</strong></span> 
     </span>
    </p>
   </div>
   <div class='ocr_carea' id='block_1_75' title="bbox 1941 3415 3464 3484">
    <p class='ocr_par' dir='ltr' id='par_1_75' title="bbox 1941 3415 3464 3484">
     <span class='ocr_line' id='line_1_75' title="bbox 1941 3415 3464 3484; baseline 0.001 -19"><span class='ocrx_word' id='word_1_564' title='bbox 1941 3415 2100 3466; x_wconf 90' lang='lat' dir='ltr'><strong>modo</strong></span> <span class='ocrx_word' id='word_1_565' title='bbox 2126 3415 2294 3468; x_wconf 78' lang='lat' dir='ltr'><strong>feram</strong></span> <span class='ocrx_word' id='word_1_566' title='bbox 2325 3429 2424 3484; x_wconf 85' lang='lat' dir='ltr'><strong>ego</strong></span> <span class='ocrx_word' id='word_1_567' title='bbox 2468 3419 2520 3467; x_wconf 89' lang='lat' dir='ltr'><strong>in</strong></span> <span class='ocrx_word' id='word_1_568' title='bbox 2552 3416 2656 3467; x_wconf 86' lang='lat' dir='ltr'><strong>hoc</strong></span> <span class='ocrx_word' id='word_1_569' title='bbox 2691 3417 2909 3479; x_wconf 83' lang='lat' dir='ltr'><strong>throno,</strong></span> <span class='ocrx_word' id='word_1_570' title='bbox 2960 3429 3008 3469; x_wconf 87' lang='lat' dir='ltr'><strong>te</strong></span> <span class='ocrx_word' id='word_1_571' title='bbox 3065 3417 3300 3468; x_wconf 83' lang='lat' dir='ltr'><strong>vivente.</strong></span> <span class='ocrx_word' id='word_1_572' title='bbox 3334 3416 3464 3467; x_wconf 78' lang='lat' dir='ltr'><strong>alim</strong></span> 
     </span>
    </p>
   </div>
   <div class='ocr_carea' id='block_1_76' title="bbox 1940 3505 3491 3576">
    <p class='ocr_par' dir='ltr' id='par_1_76' title="bbox 1940 3505 3491 3576">
     <span class='ocr_line' id='line_1_76' title="bbox 1940 3505 3491 3576; baseline -0.001 -19"><span class='ocrx_word' id='word_1_573' title='bbox 1940 3505 2122 3558; x_wconf 88' lang='lat' dir='ltr'><strong>videre</strong></span> <span class='ocrx_word' id='word_1_574' title='bbox 2147 3506 2586 3572; x_wconf 82' lang='lat' dir='ltr'><strong>sedentem?Qut</strong></span> <span class='ocrx_word' id='word_1_575' title='bbox 2630 3523 2807 3561; x_wconf 88' lang='lat' dir='ltr'><strong>meum</strong></span> <span class='ocrx_word' id='word_1_576' title='bbox 2843 3523 3067 3576; x_wconf 87' lang='lat' dir='ltr'><strong>regnum</strong></span> <span class='ocrx_word' id='word_1_577' title='bbox 3101 3508 3491 3575; x_wconf 66' lang='lat' dir='ltr'><strong>pontilicahbu:</strong></span> 
     </span>
    </p>
   </div>
   <div class='ocr_carea' id='block_1_77' title="bbox 1939 3597 3499 3667">
    <p class='ocr_par' dir='ltr' id='par_1_77' title="bbox 1939 3597 3499 3667">
     <span class='ocr_line' id='line_1_77' title="bbox 1939 3597 3499 3667; baseline -0.003 -17"><span class='ocrx_word' id='word_1_578' title='bbox 1939 3597 2047 3650; x_wconf 87' lang='lat' dir='ltr'><strong>tuis</strong></span> <span class='ocrx_word' id='word_1_579' title='bbox 2079 3597 2548 3653; x_wconf 73' lang='lat' dir='ltr'><strong>benedictionibus</strong></span> <span class='ocrx_word' id='word_1_580' title='bbox 2581 3601 2767 3653; x_wconf 89' lang='lat' dir='ltr'><strong>orbem</strong></span> <span class='ocrx_word' id='word_1_581' title='bbox 2790 3600 2811 3652; x_wconf 68' lang='grc' dir='ltr'><strong>ἲ</strong></span> <span class='ocrx_word' id='word_1_582' title='bbox 2832 3599 3037 3652; x_wconf 81' lang='lat' dir='ltr'><strong>Turoni</strong></span> <span class='ocrx_word' id='word_1_583' title='bbox 3063 3600 3386 3667; x_wconf 87' lang='lat' dir='ltr'><strong>episcopalis</strong></span> <span class='ocrx_word' id='word_1_584' title='bbox 3410 3609 3499 3650; x_wconf 86' lang='lat' dir='ltr'><strong>tua</strong></span> 
     </span>
    </p>
   </div>
   <div class='ocr_carea' id='block_1_78' title="bbox 1938 3685 3456 3756">
    <p class='ocr_par' dir='ltr' id='par_1_78' title="bbox 1938 3685 3456 3756">
     <span class='ocr_line' id='line_1_78' title="bbox 1938 3685 3456 3756; baseline 0 -19"><span class='ocrx_word' id='word_1_585' title='bbox 1938 3685 2225 3739; x_wconf 79' lang='lat' dir='ltr'><strong>derelictio</strong></span> <span class='ocrx_word' id='word_1_586' title='bbox 2262 3687 2390 3738; x_wconf 88' lang='lat' dir='ltr'><strong>milti</strong></span> <span class='ocrx_word' id='word_1_587' title='bbox 2430 3688 2716 3740; x_wconf 77' lang='lat' dir='ltr'><strong>sinistrum</strong></span> <span class='ocrx_word' id='word_1_588' title='bbox 2748 3699 2832 3742; x_wconf 86' lang='lat' dir='ltr'><strong>est</strong></span> <span class='ocrx_word' id='word_1_589' title='bbox 2868 3704 2897 3740; x_wconf 87' lang='lat' dir='ltr'><strong>e</strong></span> <span class='ocrx_word' id='word_1_590' title='bbox 2936 3690 3132 3742; x_wconf 85' lang='lat' dir='ltr'><strong>throno</strong></span> <span class='ocrx_word' id='word_1_591' title='bbox 3162 3689 3307 3756; x_wconf 80' lang='lat' dir='ltr'><strong>regio</strong></span> <span class='ocrx_word' id='word_1_592' title='bbox 3342 3703 3456 3739; x_wconf 83' lang='lat' dir='ltr'><strong>ovet</strong></span> 
     </span>
    </p>
   </div>
   <div class='ocr_carea' id='block_1_79' title="bbox 1939 3776 3484 3845">
    <p class='ocr_par' dir='ltr' id='par_1_79' title="bbox 1939 3776 3484 3845">
     <span class='ocr_line' id='line_1_79' title="bbox 1939 3776 3484 3845; baseline -0.002 -17"><span class='ocrx_word' id='word_1_593' title='bbox 1939 3777 2112 3829; x_wconf 86' lang='lat' dir='ltr'><strong>sionis</strong></span> <span class='ocrx_word' id='word_1_594' title='bbox 2145 3777 2494 3845; x_wconf 62' lang='lat' dir='ltr'><strong>praesagium.</strong></span> <span class='ocrx_word' id='word_1_595' title='bbox 2528 3776 2585 3829; x_wconf 87' lang='lat' dir='ltr'><strong>Si</strong></span> <span class='ocrx_word' id='word_1_596' title='bbox 2614 3778 2778 3844; x_wconf 69' lang='lat' dir='ltr'><strong>igitur</strong></span> <span class='ocrx_word' id='word_1_597' title='bbox 2814 3779 3160 3832; x_wconf 88' lang='lat' dir='ltr'><strong>sanctitatem</strong></span> <span class='ocrx_word' id='word_1_598' title='bbox 3192 3789 3336 3830; x_wconf 87' lang='lat' dir='ltr'><strong>tuam</strong></span> <span class='ocrx_word' id='word_1_599' title='bbox 3368 3793 3484 3830; x_wconf 76' lang='lat' dir='ltr'><strong>cen-</strong></span> 
     </span>
    </p>
   </div>
   <div class='ocr_carea' id='block_1_80' title="bbox 1940 3867 3483 3934">
    <p class='ocr_par' dir='ltr' id='par_1_80' title="bbox 1940 3867 3483 3934">
     <span class='ocr_line' id='line_1_80' title="bbox 1940 3867 3483 3934; baseline -0.002 -14"><span class='ocrx_word' id='word_1_600' title='bbox 1940 3867 2191 3930; x_wconf 83' lang='lat' dir='ltr'><strong>tristavi,</strong></span> <span class='ocrx_word' id='word_1_601' title='bbox 2249 3867 2573 3934; x_wconf 89' lang='lat' dir='ltr'><strong>ignorantcr</strong></span> <span class='ocrx_word' id='word_1_602' title='bbox 2637 3868 2879 3933; x_wconf 87' lang='lat' dir='ltr'><strong>quidem,</strong></span> <span class='ocrx_word' id='word_1_603' title='bbox 2932 3883 3054 3919; x_wconf 86' lang='lat' dir='ltr'><strong>eum</strong></span> <span class='ocrx_word' id='word_1_604' title='bbox 3097 3869 3229 3919; x_wconf 87' lang='lat' dir='ltr'><strong>mihi</strong></span> <span class='ocrx_word' id='word_1_605' title='bbox 3293 3869 3483 3934; x_wconf 81' lang='lat' dir='ltr'><strong>aliqui.</strong></span> 
     </span>
    </p>
   </div>
   <div class='ocr_carea' id='block_1_81' title="bbox 1939 3960 3495 4027">
    <p class='ocr_par' dir='ltr' id='par_1_81' title="bbox 1939 3960 3495 4027">
     <span class='ocr_line' id='line_1_81' title="bbox 1939 3960 3495 4027; baseline -0.002 -16"><span class='ocrx_word' id='word_1_606' title='bbox 1939 3972 2192 4026; x_wconf 81' lang='lat' dir='ltr'><strong>peccasse</strong></span> <span class='ocrx_word' id='word_1_607' title='bbox 2242 3973 2350 4010; x_wconf 87' lang='lat' dir='ltr'><strong>non</strong></span> <span class='ocrx_word' id='word_1_608' title='bbox 2406 3965 2506 4011; x_wconf 78' lang='lat' dir='ltr'><strong>sim</strong></span> <span class='ocrx_word' id='word_1_609' title='bbox 2540 3960 2838 4018; x_wconf 76' lang='lat' dir='ltr'><strong>conscius;</strong></span> <span class='ocrx_word' id='word_1_610' title='bbox 2879 3961 2922 4011; x_wconf 88' lang='lat' dir='ltr'><strong>si</strong></span> <span class='ocrx_word' id='word_1_611' title='bbox 2963 3961 3121 4013; x_wconf 88' lang='lat' dir='ltr'><strong>nobis</strong></span> <span class='ocrx_word' id='word_1_612' title='bbox 3159 3974 3406 4027; x_wconf 86' lang='lat' dir='ltr'><strong>parcens,</strong></span> <span class='ocrx_word' id='word_1_613' title='bbox 3443 3971 3495 4010; x_wconf 75' lang='lat' dir='ltr'><strong>ut</strong></span> 
     </span>
    </p>
   </div>
   <div class='ocr_carea' id='block_1_82' title="bbox 272 4017 2720 4117">
    <p class='ocr_par' dir='ltr' id='par_1_82' title="bbox 272 4017 2714 4117">
     <span class='ocr_line' id='line_1_82' title="bbox 272 4017 2714 4117; baseline 0.015 -52"><span class='ocrx_word' id='word_1_614' title='bbox 272 4017 476 4069; x_wconf 86' lang='grc' dir='ltr'>σιλείαν</span> <span class='ocrx_word' id='word_1_615' title='bbox 502 4020 660 4117; x_wconf 33' lang='grc' dir='ltr'><strong>’τῶνι</strong></span> <span class='ocrx_word' id='word_1_616' title='bbox 693 4024 800 4075; x_wconf 84' lang='grc' dir='ltr'><strong>σῶν</strong></span> <span class='ocrx_word' id='word_1_617' title='bbox 845 4026 1239 4096; x_wconf 84' lang='grc' dir='ltr'>ἀρχιερατικῶν</span> <span class='ocrx_word' id='word_1_618' title='bbox 1305 4033 1560 4101; x_wconf 79' lang='grc' dir='ltr'>εὐλογιῶν</span> <span class='ocrx_word' id='word_1_619' title='bbox 1629 4017 1839 4109; x_wconf 79' lang='grc' dir='ltr'>ἐρημὼ-</span> <span class='ocrx_word' id='word_1_620' title='bbox 1929 4017 2110 4115; x_wconf 67' lang='lat' dir='ltr'><strong>‘pater,</strong></span> <span class='ocrx_word' id='word_1_621' title='bbox 2147 4047 2403 4115; x_wconf 71' lang='lat' dir='ltr'><strong>iniuriam</strong></span> <span class='ocrx_word' id='word_1_622' title='bbox 2457 4064 2630 4101; x_wconf 90' lang='lat' dir='ltr'><strong>meam</strong></span> <span class='ocrx_word' id='word_1_623' title='bbox 2662 4049 2714 4101; x_wconf 92' lang='lat' dir='ltr'><strong>in</strong></span> 
     </span>
    </p>
   </div>
   <div class='ocr_carea' id='block_1_83' title="bbox 1855 4017 3467 4117">
    <p class='ocr_par' dir='ltr' id='par_1_83' title="bbox 1929 4047 3467 4117">
     <span class='ocr_line' id='line_1_83' title="bbox 1929 4047 3467 4117; baseline -0.001 -17"><span class='ocrx_word' id='word_1_624' title='bbox 1929 4055 2110 4115; x_wconf 86' lang='lat' dir='ltr'><strong>‘pater,</strong></span> <span class='ocrx_word' id='word_1_625' title='bbox 2147 4047 2403 4115; x_wconf 73' lang='lat' dir='ltr'><strong>iniuriam</strong></span> <span class='ocrx_word' id='word_1_626' title='bbox 2457 4064 2630 4101; x_wconf 90' lang='lat' dir='ltr'><strong>meam</strong></span> <span class='ocrx_word' id='word_1_627' title='bbox 2662 4049 2714 4101; x_wconf 92' lang='lat' dir='ltr'><strong>in</strong></span> <span class='ocrx_word' id='word_1_628' title='bbox 2750 4057 2801 4101; x_wconf 88' lang='lat' dir='ltr'><strong>te</strong></span> <span class='ocrx_word' id='word_1_629' title='bbox 2828 4065 2932 4101; x_wconf 91' lang='lat' dir='ltr'><strong>non</strong></span> <span class='ocrx_word' id='word_1_630' title='bbox 2964 4051 3042 4104; x_wconf 91' lang='lat' dir='ltr'><strong>vis</strong></span> <span class='ocrx_word' id='word_1_631' title='bbox 3074 4051 3375 4117; x_wconf 67' lang='lat' dir='ltr'><strong>leltigill‘e,</strong></span> <span class='ocrx_word' id='word_1_632' title='bbox 3408 4065 3467 4100; x_wconf 69' lang='lat' dir='ltr'><strong>ve</strong></span> 
     </span>
    </p>
   </div>
   <div class='ocr_carea' id='block_1_84' title="bbox 271 4110 1834 4199">
    <p class='ocr_par' dir='ltr' id='par_1_84' title="bbox 271 4110 1834 4199">
     <span class='ocr_line' id='line_1_84' title="bbox 271 4110 1834 4199; baseline 0.017 -42"><span class='ocrx_word' id='word_1_633' title='bbox 271 4123 461 4175; x_wconf 73' lang='grc' dir='ltr'>σαιμις</span> <span class='ocrx_word' id='word_1_634' title='bbox 502 4110 775 4175; x_wconf 86' lang='grc' dir='ltr'>Ἀπαίσιος</span> <span class='ocrx_word' id='word_1_635' title='bbox 825 4116 1110 4185; x_wconf 82' lang='grc' dir='ltr'>οἰωνισμός</span> <span class='ocrx_word' id='word_1_636' title='bbox 1165 4136 1253 4188; x_wconf 89' lang='grc' dir='ltr'><strong>μοι</strong></span> <span class='ocrx_word' id='word_1_637' title='bbox 1299 4122 1399 4186; x_wconf 77' lang='grc' dir='ltr'>τῆς</span> <span class='ocrx_word' id='word_1_638' title='bbox 1445 4125 1508 4176; x_wconf 86' lang='grc' dir='ltr'><strong>ἐκ</strong></span> <span class='ocrx_word' id='word_1_639' title='bbox 1555 4129 1648 4177; x_wconf 81' lang='grc' dir='ltr'>τοῦ</span> <span class='ocrx_word' id='word_1_640' title='bbox 1706 4130 1834 4199; x_wconf 83' lang='grc' dir='ltr'>θρό-</span> 
     </span>
    </p>
   </div>
   <div class='ocr_carea' id='block_1_85' title="bbox 268 4197 1836 4286">
    <p class='ocr_par' dir='ltr' id='par_1_85' title="bbox 268 4197 1836 4286">
     <span class='ocr_line' id='line_1_85' title="bbox 268 4197 1836 4286; baseline 0.015 -37"><span class='ocrx_word' id='word_1_641' title='bbox 268 4213 360 4249; x_wconf 80' lang='grc' dir='ltr'><strong>νου</strong></span> <span class='ocrx_word' id='word_1_642' title='bbox 413 4197 504 4250; x_wconf 65' lang='lat'><strong>135</strong></span> <span class='ocrx_word' id='word_1_643' title='bbox 573 4201 849 4268; x_wconf 67' lang='grc' dir='ltr'>βασιλικοῦ</span> <span class='ocrx_word' id='word_1_644' title='bbox 903 4207 1277 4278; x_wconf 78' lang='grc' dir='ltr'>καθαιρέσεως</span> <span class='ocrx_word' id='word_1_645' title='bbox 1336 4212 1471 4282; x_wconf 85' lang='grc' dir='ltr'><strong>ήσὴ</strong></span> <span class='ocrx_word' id='word_1_646' title='bbox 1524 4216 1616 4268; x_wconf 82' lang='grc' dir='ltr'>τοῦ</span> <span class='ocrx_word' id='word_1_647' title='bbox 1646 4197 1836 4286; x_wconf 77' lang='grc' dir='ltr'>θρόνου</span> 
     </span>
    </p>
   </div>
   <div class='ocr_carea' id='block_1_86' title="bbox 269 4288 1836 4378">
    <p class='ocr_par' dir='ltr' id='par_1_86' title="bbox 269 4288 1836 4378">
     <span class='ocr_line' id='line_1_86' title="bbox 269 4288 1836 4378; baseline 0.017 -41"><span class='ocrx_word' id='word_1_648' title='bbox 269 4288 367 4355; x_wconf 86' lang='grc' dir='ltr'>τῆς</span> <span class='ocrx_word' id='word_1_649' title='bbox 404 4290 711 4361; x_wconf 75' lang='grc' dir='ltr'>ἐπισκοπῆς</span> <span class='ocrx_word' id='word_1_650' title='bbox 737 4295 1142 4366; x_wconf 79' lang='grc' dir='ltr'>ἐγκαταλειψις.</span> <span class='ocrx_word' id='word_1_651' title='bbox 1188 4300 1249 4352; x_wconf 87' lang='lat' dir='ltr'><strong>El</strong></span> <span class='ocrx_word' id='word_1_652' title='bbox 1284 4301 1382 4369; x_wconf 84' lang='grc' dir='ltr'>μὲν</span> <span class='ocrx_word' id='word_1_653' title='bbox 1407 4304 1500 4356; x_wconf 80' lang='grc' dir='ltr'>οὖν</span> <span class='ocrx_word' id='word_1_654' title='bbox 1530 4311 1836 4378; x_wconf 75' lang='grc' dir='ltr'>παραλελό-</span> 
     </span>
    </p>
   </div>
   <div class='ocr_carea' id='block_1_87' title="bbox 269 4379 1830 4466">
    <p class='ocr_par' dir='ltr' id='par_1_87' title="bbox 269 4379 1830 4466">
     <span class='ocr_line' id='line_1_87' title="bbox 269 4379 1830 4466; baseline 0.016 -40"><span class='ocrx_word' id='word_1_655' title='bbox 269 4379 422 4466; x_wconf 54' lang='grc' dir='ltr'><strong>τηκά</strong></span> <span class='ocrx_word' id='word_1_656' title='bbox 455 4396 506 4430; x_wconf 89' lang='grc' dir='ltr'><strong>τι</strong></span> <span class='ocrx_word' id='word_1_657' title='bbox 539 4381 634 4450; x_wconf 74' lang='grc' dir='ltr'>τὴν</span> <span class='ocrx_word' id='word_1_658' title='bbox 669 4385 766 4451; x_wconf 76' lang='grc' dir='ltr'>σὴν</span> <span class='ocrx_word' id='word_1_659' title='bbox 803 4387 1076 4456; x_wconf 82' lang='grc' dir='ltr'>ὁσιότητα,</span> <span class='ocrx_word' id='word_1_660' title='bbox 1106 4389 1164 4439; x_wconf 77' lang='grc' dir='ltr'><strong>ἐν</strong></span> <span class='ocrx_word' id='word_1_661' title='bbox 1191 4391 1381 4460; x_wconf 71' lang='grc' dir='ltr'>ἀγνοίᾳ</span> <span class='ocrx_word' id='word_1_662' title='bbox 1411 4393 1830 4466; x_wconf 81' lang='grc' dir='ltr'>πλημμελήσας,</span> 
     </span>
    </p>
   </div>
   <div class='ocr_carea' id='block_1_88' title="bbox 265 4464 1823 4555">
    <p class='ocr_par' dir='ltr' id='par_1_88' title="bbox 265 4464 1823 4555">
     <span class='ocr_line' id='line_1_88' title="bbox 265 4464 1823 4555; baseline 0.016 -39"><span class='ocrx_word' id='word_1_663' title='bbox 265 4464 339 4528; x_wconf 77' lang='grc' dir='ltr'>ἁς</span> <span class='ocrx_word' id='word_1_664' title='bbox 369 4467 541 4534; x_wconf 75' lang='grc' dir='ltr'>ἔγωγε</span> <span class='ocrx_word' id='word_1_665' title='bbox 573 4472 725 4524; x_wconf 74' lang='grc' dir='ltr'>οὐδὲν</span> <span class='ocrx_word' id='word_1_666' title='bbox 761 4475 982 4546; x_wconf 81' lang='grc' dir='ltr'>ἐμαυτῷ</span> <span class='ocrx_word' id='word_1_667' title='bbox 1038 4478 1528 4549; x_wconf 81' lang='grc' dir='ltr'>πεπλημμεληκότι</span> <span class='ocrx_word' id='word_1_668' title='bbox 1590 4464 1823 4555; x_wconf 77' lang='grc' dir='ltr'>σύνοιδα,</span> 
     </span>
    </p>
   </div>
   <div class='ocr_carea' id='block_1_89' title="bbox 267 4556 1824 4645">
    <p class='ocr_par' dir='ltr' id='par_1_89' title="bbox 267 4556 1824 4645">
     <span class='ocr_line' id='line_1_89' title="bbox 267 4556 1824 4645; baseline 0.017 -40"><span class='ocrx_word' id='word_1_669' title='bbox 267 4556 447 4645; x_wconf 68' lang='grc' dir='ltr'>κσὶδὴ</span> <span class='ocrx_word' id='word_1_670' title='bbox 470 4559 782 4627; x_wconf 72' lang='grc' dir='ltr'>φειδόμενος</span> <span class='ocrx_word' id='word_1_671' title='bbox 809 4565 966 4632; x_wconf 85' lang='grc' dir='ltr'>ήμῶν</span> <span class='ocrx_word' id='word_1_672' title='bbox 990 4567 1064 4628; x_wconf 86' lang='grc' dir='ltr'><strong>ὡς</strong></span> <span class='ocrx_word' id='word_1_673' title='bbox 1096 4571 1280 4640; x_wconf 82' lang='grc' dir='ltr'>πατὴρ</span> <span class='ocrx_word' id='word_1_674' title='bbox 1316 4572 1414 4624; x_wconf 73' lang='grc' dir='ltr'>οὐκ</span> <span class='ocrx_word' id='word_1_675' title='bbox 1457 4575 1824 4645; x_wconf 77' lang='grc' dir='ltr'>ὲκπομπεύειν</span> 
     </span>
    </p>
   </div>
   <div class='ocr_carea' id='block_1_90' title="bbox 266 4643 1824 4731">
    <p class='ocr_par' dir='ltr' id='par_1_90' title="bbox 266 4643 1824 4731">
     <span class='ocr_line' id='line_1_90' title="bbox 266 4643 1824 4731; baseline 0.017 -37"><span class='ocrx_word' id='word_1_676' title='bbox 266 4643 470 4707; x_wconf 75' lang='grc' dir='ltr'>ἐθέλεις</span> <span class='ocrx_word' id='word_1_677' title='bbox 496 4649 590 4716; x_wconf 75' lang='grc' dir='ltr'>τὴν</span> <span class='ocrx_word' id='word_1_678' title='bbox 621 4650 758 4718; x_wconf 78' lang='grc' dir='ltr'>ἐμὴν</span> <span class='ocrx_word' id='word_1_679' title='bbox 779 4653 910 4721; x_wconf 85' lang='grc' dir='ltr'>πρὸς</span> <span class='ocrx_word' id='word_1_680' title='bbox 934 4655 988 4706; x_wconf 90' lang='grc' dir='ltr'>σὲ</span> <span class='ocrx_word' id='word_1_681' title='bbox 1011 4659 1316 4724; x_wconf 86' lang='grc' dir='ltr'>παροινίαν,</span> <span class='ocrx_word' id='word_1_682' title='bbox 1355 4661 1489 4714; x_wconf 80' lang='grc' dir='ltr'><strong>ἀλλά</strong></span> <span class='ocrx_word' id='word_1_683' title='bbox 1515 4643 1824 4731; x_wconf 79' lang='grc' dir='ltr'>συσκιάζεις</span> 
     </span>
    </p>
   </div>
   <div class='ocr_carea' id='block_1_91' title="bbox 263 4734 1820 4825">
    <p class='ocr_par' dir='ltr' id='par_1_91' title="bbox 263 4734 1820 4825">
     <span class='ocr_line' id='line_1_91' title="bbox 263 4734 1820 4825; baseline 0.018 -42"><span class='ocrx_word' id='word_1_684' title='bbox 263 4734 360 4802; x_wconf 70' lang='grc' dir='ltr'><strong>τὴν</strong></span> <span class='ocrx_word' id='word_1_685' title='bbox 392 4736 650 4807; x_wconf 80' lang='grc' dir='ltr'>ἀληθινὴν</span> <span class='ocrx_word' id='word_1_686' title='bbox 680 4741 859 4795; x_wconf 82' lang='grc' dir='ltr'>αἰτίαν</span> <span class='ocrx_word' id='word_1_687' title='bbox 881 4743 958 4812; x_wconf 82' lang='grc' dir='ltr'>τῷ</span> <span class='ocrx_word' id='word_1_688' title='bbox 985 4746 1083 4814; x_wconf 85' lang='grc' dir='ltr'>τῆς</span> <span class='ocrx_word' id='word_1_689' title='bbox 1113 4748 1410 4818; x_wconf 79' lang='grc' dir='ltr'>ἀδυναμίας</span> <span class='ocrx_word' id='word_1_690' title='bbox 1454 4758 1820 4825; x_wconf 83' lang='grc' dir='ltr'>προσχήματι,</span> 
     </span>
    </p>
   </div>
   <div class='ocr_carea' id='block_1_92' title="bbox 268 4825 1824 4912">
    <p class='ocr_par' dir='ltr' id='par_1_92' title="bbox 268 4825 1824 4912">
     <span class='ocr_line' id='line_1_92' title="bbox 268 4825 1824 4912; baseline 0.018 -37"><span class='ocrx_word' id='word_1_691' title='bbox 268 4825 422 4888; x_wconf 77' lang='grc' dir='ltr'>Εἰπὲ,</span> <span class='ocrx_word' id='word_1_692' title='bbox 488 4827 697 4897; x_wconf 78' lang='grc' dir='ltr'>δέομαι,</span> <span class='ocrx_word' id='word_1_693' title='bbox 758 4832 971 4901; x_wconf 75' lang='grc' dir='ltr'>ἕτοιμος</span> <span class='ocrx_word' id='word_1_694' title='bbox 1029 4838 1248 4908; x_wconf 71' lang='grc' dir='ltr'>ὑπέχειν</span> <span class='ocrx_word' id='word_1_695' title='bbox 1305 4843 1534 4903; x_wconf 76' lang='grc' dir='ltr'>εὐθύνας</span> <span class='ocrx_word' id='word_1_696' title='bbox 1566 4847 1696 4912; x_wconf 84' lang='grc' dir='ltr'>ἐγὼ,</span> <span class='ocrx_word' id='word_1_697' title='bbox 1730 4851 1824 4902; x_wconf 79' lang='grc' dir='ltr'>καὶ</span> 
     </span>
    </p>
   </div>
   <div class='ocr_carea' id='block_1_93' title="bbox 267 4916 1824 5008">
    <p class='ocr_par' dir='ltr' id='par_1_93' title="bbox 267 4916 1824 5008">
     <span class='ocr_line' id='line_1_93' title="bbox 267 4916 1824 5008; baseline 0.017 -42"><span class='ocrx_word' id='word_1_698' title='bbox 267 4916 446 4968; x_wconf 72' lang='grc' dir='ltr'>ἰᾶσθαι</span> <span class='ocrx_word' id='word_1_699' title='bbox 480 4918 539 4970; x_wconf 83' lang='grc' dir='ltr'>τὸ</span> <span class='ocrx_word' id='word_1_700' title='bbox 565 4920 655 4971; x_wconf 84' lang='grc' dir='ltr'>τοῦ</span> <span class='ocrx_word' id='word_1_701' title='bbox 683 4924 890 4993; x_wconf 78' lang='grc' dir='ltr'>πατρὸς</span> <span class='ocrx_word' id='word_1_702' title='bbox 938 4929 965 4980; x_wconf 85' lang='grc' dir='ltr'>ὁ</span> <span class='ocrx_word' id='word_1_703' title='bbox 1021 4932 1149 4991; x_wconf 84' lang='grc' dir='ltr'>παῖς</span> <span class='ocrx_word' id='word_1_704' title='bbox 1195 4931 1437 5006; x_wconf 78' lang='grc' dir='ltr'>ἄλγημα.</span> <span class='ocrx_word' id='word_1_705' title='bbox 1490 4935 1551 4987; x_wconf 83' lang='grc' dir='ltr'>Ει</span> <span class='ocrx_word' id='word_1_706' title='bbox 1587 4937 1642 4989; x_wconf 82' lang='grc' dir='ltr'>δὲ</span> <span class='ocrx_word' id='word_1_707' title='bbox 1661 4939 1824 5008; x_wconf 79' lang='grc' dir='ltr'>μηδὲν</span> 
     </span>
    </p>
   </div>
   <div class='ocr_carea' id='block_1_94' title="bbox 263 5008 1826 5095">
    <p class='ocr_par' dir='ltr' id='par_1_94' title="bbox 263 5008 1826 5095">
     <span class='ocr_line' id='line_1_94' title="bbox 263 5008 1826 5095; baseline 0.016 -36"><span class='ocrx_word' id='word_1_708' title='bbox 263 5008 404 5076; x_wconf 79' lang='grc' dir='ltr'>ἔχεις</span> <span class='ocrx_word' id='word_1_709' title='bbox 430 5012 560 5078; x_wconf 80' lang='grc' dir='ltr'>ἡμῖν</span> <span class='ocrx_word' id='word_1_710' title='bbox 593 5013 867 5078; x_wconf 84' lang='grc' dir='ltr'>ἐγκαλεῖν,</span> <span class='ocrx_word' id='word_1_711' title='bbox 903 5017 953 5068; x_wconf 86' lang='grc' dir='ltr'><strong>τί</strong></span> <span class='ocrx_word' id='word_1_712' title='bbox 990 5019 1174 5072; x_wconf 87' lang='grc' dir='ltr'>λυπεῖν</span> <span class='ocrx_word' id='word_1_713' title='bbox 1231 5022 1432 5087; x_wconf 79' lang='grc' dir='ltr'>ἐθέλεις</span> <span class='ocrx_word' id='word_1_714' title='bbox 1481 5027 1642 5089; x_wconf 76' lang='grc' dir='ltr'>αὐτὸς</span> <span class='ocrx_word' id='word_1_715' title='bbox 1702 5033 1826 5095; x_wconf 81' lang='grc' dir='ltr'>τοὺς</span> 
     </span>
    </p>
   </div>
   <div class='ocr_carea' id='block_1_95' title="bbox 266 5101 1824 5186">
    <p class='ocr_par' dir='ltr' id='par_1_95' title="bbox 266 5101 1824 5186">
     <span class='ocr_line' id='line_1_95' title="bbox 266 5101 1824 5186; baseline 0.017 -37"><span class='ocrx_word' id='word_1_716' title='bbox 266 5101 430 5168; x_wconf 68' lang='grc' dir='ltr'>μηδὲν</span> <span class='ocrx_word' id='word_1_717' title='bbox 461 5102 842 5174; x_wconf 86' lang='grc' dir='ltr'>λυπήσαντας;</span> <span class='ocrx_word' id='word_1_718' title='bbox 894 5111 965 5162; x_wconf 74' lang='grc' dir='ltr'><strong>Οὐ</strong></span> <span class='ocrx_word' id='word_1_719' title='bbox 993 5111 1084 5164; x_wconf 73' lang='grc' dir='ltr'>τὸν</span> <span class='ocrx_word' id='word_1_720' title='bbox 1134 5116 1331 5182; x_wconf 74' lang='grc' dir='ltr'>κλῆρον</span> <span class='ocrx_word' id='word_1_721' title='bbox 1366 5117 1508 5186; x_wconf 78' lang='grc' dir='ltr'>ἔχεις</span> <span class='ocrx_word' id='word_1_722' title='bbox 1553 5122 1824 5176; x_wconf 74' lang='grc' dir='ltr'>αἰτιᾶσθαι</span> 
     </span>
    </p>
   </div>
   <div class='ocr_carea' id='block_1_96' title="bbox 260 5190 1826 5278">
    <p class='ocr_par' dir='ltr' id='par_1_96' title="bbox 260 5190 1826 5278">
     <span class='ocr_line' id='line_1_96' title="bbox 260 5190 1826 5278; baseline 0.017 -38"><span class='ocrx_word' id='word_1_723' title='bbox 260 5190 331 5251; x_wconf 84' lang='grc' dir='ltr'>ὡς</span> <span class='ocrx_word' id='word_1_724' title='bbox 380 5192 574 5262; x_wconf 77' lang='grc' dir='ltr'>ἀπειθῆ</span> <span class='ocrx_word' id='word_1_725' title='bbox 606 5198 698 5249; x_wconf 81' lang='grc' dir='ltr'>καὶ</span> <span class='ocrx_word' id='word_1_726' title='bbox 733 5199 1105 5271; x_wconf 82' lang='grc' dir='ltr'>σκληραύχενα</span> <span class='ocrx_word' id='word_1_727' title='bbox 1135 5222 1149 5266; x_wconf 89' lang='lat'><strong>;</strong></span> <span class='ocrx_word' id='word_1_728' title='bbox 1185 5206 1390 5269; x_wconf 84' lang='grc' dir='ltr'>πάντας</span> <span class='ocrx_word' id='word_1_729' title='bbox 1432 5209 1538 5278; x_wconf 86' lang='grc' dir='ltr'><strong>γὰρ</strong></span> <span class='ocrx_word' id='word_1_730' title='bbox 1598 5212 1686 5264; x_wconf 82' lang='grc' dir='ltr'><strong>διά</strong></span> <span class='ocrx_word' id='word_1_731' title='bbox 1733 5214 1826 5266; x_wconf 77' lang='grc' dir='ltr'>τοῦ</span> 
     </span>
    </p>
   </div>
   <div class='ocr_carea' id='block_1_97' title="bbox 263 5279 1826 5368">
    <p class='ocr_par' dir='ltr' id='par_1_97' title="bbox 263 5279 1826 5368">
     <span class='ocr_line' id='line_1_97' title="bbox 263 5279 1826 5368; baseline 0.017 -39"><span class='ocrx_word' id='word_1_732' title='bbox 263 5279 592 5348; x_wconf 76' lang='grc' dir='ltr'>Εὖαγγελίου</span> <span class='ocrx_word' id='word_1_733' title='bbox 625 5285 886 5358; x_wconf 75' lang='grc' dir='ltr'>γεννήσας</span> <span class='ocrx_word' id='word_1_734' title='bbox 911 5294 1090 5362; x_wconf 82' lang='grc' dir='ltr'>σαυτῷ</span> <span class='ocrx_word' id='word_1_735' title='bbox 1119 5296 1210 5347; x_wconf 86' lang='grc' dir='ltr'>καὶ</span> <span class='ocrx_word' id='word_1_736' title='bbox 1250 5297 1326 5365; x_wconf 82' lang='grc' dir='ltr'>τῷ</span> <span class='ocrx_word' id='word_1_737' title='bbox 1389 5298 1506 5368; x_wconf 84' lang='grc' dir='ltr'><strong>Θεῷ</strong></span> <span class='ocrx_word' id='word_1_738' title='bbox 1553 5301 1826 5356; x_wconf 72' lang='grc' dir='ltr'>ὑποτεθει-</span> 
     </span>
    </p>
   </div>
   <div class='ocr_carea' id='block_1_98' title="bbox 263 5375 1822 5460">
    <p class='ocr_par' dir='ltr' id='par_1_98' title="bbox 263 5375 1822 5460">
     <span class='ocr_line' id='line_1_98' title="bbox 263 5375 1822 5460; baseline 0.016 -39"><span class='ocrx_word' id='word_1_739' title='bbox 263 5386 384 5433; x_wconf 80' lang='grc' dir='ltr'>κας,</span> <span class='ocrx_word' id='word_1_740' title='bbox 414 5375 510 5444; x_wconf 76' lang='grc' dir='ltr'>οὐχ</span> <span class='ocrx_word' id='word_1_741' title='bbox 544 5379 687 5446; x_wconf 75' lang='grc' dir='ltr'>ἡμᾶς</span> <span class='ocrx_word' id='word_1_742' title='bbox 715 5380 911 5443; x_wconf 81' lang='grc' dir='ltr'>αὐτοὺς</span> <span class='ocrx_word' id='word_1_743' title='bbox 944 5382 1018 5446; x_wconf 82' lang='grc' dir='ltr'>ὡς</span> <span class='ocrx_word' id='word_1_744' title='bbox 1045 5386 1180 5454; x_wconf 85' lang='grc' dir='ltr'>τάχα</span> <span class='ocrx_word' id='word_1_745' title='bbox 1201 5386 1307 5438; x_wconf 80' lang='grc' dir='ltr'>τῶν</span> <span class='ocrx_word' id='word_1_746' title='bbox 1345 5389 1450 5439; x_wconf 84' lang='grc' dir='ltr'>σῶν</span> <span class='ocrx_word' id='word_1_747' title='bbox 1477 5391 1822 5460; x_wconf 84' lang='grc' dir='ltr'>ἐνταλμάτων</span> 
     </span>
    </p>
   </div>
   <div class='ocr_carea' id='block_1_99' title="bbox 265 5461 2388 5568">
    <p class='ocr_par' dir='ltr' id='par_1_99' title="bbox 265 5461 2388 5568">
     <span class='ocr_line' id='line_1_99' title="bbox 265 5461 2388 5568; baseline 0.019 -57"><span class='ocrx_word' id='word_1_748' title='bbox 265 5461 678 5534; x_wconf 74' lang='grc' dir='ltr'>ἀφηνιάζοντας,</span> <span class='ocrx_word' id='word_1_749' title='bbox 709 5472 809 5523; x_wconf 77' lang='grc' dir='ltr'>οὐκ</span> <span class='ocrx_word' id='word_1_750' title='bbox 832 5472 958 5525; x_wconf 85' lang='grc' dir='ltr'>ἀλλο</span> <span class='ocrx_word' id='word_1_751' title='bbox 1004 5490 1055 5526; x_wconf 87' lang='grc' dir='ltr'>τι</span> <span class='ocrx_word' id='word_1_752' title='bbox 1110 5476 1216 5528; x_wconf 86' lang='grc' dir='ltr'>τῶν</span> <span class='ocrx_word' id='word_1_753' title='bbox 1262 5478 1368 5531; x_wconf 83' lang='grc' dir='ltr'>σῶν</span> <span class='ocrx_word' id='word_1_754' title='bbox 1421 5481 1698 5549; x_wconf 77' lang='grc' dir='ltr'>ἐπίψογον.</span> <span class='ocrx_word' id='word_1_755' title='bbox 1762 5487 1826 5538; x_wconf 86' lang='grc' dir='ltr'>Τί</span> <span class='ocrx_word' id='word_1_756' title='bbox 1865 5492 2042 5545; x_wconf 89' lang='grc' dir='ltr'>τοίνυν</span> <span class='ocrx_word' id='word_1_757' title='bbox 2073 5497 2260 5560; x_wconf 83' lang='grc' dir='ltr'>παῖδας</span> <span class='ocrx_word' id='word_1_758' title='bbox 2295 5500 2388 5568; x_wconf 77' lang='grc' dir='ltr'><strong>ἐᾷς</strong></span> 
     </span>
    </p>
   </div>
   <div class='ocr_carea' id='block_1_100' title="bbox 263 5553 1252 5635">
    <p class='ocr_par' dir='ltr' id='par_1_100' title="bbox 263 5553 1252 5635">
     <span class='ocr_line' id='line_1_100' title="bbox 263 5553 1252 5635; baseline 0.015 -31"><span class='ocrx_word' id='word_1_759' title='bbox 263 5553 604 5625; x_wconf 82' lang='grc' dir='ltr'>ἀναχώρησιν</span> <span class='ocrx_word' id='word_1_760' title='bbox 633 5575 647 5623; x_wconf 89' lang='lat'><strong>;</strong></span> <span class='ocrx_word' id='word_1_761' title='bbox 706 5560 776 5612; x_wconf 87' lang='grc' dir='ltr'><em>Ἢ</em></span> <span class='ocrx_word' id='word_1_762' title='bbox 802 5562 1010 5626; x_wconf 81' lang='grc' dir='ltr'>πείθου,</span> <span class='ocrx_word' id='word_1_763' title='bbox 1054 5566 1252 5635; x_wconf 72' lang='grc' dir='ltr'>Πάτερ,</span> 
     </span>
    </p>
   </div>
   <div class='ocr_carea' id='block_1_101' title="bbox 1939 4140 3492 4208">
    <p class='ocr_par' dir='ltr' id='par_1_101' title="bbox 1939 4140 3492 4208">
     <span class='ocr_line' id='line_1_101' title="bbox 1939 4140 3492 4208; baseline 0.001 -17"><span class='ocrx_word' id='word_1_764' title='bbox 1939 4154 2052 4191; x_wconf 87' lang='lat' dir='ltr'><strong>ram</strong></span> <span class='ocrx_word' id='word_1_765' title='bbox 2103 4149 2281 4190; x_wconf 86' lang='lat' dir='ltr'><strong>autem</strong></span> <span class='ocrx_word' id='word_1_766' title='bbox 2323 4153 2546 4193; x_wconf 86' lang='lat' dir='ltr'><strong>causam</strong></span> <span class='ocrx_word' id='word_1_767' title='bbox 2581 4141 2683 4192; x_wconf 87' lang='lat' dir='ltr'><strong>sub</strong></span> <span class='ocrx_word' id='word_1_768' title='bbox 2718 4140 3050 4208; x_wconf 61' lang='lat' dir='ltr'><strong>impotentiae</strong></span> <span class='ocrx_word' id='word_1_769' title='bbox 3112 4143 3291 4206; x_wconf 44' lang='lat' dir='ltr'><strong>specie</strong></span> <span class='ocrx_word' id='word_1_770' title='bbox 3327 4141 3492 4194; x_wconf 85' lang='lat' dir='ltr'><strong>velas.</strong></span> 
     </span>
    </p>
   </div>
   <div class='ocr_carea' id='block_1_102' title="bbox 1937 4227 3488 4297">
    <p class='ocr_par' dir='ltr' id='par_1_102' title="bbox 1937 4227 3488 4297">
     <span class='ocr_line' id='line_1_102' title="bbox 1937 4227 3488 4297; baseline 0.002 -17"><span class='ocrx_word' id='word_1_771' title='bbox 1937 4227 2043 4287; x_wconf 88' lang='lat' dir='ltr'><strong>die,</strong></span> <span class='ocrx_word' id='word_1_772' title='bbox 2081 4243 2302 4295; x_wconf 85' lang='lat' dir='ltr'><strong>precor;</strong></span> <span class='ocrx_word' id='word_1_773' title='bbox 2337 4239 2560 4297; x_wconf 86' lang='lat' dir='ltr'><strong>paratus</strong></span> <span class='ocrx_word' id='word_1_774' title='bbox 2594 4246 2713 4285; x_wconf 89' lang='lat' dir='ltr'><strong>sum</strong></span> <span class='ocrx_word' id='word_1_775' title='bbox 2766 4232 2951 4285; x_wconf 85' lang='lat' dir='ltr'><strong>subire</strong></span> <span class='ocrx_word' id='word_1_776' title='bbox 2980 4235 3391 4290; x_wconf 54' lang='lat' dir='ltr'><strong>correctionem.</strong></span> <span class='ocrx_word' id='word_1_777' title='bbox 3443 4249 3488 4284; x_wconf 67' lang='lat' dir='ltr'><strong>ei</strong></span> 
     </span>
    </p>
   </div>
   <div class='ocr_carea' id='block_1_103' title="bbox 1937 4319 3487 4386">
    <p class='ocr_par' dir='ltr' id='par_1_103' title="bbox 1937 4319 3487 4386">
     <span class='ocr_line' id='line_1_103' title="bbox 1937 4319 3487 4386; baseline 0.003 -16"><span class='ocrx_word' id='word_1_778' title='bbox 1937 4326 1996 4370; x_wconf 84' lang='lat' dir='ltr'><strong>ut</strong></span> <span class='ocrx_word' id='word_1_779' title='bbox 2028 4319 2190 4380; x_wconf 88' lang='lat' dir='ltr'><strong>lilius,</strong></span> <span class='ocrx_word' id='word_1_780' title='bbox 2222 4321 2388 4386; x_wconf 87' lang='lat' dir='ltr'><strong>patris</strong></span> <span class='ocrx_word' id='word_1_781' title='bbox 2419 4336 2613 4373; x_wconf 81' lang='lat' dir='ltr'><strong>sanare</strong></span> <span class='ocrx_word' id='word_1_782' title='bbox 2642 4321 2885 4376; x_wconf 88' lang='lat' dir='ltr'><strong>dolorem</strong></span> <span class='ocrx_word' id='word_1_783' title='bbox 2921 4340 2934 4375; x_wconf 90' lang='lat'><strong>:</strong></span> <span class='ocrx_word' id='word_1_784' title='bbox 2975 4325 3018 4375; x_wconf 89' lang='lat' dir='ltr'><strong>si</strong></span> <span class='ocrx_word' id='word_1_785' title='bbox 3053 4339 3178 4375; x_wconf 85' lang='lat' dir='ltr'><strong>vero</strong></span> <span class='ocrx_word' id='word_1_786' title='bbox 3223 4326 3355 4376; x_wconf 88' lang='lat' dir='ltr'><strong>nihil</strong></span> <span class='ocrx_word' id='word_1_787' title='bbox 3400 4326 3487 4376; x_wconf 87' lang='lat' dir='ltr'><strong>ba-</strong></span> 
     </span>
    </p>
   </div>
   <div class='ocr_carea' id='block_1_104' title="bbox 1939 4409 3490 4481">
    <p class='ocr_par' dir='ltr' id='par_1_104' title="bbox 1939 4409 3490 4481">
     <span class='ocr_line' id='line_1_104' title="bbox 1939 4409 3490 4481; baseline 0.006 -21"><span class='ocrx_word' id='word_1_788' title='bbox 1939 4409 2032 4462; x_wconf 84' lang='lat' dir='ltr'><strong>bes</strong></span> <span class='ocrx_word' id='word_1_789' title='bbox 2087 4409 2242 4462; x_wconf 85' lang='lat' dir='ltr'><strong>nobis</strong></span> <span class='ocrx_word' id='word_1_790' title='bbox 2289 4412 2646 4478; x_wconf 82' lang='lat' dir='ltr'><strong>exprobrare,</strong></span> <span class='ocrx_word' id='word_1_791' title='bbox 2679 4414 2874 4481; x_wconf 86' lang='lat' dir='ltr'><strong>utquid</strong></span> <span class='ocrx_word' id='word_1_792' title='bbox 2927 4416 3249 4468; x_wconf 88' lang='lat' dir='ltr'><strong>contristare</strong></span> <span class='ocrx_word' id='word_1_793' title='bbox 3285 4418 3364 4469; x_wconf 88' lang='lat' dir='ltr'><strong>vis</strong></span> <span class='ocrx_word' id='word_1_794' title='bbox 3400 4433 3490 4469; x_wconf 59' lang='lat' dir='ltr'><strong>eos</strong></span> 
     </span>
    </p>
   </div>
   <div class='ocr_carea' id='block_1_105' title="bbox 1855 4476 3486 4572">
    <p class='ocr_par' dir='ltr' id='par_1_105' title="bbox 1855 4476 3486 4572">
     <span class='ocr_line' id='line_1_105' title="bbox 1855 4476 3486 4572; baseline 0.004 -22"><span class='ocrx_word' id='word_1_795' title='bbox 1855 4476 1906 4533; x_wconf 78' lang='grc' dir='ltr'><strong>Ῑ)</strong></span> <span class='ocrx_word' id='word_1_796' title='bbox 1933 4502 2021 4567; x_wconf 90' lang='lat' dir='ltr'><strong>qui</strong></span> <span class='ocrx_word' id='word_1_797' title='bbox 2081 4511 2129 4554; x_wconf 86' lang='lat' dir='ltr'><strong>te</strong></span> <span class='ocrx_word' id='word_1_798' title='bbox 2154 4516 2260 4554; x_wconf 89' lang='lat' dir='ltr'><strong>non</strong></span> <span class='ocrx_word' id='word_1_799' title='bbox 2294 4476 2796 4555; x_wconf 74' lang='lat' dir='ltr'><strong>contristavcrunt?</strong></span> <span class='ocrx_word' id='word_1_800' title='bbox 2843 4502 2958 4557; x_wconf 78' lang='lat' dir='ltr'><strong>Non</strong></span> <span class='ocrx_word' id='word_1_801' title='bbox 2993 4514 3145 4572; x_wconf 89' lang='lat' dir='ltr'><strong>potes</strong></span> <span class='ocrx_word' id='word_1_802' title='bbox 3177 4505 3378 4556; x_wconf 80' lang='lat' dir='ltr'><strong>elerum</strong></span> <span class='ocrx_word' id='word_1_803' title='bbox 3407 4507 3486 4557; x_wconf 91' lang='lat' dir='ltr'><strong>in-</strong></span> 
     </span>
    </p>
   </div>
   <div class='ocr_carea' id='block_1_106' title="bbox 1933 4593 3488 4660">
    <p class='ocr_par' dir='ltr' id='par_1_106' title="bbox 1933 4593 3488 4660">
     <span class='ocr_line' id='line_1_106' title="bbox 1933 4593 3488 4660; baseline 0.003 -18"><span class='ocrx_word' id='word_1_804' title='bbox 1933 4605 2130 4643; x_wconf 89' lang='lat' dir='ltr'><strong>cusare</strong></span> <span class='ocrx_word' id='word_1_805' title='bbox 2189 4600 2445 4657; x_wconf 84' lang='lat' dir='ltr'><strong>tanquam</strong></span> <span class='ocrx_word' id='word_1_806' title='bbox 2503 4593 2903 4646; x_wconf 88' lang='lat' dir='ltr'><strong>inobedientem</strong></span> <span class='ocrx_word' id='word_1_807' title='bbox 2933 4608 2995 4644; x_wconf 90' lang='lat' dir='ltr'><strong>ac</strong></span> <span class='ocrx_word' id='word_1_808' title='bbox 3021 4595 3488 4660; x_wconf 86' lang='lat' dir='ltr'><strong>recalcitrantem;</strong></span> 
     </span>
    </p>
   </div>
   <div class='ocr_carea' id='block_1_107' title="bbox 1934 4684 3488 4753">
    <p class='ocr_par' dir='ltr' id='par_1_107' title="bbox 1934 4684 3488 4753">
     <span class='ocr_line' id='line_1_107' title="bbox 1934 4684 3488 4753; baseline 0.005 -22"><span class='ocrx_word' id='word_1_809' title='bbox 1934 4694 2055 4731; x_wconf 83' lang='lat' dir='ltr'><strong>tiam</strong></span> <span class='ocrx_word' id='word_1_810' title='bbox 2086 4696 2273 4732; x_wconf 88' lang='lat' dir='ltr'><strong>omnes</strong></span> <span class='ocrx_word' id='word_1_811' title='bbox 2297 4697 2391 4749; x_wconf 83' lang='lat' dir='ltr'><strong>per</strong></span> <span class='ocrx_word' id='word_1_812' title='bbox 2415 4684 2752 4749; x_wconf 72' lang='lat' dir='ltr'><strong>evangelium</strong></span> <span class='ocrx_word' id='word_1_813' title='bbox 2781 4700 2810 4737; x_wconf 88' lang='lat' dir='ltr'><strong>a</strong></span> <span class='ocrx_word' id='word_1_814' title='bbox 2833 4697 2885 4738; x_wconf 83' lang='lat' dir='ltr'><strong>te</strong></span> <span class='ocrx_word' id='word_1_815' title='bbox 2916 4687 3128 4752; x_wconf 78' lang='lat' dir='ltr'><strong>genitos</strong></span> <span class='ocrx_word' id='word_1_816' title='bbox 3153 4687 3244 4738; x_wconf 91' lang='lat' dir='ltr'><strong>tibi</strong></span> <span class='ocrx_word' id='word_1_817' title='bbox 3274 4686 3488 4753; x_wconf 67' lang='lat' dir='ltr'><strong>Deoque</strong></span> 
     </span>
    </p>
   </div>
   <div class='ocr_carea' id='block_1_108' title="bbox 1931 4769 3485 4845">
    <p class='ocr_par' dir='ltr' id='par_1_108' title="bbox 1931 4769 3485 4845">
     <span class='ocr_line' id='line_1_108' title="bbox 1931 4769 3485 4845; baseline 0.005 -23"><span class='ocrx_word' id='word_1_818' title='bbox 1931 4769 2254 4835; x_wconf 84' lang='lat' dir='ltr'><strong>subdidisti;</strong></span> <span class='ocrx_word' id='word_1_819' title='bbox 2292 4787 2400 4824; x_wconf 90' lang='lat' dir='ltr'><strong>non</strong></span> <span class='ocrx_word' id='word_1_820' title='bbox 2439 4789 2538 4827; x_wconf 88' lang='lat' dir='ltr'><strong>nos</strong></span> <span class='ocrx_word' id='word_1_821' title='bbox 2567 4775 2713 4843; x_wconf 85' lang='lat' dir='ltr'><strong>ipsos</strong></span> <span class='ocrx_word' id='word_1_822' title='bbox 2741 4785 2993 4845; x_wconf 89' lang='lat' dir='ltr'><strong>tanquam</strong></span> <span class='ocrx_word' id='word_1_823' title='bbox 3019 4778 3082 4831; x_wconf 90' lang='lat' dir='ltr'><strong>ad</strong></span> <span class='ocrx_word' id='word_1_824' title='bbox 3120 4778 3485 4830; x_wconf 83' lang='lat' dir='ltr'><strong>rebellandum</strong></span> 
     </span>
    </p>
   </div>
   <div class='ocr_carea' id='block_1_109' title="bbox 1929 4864 3485 4936">
    <p class='ocr_par' dir='ltr' id='par_1_109' title="bbox 1929 4864 3485 4936">
     <span class='ocr_line' id='line_1_109' title="bbox 1929 4864 3485 4936; baseline 0.004 -23"><span class='ocrx_word' id='word_1_825' title='bbox 1929 4870 2118 4913; x_wconf 82' lang='lat' dir='ltr'><strong>contra</strong></span> <span class='ocrx_word' id='word_1_826' title='bbox 2157 4864 2405 4915; x_wconf 88' lang='lat' dir='ltr'><strong>mandata</strong></span> <span class='ocrx_word' id='word_1_827' title='bbox 2448 4875 2538 4917; x_wconf 85' lang='lat' dir='ltr'><strong>tua</strong></span> <span class='ocrx_word' id='word_1_828' title='bbox 2573 4877 2870 4934; x_wconf 86' lang='lat' dir='ltr'><strong>promptos,</strong></span> <span class='ocrx_word' id='word_1_829' title='bbox 2906 4884 3008 4920; x_wconf 89' lang='lat' dir='ltr'><strong>non</strong></span> <span class='ocrx_word' id='word_1_830' title='bbox 3063 4871 3203 4920; x_wconf 83' lang='lat' dir='ltr'><strong>aliud</strong></span> <span class='ocrx_word' id='word_1_831' title='bbox 3249 4869 3378 4936; x_wconf 89' lang='lat' dir='ltr'><strong>quid</strong></span> <span class='ocrx_word' id='word_1_832' title='bbox 3423 4884 3485 4920; x_wconf 75' lang='lat' dir='ltr'><strong>ex</strong></span> 
     </span>
    </p>
   </div>
   <div class='ocr_carea' id='block_1_110' title="bbox 1929 4956 3482 5024">
    <p class='ocr_par' dir='ltr' id='par_1_110' title="bbox 1929 4956 3482 5024">
     <span class='ocr_line' id='line_1_110' title="bbox 1929 4956 3482 5024; baseline 0.004 -22"><span class='ocrx_word' id='word_1_833' title='bbox 1929 4959 2079 5018; x_wconf 87' lang='lat' dir='ltr'><strong>parte</strong></span> <span class='ocrx_word' id='word_1_834' title='bbox 2110 4961 2320 5004; x_wconf 86' lang='lat' dir='ltr'><strong>tuorum</strong></span> <span class='ocrx_word' id='word_1_835' title='bbox 2362 4956 2804 5020; x_wconf 79' lang='lat' dir='ltr'><strong>reprehensibile.</strong></span> <span class='ocrx_word' id='word_1_836' title='bbox 2834 4959 2946 5011; x_wconf 85' lang='lat' dir='ltr'><strong>Cur</strong></span> <span class='ocrx_word' id='word_1_837' title='bbox 2979 4958 3144 5024; x_wconf 78' lang='lat' dir='ltr'><strong>igitur</strong></span> <span class='ocrx_word' id='word_1_838' title='bbox 3175 4958 3310 5011; x_wconf 87' lang='lat' dir='ltr'><strong>lilios</strong></span> <span class='ocrx_word' id='word_1_839' title='bbox 3338 4968 3482 5009; x_wconf 83' lang='lat' dir='ltr'><strong>tuam</strong></span> 
     </span>
    </p>
   </div>
   <div class='ocr_carea' id='block_1_111' title="bbox 1929 5035 3485 5114">
    <p class='ocr_par' dir='ltr' id='par_1_111' title="bbox 1929 5035 3485 5114">
     <span class='ocr_line' id='line_1_111' title="bbox 1929 5035 3485 5114; baseline 0.004 -21"><span class='ocrx_word' id='word_1_840' title='bbox 1929 5035 2434 5107; x_wconf 79' lang='lat' dir='ltr'><strong>tergiversationem</strong></span> <span class='ocrx_word' id='word_1_841' title='bbox 2477 5048 2685 5114; x_wconf 87' lang='lat' dir='ltr'><strong>absque</strong></span> <span class='ocrx_word' id='word_1_842' title='bbox 2745 5050 2954 5104; x_wconf 86' lang='lat' dir='ltr'><strong>ratione</strong></span> <span class='ocrx_word' id='word_1_843' title='bbox 3001 5049 3190 5102; x_wconf 78' lang='lat' dir='ltr'><strong>ﬂentes</strong></span> <span class='ocrx_word' id='word_1_844' title='bbox 3229 5050 3485 5102; x_wconf 82' lang='lat' dir='ltr'><strong>deseris?</strong></span> 
     </span>
    </p>
   </div>
   <div class='ocr_carea' id='block_1_112' title="bbox 1929 5129 3479 5207">
    <p class='ocr_par' dir='ltr' id='par_1_112' title="bbox 1929 5129 3479 5207">
     <span class='ocr_line' id='line_1_112' title="bbox 1929 5129 3479 5207; baseline 0.004 -25"><span class='ocrx_word' id='word_1_845' title='bbox 1929 5129 2190 5194; x_wconf 88' lang='lat' dir='ltr'><strong>Flectere,</strong></span> <span class='ocrx_word' id='word_1_846' title='bbox 2226 5131 2405 5197; x_wconf 82' lang='lat' dir='ltr'><strong>Pater,</strong></span> <span class='ocrx_word' id='word_1_847' title='bbox 2433 5138 2698 5204; x_wconf 87' lang='lat' dir='ltr'><strong>alioquin,</strong></span> <span class='ocrx_word' id='word_1_848' title='bbox 2759 5140 2934 5191; x_wconf 76' lang='lat' dir='ltr'><strong>audax</strong></span> <span class='ocrx_word' id='word_1_849' title='bbox 2966 5150 3048 5192; x_wconf 89' lang='lat' dir='ltr'><strong>est</strong></span> <span class='ocrx_word' id='word_1_850' title='bbox 3088 5140 3281 5201; x_wconf 90' lang='lat' dir='ltr'><strong>oratio,</strong></span> <span class='ocrx_word' id='word_1_851' title='bbox 3319 5140 3479 5207; x_wconf 57' lang='lat' dir='ltr'><strong>quid-</strong></span> 
     </span>
    </p>
   </div>
   <div class='ocr_carea' id='block_1_113' title="bbox 1929 5221 3483 5297">
    <p class='ocr_par' dir='ltr' id='par_1_113' title="bbox 1929 5221 3483 5297">
     <span class='ocr_line' id='line_1_113' title="bbox 1929 5221 3483 5297; baseline 0.006 -26"><span class='ocrx_word' id='word_1_852' title='bbox 1929 5221 2058 5288; x_wconf 89' lang='lat' dir='ltr'><strong>quid</strong></span> <span class='ocrx_word' id='word_1_853' title='bbox 2094 5221 2298 5276; x_wconf 74' lang='lat' dir='ltr'><strong>dixeris</strong></span> <span class='ocrx_word' id='word_1_854' title='bbox 2332 5241 2435 5277; x_wconf 86' lang='lat' dir='ltr'><strong>non</strong></span> <span class='ocrx_word' id='word_1_855' title='bbox 2465 5227 2732 5286; x_wconf 89' lang='lat' dir='ltr'><strong>obediam,</strong></span> <span class='ocrx_word' id='word_1_856' title='bbox 2762 5229 3024 5295; x_wconf 87' lang='lat' dir='ltr'><strong>quidquid</strong></span> <span class='ocrx_word' id='word_1_857' title='bbox 3080 5244 3229 5297; x_wconf 71' lang='lat' dir='ltr'><strong>agas,</strong></span> <span class='ocrx_word' id='word_1_858' title='bbox 3263 5243 3369 5281; x_wconf 89' lang='lat' dir='ltr'><strong>non</strong></span> <span class='ocrx_word' id='word_1_859' title='bbox 3397 5245 3483 5281; x_wconf 85' lang='lat' dir='ltr'><strong>ce-</strong></span> 
     </span>
    </p>
   </div>
   <div class='ocr_carea' id='block_1_114' title="bbox 1929 5308 3477 5387">
    <p class='ocr_par' dir='ltr' id='par_1_114' title="bbox 1929 5308 3477 5387">
     <span class='ocr_line' id='line_1_114' title="bbox 1929 5308 3477 5387; baseline 0.005 -25"><span class='ocrx_word' id='word_1_860' title='bbox 1929 5309 2074 5362; x_wconf 85' lang='lat' dir='ltr'><strong>dam.</strong></span> <span class='ocrx_word' id='word_1_861' title='bbox 2134 5308 2264 5363; x_wconf 84' lang='lat' dir='ltr'><strong>Nam</strong></span> <span class='ocrx_word' id='word_1_862' title='bbox 2320 5317 2619 5376; x_wconf 75' lang='lat' dir='ltr'><strong>exi-usatio,</strong></span> <span class='ocrx_word' id='word_1_863' title='bbox 2660 5318 2876 5384; x_wconf 90' lang='lat' dir='ltr'><strong>opinor,</strong></span> <span class='ocrx_word' id='word_1_864' title='bbox 2912 5318 3044 5371; x_wconf 84' lang='lat' dir='ltr'><strong>solis</strong></span> <span class='ocrx_word' id='word_1_865' title='bbox 3073 5319 3306 5387; x_wconf 80' lang='lat' dir='ltr'><strong>indignis</strong></span> <span class='ocrx_word' id='word_1_866' title='bbox 3331 5333 3477 5371; x_wconf 84' lang='lat' dir='ltr'><strong>com-</strong></span> 
     </span>
    </p>
   </div>
   <div class='ocr_carea' id='block_1_115' title="bbox 1931 5400 3125 5475">
    <p class='ocr_par' dir='ltr' id='par_1_115' title="bbox 1931 5400 3125 5475">
     <span class='ocr_line' id='line_1_115' title="bbox 1931 5400 3125 5475; baseline 0.012 -28"><span class='ocrx_word' id='word_1_867' title='bbox 1931 5400 2097 5465; x_wconf 84' lang='lat' dir='ltr'><strong>petit;</strong></span> <span class='ocrx_word' id='word_1_868' title='bbox 2129 5409 2182 5453; x_wconf 90' lang='lat' dir='ltr'><strong>tu</strong></span> <span class='ocrx_word' id='word_1_869' title='bbox 2208 5417 2334 5455; x_wconf 79' lang='lat' dir='ltr'><strong>vero</strong></span> <span class='ocrx_word' id='word_1_870' title='bbox 2363 5406 2510 5456; x_wconf 90' lang='lat' dir='ltr'><strong>omni</strong></span> <span class='ocrx_word' id='word_1_871' title='bbox 2541 5406 2805 5475; x_wconf 86' lang='lat' dir='ltr'><strong>dignitate</strong></span> <span class='ocrx_word' id='word_1_872' title='bbox 2844 5409 3125 5471; x_wconf 70' lang='lat' dir='ltr'><strong>prrecellis.</strong></span> 
     </span>
    </p>
   </div>
   <div class='ocr_carea' id='block_1_116' title="bbox 2454 5499 3478 5571">
    <p class='ocr_par' dir='ltr' id='par_1_116' title="bbox 2454 5499 3478 5571">
     <span class='ocr_line' id='line_1_116' title="bbox 2454 5499 3478 5571; baseline -0.001 -23"><span class='ocrx_word' id='word_1_873' title='bbox 2454 5501 2552 5566; x_wconf 80' lang='grc' dir='ltr'>τὴν</span> <span class='ocrx_word' id='word_1_874' title='bbox 2609 5501 2707 5568; x_wconf 78' lang='grc' dir='ltr'>σὴν</span> <span class='ocrx_word' id='word_1_875' title='bbox 2761 5501 3114 5571; x_wconf 74' lang='grc' dir='ltr'>ὀδυρομένους</span> <span class='ocrx_word' id='word_1_876' title='bbox 3195 5499 3478 5564; x_wconf 66' lang='grc' dir='ltr'>ἀνεύλογοι</span> 
     </span>
    </p>
   </div>
   <div class='ocr_carea' id='block_1_117' title="bbox 1315 5569 3477 5661">
    <p class='ocr_par' dir='ltr' id='par_1_117' title="bbox 1315 5569 3477 5661">
     <span class='ocr_line' id='line_1_117' title="bbox 1315 5569 3477 5661; baseline 0.011 -43"><span class='ocrx_word' id='word_1_877' title='bbox 1315 5569 1361 5619; x_wconf 85' lang='grc' dir='ltr'><strong>εί</strong></span> <span class='ocrx_word' id='word_1_878' title='bbox 1408 5569 1464 5621; x_wconf 84' lang='grc' dir='ltr'>δὲ</span> <span class='ocrx_word' id='word_1_879' title='bbox 1540 5574 1635 5639; x_wconf 76' lang='grc' dir='ltr'><strong>μή,</strong></span> <span class='ocrx_word' id='word_1_880' title='bbox 1686 5575 2217 5652; x_wconf 84' lang='grc' dir='ltr'>τολμηρὸςὸλόγος,</span> <span class='ocrx_word' id='word_1_881' title='bbox 2261 5589 2361 5640; x_wconf 75' lang='grc' dir='ltr'>κᾶν</span> <span class='ocrx_word' id='word_1_882' title='bbox 2427 5608 2604 5643; x_wconf 83' lang='grc' dir='ltr'>παντα</span> <span class='ocrx_word' id='word_1_883' title='bbox 2653 5591 2832 5661; x_wconf 81' lang='grc' dir='ltr'>λέγῃς,</span> <span class='ocrx_word' id='word_1_884' title='bbox 2921 5594 2980 5645; x_wconf 85' lang='grc' dir='ltr'>οὑ</span> <span class='ocrx_word' id='word_1_885' title='bbox 3037 5593 3310 5658; x_wconf 84' lang='grc' dir='ltr'>πείσομαι,</span> <span class='ocrx_word' id='word_1_886' title='bbox 3376 5588 3477 5642; x_wconf 64' lang='grc' dir='ltr'>κᾶν</span> 
     </span>
    </p>
   </div>
   <div class='ocr_carea' id='block_1_118' title="bbox 266 5645 3473 5752">
    <p class='ocr_par' dir='ltr' id='par_1_118' title="bbox 266 5649 3473 5752">
     <span class='ocr_line' id='line_1_118' title="bbox 266 5649 3473 5752; baseline 0.013 -60"><span class='ocrx_word' id='word_1_887' title='bbox 266 5650 648 5752; x_wconf 55' lang='grc' dir='ltr'>πανταποιῇς.</span> <span class='ocrx_word' id='word_1_888' title='bbox 681 5649 739 5702; x_wconf 72' lang='grc' dir='ltr'><strong>οὖ</strong></span> <span class='ocrx_word' id='word_1_889' title='bbox 769 5652 1182 5725; x_wconf 70' lang='grc' dir='ltr'>καμφθήσομαι-</span> <span class='ocrx_word' id='word_1_890' title='bbox 1218 5658 1550 5729; x_wconf 71' lang='grc' dir='ltr'>Παραίτησις</span> <span class='ocrx_word' id='word_1_891' title='bbox 1583 5664 1710 5734; x_wconf 80' lang='grc' dir='ltr'>γὰρ.</span> <span class='ocrx_word' id='word_1_892' title='bbox 1737 5662 1908 5736; x_wconf 73' lang='grc' dir='ltr'>οἶμαι,</span> <span class='ocrx_word' id='word_1_893' title='bbox 1979 5676 2161 5743; x_wconf 85' lang='grc' dir='ltr'>μόνοις</span> <span class='ocrx_word' id='word_1_894' title='bbox 2200 5681 2312 5741; x_wconf 85' lang='grc' dir='ltr'>τοῖς</span> <span class='ocrx_word' id='word_1_895' title='bbox 2391 5681 2629 5744; x_wconf 76' lang='grc' dir='ltr'>ἀναξίοις</span> <span class='ocrx_word' id='word_1_896' title='bbox 2694 5682 2945 5752; x_wconf 78' lang='grc' dir='ltr'>ἁρμόδιος</span> <span class='ocrx_word' id='word_1_897' title='bbox 2975 5699 2986 5711; x_wconf 93' lang='grc'><strong>·</strong></span> <span class='ocrx_word' id='word_1_898' title='bbox 3039 5684 3100 5736; x_wconf 79' lang='grc' dir='ltr'>σὺ</span> <span class='ocrx_word' id='word_1_899' title='bbox 3156 5683 3210 5734; x_wconf 86' lang='grc' dir='ltr'>δὲ</span> <span class='ocrx_word' id='word_1_900' title='bbox 3301 5684 3473 5750; x_wconf 66' lang='grc' dir='ltr'>πάσης</span> 
     </span>
    </p>
   </div>
   <div class='ocr_carea' id='block_1_119' title="bbox 263 5737 713 5800">
    <p class='ocr_par' dir='ltr' id='par_1_119' title="bbox 263 5737 713 5800">
     <span class='ocr_line' id='line_1_119' title="bbox 263 5737 713 5800; baseline 0.013 -12"><span class='ocrx_word' id='word_1_901' title='bbox 263 5737 416 5800; x_wconf 76' lang='grc' dir='ltr'>ἀξίας</span> <span class='ocrx_word' id='word_1_902' title='bbox 443 5739 713 5795; x_wconf 78' lang='grc' dir='ltr'>ἐπέκεινα.</span> 
     </span>
    </p>
   </div>
  </div>
