4232 6440
291 407 424 470 ῙΞἾΠ

1107 411 1286 470 ΥῙΤΑ
1330 412 1392 472 S.
1435 409 1866 471 CLEMENTIS
1902 413 2310 476 BULUARLE
2351 423 2707 483 ARCHIEP.

3389 433 3522 496 1233

292 530 478 597 χεῖρας
526 520 629 594 ἦρε
675 524 772 588 τάς
840 524 1104 589 ἰαθείσας,
1169 529 1261 580 καὶ
1298 529 1420 590 ταῖς
1463 528 1609 596 βοαῖς
1631 527 1938 597 ὀχληρὺςΑ

1846 531 1938 590 :A
1964 548 2157 588 manus
2201 543 2410 591 teneret
2443 547 2675 602 erectas,
2711 547 2763 594 et
2793 541 3127 599 clamoribus
3157 543 3265 612 jam
3315 545 3378 601 iis
3427 551 3517 618 qui

291 618 392 686 ἤδη
425 619 533 680 τοῖς
561 617 638 685 τῷ
665 616 776 685 ναῷ
805 618 1190 687 παρευρεθεϊσι
1235 618 1548 683 καθίστατο,
1591 622 1860 689 ἐρωτᾶται

290 705 391 774 τὴν
417 705 518 774 τῆς
548 706 897 777 εὐχαριστίας
926 707 1122 769 αἰτίαν,
1160 708 1252 761 καὶ
1310 710 1484 762 πάντα
1519 710 1809 775 καταλέγει
1845 726 1858 738 ·

293 793 436 848 εῖναι
472 797 568 865 μὲν
598 798 698 867 τῆς
735 799 975 867 ’Λχρίδος
997 800 1089 851 καὶ
1127 801 1309 863 αὐτὸς,
1342 802 1572 869 πολυετῆ
1601 803 1655 854 δὲ
1691 802 1787 867 τὴν
1807 804 1862 854 ἐν

293 891 362 958 τῇ
390 888 528 957 νόσῳ
551 889 723 961 ταύτῃ
752 890 1028 960 δυστυχεῖν
1063 891 1304 944 κάκωσιν
1345 907 1358 922 ⁸
1392 893 1672 963 ἀμηχανίᾳ
1737 895 1863 960 γοῦν

292 979 450 1032 οὐδὲν
479 974 642 1050 ἦττον
675 981 707 1050 ἢ
743 984 808 1051 τῇ
845 983 987 1052 νόσῳ
1019 981 1384 1052 κρατούμενος
1418 986 1509 1036 ἐπὶ
1537 985 1659 1036 νοῦν
1708 984 1864 1053 βαλὲ-

298 1069 426 1122 σθαι
457 1071 556 1138 τὴν
589 1071 683 1123 τοῦ
711 1072 867 1138 ἁγίου
911 1073 1083 1140 τάφου
1129 1072 1521 1143 προσκύνησιν,
1575 1075 1628 1126 εἰ
1667 1090 1784 1138 πως
1840 1079 1866 1128 ὁ

297 1161 477 1213 πάντα
512 1159 706 1230 ἰσχύων
734 1163 792 1213 ἐν
829 1163 1048 1232 Χριστῷ
1086 1163 1317 1233 Κλήμης
1347 1164 1691 1235 παράκλησις
1719 1165 1867 1234 αὖτῷ

297 1253 526 1320 γένοιτο.
571 1255 874 1323 Συρόμενος
907 1254 1000 1307 οὖν
1025 1259 1180 1325 χερσί
1233 1273 1292 1308 τε
1346 1257 1439 1309 καὶ⁵
1492 1258 1616 1310 ποσὶ
1646 1258 1720 1326 τῷ
1775 1259 1865 1311 τοῦ

295 1345 447 1397 ὁσίου
496 1346 812 1414 προσελθεῖν
853 1349 1118 1417 μνήματι,
1168 1344 1284 1400 εἶτα
1326 1351 1383 1400 ἐν
1428 1351 1678 1404 ἐκστάσει
1715 1356 1862 1420 γενέ-

303 1437 427 1488 σθαι
497 1436 591 1489 καί
639 1454 760 1490 τινα
817 1446 1046 1508 γηραιὸν
1101 1439 1230 1492 ἰδεῖν
1274 1440 1384 1494 τῶν
1451 1441 1651 1511 τριχῶν
1705 1445 1867 1496 αὑτοῦ

299 1527 582 1596 ἁψάμενον
620 1528 715 1580 καὶ
766 1530 1060 1600 ἀναστῆναι
1101 1531 1498 1596 διακελεύοντα,
1529 1535 1620 1586 καὶ
1644 1536 1756 1603 ἅμα
1793 1537 1870 1605 τῷ

299 1617 445 1687 λόγῳ
482 1619 675 1688 κρότον
698 1619 776 1686 τῷ
815 1621 1028 1688 σώματι
1066 1622 1427 1689 ἐπιγίνεσθαι,
1469 1620 1581 1675 οἷον
1605 1641 1870 1695 συγκρου-

297 1709 510 1778 ομὲνων
546 1711 736 1763 ὀστῶν.
784 1710 1058 1780 Ἐᾡκεσαν
1109 1713 1164 1764 δὲ
1197 1713 1304 1782 ἄρα
1351 1714 1780 1784 συναρθροῦσθαι
1807 1716 1873 1769 τὶ

303 1800 441 1868 μέλη
490 1803 582 1854 καὶ
616 1801 914 1854 ἀπλοῦσθαι
933 1803 1002 1856 τά
1029 1803 1194 1874 νεῦρα
1232 1805 1366 1876 πρὸς
1394 1807 1605 1876 κίνησιν
1629 1826 1642 1838 ο
1673 1803 1794 1860 εἶτα
1816 1811 1870 1860 ἐν

298 1891 479 1959 ἐαυτῷ
504 1892 790 1960 γενόμενος
819 1895 977 1964 ὑγιὴς
1011 1892 1169 1960 εἶναι,
1200 1896 1299 1950 οὐκ
1350 1896 1428 1949 ἔτι
1453 1901 1639 1967 χεῖρας
1685 1897 1864 1966 ξςρὶς,

296 1984 399 2035 οὐκ
426 1983 504 2035 ἔτι
530 1985 698 2048 πόδας
719 1985 900 2058 ξηρὸς,
942 1987 1040 2040 οὐκ
1075 1987 1153 2041 ἔτι
1203 1991 1444 2057 πήρωμα
1489 1989 1721 2056 φύσεως,
1773 1994 1868 2043 καὶ

299 2072 394 2123 νῦν
422 2074 558 2143 αἴρω
587 2079 773 2143 χεῖρας
804 2078 937 2145 πρὶς
990 2079 1081 2130 τὸν
1133 2078 1335 2141 ταύτας
1395 2079 1711 2133 ἐκτείναντα
1774 2084 1868 2135 καὶ

300 2163 395 2214 ἐπὶ
427 2165 549 2223 τοὺς
578 2164 743 2224 πόδας
770 2183 871 2232 μου
905 2166 1155 2234 ἵσταμαι.
1194 2169 1375 2220 Ταῦτα
1426 2165 1577 2220 εἶπεν
1617 2171 1644 2222 ὁ
1674 2171 1867 2238 πρώην

301 2255 656 2326 ἐξηραμένος,
689 2258 948 2327 πηγάζων
979 2260 1040 2309 ἐκ
1070 2259 1275 2328 βαθέων
1297 2261 1522 2330 καρδίας
1551 2261 1869 2332 ἐξομολογή-

302 2364 442 2410 σεως
485 2348 722 2417 ῥήματα,
776 2349 870 2401 καὶ
914 2348 1341 2418 συμφωνοῦντας
1403 2347 1512 2420 εἶχε
1576 2354 1700 2414 τοὺς
1735 2371 1870 2420 παρ-

299 2440 540 2502 εστῶτας
563 2441 656 2494 καὶ
680 2441 856 2508 λόγοις
889 2441 1325 2510 εὖχαριστηρίοις
1374 2443 1464 2494 τὸν
1500 2445 1643 2496 ὅσιον
1675 2463 1844 2511 μεγα-

298 2533 576 2595 λύνοντας.
609 2535 715 2587 Καὶ
741 2536 796 2586 τί
831 2551 897 2604 με
927 2535 1009 2585 δεῖ
1033 2533 1157 2586 τάδε
1192 2536 1286 2586 καὶ
1337 2536 1462 2589 τάδε
1510 2536 1869 2606 καταριθμεῖ-

302 2627 428 2679 σθαι
459 2645 474 2692 ;
505 2627 600 2690 Τίς
641 2629 845 2694 ἀγνοεῖ,
884 2628 1069 2690 πόσοις
1103 2629 1200 2697 μὲν
1226 2628 1546 2696 δαιμονῶσι,
1584 2630 1768 2690 πόσοις
1813 2630 1869 2682 δὲ

299 2716 476 2778 ἄλλως
537 2717 898 2788 κακουμένοις
955 2718 1280 2788 ἀπαλλαγὴν
1342 2719 1451 2769 τῶν
1514 2720 1870 2788 ἐνοχλούντων

301 2805 490 2858 κακῶν
521 2805 840 2876 δεδώρηται.
876 2807 907 2875 ἢ
948 2808 1024 2876 τῷ
1073 2808 1227 2875 ταφῳ
1268 2809 1656 2877 προσελθοῦσιν
1684 2811 1716 2879 ἢ
1747 2811 1868 2863 ἐπι·

300 2897 698 2966 καλεσαμένοις
727 2897 787 2950 τὸ
820 2897 988 2966 ὄνομα
1013 2898 1190 2966 μόνον,
1225 2901 1317 2951 καὶ
1343 2899 1438 2970 τὴν
1476 2901 1659 2953 πίστιν
1690 2901 1871 2970 ἔχουσι

306 2989 426 3058 μεθ’
457 2991 688 3051 ἑαυτῶν,
727 2989 824 3058 τὴν
872 2991 1201 3058 δραστήριον
1239 2991 1406 3054 ὅντως
1437 2993 1721 3053 διάκονον;
1775 2995 1871 3046 Διά

301 3079 459 3131 τοῦτο
491 3081 584 3132 καὶ
635 3081 786 3133 πᾶσα
823 3078 1145 3148 Βουλγάρων
1181 3082 1366 3150 ἡλικία
1432 3083 1531 3150 τῆς
1581 3083 1674 3136 τοῦ
1713 3084 1870 3148 ἁγίου

303 3170 523 3240 χάριτος
553 3171 938 3235 ἀπολαύοντες,
964 3173 1064 3224 οὐκ
1099 3173 1244 3226 ἔστιν
1277 3174 1470 3233 εἰπεῖν.
1505 3177 1636 3242 ὅσην
1659 3176 1754 3243 τὴν
1782 3177 1872 3226 ἐπὶ

304 3265 371 3330 τῇ
395 3265 526 3330 τιμῇ
566 3261 798 3332 σπουδὴν
854 3262 1282 3330 ἐπιδείκνυνται,
1342 3265 1570 3329 ἕκαστος
1614 3267 1674 3318 τὸ
1731 3267 1872 3318 κατά

304 3351 530 3420 δύναμιν
548 3353 891 3420 συνάγοντες.

375 3442 503 3497 ΚΘ’.
557 3444 719 3508 Ἀλλ’,
784 3437 830 3496 ὦ
887 3444 1006 3497 θεία
1061 3448 1149 3498 καὶ
1210 3447 1332 3517 ἱερὰ
1361 3447 1703 3517 κεφαλὴ,ἐφ’
1748 3443 1870 3520 ᾖτδ

307 3534 529 3604 ῐῖνεῧμα
560 3535 825 3606 καθέδραν
854 3536 1093 3603 ἐπήξατο
1133 3541 1146 3592 l
1189 3533 1260 3591 *Ω
1283 3539 1506 3610 φωστὴρ
1535 3540 1631 3609 οὐχ
1663 3541 1875 3609 ἡμέρας

312 3625 479 3694 μόνης
500 3625 684 3695 ἄρχον,
709 3627 826 3680 οὐδὲ
861 3630 1028 3697 μόνης
1050 3630 1262 3693 νυκτὸς,
1288 3630 1422 3684 ἀλλά
1450 3632 1538 3684 καὶ
1567 3634 1760 3692 νυκτὸς
1779 3633 1874 3684 καὶ

307 3715 520 3784 ἡμέρας
543 3717 934 3784 καταφωτίζων
957 3720 1103 3788 ἡμᾶς
1129 3722 1245 3782 ταῖς
1277 3721 1514 3788 χάρισιν,
1541 3722 1650 3774 εἴτε
1679 3739 1871 3792 πειρα-

311 3808 466 3873 σμοῖς
486 3807 946 3875 προσπαλαίοντες
971 3803 1080 3861 οἷόν
1106 3827 1228 3864 τινα
1243 3811 1411 3864 νύκτα
1437 3811 1526 3864 τὸν
1542 3811 1651 3864 τῶν
1680 3829 1873 3883 πειρα-

312 3895 464 3962 σμῶν
522 3895 680 3962 ζόφον
726 3897 962 3967 ἔχομεν,
1017 3900 1126 3952 εἴτε
1182 3901 1422 3964 ἀνέσεως
1482 3902 1868 3968 ἀπολαύοντες,

309 3984 497 4056 ὥσπερ
526 3988 629 4039 τινὶ
656 3991 791 4054 φωτὶ
824 3989 1252 4060 φαιδρυνόμεθαο
1287 3993 1346 4046 ἐν
1379 3993 1711 4064 ἀμφοτέροις
1767 3995 1871 4061 γὰρ

312 4079 419 4138 τοῖς
467 4080 673 4146 καιροῖς
709 4079 816 4130 τῶν
869 4080 978 4132 σῶν
1035 4082 1270 4151 χαρίτων
1327 4083 1751 4153 καταξιούμεθα.
1804 4081 1873 4136 Ὠ

315 4167 566 4234 σάλπιγξ,
617 4169 686 4220 δι’
746 4165 813 4242 ἧς
851 4172 984 4239 ἡμῖν
1018 4174 1311 4225 ἐσάλπισεν
1344 4174 1372 4225 ό
1421 4175 1799 4245 Παράκλητος,
1827 4170 1871 4228 ὦ

311 4259 517 4330 ποιμὴν
552 4263 578 4312 ὁ
608 4261 769 4324 καλὸς
795 4265 823 4313 ὁ
862 4263 975 4325 θεὶς
1010 4264 1149 4334 ὺπέρ
1175 4265 1333 4334 ἡμῶν
1356 4265 1466 4326 τῶν
1527 4266 1636 4320 σῶν
1668 4269 1872 4338 προδοί-

309 4367 416 4401 των
437 4349 532 4418 τὴν
564 4351 725 4417 ἁγίαν
751 4352 948 4422 ψυχὴν,
987 4356 1082 4407 καὶ
1105 4356 1192 4408 διὰ
1224 4357 1443 4409 πολλῶν
1479 4358 1719 4427 ἱδρώτων
1747 4379 1874 4414 κατ-

311 4441 535 4508 αρτίσας
563 4440 682 4510 Θεῷ
705 4441 766 4492 τὸ
790 4443 1058 4510 ποίμνιον,
1090 4446 1169 4507 είς
1192 4445 1358 4498 τόπον
1388 4447 1551 4516 χλόης
1595 4465 1871 4516 κατασκη-

310 4531 484 4592 νώσας
517 4533 685 4601 ἡμᾶς,
720 4533 816 4596 τάς
842 4535 929 4587 διὰ
960 4535 1056 4604 τῆς
1097 4537 1195 4606 σῆς
1225 4537 1478 4607 γλώσσης
1518 4541 1873 4611 ἐρμηνευθεί-
1910 4531 1954 4587 υ

312 4641 406 4677 σας
434 4625 654 4695 Γραφάς
681 4627 774 4678 καὶ
809 4629 891 4695 ἐφ’
944 4627 1133 4692 ὓδατος
1187 4631 1549 4695 ἀναπαύσεως
1604 4634 1872 4701 ἐκθρέψας

310 4716 403 4767 τοῦ
429 4715 570 4768 θείου
597 4717 991 4787 βαπτίσματος,
1049 4721 1142 4773 καὶ
1192 4722 1283 4773 ἐπὶ
1327 4723 1545 4793 τρίϐους
1601 4723 1874 4793 όδηγήσας

309 4805 671 4877 δικαιοσύνης,
701 4810 802 4878 τὴν
833 4812 1095 4880 ἐργασίαν
1121 4813 1218 4882 τῆς
1255 4815 1474 4883 ἀρετῆς·
1510 4815 1606 4867 Διά
1648 4815 1742 4867 σοῦ
1769 4817 1877 4885 γὰρ

313 4899 462 4952 πᾶσα
499 4901 596 4969 τῆς
625 4901 959 4972 Βουλγαρίας
995 4903 1147 4972 χώρα
1208 4904 1340 4958 Θεὸν
1384 4905 1723 4974 ἐπέγνωσαν,
1781 4908 1878 4969 τὰς

312 4989 606 5060 ἐκκλησίας
647 4993 806 5056 αὐτὸς
861 4997 972 5057 τοῖς
1015 4994 1203 5065 ὕμνοις
1241 4996 1336 5049 καὶ
1390 4999 1510 5060 ταῖς
1532 4996 1874 5068 ψαλμῳδίαις

313 5079 652 5144 ἐπύκνωσας,
697 5083 793 5146 τὰς
828 5084 1020 5154 ἐορτάς
1057 5089 1169 5148 τοῖς
1195 5086 1584 5157 ἀναγνώσμασι
1613 5091 1878 5157 κατεφαί-

313 5169 532 5240 δρυνας,
558 5176 818 5243 μονασταὶ
845 5175 933 5229 διὰ
969 5177 1064 5230 σοῦ
1091 5176 1225 5246 βίοις
1257 5177 1519 5249 Πατέρων
1557 5179 1876 5249 όδηγοῦνται

317 5262 454 5332 πρὸς
482 5263 734 5333 ἄσκησιν,
758 5267 920 5333 ἱερεῖς
953 5268 1042 5320 διὰ
1094 5269 1187 5321 σοῦ
1208 5270 1268 5322 τὸ
1300 5271 1600 5333 κανονικῶς
1623 5271 1722 5339 ζῇν
1751 5287 1880 5320 παι-

315 5353 582 5409 δεύονται.
606 5349 678 5407 Ὦ
730 5355 937 5423 ἐπίγειε
971 5358 1167 5425 ἄγγελε
1208 5360 1302 5412 καὶ
1326 5358 1542 5429 οὐράνιε
1570 5359 1822 5428 ἄνθρωπε
1859 5363 1871 5412 ε

316 5439 388 5496 Ὦ
413 5444 568 5499 ἐλαία
618 5445 717 5513 τῆς
749 5446 827 5516 τῷ
858 5451 1110 5518 προφήτῃ
1169 5449 1582 5520 προορισθείσης
1641 5450 1716 5520 μὴ
1775 5451 1887 5503 λει-

318 5537 528 5604 π-ιμὲνη
565 5537 716 5607 μηδὲ
766 5540 982 5609 μικρόν,
1037 5541 1119 5592 ὃτι
1173 5542 1269 5594 καὶ
1333 5541 1534 5610 μᾶλλον
1584 5542 1660 5600 th;
1726 5541 1880 5594 πλεί‹⁸

319 5641 446 5688 ονας
477 5627 626 5689 υἱοὺς
647 5627 898 5698 πιότητος
923 5629 1330 5700 προενέγκασαί
1373 5626 1417 5684 ὦ
1446 5631 1659 5698 τυφλῶν
1693 5631 1874 5701 ὁδηγὲ,

322 5716 589 5788 ὁποτέραν
612 5735 696 5782 τις
723 5720 997 5788 λογίσαιτο
1021 5721 1327 5789 τυφλότητα
1343 5739 1400 5773 τε
1432 5723 1523 5774 καὶ
1553 5722 1771 5791 όδηγίαν
1799 5724 1810 5775 l
1835 5716 1879 5774 ὦ

326 5809 513 5880 Κυρίῳ
546 5813 960 5876 κατασκευάσας
989 5812 1114 5864 λαὸν
1136 5813 1465 5881 περιούσιον,
1499 5812 1740 5883 ζηλωτὴν
1782 5832 1880 5866 κα-

1964 633 2018 681 ln
2081 629 2280 699 templo
2337 638 2495 685 erant
2557 631 2898 702 importunus
2955 643 3160 699 staret,
3225 639 3516 706 gratiarum

1963 734 2186 773 causam
2217 721 2584 791 interrogatur
2634 734 2681 776 et
2715 727 2894 779 omnia
2934 737 3159 781 narrat:
3190 728 3259 783 ab
3285 728 3520 784 Achride

1963 810 2182 880 quidem
2207 826 2265 866 se
2289 827 2430 877 esse,
2464 831 2491 866 a
2521 815 2707 870 multis
2739 827 2916 870 autem
2945 818 3104 872 annis
3140 819 3301 889 hujus
3349 823 3518 875 morbi

1966 902 2314 958 :ufllictionem
2367 906 2497 974 pati,
2554 907 2920 962 remediorum
2977 911 3143 979 igitur
3200 911 3520 979 impotentia

1967 1011 2075 1050 non
2113 995 2290 1050 minus
2343 1011 2506 1065 quam
2563 999 2750 1053 morbo
2779 1000 2976 1066 vietus,
3015 1001 3066 1052 in
3127 1011 3359 1056 mentem
3416 1003 3520 1057 silui

1969 1088 2184 1142 venisse
2214 1088 2280 1142 ad
2307 1086 2491 1142 Sancti
2517 1091 2778 1143 tumulum
2808 1107 2867 1148 se
2893 1102 3255 1161 prosternere,
3296 1094 3341 1148 si
3385 1093 3526 1148 forte

1969 1179 2061 1242 qui
2089 1182 2268 1235 omnia
2311 1191 2488 1251 potest
2524 1182 2575 1235 iit
2610 1182 2828 1237 Christo
2880 1186 3132 1240 Clemens
3186 1186 3383 1241 solatio
3419 1186 3522 1240 sibi

1971 1271 2149 1335 foret;
2215 1289 2273 1327 se
2327 1274 2492 1342 igitur
2540 1276 2789 1328 manibus
2831 1277 3167 1346 pedibusque
3224 1278 3288 1330 ad
3345 1276 3523 1330 Sam-ti

1971 1372 2378 1419 monumentum
2411 1367 2743 1432 accessisse;
2780 1376 2966 1436 postea
3001 1371 3053 1422 in
3096 1369 3299 1424 exstasi
3335 1368 3524 1429 fuisse,

1972 1469 2032 1506 ac
2082 1455 2283 1510 vidisse
2314 1457 2600 1526 quemdam
2639 1474 2823 1514 senem
2873 1459 3042 1527 ipsius
3076 1460 3252 1515 crines
3303 1468 3526 1526 tanget:-

1973 1555 2077 1598 tem
2106 1554 2161 1599 et
2189 1561 2413 1615 surgere
2432 1549 2745 1617 jubentem;
2779 1566 2888 1605 uua
2913 1567 3038 1604 eum
3069 1551 3236 1604 verbo
3261 1549 3524 1621 fragorem

1972 1635 2185 1704 corpori
2241 1637 2646 1704 supervenisse,
2704 1641 2881 1708 qualis
2933 1641 3137 1694 ossium
3175 1640 3530 1702 collisurum;

1971 1729 2084 1779 visa
2125 1727 2354 1796 proinde
2409 1729 2578 1785 fuisse
2617 1733 2856 1786 membra
2893 1733 3149 1803 conjungi
3215 1749 3528 1799 nervosque

1973 1815 2039 1868 ad
2073 1826 2275 1869 motum
2303 1817 2560 1886 explicari
2588 1835 2603 1880 ;
2631 1819 2824 1873 deinde
2850 1821 2913 1873 ad
2951 1822 3188 1890 seipsum
3221 1836 3526 1885 reversum,

1974 1922 2166 1960 sanum
2198 1907 2365 1961 fuisse
2387 1922 2486 1962 nec
2514 1908 2623 1977 jam
2659 1923 2851 1962 manus
2879 1909 3152 1978 pedesque
3176 1910 3408 1974 aridum,
3430 1924 3531 1964 nec

1974 2013 2176 2066 corpus
2213 1997 2496 2063 mutilum;
2556 1998 2808 2068 Ideoque,
2842 1999 2984 2069 (ait),
3018 2015 3163 2054 nunc
3193 1999 3384 2054 attollo
3413 2013 3530 2052 ma-

1976 2105 2079 2143 nus
2115 2104 2261 2145 meas
2308 2089 2372 2143 ad
2404 2105 2525 2144 eum
2557 2092 2648 2158 qui
2688 2105 2780 2145 eas
2811 2091 3127 2160 explicavit,
3159 2099 3210 2145 et
3247 2098 3334 2146 sto
3368 2105 3531 2160 super

1975 2181 2138 2250 pedes
2169 2195 2334 2235 meos.
2359 2181 2479 2234 Haec
2509 2182 2640 2235 dixit
2664 2181 2754 2249 qui
2785 2183 3000 2248 previus
3029 2193 3148 2237 erat
3178 2181 3528 2252 paralyticos.

1973 2280 2228 2326 eructans
2259 2288 2324 2326 ex
2359 2273 2466 2326 imo
2499 2271 2664 2325 corde
2704 2273 3070 2329 confessionis
3098 2275 3283 2333 verba,
3311 2274 3531 2328 adstan-

1975 2372 2166 2431 tesque
2189 2363 2565 2416 eollaudantes
2588 2373 2639 2418 et
2659 2364 2838 2418 verbis
2865 2363 3243 2418 eucharisticis
3269 2363 3527 2416 Sanctum

1978 2454 2386 2522 magnificantes
2426 2453 2633 2508 habuit.
2671 2453 2776 2508 Sed
2807 2463 2863 2507 ut
2898 2453 3026 2522 quid
3051 2454 3178 2506 talia
3209 2469 3294 2508 me
3319 2462 3530 2522 oportet

1975 2543 2371 2598 dinumerare?
2434 2543 2568 2609 Quis
2638 2544 2892 2610 ignorat,
2963 2554 3096 2611 quot
3156 2544 3527 2600 dmmoniacis.

1975 2647 2215 2704 quotque
2251 2634 2358 2688 alio
2408 2634 2551 2688 malo
2598 2633 2804 2689 affectis
2844 2638 3216 2689 liberant-metu
3263 2636 3527 2689 malorum

1975 2727 2202 2795 largitus
2253 2728 2346 2788 sit,
2396 2727 2510 2781 sive
2563 2727 2630 2780 ad
2681 2729 2948 2781 tumulum
2977 2728 3384 2790 accedentibus,
3418 2730 3530 2780 sive,

1977 2826 2187 2871 tantum
2219 2818 2338 2883 ejus
2387 2834 2583 2872 nomen
2643 2819 3047 2883 invocantibus,
3100 2819 3530 2887 habentibusque

1977 2908 2029 2960 in
2068 2908 2377 2976 semetipsis
2409 2907 2587 2974 fidem,
2627 2908 2895 2963 eﬂicacem
2951 2909 3299 2962 ministram?
3351 2907 3530 2973 Quare

1976 2999 2156 3056 omnis
2223 3000 2580 3068 [litigat-orum
2648 3007 2780 3053 etas
2857 3000 3041 3053 Sancti
3101 2999 3287 3056 favore
3347 3000 3532 3054 Γτιιειι,

1976 3099 2241 3157 quantum
2304 3089 2357 3142 in
2419 3089 2509 3144 illo
2568 3089 2886 3143 honorando
2935 3090 3174 3146 studium
3240 3091 3531 3152 ostendat,

1902 3205 1941 3258 ρ
1980 3195 2305 3248 unoquoque
2336 3179 2490 3246 juxta
2524 3179 2667 3234 vires
2698 3191 2910 3248 agente,
2945 3179 3160 3234 difficEle
3189 3180 3357 3233 dictu.

2044 3444 2233 3502 XXIX.
2276 3447 2318 3498 Ο
2371 3460 2585 3499 sacrum
2615 3445 2968 3515 divinumque
3021 3455 3184 3516 caput
3226 3461 3392 3514 super
3429 3461 3536 3514 quo

1980 3538 2216 3603 Spiritus
2241 3539 2423 3592 sedem
2457 3538 2604 3591 fixit!
2650 3537 2693 3591 0
2735 3537 2922 3606 jubar,
2955 3539 3097 3608 quod
3131 3553 3238 3592 non
3267 3539 3366 3593 soli
3406 3538 3535 3599 diei,

1976 3645 2074 3684 nec
2098 3631 2198 3684 soli
2233 3630 2378 3684 nocti
2405 3645 2601 3698 prtees,
2652 3631 2745 3683 sed
2786 3638 2950 3684 nocte
2978 3630 3171 3699 dieque.
3210 3631 3398 3699 gratiis
3438 3645 3538 3684 nos

1977 3723 2275 3785 illuminas,
2324 3723 2439 3778 sive
2496 3723 2888 3776 tentationibus
2953 3723 3312 3776 colluctantes
3365 3723 3536 3776 veluti

1976 3814 2268 3884 quamdam
2289 3821 2500 3866 noctem
2531 3814 2893 3866 tentationuni
2930 3814 3182 3866 tenebras
3218 3813 3536 3873 habeamus,

1976 3903 2091 3956 sive
2115 3903 2299 3971 requie
2325 3903 2567 3957 fruentes
2597 3903 2671 3955 uti
2701 3902 2934 3972 quodam
2960 3902 3164 3955 lumine
3200 3917 3537 3956 recreemur:

1975 3998 2029 4049 in
2074 4006 2307 4064 utroque
2356 3994 2502 4048 enim
2538 4002 2782 4062 tempore
2809 3993 2998 4062 gratiis
3051 3994 3161 4047 tuis
3224 3993 3536 4060 dignamur.

1975 4085 2018 4137 0
2051 4087 2200 4147 tuba,
2251 4100 2348 4154 per
2405 4100 2568 4154 quam
2629 4084 2784 4138 nobis
2841 4083 3159 4138 Paracletus
3212 4082 3538 4152 personuit!

1976 4179 2020 4231 0
2061 4178 2202 4232 boue
2254 4187 2472 4246 pastor,
2525 4177 2619 4246 qui
2670 4184 2916 4232 sanctam
2973 4176 3208 4229 animam
3250 4189 3347 4244 pro
3383 4175 3541 4229 nobis

1977 4269 2172 4323 ovibus
2206 4268 2311 4321 tuis
2338 4267 2567 4335 posuisti
2621 4267 2918 4333 multisque
2971 4265 3272 4319 sudoribus
3320 4279 3536 4333 gregem

1981 4360 2087 4412 Deo
2119 4361 2486 4428 congregasti,
2519 4359 2570 4410 in
2613 4359 2732 4411 loco
2769 4371 2987 4426 pascua:
3019 4372 3118 4411 nos
3141 4357 3446 4420 collocasti,
3473 4355 3536 4409 ad

1980 4465 2147 4517 aquas
2171 4448 2484 4502 refectionis
2510 4448 2676 4501 divini
2701 4446 3060 4514 baptismatis,
3096 4447 3268 4500 sacris
3292 4447 3541 4513 Scriptu-

1986 4542 2060 4594 ris
2112 4555 2208 4608 per
2261 4549 2406 4594 tuam
2459 4533 2707 4607 linguam
2738 4538 3105 4606 interpretatis
3140 4552 3239 4590 nos
3271 4536 3540 4598 educasti,

1987 4641 2040 4686 et
2070 4633 2124 4684 in
2178 4631 2402 4684 semitas
2459 4629 2707 4696 justitiae,
2749 4627 2966 4681 virtutis
3000 4627 3394 4698 operationem,
3442 4643 3543 4682 nos

1986 4723 2256 4776 deduxisti
2283 4722 2295 4774 !
2327 4719 2428 4775 Per
2454 4729 2506 4774 te
2528 4720 2674 4774 enim
2705 4721 2884 4774 omnis
2912 4720 3176 4789 Bulgaria!
3203 4721 3351 4789 regio
3377 4721 3538 4773 Deum

1988 4814 2274 4882 cognovit;
2308 4812 2571 4866 ecclesias
2606 4811 2825 4880 hymnis
2858 4819 2912 4863 et
2945 4809 3261 4878 psalmodiis
3291 4809 3406 4879 ipse
3457 4810 3546 4865 ﬁr-

1989 4905 2168 4964 masti.
2221 4903 2358 4957 festa
2405 4901 2731 4955 lectionibus
2757 4902 3015 4955 recreasti
3041 4917 3055 4959 ;
3082 4916 3177 4970 per
3209 4908 3262 4953 te
3293 4901 3542 4955 monachi

1987 4995 2115 5048 vitis
2142 4993 2361 5047 Patrum
2397 4992 2463 5046 ad
2492 4993 2659 5044 vitam
2704 4992 2995 5045 ascetieam
3026 4991 3332 5057 ducuntur;
3364 5006 3461 5060 per
3494 5002 3545 5044 te

1989 5089 2297 5140 sacerdotes
2330 5085 2592 5138 canonice
2623 5085 2803 5138 vivere
2833 5084 3132 5138 docentur!
3181 5083 3225 5138 0
3269 5083 3545 5138 terrestris

1988 5177 2177 5246 angele
2207 5176 2479 5244 homoque
2513 5175 2754 5229 etelestis
2778 5176 2791 5226 l
2819 5173 2862 5228 0
2887 5176 3026 5228 oliva
3059 5191 3087 5227 a
3117 5175 3382 5243 propheta
3409 5189 3545 5244 pra!-

1991 5267 2218 5334 signata,
2275 5278 2396 5330 quae
2425 5279 2534 5317 non
2583 5263 2785 5316 desinit
2836 5265 3097 5332 plurimos
3149 5263 3345 5317 uberes
3404 5263 3544 5318 ﬁlios

1992 5356 2318 5423 producere!
2367 5356 2410 5408 0
2443 5355 2546 5408 dus
2578 5369 2868 5414 eiecturum,
2899 5370 3290 5424 quamcunque
3326 5355 3547 5407 caecita-

1990 5456 2096 5502 tem
2127 5456 2221 5502 aut
2250 5448 2504 5499 duratum
2537 5449 2662 5514 quis
2692 5448 2933 5514 reputet!
2978 5445 3022 5498 0
3052 5453 3132 5506 tu,
3167 5446 3260 5513 qui
3313 5444 3543 5497 Domino

1991 5540 2191 5608 parasti
2219 5539 2427 5606 plebem
2459 5538 2774 5608 perfectam.
2803 5539 3068 5591 zelantcm
3123 5537 3388 5589 honorum
3420 5550 3544 5600 ope-

1993 5644 2136 5688 rum.
2169 5643 2288 5695 quae
2329 5627 2384 5681 in
2409 5635 2462 5679 te
2484 5626 2770 5682 viderunt!
2809 5625 2965 5680 Nunc
2995 5626 3156 5678 etiam
3187 5625 3397 5693 respice
3437 5623 3546 5676 hze-

1993 5719 2276 5773 reditatem
2314 5729 2480 5782 tuam,
2508 5731 2632 5772 cum
2671 5719 2824 5786 plura
2860 5717 3174 5784 majoraque
3206 5723 3357 5783 potos
3391 5726 3549 5780 quam

1993 5811 2122 5864 olim
2174 5811 2226 5863 in
2267 5823 2524 5878 corpore;
2574 5810 2768 5862 malaut
2805 5809 2959 5877 abige.
3009 5809 3278 5872 lueresint,
3312 5821 3430 5877 qua:
3462 5815 3554 5858 tuo
