4018 5392
280 504 444 511 εἴη
457 504 528 511 .νχ-
543 504 584 511 —_
591 504 877 511 _—.————.
684 507 700 511 .-
714 507 877 511 ____.

866 647 1322 804 0PERUM
1433 645 2011 802 HINGMARI
2118 645 2922 804 C(lN’l‘INUA'l‘lfl.

1352 928 2469 1197 QEpiSton.

747 1397 1082 1455 EPISTOLA
1111 1395 1342 1452 PRIMA.

254 1527 614 1571 ειηεεονοιιωι
655 1526 966 1566 οιαεεεεοκ
1013 1526 1307 1565 RHEHENSIS
1355 1525 1529 1573 ATQUE
1568 1523 1846 1564 BO'I'IIOIA-

402 1598 582 1638 causns
618 1595 643 1624 ο
685 1597 752 1636 an
793 1597 1094 1636 LUDOVICUI
1133 1596 1416 1634 GERMANIA:
1446 1595 1621 1635 REGE]!
1652 1579 1700 1632 δ.

414 1685 508 1749 (Ex
533 1685 668 1737 Actis
691 1698 827 1748 pros.
854 1684 976 1735 eccl.
1003 1685 1178 1734 Rhem.
1205 1692 1321 1734 tom.
1350 1683 1390 1743 l,
1413 1697 1524 1746 pag.
1551 1682 1686 1744 ξιτ.)

329 1813 541 1868 Domno
565 1811 858 1874 Luuovtco,
890 1811 1001 1882 regi
1043 1810 1296 1881 glorioso,
1332 1809 1570 1880 episcopi
1613 1807 1848 1863 Rhemo-

262 1919 380 1959 rum
429 1905 726 1960 diteceseos
787 1914 949 1974 alque
998 1902 1472 1973 Rotbomagensis,
1529 1903 1621 1973 qui
1657 1901 1848 1959 adesse

261 1995 532 2066 potuimus

263 2121 299 2175 Ι.
337 2122 610 2178 Excusant
633 2140 729 2177 cur
756 2124 825 2178 ad
849 2135 1158 2180 conventum
1188 2124 1521 2181 Rhemensem
1543 2126 1716 2182 venire
1742 2143 1845 2181 non

903 2206 1206 2265 potuerunt.

333 2306 574 2362 Litteras
597 2307 986 2364 dominationis
1005 2317 1204 2364 vestrm
1233 2309 1433 2380 quique
1483 2319 1728 2364 nostrum
1754 2310 1851 2364 ha-

262 2399 495 2463 buimus,
512 2400 704 2468 quibus
716 2397 959 2468 jussistis
973 2407 1031 2454 ut
1054 2400 1207 2455 vobis
1228 2415 1301 2454 vn
1325 2399 1595 2454 Kalendas
1623 2398 1850 2453 Decem-

263 2490 375 2544 bris
419 2489 646 2544 Rbemis
691 2504 1124 2555 occurreremus,
1153 2500 1420 2560 quatenus
1447 2489 1519 2545 ibi
1571 2489 1851 2544 nobiscum

265 2589 320 2635 et
367 2596 492 2636 cum
541 2581 754 2636 caeteris
799 2580 1047 2636 fidelibus
1099 2581 1296 2636 vestris
1346 2581 1414 2636 de
1455 2581 1854 2636 restauratione

265 2682 470 2726 sanctae
497 2671 772 2735 Ecclesiae,
802 2679 857 2726 et
886 2671 950 2726 de
974 2679 1115 2726 statu
1147 2686 1212 2726 ac
1253 2670 1425 2726 salute
1464 2669 1644 2740 populi
1697 2669 1852 2724 Chri-

265 2760 450 2825 stiani,
479 2761 807 2816 tractaretis.
841 2759 947 2816 Sed
977 2776 1075 2816 nos
1095 2761 1162 2816 ad
1193 2739 1480 2830 placitum,
1503 2739 1628 2814 illud
1658 2775 1849 2815 occur-
1881 2739 1924 2797 Β

265 2867 386 2905 rere
416 2867 526 2906 non
551 2853 846 2922 potuimus,
895 2860 950 2906 et
1002 2860 1226 2922 propter
1267 2851 1767 2906 incommoditatem
1797 2858 1854 2905 et

265 2939 589 2996 brevitatem
647 2941 922 3011 temporis,
981 2951 1036 2996 et
1097 2951 1318 3012 propter
1364 2940 1850 2995 inconvenientiam

268 3031 403 3096 loci;
437 3041 511 3093 et.
561 3031 704 3101 quod
755 3041 840 3086 est
890 3031 1194 3102 lugubrius,
1223 3039 1444 3100 propter
1483 3029 1854 3086 confusionem

269 3121 533 3176 tumultus
567 3122 762 3176 exorti.
789 3120 895 3176 Sed
949 3130 1006 3176 et
1033 3121 1231 3175 divinis
1270 3120 1497 3190 legibus,
1524 3135 1658 3190 quas
1677 3130 1732 3175 et
1759 3135 1856 3176 vos

267 3215 657 3268 observaturos
675 3228 796 3268 cum
817 3212 1011 3268 vestris
1034 3211 1292 3266 fratribus
1305 3210 1459 3266 nobis
1475 3211 1850 3274 denuntiastis,

271 3313 492 3359 cautum
517 3319 640 3359 esse
667 3305 1162 3375 dignoscitur,quia
1185 3303 1325 3359 sicut
1349 3319 1450 3359 nec
1466 3301 1854 3375 archiepiscopi

273 3397 391 3452 sine
414 3396 740 3466 coepiscopi,
779 3397 851 3451 ita
883 3411 982 3451 nec
1015 3395 1320 3468 coepiscopi
1346 3396 1464 3451 sine
1487 3395 1854 3466 archiepisco-

272 3504 468 3559 porum
491 3504 756 3545 consensu
787 3490 871 3546 vel
890 3491 1070 3561 jussu,
1096 3490 1200 3546 nisi
1228 3506 1348 3561 quae
1368 3491 1435 3545 ad
1462 3490 1707 3561 pr0prias
1733 3505 1856 3562 pcr-

272 3580 449 3634 tinent
474 3579 783 3650 parochias,
815 3581 1014 3636 debent
1061 3592 1411 3650 praesumere,
1445 3589 1502 3635 et
1529 3580 1583 3635 in
1613 3590 1724 3634 tam
1753 3596 1853 3634 an-

270 3680 432 3741 gusto
459 3680 703 3740 tempore
733 3672 1262 3741 archiepiscoporum
1306 3672 1515 3727 litteras
1549 3688 1653 3726 non
1680 3672 1851 3726 valui-

272 3778 396 3816 mus
424 3762 490 3814 de
511 3770 778 3814 conventu
802 3761 1023 3815 habere.
1075 3761 1414 3830 Quapropter
1446 3762 1653 3817 noverit
1679 3771 1855 3814 vestra

269 3848 584 3906 sublimitas
605 3848 727 3916 quia
753 3849 1066 3901 mandatum
1089 3857 1329 3901 vestrum
1359 3858 1541 3904 nostra
1595 3865 1701 3902 non
1732 3865 1860 3904 con-

272 3938 503 4008 tempsit
557 3937 866 4003 humilitas;
921 3938 1034 4002 sed,
1086 3939 1228 3993 sicut
1280 3938 1436 4009 longe
1486 3949 1570 3994 est
1600 3947 1725 3994 ante
1763 3955 1861 3995 nos

272 4031 498 4092 dictum,
539 4029 630 4100 qui
661 4029 813 4098 jubet
860 4030 1210 4100 impossibile,
1249 4028 1379 4084 facit
1427 4043 1486 4084 se
1535 4031 1857 4100 contempti-

272 4124 458 4178 bilem.

276 4231 337 4285 ιι.
377 4230 678 4298 Queruntur
696 4232 836 4302 quod
865 4248 1047 4287 eorum
1086 4234 1300 4315 monitis
1341 4243 1389 4288 et
1415 4233 1648 4288 consiliis
1677 4235 1854 4288 hacte-

817 4319 913 4355 nus
937 4319 1040 4356 non
1058 4313 1311 4372 paruerit.

351 4410 457 4465 Sed
484 4420 540 4467 et
569 4421 855 4467 tractatum
881 4413 946 4469 de
1004 4415 1398 4471 restauratione
1428 4425 1629 4472 sanctae
1675 4416 1859 4472 Eccle-

279 4504 392 4562 size,
431 4511 484 4556 et
513 4511 655 4558 statu
679 4519 744 4559 ac
773 4505 944 4559 salute
973 4507 1154 4576 populi
1205 4507 1512 4573 christiani,
1542 4511 1686 4578 quod
1713 4525 1857 4566 nunc

279 4606 376 4646 vos
408 4592 682 4648 vobiscum
708 4595 911 4649 habere
931 4595 1067 4650 velle
1087 4597 1286 4662 dicitis,
1311 4595 1512 4664 iustius
1535 4608 1591 4653 et
1617 4600 1855 4654 rationa-

279 4682 441 4736 biiius
472 4683 602 4738 illud
651 4685 835 4739 haberi
886 4687 1170 4753 potuisset,
1201 4687 1245 4741 si
1275 4689 1500 4753 nostris,
1527 4689 1655 4758 quin
1681 4689 1860 4758 potius

275 4771 474 4825 divinis
501 4773 742 4828 consiliis
765 4782 822 4827 et
847 4774 1316 4830 observationibus
1352 4787 1515 4846 atque
1541 4778 1860 4832 obtestatio—

277 4860 438 4915 nibus
485 4878 723 4932 superno
783 4874 1028 4934 respectu
1084 4866 1462 4936 obtemperare
1516 4869 1856 4935 voluissetis;

276 4948 408 5017 quia
444 4965 550 5004 non
580 4960 762 5005 nostra
785 4953 1122 5022 scripsimus,
1174 4955 1574 5021 mandavimus,
1601 4957 1857 5021 diximus,

280 5039 378 5092 sed
401 5055 543 5109 quae,
568 5040 802 5095 dictante
823 5043 1114 5106 cbaritate,
1138 5058 1257 5112 quae
1282 5044 1425 5100 Deus
1445 5053 1551 5110 est,
1582 5046 1635 5100 in
1664 5045 1861 5102 litteris

279 5131 449 5170 ﬁnal-ia
473 5131 778 5170 invni-imum
825 5143 877 5170 nl
902 5149 1024 5170 num
1053 5143 1259 5170 natus-vn

1307 5135 1428 5170 ἷιιαῖι
1439 5151 1464 5170 σι
1515 5139 1824 5170 ΙιοΛΛηηΛβΛῖ
1843 5167 1855 5169 ,

1869 1399 1916 1457 Α
1945 1394 2142 1464 piscat,
2186 1403 2243 1449 et
2295 1395 2470 1464 sapiat
2521 1411 2684 1465 quam
2745 1400 3023 1470 granditer
3050 1399 3190 1458 Deus
3225 1401 3516 1462 oﬂeuditur

1947 1485 2167 1554 quando
2195 1484 2247 1538 in
2279 1485 2359 1540 sic
2389 1487 2681 1556 grandibus
2717 1497 2774 1542 et
2819 1491 3019 1559 apertis
3058 1507 3166 1546 non
3212 1493 3516 1562 ignorante:

1947 1583 2221 1643 peccatur.
2257 1573 2408 1630 Unde
2439 1576 2700 1647 scriptum
2731 1587 2816 1634 est
2865 1598 2877 1632 :
2928 1579 3258 1637 Descendunt
3287 1587 3339 1638 in
3364 1586 3502 1655 infer

1947 1682 2070 1720 num
2088 1667 2306 1721 viventes
2330 1665 2500 1737 (Psal.
2522 1671 2655 1739 LIV).
2683 1670 2734 1724 ld
2762 1679 2865 1734 est,
2894 1672 3141 1727 labantur
3164 1676 3216 1729 in
3244 1685 3522 1746 peccatum

1947 1757 2199 1814 scientes.
2231 1757 2360 1824 Qua:
2393 1759 2570 1813 divina
2595 1761 2950 1829 permissione
2993 1765 3188 1820 merito
3217 1767 3401 1821 mundi
3433 1783 3498 1837 pa

1949 1848 2152 1913 tientis,
2178 1858 2401 1920 propter
2428 1852 2733 1905 communia
2764 1863 2985 1923 peccata
3014 1865 3221 1920 nostra,
3249 1837 3522 1926 pastorum

1947 1939 2157 1994 scilicet
2183 1947 2240 1993 et
2285 1956 2527 2011 gregum,
2559 1951 2782 2012 pr0pler
2825 1944 3019 1999 delicta
3074 1948 3215 2017 regis
3265 1956 3320 2002 et
3355 1949 3527 2019 regni,

1945 2031 2208 2086 eveniunt
2237 2033 2380 2086 sicut
2408 2034 2668 2103 scriptum
2694 2043 2777 2091 est
2812 2054 2824 2088 :
2868 2035 3226 2092 lmmissiones
3252 2056 3345 2108 per
3373 2057 3520 2110 ange-

1948 2119 2026 2174 los
2049 2121 2238 2182 malos,
2271 2123 2408 2176 viam
2438 2124 2558 2192 fecit
2604 2123 2858 2180 Dominus
2878 2129 3076 2182 semin
3098 2129 3194 2183 ira:
3211 2146 3323 2184 sua:
3354 2130 3527 2200 (Psal.

1949 2211 2177 2282 tum).
2207 2212 2436 2276 Tamen.
2467 2215 2609 2270 sicut
2639 2216 2856 2273 Veritas
2909 2229 3258 2288 protestatur,
3291 2237 3398 2278 non
3427 2223 3527 2278 erit

1951 2304 2071 2358 sine
2105 2304 2309 2362 ultione
2342 2307 2593 2364 vindictae
2619 2324 2720 2365 nec
2754 2311 2852 2379 ipsi
2888 2311 3037 2380 virga
3067 2313 3264 2368 furoris
3296 2313 3529 2368 Domini.

1952 2391 2046 2446 Sic
2073 2392 2325 2463 legimus,
2346 2397 2426 2450 sic
2449 2397 2772 2461 audivimus,
2805 2400 2885 2453 sic
2909 2401 3162 2466 vidimus,
3183 2411 3238 2455 et
3267 2418 3363 2472 pro
3383 2413 3532 2458 certo

1953 2485 2033 2540 sic
2053 2486 2162 2540 cito
2188 2487 2492 2543 videbimus
2524 2507 2535 2541 :
2561 2491 2816 2558 quoniam
2850 2492 2973 2546 licet
3001 2503 3318 2560 peccatores
3338 2497 3531 2563 simus,

1953 2577 2046 2630 sed
2069 2576 2415 2645 pmuitentes,
2443 2587 2498 2631 et
2529 2579 2580 2633 in
2610 2581 2790 2634 divina
2819 2582 3102 2638 clementia
3131 2584 3341 2639 fortiter
3361 2587 3534 2642 confi-

1954 2666 2160 2728 dentes,
2190 2667 2550 2722 u‘tinisterium
2577 2683 2790 2723 sacrum
2820 2681 3076 2739 operante
3108 2671 3312 2741 Spiritu
3344 2683 3533 2730 sancto

1953 2759 2311 2826 suscepimus,
2350 2758 2468 2813 sine
2513 2775 2620 2829 quo
2669 2776 2823 2817 sacra
2877 2777 2982 2817 non
3040 2765 3429 2831 ministramus,
3479 2775 3538 2822 et

1954 2847 2109 2902 nobis
2137 2849 2340 2903 dictum
2374 2865 2404 2903 a
2440 2849 2677 2906 Veritate
2724 2854 2988 2909 veraciter
3014 2855 3216 2910 scimus
3244 2874 3258 2910 :
3293 2854 3418 2912 Non
3448 2873 3536 2914 vos

1953 2941 2075 2994 estis
2103 2941 2195 3010 qui
2215 2939 2511 3010 loquimini,
2540 2942 2632 2995 sed
2657 2941 2884 3012 Spiritus
2928 2941 3108 2999 Patris
3138 2947 3290 3000 cauri
3329 2948 3420 3017 qui
3459 2947 3537 3002 lo-

1953 3030 2132 3100 quitur
2158 3031 2212 3084 in
2239 3031 2380 3085 vobis
2402 3029 2618 3102 (lauit.
2646 3035 2723 3103 ι).

1955 3136 2039 3192 Ill.
2079 3137 2232 3204 Quod
2254 3141 2448 3210 sepius
2471 3140 2623 3218 illum
2646 3143 2714 3218 ad
2734 3144 3018 3218 ineundum
3043 3163 3160 3200 cum
3212 3147 3378 3218 fratre
3411 3165 3537 3204 con-

2421 3211 2654 3265 cordiant
2685 3213 2882 3268 hortati
2929 3225 3072 3270 sunt.

2029 3323 2096 3377 Et
2121 3323 2246 3378 iicet
2276 3323 2575 3378 dominatio
2599 3333 2780 3379 vestra
2803 3326 2996 3382 melius
3016 3329 3229 3384 noverit
3252 3329 3319 3385 de
3342 3301 3538 3401 quibus

1953 3419 2196 3488 scriptis,
2225 3420 2494 3476 mandatis
2524 3427 2579 3475 et
2604 3421 2763 3477 dictis
2792 3423 3055 3488 dicamus,
3108 3433 3287 3482 tamen
3331 3442 3437 3483 non
3470 3427 3537 3482 ab

1959 3528 2018 3567 re
2042 3518 2128 3566 est
2149 3511 2193 3567 si
2221 3512 2384 3567 etiam
2407 3522 2458 3567 et
2484 3528 2580 3568 nos
2603 3513 2692 3568 illa
2737 3515 2802 3569 ad
2850 3519 3166 3572 memoriam
3192 3529 3429 3575 vestram
3455 3535 3541 3576 re-

1957 3595 2238 3657 ducamus.
2265 3601 2446 3659 Primo
2469 3603 2684 3673 quidem
2716 3619 2814 3673 per
2837 3605 3200 3675 llildegarium
3234 3619 3282 3674 ο,
3317 3624 3542 3665 venera-

1957 3692 2123 3746 bilem
2176 3693 2510 3762 episcopum,
2568 3695 2785 3763 scriptis
2825 3705 2880 3750 et
2931 3698 3118 3763 dictis;
3174 3701 3410 3754 secundo
3444 3717 3541 3771 per

1961 3781 2190 3836 lineam
2219 3782 2269 3845 τι,
2322 3782 2693 3836 bonorabilem
2749 3785 3084 3853 episcopum,
3113 3786 3309 3840 litteris
3335 3797 3390 3842 et
3416 3805 3537 3844 ver-

1961 3868 2075 3932 bis;
2108 3869 2236 3923 item
2261 3885 2359 3938 per
2380 3870 2608 3924 Eneam
2626 3871 2824 3934 verbis.
2849 3874 3041 3928 deinde
3065 3889 3162 3941 per
3187 3876 3536 3934 Hincmarum

1965 3958 2324 4013 Rhemensem
2349 3969 2404 4015 et
2438 3959 2772 4016 Wenilonem
2803 3961 3293 4034 Rotbomagensem
3329 3968 3541 4035 episco-

1881 4083 1926 4144 ς
1960 4067 2077 4122 pos;
2099 4055 2292 4108 iterum
2308 4071 2404 4124 per
2417 4056 2656 4119 eosdem,
2673 4073 2794 4111 cum
2810 4058 2926 4112 aliis
2939 4075 3076 4128 quos
3090 4061 3190 4130 ipsi
3208 4064 3458 4125 vocastis,
3475 4081 3540 4120 ca

1961 4159 2082 4213 qua:
2131 4143 2290 4198 saluti
2346 4142 2565 4199 fuerunt
2625 4161 2861 4216 congrua
2910 4146 3240 4204 sufﬁcienter
3291 4153 3540 4217 audistis,

1959 4235 2346 4304 quando‘sicut
2374 4245 2428 4290 et
2483 4246 2609 4292 ante
2659 4238 2970 4306 petivimus,
3004 4249 3062 4292 ut
3089 4239 3256 4295 frater
3283 4252 3463 4296 vester
3489 4253 3544 4298 et

1956 4339 2146 4378 omnes
2171 4325 2354 4380 ﬁdeles
2376 4325 2518 4381 illius
2551 4337 2675 4382 ante
2700 4338 2933 4382 vestram
2963 4330 3305 4400 fideliumque
3331 4341 3539 4391 vestro-

1961 4430 2079 4468 rum
2103 4416 2446 4484 praesentiam
2471 4416 2524 4470 in
2551 4418 2792 4474 rationes
2813 4421 2930 4474 loco
2959 4429 3014 4474 et
3037 4430 3278 4492 tempore
3299 4439 3540 4494 congruo

1959 4506 2320 4570 venissemus,
2351 4517 2407 4561 et
2459 4524 2578 4578 quae
2625 4511 2765 4566 male
2793 4521 2941 4581 gesta
2976 4512 3176 4579 forent,
3206 4525 3389 4571 vestro
3411 4532 3538 4572 con-

1959 4595 2080 4649 silio
2101 4604 2156 4649 et
2185 4597 2388 4650 auxilio
2409 4612 2532 4652 cum
2565 4599 2658 4653 Dei
2691 4600 2960 4670 adiutorio
3003 4602 3204 4660 fuerint
3229 4608 3536 4664 emendata.

1959 4683 2066 4740 Pro
2093 4685 2291 4754 quibus
2318 4687 2570 4742 omnibus
2601 4689 2761 4744 dictis
2790 4706 2895 4745 non
2945 4693 3361 4751 obaudientibus
3386 4698 3540 4753 valdc

1961 4776 2214 4830 timemus
2234 4778 2375 4845 quod
2397 4779 2594 4833 dicitur
2628 4799 2640 4833 :
2673 4780 2731 4835 Si
2775 4799 3065 4839 sermonem
3100 4803 3272 4842 meum
3308 4805 3542 4844 servave-

1960 4874 2100 4931 runt,
2132 4873 2180 4918 et
2203 4875 2428 4920 vestrum
2456 4869 2730 4923 servabunt
2755 4871 2937 4942 (Joan.
2966 4882 3080 4945 xv).
3108 4885 3163 4930 et
3185 4877 3390 4944 reliqua
3421 4895 3542 4947 qum

1961 4956 2221 5010 Dominus
2247 4957 2628 5013 comminatur.
2661 4960 2727 5013 Et
2775 4963 2820 5016 si
2854 4964 2940 5017 illa
2970 4980 3076 5017 non
3109 4977 3236 5022 sunt
3263 4969 3537 5031 exaudita,

1957 5049 2138 5118 putari
2165 5057 2343 5117 potest
2365 5057 2422 5102 et
2455 5065 2552 5104 nec
2589 5051 2716 5114 ista,
2745 5068 2865 5122 qua:
2921 5070 3016 5109 vos
3042 5053 3224 5110 dicitis
3255 5057 3394 5123 apud
3442 5072 3544 5113 nos

1959 5139 2095 5170 ιηιΙΙΑ
2151 5152 2392 5168 Auimusne-tn
2438 5149 2488 5168 nl
2541 5141 2726 5168 ...ηιξ-Α
2802 5145 3160 5168 Α..-νν12-..ι---
3207 5144 3534 5166 ιιελ-.-...,η,
