4018 5392
468 391 488 442 1
510 391 524 443 Ι
1415 382 1742 438 HINCMARI
1784 380 2055 436 [HIEMED

2155 382 2178 438 Ξ
2207 381 2724 439 AliClllEPlSCOPI

3663 393 3742 448 12

464 503 776 560 nnnationis
824 509 1016 558 vestrm
1057 499 1385 564 sinceritate,
1419 499 1485 554 de
1531 515 1636 568 qua
1670 498 1800 553 nihil
1856 507 2046 552 contra
2077 506 2124 560 Α
2150 499 2411 564 ducrunt;
2463 507 2517 554 et
2547 498 2746 554 latebat
2776 498 2874 552 sub
2902 497 3058 552 melle
3086 514 3371 554 venenum.
3404 501 3470 555 Et
3493 503 3735 572 comple—

464 595 757 666 puritalem
783 591 1032 647 volumus
1076 598 1376 652 autumare,
1402 589 1506 642 alia
1556 591 1798 659 quaedam
1839 589 2050 658 possint

467 685 710 756 intelligi.
731 685 799 738 Et
819 683 944 753 quia
973 683 1163 736 beatus
1183 680 1375 734 Petrus
1395 695 1608 735 omnem
1633 689 1816 735 monet
1841 679 2046 749 episco—

466 791 593 845 pum
621 783 680 829 ut
723 782 946 844 paratus
971 772 1040 826 sit
1071 771 1137 826 ad
1170 769 1596 825 satisfactionem
1623 771 1770 824 omni
1803 769 2048 840 poscenti

466 881 526 920 se
555 865 844 928 rationem,
865 877 984 932 qum
1012 875 1155 916 nunc
1179 860 1443 927 videmus,
1470 876 1566 931 pro
1592 870 1833 931 tempore
1859 861 2051 916 damus

468 957 696 1012 fideliter
729 953 1081 1010 dominationi
1113 961 1310 1008 vestra:
1341 953 1588 1009 consilia.

466 1092 554 1148 IV.
595 1092 660 1147 Ut
695 1094 984 1148 consideret
1025 1111 1118 1147 cur
1145 1094 1198 1146 in
1229 1094 1411 1162 fratris
1465 1109 1678 1162 regnum
1731 1091 1944 1156 venerit,
2001 1100 2050 1144 et

672 1173 850 1217 utrum
876 1165 1004 1218 talia
1028 1165 1282 1218 sustinere
1314 1163 1455 1228 velit,
1479 1163 1659 1233 qualia
1691 1162 1835 1231 fecit.

535 1297 718 1352 Primo
752 1297 968 1367 quidem
1025 1297 1076 1351 in
1125 1297 1238 1366 ipsa
1290 1296 1472 1350 radice
1529 1295 1709 1350 cordis
1760 1294 2048 1348 adventum

465 1391 785 1446 vestrumin
822 1392 927 1446 hoc
957 1406 1179 1461 regnum
1228 1388 1498 1460 inspicite,
1548 1398 1603 1442 et
1645 1403 1830 1442 coram
1880 1387 2053 1442 oculis

464 1483 702 1548 Domini,
731 1482 816 1536 cui
853 1481 1149 1537 secundum
1198 1481 1565 1546 Psalmistam,
1597 1480 1854 1551 cogitatio
1880 1480 2054 1534 homi-

466 1575 551 1630 nis
573 1576 887 1638 conlitetur,
919 1581 1121 1628 statera
1159 1573 1432 1642 :cquitatis
1458 1571 1786 1642 ponderate;
1820 1580 1874 1626 et
1901 1571 2052 1642 quid-

466 1666 596 1736 quid
631 1667 944 1719 hortatores
992 1671 1047 1717 et
1092 1662 1389 1717 consrliarii
1438 1677 1502 1717 ac
1554 1661 1864 1717 laudatores
1891 1661 2052 1716 vestri

469 1756 626 1810 vobis
655 1755 857 1817 dicant,
893 1753 958 1807 ad
988 1767 1082 1808 cor
1122 1752 1329 1817 redite;
1357 1759 1411 1806 et
1437 1751 1696 1820 quidquid
1739 1751 1806 1805 ad
1832 1764 2057 1806 accusa-

465 1847 668 1902 tionem
695 1855 750 1900 et
771 1832 1292 1900 commendationem
1321 1843 1585 1899 adventus
1605 1843 1774 1898 vestri
1804 1842 2050 1898 invenire
2081 1845 2125 1903 Β

466 1943 522 1990 et
540 1936 720 1990 dicere
748 1934 1059 2004 potueritis,
1090 1941 1326 1989 vestram
1377 1933 1775 1989 conscientiam
1812 1933 2046 1988 interro.

466 2033 617 2096 gate;
645 2034 701 2080 et
727 2026 772 2080 si
802 2025 927 2080 talia
956 2025 1225 2081 sustinere
1256 2024 1416 2080 vultis
1461 2023 1640 2094 qualia
1673 2023 1872 2088 facitis,
1899 2022 2047 2092 judi~

465 2125 604 2171 cate.
648 2116 714 2170 Et
764 2116 910 2171 illam
953 2116 1141 2170 horam
1186 2130 1348 2186 quam
1397 2115 1533 2169 certi
1588 2114 1718 2168 estis
1747 2113 1869 2182 quia
1903 2111 2050 2167 nullo

467 2208 628 2261 modo
660 2207 908 2276 poteritis
929 2205 1186 2277 effugere,
1202 2206 1420 2276 quando
1439 2205 1616 2259 anima
1639 2213 1818 2258 vestra
1847 2203 1913 2258 de
1933 2218 2050 2256 cor-

462 2313 596 2370 pore
621 2299 785 2362 exiet,
812 2307 937 2353 ante
967 2299 1164 2354 mentis
1187 2298 1372 2354 oculos
1405 2298 1605 2367 ponite,
1639 2296 1853 2366 quando
1881 2304 2048 2349 totum

465 2392 724 2445 mttndum
775 2399 828 2444 et
868 2405 1084 2444 omnem
1134 2396 1480 2459 potestatem,
1511 2396 1566 2442 et
1595 2402 1785 2442 omnes
1812 2386 2050 2450 divitias,

466 2493 519 2538 et
546 2483 720 2554 ipsum
753 2497 952 2552 corpus
973 2481 1331 2556 derelinquet,
1355 2489 1411 2536 et
1429 2480 1548 2535 sine
1570 2478 1838 2548 adjutorio
1868 2477 2052 2532 uxoris

465 2591 529 2630 ac
576 2577 831 2639 filiorum,
888 2584 943 2629 et
993 2575 1110 2628 sine
1160 2573 1354 2628 solatio
1381 2581 1436 2627 et
1463 2573 1722 2628 comitatu
1761 2569 2050 2624 drudorum

464 2675 629 2734 atque
654 2678 935 2719 vassorum
969 2664 1112 2718 nuda
1137 2671 1190 2718 et
1221 2662 1457 2718 desolata
1495 2661 1682 2726 exibit,
1713 2669 1768 2716 et
1792 2659 2051 2729 quidquid

465 2757 721 2826 cogitavit
764 2763 817 2809 et
847 2755 1102 2809 ordinare
1149 2753 1434 2823 disposuit,
1483 2751 1741 2807 infectum
1797 2751 2051 2815 dimittet,

465 2847 606 2902 sicut
626 2846 756 2900 dicit
782 2844 1062 2914 Scriptura
1091 2857 1105 2896 :
1133 2841 1198 2896 In
1226 2842 1315 2896 illa
1343 2842 1428 2895 die
1454 2842 1693 2910 peribunt
1715 2855 1890 2895 omnes
1916 2841 2054 2909 cogi-

465 2938 686 2990 tationes
729 2951 909 2990 eorum
955 2933 1130 3002 (Psat.
1169 2933 1360 3002 cxcv);
1403 2940 1458 2987 et
1493 2931 1694 2986 videbit
1724 2930 1902 2984 omnia
1930 2926 2054 2999 pee-

465 3036 585 3081 cata
611 3042 704 3080 sua
736 3035 790 3080 ct
810 3027 1025 3090 sentiet,
1051 3025 1239 3079 videns
1261 3023 1505 3078 diabolos
1529 3038 1590 3078 se
1615 3022 2053 3092 constringentes

464 3126 521 3171 et
572 3123 938 3179 coarctantcs,
987 3123 1044 3168 et
1091 3113 1352 3183 quidquid
1409 3122 1600 3168 contra
1642 3112 1963 3168 charitatem
1999 3117 2056 3165 et

468 3207 626 3262 ﬁdem
660 3207 894 3261 debitam
919 3205 1196 3277 cogitavit,
1220 3205 1579 3276 parabolavit,
1621 3214 1676 3261 et
1706 3204 1834 3260 fecit
1873 3205 1928 3260 in
1953 3205 2056 3260 isto

467 3298 684 3362 saeculo,
714 3307 768 3353 et
791 3311 887 3367 per
911 3298 1104 3369 dignos
1128 3297 1460 3367 poenitentiae
1510 3295 1715 3351 fructus
1738 3311 1844 3350 non
1873 3311 2056 3350 emen-

470 3388 640 3454 davit,
669 3397 794 3442 ante
823 3386 1009 3441 oculos
1038 3401 1251 3456 semper
1281 3387 1517 3450 habebit,
1549 3396 1606 3441 et
1631 3386 1869 3457 effugere
1889 3385 2054 3450 volet,

469 3488 526 3533 et
552 3493 657 3532 non
689 3477 904 3532 valebit.
936 3477 1070 3531 Nam
1093 3486 1302 3532 certum
1327 3485 1411 3532 est
1429 3477 1553 3546 quia
1575 3477 1642 3532 ad
1667 3490 1855 3531 omnes
1878 3476 2053 3531 homi-

468 3582 585 3631 nes,
619 3567 832 3635 quando
851 3566 1206 3638 egrediuntur
1226 3565 1292 3620 de
1315 3580 1564 3635 corpore,
1591 3566 1813 3620 veniunt
1836 3564 2053 3629 diaboli,

467 3667 527 3712 et
554 3659 622 3712 ad
651 3657 829 3727 justos
853 3667 909 3714 et
934 3659 1002 3712 ad
1028 3666 1344 3728 peccatores
1371 3676 1384 3710 :
1409 3657 1504 3712 sed
1525 3665 1579 3711 et
1601 3655 1667 3710 ad
1696 3656 1868 3725 ipsum
1900 3655 2057 3710 Chri-

469 3755 608 3802 stutn
635 3748 804 3812 venit,
831 3747 883 3802 in
914 3763 1024 3818 quo
1043 3762 1198 3803 suum
1224 3746 1354 3802 nihil
1373 3745 1604 3810 invenit,
1631 3746 1771 3800 sicut
1794 3744 2054 3815 scriptum

467 3850 551 3895 est
587 3859 599 3893 :
644 3838 790 3893 Venit
819 3842 1056 3908 princeps
1077 3839 1237 3908 hujus
1263 3837 1468 3902 mundi,
1499 3847 1544 3891 et
1578 3837 1634 3890 in
1656 3853 1736 3891 me
1775 3851 1878 3889 non
1902 3831 2055 3890 habet

467 3932 753 4001 quidquam
783 3928 966 3998 (Joan.
998 3931 1132 3997 xw).

543 4024 608 4075 Et
635 4022 797 4075 crede
828 4021 983 4075 nobis
1014 4019 1304 4082 veraciter,
1329 4033 1426 4071 rex
1454 4019 1659 4071 utinam
1684 4031 1899 4085 semper
1918 4016 2057 4070 bone

469 4121 525 4164 et
553 4111 870 4174 christiane,
900 4123 1000 4162 nec
1057 4107 1211 4178 longe
1237 4115 1340 4173 est,
1385 4106 1479 4161 sed
1523 4106 1656 4161 satis
1686 4116 1740 4159 et
1773 4105 2054 4175 plusquam

469 4211 738 4272 speretur,
763 4216 926 4271 prope
957 4200 1048 4255 tibi
1096 4209 1174 4255 est
1236 4199 1324 4253 illa
1354 4199 1508 4254 hora.
1548 4197 1839 4274 Propterea
1873 4213 1978 4252 non
2006 4206 2058 4253 te

470 4296 731 4350 seducaut
765 4294 865 4348 ista
898 4308 1016 4362 quae
1041 4293 1210 4348 vides.
1259 4291 1316 4346 ln
1363 4300 1605 4362 tempore
1658 4291 1856 4361 quippe
1887 4291 2058 4360 patris

472 4383 639 4438 vestri
690 4383 922 4437 vidimus
951 4397 1046 4451 per
1083 4383 1294 4452 aliquos
1345 4383 1558 4451 incepta
1586 4391 1641 4436 et
1683 4381 1824 4436 facta
1854 4396 1976 4449 quze
2004 4381 2058 4434 in

473 4485 714 4543 tempore
742 4475 869 4537 isto,
903 4488 993 4542 per
1025 4475 1159 4529 istos
1181 4474 1272 4543 qui
1310 4473 1412 4529 ista
1468 4473 1783 4538 conficiunt,
1813 4473 2060 4527 videmus

474 4566 612 4628 ﬁeri,
643 4573 699 4618 et
727 4578 822 4632 per
868 4564 1005 4618 alios
1057 4565 1383 4620 videbuntur
1441 4562 1718 4633 compleri.
1751 4563 1817 4616 Et
1845 4563 2062 4632 quando

476 4655 570 4709 tibi
624 4654 876 4709 adveniet
922 4655 1054 4710 hora
1099 4655 1277 4709 exitus
1326 4655 1421 4719 tui,
1470 4653 1614 4709 sicut
1670 4655 1848 4709 rident
1895 4670 2060 4718 nunc,

473 4745 692 4814 quando
719 4759 815 4813 per
833 4753 885 4798 te
913 4741 1162 4798 obtinent
1190 4758 1312 4813 quae
1339 4743 1542 4808 volunt,
1573 4745 1625 4798 in
1650 4745 1781 4798 hora
1811 4744 2062 4798 volunta-

477 4836 546 4889 tis
574 4849 718 4899 sum;
751 4833 830 4888 sic
858 4833 1112 4888 ridebunt
1135 4841 1191 4887 et
1220 4833 1274 4887 in
1319 4833 1452 4888 hora
1481 4833 1659 4888 exitus
1706 4834 1801 4899 tui,
1833 4841 1888 4888 et
1915 4848 2063 4903 qua:-

479 4938 600 4984 rent
619 4926 894 4996 quomodo
921 4940 1018 4995 per
1043 4924 1209 4978 alium
1239 4933 1460 4980 teneant
1479 4939 1600 4995 quae
1625 4939 1722 4994 per
1744 4935 1796 4980 te
1819 4925 2067 4980 obtinue-

475 5027 621 5079 runt.
673 5016 825 5084 Quod
852 5025 907 5070 et
929 5015 1045 5069 fieri
1075 5023 1254 5085 potest
1279 5023 1338 5070 ut
1365 5016 1584 5084 quidam
1625 5015 1790 5070 etiam
1817 5025 2066 5084 quaerant

829 5114 920 5134 ...Α
970 5105 1078 5136 Qna'
1111 5115 1158 5136 AI
1315 5105 1417 5138 τιιοῖ
1449 5107 1666 5140 δίκαια-η
1690 5107 2061 5144 ηωηίιοηιῖαιη

557 5117 796 5134 ΙΑΜηΛυιιι

2090 4518 2138 4578 ι)

2152 598 2265 645 tum
2287 599 2371 646 est
2406 592 2460 646 in
2490 591 2621 654 illis,
2671 589 3117 660 complenturque
3164 591 3218 645 in
3267 592 3384 647 istis
3428 593 3737 650 Psalmista:

2151 682 2353 737 dictum
2386 700 2399 737 :
2429 683 2532 748 Qui
2581 683 2866 753 loquuntur
2916 699 3098 752 pacem
3160 701 3277 738 cum
3323 687 3562 755 proximo
3610 705 3735 754 suo,

2151 772 2293 826 mala
2324 781 2497 826 autem
2521 773 2577 826 in
2600 772 2843 826 cordibus
2874 790 3053 827 eorum
3083 772 3256 845 (Psal.
3289 777 3490 848 xxvtt);
3524 787 3578 847 et
3611 779 3739 833 reli—

2152 877 2257 932 qua
2289 877 2408 931 quae
2433 874 2751 932 sequuntur.
2783 863 2850 917 Et
2877 873 3200 934 receperunt
3228 865 3302 920 illi
3333 867 3386 920 in
3415 868 3609 924 saeculo
3631 869 3738 924 isto

2150 968 2271 1022 quze
2323 963 2447 1008 nota
2495 963 2642 1017 sunt.
2666 963 2721 1008 et
2763 965 3084 1023 receperunt
3115 955 3167 1009 in
3195 957 3390 1014 smculo
3413 959 3584 1014 altero
3615 976 3738 1030 qua:

2152 1048 2206 1102 in
2230 1046 2435 1116 judicio
2459 1049 2670 1118 plenius
2693 1060 3106 1120 cognoscentur.
3139 1049 3376 1117 Quorum
3401 1051 3488 1105 isti
3524 1051 3738 1105 intuen-

2152 1146 2236 1193 tes
2262 1139 2488 1205 exitum,
2522 1140 2714 1195 timere
2743 1140 3043 1196 debuerant
3073 1143 3341 1196 actionem
3370 1162 3382 1195 :
3409 1153 3464 1196 et
3511 1141 3733 1205 facient,

2151 1230 2195 1285 si
2238 1230 2360 1285 illos
2419 1231 2721 1299 respexerit
2778 1231 3038 1286 Dominus
3086 1233 3175 1301 qui
3234 1233 3456 1302 respicit
3503 1233 3737 1287 humiles

2151 1333 2205 1378 et
2233 1325 2471 1379 custodit
2495 1324 2773 1394 parvulos.
2805 1325 2871 1379 Et
2903 1325 2981 1380 sic
3027 1326 3311 1395 pestilente
3351 1326 3636 1396 ﬂagellato,
3676 1337 3738 1382 ut

2152 1417 2414 1486 scriptum
2445 1422 2561 1481 cst,‘
2597 1417 2895 1487 sapientior
2942 1417 3046 1472 erit
3075 1418 3365 1486 parvulus;
3418 1428 3471 1472 et
3502 1419 3734 1489 sapient,

2156 1506 2281 1575 quia
2311 1520 2415 1560 non
2449 1505 2671 1575 repellet
2706 1505 2966 1561 Dominus
2994 1506 3202 1576 plebem
3235 1522 3408 1573 suam,
3454 1522 3554 1562 nec
3600 1507 3739 1563 obli-

2151 1599 2391 1654 viscetur
2455 1599 2506 1654 in
2575 1599 2734 1654 finem
2793 1617 2805 1653 :
2862 1598 3126 1666 Quoniam
3181 1597 3406 1670 Propter
3467 1601 3734 1654 miseriam

2154 1688 2364 1757 inopum
2378 1699 2425 1743 et
2441 1689 2686 1759 gemitum
2700 1706 2985 1760 pauperum
3004 1707 3142 1744 nunc
3161 1707 3434 1760 exsurgant
3452 1690 3734 1762 (Psal.xt),

2158 1778 2288 1833 dicit
2316 1779 2596 1834 Dominus.
2629 1779 2842 1849 Alioqui
2875 1780 3016 1834 sicut
3045 1791 3172 1836 tunc
3219 1780 3355 1835 dixit
3383 1779 3511 1846 illis,
3564 1781 3638 1835 ita
3667 1795 3738 1835 ex

2155 1886 2295 1925 nunc
2321 1871 2452 1926 dicit
2473 1871 2729 1925 Dominus
2759 1871 2875 1926 istis
2909 1888 2922 1924 :
2950 1870 3136 1936 Tacui,
3167 1871 3400 1942 nunquid
3422 1888 3624 1941 semper
3654 1881 3738 1924 la-

2153 1959 2272 2013 ccbo
2288 1961 2313 2013 ?
2335 1976 2490 2030 quam
2527 1960 2572 2013 si
2591 1960 2884 2029 pariuriens
2902 1959 3137 2012 clamabo
3166 1959 3300 2030 (Isa.
3321 1958 3470 2030 xui).
3488 1959 3735 2014 Nondum

2152 2051 2302 2105 venit
2328 2053 2460 2106 hora
2491 2065 2630 2115 mea,
2665 2051 2758 2105 sed
2789 2066 2936 2106 nunc
2982 2059 3068 2105 est
3124 2053 3253 2106 hora
3303 2059 3504 2116 vestra,
3560 2060 3614 2104 et
3641 2065 3737 2120 po-

2153 2149 2321 2195 testas
2345 2141 2712 2196 tenebrarum.
2737 2141 2804 2196 Et
2825 2142 3040 2211 quidem
3071 2141 3124 2195 in
3166 2142 3269 2196 hac
3293 2141 3378 2195 die
3407 2151 3496 2196 tua
3517 2157 3638 2211 qua:
3664 2142 3733 2196 ad

2153 2247 2342 2302 parem
2369 2231 2497 2286 tibi!
2537 2247 2680 2286 nunc
2708 2242 2887 2286 autem
2916 2232 3238 2287 abscondita
3288 2241 3414 2286 sunt
3460 2233 3525 2287 ab
3566 2233 3737 2287 oculis

2157 2323 2282 2387 tuis,
2311 2323 2437 2393 quia
2465 2323 2687 2378 venient
2716 2324 2831 2379 dies
2862 2324 2913 2378 in
2945 2333 3016 2379 te.
3064 2323 3212 2394 Roga
3262 2324 3378 2388 tibi,
3404 2340 3734 2394 quaesumus.

2157 2417 2210 2471 in
2237 2415 2330 2470 tali
2355 2415 2475 2471 loco
2499 2415 2588 2470 ubi
2607 2417 2742 2471 bene
2765 2417 2939 2486 possis
2958 2417 3235 2472 intendere
3262 2417 3536 2472 homiliam
3562 2419 3734 2474 sancti

2157 2507 2403 2580 Gregorii
2432 2507 2611 2579 legere
2639 2509 2692 2562 in
2723 2507 2950 2563 lectione
2974 2509 3248 2580 Evangelii
3283 2525 3297 2563 :
3334 2509 3535 2565 Videns
3577 2509 3737 2566 Jesus

2157 2599 2456 2665 civitatem,
2487 2598 2638 2654 ﬂevit
2659 2614 2820 2669 super
2842 2599 3007 2653 illam.
3032 2600 3328 2655 Prccamur
3358 2601 3733 2666 vos,Domine,

2159 2698 2218 2742 ut
2247 2697 2300 2742 et
2320 2689 2462 2743 diem
2496 2697 2621 2743 ante
2651 2689 2849 2744 mentis
2871 2689 3057 2745 oculos
3083 2690 3350 2758 habeatis,
3373 2693 3589 2760 quando
3615 2708 3734 2746 cum

2158 2779 2408 2834 omnibus
2430 2779 2742 2836 hominibus
2771 2780 2950 2834 anima
3007 2790 3185 2836 vestra
3221 2782 3498 2852 pr0prium
3540 2796 3738 2852 corpus

2161 2869 2407 2938 recipiet,
2437 2878 2491 2923 et
2520 2869 2749 2925 venietis
2795 2878 2922 2924 ante
2976 2870 3168 2925 faciem
3209 2871 3397 2926 mterni
3436 2871 3633 2940 judicis
3682 2873 3737 2926 in

2161 2967 2451 3029 COltSpeCltl
2479 2959 2719 3014 omnium
2774 2961 3086 3032 angelorum
3113 2969 3167 3016 et
3198 2962 3473 3016 hominum
3511 2978 3526 3016 :
3556 2963 3608 3016 in
3631 2977 3738 3032 qua

2163 3049 2270 3115 die,
2305 3050 2446 3105 sicut
2488 3048 2622 3105 dicit
2679 3060 2898 3106 sanctus
2925 3051 3142 3116 Paulus,
3170 3051 3432 3121 iudicabit
3480 3056 3741 3110 Dominus

2083 3185 2127 3248 Ο
2166 3157 2620 3211 unumquemque,
2667 3158 2772 3196 non
2796 3159 2914 3224 .per
2943 3143 3179 3198 alienum
3212 3145 3600 3211 testimonium,
3638 3144 3734 3202 sed

2157 3235 2366 3292 occulta
2398 3235 2821 3305 uniuscujusque
2849 3251 2946 3306 per
2987 3237 3345 3307 cogitationes
3392 3246 3738 3304 accusantes,

2159 3334 2251 3379 aut
2279 3325 2441 3380 etiam
2474 3324 2844 3390 defendentes,
2873 3326 3089 3395 quando
3119 3327 3344 3398 recipiet
3372 3328 3742 3398 unusquisque

2156 3415 2374 3486 propria
2403 3415 2647 3484 corporis
2675 3423 2837 3483 prout
2865 3416 3054 3482 gessit,
3083 3417 3197 3470 sive
3217 3416 3439 3481 bonum,
3475 3417 3589 3471 sive
3620 3433 3738 3470 ma-

2157 3507 2286 3560 lunt.
2320 3506 2388 3560 Et
2437 3521 2543 3560 non
2591 3505 2958 3574 despicientur
3007 3513 3134 3559 tunc
3181 3515 3362 3561 nostra
3418 3507 3583 3560 verba
3621 3522 3743 3576 qua

2157 3597 2496 3666 scripsimus,
2517 3597 2584 3651 ab
2611 3596 2690 3651 eis
2720 3595 2811 3665 qui
2837 3611 2981 3652 nunc
3003 3595 3088 3649 illa
3120 3604 3500 3660 contemnunt;
3525 3597 3744 3666 quando

2157 3688 2276 3742 sine
2306 3687 2470 3740 dubio
2516 3686 2775 3756 replicata
2819 3695 2980 3740 erunt
3033 3685 3086 3740 in
3135 3686 3503 3740 testimonium
3537 3685 3591 3738 in
3626 3685 3744 3754 ipso

2157 3777 2437 3833 tremendo
2458 3777 2684 3847 judicio,
2715 3784 2772 3831 et
2801 3775 2982 3831 nullus
3026 3776 3239 3831 illorum
3275 3785 3327 3831 te
3364 3784 3494 3829 tunc
3526 3772 3746 3842 adjuva-

2157 3869 2257 3936 bit,
2288 3869 2379 3939 qui
2411 3883 2512 3924 nec
2544 3869 2782 3939 seipsum
2811 3868 3067 3939 adjuvare
3090 3865 3331 3930 sufficiet,
3355 3865 3570 3934 quando
3591 3865 3746 3919 ibunt

2157 3959 2248 4025 qui
2297 3958 2426 4009 talia
2473 3966 2640 4026 agunt
2685 3958 2863 4025 qualia
2912 3958 3161 4010 audimus
3189 3965 3243 4010 et
3294 3959 3557 4010 sentimus
3583 3964 3744 4025 atque

2158 4045 2426 4110 dolemus,
2476 4047 2520 4100 si
2580 4047 2633 4098 in
2692 4045 2888 4099 talibus
2936 4045 3421 4114 perseveraverint,
3468 4046 3520 4099 in
3566 4047 3742 4117 ignem

2158 4143 2441 4199 aeternum,
2499 4142 2550 4188 el
2580 4135 2737 4205 justi,
2767 4134 2858 4202 qui
2907 4133 3106 4203 injusta
3159 4135 3458 4203 patiuntttr,
3497 4136 3549 4189 in
3579 4137 3744 4191 vitam
3842 4123 3861 4138 ⁸

2158 4233 2437 4277 mtcrnam.

2164 4359 2226 4414 γ.
2263 4357 2342 4412 De
2397 4359 2626 4430 eisqum
2680 4357 3037 4430 crudeliteret
3086 4360 3263 4429 impie,
3315 4377 3418 4430 qua
3465 4361 3742 4426 transibat,

2407 4427 2619 4497 ﬁebant,
2648 4439 2701 4481 ut
2726 4445 2785 4480 ea
2811 4429 3078 4498 prohibeat
3101 4427 3486 4500 et'compescat.

2237 4559 2371 4627 Quia
2399 4566 2550 4614 tanta
2575 4569 2629 4614 et
2659 4561 2785 4615 talia
2823 4561 3060 4617 crudelia
3087 4570 3141 4617 et
3187 4563 3545 4618 abominanda
3597 4562 3740 4629 ﬁeri,

2168 4668 2262 4723 per
2289 4653 2575 4721 parochias
2602 4667 2738 4722 quas
2764 4655 3127 4723 pertransitis,
3155 4655 3480 4719 audivimus,
3510 4663 3566 4709 et
3600 4669 3747 4724 quaa-
3805 4706 3808 4708 γ

2167 4747 2294 4801 dam
2316 4745 2606 4806 sentimus,
2629 4748 2877 4816 quadam
2901 4749 3105 4804 sentire
3137 4748 3410 4812 timemus,
3433 4758 3488 4801 et
3516 4748 3623 4801 illis
3652 4749 3745 4816 qui

2169 4845 2456 4892 senserunt
2485 4845 2540 4890 et
2565 4836 2803 4890 sentiunt
2828 4837 3198 4903 condolemus,
3229 4853 3349 4908 qua:
3376 4837 3743 4892 calamitatem

2171 4935 2226 4980 et
2273 4927 2550 4981 miseriam
2599 4941 2760 4994 quam
2803 4942 2832 4980 a
2874 4929 3100 4996 paganis
3127 4940 3152 4968 α
3178 4931 3433 4998 patimur,
3466 4935 3741 4999 superant,

2165 5019 2420 5088 quoniam
2451 5036 2483 5074 a
2504 5019 2813 5074 christianis
2841 5020 2896 5075 in
2919 5022 3276 5085 christianos,
3303 5038 3332 5075 a
3350 5023 3666 5091 parentibus
3689 5022 3745 5076 in

2166 5119 2418 5144 nni-antae
2469 5125 2496 5144 σι
2531 5125 2658 5144 ὀπο
2689 5111 2991 5144 ηιιυεοιὶαηη
3019 5111 3072 5144 ἰη
3103 5125 3284 5144 mnn-n
3314 5113 3669 5144 Λιςιιῖοιῖηηιηνι
3715 5128 3742 5144 n
