4018 5392
291 353 356 407 ιδ
1722 347 2101 406 ΕΡΙΞΤΟΙΑΕ.
3457 363 3522 416 ιι

275 470 576 542 prohibete,
611 466 936 538 compescite
979 474 1036 522 et
1059 465 1276 532 sedate;
1307 464 1558 535 quoniam
1587 463 1844 534 palatium
1874 469 1921 528 Α
1949 465 2070 519 ritis
2102 475 2423 534 restaurare,
2471 469 2648 524 debita
2683 471 2949 544 episcopis
2975 483 3031 531 et
3079 475 3178 530 sibi
3215 480 3520 534 commissis

275 570 516 616 vestrum
547 558 708 614 debet
732 572 852 614 esse
887 573 1124 621 sacrum,
1146 566 1329 613 etnon
1365 555 1710 626 sacrilegum.
1744 555 1846 609 Pa-

277 651 464 704 latium
495 649 638 703 enim
669 648 809 718 regis
834 648 1032 702 dicitur
1049 656 1267 717 propter
1294 645 1645 700 rationabiles
1670 645 1846 700 homi-

272 755 373 794 nes
422 738 813 800 inhabitantes,
852 746 908 792 et
940 751 1045 790 non
1075 743 1294 804 pr0pter
1347 735 1581 804 parietes
1611 733 1844 788 insensi-

274 830 432 890 biles,
465 829 580 884 sive
603 829 886 882 macerias.
916 828 983 882 Et
1012 842 1105 882 rex
1132 842 1162 880 a
1193 825 1428 895 regendo
1451 824 1668 888 dicitur,
1695 831 1753 877 ut
1784 838 1844 878 se

273 923 376 977 sub
399 922 511 976 Deo
535 929 590 975 et
630 920 801 975 bonos
832 934 954 974 cum
979 919 1088 973 Deo
1116 917 1352 986 puritate
1379 915 1585 982 cordis,
1617 915 1845 970 veritate

269 1014 416 1077 oris,
450 1013 706 1068 firmitate
732 1010 1044 1066 stabilitatis
1086 1018 1259 1080 regat,
1289 1018 1346 1064 et
1372 1023 1568 1078 pravos
1595 1024 1625 1062 a
1664 1007 1845 1078 pravi-

271 1114 384 1160 tate
422 1104 664 1174 corrigat
701 1113 757 1159 et
797 1103 848 1158 in
875 1101 1252 1158 reetitudinem
1285 1100 1503 1170 dirigat.
1545 1100 1613 1154 Et
1651 1099 1694 1153 si
1727 1113 1847 1168 quas

273 1198 418 1252 male
464 1197 606 1252 facta
654 1204 780 1251 sunt
825 1195 1117 1250 emendare
1164 1192 1404 1254 venistis,
1452 1192 1637 1261 pejora
1682 1205 1845 1260 quam

271 1289 570 1346 viderimus
605 1303 636 1340 a
657 1285 968 1342 ehristianis
992 1285 1046 1338 in
1071 1283 1397 1339 christianos
1427 1281 1566 1343 fieri,
1597 1281 1846 1351 ingerere

266 1394 377 1434 non
407 1378 635 1434 debetis.
667 1377 737 1430 Et
761 1377 804 1432 si
853 1389 1040 1445 pacem
1070 1374 1251 1430 facere
1298 1371 1624 1432 advenistis,
1657 1386 1845 1440 pacem

265 1470 493 1542 pacifice
520 1469 590 1524 ab
625 1477 846 1523 auctore
874 1467 1021 1536 pacis
1048 1464 1296 1520 obtinere
1335 1463 1561 1518 debetis.
1595 1462 1661 1516 Et
1686 1463 1730 1517 si
1763 1461 1843 1516 di-

265 1561 535 1615 scordiam
578 1556 818 1628 etl'ugare
843 1564 900 1610 et
925 1555 1248 1610 charitatem
1295 1554 1664 1624 redintegrare
1694 1553 1846 1607 veni-

265 1654 389 1719 stis,
423 1651 563 1706 illam
591 1665 754 1720 quam
785 1649 1034 1704 Christus
1076 1663 1172 1716 per
1198 1645 1423 1700 Paulum
1455 1645 1657 1709 docuit,
1688 1660 1846 1700 mon-

264 1753 444 1799 strare
463 1742 690 1798 debetis.
723 1742 811 1795 Ait
833 1740 978 1795 enim
1010 1757 1022 1793 :
1053 1738 1297 1794 Charitas
1317 1754 1419 1791 non
1439 1747 1512 1791 est
1537 1737 1836 1801 ambitiosa,

264 1853 372 1892 non
401 1837 507 1905 agit
546 1849 844 1905 perperam,
879 1848 983 1886 non
1028 1831 1213 1901 quaerit
1256 1843 1374 1899 qua!
1413 1845 1511 1882 sua
1538 1837 1698 1892 sunt;
1740 1843 1844 1881 non

261 1927 458 1998 gaudet
483 1941 640 1994 super
676 1923 970 1993 iniquitate,
1001 1919 1290 1992 congaudet
1328 1929 1504 1973 autem
1536 1918 1742 1972 veritati
1791 1914 1845 1986 (1

262 2019 392 2073 Cor.
436 2017 592 2085 xm);
647 2031 767 2086 qua:
807 2025 892 2070 est
918 2014 985 2068 de
1026 2020 1190 2069 corde
1227 2028 1364 2083 puro
1409 2020 1463 2067 et
1511 2011 1844 2068 conscientia

262 2113 430 2177 bona,
462 2119 519 2165 et
554 2110 658 2164 ﬁde
686 2123 792 2164 non
838 2109 961 2162 [icta
989 2124 1003 2172 ;
1033 2121 1152 2176 quae
1177 2114 1434 2175 operatur
1463 2120 1560 2175 per
1599 2103 1844 2159 dilectio-

261 2217 411 2266 nem,
443 2209 500 2255 et
525 2216 630 2254 non
659 2214 756 2270 per
798 2205 1144 2269 potestatem,
1182 2195 1264 2250 vel
1297 2196 1592 2250 indebitam
1643 2193 1847 2263 cupidi-

259 2303 432 2348 tatem
485 2311 499 2345 :
549 2291 664 2345 sine
715 2305 821 2360 qua
873 2288 1166 2353 charitate,
1209 2287 1349 2342 sicut
1419 2286 1679 2355 scriptum
1733 2292 1840 2349 est,

255 2384 475 2439 etiamsi
505 2383 595 2452 qui
627 2380 912 2436 tradiderit
955 2393 1152 2450 corpus
1181 2393 1336 2433 suum
1370 2383 1430 2432 ut
1460 2375 1670 2441 ardeat,
1706 2373 1841 2429 nihil

255 2475 335 2530 illi
367 2475 608 2544 prodest.
637 2471 810 2538 Quam
837 2472 1089 2527 omnibus
1118 2469 1378 2524 Dominus
1405 2467 1462 2522 in
1493 2467 1705 2536 signum
1748 2467 1842 2521 de-

254 2565 357 2626 dit,
391 2571 450 2618 ut
485 2564 662 2620 sciant
699 2563 744 2619 si
785 2563 1015 2632 quisque
1055 2568 1140 2615 est
1165 2559 1518 2620 ehristianus,
1549 2565 1643 2611 aut
1687 2556 1732 2611 si
1763 2557 1846 2610 in-

255 2655 426 2710 trabit
456 2655 510 2708 in
537 2668 760 2725 regnum
785 2652 897 2713 Dei,
930 2667 998 2705 an
1022 2665 1148 2714 non,
1180 2649 1368 2703 dicens
1399 2664 1411 2698 :
1441 2646 1508 2700 In
1533 2646 1630 2700 hoc
1653 2661 1843 2714 cogno-

250 2755 401 2800 scent
434 2760 611 2799 omnes
657 2743 782 2813 quia
823 2739 1066 2810 discipuli
1105 2740 1205 2794 mei
1248 2738 1392 2800 estis,
1422 2737 1467 2791 si
1510 2734 1842 2789 dilectionem

251 2836 549 2890 habueritis
580 2834 648 2888 ad
691 2835 907 2887 invicem
967 2831 1150 2899 (Joan.
1193 2829 1272 2898 ξ.)
1305 2827 1441 2882 Nam
1490 2827 1582 2895 qui
1627 2826 1680 2880 in
1729 2823 1840 2894 pri-

252 2924 471 2980 mordio
497 2923 620 2978 fidei
649 2920 896 2990 discipuli
921 2913 1527 2990 appellabantur,nunc
1551 2911 1840 2970 christiani

251 3023 542 3078 dicuntur.
575 3015 642 3070 Et
669 3015 784 3084 ipsa
815 3023 900 3069 est
927 3012 1097 3067 vestis
1122 3009 1402 3080 nuptialis,
1425 3022 1587 3077 quam
1614 3006 1704 3074 qui
1732 3019 1841 3059 non

251 3112 534 3175 habuerit,
562 3110 628 3165 de
657 3108 860 3179 nuptiis
909 3104 1145 3162 caelestis
1189 3102 1421 3159 convivii
1454 3102 1507 3155 in
1537 3099 1718 3154 futuro
1756 3098 1834 3168 ju-

251 3205 404 3260 dicio
442 3201 691 3270 ejicietur
735 3201 790 3254 in
832 3199 1085 3253 tenebras
1125 3194 1447 3256 exteriores,
1477 3200 1534 3246 et
1562 3190 1616 3244 in
1662 3189 1840 3259 ignem
1870 3175 1914 3238 C

248 3305 546 3358 :eternum,
572 3292 662 3348 ubi
686 3291 792 3347 erit
809 3289 968 3344 ﬂetus
994 3296 1050 3343 et
1072 3288 1273 3344 stridor
1298 3286 1560 3342 dentium.

249 3405 341 3461 Vl.
385 3403 454 3459 Ut
475 3414 659 3460 contra
680 3419 916 3474 paganos
954 3392 1126 3472 potius
1147 3417 1297 3474 arma
1323 3406 1586 3474 convertat
1608 3413 1626 3460 ;
1648 3405 1695 3450 et
1722 3393 1843 3448 illos

402 3419 454 3459 Ut
475 3419 659 3460 contra
680 3421 748 3474 pa
786 3419 916 3458 anas
954 3419 1126 3472 ponus
1147 3419 1297 3455 arma
1323 3419 1585 3452 convertat
1608 3419 1625 3460 ,'
1648 3419 1695 3450 es

402 3478 491 3546 qui
519 3475 584 3528 ab
606 3475 711 3528 illis
745 3419 978 3544 fugiunt,
1004 3471 1181 3526 vexari
1207 3487 1240 3522 a
1272 3469 1381 3522 suis
1409 3485 1511 3522 non
1539 3467 1699 3520 sinat.

323 3587 454 3659 Ipsa
479 3585 719 3642 charitas
742 3600 838 3640 vos
866 3592 1055 3640 contra
1077 3596 1316 3652 paganos
1345 3579 1637 3643 accendat;
1667 3586 1725 3631 ut
1752 3576 1844 3646 qui

246 3691 392 3735 tunc
423 3675 560 3732 moti
608 3689 712 3728 non
740 3682 864 3728 sunt
896 3673 963 3727 ad
1009 3673 1266 3740 pietatem
1292 3679 1350 3722 ut
1376 3667 1654 3723 nobiscum
1702 3666 1846 3719 irent

244 3778 451 3826 contra
501 3780 630 3828 eos,
660 3765 752 3832 qui
783 3765 848 3817 de
877 3763 982 3816 isto
1015 3776 1184 3830 regno
1224 3759 1430 3825 amplos
1464 3757 1742 3812 habebant
1793 3763 1847 3809 et

247 3860 468 3916 habent
514 3854 748 3908 honores
795 3850 960 3920 (quod
1003 3849 1050 3903 si
1099 3847 1374 3910 facerent,
1426 3854 1479 3898 et
1528 3843 1644 3897 zelo
1698 3849 1845 3896 recto

246 3943 475 4003 accensi
509 3941 841 3996 unanimiter
873 3939 1099 4002 vellent,
1127 3934 1324 4004 expelli
1356 3941 1450 3986 aut
1476 3930 1713 4001 disperdi
1751 3945 1845 4000 pa-

249 4039 400 4112 gani,
436 4035 723 4103 adjuvante
771 4031 1019 4094 Domino,
1066 4027 1361 4097 poterant),
1391 4024 1473 4078 vel
1522 4038 1666 4077 nunc
1715 4036 1846 4090 qua-

249 4143 472 4196 cunque
518 4123 814 4179 intentione
840 4136 872 4175 a
912 4120 1192 4176 dominatu
1223 4116 1438 4171 illorum
1479 4129 1576 4184 per
1605 4121 1841 4168 vestram

249 4217 656 4274 ordinationem
688 4222 874 4268 saneta
903 4212 1167 4266 liberetur
1212 4206 1478 4271 Ecclesia,
1505 4213 1561 4260 et
1585 4217 1839 4274 regnum,

247 4311 400 4381 quod
451 4316 640 4364 contra
671 4321 766 4361 eos
813 4305 1116 4367 redimitur,
1150 4317 1181 4356 a
1227 4299 1430 4354 tributo
1458 4297 1700 4354 indebito
1731 4295 1842 4352 eri-

248 4403 454 4473 piatur.
487 4397 594 4454 Sed
621 4406 675 4452 et
720 4397 810 4466 qui
843 4396 1057 4466 fugiunt
1085 4409 1115 4447 a
1146 4391 1286 4445 facie
1331 4404 1688 4462 paganorum,
1717 4400 1840 4441 cum

251 4492 308 4545 in
359 4489 478 4544 illas
507 4494 690 4559 partes
727 4486 970 4541 venerint
1014 4484 1067 4538 in
1095 4483 1291 4575 quibus
1338 4480 1538 4551 digitis,
1571 4476 1834 4547 refugium
1864 4516 1914 4575 Β

253 4581 610 4652 tranquillum
636 4579 932 4638 inveniant,
964 4587 1018 4632 et
1043 4591 1148 4630 non
1181 4573 1343 4628 talem
1375 4570 1833 4641 depraedationem

256 4683 320 4727 ut
363 4688 463 4728 nec
491 4671 681 4727 incola:
709 4671 893 4723 vivere
932 4681 1032 4722 nec
1063 4664 1390 4736 fugientibus
1421 4662 1671 4719 solatium
1712 4675 1837 4731 pos-

252 4763 368 4817 sint
391 4759 656 4831 praebere.
685 4758 820 4826 Quia
844 4773 986 4812 nunc
1011 4755 1248 4825 peccatis
1275 4753 1474 4806 nostris
1496 4750 1836 4821 exigentibus

254 4850 563 4919 completur
588 4849 728 4918 quod
748 4847 876 4904 olim
903 4847 1105 4901 dictum
1128 4853 1211 4900 est
1239 4857 1338 4913 per
1357 4841 1706 4912 prophetam:
1731 4836 1835 4903 Qui

257 4942 449 5012 fugerit
484 4958 515 4994 a
547 4939 683 5009 [acie
707 4938 1074 5002 leonis,.irruet
1101 4937 1154 4989 in
1188 4949 1404 5000 ursum;
1432 4941 1480 4987 et
1521 4947 1640 4985 cum
1666 4932 1836 4984 intra-

257 5034 390 5088 rerit
419 5034 654 5096 domum,
673 5041 719 5086 et
751 5031 952 5084 inuisus
985 5028 1142 5098 fuerit
1162 5041 1320 5096 super
1344 5026 1614 5094 parietem,
1637 5022 1837 5077 morde-

262 5124 338 5177 bit
363 5141 476 5177 eum
514 5121 742 5178 coluber.
775 5121 842 5175 Et
870 5136 986 5174 cum
1015 5117 1289 5189 effugerint
1331 5132 1480 5169 arma
1509 5117 1675 5186 ferrea
1697 5158 1711 5182 ,
1758 5116 1835 5168 ir-

260 5223 413 5268 ruent
467 5216 521 5268 in
556 5230 738 5267 arcum
778 5229 966 5267 wreum
1020 5210 1199 5281 (Amos
1248 5206 1327 5276 v.)
1379 5206 1435 5260 ln
1484 5209 1630 5262 omni
1676 5207 1822 5262 enim

259 5314 418 5372 parte
447 5305 649 5367 miseri,
680 5305 816 5373 proh
845 5303 1023 5360 dolor!
1056 5299 1398 5356 atllictionem
1429 5299 1728 5353 inveniunt.

1947 555 2192 611 ecclesiis
2230 556 2510 628 privilegia
2561 558 2900 628 intemerata,
2929 562 3071 620 sicut
3106 565 3368 624 divinitus
3395 583 3519 624 eon-

1948 644 2132 698 stituta
2157 653 2314 710 sunt,
2344 647 2628 703 custodite.
2674 649 2946 721 Praecepta
2973 663 3029 709 et
3073 645 3442 716 immunitates
3469 669 3526 716 et

1947 734 2206 789 honorem
2233 750 2439 801 earum,
2472 739 2615 792 sicut
2649 754 2784 796 avus
2816 751 2870 796 et
2899 752 3052 812 pater
3080 755 3258 802 vester
3299 763 3521 804 conser-

1948 835 2226 890 vaverunt,
2255 840 2578 882 conservare
2624 839 2828 884 curate.
2862 831 2930 887 Et
2970 849 3090 902 qua:
3126 834 3296 892 frater
3343 847 3525 894 vester

1947 917 2197 973 dominus
2237 926 2441 977 noster.
2472 921 2564 990 qui
2594 930 2650 976 et
2678 932 2900 991 paterna
2927 925 3237 993 donatione,
3266 940 3320 984 et
3348 931 3528 986 vobis-

1947 1022 2098 1071 cum,
2155 1025 2280 1065 cum
2329 1013 2522 1067 vestris
2563 1023 2975 1084 vestrorumque
3027 1017 3263 1073 fidelium
3323 1022 3526 1078 mutuis

1948 1096 2312 1165 ﬁrmitatibus,
2341 1101 2489 1171 regni
2533 1111 2743 1171 partem
2774 1107 3004 1176 accepit,
3035 1124 3133 1178 pro
3160 1109 3304 1165 cultu
3343 1121 3399 1167 et
3426 1113 3524 1167 ho-

1947 1201 2081 1242 nore
2119 1188 2468 1244 ecclesiarum
2499 1193 2628 1260 egit,
2662 1193 2914 1250 similiter
2947 1209 3304 1267 conservate;
3337 1210 3394 1257 et
3439 1219 3524 1258 re-

1946 1289 2128 1338 ctores
2157 1297 2221 1337 ac
2250 1293 2496 1353 pastores
2529 1286 2884 1344 ecclesiarum
2916 1300 2975 1347 ut
3026 1301 3208 1363 patres
3237 1305 3293 1351 et
3320 1296 3523 1355 Christi

1947 1371 2180 1427 viearios
2207 1374 2387 1440 colite,
2420 1376 2561 1432 sicut
2605 1387 2793 1433 sancta
2827 1378 3106 1450 Scriptura
3137 1386 3403 1455 prtecipit,
3437 1389 3524 1444 di-

1946 1479 2115 1520 cens:
2154 1465 2463 1522 Sacerdotes
2501 1468 2597 1522 Dei
2622 1470 2916 1539 sancti/ica,
2947 1483 2995 1526 et
3022 1477 3280 1546 magnatis
3304 1479 3530 1536 humilia

1947 1564 2101 1624 caput
2125 1564 2272 1609 tuum
2315 1555 2504 1627 (Eccli.
2557 1561 2675 1631 vn).
2711 1559 3020 1632 Eorumque
3068 1565 3367 1636 spiritualia
3399 1586 3527 1627 con-

1947 1644 2065 1698 silia
2098 1647 2374 1716 obaudite,
2409 1651 2604 1706 iterum
2639 1653 2854 1712 dicente
2878 1655 3160 1730 Scriptura
3201 1678 3216 1716 :
3249 1663 3530 1737 Interroga

1944 1748 2119 1806 patres
2160 1751 2297 1806 tuos,
2328 1753 2376 1797 et
2425 1747 2812 1803 annuntiabunt
2859 1750 2988 1816 tibi;
3037 1754 3266 1823 majores
3315 1765 3456 1822 tuos,
3479 1767 3528 1812 et

1873 1813 1919 1872 Β
1946 1828 2117 1883 dicent
2152 1831 2246 1885 tibi
2275 1832 2478 1904 (Deut.,
2509 1837 2698 1908 xxxt);
2745 1839 2811 1894 Et
2837 1813 3003 1897 item:
3031 1813 3308 1917 Interroga
3353 1813 3527 1904 sacer-

1945 1918 2090 1975 dotes
2113 1937 2252 1977 meos
2291 1923 2451 1995 legem
2507 1943 2676 1982 meam
2713 1930 2868 2001 (Agg.
2900 1933 2996 2003 lt);
3029 1934 3096 1988 Et
3125 1935 3386 1994 Dominus
3429 1955 3529 2008 per

1946 2011 2263 2069 Malachiam
2304 2019 2625 2088 prophetam
2655 2038 2669 2075 :
2699 2021 2866 2077 Labia
2901 2028 3187 2082 sacerdotis
3237 2032 3528 2086 custodiant

1943 2101 2237 2169 scientiam,
2259 2114 2306 2157 et
2329 2104 2493 2176 legem
2515 2110 2776 2180 requirent
2802 2127 2867 2166 ea:
2891 2129 2982 2167 ore
3003 2113 3142 2183 ejus,
3157 2118 3282 2188 quia
3307 2119 3525 2188 angelus

1944 2188 2158 2246 Domini
2181 2196 2503 2250 exercituum
2524 2208 2600 2252 est
2622 2199 2882 2269 (Malae-lt.
2910 2202 2992 2272 ιι).
3029 2203 3247 2275 Eosque
3285 2215 3530 2278 tempore

1944 2281 2242 2354 incongruo
2270 2295 2326 2341 et
2356 2287 2723 2360 inopportuno
2747 2292 2912 2348 nolite
2953 2295 3295 2364 inquietare;
3329 2299 3425 2354 sed
3457 2299 3526 2354 li-

1947 2383 2068 2428 ceat
2091 2375 2173 2430 eis
2194 2377 2551 2434 ministerium
2580 2396 2822 2447 sacrum,
2846 2393 2913 2437 aa
2941 2384 3086 2452 quod
3114 2387 3350 2441 ordinati
3376 2399 3524 2453 sunt,

1947 2468 2000 2522 in
2027 2469 2207 2538 populi
2233 2471 2463 2526 salutem
2486 2488 2748 2548 peragere
2781 2491 2795 2528 :
2826 2475 3038 2546 sibique
3068 2479 3365 2534 domestica
3393 2495 3526 2536 cura

1947 2563 2219 2628 subjectos
2249 2561 2414 2618 nolite
2455 2574 2767 2627 concutere,
2801 2577 2856 2621 et
2899 2583 3004 2622 non
3038 2569 3231 2624 sinatis
3284 2571 3524 2627 dehone-

1945 2658 2112 2712 stare,
2138 2650 2255 2704 sive
2300 2652 2633 2720 opprimere.
2691 2653 2761 2708 Ut
2809 2656 3142 2726 presbyteris
3172 2658 3348 2714 honor
3393 2677 3526 2717 con-

1944 2755 2111 2810 gruus
2135 2750 2190 2797 et
2230 2741 2352 2810 jura
2403 2743 2603 2809 debita,
2632 2761 2754 2815 quas
2782 2761 3020 2804 canones
3051 2757 3108 2803 et
3147 2751 3382 2822 capitula
3435 2755 3526 2809 avi

1943 2843 1998 2887 et
2039 2834 2211 2902 patris
2241 2834 2406 2889 vestri
2453 2844 2780 2904 statuerunt,
2813 2852 3237 2906 conserventur,
3271 2846 3522 2917 satagite.
3605 2889 3620 2897 -

1949 2922 2016 2978 Ut
2043 2923 2280 2994 episcopi
2323 2925 2563 2994 quietam
2601 2927 2905 2985 libertatem
2938 2946 3064 2988 suas
3108 2936 3393 3003 parochias
3419 2938 3528 2993 cir-

1944 3015 2254 3080 cumeundi,
2278 3025 2334 3070 et
2355 3017 2682 3086 praedicandi
2705 3034 2770 3074 ac
2799 3020 3182 3089 confirmandi,
3211 3034 3375 3095 atque
3396 3042 3522 3083 cor-

1947 3103 2152 3175 rigendi
2185 3106 2439 3172 habeant,
2473 3107 2740 3163 ordinate.
2773 3108 2844 3164 Ut
2875 3111 3073 3168 missus
3099 3115 3434 3184 reipublicae,
3467 3119 3521 3173 id

1944 3206 2030 3252 est
2073 3198 2322 3255 minister
2364 3201 2601 3268 comitis,
2635 3217 2758 3257 cum
2809 3203 2962 3274 ipsis,
3006 3207 3052 3262 si
3094 3206 3381 3275 jusseriut,
3413 3221 3522 3276 eat,

1945 3289 2037 3358 qui
2087 3289 2287 3346 liberos
2311 3292 2562 3349 homines
2588 3291 2949 3362 incestuosos,
2980 3299 3025 3353 si
3056 3314 3156 3369 per
3203 3302 3526 3360 admonitio~

1944 3396 2066 3436 nem
2095 3383 2533 3455 presbyterorum
2563 3386 2747 3442 venire
2779 3388 2849 3444 ad
2871 3389 3184 3460 episcopum
3213 3393 3519 3461 noluerint,

1942 3488 2038 3528 eos
2059 3474 2126 3528 ad
2155 3475 2391 3546 episcopi
2415 3476 2672 3545 placitum
2699 3479 2885 3535 venire
2909 3479 3094 3546 faciat,
3128 3489 3522 3545 commendata.

1945 3562 2016 3618 Ut
2043 3563 2088 3619 si
2115 3565 2400 3635 episcopus
2426 3581 2522 3636 pro
2550 3582 2876 3639 quacunque
2901 3574 3231 3631 necessitate
3258 3576 3521 3634 ecclesia-

1943 3655 2079 3710 stica
2113 3657 2180 3711 ad
2207 3671 2302 3712 vos
2331 3657 2612 3721 direxerit,
2643 3659 2711 3714 ad
2741 3675 2904 3728 quem
2929 3678 3060 3720 suus
3087 3666 3286 3722 missus
3317 3670 3525 3735 veniat,

1943 3759 2040 3812 per
2087 3761 2247 3813 quem
2293 3761 2415 3815 quas
2445 3749 2840 3804 rationabiliter
2882 3753 3132 3820 petierit,
3166 3757 3443 3822 obtinent,
3471 3762 3526 3814 in

1943 3833 2144 3902 palatio
2165 3843 2368 3898 vestro,
2400 3836 2540 3890 sicut
2566 3850 2750 3891 comes
2778 3838 2966 3906 palatii
2995 3851 3082 3896 est
3113 3844 3166 3898 in
3197 3849 3380 3903 causis
3411 3851 3517 3904 rei-

1944 3922 2201 3991 publieae,
2231 3924 2532 3981 ministerio
2561 3941 2860 3996 congruum
2908 3935 3261 3991 constitutum
3305 3938 3522 3997 habete.

1946 4011 2016 4067 Ut
2054 4014 2388 4083 temporibus
2433 4032 2461 4068 a
2513 4016 2687 4072 sacris
2737 4021 2942 4088 regulis
3000 4005 3311 4082 constitutis
3368 4046 3520 4087 com-

1941 4101 2300 4171 provinciales
2357 4105 2592 4175 synodos
2645 4120 2770 4162 eum
2837 4110 3136 4181 episcopis,
3199 4124 3256 4170 et
3308 4121 3524 4187 specia-

1941 4191 2019 4248 les
2074 4208 2199 4248 eum
2251 4197 2616 4267 presbyteris,
2668 4198 2871 4254 habere
2919 4203 3103 4272 quiete
3159 4209 3389 4276 possint,
3426 4227 3522 4265 an-

1942 4283 2093 4340 nuite
2127 4297 2176 4339 α.
2221 4285 2331 4342 Res
2368 4294 2426 4342 et
2469 4286 2754 4345 facultates
2792 4292 3210 4363 ecclesiasticas,
3247 4317 3367 4370 quae
3396 4313 3526 4358 sunt

1941 4381 2067 4428 vota
2119 4374 2385 4464 ﬁdelium,
2426 4379 2601 4448 pretia
2651 4390 3031 4450 peccatorum,
3089 4387 3356 4457 stipendia
3415 4409 3516 4447 an~

1941 4465 2190 4546 eill’arum
2231 4475 2286 4522 et
2329 4483 2611 4524 servorum
2657 4469 2776 4536 Dei,
2804 4472 3104 4542 depraedari
3137 4488 3194 4533 et
3238 4482 3306 4535 ab
3349 4483 3522 4538 eccle-

1939 4557 2037 4613 siis
2079 4556 2306 4612 discindi
2357 4557 2521 4615 nolite
2565 4561 2880 4628 sustinere;
2933 4567 3028 4623 sed
3078 4567 3308 4637 fortiter,
3341 4582 3399 4628 ut
3427 4591 3523 4630 rex

1935 4646 2267 4703 christianns
2295 4655 2350 4700 et
2376 4648 2631 4704 Ecclesiae
2659 4651 2934 4720 alumnus,
2967 4659 3204 4717 resistite
3230 4671 3393 4732 atque
3421 4665 3521 4719 de-

1937 4735 2161 4792 fendite.
2203 4735 2280 4790 De
2310 4737 2507 4804 quibus
2534 4743 2870 4800 consecratis
2916 4746 3029 4802 Deo
3055 4749 3214 4805 rebus
3241 4752 3386 4822 quod
3417 4755 3516 4808 ha—

1937 4827 2066 4883 bent
2092 4828 2248 4882 liberi
2279 4828 2526 4887 bomines
2553 4832 2800 4890 ecclesiis
2827 4840 3129 4896 servientes
3155 4858 3253 4913 per
3279 4845 3513 4913 disposi-

1938 4918 2140 4973 tionem
2167 4925 2440 4973 rectorum
2469 4922 2705 4992 ipsarum
2733 4925 3119 4996 ecclesiarum,
3171 4933 3294 4988 ideo
3317 4935 3522 4998 consti—

1941 5015 2159 5066 tuerunt
2205 5007 2572 5076 apostolorum
2615 5026 2815 5071 suoees
2831 5031 2958 5075 ores
3003 5020 3106 5076 hoc
3139 5022 3415 5087 ordinari,
3465 5032 3525 5078 ut

1940 5099 2064 5166 quia
2086 5104 2379 5152 creverunt
2402 5095 2638 5155 fidelium
2664 5111 2810 5170 vota,
2837 5117 2892 5161 et
2915 5108 3260 5164 increverunt
3283 5108 3520 5166 fidelium

1941 5188 2079 5244 mala
2099 5228 2114 5253 ,
2149 5197 2444 5257 augeretur
2485 5207 2583 5261 per
2609 5191 3070 5262 dispensationem
3096 5197 3520 5257 ecclesiasticam

1940 5281 2091 5351 regni
2135 5278 2330 5334 militia
2365 5278 2433 5333 ad
2479 5283 2838 5341 resistendam
2885 5287 3149 5342 malorum
3188 5288 3518 5356 nequitiam,
