4018 5392
505 307 571 362 15
1465 302 1791 359 lllNCMAHI
1832 302 2228 360 RHEMENSIS
2261 303 2777 365 ARCHIEPISCOPI
3677 319 3745 373 £6

504 419 628 475 tatis
657 426 815 482 sunt,
863 419 928 473 de
957 418 1149 487 quibus
1198 415 1393 469 debent
1435 413 1669 469 militare
1712 413 1967 479 vassalli;
2018 421 2073 468 et
2099 423 2146 480 Α
2177 415 2230 469 in
2257 415 2396 471 libro
2423 416 2788 488 Capitulorum
2816 417 2967 486 ejus,
3011 421 3322 490 quicunque
3360 421 3556 477 librum
3595 424 3742 481 illum

498 512 615 582 pari
641 511 864 566 tuitione
893 525 920 562 a
950 509 1095 577 regia
1129 515 1388 576 potestate
1418 505 1468 558 in
1499 505 1850 560 ecclesiarum
1882 505 2069 560 usibus

500 604 697 658 debent
723 601 938 656 muniri.
987 599 1120 665 Quia
1170 613 1299 652 vero
1325 595 1552 651 Carolus
1577 608 1601 636 ει
1637 597 1912 665 princeps,
1939 594 2067 664 Pip-

500 693 609 762 pini
638 692 780 762 regis
801 698 971 760 pater,
1016 689 1104 757 qui
1129 687 1335 757 primus
1361 685 1502 740 inter
1527 701 1714 740 omnes
1733 685 2066 738 Francorum

501 799 653 855 rcges
685 800 747 838 ac
773 783 1018 853 princeps
1036 820 1050 843 ,
1100 793 1186 833 res
1213 779 1559 833 ecclesiarum
1599 779 1667 832 ab
1695 778 1775 832 cis
1803 777 2071 847 separavit

499 884 658 943 atque
703 871 916 934 divisit,
959 884 1056 938 pro
1098 869 1199 923 hoc
1236 868 1352 922 solo
1375 868 1610 922 maxime
1636 873 1717 920 est
1743 865 2070 920 :eternaliter

496 964 755 1034 perditus.
780 961 912 1016 Nam
935 969 1154 1016 sanctus
1174 960 1464 1014 Eucherius
1477 958 1939 1012 Aurelianensium
1956 955 2069 1026 epi-

499 1070 710 1126 scopus,
726 1054 818 1122 qui
843 1054 894 1107 in
923 1051 1248 1106 monasterio
1274 1051 1445 1106 sancti
1467 1049 1732 1104 Trudonis
1757 1049 2066 1118 requiescit,

498 1147 551 1200 in
581 1144 826 1200 oratione
870 1142 1080 1211 positus
1106 1141 1172 1196 ad
1199 1140 1428 1195 alterum
1455 1148 1542 1194 est
1574 1138 1827 1193 saeculum
1852 1147 2062 1208 raptus,

495 1245 548 1291 et
572 1236 710 1288 inter
737 1240 933 1287 caetera
963 1245 1112 1301 quas,
1155 1229 1380 1284 Domino
1409 1227 1508 1283 sibi
1535 1227 1888 1292 ostendente,
1934 1241 2064 1280 con-

495 1327 699 1396 spexit,
745 1322 882 1378 vidit
909 1321 1056 1377 illum
1088 1321 1139 1376 in
1179 1319 1388 1374 inferno
1413 1317 1654 1373 inferiori
1684 1317 1941 1386 torqueri.
1970 1315 2066 1370 Cui

494 1419 870 1490 interroganti,
921 1419 989 1473 ab
1017 1414 1205 1484 angelo
1233 1412 1346 1482 ejus
1375 1413 1595 1468 ductore
1618 1425 1932 1481 responsum
1961 1417 2064 1473 est,

495 1512 618 1582 quia
649 1519 954 1566 sanctorum
998 1506 1364 1578 judicatione,
1409 1504 1498 1572 qui
1551 1504 1606 1558 in
1652 1502 1835 1556 futuro
1861 1499 2066 1570 judicio

496 1618 619 1659 cum
649 1600 876 1656 Domino
897 1596 1239 1670 iudicabunt,
1266 1607 1604 1664 quorumque
1648 1605 1736 1647 res
1764 1591 1984 1647 abstulit
2011 1599 2066 1644 et

494 1693 706 1758 divisit,
750 1699 876 1745 ante
901 1687 1027 1742 illud
1049 1685 1307 1755 judicium
1337 1683 1515 1738 anima
1535 1691 1591 1737 et
1616 1695 1839 1750 corpore
1868 1679 2064 1748 sempi-

496 1783 666 1838 ternis
709 1780 884 1850 paenis
929 1786 1012 1834 est
1059 1778 1377 1846 deputatus,
1425 1781 1480 1828 et
1509 1772 1700 1842 recipit
1738 1771 1896 1827 simul
1940 1785 2063 1824 cum
2097 1763 2139 1821 Β

498 1876 609 1930 suis
636 1874 870 1944 peccatis
896 1886 1082 1942 pinnas
1105 1876 1322 1940 propter
1347 1873 1566 1937 peccata
1596 1864 1834 1919 omnium
1857 1863 1948 1932 qui
1978 1877 2065 1917 res

494 1979 619 2020 suas
645 1971 702 2019 et
746 1961 1026 2016 facultates
1071 1961 1126 2014 in
1173 1959 1377 2013 honore
1424 1963 1476 2011 et
1523 1969 1708 2010 amore
1751 1953 1962 2008 Domini
1995 1952 2065 2006 ad

494 2062 801 2110 sanctorum
834 2051 973 2118 loca,
1014 2050 1067 2105 in
1096 2047 1451 2104 luminaribus
1481 2045 1659 2100 divini
1678 2043 1857 2100 cultus
1886 2052 1941 2098 et
1967 2041 2065 2096 ali-

495 2143 689 2202 moniis
717 2158 994 2202 servorum
1025 2141 1223 2198 Christi
1255 2154 1320 2194 ac
1361 2153 1652 2208 pauperum
1673 2178 1688 2202 ,
1723 2152 1822 2206 pro
1859 2134 2064 2190 anima-

497 2251 614 2290 rum
659 2249 880 2290 suarum
929 2229 1294 2299 redemptione
1345 2227 1695 2282 tradiderunt.
1752 2225 1853 2292 Qui
1900 2225 1954 2278 in
2004 2237 2064 2278 se

489 2342 738 2384 reversus
766 2333 1009 2381 sanctum
1042 2321 1374 2378 Bonifacium
1396 2329 1451 2375 et
1474 2319 1780 2381 Fulradum,
1810 2316 2061 2372 abbatem

493 2420 808 2476 monasterii
838 2418 1010 2475 sancti
1048 2415 1312 2487 Dionysii,
1342 2423 1398 2469 et
1421 2427 1689 2470 summum
1727 2409 2058 2480 capellanutn

491 2510 634 2578 regis
678 2508 887 2578 Pippini
920 2507 985 2560 ad
1031 2521 1091 2560 se
1115 2504 1357 2566 vocavit,
1403 2503 1588 2570 eisque
1636 2499 1760 2553 talia
1790 2499 1976 2554 dicens
2008 2499 2061 2552 in

495 2602 709 2671 signum
735 2598 878 2654 dedit
905 2607 962 2652 ut
990 2596 1055 2651 ad
1084 2594 1387 2666 sepulcrum
1411 2592 1557 2646 illius
1593 2592 1734 2645 irent
1753 2630 1767 2654 ,
1795 2598 1850 2645 et
1878 2591 1920 2644 si
1945 2604 2066 2645 cor-

488 2710 588 2766 pus
631 2691 746 2762 ejus
777 2691 970 2746 ibidem
997 2704 1106 2744 non
1149 2686 1510 2757 reperissent,
1554 2697 1616 2738 ea
1660 2697 1779 2754 qua:
1817 2682 2060 2747 dicebat,

487 2799 616 2839 vera
659 2797 779 2838 esse
825 2779 1231 2836 concrcderent.
1291 2777 1394 2846 Ipsi
1444 2783 1620 2829 autem
1667 2780 1952 2843 pergentes
1995 2772 2063 2827 ad

489 2871 804 2942 praedictum
849 2867 1274 2930 monasterium,
1327 2863 1419 2918 ubi
1448 2877 1644 2931 corpus
1672 2861 1840 2931 ipsius
1882 2857 2061 2914 Caroli

491 2968 770 3019 humatum
797 2961 990 3026 fuerat,
1019 2958 1432 3030 sepulcrumque
1460 2955 1599 3009 illius
1625 2954 1946 3024 aperientes,
1975 2951 2061 3006 vi-

490 3069 582 3107 sus
610 3050 890 3106 estsubito
909 3049 1084 3103 exisse
1105 3046 1288 3108 draco,
1313 3052 1369 3100 et
1399 3052 1567 3098 totum
1597 3042 1724 3096 illud
1753 3041 2057 3111 sepulcrum

2174 506 2364 569 habet,
2417 516 2472 560 ct
2515 508 2692 578 legere
2726 509 2992 574 voluerit,
3039 512 3281 568 invenire
3327 513 3543 568 valebit.
3593 515 3747 571 Hanc

2171 599 2333 653 etiam
2366 600 2678 655 relationem
2709 613 2764 656 et
2807 604 2858 656 in
2890 606 3172 674 scripturis
3205 607 3491 672 habemus,
3539 618 3594 662 et
3621 610 3756 679 qui?

2172 687 2293 741 dam
2323 698 2565 743 nostrum
2593 692 2754 744 etiam
2795 693 2912 746 viva
2945 709 3076 747 voce
3127 694 3380 749 domuum
3411 695 3743 751 Ludovicum

2173 776 2548 847 imperatorem
2601 793 2807 850 patrem
2862 791 3099 837 vestrum
3159 783 3360 838 referre
3418 786 3742 842 audivimus.

2173 865 2277 920 Sed
2303 874 2357 920 ct
2379 867 2519 922 sacri
2551 883 2784 923 canones
2817 868 3016 939 Spiritu
3050 879 3238 925 sancto
3259 873 3446 926 dictati
3469 913 3483 936 ,
3531 887 3625 928 eos
3648 875 3742 943 qui

2170 957 2453 1012 facultates
2479 959 2876 1016 ecclesiasticas
2909 962 3184 1031 diripiunt,
3213 971 3268 1017 et
3298 978 3386 1018 res
3411 964 3744 1019 ecclesiasti-

2169 1065 2268 1105 cas
2318 1051 2554 1106 indebite
2587 1052 2688 1106 sibi
2723 1061 3017 1122 usurpant,
3063 1051 3212 1106 Judae
3248 1054 3490 1109 traditori
3537 1053 3742 1110 Christi

2169 1139 2372 1194 similes
2397 1149 2731 1210 computant.
2780 1142 2846 1195 Et
2873 1142 3044 1196 sancti
3091 1143 3179 1212 qui
3215 1160 3337 1198 cum
3368 1144 3480 1200 Deo
3514 1146 3568 1199 in
3607 1146 3745 1201 caelo

2173 1239 2419 1301 regnant,
2451 1241 2505 1284 et
2535 1231 2586 1284 in
2615 1232 2775 1286 terris
2803 1231 3078 1288 miraculis
3099 1242 3408 1298 coruscant,
3455 1235 3638 1289 divino
3655 1236 3744 1304 ju-

2169 1321 2310 1376 dicio
2342 1330 2594 1390 tanquam
2625 1330 2908 1377 necatores
2952 1337 3245 1393 pauperum
3286 1325 3354 1378 ab
3399 1326 3648 1380 Ecclesia:
3677 1328 3741 1380 li-

2167 1413 2401 1467 minibus
2449 1421 2504 1468 et
2545 1428 2576 1467 a
2619 1413 2826 1468 cmlesti
2879 1429 3042 1485 regno
3088 1415 3386 1470 secludunt.
3433 1417 3506 1472 De
3547 1419 3742 1487 quibus

2166 1503 2446 1572 sacrilegis
2485 1503 2537 1556 in
2590 1503 2870 1572 prophetia
2917 1505 3108 1573 psalmi
3139 1505 3453 1574 praedictum
3480 1516 3602 1562 est:
3634 1507 3740 1573 Qui

2165 1594 2450 1648 dixerunt.“
2486 1592 2790 1648 Hereditate
2832 1597 3192 1664 possideamus
3229 1601 3591 1653 sanctuariunt
3617 1599 3738 1654 Dei.

2166 1684 2308 1738 Deus
2353 1700 2528 1748 meus,
2571 1701 2702 1754 pone
2742 1683 2860 1738 illos
2907 1694 2961 1738 ut
2997 1696 3194 1751 rotam,
3242 1697 3289 1740 et
3331 1689 3461 1742 sicut
3491 1688 3740 1759 stipulam

2167 1787 2288 1830 ante
2319 1776 2503 1844 faciem
2532 1778 2686 1831 venti.
2715 1775 2783 1831 Et
2805 1779 2938 1832 sicut
2968 1781 3102 1849 ignis
3123 1782 3212 1850 qui
3241 1782 3494 1836 comburit
3519 1782 3738 1853 syluam,

2166 1876 2214 1920 et
2241 1867 2373 1919 sicut
2413 1867 2627 1935 ﬂamma
2675 1869 2978 1922 comburens
3025 1879 3254 1935 montes,
3298 1871 3372 1923 ita
3419 1873 3740 1941 persequeris

2166 1954 2282 2009 illos
2306 1956 2359 2008 in
2389 1964 2686 2024 tempestate
2715 1965 2826 2021 tua,
2856 1966 2902 2009 et
2931 1957 2987 2010 in
3016 1959 3096 2010 ira
3122 1967 3212 2011 tua
3243 1959 3473 2013 turbabis
3493 1975 3602 2015 eos.
3634 1959 3740 2014 Im-

2163 2045 2246 2116 ple
2274 2047 2432 2115 [acies
2457 2061 2636 2100 eorum
2657 2047 2940 2118 ignominia
2968 2047 3136 2118 (I’sal.
3169 2050 3397 2119 Lxxxu.)

2170 2201 2298 2256 Vill.
2351 2199 2415 2255 Ut
2447 2203 2764 2284 monasteria
2823 2203 2978 2284 [uicis
3016 2223 3047 2258 a
3098 2203 3285 2284 Carolo
3334 2221 3574 2261 concessa
3622 2207 3741 2262 reli-

2590 2273 2746 2342 giosis
2773 2276 3004 2342 personis
3037 2275 3291 2329 res.‘ituat.
3786 2270 3806 2286 ⁵

2237 2402 2560 2457 Monasteria
2585 2404 2747 2456 etiam
2795 2404 3040 2474 religiosa
3080 2415 3239 2474 atque
3281 2409 3552 2477 praecipua
3579 2425 3740 2464 cano-

2167 2490 2410 2546 nicormu
2439 2499 2493 2546 et
2523 2492 2904 2548 monachorum
2946 2502 3105 2562 atquc
3131 2494 3615 2552 saucluuonialium
3643 2500 3740 2555 ha-

2164 2583 2430 2647 bitacula,
2477 2598 2596 2652 quae
2635 2584 2703 2637 ab
2745 2584 2968 2653 antiquo
3010 2594 3249 2655 tempore
3293 2597 3544 2656 parentes
3574 2592 3738 2644 vestri

2165 2671 2265 2728 sub
2301 2672 2548 2743 religioso
2575 2669 2756 2726 habitu
2787 2675 3200 2742 constituerunt,
3227 2685 3280 2731 et
3308 2678 3360 2731 in
3389 2679 3468 2732 eis
3502 2688 3740 2735 rectores

2165 2770 2218 2816 et
2244 2761 2500 2816 rectrices
2532 2759 2806 2827 fecerunt,
2840 2771 2894 2817 et
2916 2764 3134 2832 quando
3162 2778 3415 2834 parentes
3440 2769 3604 2822 vestri
3633 2770 3739 2837 pri-

2164 2860 2368 2906 matum
2401 2853 2549 2922 regni
2597 2861 2914 2918 tenuerunt,
2967 2863 3023 2909 et
3065 2857 3226 2931 etiam
3259 2867 3474 2926 quando
3521 2870 3740 2916 sanctus

2162 2942 2438 3012 Remigius
2487 2941 2724 2998 Francos
2769 2943 2837 2996 ad
2882 2943 3072 3010 fidem,
3110 2957 3434 3015 cooperante
3480 2948 3736 3013 Domino,

2165 3033 2454 3098 convertit,
2486 3041 2540 3087 et
2565 3049 2686 3088 cum
2717 3048 2843 3104 rege
2870 3034 3110 3102 ipsorum
3141 3036 3451 3106 baptizavit,
3484 3048 3537 3092 et
3570 3038 3739 3094 frater

490 3142 716 3196 interius
765 3141 1038 3194 inventum
1083 3146 1166 3191 est
1218 3134 1584 3205 deuigratum,
1649 3146 1712 3185 ac
1768 3131 1813 3185 si
1870 3118 2131 3184 fuissetC
2165 3133 2347 3178 vester
2371 3125 2616 3178 dominus
2643 3132 2824 3178 uoster
2847 3125 3041 3194 partim
3067 3123 3370 3193 juventute,
3405 3131 3600 3197 partim
3625 3129 3736 3184 fra-

490 3242 761 3288 cxustum.
787 3229 895 3284 Nos
923 3218 1102 3282 autem
1148 3225 1266 3280 illos
1295 3223 1527 3278 vidimus
1554 3221 1644 3290 qui
1677 3233 1847 3289 usque
1874 3221 1941 3272 ad
1966 3233 2061 3271 no-

489 3333 657 3380 stram
680 3331 891 3378 aetatem
921 3319 1271 3382 duraverunt,
1297 3315 1389 3384 qui
1415 3313 1540 3369 huic
1570 3312 1648 3366 rei
1679 3309 2058 3372 interfuerunt,

488 3427 542 3472 et
563 3417 716 3471 nobis
747 3415 867 3468 viva
895 3426 1023 3467 voce
1060 3410 1325 3465 veraciter
1351 3415 1476 3463 sunt
1505 3403 1684 3460 testati
1714 3418 1833 3472 quae
1877 3401 2061 3456 audie-

487 3515 613 3562 runt
638 3513 799 3574 atque
843 3502 1086 3557 viderunt
1112 3499 1161 3550 ι).
1194 3498 1345 3565 Quod
1388 3508 1718 3566 cognoscens
1761 3491 1903 3545 filius
1945 3488 2061 3558 ejus

485 3598 740 3668 Pippinus
779 3594 1039 3668 synodqu
1067 3592 1205 3662 apud
1252 3589 1490 3658 Liptinas
1535 3584 1848 3655 congregari
1897 3582 2058 3647 fecit,

485 3693 571 3745 cui
603 3688 818 3760 praefuit
839 3703 961 3743 cum
992 3691 1182 3740 sancto
1211 3681 1485 3736 Bouil'acio
1509 3677 1713 3748 legatus
1755 3672 2060 3744 apostolica:

482 3782 626 3837 sedis
675 3779 936 3850 Georgius
965 3777 1183 3832 nomine
1232 3785 1295 3838 c;
1335 3787 1458 3827 nam
1509 3780 1564 3824 et
1592 3767 1853 3840 synodum
1885 3765 2058 3836 ipsam

484 3872 768 3932 habemus,
792 3877 848 3922 et
869 3873 1346 3934 quantumcunque
1376 3862 1442 3914 de
1465 3860 1626 3913 rebus
1649 3855 2053 3918 ecclesiasticis,

485 3974 619 4027 quas
643 3963 802 4025 pater
829 3968 959 4007 suus
991 3949 1311 4012 abstulerat,
1340 3946 1534 4016 potuit,
1562 3945 1806 3999 ecclesiis
1833 3943 2057 3997 reddere

484 4045 814 4116 procuravit.
860 4043 926 4097 Et
953 4041 1210 4112 quoniam
1257 4053 1446 4094 omnes
1490 4051 1577 4091 res
1602 4034 1846 4090 ecclesiis
1875 4048 1906 4087 a
1933 4033 2059 4103 qui-

482 4141 582 4194 bus
613 4138 805 4194 ablatas
824 4143 998 4197 erant,
1023 4133 1327 4196 restituere,
1357 4136 1578 4200 propter
1600 4126 2056 4182 concertationem

482 4243 644 4298 quam
668 4241 792 4282 cum
819 4223 1082 4280 Waifario
1108 4220 1501 4290 Aquitanorum
1529 4215 1774 4286 principe
1801 4215 2052 4277 habebat,

483 4333 590 4373 non
623 4315 934 4387 praevaluit,
980 4311 1254 4382 precarias
1303 4310 1417 4364 fieri
1456 4307 1524 4363 ab
1566 4305 1834 4377 episc0pis
1863 4305 2058 4361 exinde

479 4408 658 4479 petiit,
690 4415 745 4462 et
769 4418 936 4460 nonas
967 4418 1031 4457 ac
1056 4402 1296 4457 decimas
1328 4400 1395 4454 ad
1423 4397 1850 4454 restaurationes
1883 4405 2055 4450 tecto-

481 4517 622 4565 rum,
657 4510 714 4554 et
753 4500 818 4553 de
840 4509 1160 4566 unaquaque
1188 4502 1370 4548 casata
1395 4489 1680 4546 duodecim
1707 4487 1962 4543 denarios
1987 4485 2054 4539 ad

479 4588 765 4644 ecclesiam
791 4586 932 4640 unde
957 4597 1044 4638 res
1066 4590 1224 4637 erant.
1252 4579 1581 4634 beneﬁciataa
1599 4617 1614 4643 ,
1660 4576 1804 4630 sicut
1829 4575 1881 4629 in
1919 4572 2055 4627 libro

479 4676 834 4747 capitulorum
883 4687 1068 4741 regum
1101 4669 1350 4732 habetur,
1381 4666 1495 4721 dari
1524 4663 1837 4727 constituit,
1884 4673 2056 4730 usque

479 4770 606 4822 dum
655 4767 784 4836 ipsa:
823 4777 918 4825 res
965 4761 1034 4816 ad
1081 4757 1380 4814 Ecclesium
1427 4756 1752 4811 revenirent.
1807 4752 1960 4808 Unde
2001 4757 2057 4806 et

477 4837 728 4912 domnus.
750 4851 974 4906 Carolus
1027 4849 1343 4918 imperator,
1377 4845 1552 4900 adhuc
1582 4845 1633 4899 in
1660 4843 1808 4913 regio
1839 4841 2055 4896 nomine

475 4946 831 5006 constitutus,
879 4940 1115 4996 edictum
1158 4935 1288 4990 fecit
1316 4941 1375 4989 ut
1420 4947 1594 5003 neque
1628 4933 1774 5001 ipse,
1823 4946 1924 4985 nec
1952 4929 2048 4984 lilii

475 5043 592 5110 ejus
638 5052 814 5108 neque
859 5043 1231 5093 successores,
1278 5025 1581 5094 huiusmodi
1626 5037 1740 5077 rem
1768 5036 1927 5093 agere
1971 5031 2053 5075 at—

477 5137 786 5186 tentarent:
813 5125 957 5196 quod
987 5135 1146 5176 manu
1174 5117 1390 5188 propria
1418 5115 1671 5178 ﬁrmavit,
1701 5114 1856 5182 cujus
1885 5112 2054 5183 pleni-

467 5221 716 5274 tudinem
747 5218 1042 5280 habemus,
1096 5218 1152 5266 et
1185 5208 1253 5264 de
1280 5222 1388 5280 quo
1412 5205 1705 5276 capitulum
1736 5212 2050 5273 excerptum

2163 3216 2399 3287 gilitate,
2450 3216 2643 3286 partim
2670 3216 2900 3270 aliorum
2927 3217 3120 3272 callida
3155 3222 3529 3291 suggestione,
3568 3223 3733 3278 etiam

2163 3317 2218 3362 et
2265 3309 2533 3363 minarum
2568 3309 2922 3374 necessitate,
2973 3310 3097 3378 quia
3143 3310 3395 3365 dicebant
3444 3314 3736 3382 petitores,

2163 3401 2266 3456 nisi
2295 3401 2374 3455 eis
2403 3401 2491 3454 illa
2527 3401 2642 3455 loca
2674 3417 2828 3455 sacra
2855 3402 3112 3467 donaret,
3151 3403 3221 3457 ab
3245 3418 3308 3457 eo
3336 3403 3648 3472 deficerent,
3683 3416 3739 3460 et

2161 3494 2276 3563 ipse
2302 3493 2591 3562 aliquando
2620 3509 2718 3563 per
2751 3508 2878 3559 vos,
2909 3494 3045 3548 sicut.
3073 3509 3213 3548 nunc
3238 3502 3414 3562 patet,
3448 3493 3739 3562 aliquando

2161 3600 2258 3655 per
2285 3585 2511 3638 fratrem
2560 3593 2798 3638 vestrmn
2847 3600 3068 3655 regnum
3097 3585 3385 3640 destitutus
3413 3587 3480 3638 ab
3511 3585 3586 3639 eis
3613 3601 3738 3655 pcr-

2161 3675 2332 3740 deret,
2363 3675 2577 3738 talibus,
2607 3675 2748 3730 sicut
2774 3675 2943 3737 scitis,
2975 3676 3219 3744 personis
3241 3676 3525 3738 commisit,
3554 3677 3740 3730 debito
3769 3729 3772 3732 .

2159 3766 2442 3837 privilegio
2491 3767 2777 3822 restituite.
2824 3763 2960 3821 Nam
2993 3768 3134 3822 idem
3162 3769 3330 3823 frater
3369 3778 3546 3822 vester
3573 3777 3628 3821 et
3651 3768 3736 3822 di-

2161 3857 2282 3909 vina
2318 3858 2693 3925 inspiratione,
2745 3867 2800 3911 et
2848 3858 3167 3912 sacerdotali
3219 3859 3633 3929 redargutione,
3685 3869 3741 3914 et

2159 3947 2322 4001 etiam
2369 3946 2436 3999 ab
2482 3945 2770 4015 apostolica
2820 3947 2945 4000 sede
2989 3948 3379 4012 commonitus,
3441 3965 3507 4003 ex
3558 3951 3735 4020 aliqua
3803 3973 3810 3981 -

2158 4045 2312 4107 parte
2361 4052 2479 4104 qum
2525 4051 2750 4105 perpere
2797 4035 2938 4104 egit,
2985 4047 3345 4091 correxerat:
3393 4055 3512 4106 quae
3558 4049 3736 4096 autem

2160 4129 2338 4183 adhuc
2364 4129 2663 4182 incorrecta
2693 4135 2867 4191 erant,
2906 4128 3174 4195 quomodo
3201 4133 3491 4186 emendare
3522 4143 3734 4202 posset,

2159 4234 2301 4289 saepe
2332 4218 2700 4289 gemebundus
2745 4217 3038 4287 quaerebat.
3086 4217 3242 4274 Absit
3289 4230 3468 4277 autem
3515 4236 3572 4277 ut
3611 4239 3738 4286 vos,

2159 4311 2250 4380 qui
2282 4326 2378 4379 pro
2407 4309 2796 4364 rcstauratione
2835 4318 3035 4363 sancta:
3069 4309 3320 4366 Ecclesia:
3351 4313 3457 4367 huc
3479 4314 3702 4367 venistis
3722 4355 3735 4373 .

2160 4407 2253 4452 aut
2279 4399 2364 4452 illa
2396 4413 2514 4468 quae
2540 4396 2651 4468 ipse
2671 4396 2979 4452 emendavit
3006 4399 3367 4465 deterioretis,
3404 4411 3458 4456 et
3485 4402 3624 4456 sicut
3651 4403 3740 4457 ille

2159 4487 2411 4554 oll'emlit,
2460 4501 2516 4543 et
2546 4503 2638 4544 vos
2681 4486 2992 4552 olfeudatis,
3045 4497 3136 4543 aut
3184 4507 3305 4560 qua:
3358 4492 3471 4562 ipse
3512 4493 3737 4546 necdum

2157 4579 2446 4634 emendare
2474 4580 2666 4650 potuit,
2692 4580 3033 4635 inemendata
3063 4583 3256 4637 sinatis
3281 4600 3293 4635 :
3328 4583 3417 4653 qui
3444 4599 3606 4652 saepe,
3632 4584 3736 4638 sic-

2159 4675 2296 4722 utet
2334 4683 2432 4722 nos
2475 4677 2640 4724 testes
2683 4683 2902 4732 sumus,
2958 4667 3152 4725 fratres
3185 4680 3388 4726 vestros
3414 4673 3478 4726 de
3507 4672 3734 4736 talibus,

2159 4755 2463 4821 monuistis,
2496 4757 2624 4809 etin
2653 4757 3224 4814 omniauuuntiatione
3254 4775 3412 4829 quam
3440 4763 3736 4815 communi-

2162 4854 2244 4899 ter
2271 4844 2572 4909 faciebatis,
2599 4845 2997 4913 promptissime
3020 4847 3144 4901 inde
3167 4848 3524 4918 disputabatis
3547 4867 3561 4914 ;
3600 4851 3738 4904 sicut

2159 4945 2213 4991 ct
2240 4951 2396 4991 secus
2429 4935 2701 4990 Teudonis
2727 4936 2932 5002 villam,
2970 4938 3021 4991 in
3051 4938 3167 4993 loco
3192 4939 3284 5008 qui
3308 4939 3576 4994 Iudicium
3607 4940 3736 4995 dici-

2162 5035 2267 5089 tur,
2305 5025 2536 5094 capitula
2588 5039 2707 5094 quas
2753 5025 3012 5080 habemus
3059 5043 3181 5080 cum
3232 5027 3429 5081 vestris
3479 5027 3734 5083 fratribus

2159 5119 2501 5186 acceptastis,
2547 5129 2602 5171 et
2632 5118 2684 5170 in
2717 5118 3076 5187 chirographo
3099 5120 3238 5187 apud
3273 5119 3542 5174 Marsnam
3573 5134 3732 5175 manu

2160 5206 2376 5276 propria
2426 5206 2808 5261 coulirmastis.
2859 5205 3060 5260 Contra
3111 5208 3252 5274 quod
3299 5210 3343 5262 si
3371 5194 3512 5264 forte
3545 5209 3736 5279 aliquis
