4018 5392
1682 214 2225 248 κ--κ-γ...-ρ

322 316 387 373 17
1765 307 2124 369 ΕΡΙΒΤΟΕΕ
2133 349 2147 364 .
3515 314 3536 368 ι
3548 312 3581 367 8

313 432 446 505 egit,
471 446 578 486 non
606 439 888 502 propterea
915 445 1012 486 vos
1036 429 1301 486 immunes
1322 428 1495 493 eritis,
1510 427 1555 485 si
1573 426 1703 482 illud
1726 425 1891 498 quod,
1926 426 1968 486 Α
1998 422 2122 493 quia
2151 424 2389 480 omnium
2420 423 2560 480 oculi
2593 424 2648 480 in
2676 439 2770 481 vos
2796 423 2994 480 debent
3020 424 3296 481 intendere
3328 444 3342 480 :
3375 441 3511 499 quos
3537 428 3580 484 si

317 530 452 578 teste
481 522 730 585 Domino,
759 520 1040 591 pepigistis
1070 527 1126 575 et
1157 518 1547 584 continuastis,
1575 519 1897 583 observare,

313 613 458 683 quod
489 611 663 676 absit,
713 625 819 666 non
854 608 1189 665 studueritis.
1221 607 1498 663 Neminem
1528 607 1724 679 quippe
1752 604 1903 674 adju-

312 711 406 758 vat
435 702 581 772 quod
627 702 804 757 aliena
835 702 975 756 mala
1010 698 1388 772 reprehendit,
1439 698 1541 753 nisi
1568 706 1623 754 et
1650 697 1764 768 ipse
1810 695 1900 749 illa

312 799 544 847 caveat:
578 791 725 861 quod
766 791 1103 846 demonstrat
1131 789 1346 854 Paulus,
1380 789 1605 844 dicens:
1637 785 1824 851 Putas,
1869 801 1900 839 ο

313 882 492 944 Itonia,
520 881 660 951 quod
692 891 747 935 tu
778 882 961 936 evades
991 881 1253 951 judicium
1280 879 1413 943 Dei,
1467 879 1555 950 qui
1580 876 1759 932 eadem
1786 877 1900 947 agis

288 978 429 1043 "quia
451 972 659 1036 iudicas
677 971 703 1025 γ
730 970 907 1033 (Rom.
936 970 1020 1026 tt.\

313 1110 404 1167 IX.
458 1109 524 1166 Ut
559 1122 784 1167 rectores
820 1112 1258 1166 monasteriorum
1307 1109 1527 1165 sollicite
1556 1107 1896 1177 provideant,

384 1192 440 1237 ut
463 1184 594 1237 servi
620 1194 669 1236 et
699 1182 905 1237 ancilla:
930 1180 1025 1236 Dei
1054 1180 1340 1236 scentulum
1370 1179 1607 1235 ordinem
1629 1178 1824 1233 vivant.

290 1352 295 1357 ,
390 1293 652 1350 nectores
672 1292 838 1348 etiam
863 1291 1350 1354 monasteriorum;
1361 1290 1558 1359 quibus
1574 1287 1899 1344 monasteria

310 1383 687 1448 committitis,
718 1382 950 1437 ﬁrmiter
971 1390 1032 1438 et
1057 1381 1260 1445 obnixe
1284 1379 1564 1451 praecipito
1605 1387 1663 1433 ut
1697 1393 1899 1435 secun-

310 1475 440 1529 dum
465 1473 717 1530 ordinem
746 1481 804 1528 et
856 1473 1101 1529 habitum
1142 1487 1209 1527 ac
1257 1477 1484 1536 sexum,
1528 1485 1640 1540 quo
1678 1469 1896 1525 inhabi-

313 1574 494 1620 tantes
517 1565 801 1620 constituti
824 1574 971 1622 sunt,
997 1562 1225 1619 sollicite
1242 1572 1298 1618 et
1315 1562 1546 1618 solerter
1568 1561 1901 1632 pmvideant

312 1666 369 1713 ut
423 1656 719 1713 secundum
779 1654 1023 1710 debitum
1064 1654 1310 1710 ordinem
1360 1653 1505 1709 servi
1561 1652 1643 1708 vel
1688 1650 1899 1707 ancills

317 1751 532 1807 Domini
574 1751 801 1814 vivant.
816 1758 873 1804 et
911 1748 1219 1806 necessaria
1268 1747 1538 1818 stipendia
1568 1748 1621 1801 in
1650 1746 1795 1801 victu
1839 1753 1897 1801 et

312 1845 538 1904 vestitu.
567 1848 623 1897 et
650 1840 864 1896 caneris
893 1839 1198 1910 quibusque
1226 1838 1496 1904 habeant,
1522 1848 1582 1892 et
1610 1838 1803 1893 domos
1831 1851 1899 1893 ac

310 1932 628 1995 servitores,
653 1938 814 2000 prout
832 1929 1115 2000 competit,
1140 1929 1280 1985 sicut
1317 1928 1551 1998 religiosi
1584 1937 1644 1984 et
1679 1926 1898 1984 habitus

313 2033 369 2080 et
394 2022 833 2080 conversationis
854 2028 1115 2084 rectores,
1137 2019 1219 2076 eis
1240 2018 1582 2089 provideant,
1600 2018 1900 2088 susceptio-

312 2130 438 2172 nem
468 2115 638 2172 etiam
670 2115 938 2183 hospitum
967 2121 1023 2169 et
1065 2111 1701 2183 pauperummullomodo
1726 2110 1898 2181 negli-

310 2214 460 2277 gant.
488 2204 631 2272 Quin
657 2212 713 2258 et
747 2202 1194 2259 inconvenientes
1228 2215 1508 2271 personae,
1546 2210 1604 2256 et
1637 2216 1724 2256 res
1762 2200 1899 2256 tales

308 2310 431 2365 quae
478 2294 728 2365 religioni
776 2308 884 2348 non
928 2299 1268 2362 congruunt,
1314 2291 1373 2345 in
1416 2291 1748 2346 monasteria
1790 2305 1896 2343 non

314 2387 755 2451 introducantur,
803 2401 910 2441 non
959 2384 1193 2439 dicimus
1243 2400 1257 2438 :
1311 2383 1570 2453 quoniam
1617 2381 1900 2453 religiosos

314 2486 561 2533 rectores
636 2476 1031 2546 providentiam
1097 2483 1153 2529 et
1217 2487 1406 2529 curam
1475 2473 1711 2529 debitam
1775 2471 1900 2527 inde

282 2622 287 2623 ,
313 2580 532 2621 sumere
560 2565 760 2621 debere
784 2580 889 2620 non
922 2564 1237 2635 ignoramus

306 2675 381 2729 Χ.
413 2674 486 2731 Ut
514 2676 795 2747 hospitalia
834 2677 1226 2747 peregrinorum
1266 2677 1334 2728 ad
1358 2675 1455 2728 hoc
1482 2676 1552 2728 od
1578 2673 1717 2745 quod
1736 2672 1899 2742 depu-

376 2774 493 2821 tata
542 2776 703 2831 sunt,
735 2766 1092 2836 episcoporum
1139 2764 1360 2820 concilio
1397 2782 1429 2819 a
1461 2765 1748 2819 rectoribus
1785 2764 1896 2819 suis

379 2855 846 2910 administrentur.
1398 2912 1405 2915 _
1864 2870 1865 2873 ‘

324 2998 333 3007 κ
383 2944 686 3016 ﬂospitalia
731 2944 1178 3015 peregrinorum,
1225 2945 1369 3001 sicut
1396 2954 1522 3001 sunt
1549 2942 1897 3009 Scottorum,

301 3045 364 3092 et
417 3051 542 3106 quae
598 3044 841 3104 tempore
887 3041 1293 3090 antecesserunt
1351 3045 1654 3089 vestrorum
1708 3050 1895 3106 regum

2004 512 2149 567 malo
2172 512 2419 583 exemplo
2444 513 2827 569 destruxeritis
2847 556 2861 580 ,
2892 514 2984 585 qui
3030 527 3126 585 per
3167 530 3260 571 vos
3289 518 3344 571 et
3375 530 3404 570 a
3434 518 3585 573 vobis

2003 601 2055 656 in
2082 601 2280 657 bonum
2313 604 2615 658 debuerant
2639 604 2895 659 aediﬁcari
2918 645 2933 671 ,
2957 605 3057 660 sub
3082 606 3247 661 tantis
3278 605 3397 662 sine
3425 606 3587 661 dubio

2004 693 2056 747 in
2105 692 2287 748 futuro
2332 693 2531 749 saeculo
2564 696 2740 765 poenis
2790 711 2887 752 vos
2935 711 3154 752 necesse
3186 705 3271 753 est
3316 700 3583 770 torqueri.

2001 782 2294 854 Propterea
2334 791 2548 854 oportet
2573 793 2633 839 ut
2662 786 2752 855 qui
2785 801 2877 841 rex
2905 787 3068 852 estis,
3108 795 3163 842 et
3190 787 3440 844 dominus
3490 803 3590 859 ap-

2001 874 2272 945 pellamini
2289 916 2304 941 ,
2345 875 2399 930 in
2430 875 2579 929 illum
2604 891 2819 948 semper
2842 893 3103 949 suspenso
3129 880 3292 935 corde
3315 880 3589 950 suspicia-

2002 967 2071 1022 tis
2099 982 2127 1021 a
2159 983 2265 1038 quo
2293 967 2576 1033 videlicet,
2606 967 2755 1041 Rege
2784 984 2968 1042 regum
2999 977 3050 1025 et
3072 969 3303 1025 Domino
3330 970 3588 1025 domino-

2002 1073 2155 1124 rum,
2192 1073 2386 1114 nomen
2417 1058 2563 1130 regis
2588 1068 2644 1114 et
2686 1059 2890 1117 domini
2919 1061 3197 1116 ututuatis.
3228 1060 3294 1116 Et
3323 1061 3465 1117 sicut
3491 1060 3592 1117 ille

2002 1149 2241 1222 disponit
2264 1150 2453 1206 orbem
2485 1159 2644 1208 terra:
2670 1150 2724 1205 in
2770 1152 3054 1221 mquitate,
3099 1161 3154 1207 et
3179 1154 3245 1208 ad
3270 1154 3374 1208 hoc
3394 1193 3409 1217 ,
3442 1153 3592 1209 sicut

2003 1239 2054 1293 in
2106 1239 2244 1294 libro
2276 1238 2571 1310 Sapientia:
2615 1238 2834 1305 dicitur,
2885 1241 3169 1297 constituit
3216 1241 3494 1296 hominem
3531 1250 3594 1296 ut

1970 1340 1975 1345 ·
2003 1331 2117 1402 ipse
2145 1331 2398 1388 similiter
2424 1331 2620 1396 l'aciat,
2669 1332 2956 1388 imitamini
2996 1331 3183 1397 illum,
3215 1320 3261 1388 si
3304 1331 3468 1387 vultis
3496 1346 3585 1387 re-

2000 1438 2172 1495 gnare
2198 1438 2321 1476 cum
2349 1421 2461 1476 illo.
2490 1420 2627 1492 Quia
2657 1422 2749 1492 qui
2774 1421 2903 1477 dicit
2923 1436 2982 1477 se
3010 1423 3064 1476 in
3091 1420 3308 1479 Christo
3338 1436 3576 1483 manere,

2001 1511 2181 1577 debet,
2197 1511 2443 1568 sicutille
2455 1509 2770 1575 ambulavit,
2787 1519 2841 1566 et
2861 1511 2975 1579 ipse
2989 1510 3396 1582 ambulare,qui
3419 1509 3551 1565 dicit
3573 1528 3585 1562 :

2003 1601 2183 1657 Estote
2200 1612 2252 1657 et.
2271 1620 2357 1658 vos
2379 1602 2614 1673 perfecti,
2631 1603 2764 1657 sicut
2790 1610 2839 1658 et
2863 1600 3027 1656 Pater
3051 1612 3214 1657 vester
3235 1603 3451 1659 celestis
3473 1620 3593 1673 per-

2001 1692 2168 1764 fectus
2189 1704 2263 1747 est
2290 1692 2505 1764 (Matth.
2534 1692 2611 1763 v).
2637 1691 2705 1746 Et
2724 1691 2772 1747 si
2793 1691 3042 1748 dixeritis
3076 1694 3346 1765 quomodo
3368 1709 3590 1764 possum

1926 1784 1971 1843 B
1998 1799 2118 1840 esse
2130 1782 2548 1853 perfectus,cum
2563 1783 2667 1839 alia
2685 1784 2952 1855 scriptura
2967 1783 3145 1839 dicat:
3162 1783 3350 1857 Siquis
3366 1787 3420 1839 in
3435 1785 3587 1839 verba

2002 1893 2105 1931 non
2130 1875 2378 1946 oﬂ‘endit,
2405 1873 2498 1930 ille
2523 1874 2783 1946 perfer-tus
2823 1884 2897 1930 est
2928 1876 3043 1943 vir,
3074 1891 3178 1931 non
3224 1875 3367 1931 cadit
3395 1891 3423 1930 a
3456 1889 3585 1947 per-

1999 1964 2237 2023 fectione
2263 1966 2355 2038 qui
2378 1982 2484 2024 non
2512 1974 2702 2036 peccat
2733 1966 2951 2022 malitiae
2980 1968 3279 2038 cupiditate
3318 1986 3332 2024 :
3389 1966 3587 2038 Septies

1999 2061 2137 2115 enim
2165 2059 2309 2114 cadit
2332 2059 2518 2130 justus
2554 2068 2603 2114 et
2636 2060 2899 2133 resurgit:
2931 2060 3076 2131 impii
3112 2068 3285 2114 autem
3331 2069 3584 2114 corruunt

1998 2150 2052 2203 in
2094 2148 2293 2203 malum
2335 2147 2517 2221 (Prov.
2550 2149 2687 2220 xvi).
2732 2150 2798 2205 Et
2837 2168 2849 2203 :
2892 2150 3115 2216 Justus,
3159 2166 3277 2205 cum
3309 2150 3583 2214 ceciderit,

1999 2255 2104 2293 non
2139 2239 2436 2304 collidetur,
2474 2241 2597 2310 quia
2632 2239 2888 2294 Dominus
2922 2241 3164 2312 supponit
3189 2257 3402 2296 manum
3434 2257 3585 2296 suam

2002 2325 2189 2399 (Psal.
2214 2330 2425 2399 xxxvi).
2458 2329 2915 2399 Qualitercunque
2939 2344 3068 2385 vero
3103 2330 3225 2399 quis
3250 2339 3458 2400 peccet,
3494 2347 3590 2387 cu-

1999 2418 2247 2491 piditatis
2270 2418 2548 2474 voluntate
2576 2430 2671 2475 aut
2701 2419 3013 2490 fragilitatis
3038 2423 3361 2478 necessitate
3379 2462 3395 2488 ,
3421 2437 3582 2478 nemo

2002 2509 2077 2564 illi
2103 2509 2362 2580 praevalet
2393 2511 2582 2567 melius
2611 2511 2855 2567 indicare
2881 2527 3045 2581 quam
3072 2512 3407 2568 conscientia
3450 2528 3544 2568 sua
3565 2553 3580 2578 ,

1999 2612 2121 2667 qua:
2152 2613 2258 2653 non
2301 2607 2482 2667 potest
2525 2598 2695 2655 latere
2724 2600 2913 2657 oculos
2944 2600 3268 2671 inspectoris
3310 2603 3415 2657 sui.
3448 2588 3583 2658 Pro-

1997 2695 2185 2758 pterea
2235 2688 2311 2742 ita
2368 2696 2583 2759 oportet
2627 2704 2722 2746 vos
2764 2690 2981 2753 vivere,
3019 2688 3267 2759 judicare
3321 2701 3376 2746 et
3424 2706 3587 2764 agere

1996 2779 2164 2834 etiam
2185 2781 2239 2836 in
2263 2780 2476 2837 occulto
2492 2823 2506 2846 ,
2533 2783 2689 2854 quasi
2712 2783 2832 2839 sitis
2852 2798 3068 2854 semper
3093 2784 3147 2839 in
3171 2784 3422 2856 publico;
3454 2787 3581 2857 quia

1998 2884 2137 2942 szepe
2168 2870 2289 2928 talis
2319 2887 2415 2928 vos
2440 2874 2607 2929 verbo
2636 2874 2909 2941 laudabit,
2948 2875 3040 2945 qui
3068 2877 3231 2934 corde
3266 2878 3471 2935 acriter
3501 2893 3592 2934 re-

1999 2960 2329 3030 prehendet,
2378 2977 2521 3033 saepe
2565 2962 2731 3018 etiam
2764 2962 2854 3018 illa
2890 2980 3011 3035 qum
3050 2965 3202 3022 vobis
3248 2975 3302 3021 et
3347 2966 3401 3020 in
3429 2965 3584 3021 vobis

2001 3048 2335 3118 laudaverit,
2366 3052 2507 3122 apud
2531 3051 2667 3107 alios
2702 3052 2767 3108 de
2796 3052 2949 3109 vobis
2978 3052 3586 3123 reprehensihiliajudi-

296 3136 627 3184 constructa
660 3137 717 3183 et
741 3128 1035 3184 constituta
1063 3125 1316 3191 luerunt,
1344 3136 1403 3181 ut
1433 3128 1499 3183 ad
1533 3128 1635 3182 hoc
1661 3132 1727 3182 ad
1753 3128 1897 3199 quod
1924 3140 1969 3204 ρ
2001 3140 2166 3195 ωιήι,
2199 3139 2258 3195 si
2302 3149 2484 3196 autem
2506 3180 2521 3204 ,
2566 3148 2627 3197 ιιι
2671 3141 2934 3204 dicimus.
2988 3143 3277 3214 adjuvante
3323 3143 3586 3208 Domino,

304 3223 571 3292 deputata
612 3229 741 3276 sunt
787 3228 1102 3287 teneantur,
1128 3227 1184 3277 et
1228 3236 1257 3275 a
1288 3220 1590 3275 rectoribus
1621 3221 1787 3275 Deum
1833 3220 1900 3276 ti-

302 3313 593 3369 mentibus
635 3313 981 3377 ordinentur,
1017 3312 1414 3376 custodiantur,
1448 3328 1516 3367 ne
1546 3312 1896 3383 dissipentur,

293 3402 575 3457 obtinete.
611 3402 718 3456 Sed
753 3408 810 3456 et
842 3402 1143 3457 rectoribus
1170 3403 1621 3459 monasteriorum
1646 3413 1702 3459 et
1728 3418 1899 3459 xeno-
1936 3416 1945 3425 ‘

276 3490 630 3565 ‘dochiorum
647 3530 663 3557 ,
699 3489 751 3546 id
773 3498 856 3546 est
877 3491 1237 3561 hospitalium,
1263 3492 1539 3563 praecipito
1562 3501 1622 3547 ut
1644 3492 1786 3548 sicut
1810 3508 1902 3549 ca-

274 3576 508 3636 nonica
539 3581 698 3635 docet
742 3581 1070 3646 auctoritas,
1121 3590 1176 3637 et
1218 3582 1453 3651 capitula
1499 3583 1585 3637 avi
1634 3589 1687 3637 et
1731 3581 1902 3652 patris

293 3670 484 3727 vestri
535 3671 881 3740 prtecipiunt,
925 3672 1195 3742 episcopis
1240 3673 1474 3741 propriis
1502 3672 1611 3727 sint
1639 3673 1898 3743 subjecti,

287 3770 357 3818 et
400 3759 739 3813 monasteria
771 3769 936 3828 atque
961 3758 1249 3828 hospitalia
1284 3761 1388 3815 sibi
1424 3759 1715 3816 commissa
1760 3759 1904 3827 ipso-

295 3864 443 3905 rum
474 3836 681 3919 ‘regant
722 3850 982 3916 consilio;
1038 3850 1294 3920 quoniam
1340 3849 1581 3925 episcopi
1617 3858 1903 3921 paternam

290 3940 742 3997 sollicitudinem
773 3941 855 3996 eis
874 3981 890 4008 ,
922 3941 1221 3997 secundum
1259 3940 1622 3997 ministerium
1652 3940 1863 3995 illorum
1885 3981 1900 4005 ,

288 4031 607 4086 studebant
653 4032 983 4103 impendere.
1026 4031 1092 4086 Et
1136 4030 1263 4101 quia
1313 4045 1456 4102 saepe
1504 4030 1799 4101 unicuique
1847 4031 1899 4085 in

287 4120 465 4179 omni
493 4122 683 4177 ordine
711 4132 1108 4193 competentem
1141 4121 1314 4193 legem
1364 4131 1421 4177 et
1459 4120 1760 4190 justitiam,
1794 4138 1899 4177 una

289 4226 435 4265 eum
469 4210 723 4267 fratribus
753 4211 978 4278 vestris,
1029 4211 1297 4282 frequenti
1337 4212 1749 4268 annuntiatioue
1778 4229 1901 4283 per-

213 4372 221 4379 _
287 4300 592 4366 donastis,
624 4301 982 4359 ecclesiastici
1005 4311 1061 4357 et
1090 4302 1327 4374 religiosi
1363 4302 1579 4357 habitus
1601 4302 1702 4358 viri
1731 4317 1795 4357 ac
1822 4302 1900 4358 l‘e-

288 4393 476 4446 mina!
496 4380 695 4464 {atque
722 4393 993 4466 peregrini
1023 4406 1080 4449 et
1104 4409 1401 4473 pauperes,
1452 4394 1506 4450 in
1554 4395 1753 4465 quibus
1778 4410 1899 4466 spe-

262 4458 527 4551 cialiter
555 4458 799 4540 Christus
822 4458 1136 4555 suscipitur,
1164 4458 1613 4557 perdenatiouem
1657 4458 1894 4543 vestram
1924 4479 1976 4538 D

278 4572 402 4642 sibi
437 4574 694 4628 sentiant
717 4590 931 4646 semper
956 4576 1169 4631 adesse.

295 4685 402 4743 XI.
451 4681 610 4751 Quod
652 4703 822 4759 regem
862 4690 937 4743 ita
972 4689 1132 4743 vitam
1173 4689 1451 4746 instituere
1490 4692 1794 4758 conveniat,
1844 4702 1900 4747 ut

298 4818 305 4823 _
534 4824 540 4831 ι
806 4759 1044 4813 omnibus
1075 4760 1140 4815 sit
1167 4761 1422 4832 exemplo.
1682 4786 1685 4791 ν

301 4910 307 4914 .
378 4868 459 4923 Et
487 4867 614 4937 quia
638 4867 708 4924 de
736 4878 880 4926 statu
902 4880 960 4927 et
994 4872 1168 4929 salute
1195 4873 1382 4945 populi
1404 4872 1724 4938 christiani,
1754 4873 1898 4928 sicut

300 4959 473 5016 nobis
502 4959 830 5028 scripsistis,
860 4962 1024 5018 vultis
1051 4979 1330 5034 quaerere,
1368 4965 1549 5036 primo
1581 4978 1621 5018 a.
1640 4963 1793 5018 vobis
1822 4965 1900 5034 ip-

303 5051 385 5113 sis
406 5049 659 5117 incipite,
674 5053 763 5121 qui
776 5053 921 5110 .alios
943 5055 1149 5119 debetis
1167 5056 1463 5127 corrigere,
1478 5056 1620 5111 sicut
1637 5054 1900 5124 scriptum

299 5149 388 5194 est
423 5157 437 5193 :
477 5135 719 5205 Hediae,
761 5159 886 5197 cura
932 5146 1262 5217 temetipsum
1293 5144 1446 5218 (Luc.
1478 5145 1588 5216 iv);
1622 5152 1679 5200 et
1701 5147 1900 5201 munda

299 5231 464 5287 debet
494 5241 698 5285 manus
738 5248 765 5287 a
798 5236 1054 5293 sordibus
1093 5254 1250 5305 esse,
1294 5237 1667 5308 quaeyalienas
1712 5239 1904 5297 sordes

290 5325 450 5374 curat
480 5315 796 5386 detergere.
851 5322 920 5378 Et
969 5342 1089 5392 quin
1119 5329 1171 5384 in
1203 5329 1326 5384 aliis
1356 5327 1563 5382 debetis
1591 5327 1864 5392 corrigere
1886 5368 1902 5392 ,

2003 3231 2217 3298 vivere,
2237 3230 2486 3300 judicare
2524 3242 2581 3289 et
2634 3249 2796 3305 agere
2830 3236 3226 3308 praevalebitis;
3262 3237 3307 3292 si
3337 3251 3434 3292 vos
3480 3252 3587 3292 non

2003 3321 2364 3378 stimulaverit
2385 3338 2541 3379 amor
2560 3324 2834 3397 privatus;
2859 3325 2903 3380 si
2925 3340 3023 3381 vos
3044 3341 3147 3380 non
3174 3325 3591 3382 inﬂaznmaverit

2003 3414 2275 3486 cupiditas
2303 3415 2490 3487 gloriae
2509 3457 2525 3482 ,
2556 3416 2864 3472 divitiarum
2888 3457 2907 3484 ,
2934 3417 3339 3489 possessionum
3359 3458 3375 3484 ,
3406 3426 3460 3473 et
3487 3434 3585 3489 po-

2004 3514 2269 3574 tentatus;
2287 3508 2332 3562 si
2354 3522 2460 3563 non
2480 3506 2602 3580 plus
2622 3508 2960 3565 credideritis
2973 3510 3164 3565 aliena:
3184 3509 3400 3583 linguae,
3420 3524 3582 3580 quam

2000 3601 2233 3672 propriae
2258 3601 2635 3668 conscientiae;
2659 3601 2706 3657 si
2729 3617 2826 3657 vos
2853 3617 2960 3657 non
2993 3603 3190 3659 roserit
3219 3603 3364 3660 tinea
3391 3601 3554 3656 adula

2005 3692 2199 3758 tionis;
2228 3691 2274 3746 si
2304 3706 2409 3746 non
2440 3706 2538 3746 vos
2565 3692 2764 3747 usserit
2793 3691 2933 3747 livor
2975 3692 3166 3747 alienae
3192 3691 3499 3757 felicitatis;
3527 3693 3573 3747 si

2003 3795 2102 3834 vos
2133 3794 2239 3834 non
2264 3781 2545 3835 vexaverit
2580 3780 2856 3849 neglectus
2881 3783 3074 3837 anima:
3103 3790 3159 3837 et
3184 3796 3339 3837 amor
3362 3783 3575 3847 carnis;

2003 3871 2051 3927 si
2082 3870 2420 3928 credideritis
2448 3886 2631 3945 regem
2673 3871 3083 3930 Christumnon
3125 3889 3226 3945 pro
3275 3888 3369 3940 se,
3405 3874 3461 3929 id
3500 3884 3580 3930 est

2002 3976 2109 4017 non
2135 3976 2233 4032 pro
2258 3977 2355 4018 sua
2385 3964 2709 4025 necessitate
2737 3974 3010 4023 mortuum
3030 4006 3046 4032 ,
3071 3966 3166 4022 sed
3191 3980 3291 4037 pro
3322 3964 3503 4031 nobis,
3532 3974 3590 4019 ut

2000 4051 2307 4108 viveremus
2343 4052 2437 4123 qui
2466 4053 2669 4115 mortui
2696 4069 2946 4118 eramus;
2971 4063 3028 4111 et
3060 4050 3157 4111 vos
3184 4055 3305 4127 plus
3330 4053 3596 4110 studeatis

2000 4142 2120 4200 aliis
2145 4144 2330 4200 vivere
2364 4145 2419 4200 in
2470 4144 2663 4206 salutis
2704 4160 2816 4203 sure
2844 4146 3204 4213 utilitatibus,
3239 4161 3405 4218 quam
3442 4146 3599 4201 vobis

2000 4233 2134 4306 ipsis
2178 4234 2233 4289 in
2263 4236 2936 4307 propriisvoluntatibus;
2969 4237 3017 4292 si
3060 4238 3296 4294 scieritis
3332 4251 3431 4292 vos
3474 4251 3597 4293 esse

2001 4322 2301 4384 morituros
2317 4364 2343 4391 ,ι
2360 4332 2541 4385 et,vos
2566 4325 2911 4382 credideritis
2936 4326 3002 4383 de
3029 4324 3192 4383 factis
3221 4325 3457 4398 propriis
3503 4341 3564 4381 ra

2003 4413 2206 4470 tionem
2233 4414 2464 4470 Domino
2502 4415 2844 4483 reddituros;
2873 4424 2928 4471 et
2972 4431 3096 4486 quae
3130 4417 3291 4488 digne
3322 4410 3594 4485 receperi-

2004 4504 2107 4570 tis,
2135 4504 2253 4559 sine
2286 4504 2392 4560 line
2421 4506 2509 4560 vel
2540 4506 2919 4563 immutatione
2959 4508 3142 4577 aliqua
3180 4506 3484 4562 habituros.

2004 4613 2118 4671 ΧΠ.
2145 4613 2439 4698 Quomodo.
2465 4615 2795 4698 .domesticos
2838 4633 3049 4698 regere,
3093 4617 3228 4698 quid
3277 4614 3418 4696 Deo,
3454 4614 3597 4698 quid

2071 4685 2296 4758 subditis
2348 4685 2598 4758 reddere,
2640 4694 2688 4739 et
2722 4683 2911 4758 φιαιεὶ
2954 4683 3143 4758 palatii
3187 4703 3249 4740 ac
3300 4683 3597 4739 reinublicte

2076 4754 2340 4809 ministros
2363 4755 2674 4808 constituere
2695 4756 2898 4812 debeat.

2076 4867 2305 4924 Domum
2332 4875 2569 4922 vestram
2597 4865 2954 4925 domesticam
2982 4867 3062 4924 sic
3089 4864 3314 4929 nutrite,
3343 4860 3517 4932 regite
3541 4870 3600 4916 et

2004 4959 2296 5029 disponite,
2314 4956 2606 5029 utquando
2622 4956 3017 5027 regnipopulus
3041 4957 3109 5013 ad
3137 4970 3233 5010 vos
3261 4951 3597 5013 convenerit.

2004 5051 2059 5108 in
2092 5050 2246 5107 vobis
2270 5057 2329 5107 et
2357 5049 2410 5106 in
2457 5046 2770 5107 domesticis
2802 5050 3005 5104 vestris
3034 5048 3256 5103 videant
3278 5040 3513 5110 qualiter
3539 5057 3601 5098 se

2004 5149 2168 5211 atque
2193 5142 2414 5199 domum
2436 5177 2459 5203 ,
2478 5151 2604 5193 cum
2632 5142 2780 5192 tanta
2801 5135 3116 5197 humilitate
3139 5142 3302 5200 atque
3323 5130 3598 5196 castitate,

2004 5245 2167 5302 quam
2193 5230 2377 5288 sobrie
2395 5268 2410 5294 ,
2437 5243 2598 5298 quam
2624 5226 2769 5295 iuste
2787 5266 2804 5291 ,
2838 5244 3007 5298 quam
3035 5228 3122 5297 pie
3152 5218 3392 5284 nutrire,
3418 5220 3603 5292 dispo-

2007 5337 2137 5381 nere
2163 5324 2428 5383 debeant,
2461 5326 2519 5374 et
2544 5317 2853 5389 gubernare
2885 5337 2901 5372 :
2930 5319 3056 5388 quia
3092 5314 3231 5368 sicut
3255 5308 3475 5376 quidam
3509 5326 3603 5366 sa-
