4018 5392
487 293 557 352 i9
1451 290 1776 346 HINCMARI
1813 287 2208 344 RHEMENSIS
2244 289 2756 345 ARCIIIEPISCOPI
3244 291 3246 293 ’
3673 299 3746 353 20

490 410 607 478 ipsa
625 405 806 462 schola
828 444 842 471 ,
860 419 982 475 qua:
1006 403 1392 474 interpretatur
1413 400 1692 470 disciplina
1713 441 1727 466 ,
1761 400 1813 454 id
1837 408 1919 455 est
1939 415 2061 454 cor-
2087 403 2134 461 Α
2165 415 2356 469 magna
2380 399 2739 472 sollicitudine
2769 399 2991 466 faciant,
3022 401 3260 458 scientes
3284 403 3544 474 scriptum
3577 422 3698 464 esse
3724 427 3741 464 :

488 496 692 563 rectio,
729 496 950 561 dicitur,
1002 510 1122 564 quae
1158 493 1291 548 alios
1323 492 1506 547 habitu
1531 533 1546 558 ,
1580 493 1790 547 incessu
1815 531 1828 558 ,
1861 492 2060 557 verbo,

488 599 544 644 et
567 596 688 644 actu
710 606 732 653 ,‘
755 593 915 658 atque
947 589 1110 642 totius
1138 584 1393 639 vanitatis
1428 584 1762 639 continentia
1806 583 2059 654 corrigat.

488 683 557 735 Et
587 696 718 746 vos,
745 679 885 735 sicut
917 678 1144 748 paxillus
1170 694 1273 731 non
1300 678 1434 731 bene
1467 677 1665 731 inﬁxus
1687 717 1701 742 ,
1733 677 1835 732 nisi
1868 678 1919 730 in
1957 677 2062 730 Do-

487 773 635 826 mino
664 770 923 824 virtutum
968 767 1139 822 innixi
1179 766 1395 821 fortiter
1422 764 1665 830 fueritis,
1696 774 1750 820 et
1778 781 1876 820 vos
1903 767 2062 820 eade«

488 862 556 915 tis
575 901 591 926 ,
620 869 675 915 et
702 860 792 928 qui
825 859 876 912 in
913 856 1067 911 vobis
1095 858 1364 926 pendent,
1393 855 1663 910 labentur.
1703 855 2060 926 Quapropter,

485 952 625 1005 sicut
660 950 918 1004 Dominus
947 949 1046 1002 sub
1071 954 1335 1017 potestate
1385 947 1708 1002 constitutos
1735 960 1799 1000 ex
1829 955 2064 1000 tentato-

485 1058 605 1096 rum
626 1041 910 1098 occasione
935 1039 1120 1094 docuit
1148 1037 1376 1094 reddere
1404 1054 1522 1109 qua:
1553 1047 1677 1094 sunt
1697 1039 1927 1094 Caesaris
1951 1038 2065 1092 Cre-

484 1134 591 1188 sari
615 1174 629 1200 ,
661 1141 715 1186 et
743 1146 862 1200 quae
891 1141 1016 1185 sunt
1043 1129 1137 1184 Dei
1168 1129 1309 1196 Deo;
1343 1129 1416 1184 ita
1462 1139 1518 1183 et
1553 1145 1648 1184 vos
1691 1130 1780 1199 qui
1824 1130 1924 1184 sub
1955 1130 2064 1184 Deo

486 1223 620 1278 estis
645 1231 699 1277 et
727 1237 891 1294 super
918 1220 1163 1276 homines
1193 1220 1358 1286 estis,
1393 1219 1602 1275 reddite
1647 1236 1766 1289 qua:
1807 1227 1935 1274 sunt
1968 1219 2060 1274 Dei

481 1316 625 1380 Deo;
650 1323 704 1368 et
735 1316 874 1369 sicut
903 1312 1084 1367 Caesar
1121 1327 1308 1382 arquos
1327 1352 1342 1376 ,
1393 1327 1513 1381 qum
1539 1311 1877 1367 subditorum
1906 1321 2060 1376 sunt,

482 1405 712 1462 subditis
750 1404 975 1459 reddite.
1012 1402 1242 1458 Reddite
1270 1402 1379 1457 Deo
1425 1417 1616 1472 puram
1649 1411 1704 1457 et
1746 1399 2064 1456 immacula-

483 1506 591 1549 tam
616 1493 775 1548 fidem
801 1502 858 1548 et
882 1491 1309 1548 sincerissimum
1341 1490 1545 1544 cultum
1569 1489 1623 1544 in
1655 1489 2059 1554 sacerdotibus,

483 1588 535 1640 in
566 1584 918 1640 ecclesiarum
957 1581 1285 1653 privilegiis,
1315 1581 1369 1635 in
1406 1580 1579 1636 sacris
1608 1579 1771 1645 locis,
1803 1580 1857 1633 in
1885 1579 2059 1634 eccle-

480 1674 714 1728 siasticis
741 1680 794 1727 et
818 1670 1085 1742 religiosis
1115 1669 1246 1725 viris
1277 1684 1341 1725 ac
1373 1668 1622 1734 feminis,
1664 1669 1716 1723 in
1749 1666 2062 1723 defensione

2166 490 2419 546 Indicabo
2439 492 2559 554 tibi,
2592 493 2774 557 homo,
2813 491 2940 562 quid
2952 493 3036 546 'sit
3065 493 3290 561 bonum,
3331 497 3387 549 id
3425 508 3500 552 est
3521 538 3535 564 ,
3567 499 3745 569 facere

2157 582 2421 652 judicium
2455 593 2502 636 et
2540 583 2802 652 justitiam
2825 625 2839 648 ,
2878 593 2925 637 et
2974 584 3258 640 sollicitum
3313 590 3585 646 ambulare
3616 610 3740 648 cum

2165 671 2380 726 Deotuo
2406 671 2589 742 (Micio.
2615 673 2709 742 vr).
2743 672 2798 726 Id
2820 682 2922 737 est,
2943 680 3001 726 ut
3026 675 3259 743 qnodilli
3277 676 3483 746 placet,
3503 679 3596 733 tibi
3619 681 3743 751 pla-

2165 773 2286 818 ceat
2323 771 2377 819 et
2405 764 2601 829 facias;
2637 765 2776 832 quod
2806 764 2880 818 illi
2925 766 3203 836 displicet,
3235 767 3331 821 tibi
3374 769 3654 839 displiceat
3685 782 3742 827 ct

2164 868 2271 907 non
2324 854 2506 908 facias.
2562 853 2715 920 Quod
2760 854 2805 908 si
2853 870 2950 924 per
2992 853 3338 924 fragilitatem
3373 857 3600 926 feceris,
3632 878 3740 918 non

2166 944 2555 998 contumaciter
2581 943 2664 997 vel
2689 944 3040 1014 pertinaciter
3069 945 3122 999 in
3157 954 3249 1000 tuo
3274 947 3418 1002 malo
3450 949 3594 1004 facto
3615 967 3741 1022 per-

2165 1050 2412 1101 severes;
2443 1036 2536 1090 sed
2566 1036 2748 1090 statim
2784 1037 2974 1105 pedem
3023 1037 3165 1093 sicut
3206 1056 3235 1093 a
3281 1039 3424 1096 ferro
3452 1042 3627 1098 calido
3655 1060 3743 1100 re-

2164 1140 2327 1189 voca,
2357 1133 2412 1178 et
2440 1125 2493 1178 in
2529 1125 2670 1179 viam
2718 1125 3011 1180 voluntatis
3040 1126 3253 1181 Domini
3286 1128 3378 1182 Dei
3424 1131 3496 1184 tui
3545 1133 3736 1203 dirige.

2165 1215 2232 1269 Et
2265 1215 2403 1269 sicut
2428 1215 2687 1283 scriptum
2725 1223 2806 1269 est
2837 1233 2848 1268 :
2884 1213 3020 1280 Quia
3062 1227 3182 1270 sunt
3210 1219 3308 1271 via:
3345 1236 3463 1289 ante
3503 1221 3747 1277 ridentur

2163 1303 2458 1358 hominibus
2487 1305 2664 1368 homo,
2691 1313 2740 1357 et
2765 1305 2962 1362 ducunt
2989 1306 3058 1359 ad
3085 1307 3352 1362 interitum
3383 1307 3571 1377 (Prov.
3602 1315 3739 1384 xvr),

2165 1392 2250 1447 fac
2269 1394 2408 1448 sicut
2423 1392 2704 1464 Scriptura
2734 1394 2832 1448 tibi
2854 1395 3120 1464 praecipit,
3147 1397 3452 1467 quicunque
3472 1416 3532 1455 es
3556 1402 3739 1458 homo.

2165 1483 2438 1555 Interroga
2465 1485 2530 1540 de
2551 1487 2635 1540 via
2659 1487 2826 1552 bona,
2857 1496 2905 1541 et
2934 1487 3146 1542 ambula
3178 1506 3271 1558 per
3314 1508 3430 1545 eam
3471 1492 3608 1564 (Jer.
3638 1500 3742 1565 vr),

2162 1575 2288 1645 quia
2328 1576 2470 1631 sicut
2516 1577 2714 1632 dicitur
2741 1578 2794 1631 in
2833 1577 3152 1648 Evangelio:
3182 1579 3369 1648 Ampla
3412 1581 3494 1635 via
3524 1593 3744 1654 estquae

2163 1665 2307 1717 ducit
2334 1665 2404 1717 ad
2428 1665 2801 1734 perditionem,
2826 1675 2874 1719 et
2899 1664 3050 1718 multi
3070 1667 3266 1720 cadunt
3295 1683 3388 1736 per
3410 1685 3524 1722 eam
3548 1686 3566 1723 :
3590 1682 3742 1725 arcta

480 1760 736 1815 Ecclesia:
785 1767 840 1814 et
877 1757 1326 1822 Christianitatis,
1363 1759 1417 1811 in
1463 1757 1716 1828 aequitate
1765 1765 1819 1812 et
1850 1756 2060 1827 justitia
2091 1744 2138 1804 Β
2164 1766 2212 1811 et
2243 1767 2465 1827 angusta
2492 1757 2575 1811 via
2611 1767 2688 1811 est
2725 1774 2841 1828 qua:
2864 1758 3006 1812 ducit
3033 1759 3104 1812 ad
3138 1760 3295 1815 vitam
3318 1771 3410 1824 ,-et
3433 1765 3586 1831 pauci
3607 1766 3743 1819 inve-

481 1849 662 1920 popnli
727 1848 1043 1913 christiani,
1098 1847 1151 1901 in
1219 1847 1591 1903 sublevationc
1645 1855 1701 1900 et
1752 1846 2061 1916 tranquilli-

481 1950 592 1996 tate
613 1949 668 1992 et
690 1937 1061 1994 consolatione
1078 1938 1317 1992 omnium
1344 1935 1698 2006 indigentium
1721 1976 1735 2001 ,
1759 1935 1901 1991 sicut
1925 1951 2064 2006 prae-

480 2030 748 2083 misimus.
779 2028 1007 2084 Reddite
1031 2028 1103 2082 illi
1129 2028 1501 2098 qnotidianum
1534 2042 1758 2096 pensum
1791 2026 1845 2080 in
1878 2025 2061 2097 quoti-

479 2119 639 2172 diana
687 2119 966 2185 oratione,
1016 2119 1069 2172 in
1110 2118 1272 2187 justis
1319 2127 1374 2172 et
1424 2117 1655 2173 assiduis
1681 2116 2058 2188 eleemosynis.

479 2206 680 2264 Ollertc
708 2208 780 2262 illi
809 2199 1149 2264 devotionem
1173 2217 1404 2263 vestram
1433 2208 1485 2262 in
1511 2207 1682 2262 sacris
1699 2207 2063 2262 oblationibus

477 2307 532 2353 et
559 2297 815 2368 lacrymis
859 2297 1154 2352 secundum
1203 2296 1630 2366 magnitudinem
1668 2312 1733 2351 ac
1765 2295 2061 2349 multitudi-

478 2403 601 2444 nem
654 2388 1093 2458 quotidianorum
1142 2396 1493 2459 peccatorum
1541 2388 1797 2458 profusis.
1835 2387 2061 2443 Reddite

477 2483 710 2537 subditis
753 2481 1016 2551 judicium
1047 2497 1171 2537 cum
1203 2481 1606 2544 misericordia,
1642 2479 1905 2549 justitiam
1937 2495 2058 2534 cum

477 2573 754 2641 aequitate.
786 2572 1010 2627 Studete
1042 2571 1286 2626 exaltare
1313 2571 1545 2626 humiles
1573 2578 1628 2624 et
1659 2569 1829 2624 Deum
1869 2570 2062 2624 timen-

480 2673 591 2728 tes,
621 2673 676 2718 et
702 2663 970 2718 debellare
998 2672 1164 2731 atque
1201 2662 1487 2716 humiliare
1519 2662 1803 2731 superbos.
1835 2661 2060 2717 Studete

481 2773 511 2810 ει
544 2756 703 2811 bonis
727 2754 848 2825 plus
871 2754 1053 2824 diligi,
1085 2768 1246 2822 quam
1283 2748 1482 2806 timeri.
1512 2751 1710 2806 Curate
1736 2761 1796 2805 ut
1825 2751 1986 2816 mali,
2014 2752 2059 2805 si

481 2862 586 2902 non
611 2855 832 2916 propter
858 2846 1053 2911 Deum,
1077 2843 1159 2899 vel
1183 2853 1402 2914 propter
1423 2844 1668 2899 timorem
1692 2853 1930 2898 vestrum
1947 2860 2060 2898 ma—

480 2939 591 2993 lum
621 2952 785 3008 agere
807 2945 1073 2992 metuant.
1100 2935 1215 3009 Non
1240 2935 1357 3005 plus
1382 2937 1522 3006 apud
1543 2951 1636 2990 vos
1658 2935 1836 3006 lingua
1851 2934 2057 3000 dolosa,

480 3044 675 3084 manus
722 3027 908 3098 plena,
950 3024 1268 3094 obsequium
1302 3023 1597 3078 indebitnm
1643 3024 1849 3089 valeat,
1890 3039 2054 3094 quam

481 3117 715 3184 veritas,
752 3115 980 3184 tequitas
1030 3120 1085 3168 et
1131 3113 1448 3178 sinceritas,
1483 3113 1717 3168 scientes
1747 3114 2004 3184 scriptum
2040 3132 2053 3167 :

482 3207 587 3274 Qui
609 3207 802 3261 excutit
833 3222 1020 3259 manus
1046 3221 1170 3258 suas
1195 3203 1259 3256 ab
1289 3203 1432 3257 omni
1460 3219 1704 3267 munere,
1735 3205 1832 3258 iste
1873 3204 1927 3258 in
1971 3222 2062 3259 ea:-

479 3299 629 3353 celsis
673 3297 926 3352 habitabit
959 3295 1095 3367 (Isa.
1129 3295 1342 3366 xxxiii).
1379 3294 1533 3352 Unde
1560 3304 1956 3365 consequenter
1982 3295 2059 3350 in-

482 3390 649 3460 telligi
681 3390 860 3453 debet,
891 3397 944 3442 et
967 3403 1073 3442 non
1101 3387 1268 3441 aliud.
1301 3385 1496 3442 Munus
1519 3387 1663 3440 enim
1692 3396 1775 3441 est
1796 3402 1825 3440 a
1857 3386 2059 3458 lingua,

481 3477 668 3543 favor;
696 3491 890 3530 munus
920 3491 948 3529 a
985 3491 1146 3528 manu
1166 3514 1181 3539 ,
1208 3473 1460 3539 donatio;
1487 3489 1682 3528 munus
1705 3475 1772 3529 ab
1801 3474 2062 3544 obsequio

482 3566 719 3622 indebita
753 3565 1032 3634 subjectio.
1067 3566 1394 3620 Constituite
1432 3566 1709 3621 ministros
1753 3567 1939 3636 palatii
1970 3568 2060 3637 qui

484 3660 650 3715 Deum
682 3667 1044 3731 cognoscant,
1067 3667 1268 3721 ament,
1292 3667 1346 3712 et
1369 3667 1628 3724 metuant,
1651 3660 1741 3730 qui
1771 3661 2062 3716 maximam

480 3766 666 3806 curam
695 3757 886 3819 gerant
911 3757 1179 3819 quatenus
1213 3749 1522 3818 quicunque
1573 3751 1875 3805 necestuosi
1909 3751 2062 3821 pala-

480 3841 614 3895 tium
643 3840 911 3904 adierint,
938 3847 993 3893 et
1038 3853 1136 3908 per
1163 3854 1300 3907 quos
1329 3839 1683 3909 perrexeritis
1702 3881 1716 3904 ,
1767 3850 1973 3910 patrem
2010 3851 2068 3897 et

484 3929 884 3985 consolatorem
913 3929 1194 3992 mirantes,
1219 3929 1506 3998 gaudendo
1537 3945 1632 3983 vos
1661 3930 1846 3984 videre
1871 3947 2062 3998 accur-

483 4031 638 4082 rant,
684 4035 822 4082 non,
874 4018 1108 4088 qualiter
1153 4018 1334 4072 dicere
1384 4018 1667 4084 nolumus,
1707 4022 1968 4088 gemendo
2012 4031 2065 4076 et

484 4107 854 4163 maledicendo
903 4105 1192 4177 refugiant.
1232 4105 1556 4162 Constituite
1604 4109 1831 4164 comites
1869 4119 1924 4165 et
1966 4114 2066 4166 mi-

482 4197 683 4252 nistros
727 4195 1039 4264 reipublicze
1088 4195 1178 4265 qui
1243 4211 1350 4250 non
1406 4195 1631 4265 diligant
1673 4213 1929 4266 munera,
1973 4203 2064 4271 qni

481 4286 668 4341 odiant
711 4286 1033 4349 avaritiam,
1081 4287 1172 4356 qui
1221 4287 1556 4346 detestentur
1599 4291 1941 4360 superbiam,
1973 4295 2062 4364 qui

484 4391 590 4430 non
635 4377 944 4446 opprimant
997 4394 1169 4447 neque
1213 4378 1570 4434 dehonestent
1613 4397 1914 4454 pagensestI

488 4481 691 4522 messes
705 4478 759 4522 et
775 4467 962 4522 vineas
978 4477 1031 4523 et
1054 4477 1206 4539 prata
1231 4483 1294 4522 ac
1317 4469 1496 4540 sylvas
1517 4483 1704 4524 eorum
1720 4487 2059 4543 nequaquam

487 4556 799 4620 devastent;
843 4558 938 4626 qui
983 4572 1171 4613 eorum
1220 4573 1415 4630 pecora
1462 4559 1545 4615 vel
1595 4559 1951 4632 frisltingasb,
1979 4563 2060 4618 vel

483 4661 818 4717 quaecunque
851 4648 1065 4704 illorum
1105 4659 1261 4716 sunt,
1294 4667 1398 4706 non
1424 4655 1755 4723 pranlentur,
1783 4669 1959 4724 neque
1977 4655 2060 4709 di-

484 4741 717 4812 ripiant,
747 4749 801 4797 et
825 4758 923 4812 per
957 4744 1267 4799 violentiam
1299 4760 1364 4800 ac
1387 4745 1527 4800 mala
1555 4747 1766 4818 ingenia
1797 4763 1916 4818 qua:
1947 4748 2063 4804 illo-

487 4847 605 4886 rum
654 4841 784 4886 sunt
831 4833 977 4887 nullo
1009 4832 1170 4888 modo
1219 4833 1500 4901 auferant,
1549 4836 1640 4905 qui
1687 4837 2061 4908 episcoporum

486 4938 706 4980 suorum
755 4923 979 4978 consilio
1033 4939 1154 4995 qua:
1204 4924 1296 4979 Dei
1355 4933 1512 4991 sunt,
1565 4934 1621 4981 et
1668 4925 2062 4982 Christianitati

485 5014 846 5078 conveniunt,
898 5013 1128 5078 faciant;
1174 5015 1268 5084 qui
1310 5014 1505 5085 placita
1542 5031 1647 5070 non
1694 5031 1792 5085 pro
1828 5017 2062 5086 acquisi-

483 5106 631 5159 tione
654 5104 790 5160 lucri
840 5114 1091 5168 teneant,
1129 5104 1222 5159 sed
1253 5113 1312 5158 nt
1337 5120 1476 5160 casm
1505 5105 1635 5171 Dei,
1680 5114 1734 5160 et
1759 5106 1969 5170 vidum,
2001 5121 2065 5160 ac

1109 5195 1363 5216 ε.-».ε.ε-..-
1401 5194 1630 5216 ι.-ι..--...
1707 5203 1750 5216 ,ι
1795 5195 1911 5216 _‘.--
1957 5196 2034 5216 ιειε

2167 1847 2315 1900 aiunt
2333 1863 2449 1900 eam
2471 1846 2684 1918 (Matth.
2704 1847 2820 1920 vn).
2836 1849 3128 1918 Propterea
3150 1851 3458 1922 quicunque
3477 1870 3536 1910 es
3557 1857 3742 1923 homo,

2164 1941 2287 1994 audi
2315 1942 2632 2011 prophetam
2651 1983 2666 2007 ,
2697 1953 2752 1997 et
2777 1959 2873 1999 ora
2901 1960 3023 2000 eum
3053 1949 3314 2016 propheta
3350 1969 3362 2002 :
3398 1950 3583 2021 Legem
3611 1969 3745 2021 pone

2163 2029 2319 2094 mihi,
2347 2029 2601 2097 Domine,
2634 2033 2770 2086 uiam
2798 2034 3242 2105 justiﬁcationum
3283 2051 3526 2105 tuarum,
3569 2051 3617 2095 et
3659 2058 3749 2098 ea:-

2161 2122 2369 2191 quiram
2406 2141 2521 2178 eam
2561 2141 2762 2195 semper
2797 2125 2969 2194 (Psal.
3000 2136 3210 2201 cxvm).
3250 2131 3315 2185 Et
3339 2151 3351 2185 :
3379 2133 3560 2188 Deduc
3587 2152 3670 2189 me
3687 2138 3744 2190 in

2161 2213 2398 2266 semitam
2415 2215 2784 2270 mandatorum
2799 2229 3026 2281 tuorum,
3043 2229 3093 2273 et
3104 2221 3242 2274 viam
3261 2222 3550 2291 iniquitatis
3563 2241 3744 2279 amove

2161 2321 2193 2356 a
2210 2320 2310 2368 me,
2325 2315 2373 2359 et
2383 2305 2448 2360 de
2459 2305 2567 2376 lege
2587 2317 2678 2361 tua
2697 2311 2937 2364 miserere
2953 2314 3054 2366 mei
3087 2313 3216 2383 (ibid
3223 2314 3282 2382 .).
3299 2316 3434 2380 Quia
3445 2316 3585 2370 sicut
3601 2315 3740 2371 ,ιω-ε-

2164 2394 2304 2448 mias
2335 2395 2594 2464 propheta
2619 2397 2749 2452 dicit
2778 2422 2790 2451 ;
2827 2397 2948 2453 Non
2977 2410 3050 2454 est
3086 2402 3313 2456 hominis
3360 2405 3442 2456 via
3467 2404 3604 2474 ejus,
3653 2421 3743 2459 nec

2161 2485 2259 2538 riri
2285 2493 2362 2538 est
2410 2495 2462 2538 ut
2493 2485 2719 2540 ambulet
2755 2497 2802 2541 et
2843 2489 3034 2559 dirigat
3079 2506 3284 2559 gressus
3322 2510 3445 2547 suos
3489 2494 3623 2565 (Jer.
3651 2499 3741 2568 x);

2171 2577 2267 2629 sed
2290 2593 2322 2628 a
2356 2575 2578 2629 Domino
2608 2578 2904 2646 dirigentur
2948 2597 3155 2649 gressus
3194 2582 3314 2648 viri,
3342 2593 3390 2637 et
3438 2586 3576 2638 viam
3626 2587 3742 2656 ejus

2161 2663 2292 2716 volet
2367 2662 2536 2734 (Psal.
2604 2667 2810 2738 xxxvi).
2862 2668 2966 2739 Ipsi
3009 2672 3235 2726 comites
3283 2673 3531 2729 similiter
3577 2691 3744 2746 quan-

2165 2761 2274 2806 tum
2298 2757 2595 2824 potuerint,
2623 2757 2825 2813 similes
2864 2761 2968 2814 sibi
2995 2761 3245 2818 timentes
3275 2763 3463 2829 Deum,
3493 2774 3549 2820 et
3585 2765 3744 2836 justi-

2163 2842 2293 2896 tiam
2349 2843 2628 2913 diligentes
2674 2862 2771 2916 per
2823 2864 2882 2904 se
2931 2849 3204 2905 ministros
3261 2854 3618 2919 constituant,
3649 2856 3740 2922 qui

2163 2931 2300 2986 sicut
2325 2933 2566 2989 seniores
2599 2949 2728 2991 suos
2778 2937 3037 3008 benignos
3071 2949 3125 2994 et
3154 2939 3395 2996 all‘abiles
3422 2943 3744 3012 pagensilms

2163 3023 2276 3078 suis
2305 3023 2558 3089 viderint,
2588 3034 2643 3080 et
2673 3024 2773 3096 ipsi
2812 3043 2910 3096 pro
2931 3030 3147 3086 modulo
3181 3047 3280 3086 suo
3305 3032 3425 3088 illos
3454 3034 3660 3088 imitari
3685 3035 3740 3088 in

2161 3114 2308 3167 omni
2331 3115 2571 3192 bonitate
2593 3125 2647 3170 et
2669 3116 2879 3185 justitia
2915 3129 3146 3175 certent.

2162 3246 2297 3301 Xlll.
2340 3247 2411 3302 ω
2437 3267 2522 3304 eos
2545 3255 2641 3323 qui”
2657 3263 2867 3323 propter
2889 3256 2984 3310 has
3002 3258 3280 3312 seditiones
3311 3265 3744 3318 excommunicati

2328 3329 2448 3374 sunt
2471 3359 2485 3382 ,
2509 3322 2578 3374 ad
2607 3321 2857 3377 Ecclesia:
2877 3343 3056 3394 pacem
3087 3343 3328 3383 revocare
3347 3333 3575 3386 studeat.

2235 3426 2496 3482 Honnines
2520 3429 2685 3483 etiam
2721 3437 2777 3484 et
2799 3441 3047 3501 potentes
3087 3436 3290 3500 stt-culi,
3331 3437 3420 3504 qui
3451 3439 3590 3492 inter
3614 3441 3746 3499 istas

2162 3515 2454 3570 seditiones
2478 3517 2612 3587 legis
2633 3516 2817 3586 jugum
2849 3530 2902 3573 et
2929 3519 3200 3588 justitiam
3221 3525 3494 3591 aequitatis
3530 3529 3744 3599 refuge-

2162 3613 2305 3667 runt,
2335 3615 2392 3661 et
2432 3607 2554 3660 talia
2578 3622 2640 3661 ac
2669 3617 2816 3662 tanta
2846 3609 3090 3664 fecerunt
3119 3626 3219 3680 pro
3257 3614 3451 3681 quibus
3490 3617 3746 3673 ecclesia-

2162 3695 2355 3750 sticam
2395 3704 2452 3749 et
2489 3695 2847 3765 episcopalem
2872 3701 3487 3757 excommunicationem
3536 3721 3746 3764 merue-

2164 3791 2309 3850 runt,
2339 3786 2407 3840 ad
2453 3785 2603 3856 leges
2623 3795 2679 3841 et
2722 3785 2945 3855 justitiae
2973 3792 3245 3846 tramitem
3295 3805 3574 3861 revocate;
3606 3806 3662 3852 et
3689 3806 3747 3852 ut

2162 3874 2230 3928 ad
2255 3889 2379 3930 suos
2405 3876 2689 3946 episcopos
2741 3879 3034 3945 lmmiliter,
3081 3881 3220 3936 sicut
3261 3885 3343 3937 eis
3371 3899 3591 3942 necesse
3638 3896 3740 3952 est,

2165 3964 2404 4028 veniant,
2433 3963 2619 4030 jnbete
2644 3967 2724 4019 vel
2745 3968 2953 4037 cogite;
2985 3979 3039 4022 et
3071 3979 3130 4024 ut
3159 3973 3435 4040 Ecclesiae,
3486 3977 3538 4030 in
3581 3993 3741 4047 quam

2163 4063 2542 4121 peccaverunt,
2588 4064 2681 4109 aut
2711 4072 2833 4111 cum
2865 4058 3044 4114 debita
3086 4066 3395 4119 necessaria
3441 4066 3743 4123 humilitate

2165 4144 2523 4208 satisfaciant,
2559 4155 2652 4202 aut
2677 4148 2956 4204 humiliter
2982 4159 3037 4206 et
3078 4155 3346 4210 veraciter
3375 4171 3435 4210 se
3465 4169 3742 4224 excusent,

2164 4237 2396 4307 qualiter
2419 4237 2621 4293 absolvi
2645 4256 2674 4293 a
2699 4240 2926 4297 Domino
2948 4258 3044 4312 per
3064 4245 3418 4302 ministerium
3443 4250 3748 4321 episcopale

2167 4328 2401 4392 valeant,
2438 4330 2682 4395 suadete,
2735 4339 2897 4402 atque
2946 4335 3093 4404 regia
3122 4345 3394 4406 potestate
3443 4341 3739 4409 praecipite.

2050 4386 2060 4398 .
2389 4386 2399 4392 ν
2669 4386 2681 4395 .
2808 4386 2824 4402 .
2882 4386 2888 4387 κ
3009 4386 3093 4404 um
3122 4386 3150 4406 τ
3179 4386 3392 4392 γης-τ--
3482 4386 3604 4394 ηυν-
3649 4386 3739 4394 .---

1927 4426 1940 4449 ν
1972 4403 2063 4455 (1⁸⁸³
2097 4410 2141 4468 Ι)
2169 4415 2304 4471 Etsi
2331 4417 2466 4471 forte
2491 4433 2606 4483 vos,
2639 4420 2718 4473 vel
2756 4421 3063 4490 quicunque
3108 4424 3197 4477 alii
3249 4428 3314 4480 de
3343 4386 3528 4481 eortlim
3571 4386 3744 4484 socie-

2171 4508 2297 4561 tatis
2325 4516 2379 4562 et
2403 4509 2798 4578 conjunctionis
2822 4515 3312 4571 conmmnicatione
3337 4516 3519 4572 infecti
3545 4526 3600 4573 et
3624 4534 3749 4575 con-

2169 4596 2402 4652 demnati
2435 4609 2578 4666 sunt,
2610 4601 2982 4671 paenitentiam
3011 4605 3348 4675 quiscunque
3396 4622 3456 4662 se
3487 4624 3746 4680 recogno-

2170 4689 2367 4743 scendo
2412 4688 2610 4756 faciat;
2650 4692 2798 4760 quia,
2854 4701 2989 4749 teste
3037 4709 3192 4749 sacra
3242 4697 3582 4762 auctoritate,
3638 4716 3744 4754 non

2169 4779 2366 4845 poterit
2391 4780 2592 4834 absolvi
2618 4797 2648 4833 a
2674 4782 2806 4847 suis,
2836 4785 2929 4853 qui
2955 4785 3194 4854 peccatis
3215 4786 3591 4842 damnabiliter
3617 4802 3744 4857 gra-

2170 4876 2326 4922 vatur
2359 4871 2616 4926 externis.
2666 4871 2817 4928 Sicut
2847 4890 3012 4931 orans
3039 4878 3208 4933 Deum
3235 4888 3456 4934 sanctus
3483 4881 3744 4951 propheta

2170 4963 2339 5018 David
2377 4963 2732 5032 demonstrat,
2775 4968 2962 5024 dicens
3000 4988 3012 5022 :
3043 4971 3118 5024 Ab
3142 4971 3359 5026 occultis
3396 4975 3524 5028 meis
3546 4973 3744 5028 munda

2169 5075 2268 5124 me,
2303 5058 2544 5127 Domine,
2586 5072 2632 5116 et
2666 5062 2731 5115 ab
2770 5063 2955 5119 alienis
3011 5081 3166 5133 parce
3212 5081 3358 5119 servo
3411 5076 3502 5121 tuo
3557 5068 3738 5138 (Psal.

2172 5152 2351 5216 xvnt.)
