4018 5392
290 324 356 382 ΞΙ
712 354 723 359 -
1722 316 2102 375 EPISTULA;
3480 319 3551 374 29.

290 450 488 494 usuras
511 451 612 492 nec
635 435 739 507 ipsi
759 435 984 501 faciant,
1010 448 1112 491 nec
1139 433 1396 505 pecunias
1420 432 1601 503 rcgias
1626 429 1710 485 vel
1737 442 1867 485 suas
1892 433 1944 492 Α
2038 431 2268 485 verentia
2299 432 2504 507 regigni:
2531 433 2806 507 debeatur,
2834 442 2883 488 et
2908 434 3050 505 quod
3093 433 3319 504 episcopi
3351 433 3422 486 ad
3463 448 3551 487 aa-

289 528 359 584 ad
393 543 591 583 usuras
617 529 840 594 donent,
865 542 1043 598 neque
1070 543 1100 582 a
1139 527 1253 583 suis
1274 525 1506 581 subditis
1528 538 1720 580 usuras
1750 522 1868 579 iie'ri

288 619 469 676 sinant
504 637 518 673 :
562 632 685 688 qua:
723 618 906 674 omnia
928 634 1025 676 vos
1050 633 1213 688 super
1247 631 1437 673 omnes
1465 616 1745 672 ministros
1772 627 1867 671 ve-

287 722 438 767 stros
457 710 612 765 odire
639 710 847 766 debetis
870 719 928 767 et
950 710 1153 781 fugere.
1170 711 1438 766 Etservos
1462 710 1641 781 regios
1659 707 1871 779 judices

287 816 397 857 non
419 802 751 871 opprimant,
782 816 886 857 nec
906 802 1046 857 ultra
1068 803 1209 871 quod
1234 802 1378 858 soliti
1403 800 1623 856 fuerunt
1646 799 1873 855 reddere

288 901 534 971 tempore
564 893 737 964 patris
761 894 930 950 vestri
955 893 1024 948 ab
1050 893 1131 948 eis
1149 894 1398 965 exigant;
1425 906 1600 962 neque
1646 905 1745 962 per
1774 905 1871 946 an-

284 984 468 1053 garias
519 983 574 1037 in
610 990 853 1052 tempore
881 983 1178 1054 incongrue
1224 982 1344 1038 illos
1388 980 1653 1054 afﬂigant;
1697 995 1872 1051 neque

283 1087 388 1142 per
423 1071 600 1137 dolos,
623 1081 719 1126 aut
744 1086 843 1143 per
869 1071 1009 1126 mala
1031 1072 1270 1142 ingenia,
1289 1071 1404 1128 sive
1432 1072 1872 1128 iuconveuientes

281 1164 649 1234 precationes,
680 1164 901 1219 colonos
945 1164 1311 1219 condemnent
1334 1180 1349 1214 :
1376 1163 1505 1232 quia
1533 1163 1578 1218 si
1609 1177 1707 1233 per
1732 1161 1869 1217 tales

284 1256 371 1312 vel
404 1256 539 1310 alias
561 1254 865 1324 huiusmodi
896 1254 1161 1310 factiones
1182 1254 1393 1325 pondus
1411 1254 1620 1324 argenti
1644 1252 1729 1307 vel
1752 1252 1870 1308 auri

283 1346 592 1403 habueritis
614 1348 666 1401 in
699 1360 852 1412 arca,
878 1345 1052 1416 majus
1065 1352 1119 1400 et
1140 1345 1358 1416 gravius
1390 1345 1600 1416 pondus
1626 1345 1730 1399 erit
1748 1358 1872 1414 pec-

281 1439 396 1495 cati
421 1438 566 1509 quod
619 1436 893 1492 habebitis
922 1436 976 1490 in
1006 1436 1340 1491 conscientia
1375 1445 1559 1490 vestra
1586 1443 1640 1491 et
1666 1435 1866 1490 anima.

283 1530 583 1587 Ediﬁeent
612 1530 769 1585 villas
789 1537 1002 1584 vestras
1024 1528 1317 1583 moderatis
1338 1527 1588 1591 castitiis,
1612 1533 1747 1582 utet
1775 1526 1872 1581 ho-

280 1628 469 1676 nestas
495 1619 802 1674 necessaria
830 1618 923 1684 sit,
952 1628 1009 1675 et
1029 1618 1231 1673 familia
1262 1632 1369 1673 non
1395 1624 1668 1687 gravetur.
1696 1612 1873 1670 Labo-

241 1727 248 1734 '
279 1717 407 1767 rent
430 1717 486 1765 et
506 1708 758 1764 exeolant
785 1716 961 1765 terras
989 1718 1044 1765 et
1064 1709 1253 1764 vineas
1278 1708 1334 1762 in
1360 1717 1604 1776 tempore
1624 1719 1748 1760 cum
1771 1704 1868 1759 de-

278 1801 393 1856 bita
422 1798 804 1865 sollicitudine,
828 1800 1041 1855 salvent
1059 1809 1114 1855 et
1138 1801 1453 1870 dispensent
1471 1799 1717 1854 laborata
1744 1813 1867 1853 cum

278 1889 425 1944 ﬁdeli
454 1888 803 1954 discretione,
831 1888 1034 1944 faciant
1056 1889 1387 1944 nutrimenta
1416 1902 1656 1959 congrua
1687 1896 1743 1942 et
1770 1901 1870 1942 ne-

275 1978 554 2042 cessaria;
578 1976 887 2032 custodiant
908 1976 1075 2032 silvas
1094 2018 1109 2043 ,
1141 1978 1283 2032 unde
1307 1977 1543 2033 habeant
1560 1975 1865 2047 pastiones;

276 2068 575 2124 defendant
601 2074 657 2122 et
702 2067 953 2123 excolant
983 2075 1158 2138 prata,
1191 2067 1331 2123 unde
1358 2068 1595 2122 habeant
1632 2066 1867 2137 pabula;

280 2168 559 2230 quatenus
585 2172 692 2213 non
725 2158 796 2213 sit
822 2158 975 2214 vobis
1002 2173 1224 2213 necesse
1260 2172 1359 2227 per
1402 2171 1752 2228 quascunque
1778 2171 1872 2212 oc-

275 2249 533 2306 casiones
556 2264 1002 2319 querumcunque
1033 2249 1336 2304 hortatibus
1356 2248 1590 2303 circuire
1612 2248 1730 2304 loca
1758 2250 1871 2318 epi-

272 2352 595 2409 scoporum,
627 2338 906 2404 abbatum,
948 2337 1347 2393 abbatissarum
1399 2337 1484 2392 vel
1508 2339 1792 2403 comitum,
1819 2348 1875 2393 et

276 2429 517 2498 majores
543 2444 709 2500 quam
741 2430 879 2484 ratio
900 2428 1133 2500 postulat
1158 2436 1384 2499 paratas
1415 2438 1442 2469 ι
1474 2427 1788 2498 exquirere,
1819 2435 1873 2483 et

276 2535 547 2591 pauperes
570 2521 965 2576 ecclesiasticos
992 2530 1047 2576 et
1098 2519 1332 2574 ﬁdelium
1383 2526 1690 2573 vestrorum
1720 2533 1874 2572 man—

275 2614 494 2667 suarios
519 2613 571 2666 in
607 2613 957 2669 carricaturis
984 2621 1037 2666 et
1066 2610 1416 2681 paraveredis
1438 2609 1469 2650 ι’
1500 2616 1692 2664 contra
1722 2608 1871 2663 debi-

275 2714 395 2761 tum
433 2707 740 2776 exigendis,
767 2722 1017 2777 gravare,
1046 2713 1101 2761 et
1124 2712 1408 2776 peccatum
1431 2704 1497 2759 de
1526 2703 1871 2760 facultatibus

276 2799 525 2855 tndebite
552 2799 890 2869 consumptis
916 2799 971 2852 in
988 2798 1227 2852 animam
1279 2802 1521 2852 vestram
1553 2809 1865 2866 congerere.

275 2889 471 2960 Neque
492 2907 521 2945 .ι
553 2891 841 2947 comitibus
867 2890 950 2945 vel
975 2888 1221 2945 fidelibus
1242 2889 1438 2944 vestris
1460 2887 1579 2958 plus
1606 2886 1870 2942 studentis

272 2999 447 3055 quam
476 2982 561 3038 lex
584 2991 640 3039 et
660 2982 991 3039 consuetudo
1019 2982 1120 3038 fuit
1136 2992 1378 3053 tempore
1397 2982 1568 3053 patris
1593 2982 1778 3045 vestri,
1804 2981 1870 3036 de

278 3075 389 3132 hoc
417 3075 564 3146 quod
595 3075 661 3130 de
703 3075 919 3130 franeis'
938 3074 1232 3144 accipiunt,
1261 3075 1570 3143 exquirere.
1604 3071 1743 3140 Quin
1772 3086 1870 3142 po-

270 3168 388 3224 tius
431 3167 680 3223 habeatis
722 3168 864 3223 unde
903 3165 1231 3222 sufﬁcienter
1256 3176 1310 3221 et
1356 3167 1585 3222 honeste
1618 3181 1740 3221 cum
1770 3166 1870 3222 do-

271 3256 510 3313 mestica
534 3264 688 3312 certe
708 3264 885 3311 vestra
908 3256 1132 3326 possitis
1157 3256 1359 3320 vivere,
1380 3263 1436 3310 et
1457 3256 1753 3328 legationes
1774 3271 1870 3326 pa-

269 3345 470 3400 latium
502 3353 741 3401 vestrum
766 3347 1030 3401 adeuntes
1050 3346 1313 3416 recipere,
1345 3354 1419 3411 et,
1441 3347 1583 3401 sicut
1605 3345 1871 3415 scriptum

266 3444 383 3500 est,
425 3436 570 3491 unde
615 3435 838 3505 possitis
882 3437 950 3491 de
975 3437 1135 3507 justis
1163 3436 1441 3492 laboribus
1481 3437 1863 3493 necessitatem

268 3526 614 3597 patientibus
640 3527 917 3582 tribuere:
948 3527 1075 3597 quia
1105 3541 1197 3581 rex
1228 3534 1283 3580 et
1308 3526 1492 3595 largus
1524 3526 1687 3582 debet
1716 3540 1865 3592 esse,

266 3624 330 3669 et
360 3631 472 3670 non
497 3615 641 3684 quod
671 3616 932 3687 largiatur
954 3618 1022 3670 de
1065 3616 1326 3687 iniustitia
1359 3618 1440 3672 vel
1467 3616 1756 3687 iniquitate
1778 3616 1871 3670 de-

265 3707 375 3763 bet
399 3708 741 3774 conquirere.
760 3706 979 3762 Judices
996 3723 1127 3761 vero
1142 3707 1388 3762 villarum
1405 3709 1627 3763 colonos
1644 3709 1869 3763 distrin-

268 3803 422 3868 gant
454 3805 513 3849 ut
543 3810 647 3849 non
675 3796 1079 3852 ecclesiasticos
1110 3797 1359 3852 homines
1387 3799 1469 3851 vel
1498 3797 1715 3852 francos
1739 3812 1871 3866 pau-

266 3885 553 3957 periores,
580 3892 673 3939 aut
701 3885 913 3940 alienos
938 3899 1147 3949 servos,
1182 3893 1400 3955 propter
1426 3884 1765 3956 privilegium
1788 3898 1873 3938 re-

270 3976 432 4046 gium
463 3974 798 4045 opprimant,
828 3981 922 4029 aut
961 3972 1130 4029 silvas
1155 3972 1239 4029 vel
1267 3987 1601 4043 quaecunque
1643 3971 1869 4027 aliorum

271 4074 414 4120 sunt
438 4065 490 4119 in
510 4080 606 4120 sua
635 4065 912 4121 vicinitate
942 4065 1243 4119 devastent.
1271 4064 1404 4131 Quia
1437 4064 1869 4135 rexjnstus,qui

271 4156 546 4226 justitiam
575 4156 737 4212 debet
765 4155 1012 4227 diligere,
1040 4156 1323 4211 ministros
1345 4164 1398 4210 et
1428 4155 1648 4212 colonos
1678 4155 1870 4226 impios

274 4255 337 4303 et
362 4247 577 4317 iniquos
608 4264 712 4303 non
738 4248 898 4303 debet
947 4247 1177 4312 habere;
1213 4247 1307 4301 sed
1336 4246 1676 4301 omnibusin
1710 4261 1769 4301 se
1813 4255 1867 4301 et

278 4340 339 4395 in
361 4338 480 4394 suis
493 4339 653 4395 debet
675 4339 1030 4395 imitationem
1058 4336 1292 4392 debitam
1308 4337 1682 4394 demonstrare
1706 4353 1719 4391 :
1744 4337 1869 4407 quia

2039 510 2310 557 crementa
2332 502 2577 573 adigendi
2594 519 2702 558 non
2725 503 2850 558 sint.

2039 633 2185 699 Haec,
2242 635 2363 706 quia
2396 636 2593 692 litteris
2626 637 2821 693 vestris
2870 636 3237 711 significastis,
3278 638 3422 709 quod
3448 655 3550 694 no-

1969 723 2180 781 hiscum
2209 726 2275 781 de
2304 726 2699 783 restauratione
2746 736 2947 783 sancta:
2978 727 3254 795 Ecclesiae,
3301 738 3356 785 et
3407 736 3552 785 statu

1972 831 2037 873 ac
2062 817 2232 873 salute
2257 816 2437 887 populi
2463 816 2772 883 christiani,
2800 827 3034 873 tractare
3055 818 3284 886 velletis,
3308 819 3551 875 domina-

1971 910 2103 966 tioni
2132 918 2326 964 vestra:
2358 909 2562 979 scripto
2582 908 2911 989 respondere
2940 910 3256 966 curavimus
3285 929 3298 965 :
3326 913 3452 982 quia
3499 921 3556 969 et

1973 1015 2070 1071 pro
2099 998 2441 1055 inclementia
2468 1000 2630 1066 aeris,
2662 1007 2718 1054 et
2747 1016 2847 1071 pro
2872 1001 3308 1058 inconvenientia
3343 1014 3552 1075 tempo-

1974 1094 2075 1159 ris,
2097 1100 2151 1148 et
2174 1101 2394 1163 propter
2415 1092 2791 1148 imminentem
2819 1092 2958 1148 diem
2982 1092 3196 1149 Domini
3246 1094 3420 1150 nostri
3450 1093 3555 1150 Na-

1977 1181 2122 1246 talis,
2154 1181 2341 1236 venire
2393 1180 2461 1234 ad
2491 1180 2839 1252 praesentiam
2895 1189 3134 1237 vestram
3191 1183 3552 1254 nequivimus.

1974 1270 2288 1343 Operamini
2315 1287 2412 1326 vos
2441 1270 2657 1325 interim
2700 1271 2804 1325 ista
2845 1286 2966 1341 qua:
3018 1288 3140 1328 cum
3185 1273 3429 1330 ﬁdelibus
3469 1291 3557 1332 ve-

1974 1366 2103 1420 stris
2129 1366 2247 1420 sine
2274 1373 2458 1420 nostra
2489 1363 2757 1434 corporali
2786 1364 3073 1434 praesentia
3100 1366 3314 1437 operari
3344 1367 3556 1423 valetis.

1978 1453 2045 1511 Et
2072 1471 2194 1510 eum
2228 1464 2437 1525 tempus
2464 1469 2763 1527 congruum
2793 1462 2849 1510 et
2875 1456 3047 1510 sacris
3072 1456 3369 1512 canunibus
3414 1456 3560 1512 desi-

1976 1554 2202 1618 gnatum
2226 1545 2528 1613 advenerit,
2554 1547 2770 1617 quando
2797 1554 2853 1601 et
2872 1561 2971 1616 pro
2992 1562 3322 1619 paganorum
3348 1546 3560 1602 infesta-

1978 1638 2144 1703 tione,
2176 1645 2232 1692 et
2252 1652 2349 1708 pro
2390 1638 2565 1693 exorti
2594 1637 2855 1693 tumultus
2878 1653 2942 1694 ac
2987 1637 3448 1709 deprmdationum
3477 1648 3557 1693 at-

1973 1745 2078 1799 que
2109 1728 2422 1799 rapinarum
2464 1727 2769 1783 miserrima
2814 1727 2976 1784 nimis
3003 1729 3346 1795 confusione,
3400 1729 3558 1787 nobis

1975 1818 2187 1874 licuerit
2213 1834 2335 1875 cum
2365 1818 2600 1874 dominis
2647 1830 2702 1875 et
2728 1819 3094 1876 confratribus
3119 1836 3183 1875 ac
3218 1821 3561 1892 comprovin-

1974 1909 2207 1967 cialibus
2249 1910 2674 1982 archiepiscOpis
2702 1921 2755 1966 et
2785 1910 3119 1982 coepiscopis
3160 1911 3445 1983 synodum,
3477 1910 3557 1965 fa-

1977 2009 2136 2055 vente
2167 1999 2413 2067 Domiuo,
2442 2000 2742 2066 celebrare,
2775 2016 2897 2070 quae
2922 1999 3007 2055 his
3028 2010 3154 2056 sunt
3177 2002 3411 2067 residua,
3436 2014 3558 2056 cum

1975 2092 2053 2147 eis
2079 2093 2220 2147 sicut
2249 2107 2374 2147 cum
2400 2091 2677 2164 magistris
2714 2102 2768 2147 et
2806 2093 3053 2164 patribus
3090 2100 3347 2158 tractare’,
3383 2100 3438 2146 et
3470 2106 3560 2146 vc-

1974 2181 2719 2238 straadominationidebitum
2741 2180 3027 2238 consilium
3051 2182 3180 2238 dare
3201 2182 3557 2237 studebimus.

1974 2270 2108 2327 Etsi
2159 2272 2299 2326 Deus
2342 2269 2669 2327 soliditatem
2720 2280 2775 2325 et
2828 2270 3058 2327 salutem
3110 2270 3369 2327 Ecclesiae
3395 2279 3559 2342 atque

1978 2360 2128 2430 regni
2160 2360 2216 2413 in
2249 2374 2410 2414 manu
2435 2369 2616 2415 vestra
2656 2361 2897 2415 adunare
2920 2368 2974 2415 et
3022 2361 3336 2431 prosperari
3364 2361 3556 2417 decre-

1974 2449 2135 2514 verit,
2167 2464 2287 2520 quae
2312 2464 2435 2504 cum
2464 2450 2886 2520 archiepiscopis
2909 2458 2965 2505 et
2985 2451 3320 2520 coepiscopis
3361 2452 3561 2506 nostris

1973 2539 2095 2610 plus
2137 2553 2433 2610 congruere
2481 2539 2677 2594 divinis
2727 2538 3174 2609 dispositionibus
3241 2539 3557 2604 viderimus,

1975 2643 2135 2700 agere
2152 2630 2253 2684 sub
2271 2629 2528 2683 famulatu
2554 2628 2684 2683 recti
2710 2628 2986 2699 regiminis
3005 2628 3173 2683 vestri
3199 2630 3555 2687 studebimus.

1974 2718 2174 2776 Potens
2193 2727 2277 2774 est
2296 2717 2442 2774 enim
2472 2719 2615 2772 Deus
2637 2717 2814 2772 minus
2846 2717 3045 2772 bonum
3075 2716 3287 2772 initium
3328 2719 3380 2772 in
3434 2734 3559 2790 per-

1976 2806 2115 2863 fecte
2128 2808 2333 2863 bonum
2349 2815 2687 2863 commutare
2704 2819 3042 2876 processum,
3067 2806 3151 2861 cui
3176 2807 3419 2862 noscitur
3437 2822 3557 2863 esse

1973 2898 2229 2971 possibile
2254 2898 2398 2970 quod
2436 2898 2770 2969 impossibile
2810 2897 2983 2953 solent
3023 2898 3269 2954 homines
3286 2896 3554 2967 judicare.

1976 2992 2033 3048 Si
2055 2992 2199 3046 enim
2225 2991 2487 3061 sapientia
2514 2998 2693 3045 vestra
2719 2990 2940 3062 dignum
2959 2990 3169 3061 judicat
3188 2991 3332 3061 loqui
3363 3000 3418 3047 et
3450 2999 3560 3046 tra-

1978 3095 2127 3139 eiare
2160 3098 2285 3138 cum
2309 3081 2489 3139 vicino
2534 3097 2658 3154 rege
2702 3081 2927 3152 ejusque
2957 3080 3223 3150 fidelibus,
3271 3084 3561 3139 secedente

1979 3174 2044 3229 de
2068 3174 2170 3230 ista
2201 3180 2358 3246 parte
2385 3174 2535 3244 regni
2581 3173 2804 3230 domino
2854 3182 3064 3238 nostro,
3097 3173 3264 3230 fratre
3303 3175 3558 3231 videlicet

1977 3272 2175 3332 vestro,
2220 3263 2386 3320 multo
2431 3264 2602 3335 magis
2625 3280 2723 3320 nos
2749 3274 2963 3335 oportet
2988 3273 3305 3334 exspectare
3347 3274 3559 3338 tempus

1974 3356 2316 3421 canonicum,
2367 3364 2426 3410 ιιι
2474 3370 2596 3411 cum
2641 3354 2905 3411 fratribus
2929 3363 2985 3411 et
3009 3356 3561 3425 comprovincialibus

1975 3447 2400 3518 archiepiscopis
2419 3454 2473 3501 et
2496 3444 2764 3517 episcopis
2792 3445 3109 3517 loquamur,
3137 3447 3262 3516 quia
3287 3447 3557 3516 generalis

1974 3553 2140 3593 causa
2162 3538 2410 3594 imminet
2432 3538 2595 3594 totius
2617 3537 2901 3608 Cisalpina:
2925 3538 3187 3595 ecclesiae.
3215 3538 3445 3596 Maxime
3466 3556 3560 3596 au-

1976 3637 2085 3683 tem
2114 3627 2269 3684 nobis
2298 3642 2521 3683 necesse
2545 3636 2631 3683 est
2661 3628 2804 3698 loqui
2832 3644 2953 3684 cum
3009 3628 3116 3685 illis
3137 3630 3563 3701 archiepiscopis

1976 3727 2033 3773 et
2055 3720 2343 3788 episcopis,
2375 3720 2467 3789 qui
2497 3735 2763 3775 consensu
2788 3729 2843 3774 et
2875 3720 3151 3777 voluntate
3196 3721 3376 3792 populi
3407 3723 3559 3793 regni

1980 3807 2136 3861 istius
2170 3808 2444 3862 dominum
2466 3817 2712 3861 nostrum
2752 3807 2978 3861 fratrem
3011 3817 3253 3863 vestrum
3285 3822 3559 3865 unxerunt

1962 3895 2032 3977 Ain
2058 3911 2235 3969 regem
2260 3911 2416 3953 sacro
2435 3897 2732 3952 chrismate
2753 3898 2933 3973 divina
2957 3898 3266 3967 traditione,
3291 3915 3561 3973 quemque

1977 3997 2165 4043 sancta
2188 3988 2344 4044 sedes
2367 3987 2660 4058 apostolica
2690 3997 2868 4044 mater
2893 3998 3080 4046 nostra
3104 3990 3304 4048 litteris
3346 4000 3562 4063 aposto-

1964 4070 2093 4134 licis
2116 4087 2174 4133 ut
2197 4093 2378 4152 regem
2407 4080 2675 4137 honorare
2695 4082 2903 4138 studuit
2925 4092 2980 4139 et
3000 4084 3349 4142 conﬁrmare.
3376 4086 3562 4159 Legite

1976 4167 2140 4225 libros
2161 4168 2390 4242 Regum,
2418 4182 2472 4227 et
2495 4172 2784 4229 invenietis
2802 4182 3007 4245 quanta
3030 4177 3333 4232 reverentia
3375 4192 3561 4249 repro-

1974 4258 2156 4313 hatum
2179 4267 2234 4315 et
2275 4258 2545 4329 abjectum
2572 4275 2604 4314 a
2648 4260 2879 4317 Domino
2907 4260 3038 4317 Saul
3084 4263 3284 4320 ducere
3337 4265 3561 4335 dignum

1976 4348 2129 4403 duxit
2151 4358 2373 4405 sanctus
2416 4348 2658 4418 Samuel,
2685 4350 2838 4422 cujus
2860 4350 3039 4407 locum
3071 4353 3124 4407 in
3170 4353 3413 4411 Ecclesia
3460 4372 3560 4414 nos

278 4430 330 4525 si
356 4430 478 4525 ipse
500 4428 668 4525 Deum
697 4428 975 4525 dilexerit,
996 4441 1190 4483 omnes
1213 4425 1580 4525 boni_diligcnl
1605 4426 1787 4525 illum;
1817 4435 1871 4480 0|
1904 4467 1950 4525 ι)
1978 4438 2101 4493 licet
2125 4440 2329 4512 indigni
2357 4449 2621 4497 tenemus.
2648 4442 2715 4498 Et
2737 4444 2996 4499 attendite
3016 4459 3179 4515 quam
3222 4447 3400 4517 magni
3425 4460 3558 4517 pen-

279 4522 326 4576 si
355 4522 471 4591 ipse
514 4520 684 4576 Deum
715 4520 977 4584 timuerit,
1024 4533 1215 4575 omnes
1248 4519 1374 4573 mali
1405 4520 1670 4575 timebunt
1697 4518 1866 4573 illum.

282 4611 354 4666 Et
379 4627 473 4666 rex
498 4620 665 4681 atque
685 4611 767 4666 sui
791 4610 1023 4665 ministri
1046 4625 1144 4679 per
1166 4623 1409 4665 amorem
1440 4609 1536 4664 Dei
1562 4610 1763 4664 bonum
1792 4609 1871 4662 fa-

284 4702 457 4766 ciant,
484 4711 539 4756 et
562 4716 755 4756 omnes
780 4701 916 4755 bona
942 4700 1122 4755 facere
1142 4699 1392 4765 doceant,
1419 4707 1472 4755 et
1497 4714 1593 4768 per
1623 4700 1870 4755 timorem

286 4790 383 4844 Dei
426 4790 565 4844 mala
610 4789 839 4859 fugiant,
870 4797 925 4843 et
946 4803 1136 4845 omnes
1165 4789 1219 4843 in
1243 4788 1348 4844 illis
1385 4788 1525 4844 mala
1575 4788 1761 4855 fugere
1789 4789 1870 4842 di-

287 4889 463 4936 scant.
489 4879 686 4936 Missos
705 4881 864 4934 etiam
896 4881 1030 4937 tales
1053 4896 1150 4952 per
1163 4896 1384 4951 regnum
1411 4880 1747 4941 constituite,
1775 4879 1866 4949 qui

285 4972 462 5026 sciant
485 4971 728 5041 qualiter
746 4973 968 5027 comites
998 4980 1054 5027 et
1093 4972 1274 5027 caeteri
1298 4972 1526 5027 ministri
1561 4970 1870 5040 reipublicae

281 5062 551 5130 justitiam
587 5070 646 5115 et
660 5060 916 5130 judicium
940 5061 1137 5134 populo
1161 5061 1379 5127 faciant,
1411 5063 1503 5133 qui
1531 5062 1677 5118 sicut
1703 5061 1871 5116 comi-

286 5151 427 5206 tibus
460 5159 875 5220 praeponuntur,
912 5154 981 5208 ita
1013 5151 1265 5216 scientia,
1284 5150 1493 5220 justitia
1521 5168 1585 5208 ac
1646 5152 1870 5208 veritate

280 5240 357 5293 eis
378 5239 794 5308 praeemineant.

428 5342 471 5354 Ὀ

1980 4530 2057 4584 dit
2078 4540 2299 4586 sanctus
2325 4530 2514 4598 David,
2539 4531 2592 4585 in
2619 4531 2738 4588 loco
2780 4532 2925 4589 illius
2949 4533 3176 4600 electus,
3200 4544 3256 4591 et
3283 4544 3479 4593 unctus
3527 4552 3560 4595 α

1980 4618 2229 4684 Domino,
2254 4620 2469 4675 mittere
2490 4635 2710 4675 manum
2745 4622 2801 4701 in
2822 4619 3099 4678 Christum
3142 4623 3384 4692 Domini;
3432 4641 3559 4682 eum

1979 4708 2108 4764 Sani
2160 4726 2265 4765 non
2323 4711 2496 4766 solum
2543 4729 2609 4767 ex
2664 4713 2768 4768 alia
2810 4714 3086 4787 progenie,
3132 4730 3321 4771 verum
3352 4731 3420 4771 ex
3451 4717 3560 4772 alia

1980 4801 2291 4870 tribuerat;
2355 4811 2411 4857 et
2476 4802 2626 4858 illum
2674 4802 2960 4874 rejectum,
3029 4813 3086 4862 et
3137 4820 3197 4862 se
3243 4805 3478 4861 electum
3524 4820 3557 4862 ι

1974 4898 2205 4956 Domino
2247 4902 2640 4972 cognoscebat;
2674 4912 2730 4958 et
2749 4902 2886 4958 nihil
2916 4903 3189 4959 ﬁrmitatis
3213 4901 3361 4958 Sauli
3388 4901 3558 4961 David

1972 5009 2201 5072 fecerat,
2266 5005 2365 5062 sed
2424 5003 2717 5074 plurimum
2786 5004 3116 5074 adjutorium
3184 5014 3241 5060 et
3307 5004 3559 5060 devotam

1975 5108 2296 5167 servitutem
2332 5105 2385 5161 ei
2430 5104 2792 5173 impenderat.
2826 5106 2898 5162 Et
2941 5122 3118 5179 neque
3138 5103 3278 5161 bello
3316 5102 3558 5169 auferre,

1976 5220 2157 5277 neque
2176 5203 2379 5275 ingenii
2402 5202 2546 5268 dolo,
2568 5203 2642 5259 illi
2671 5218 2897 5276 regnum
2921 5207 3206 5274 subripere
3245 5204 3557 5258 attentavit.

1979 5310 2048 5366 Et
2077 5321 2200 5363 cum
2232 5306 2433 5354 multos
2461 5304 2529 5354 ad
2551 5304 2655 5354 hoc.
2694 5318 2954 5354 suaseras
2987 5314 3042 5354 et
3057 5299 3413 5354 auxiliatores
3459 5305 3560 5354 hac
