4046 6284
447 251 518 306 23
1358 287 1363 296 ,
1400 238 1731 296 HINCMARI
1787 230 2182 290 BIIEMENSIS
2217 233 2769 289 ABClllEPlSCOPl.
3677 239 3760 294 ει

447 377 695 437 quamvis
730 368 927 416 mii-tas
950 357 1355 429 persecutiones
1382 364 1436 411 et
1465 355 1625 410 morti
1653 353 1926 426 proximas
1954 352 2020 406 ab
2047 354 2096 410 A
2123 351 2408 414 honorabo,
2427 361 2474 406 et
2489 353 2543 405 lii
2561 353 2650 421 qui
2669 362 2902 406 temnunt
2924 367 3024 416 me,
3045 362 3196 406 erant
3237 352 3496 422 ignobiles
3524 353 3588 424 (1
3608 353 3754 422 Reg.

445 470 512 509 eo
536 451 831 521 Saepissime
854 447 1186 504 sustinuerit.
1213 446 1437 515 Insuper
1468 453 1523 500 et
1556 447 1691 499 bene
1714 443 1866 498 scitis
1895 441 2023 510 quid

447 547 514 601 de
557 544 649 600 illo
690 541 947 614 jusserit,
993 539 1105 608 qui,
1153 537 1281 592 licet
1329 535 1690 599 mendaciter,
1736 549 1834 604 pro
1884 533 2025 588 illius

447 645 628 692 tamen
658 633 830 705 gratia
858 630 1186 700 acquirenda
1219 644 1277 684 se
1305 642 1522 702 manum
1550 626 1766 680 misisse
1795 624 1849 678 in
1874 623 2028 679 Chri-

447 735 615 791 stum,
648 724 700 778 id
753 731 837 777 est
871 730 1091 775 unctum
1120 719 1358 782 Domini,
1384 717 1647 771 nuntiavit
1679 731 1693 770 :
1722 731 1844 770 nam
1869 714 1914 769 si
1945 722 2030 768 est

449 815 644 884 aliquis
677 812 768 881 qui
809 812 924 865 huic
955 809 1182 880 ignoret,
1214 823 1312 861 nos
1342 807 1390 860 ei
1432 805 1661 860 dicimus
1695 804 1818 873 quia
1853 802 2028 873 gladio

448 921 570 961 eum
608 902 912 958 interficere
930 900 1110 967 jussit.
1137 898 1227 952 Sic
1251 906 1304 952 et
1332 899 1422 966 qui
1451 895 1736 950 inﬁdeliter
1757 905 1813 950 et
1835 903 2029 950 contu-

449 994 674 1048 maciter
715 993 767 1046 in
816 998 1036 1046 unctum
1083 987 1512 1057 qualemcunque
1557 986 1766 1040 Domini
1811 1000 2028 1039 manum

451 1083 636 1146 mittit,
663 1082 948 1135 Dominum
978 1079 1312 1134 Christoriim
1338 1076 1613 1131 Christum
1636 1075 1954 1139 contemnit,
1977 1081 2033 1128 et

450 1175 504 1226 in
537 1172 714 1226 anima
762 1169 946 1240 procul
984 1168 1146 1223 dubio
1185 1167 1445 1237 spiritalis
1489 1166 1648 1234 gladii
1696 1165 2035 1218 animadver-

449 1263 599 1315 sione
646 1259 806 1328 pcrit.
859 1258 985 1312 Ihec
1029 1257 1291 1321 dicimus,
1337 1273 1440 1312 non
1485 1264 1543 1310 ut
1589 1255 2035 1324 exaggeratioues

450 1356 634 1402 contra
649 1346 1068 1399 dominationem
1082 1352 1314 1399 vestram
1332 1344 1653 1414 iiicougruas
1667 1345 1827 1412 exqui
1833 1358 2034 1408 ramus,

448 1438 540 1490 sed
563 1444 622 1490 ut
647 1436 944 1491 evidentius
964 1450 1063 1504 pro
1085 1435 1340 1504 qualitate
1367 1437 1537 1490 nostri
1564 1436 1870 1500 ministerii,
1886 1436 2034 1505 quid,

447 1538 673 1597 excepta
713 1527 892 1582 debita
925 1527 1026 1581 fide
1065 1536 1119 1582 et
1174 1527 1548 1592 beneficentia,
1591 1528 1745 1583 nobis
1782 1528 1834 1582 in
1870 1526 2038 1582 fratre

448 1628 632 1674 vestro
662 1619 1014 1673 revereudum
1042 1619 1133 1683 sit,
1155 1618 1608 1674 demonstremus.
1633 1619 1816 1673 Talem
1843 1635 2036 1689 nempe

2130 439 2213 509 ii).
2243 438 2355 493 Et:
2397 439 2501 504 Qui
2547 457 2636 494 vos
2681 441 2867 510 tangit,
2913 441 3078 509 tangit
3125 440 3381 509 pupillam
3429 441 3590 494 oeuli
3646 441 3759 491 mei

2130 531 2316 602 (Zach.
2357 533 2441 600 il).
2492 533 2560 586 Et
2609 532 2662 586 in
2710 532 2921 600 psalmo
2963 550 2975 584 :
3011 531 3192 585 Nolite
3236 541 3451 600 tangere
3505 528 3760 584 chrisma

2129 639 2288 685 meos,
2318 623 2440 675 etin
2463 622 2725 690 praplietis
2753 621 2884 675 meis
2896 621 3054 675 nolite
3073 620 3354 689 malignari’
3376 619 3562 690 (Psal.
3599 620 3758 683 Civ);
3810 675 3815 680 ,

2129 712 2381 781 quoniam
2414 729 2429 765 :
2463 711 2567 777 Qui
2605 712 2992 780 malignantur,
3037 712 3089 765 id
3134 719 3220 766 est
3258 712 3499 782 maligna
3543 719 3759 779 agunt,

2131 799 2616 854 exterminabuntur
2648 819 2666 856 :
2700 802 3008 854 sustinentes
3063 811 3235 854 autem
3284 800 3590 854 Dominum
3649 800 3762 869 ipsi

2131 888 2510 941 hwreditabunt
2541 898 2733 940 terram
2763 886 2935 955 (Psal.
2971 888 3178 958 xxxvi),
3228 889 3328 943 hoc
3369 898 3447 944 est
3504 903 3760 958 regnum

2134 979 2249 1033 Dei.
2279 979 2345 1032 Et
2373 994 2494 1033 cum
2523 978 2734 1033 venerit
2766 987 2976 1047 tempus
3007 987 3060 1034 et
3099 979 3269 1043 locus,
3302 979 3442 1035 sicut
3479 981 3761 1048 superius

2135 1070 2389 1134 diximus,
2414 1070 2695 1139 loquemur
2711 1085 2834 1124 cum
2853 1069 3052 1124 nostris
3077 1052 3482 1133 confratribus;
3508 1077 3571 1122 et
3603 1068 3763 1122 sicut

2135 1159 2347 1215 Domini
2382 1160 2547 1230 justis
2585 1161 3032 1228 dispositionibus
3071 1161 3366 1215 viderimus
3404 1160 3757 1223 convenire,

2137 1249 2256 1304 sine
2303 1249 2465 1304 dubio
2503 1249 2783 1304 faciemus.
2823 1249 2892 1303 Et
2926 1264 3032 1304 non
3071 1258 3153 1304 est
3193 1249 3542 1304 rationabilis
3575 1263 3760 1304 causa

2138 1358 2257 1412 quae
2284 1334 2473 1396 contra
2496 1342 2600 1396 hoc
2619 1343 2764 1410 quod
2793 1341 3026 1410 petimus
3051 1355 3147 1395 vos
3171 1340 3368 1396 debeat
3391 1341 3706 1395 stimulare
3741 1357 3755 1391 :

2139 1433 2264 1501 quia
2296 1448 2402 1487 non
2445 1446 2632 1486 sumus
2673 1429 2981 1498 biijusmodi
3011 1431 3256 1486 homines
3291 1440 3350 1485 iit
3375 1448 3503 1486 cum
3537 1445 3760 1498 cogno-

2140 1529 2378 1584 verimus
2412 1527 2742 1581 voluntatem
2783 1526 3016 1590 Domini,
3053 1527 3280 1581 velimus
3314 1536 3407 1580 aut
3431 1528 3762 1582 debeamus

2140 1618 2410 1686 quomodo
2459 1615 2742 1680 resultare,
2791 1615 2875 1670 vel
2929 1615 3078 1670 rixas
3129 1623 3184 1669 et
3219 1615 3601 1671 dissensiones
3651 1631 3758 1670 seu

451 1725 544 1764 vos
575 1709 837 1764 debemus
873 1717 929 1763 et
975 1709 1220 1764 volumus
1249 1710 1494 1774 credere,
1533 1719 1590 1763 ut
1632 1725 1731 1765 nec
1755 1725 1850 1766 vos
1881 1687 2030 1779 regni
2066 1687 2110 1746 Β
2138 1708 2452 1771 seditiones,
2495 1721 2632 1777 quas
2672 1706 2862 1776 vulgus
2897 1721 3093 1761 inerms
3134 1708 3397 1771 nominat,
3434 1707 3763 1762 debeamus

450 1808 798 1868 augmentum
841 1816 962 1854 cum
1003 1802 1196 1855 anima:
1240 1811 1436 1856 vestrae
1485 1803 1810 1857 detrimento
1856 1802 2034 1856 velitis

449 1889 674 1954 habere,
703 1904 876 1958 neque
902 1885 1002 1944 nos
1028 1905 1150 1944 eum
1183 1891 1276 1946 tali
1314 1891 1579 1947 dedecore
1608 1895 1676 1946 ad
1707 1893 2032 1964 adjutorium

450 1979 801 2034 ecclesiastici
843 1981 1121 2050 regiminis
1149 1990 1204 2036 et
1240 1983 1649 2052 gubernationis
1677 1984 1939 2052 recipere,
1973 1992 2034 2038 ut

449 2071 567 2125 sine
596 2071 894 2126 sacerdotio
928 2072 1127 2138 simus;
1158 2089 1266 2143 quo
1292 2075 1484 2144 privati
1510 2077 1730 2137 erimus.
1774 2077 1816 2129 si
1846 2083 2033 2130 contra

450 2159 618 2216 Deum
669 2169 724 2216 et
771 2163 996 2217 rationis
1041 2166 1450 2229 auctoritatem,
1504 2183 1620 2229 nos,
1673 2167 2036 2235 ecclesiasque

451 2259 667 2306 nostras
693 2253 845 2309 vobis
882 2255 1248 2309 studuerimus
1288 2256 1648 2310 committere.
1682 2257 1938 2330 Ecclesia:
1964 2255 2038 2309 si-

451 2347 669 2414 quidem
699 2348 853 2402 noliis
892 2364 921 2401 a
958 2349 1064 2404 Deo
1093 2351 1396 2405 couniiisste
1428 2367 1531 2405 non
1573 2353 1696 2406 talia
1725 2360 1849 2405 sunt
1874 2351 2038 2406 bene-

454 2436 596 2500 ﬁcia,
622 2445 677 2490 et
704 2437 1011 2506 hujusmodi
1041 2439 1182 2508 regis
1201 2441 1527 2509 proprietas,
1556 2448 1614 2494 ut
1637 2455 1733 2510 pro
1761 2441 1911 2496 libitu
1939 2457 2038 2496 suo

452 2524 758 2578 inconsulte
804 2527 923 2580 illas
961 2528 1129 2594 possit
1176 2529 1326 2592 dare,
1375 2530 1459 2583 vel
1499 2530 1686 2584 tollere
1727 2547 1740 2583 :
1782 2531 2036 2598 quoniam

452 2615 632 2667 omnia
680 2630 802 2683 qua:
845 2615 1101 2670 Ecclesia:
1151 2624 1306 2680 sunt,
1362 2617 1473 2670 Deo
1527 2628 1842 2673 consecrata
1891 2627 2035 2673 sunt.

458 2705 609 2760 Unde
635 2706 725 2774 qui
753 2705 1006 2760 Ecclesia:
1032 2707 1232 2775 aliquid
1258 2708 1536 2764 fraudetur
1556 2720 1650 2763 aut
1682 2711 1840 2775 tollit,
1872 2713 2040 2765 sacri-

456 2794 652 2863 legium
681 2795 973 2848 secundum
1007 2804 1247 2850 sanctam
1277 2797 1614 2866 Scripturam
1657 2799 1835 2856 facere
1866 2801 2042 2855 nosci-

457 2894 564 2937 tur.
598 2883 665 2939 Et
692 2900 791 2938 nos
819 2886 1056 2956 episcopi
1090 2887 1317 2942 Domino
1363 2890 1687 2955 consecrati,
1720 2907 1822 2945 non
1855 2908 2041 2947 smnus

457 2971 764 3041 hiijiismodi
810 2973 1057 3029 homines
1100 2985 1159 3030 iit
1194 2977 1332 3031 sicut
1380 2979 1628 3035 homines
1667 2980 1954 3036 saeculares
1985 2983 2038 3036 in

2133 1813 2497 1862 commovere,
2542 1811 2850 1861 conserere,
2894 1797 2980 1852 vel
3022 1805 3235 1862 tenere,
3281 1812 3417 1866 quos
3467 1798 3762 1852 Dominus

2134 1889 2286 1960 pacis
2324 1888 2714 1958 przedicatores
2746 1895 2802 1942 et
2843 1894 3139 1943 sectatores
3173 1887 3342 1942 voluit
3371 1889 3669 1953 ordinare,
3700 1898 3763 1945 et

2135 1986 2355 2050 peccata
2387 1988 2572 2032 nostra
2612 1986 2775 2046 atque
2807 1978 2961 2034 nobis
2995 1979 3433 2044 commissorum,
3475 1990 3537 2034 et
3573 1982 3758 2035 etiam

2137 2067 2307 2122 totius
2327 2067 2531 2136 populi,
2555 2066 2836 2122 constituit
2864 2066 3120 2136 plangere
3142 2075 3198 2122 et
3217 2082 3430 2131 curare,
3457 2077 3518 2122 et
3539 2067 3759 2122 bellum

2137 2170 2262 2208 cum
2292 2154 2462 2217 vitiis,
2499 2162 2555 2207 et
2591 2168 2782 2222 pacem
2831 2169 2954 2207 cum
2998 2153 3259 2208 fratribus
3299 2153 3464 2222 jussit
3511 2155 3754 2210 habere.

2138 2241 2248 2295 Nos
2278 2241 2527 2310 equidem
2571 2255 2758 2310 pacein
2800 2249 2856 2294 et
2893 2241 3155 2309 quietem,
3182 2258 3287 2297 non
3315 2243 3461 2298 rixas
3490 2254 3552 2298 et
3576 2245 3752 2308 bella,

2139 2341 2390 2402 optamus
2421 2340 2477 2386 et
2523 2333 2818 2401 quaerimus
2851 2351 2864 2386 :
2897 2333 3032 2400 Quia
3065 2333 3204 2388 sicut
3238 2335 3370 2390 dicit
3393 2337 3706 2407 Apostolus
3740 2359 3753 2393 :

2144 2420 2266 2476 Non
2298 2431 2418 2476 sunt
2458 2422 2604 2476 nobis
2634 2421 2872 2476 carnalia
2911 2439 3082 2487 arma,
3123 2424 3213 2478 sed
3244 2425 3536 2492 spiritalia,
3574 2439 3626 2482 et
3661 2446 3760 2498 po-

2141 2517 2304 2570 tentia
2335 2513 2420 2585 (11
2449 2513 2573 2568 Cor.
2605 2514 2682 2583 x),
2719 2514 2917 2582 quibus
2965 2529 3152 2568 sumus
3204 2515 3427 2570 calceati
3472 2518 3656 2585 pedes
3705 2521 3761 2574 in

2141 2606 2534 2676 praeparatione
2570 2605 2831 2674 evangelii
2864 2607 3034 2674 pacis,
3079 2607 3249 2660 induti
3305 2607 3471 2662 lorica
3519 2610 3766 2679 jiistitite

2141 2707 2197 2749 et
2223 2694 2372 2763 galea
2404 2693 2617 2758 salutis,
2649 2695 2877 2756 accincti
2911 2695 3121 2751 lumbos
3157 2697 3208 2750 in
3238 2698 3493 2764 veritate,
3540 2701 3762 2756 haben-

2144 2797 2225 2842 tes
2249 2795 2460 2842 scutum
2487 2785 2608 2840 fidei
2634 2797 2690 2841 et
2711 2787 2946 2856 gladium
2971 2788 3208 2857 Spiritus
3229 2792 3400 2846 sancti
3429 2810 3442 2845 :
3471 2794 3609 2861 quia
3641 2809 3756 2849 non

2144 2887 2228 2932 est
2257 2877 2412 2932 nobis
2460 2877 2772 2933 colluctatio
2823 2880 3081 2935 adversus
3141 2897 3363 2936 carnem
3409 2892 3465 2938 et
3521 2887 3759 2955 sangui-

2146 2981 2292 3032 nem,
2317 2968 2411 3021 sed
2439 2968 2698 3023 adversus
2733 2969 3004 3038 principes
3047 2978 3101 3022 et
3130 2981 3446 3040 potestates,
3475 2973 3755 3030 adversus

456 3062 785 3117 vassallitico
809 3063 1103 3120 debeamus
1137 3082 1236 3120 nos
1268 3068 1490 3123 ciiiliiet
1519 3073 1920 3137 commendare,
1946 3072 2039 3126 sed
2067 3034 2111 3096 C
2145 3063 2382 3108 τθθιοτθε
2422 3057 2766 3111 tenebrarum
2799 3057 3011 3122 harum,
3037 3068 3226 3112 εοηιη
3255 3060 3520 3128 spiritalia
3550 3064 3750 3130 ιιθσιιιῑ-

457 3153 524 3206 ad
555 3150 918 3208 defensionem
963 3163 1017 3209 et
1059 3156 1126 3209 ad
1179 3157 1503 3226 adjutorium
1544 3160 1950 3230 gubernationis
1989 3164 2040 3217 in

457 3241 827 3298 ecclesiastico
895 3244 1156 3314 regimine
1224 3263 1349 3312 nos,
1411 3249 1776 3322 ecclesiasque
1831 3266 2042 3308 nostras

457 3332 818 3397 committere,
857 3342 949 3386 aut
989 3332 1278 3402 iurationis
1319 3349 1739 3404 sacramentum,
1773 3343 1916 3412 quod
1945 3359 2043 3398 nos

457 3423 763 3493 evangelica
805 3434 859 3478 et
890 3426 1178 3494 apostolica
1219 3431 1512 3485 auctoritas
1554 3440 1721 3496 vetat,
1751 3434 2042 3487 debeamus

458 3514 836 3584 quoquomodo
873 3514 1072 3570 facere.
1117 3515 1306 3572 Manus
1347 3520 1488 3573 enim
1524 3520 1818 3575 chrismate
1853 3529 2042 3575 sancto

458 3615 745 3675 peruncta,
777 3622 895 3675 quae
923 3608 987 3662 de
1021 3623 1158 3677 pane
1191 3617 1245 3664 et
1276 3610 1402 3664 vino
1433 3625 1570 3680 aqua
1606 3610 1770 3664 uiisto
1797 3625 1895 3680 per
1921 3626 2043 3665 ora-

461 3697 661 3762 tionem
690 3707 745 3751 et
787 3699 966 3752 crucis
1013 3697 1221 3769 signqu
1264 3699 1482 3755 conficit
1515 3715 1710 3769 corpus
1749 3709 1802 3753 et
1842 3699 2043 3756 Christi

458 3785 738 3857 sanguinis
779 3797 1202 3854 sacramentum,
1246 3789 1608 3845 abominabile
1640 3798 1743 3852 est,
1785 3789 2044 3860 quidquid

460 3883 586 3930 ante
615 3876 1006 3930 ordinationem
1034 3877 1244 3941 fecerit,
1279 3887 1335 3930 ut
1357 3886 1480 3946 post
1507 3881 1900 3935 ordinationem
1931 3880 2046 3946 epi-

459 3973 713 4033 scopatus
747 3964 1006 4018 saeculare
1050 3974 1236 4033 tangat
1277 3966 1383 4020 ullo
1424 3965 1582 4019 modo
1621 3975 2042 4020 sacramentum.

461 4057 528 4110 Et
556 4055 736 4124 lingua
777 4054 1035 4123 episcopi,
1077 4069 1197 4122 qua:
1236 4053 1376 4109 facta
1419 4062 1502 4109 est
1542 4071 1640 4124 per
1681 4056 1774 4109 Dei
1816 4055 2044 4124 gratiam

463 4143 630 4198 clavis
658 4142 804 4204 coeli,
836 4143 1096 4198 nefarium
1127 4153 1211 4198 est
1246 4153 1304 4197 ut
1343 4144 1482 4198 sicut
1509 4143 1785 4198 saecularis
1821 4145 2047 4214 quilibet

463 4251 627 4304 super
661 4250 814 4288 sacra
860 4235 1008 4304 juret
1047 4234 1099 4288 in
1150 4235 1368 4290 nomine
1402 4234 1613 4290 Domini
1651 4244 1707 4289 et
1735 4245 2044 4291 sanctorum

463 4324 832 4389 invocatione;
862 4324 961 4379 nisi
985 4324 1142 4388 forte,
1175 4326 1316 4395 quod
1340 4326 1500 4391 absit,
1529 4333 1716 4380 contra
1743 4343 1865 4380 eum
1891 4343 2046 4382 scan-

463 4416 641 4470 dalum
673 4415 933 4469 acciderit
958 4415 1212 4471 Ecclesia:
1240 4431 1380 4482 suae;
1408 4425 1462 4471 et
1490 4417 1612 4471 inde
1636 4417 1714 4471 sic
1747 4425 2048 4486 teiiiperan-

465 4515 549 4561 ter
576 4515 720 4578 agat,
747 4507 904 4570 sicut,
934 4506 1160 4561 Domino
1188 4508 1842 4571 docente,coustitueruut
1873 4517 2050 4564 recto-

469 4614 552 4651 res
581 4597 834 4652 Ecclesia:
856 4597 1096 4668 synodali
1124 4599 1368 4654 coucilio.
1400 4599 1466 4653 Et
1489 4601 1534 4653 si
1558 4599 1848 4669 aliquando
1872 4617 2042 4655 sacra-

466 4694 644 4740 menta
671 4687 738 4740 ab
767 4687 1034 4756 episcopis
1060 4698 1248 4742 exacta
1287 4697 1381 4742 aut
1413 4688 1552 4745 facta
1583 4688 1834 4756 fuerunt,
1864 4699 2052 4745 contra

466 4775 635 4830 Deum
673 4785 729 4830 et
757 4775 1157 4831 ecclesiasticas
1191 4777 1422 4847 regulas,
1457 4795 1577 4848 quae
1622 4778 1824 4849 Spiritu
1864 4791 2054 4834 sancto

466 4869 680 4924 dictatas
708 4877 764 4923 et
804 4868 1006 4924 Christi
1041 4878 1166 4925 sunt
1194 4871 1454 4941 sanguine
1492 4872 1824 4927 confirmata:
1847 4914 1860 4937 ,
1901 4873 2054 4926 irrita

468 4973 670 5016 sancta:
699 4961 995 5030 Scriptura:
1032 4963 1246 5033 paginis
1269 4963 1651 5030 declarantur;
1693 4974 1749 5018 et
1777 4965 2058 5035 exigentes

469 5060 631 5120 atque
657 5051 920 5108 facientes
947 5052 1343 5108 medicamento
1374 5053 1570 5108 exinde
1595 5054 1848 5110 salutaris
1881 5055 2057 5124 pomi-

473 5141 653 5195 tontize
697 5143 938 5213 indigent
995 5155 1040 5195 ει.
1078 5141 1371 5212 Propterea
1418 5153 1730 5214 exspectate
1763 5185 1777 5208 ,
1816 5144 2056 5207 domine.

471 5232 738 5300 patienter
769 5233 907 5288 sicut
941 5233 1190 5304 princeps
1227 5235 1556 5290 christianos
1597 5235 1852 5290 Ecclesia:
1895 5236 2058 5300 filius,

472 5326 526 5371 et
551 5318 813 5379 honorate
859 5333 1062 5380 sancta:
1094 5323 1346 5378 Ecclesiae
1380 5334 1648 5388 rectores;
1678 5334 1736 5378 ut
1772 5341 1865 5380 vos
1893 5325 2060 5380 hono-

475 5415 556 5459 ret
589 5409 680 5477 qui
714 5412 868 5466 nobis
907 5414 1042 5469 dixit
1069 5431 1082 5468 :
1115 5414 1219 5480 Qui
1250 5431 1334 5468 vos
1370 5417 1542 5479 audit,
1570 5433 1649 5470 me
1690 5417 1871 5480 audit;
1899 5426 1945 5470 et
1974 5416 2062 5486 qui

479 5513 565 5550 t-os
603 5500 821 5566 spernit,
853 5517 931 5554 me
954 5506 1148 5572 spernit
1184 5503 1334 5566 (Luc.
1370 5508 1445 5575 Χ).
1479 5506 1544 5559 Ει
1573 5524 1586 5559 :
1626 5505 1957 5560 "onerante:
1987 5522 2064 5560 me

2144 3145 2230 3198 tiae
2273 3144 2325 3198 in
2365 3145 2697 3200 ccelestibus.
2747 3147 2813 3200 Et
2856 3162 2960 3201 non
2997 3147 3290 3202 militamus
3336 3159 3557 3204 terreno
3601 3154 3745 3222 regi,

2141 3235 2233 3291 sed
2263 3236 2492 3300 cmlesti,
2527 3253 2624 3306 pro
2654 3237 2827 3291 salute
2855 3246 2908 3291 et
2945 3247 3132 3292 nostra
3161 3249 3217 3292 et
3246 3241 3444 3294 terreni
3488 3245 3662 3312 regis,
3688 3253 3747 3297 et

2143 3327 2310 3379 totius
2339 3325 2518 3395 populi
2568 3325 2723 3380 nobis
2754 3313 3030 3383 commissi
3061 3347 3072 3380 :
3107 3345 3336 3396 quorum
3376 3329 3612 3385 cilicium
3655 3342 3745 3386 est

2144 3419 2270 3472 nulli
2300 3434 2512 3480 nocere,
2540 3427 2729 3472 contra
2757 3419 3026 3474 neminem
3052 3421 3340 3476 infideliter
3357 3437 3541 3492 agere,
3559 3426 3744 3479 omni-

2142 3509 2242 3562 bus
2283 3517 2464 3560 autem
2506 3506 2645 3561 velle
2687 3510 2960 3577 prodesse.
3006 3504 3270 3574 Tandem,
3309 3510 3525 3564 domine
3576 3514 3741 3568 nobis

2143 3615 2260 3665 rex,
2287 3606 2476 3655 contra
2517 3600 2684 3654 Deum
2727 3610 2781 3656 et
2827 3611 3014 3657 contra
3064 3603 3298 3658 animam
3349 3612 3589 3659 vestram
3627 3622 3741 3660 non

2144 3689 2376 3745 audiatis
2406 3690 2527 3746 illos
2563 3691 2654 3760 qui
2684 3692 2940 3757 dixerint,
2986 3693 3028 3748 si
3076 3692 3216 3748 forte
3259 3695 3413 3750 vobis
3449 3695 3692 3750 dixerint
3723 3714 3737 3750 :

2147 3799 2251 3838 non
2284 3783 2378 3838 tibi
2410 3784 2481 3838 sit
2507 3799 2675 3848 cui-te,
2704 3799 2822 3849 rex,
2847 3801 2967 3855 qua:
3000 3786 3093 3840 tibi
3128 3787 3371 3842 referunt
3405 3789 3479 3842 illi
3510 3789 3743 3844 fellones

2145 3885 2310 3943 atque
2334 3873 2628 3944 ignobiles;
2656 3875 2758 3931 hoc
2786 3876 2870 3930 fac
2898 3879 3041 3945 quod
3071 3879 3165 3932 tibi
3199 3879 3450 3943 dicimus,
3475 3881 3740 3948 quoniam

2148 3979 2270 4018 cum
2303 3964 2527 4030 nostris,
2557 3972 2611 4020 et
2647 3982 2751 4019 non
2778 3981 2900 4019 cum
2935 3967 3158 4021 istorum
3183 3968 3519 4035 parentibus,
3551 3977 3742 4024 tenue-

2148 4061 2272 4108 runt
2310 4063 2564 4123 parentes
2602 4055 2675 4109 tui
2722 4070 2966 4125 regnum.
3020 4055 3130 4109 Nos
3169 4065 3350 4110 autem
3385 4057 3744 4112 obsecramus

2147 4141 2568 4198 dominationem
2599 4155 2858 4207 vestram,
2882 4145 3147 4199 attendite
3169 4146 3370 4214 potius,
3396 4147 3440 4200 si
3491 4149 3744 4203 christia-

2148 4252 2250 4292 nus
2279 4252 2372 4292 rex
2403 4238 2556 4301 estis,
2583 4237 2722 4292 sicut
2747 4247 2799 4291 et
2826 4237 2934 4291 Deo
2955 4237 3157 4306 gratias
3185 4238 3396 4306 egistis,
3421 4247 3477 4292 et
3505 4240 3560 4293 in
3589 4241 3742 4297 illum

2151 4328 2391 4390 creditis,
2425 4337 2479 4382 et
2507 4341 2603 4397 per
2627 4328 2774 4380 illum
2805 4342 3031 4397 regnare
3055 4328 3238 4393 vultis,
3272 4326 3373 4382 Per
3395 4347 3574 4400 quem,
3598 4333 3745 4386 sicut

2157 4419 2421 4487 scriptum
2451 4426 2554 4479 est,
2587 4433 2728 4484 reges
2759 4428 2979 4486 regnant
3011 4417 3194 4487 (Prov.
3227 4421 3368 4489 viii),
3401 4429 3456 4476 et
3483 4420 3639 4489 cujus
3665 4428 3750 4476 est

2162 4523 2418 4575 regnum,
2461 4507 2568 4562 imo
2610 4506 2758 4562 orbis
2824 4517 2982 4562 terra:
3027 4519 3081 4564 et
3121 4511 3395 4580 plenitudo
3432 4513 3571 4582 ejus,
3618 4513 3745 4582 quia

2163 4597 2300 4650 idem
2338 4597 2477 4651 Deus
2502 4596 2554 4650 in
2584 4611 2748 4652 carne
2789 4599 3028 4661 veniens,
3063 4600 3154 4668 qui
3182 4600 3326 4654 solus
3363 4616 3452 4656 rex
3493 4603 3610 4656 fieri
3647 4619 3747 4672 po-

2162 4689 2261 4742 tuit
2290 4697 2346 4743 et
2389 4691 2663 4750 sacerdos,
2710 4697 2765 4742 et
2806 4689 2858 4742 in
2891 4690 3088 4744 cmliiiii
3125 4693 3419 4746 ascendens
3459 4708 3616 4746 suum
3663 4707 3749 4746 re-

2161 4794 2350 4849 gnum,
2389 4778 2438 4832 id
2481 4787 2563 4832 est
2605 4795 2756 4832 suam
2824 4780 3145 4846 Ecclesiam,
3199 4783 3340 4836 inter
3385 4781 3746 4851 pontificalem

2161 4872 2822 4942 auctm'itatemetrcgiam
2853 4880 3173 4940 potestatein
3207 4874 3616 4943 gubernandum
3639 4874 3748 4929 ἀίει

2160 4963 2362 5033 posuit,
2401 4973 2457 5016 et
2511 4978 2614 5016 non
2653 4962 2815 5031 elegit
2854 4965 2919 5016 ad
2950 4965 3050 5022 hoc
3079 4964 3272 5017 divites
3305 4973 3354 5016 et
3394 4963 3624 5028 nobiles,
3654 4965 3747 5019 sed

2163 5068 2427 5122 pauperes
2455 5062 2510 5106 et
2549 5053 2864 5121 piscatores,
2899 5062 2954 5105 et
2981 5054 3120 5106 sicut
3141 5052 3402 5120 scriptum
3428 5062 3512 5106 est
3545 5071 3558 5106 :
3589 5053 3746 5122 lgno~

2163 5144 2287 5198 bilia
2326 5156 2372 5196 et
2406 5143 2812 5212 contemptibilia
2841 5143 3024 5195 mundi
3042 5141 3216 5210 elegit,
3248 5153 3300 5193 ut
3326 5143 3614 5211 confundat
3639 5144 3749 5211 [or-

2162 5237 2235 5286 tiu
2295 5234 2343 5301 (Ι
2379 5232 2500 5286 Cor.
2536 5235 2597 5304 i).
2633 5234 2696 5288 Et
2728 5234 2840 5287 fieri
2873 5240 3049 5302 potest
3084 5240 3138 5283 ut
3185 5231 3318 5286 tales
3349 5235 3500 5288 vobis
3536 5235 3637 5289 ista
3669 5235 3747 5286 di-

2163 5333 2290 5378 cant
2315 5322 2379 5389 (si
2409 5323 2549 5377 forte
2581 5325 2759 5378 minus
2789 5321 3093 5377 necessario
3127 5322 3289 5376 Deum
3323 5324 3578 5379 timentes
3600 5324 3746 5377 vobis

2166 5415 2425 5484 dixerint)
2457 5431 2578 5470 cum
2621 5431 2847 5485 quorum
2889 5415 3207 5483 parentibus
3239 5415 3502 5479 diabolus,
3535 5416 3624 5486 qui
3667 5429 3745 5469 se.

2169 5507 2402 5560 cundum
2419 5505 2750 5576 Scripturam
2771 5523 2780 5556 :
2803 5502 2896 5558 Est
2927 5521 3017 5558 rea:
3038 5522 3192 5576 super
3215 5523 3390 5561 omnes
3413 5505 3550 5575 ﬁlios
3575 5519 3747 5574 supcr-

553 5625 577 5653 αι
609 5615 781 5684 V'oyez
830 5616 877 5670 lc
940 5619 1144 5686 coiicile
1187 5620 1248 5675 de
1286 5620 1551 5694 Ponlyon,
1588 5621 1653 5676 de
1689 5620 1794 5675 l‘an
1830 5619 1953 5688 876,
2015 5620 2081 5677 οὺ
2125 5617 2382 5673 lliurmar
2411 5619 2562 5689 préta
2593 5619 2640 5675 lc
2671 5628 2906 5674 scrmeiit
2944 5617 3008 5675 de
3039 5618 3236 5676 fidelité
3266 5635 3331 5673 au
3369 5619 3466 5673 roi.
