4018 5392
277 226 350 281 25
1723 221 2104 277 EPISTULA}.
3464 237 3535 294 ω

279 342 377 394 bite
406 338 530 409 (Job
581 339 716 410 xu),
752 355 974 412 regnum
1015 303 1250 406 Christi,
1299 343 1440 412 quod
1479 350 1565 396 est
1593 337 1853 402 Ecclesia,
1887 340 1933 398 Α
1961 336 2381 395 cellentisslmus
2412 354 2505 396 rex
2537 351 2741 410 noster,
2786 360 2905 414 qua:
2930 347 2996 403 de
3020 347 3107 402 illa
3131 349 3286 406 vobis
3315 353 3532 424 scriptis

277 431 702 495 conturbaverit,
731 440 788 486 et
811 448 954 487 nunc
988 448 1083 488 eos
1121 434 1174 488 in
1219 449 1384 504 regno
1419 451 1538 498 suo,
1579 435 1632 490 id
1687 443 1771 489 est
1804 436 1856 488 in

277 523 509 585 inferne,
551 523 801 585 retineat,
830 533 885 578 et
921 539 1105 579 secum
1139 525 1196 579 in
1223 525 1418 580 weula
1450 525 1726 580 retinebit.
1754 525 1859 580 Pro

231 684 235 688 _
273 625 426 671 certo
449 622 632 668 autem
667 613 853 669 sciatis
886 614 1010 683 quia
1051 630 1172 670 cum
1201 603 1403 670 nostris
1433 616 1773 684 parentibus,
1806 613 1857 668 id

273 717 359 764 est
406 723 531 763 cum
578 705 867 776 apostolis,
904 705 1174 771 Christus,
1209 707 1321 762 Rex
1371 723 1584 778 regum,
1633 721 1855 777 regnum

273 794 453 860 suum:
503 798 556 851 id
589 804 672 852 est
721 796 1035 860 Ecclesiam,
1081 798 1427 867 conquisivit,
1471 797 1770 866 ampliavit,
1803 803 1859 851 et

273 887 435 951 rexit,
473 895 529 941 et
555 901 653 955 per
682 899 782 939 nos
823 893 877 940 et
912 886 1212 946 nobiscum.
1244 886 1450 940 utinam
1492 901 1594 940 non
1625 886 1690 940 ad
1713 885 1857 952 judi-

271 979 416 1035 cium
451 986 700 1032 nostrum
739 975 1012 1030 dicamus!
1041 978 1287 1030 eamdem
1323 976 1642 1040 Ecclesiam,
1695 977 1746 1030 id
1772 985 1856 1031 est

272 1085 498 1141 regnum
525 1083 701 1130 suum,
731 1067 973 1137 quotidie
995 1068 1250 1137 acquirit,
1275 1077 1450 1138 auget,
1480 1077 1642 1137 atque
1663 1068 1857 1140 guber-

274 1168 370 1215 nat
391 1160 533 1214 idem
562 1157 824 1211 Dominus
846 1156 1002 1212 Jesus
1025 1156 1291 1219 Christus,
1319 1158 1459 1213 sicut
1489 1158 1690 1212 dictum
1717 1166 1800 1212 est
1824 1173 1854 1211 a

271 1253 500 1306 Domino
533 1248 788 1303 Ecclesia:
816 1263 913 1316 per
949 1247 1265 1316 prophetam
1303 1261 1318 1300 :
1351 1245 1458 1300 Pro
1487 1248 1722 1316 patribus
1750 1247 1855 1300 tuis

269 1341 379 1394 nati
409 1349 531 1394 sunt
570 1339 663 1393 tibi
707 1339 809 1407 ﬁlii
849 1338 967 1408 (Ps.
999 1339 1178 1407 xuv);
1220 1338 1272 1392 id
1311 1349 1396 1394 est
1435 1354 1533 1408 pro
1574 1339 1852 1408 apostolis,

267 1434 470 1486 creavit
499 1431 593 1484 tibi
619 1431 924 1500 episcopos,
947 1431 1037 1500 qui
1071 1440 1122 1486 te
1151 1440 1339 1502 regant
1364 1439 1418 1486 et
1440 1433 1686 1487 doceant.
1717 1431 1851 1487 Cum

266 1538 370 1591 qua
401 1522 645 1577 Ecclesia
677 1522 833 1577 nobis
857 1537 886 1575 a
916 1523 1026 1576 Deo
1054 1523 1364 1584 commissa,
1395 1539 1489 1578 rex
1529 1523 1850 1588 christiane,

263 1627 314 1672 et
350 1617 591 1681 domine,
627 1617 768 1672 sicut
804 1617 1000 1671 litteris
1027 1617 1222 1670 vestris
1254 1615 1514 1685 jussistis,
1533 1615 1751 1686 jejuniis
1795 1625 1849 1671 et

1959 435 2015 480 et
2040 428 2220 483 verbis
2245 443 2342 497 per
2367 429 2573 499 legatos
2611 441 2822 489 vestros
2868 438 3185 506 apostolatui
3232 450 3412 497 vestro
3450 459 3531 498 re-

1957 521 2252 574 nuntianda
2267 524 2574 591 spopondit,
2590 525 2885 595 adimplere
2899 527 3074 584 vellet.
3091 528 3244 596 Quod
3272 531 3316 586 si
3343 548 3530 588 eorum

1957 611 2166 666 animos
2191 612 2259 666 ad
2290 612 2342 666 id
2371 614 2746 682 protelandum
2787 632 2908 672 esse
2943 619 3176 675 intentos
3206 623 3531 694 investigare

1955 717 2258 772 possemus,
2289 719 2630 776 nequaquam
2680 723 2797 762 eam
2845 711 3226 780 reciperemus.
3252 715 3527 784 Alioquin,

1956 793 2009 847 id
2053 802 2138 849 est
2177 795 2222 849 si
2269 795 2424 849 aliter
2465 797 2782 866 egissemus,
2839 801 3009 869 gratia
3054 810 3108 856 et
3151 805 3530 861 communione

1954 891 2134 938 vestra
2181 883 2286 939 frui
2337 901 2678 955 nequaquam
2735 889 3058 944 valeremus.
3115 892 3288 957 Quam
3335 905 3530 950 vestra:

1957 972 2299 1027 auctoritatis
2325 975 2608 1044 epistolam
2632 984 2691 1030 ut
2711 979 2949 1045 oportuit
2973 968 3281 1038 reverenter
3293 985 3526 1054 suscepi,

1954 1070 2011 1115 et
2059 1063 2390 1132 coepiscOpis
2436 1066 2639 1120 nostris
2683 1081 2803 1121 eam
2854 1069 3036 1138 relegi,
3086 1080 3143 1125 et
3183 1088 3282 1142 pro
3305 1074 3527 1142 praefata

1954 1148 2137 1204 Judith
2176 1151 2315 1222 apud
2365 1163 2572 1222 patrem
2617 1164 2672 1210 et
2712 1167 2940 1212 matrem
2980 1161 3120 1217 illius
3148 1175 3405 1232 quantum
3435 1181 3529 1234 po-

1956 1242 2178 1307 tuimus,
2211 1252 2271 1297 ut
2316 1245 2614 1300 mandastis
2653 1251 3012 1305 communiter
3063 1253 3448 1310 intervenimus
3473 1265 3530 1311 et

1953 1333 2196 1401 paternis
2234 1349 2298 1389 ac
2337 1337 2600 1391 maternis
2625 1338 2902 1393 obtutibus
2927 1357 3044 1395 eam
3068 1353 3394 1410 prmseutare
3423 1355 3528 1401 stu-

1953 1423 2186 1478 duimus.
2213 1423 2344 1480 Post
2389 1441 2509 1495 qua:
2542 1427 2829 1493 voluimus,
2860 1431 2986 1498 quia
3027 1432 3105 1485 sic
3148 1434 3301 1489 nobis
3335 1450 3527 1490 secun-

1953 1511 2082 1567 dum
2112 1529 2297 1570 sacras
2342 1517 2576 1588 regulas,
2609 1519 2750 1574 sicut
2780 1535 2873 1575 eas
2926 1522 3275 1593 intelligimus
3298 1567 3310 1587 ,
3351 1528 3526 1582 visum

1953 1602 2127 1658 fuerat
2161 1607 2288 1675 (non
2315 1609 2457 1662 enim
2496 1611 2614 1665 sine
2661 1612 2836 1683 dignis
2886 1615 3220 1684 pauitantia:
3267 1617 3528 1676 fructibus

263 1709 622 1770 orationibus,
664 1723 728 1762 ac
766 1707 987 1771 litaniis,
1031 1707 1315 1761 Dominum
1349 1722 1616 1761 summum
1661 1707 1851 1777 guber-
1881 1697 1924 1756 Β
1951 1696 2154 1751 absolvi
2189 1714 2347 1768 posse
2375 1711 2646 1770 putamus,
2677 1706 2819 1772 quod
2858 1708 3215 1763 anathematis
3247 1712 3458 1766 vinculo
3496 1729 3524 1764 a

263 1807 506 1852 natorem
539 1798 593 1850 in
635 1797 760 1850 navi
805 1807 1009 1852 sanctae
1049 1797 1305 1852 Ecclesiae
1338 1795 1628 1852 ﬂuctuante
1664 1797 1718 1850 iu
1747 1797 1848 1852 hoc

262 1905 432 1952 mare,
479 1889 532 1942 id
567 1896 654 1943 est
709 1887 907 1943 saeculo
953 1887 1298 1958 naufragoso,
1354 1889 1594 1957 peccatis
1645 1887 1848 1943 nostris

260 1980 643 2035 communibus
668 1979 1023 2034 dormientem
1052 1978 1268 2049 pulsare
1295 1987 1350 2032 et
1372 1979 1634 2042 excitare,
1668 1987 1722 2034 et
1749 1993 1845 2048 pro

259 2071 408 2124 vobis
438 2069 718 2138 deprecari
751 2068 1088 2125 studebimus
1117 2087 1132 2122 :
1165 2077 1224 2122 nt
1251 2070 1573 2138 quantocius
1610 2084 1710 2138 pro
1748 2084 1842 2123 sua

261 2159 518 2215 ineffabili
546 2160 742 2229 pietate
756 2159 971 2228 evigilet
987 2168 1041 2212 et
1073 2159 1302 2227 imperet
1333 2159 1508 2212 ventis
1522 2168 1578 2213 et
1609 2161 1768 2222 mari,
1790 2160 1841 2214 id

260 2260 360 2316 est,
393 2250 788 2306 tentationibus
809 2248 1088 2305 diabolicis
1111 2257 1165 2302 et
1194 2247 1657 2317 inquietudinibus
1677 2263 1844 2302 sacu-

257 2344 454 2396 larium
495 2343 796 2407 hominum,
834 2350 894 2396 ut
937 2342 1124 2396 redeat
1175 2340 1646 2410 quantulacunque
1691 2346 1841 2393 tran-

254 2431 515 2500 quillitas,
546 2431 720 2500 gratia
749 2437 806 2484 et
831 2430 1202 2485 misericordia
1229 2429 1471 2496 ejusdem
1502 2429 1714 2484 Domini
1742 2445 1841 2484 no-

255 2521 348 2574 stri
373 2519 508 2576 Jesu
544 2519 764 2582 Christi,
798 2521 882 2574 cui
908 2527 992 2574 est
1018 2529 1072 2574 et
1102 2521 1171 2574 sit
1201 2527 1439 2588 potestas
1475 2526 1530 2573 et
1570 2520 1760 2584 honor,
1789 2526 1843 2572 et

254 2613 426 2682 gloria
457 2620 514 2668 et
539 2613 845 2682 imperium,
879 2613 932 2665 in
965 2612 1156 2668 saecula
1187 2610 1528 2667 saeculorum.
1553 2610 1745 2665 Amen.

830 2721 1164 2778 EPISTOLA
1202 2721 1265 2776 ll.

743 2830 809 2869 AD
847 2829 1112 2868 NICOLAUM
1152 2827 1342 2867 PAPAI.

249 2905 326 2959 De
378 2907 656 2959 uacatione
691 2905 828 2959 sedis
874 2903 1288 2964 Cameracensis,
1323 2911 1372 2956 et
1403 2903 1467 2955 de
1509 2901 1762 2956 Balduim’
1791 2912 1836 2955 et

315 2976 514 3028 Iudith
543 2977 904 3043 conjunctione
935 2989 953 3026 :
981 2975 1142 3043 deque
1166 2972 1393 3027 Βουταάὶ
1414 2972 1752 3043 depositione,
1776 2987 1840 3023 ac

316 3045 519 3100 heresi
559 3044 914 3100 Gotltescalct'.

847 3142 942 3206 (Ex
966 3142 1266 3204 Sirmondo.,
1318 3166 1328 3171 -

321 3248 562 3303 Domino
585 3246 741 3301 unice
769 3246 1228 3316 singulariterque
1257 3247 1600 3315 suspiciendo
1621 3245 1840 3302 Palmm

249 3340 426 3404 Patri,
457 3346 515 3393 et
544 3352 753 3393 summa
786 3339 1134 3393 veneratione
1186 3339 1503 3392 honorando
1523 3379 1536 3401 ,
1591 3354 1843 3394 reveren-

249 3431 470 3486 tissimo
501 3443 652 3498 papae
681 3427 951 3492 NICOLAO,
988 3428 1322 3492 llmcusnus,
1355 3429 1570 3483 nomine
1603 3443 1705 3482 non
1730 3444 1840 3483 me-

247 3523 355 3576 rito
382 3521 720 3576 Rhemorum
756 3521 1064 3590 episcopus,
1095 3535 1158 3574 ac
1183 3521 1354 3589 plebis
1393 3521 1484 3575 Dei
1519 3519 1765 3574 famulus.

314 3609 376 3664 In
409 3608 649 3677 epistola
671 3617 864 3662 vestrae
889 3609 1213 3669 sanctitatis,
1240 3623 1334 3675 per
1358 3606 1602 3663 Odonem
1636 3609 1841 3674 episco-

246 3713 380 3768 pum
406 3695 677 3764 episcopis
708 3695 760 3748 in
794 3711 958 3764 regno
987 3695 1232 3748 Lotharii
1271 3711 1368 3763 pro
1407 3695 1716 3763 praeiudicio
1740 3695 1844 3748 Ca-

248 3789 590 3847 meracensis
611 3787 862 3842 Ecclesia:
890 3789 1118 3848 directa,
1149 3787 1310 3856 relegi
1342 3795 1578 3840 vestram
1610 3785 1844 3840 auctori-

249 3892 423 3936 tatem
467 3877 900 3940 sciscitaturum,
933 3874 1085 3943 cujus
1115 3874 1356 3944 neglectu
1385 3875 1572 3927 eadem
1603 3873 1840 3928 Ecclesia

248 3973 393 4025 ultra
417 3969 684 4025 decimum
725 3981 964 4022 mensem
992 3977 1212 4035 pastore
1240 3973 1480 4020 vacaret.
1512 3963 1665 4019 Unde
1693 3979 1760 4018 ne
1781 3971 1841 4018 ut

251 4060 536 4129 negligens
583 4073 611 4111 a
660 4066 842 4112 vestro
884 4055 1187 4126 apostolatu
1243 4069 1569 4110 succensear
1597 4094 1611 4116 ,
1661 4055 1840 4109 indico

232 4148 566 4213 auctoritati
597 4157 809 4208 vestrm,
849 4157 969 4216 post
1001 4145 1235 4200 directas
1262 4144 1521 4198 Lothario
1542 4153 1596 4197 et
1624 4143 1836 4212 episco-

253 4245 336 4312 pis
367 4242 524 4311 regni
552 4241 686 4309 ejus,
730 4247 899 4309 atque
936 4238 1227 4300 llilduino,
1256 4237 1347 4305 qui
1373 4237 1620 4290 callidem
1648 4234 1836 4290 Eccle-

255 4335 392 4387 siam
434 4330 802 4400 irregulariter
843 4335 1108 4398 occupat,
1150 4328 1222 4380 ita
1256 4333 1316 4380 ut
1354 4333 1643 4393 antequam
1689 4325 1836 4394 ipsas

257 4422 550 4478 mitteretis
581 4420 854 4489 epistolas,
898 4421 1158 4474 hactenus
1203 4414 1572 4491 praeiudicium
1621 4431 1833 4482 perma-

258 4527 386 4567 nere
414 4530 428 4565 :
463 4526 652 4580 meque
677 4509 988 4564 Lotharium
1020 4521 1200 4577 regem
1226 4512 1282 4558 et
1315 4505 1510 4574 legatis
1534 4512 1591 4557 et
1615 4504 1832 4568 litteris,

259 4612 420 4672 prout
444 4602 591 4671 potui
615 4641 630 4664 ,
670 4615 812 4668 saepe
833 4609 886 4654 et
915 4614 979 4652 eo
1006 4612 1175 4666 usque
1211 4596 1635 4661 commonuisse,
1664 4596 1835 4651 donec

265 4695 430 4764 regiis
457 4693 571 4746 suis
619 4690 814 4745 litteris
862 4689 990 4742 mihi
1043 4688 1355 4756 respondit,
1402 4687 1714 4740 llilduinum
1767 4686 1835 4741 ad

263 4794 499 4840 vestram
521 4783 894 4838 auctoritatem
918 4795 1070 4834 suum
1103 4779 1335 4848 legatum
1362 4778 1595 4839 misisse,
1619 4785 1677 4831 et
1700 4775 1834 4830 nihil

262 4877 419 4930 aliter
449 4875 514 4928 de
544 4873 760 4943 praefata
813 4871 1051 4927 Ecclesia
1099 4870 1200 4923 nisi
1230 4878 1288 4921 ut
1316 4876 1502 4938 egerat
1543 4867 1833 4936 disponere

263 4967 534 5028 debuisse,
570 4965 740 5019 donec
781 4978 813 5016 a
857 4961 1006 5015 vobis
1037 4959 1159 5014 inde
1193 4972 1508 5026 responsum
1537 4957 1830 5024 acciperet.

332 5055 621 5109 Balduiuus
643 5067 856 5122 quoque
881 5052 931 5104 in
954 5049 1200 5120 proximo
1223 5061 1366 5099 nunc
1391 5047 1616 5100 decurso
1643 5059 1833 5099 mense

267 5144 479 5160 A-I'
637 5144 708 5160 ι.
777 5139 1111 5160 Ir-l-,|-"

1951 1788 2124 1842 sacris
2165 1790 2364 1860 regulis
2397 1792 2708 1850 innodatum
2747 1797 3012 1869 videmus)
3056 1809 3116 1853 ut
3159 1800 3308 1868 juxta
3355 1804 3527 1858 eccle-

1949 1878 2222 1936 siasticam
2275 1884 2622 1940 traditionem
2670 1888 2820 1956 prius
2859 1889 3115 1946 Ecclesim
3163 1909 3326 1961 quam
3375 1895 3525 1951 laese-

1949 1977 2075 2021 rant
2117 1970 2523 2038 satisfacerent,
2555 1983 2609 2029 et
2647 1976 2727 2031 sic
2767 1978 2983 2033 demum
3025 1981 3166 2050 quod
3209 1984 3528 2053 praecipiunt

1941 2056 2062 2127 jura
2104 2059 2282 2128 legum
2328 2064 2680 2120 mundialium
2735 2069 2957 2138 exsequi
3001 2082 3372 2140 procurarent.
3419 2075 3526 2130 Sed
3587 2059 3596 2066 κ

1947 2152 2202 2218 quoniam
2232 2151 2444 2208 litteras
2487 2163 2724 2219 vestras,
2757 2173 2876 2226 qua:
2900 2158 3025 2213 inde
3065 2162 3200 2218 nihil
3248 2178 3521 2234 praecepe-

1948 2249 2113 2305 runt,
2167 2243 2279 2296 imo
2319 2243 2484 2298 etiam
2531 2246 2732 2301 nullam
2789 2249 3195 2316 protelationem
3241 2253 3293 2305 in
3340 2268 3524 2308 eorum

1946 2327 2329 2395 conjunctione
2372 2327 2605 2388 liendar'n
2649 2336 3105 2406 significaverunt,
3149 2341 3248 2394 sibi
3277 2343 3525 2398 sullicere

1946 2419 2251 2484 voluerunt,
2287 2429 2343 2474 et
2366 2421 2484 2476 sine
2510 2431 2688 2478 vestra
2717 2428 3060 2493 auctoritate,
3102 2429 3171 2482 ad
3213 2445 3374 2499 quam
3418 2434 3525 2488 cla-

1947 2518 2252 2574 maverant,
2275 2511 2393 2580 cogi
2431 2511 2533 2566 nisi
2560 2512 2666 2565 alio
2697 2527 2756 2567 se
2798 2517 2960 2569 modo
2989 2517 3370 2574 submitterent
3419 2537 3523 2575 non

1944 2599 2252 2653 debuerunt
2284 2617 2297 2652 :
2332 2615 2400 2654 ex
2429 2601 2598 2655 altera
2624 2603 2850 2672 epistola
2879 2615 3072 2661 vestra:
3117 2611 3420 2665 sanctitatis
3444 2614 3525 2668 eis

1946 2689 2125 2753 retuli,
2155 2690 2298 2758 quod
2331 2705 2436 2745 non
2465 2691 2612 2761 leges
2640 2693 3041 2752 ecclesiasticas
3071 2679 3412 2764 dissolvistis,
3430 2703 3523 2756 sed

1945 2795 2135 2850 preces
2171 2797 2270 2852 pro
2301 2798 2366 2837 eo
2396 2784 2642 2850 misistis,
2679 2787 2771 2855 qui
2812 2789 2989 2856 puniri
3039 2794 3334 2846 secundum
3374 2793 3524 2864 leges

1944 2875 2244 2928 mundanas
2295 2883 2529 2943 poterat,
2573 2886 2841 2946 quatenus
2885 2879 3060 2935 locum
3096 2884 3390 2951 ptenitendi
3425 2887 3524 2939 ha-

1945 2963 2096 3018 beret
2123 2964 2267 3033 quod
2298 2973 2485 3018 contra
2532 2965 2678 3036 leges
2721 2968 2932 3024 divinas
2980 2972 3293 3027 admiserat.
3338 2973 3430 3028 Sic
3469 2983 3526 3029 et

1867 3041 1913 3107 C
1946 3050 2196 3108 Salvator
2241 3063 2452 3119 noster,
2501 3056 2594 3125 qui
2639 3058 2753 3112 vult
2799 3075 2989 3116 omnes
3042 3062 3290 3119 homines
3345 3065 3524 3121 salvos

1946 3141 2081 3207 ﬁeri,
2119 3151 2174 3198 et
2195 3144 2466 3199 nemiuem
2497 3145 2610 3199 vult
2637 3147 2838 3216 perire,
2870 3149 2924 3202 in
2954 3165 3115 3205 cruce
3135 3153 3274 3222 apud
3304 3151 3522 3208 Patrem

1938 3234 2063 3304 jure
2089 3237 2387 3293 sacerdotis
2415 3253 2513 3306 pro
2564 3239 2677 3295 suis
2702 3243 3142 3310 persecutoribus
3171 3244 3520 3311 intercessit;

1942 3329 2088 3396 quod
2123 3328 2176 3382 in
2205 3329 2287 3384 eis
2316 3329 2407 3399 qui
2437 3339 2561 3399 post
2585 3333 2894 3401 passionem
2924 3334 3043 3404 ejus
3067 3337 3432 3402 crediderunt,
3468 3346 3524 3392 et

1943 3419 2252 3487 compuncti
2299 3420 2674 3489 paenitentiam
2729 3430 2978 3493 egerunt,
3039 3424 3130 3494 qui
3183 3440 3305 3479 cum
3360 3425 3523 3480 Patre

1942 3510 2125 3564 omnia
2161 3510 2327 3564 donat
2367 3509 2659 3566 etlicaciter
2707 3512 3033 3581 impetravit.
3062 3514 3144 3568 Ad
3173 3513 3326 3582 cujus
3353 3516 3524 3571 instar

1943 3601 2310 3668 apostolorum
2357 3602 2614 3667 vicarius,
2661 3604 2730 3657 ad
2761 3619 2991 3672 quorum
3042 3607 3225 3660 limina
3263 3607 3521 3677 confuge-

1944 3699 2109 3752 runt,
2158 3699 2214 3744 et
2260 3691 2539 3744 catholicae
2569 3701 2734 3760 atque
2760 3695 3067 3760 apostolica:
3098 3697 3353 3750 Ecclesiae
3376 3714 3522 3751 sum-

1944 3795 2064 3834 mus
2118 3781 2358 3850 pontifex
2384 3823 2400 3845 ,
2445 3787 2586 3852 quod
2616 3787 2668 3840 in
2697 3787 2968 3842 hominem
3000 3804 3179 3860 regem
3207 3799 3262 3846 et
3290 3791 3344 3846 in
3374 3793 3524 3864 leges

1944 3869 2128 3924 mundi
2161 3880 2443 3940 peccatum
2473 3883 2557 3928 est
2583 3877 2868 3945 perdonari
2900 3880 3149 3948 petistis:
3183 3890 3242 3934 ut
3285 3885 3429 3952 quod
3466 3886 3531 3938 in.

1942 3976 2123 4031 regem
2164 3963 2286 4017 caeli
2317 3972 2373 4018 et
2399 3972 2580 4030 terra,
2613 3967 2753 4021 etin
2794 3968 2938 4038 leges
2977 3970 3215 4026 cmlestis
3254 3973 3407 4044 regni
3433 3974 3518 4028 of-

1941 4052 2150 4107 fensum
2186 4057 2343 4118 erat,
2396 4056 2659 4110 haberent
2711 4058 2952 4114 inducias
2999 4075 3096 4130 per
3143 4064 3518 4129 paenitentiam

1940 4143 2208 4198 abolendi.
2239 4144 2467 4199 Econtra
2493 4147 2774 4212 carnales,
2806 4158 2864 4202 et
2887 4149 3050 4203 etiam
3077 4151 3295 4219 quidam
3327 4168 3517 4207 eorum

1939 4233 2032 4302 qui
2076 4243 2236 4288 antea
2287 4235 2653 4303 conjunctioni
2703 4237 3008 4306 hujusmodi
3051 4242 3516 4306 contradicebant,

1941 4323 2042 4379 hac
2061 4324 2376 4379 defensione
2407 4335 2465 4379 ut
2491 4327 2571 4382 eis
2613 4329 2788 4381 visum
2837 4327 3013 4382 fuerat
3050 4327 3515 4400 se'protegentes,

1941 4415 2035 4468 sed
2073 4415 2216 4469 sicut
2247 4430 2307 4469 se
2336 4417 2502 4470 habet
2520 4417 2722 4472 veritas
2743 4417 2916 4471 salute
2943 4419 3229 4483 nudantes,
3261 4420 3330 4474 ab
3359 4421 3517 4476 istius

1939 4503 2248 4557 novissimae
2279 4513 2474 4558 vestra:
2501 4504 2740 4572 epistolae
2787 4505 2970 4560 verbis
3025 4508 3279 4562 recedere
3331 4507 3517 4563 nolue-

1939 4600 2086 4655 runt,
2120 4605 2282 4660 quam
2321 4592 2439 4646 sine
2481 4592 2842 4660 protelatione
2868 4608 3056 4648 eorum
3081 4593 3514 4662 coniunctionem

1940 4680 2137 4735 debere
2189 4680 2304 4735 ﬁeri
2359 4681 2732 4736 demonstrare
2787 4681 3058 4738 dicebant.
3119 4683 3331 4738 Dicenti
3386 4700 3517 4740 vero

1941 4771 2112 4836 mihi,
2160 4771 2286 4840 quia
2333 4787 2433 4841 pro
2485 4772 2628 4828 nulla
2669 4780 2940 4842 potestate
2987 4783 3204 4829 terrena
3256 4773 3400 4843 quod
3449 4775 3518 4827 de

1940 4859 2330 4916 ecclesiasticis
2377 4860 2578 4930 regulis
2614 4861 3008 4931 intelligeretur
3044 4863 3317 4918 dimittere
3351 4860 3517 4914 debe-

1942 4967 2056 5007 rem
2089 4969 2102 5006 :
2134 4950 2373 5006 maxime
2420 4965 2542 5005 cum
2577 4951 2744 5005 etiam
2785 4966 2998 5006 mecum
3024 4992 3040 5014 ,
3087 4951 3196 5004 imo
3231 4963 3351 5001 cum
3383 4947 3516 5012 Deo,

1941 5043 2170 5094 domnus
2205 5056 2296 5086 NW
2341 5051 2527 5082 “""m‘
2575 5042 2717 5086 ﬁli"c
2762 5049 2944 5090 Vester
2989 5040 3219 5090 Carolus
3273 5036 3470 5078 facet-9'
3502 5057 3514 5066 -
