  <div class='ocr_page' id='page_1' title='image "/cluster/home/n/w/nwhite01/storage/ocr_20150623/126/hvd.32044015471675/019.png"; bbox 0 0 4046 6284; ppageno 0'>
   <div class='ocr_carea' id='block_1_1' title="bbox 540 295 3790 368">
    <p class='ocr_par' dir='ltr' id='par_1_1' title="bbox 540 295 3790 368">
     <span class='ocr_line' id='line_1_1' title="bbox 540 295 3790 368; baseline -0.003 -11"><span class='ocrx_word' id='word_1_1' title='bbox 540 303 609 357; x_wconf 65' lang='grc'><strong>27</strong></span> <span class='ocrx_word' id='word_1_2' title='bbox 1494 296 1821 351; x_wconf 74' lang='lat' dir='ltr'><strong>HINCMARI</strong></span> <span class='ocrx_word' id='word_1_3' title='bbox 1860 295 2252 351; x_wconf 76' lang='lat' dir='ltr'><strong>RIIEMENSIS</strong></span> <span class='ocrx_word' id='word_1_4' title='bbox 2286 295 2800 351; x_wconf 71' lang='lat' dir='ltr'><strong>ARCHIISPISLOP:</strong></span> <span class='ocrx_word' id='word_1_5' title='bbox 3725 310 3790 368; x_wconf 65' lang='grc' dir='ltr'><strong>εδ</strong></span> 
     </span>
    </p>
   </div>
   <div class='ocr_carea' id='block_1_2' title="bbox 543 403 3790 484">
    <p class='ocr_par' dir='ltr' id='par_1_2' title="bbox 543 403 3790 484">
     <span class='ocr_line' id='line_1_2' title="bbox 543 403 3790 484; baseline -0.001 -17"><span class='ocrx_word' id='word_1_6' title='bbox 543 415 857 484; x_wconf 70' lang='lat' dir='ltr'><strong>imperaret,</strong></span> <span class='ocrx_word' id='word_1_7' title='bbox 905 408 1362 478; x_wconf 69' lang='lat' dir='ltr'><strong>conspirationem</strong></span> <span class='ocrx_word' id='word_1_8' title='bbox 1405 407 1775 462; x_wconf 74' lang='lat' dir='ltr'><strong>resistentium</strong></span> <span class='ocrx_word' id='word_1_9' title='bbox 1809 407 2119 477; x_wconf 85' lang='lat' dir='ltr'><strong>aliquantu-</strong></span> <span class='ocrx_word' id='word_1_10' title='bbox 2149 410 2195 468; x_wconf 81' lang='grc' dir='ltr'><strong>Α</strong></span> <span class='ocrx_word' id='word_1_11' title='bbox 2225 412 2280 459; x_wconf 92' lang='lat' dir='ltr'><strong>et</strong></span> <span class='ocrx_word' id='word_1_12' title='bbox 2300 403 2597 474; x_wconf 81' lang='lat' dir='ltr'><strong>designatis</strong></span> <span class='ocrx_word' id='word_1_13' title='bbox 2623 406 2826 460; x_wconf 85' lang='lat' dir='ltr'><strong>nostris</strong></span> <span class='ocrx_word' id='word_1_14' title='bbox 2850 406 3085 472; x_wconf 85' lang='lat' dir='ltr'><strong>vicariis,</strong></span> <span class='ocrx_word' id='word_1_15' title='bbox 3109 411 3178 464; x_wconf 88' lang='lat' dir='ltr'><strong>ad</strong></span> <span class='ocrx_word' id='word_1_16' title='bbox 3203 420 3438 467; x_wconf 77' lang='lat' dir='ltr'><strong>vestram</strong></span> <span class='ocrx_word' id='word_1_17' title='bbox 3460 422 3790 484; x_wconf 63' lang='grc' dir='ltr'><strong>ριιωεθιιιίιη,</strong></span> 
     </span>
    </p>
   </div>
   <div class='ocr_carea' id='block_1_3' title="bbox 545 497 2124 568">
    <p class='ocr_par' dir='ltr' id='par_1_3' title="bbox 545 497 2124 568">
     <span class='ocr_line' id='line_1_3' title="bbox 545 497 2124 568; baseline -0.003 -11"><span class='ocrx_word' id='word_1_18' title='bbox 545 503 654 558; x_wconf 89' lang='lat' dir='ltr'><strong>lum</strong></span> <span class='ocrx_word' id='word_1_19' title='bbox 685 502 1033 565; x_wconf 89' lang='lat' dir='ltr'><strong>declinarem,</strong></span> <span class='ocrx_word' id='word_1_20' title='bbox 1067 515 1135 554; x_wconf 91' lang='lat' dir='ltr'><strong>ne</strong></span> <span class='ocrx_word' id='word_1_21' title='bbox 1161 497 1444 568; x_wconf 84' lang='lat' dir='ltr'><strong>quisquam</strong></span> <span class='ocrx_word' id='word_1_22' title='bbox 1467 498 1694 553; x_wconf 65' lang='lat' dir='ltr'><strong>aemulus</strong></span> <span class='ocrx_word' id='word_1_23' title='bbox 1717 506 1903 553; x_wconf 86' lang='lat' dir='ltr'><strong>noster</strong></span> <span class='ocrx_word' id='word_1_24' title='bbox 1927 507 2124 552; x_wconf 81' lang='lat' dir='ltr'><strong>vestrae</strong></span> 
     </span>
    </p>
   </div>
   <div class='ocr_carea' id='block_1_4' title="bbox 543 587 2124 662">
    <p class='ocr_par' dir='ltr' id='par_1_4' title="bbox 543 587 2124 662">
     <span class='ocr_line' id='line_1_4' title="bbox 543 587 2124 662; baseline -0.005 -12"><span class='ocrx_word' id='word_1_25' title='bbox 543 593 817 650; x_wconf 81' lang='lat' dir='ltr'><strong>sanctitati</strong></span> <span class='ocrx_word' id='word_1_26' title='bbox 867 598 1218 662; x_wconf 79' lang='lat' dir='ltr'><strong>suggereret,</strong></span> <span class='ocrx_word' id='word_1_27' title='bbox 1252 588 1406 658; x_wconf 89' lang='lat' dir='ltr'><strong>quasi</strong></span> <span class='ocrx_word' id='word_1_28' title='bbox 1440 589 1492 642; x_wconf 92' lang='lat' dir='ltr'><strong>in</strong></span> <span class='ocrx_word' id='word_1_29' title='bbox 1537 597 1904 658; x_wconf 91' lang='lat' dir='ltr'><strong>contemptum</strong></span> <span class='ocrx_word' id='word_1_30' title='bbox 1948 587 2124 644; x_wconf 84' lang='lat' dir='ltr'><strong>sancti</strong></span> 
     </span>
    </p>
   </div>
   <div class='ocr_carea' id='block_1_5' title="bbox 545 679 2120 752">
    <p class='ocr_par' dir='ltr' id='par_1_5' title="bbox 545 679 2120 752">
     <span class='ocr_line' id='line_1_5' title="bbox 545 679 2120 752; baseline -0.004 -14"><span class='ocrx_word' id='word_1_31' title='bbox 545 681 896 752; x_wconf 78' lang='lat' dir='ltr'><strong>Apostolatus</strong></span> <span class='ocrx_word' id='word_1_32' title='bbox 937 680 1102 734; x_wconf 77' lang='lat' dir='ltr'><strong>vestri</strong></span> <span class='ocrx_word' id='word_1_33' title='bbox 1131 687 1186 733; x_wconf 85' lang='lat' dir='ltr'><strong>et</strong></span> <span class='ocrx_word' id='word_1_34' title='bbox 1213 679 1356 733; x_wconf 86' lang='lat' dir='ltr'><strong>sedis</strong></span> <span class='ocrx_word' id='word_1_35' title='bbox 1400 679 1711 748; x_wconf 77' lang='lat' dir='ltr'><strong>apostolica:</strong></span> <span class='ocrx_word' id='word_1_36' title='bbox 1735 679 1836 733; x_wconf 91' lang='lat' dir='ltr'><strong>hoc</strong></span> <span class='ocrx_word' id='word_1_37' title='bbox 1866 679 2120 747; x_wconf 81' lang='lat' dir='ltr'><strong>egissent,</strong></span> 
     </span>
    </p>
   </div>
   <div class='ocr_carea' id='block_1_6' title="bbox 548 771 2119 840">
    <p class='ocr_par' dir='ltr' id='par_1_6' title="bbox 548 771 2119 840">
     <span class='ocr_line' id='line_1_6' title="bbox 548 771 2119 840; baseline -0.001 -12"><span class='ocrx_word' id='word_1_38' title='bbox 548 782 825 830; x_wconf 77' lang='lat' dir='ltr'><strong>et~vestrm</strong></span> <span class='ocrx_word' id='word_1_39' title='bbox 857 771 1284 826; x_wconf 84' lang='lat' dir='ltr'><strong>mansuetudinis</strong></span> <span class='ocrx_word' id='word_1_40' title='bbox 1313 786 1441 840; x_wconf 86' lang='lat' dir='ltr'><strong>erga</strong></span> <span class='ocrx_word' id='word_1_41' title='bbox 1473 786 1560 825; x_wconf 90' lang='lat' dir='ltr'><strong>me</strong></span> <span class='ocrx_word' id='word_1_42' title='bbox 1603 771 1841 825; x_wconf 90' lang='lat' dir='ltr'><strong>animum</strong></span> <span class='ocrx_word' id='word_1_43' title='bbox 1871 787 2119 827; x_wconf 87' lang='lat' dir='ltr'><strong>commo-</strong></span> 
     </span>
    </p>
   </div>
   <div class='ocr_carea' id='block_1_7' title="bbox 548 864 2127 934">
    <p class='ocr_par' dir='ltr' id='par_1_7' title="bbox 548 864 2127 934">
     <span class='ocr_line' id='line_1_7' title="bbox 548 864 2127 934; baseline -0.001 -15"><span class='ocrx_word' id='word_1_44' title='bbox 548 875 724 928; x_wconf 87' lang='lat' dir='ltr'><strong>veret.</strong></span> <span class='ocrx_word' id='word_1_45' title='bbox 763 874 820 920; x_wconf 90' lang='lat' dir='ltr'><strong>et</strong></span> <span class='ocrx_word' id='word_1_46' title='bbox 869 879 1246 934; x_wconf 83' lang='lat' dir='ltr'><strong>quamcunque</strong></span> <span class='ocrx_word' id='word_1_47' title='bbox 1289 864 1938 928; x_wconf 81' lang='lat' dir='ltr'><strong>excommunicationem,</strong></span> <span class='ocrx_word' id='word_1_48' title='bbox 1985 866 2127 919; x_wconf 89' lang='lat' dir='ltr'><strong>sicut</strong></span> 
     </span>
    </p>
   </div>
   <div class='ocr_carea' id='block_1_8' title="bbox 551 953 2123 1028">
    <p class='ocr_par' dir='ltr' id='par_1_8' title="bbox 551 953 2123 1028">
     <span class='ocr_line' id='line_1_8' title="bbox 551 953 2123 1028; baseline -0.003 -16"><span class='ocrx_word' id='word_1_49' title='bbox 551 973 652 1028; x_wconf 92' lang='lat' dir='ltr'><strong>pro</strong></span> <span class='ocrx_word' id='word_1_50' title='bbox 681 956 931 1011; x_wconf 82' lang='lat' dir='ltr'><strong>Rothado</strong></span> <span class='ocrx_word' id='word_1_51' title='bbox 962 963 1141 1008; x_wconf 91' lang='lat' dir='ltr'><strong>actum</strong></span> <span class='ocrx_word' id='word_1_52' title='bbox 1178 955 1354 1008; x_wconf 79' lang='lat' dir='ltr'><strong>fuerat</strong></span> <span class='ocrx_word' id='word_1_53' title='bbox 1383 953 1546 1022; x_wconf 85' lang='lat' dir='ltr'><strong>(quod</strong></span> <span class='ocrx_word' id='word_1_54' title='bbox 1574 965 1748 1009; x_wconf 89' lang='lat' dir='ltr'><strong>tamen</strong></span> <span class='ocrx_word' id='word_1_55' title='bbox 1778 956 1844 1009; x_wconf 87' lang='lat' dir='ltr'><strong>ad</strong></span> <span class='ocrx_word' id='word_1_56' title='bbox 1885 971 1970 1009; x_wconf 90' lang='lat' dir='ltr'><strong>me</strong></span> <span class='ocrx_word' id='word_1_57' title='bbox 2020 970 2123 1008; x_wconf 91' lang='lat' dir='ltr'><strong>non</strong></span> 
     </span>
    </p>
   </div>
   <div class='ocr_carea' id='block_1_9' title="bbox 549 1045 2123 1117">
    <p class='ocr_par' dir='ltr' id='par_1_9' title="bbox 549 1045 2123 1117">
     <span class='ocr_line' id='line_1_9' title="bbox 549 1045 2123 1117; baseline -0.001 -15"><span class='ocrx_word' id='word_1_58' title='bbox 549 1049 834 1117; x_wconf 85' lang='lat' dir='ltr'><strong>pervenit,</strong></span> <span class='ocrx_word' id='word_1_59' title='bbox 883 1047 987 1101; x_wconf 88' lang='lat' dir='ltr'><strong>nisi</strong></span> <span class='ocrx_word' id='word_1_60' title='bbox 1035 1055 1296 1116; x_wconf 89' lang='lat' dir='ltr'><strong>quantum</strong></span> <span class='ocrx_word' id='word_1_61' title='bbox 1344 1045 1460 1100; x_wconf 87' lang='lat' dir='ltr'><strong>Odo</strong></span> <span class='ocrx_word' id='word_1_62' title='bbox 1506 1047 1824 1114; x_wconf 83' lang='lat' dir='ltr'><strong>episcopus,</strong></span> <span class='ocrx_word' id='word_1_63' title='bbox 1856 1056 1910 1100; x_wconf 88' lang='lat' dir='ltr'><strong>et</strong></span> <span class='ocrx_word' id='word_1_64' title='bbox 1936 1056 2123 1116; x_wconf 87' lang='lat' dir='ltr'><strong>postea</strong></span> 
     </span>
    </p>
   </div>
   <div class='ocr_carea' id='block_1_10' title="bbox 549 1138 2121 1208">
    <p class='ocr_par' dir='ltr' id='par_1_10' title="bbox 549 1138 2121 1208">
     <span class='ocr_line' id='line_1_10' title="bbox 549 1138 2121 1208; baseline 0.001 -15"><span class='ocrx_word' id='word_1_65' title='bbox 549 1139 720 1194; x_wconf 89' lang='lat' dir='ltr'><strong>Luido</strong></span> <span class='ocrx_word' id='word_1_66' title='bbox 760 1139 1009 1208; x_wconf 88' lang='lat' dir='ltr'><strong>detulit),</strong></span> <span class='ocrx_word' id='word_1_67' title='bbox 1041 1147 1330 1205; x_wconf 87' lang='lat' dir='ltr'><strong>antequam</strong></span> <span class='ocrx_word' id='word_1_68' title='bbox 1364 1138 1429 1190; x_wconf 88' lang='lat' dir='ltr'><strong>ad</strong></span> <span class='ocrx_word' id='word_1_69' title='bbox 1472 1139 1850 1192; x_wconf 82' lang='lat' dir='ltr'><strong>auctoritatem</strong></span> <span class='ocrx_word' id='word_1_70' title='bbox 1885 1146 2121 1194; x_wconf 77' lang='lat' dir='ltr'><strong>vestram</strong></span> 
     </span>
    </p>
   </div>
   <div class='ocr_carea' id='block_1_11' title="bbox 548 1227 2126 1297">
    <p class='ocr_par' dir='ltr' id='par_1_11' title="bbox 548 1227 2126 1297">
     <span class='ocr_line' id='line_1_11' title="bbox 548 1227 2126 1297; baseline -0.001 -14"><span class='ocrx_word' id='word_1_71' title='bbox 548 1236 819 1297; x_wconf 86' lang='lat' dir='ltr'><strong>gestorum</strong></span> <span class='ocrx_word' id='word_1_72' title='bbox 856 1228 1050 1282; x_wconf 89' lang='lat' dir='ltr'><strong>seriem</strong></span> <span class='ocrx_word' id='word_1_73' title='bbox 1088 1227 1212 1281; x_wconf 92' lang='lat' dir='ltr'><strong>inde</strong></span> <span class='ocrx_word' id='word_1_74' title='bbox 1239 1227 1454 1281; x_wconf 85' lang='lat' dir='ltr'><strong>mittere</strong></span> <span class='ocrx_word' id='word_1_75' title='bbox 1481 1228 1858 1290; x_wconf 81' lang='lat' dir='ltr'><strong>valuissemus,</strong></span> <span class='ocrx_word' id='word_1_76' title='bbox 1885 1230 1964 1280; x_wconf 90' lang='lat' dir='ltr'><strong>vel</strong></span> <span class='ocrx_word' id='word_1_77' title='bbox 1992 1244 2126 1296; x_wconf 91' lang='lat' dir='ltr'><strong>quo-</strong></span> 
     </span>
    </p>
   </div>
   <div class='ocr_carea' id='block_1_12' title="bbox 547 1315 2116 1387">
    <p class='ocr_par' dir='ltr' id='par_1_12' title="bbox 547 1315 2116 1387">
     <span class='ocr_line' id='line_1_12' title="bbox 547 1315 2116 1387; baseline 0 -14"><span class='ocrx_word' id='word_1_78' title='bbox 547 1319 708 1373; x_wconf 89' lang='lat' dir='ltr'><strong>modo</strong></span> <span class='ocrx_word' id='word_1_79' title='bbox 737 1332 824 1372; x_wconf 93' lang='lat' dir='ltr'><strong>res</strong></span> <span class='ocrx_word' id='word_1_80' title='bbox 855 1326 1002 1386; x_wconf 86' lang='lat' dir='ltr'><strong>gesta</strong></span> <span class='ocrx_word' id='word_1_81' title='bbox 1033 1315 1192 1371; x_wconf 84' lang='lat' dir='ltr'><strong>fuerit</strong></span> <span class='ocrx_word' id='word_1_82' title='bbox 1220 1333 1316 1387; x_wconf 90' lang='lat' dir='ltr'><strong>per</strong></span> <span class='ocrx_word' id='word_1_83' title='bbox 1340 1317 1544 1386; x_wconf 82' lang='lat' dir='ltr'><strong>legatos</strong></span> <span class='ocrx_word' id='word_1_84' title='bbox 1575 1326 1783 1373; x_wconf 88' lang='lat' dir='ltr'><strong>vestros</strong></span> <span class='ocrx_word' id='word_1_85' title='bbox 1814 1319 2116 1382; x_wconf 86' lang='lat' dir='ltr'><strong>resciretis,</strong></span> 
     </span>
    </p>
   </div>
   <div class='ocr_carea' id='block_1_13' title="bbox 547 1408 2123 1477">
    <p class='ocr_par' dir='ltr' id='par_1_13' title="bbox 547 1408 2123 1477">
     <span class='ocr_line' id='line_1_13' title="bbox 547 1408 2123 1477; baseline 0 -13"><span class='ocrx_word' id='word_1_86' title='bbox 547 1410 832 1464; x_wconf 89' lang='lat' dir='ltr'><strong>obtineret.</strong></span> <span class='ocrx_word' id='word_1_87' title='bbox 866 1408 1173 1462; x_wconf 76' lang='lat' dir='ltr'><strong>Praesertim</strong></span> <span class='ocrx_word' id='word_1_88' title='bbox 1225 1423 1345 1462; x_wconf 93' lang='lat' dir='ltr'><strong>cum</strong></span> <span class='ocrx_word' id='word_1_89' title='bbox 1401 1408 1452 1462; x_wconf 92' lang='lat' dir='ltr'><strong>in</strong></span> <span class='ocrx_word' id='word_1_90' title='bbox 1507 1410 1609 1462; x_wconf 91' lang='lat' dir='ltr'><strong>hac</strong></span> <span class='ocrx_word' id='word_1_91' title='bbox 1655 1409 1880 1477; x_wconf 87' lang='lat' dir='ltr'><strong>epistola</strong></span> <span class='ocrx_word' id='word_1_92' title='bbox 1929 1418 2123 1464; x_wconf 66' lang='lat' dir='ltr'><strong>vestrae</strong></span> 
     </span>
    </p>
   </div>
   <div class='ocr_carea' id='block_1_14' title="bbox 547 1496 2121 1568">
    <p class='ocr_par' dir='ltr' id='par_1_14' title="bbox 547 1496 2121 1568">
     <span class='ocr_line' id='line_1_14' title="bbox 547 1496 2121 1568; baseline -0.001 -14"><span class='ocrx_word' id='word_1_93' title='bbox 547 1498 889 1555; x_wconf 87' lang='lat' dir='ltr'><strong>auctoritatis</strong></span> <span class='ocrx_word' id='word_1_94' title='bbox 916 1497 1123 1567; x_wconf 79' lang='lat' dir='ltr'><strong>legatur</strong></span> <span class='ocrx_word' id='word_1_95' title='bbox 1145 1537 1160 1561; x_wconf 95' lang='lat'><strong>,</strong></span> <span class='ocrx_word' id='word_1_96' title='bbox 1188 1497 1332 1566; x_wconf 91' lang='lat' dir='ltr'><strong>quod</strong></span> <span class='ocrx_word' id='word_1_97' title='bbox 1364 1496 1407 1550; x_wconf 93' lang='lat' dir='ltr'><strong>si</strong></span> <span class='ocrx_word' id='word_1_98' title='bbox 1436 1497 1596 1552; x_wconf 89' lang='lat' dir='ltr'><strong>aliter</strong></span> <span class='ocrx_word' id='word_1_99' title='bbox 1626 1499 1926 1567; x_wconf 85' lang='lat' dir='ltr'><strong>egissemus</strong></span> <span class='ocrx_word' id='word_1_100' title='bbox 1959 1513 2121 1568; x_wconf 88' lang='lat' dir='ltr'><strong>quam</strong></span> 
     </span>
    </p>
   </div>
   <div class='ocr_carea' id='block_1_15' title="bbox 546 1588 2122 1658">
    <p class='ocr_par' dir='ltr' id='par_1_15' title="bbox 546 1588 2122 1658">
     <span class='ocr_line' id='line_1_15' title="bbox 546 1588 2122 1658; baseline 0.001 -15"><span class='ocrx_word' id='word_1_101' title='bbox 546 1591 602 1644; x_wconf 89' lang='lat' dir='ltr'><strong>in</strong></span> <span class='ocrx_word' id='word_1_102' title='bbox 631 1605 694 1644; x_wconf 87' lang='lat' dir='ltr'><strong>ea</strong></span> <span class='ocrx_word' id='word_1_103' title='bbox 724 1589 982 1658; x_wconf 86' lang='lat' dir='ltr'><strong>scriptum</strong></span> <span class='ocrx_word' id='word_1_104' title='bbox 1029 1596 1150 1651; x_wconf 89' lang='lat' dir='ltr'><strong>est,</strong></span> <span class='ocrx_word' id='word_1_105' title='bbox 1198 1588 1370 1658; x_wconf 88' lang='lat' dir='ltr'><strong>gratia</strong></span> <span class='ocrx_word' id='word_1_106' title='bbox 1417 1596 1472 1642; x_wconf 88' lang='lat' dir='ltr'><strong>et</strong></span> <span class='ocrx_word' id='word_1_107' title='bbox 1515 1590 1896 1644; x_wconf 87' lang='lat' dir='ltr'><strong>communione</strong></span> <span class='ocrx_word' id='word_1_108' title='bbox 1941 1599 2122 1645; x_wconf 88' lang='lat' dir='ltr'><strong>vestra</strong></span> 
     </span>
    </p>
   </div>
   <div class='ocr_carea' id='block_1_16' title="bbox 546 1678 2123 1756">
    <p class='ocr_par' dir='ltr' id='par_1_16' title="bbox 546 1678 2123 1756">
     <span class='ocr_line' id='line_1_16' title="bbox 546 1678 2123 1756; baseline 0.001 -22"><span class='ocrx_word' id='word_1_109' title='bbox 546 1680 648 1734; x_wconf 88' lang='lat' dir='ltr'><strong>frui</strong></span> <span class='ocrx_word' id='word_1_110' title='bbox 705 1694 1043 1749; x_wconf 87' lang='lat' dir='ltr'><strong>nequaquam</strong></span> <span class='ocrx_word' id='word_1_111' title='bbox 1079 1678 1578 1756; x_wconf 33' lang='lat' dir='ltr'><strong>valerenius.’Quo</strong></span> <span class='ocrx_word' id='word_1_112' title='bbox 1622 1689 1809 1734; x_wconf 88' lang='lat' dir='ltr'><strong>contra</strong></span> <span class='ocrx_word' id='word_1_113' title='bbox 1863 1681 1992 1736; x_wconf 91' lang='lat' dir='ltr'><strong>mihi</strong></span> <span class='ocrx_word' id='word_1_114' title='bbox 2044 1682 2123 1736; x_wconf 89' lang='lat' dir='ltr'><strong>di-</strong></span> 
     </span>
    </p>
   </div>
   <div class='ocr_carea' id='block_1_17' title="bbox 2227 497 3791 573">
    <p class='ocr_par' dir='ltr' id='par_1_17' title="bbox 2227 497 3791 573">
     <span class='ocr_line' id='line_1_17' title="bbox 2227 497 3791 573; baseline 0.012 -22"><span class='ocrx_word' id='word_1_115' title='bbox 2227 513 2350 552; x_wconf 89' lang='lat' dir='ltr'><strong>cum</strong></span> <span class='ocrx_word' id='word_1_116' title='bbox 2396 497 2585 553; x_wconf 87' lang='lat' dir='ltr'><strong>eodem</strong></span> <span class='ocrx_word' id='word_1_117' title='bbox 2637 498 2886 554; x_wconf 84' lang='lat' dir='ltr'><strong>Rothado</strong></span> <span class='ocrx_word' id='word_1_118' title='bbox 2926 501 3006 556; x_wconf 89' lang='lat' dir='ltr'><strong>ire</strong></span> <span class='ocrx_word' id='word_1_119' title='bbox 3048 517 3156 556; x_wconf 92' lang='lat' dir='ltr'><strong>non</strong></span> <span class='ocrx_word' id='word_1_120' title='bbox 3204 513 3527 573; x_wconf 87' lang='lat' dir='ltr'><strong>potuerunt,</strong></span> <span class='ocrx_word' id='word_1_121' title='bbox 3573 521 3628 566; x_wconf 88' lang='lat' dir='ltr'><strong>et</strong></span> <span class='ocrx_word' id='word_1_122' title='bbox 3647 513 3715 568; x_wconf 89' lang='lat' dir='ltr'><strong>ob</strong></span> <span class='ocrx_word' id='word_1_123' title='bbox 3740 515 3791 569; x_wconf 90' lang='lat' dir='ltr'><strong>id</strong></span> 
     </span>
    </p>
   </div>
   <div class='ocr_carea' id='block_1_18' title="bbox 2227 587 3790 661">
    <p class='ocr_par' dir='ltr' id='par_1_18' title="bbox 2227 587 3790 661">
     <span class='ocr_line' id='line_1_18' title="bbox 2227 587 3790 661; baseline 0.012 -19"><span class='ocrx_word' id='word_1_124' title='bbox 2227 587 2428 644; x_wconf 88' lang='lat' dir='ltr'><strong>diutius</strong></span> <span class='ocrx_word' id='word_1_125' title='bbox 2455 604 2618 658; x_wconf 90' lang='lat' dir='ltr'><strong>quam</strong></span> <span class='ocrx_word' id='word_1_126' title='bbox 2655 589 2987 648; x_wconf 85' lang='lat' dir='ltr'><strong>voluerimus</strong></span> <span class='ocrx_word' id='word_1_127' title='bbox 3014 593 3285 650; x_wconf 88' lang='lat' dir='ltr'><strong>imtnorati</strong></span> <span class='ocrx_word' id='word_1_128' title='bbox 3311 596 3524 653; x_wconf 84' lang='lat' dir='ltr'><strong>fuerunt</strong></span> <span class='ocrx_word' id='word_1_129' title='bbox 3556 603 3790 661; x_wconf 79' lang='lat' dir='ltr'><strong>:interea</strong></span> 
     </span>
    </p>
   </div>
   <div class='ocr_carea' id='block_1_19' title="bbox 2225 680 3793 755">
    <p class='ocr_par' dir='ltr' id='par_1_19' title="bbox 2225 680 3793 755">
     <span class='ocr_line' id='line_1_19' title="bbox 2225 680 3793 755; baseline 0.01 -21"><span class='ocrx_word' id='word_1_130' title='bbox 2225 680 2398 736; x_wconf 90' lang='lat' dir='ltr'><strong>Luido</strong></span> <span class='ocrx_word' id='word_1_131' title='bbox 2441 687 2646 752; x_wconf 77' lang='lat' dir='ltr'><strong>legatus</strong></span> <span class='ocrx_word' id='word_1_132' title='bbox 2682 681 2864 736; x_wconf 83' lang='lat' dir='ltr'><strong>donmi</strong></span> <span class='ocrx_word' id='word_1_133' title='bbox 2913 684 3086 747; x_wconf 85' lang='lat' dir='ltr'><strong>nostri</strong></span> <span class='ocrx_word' id='word_1_134' title='bbox 3133 685 3276 755; x_wconf 86' lang='lat' dir='ltr'><strong>regis</strong></span> <span class='ocrx_word' id='word_1_135' title='bbox 3312 701 3342 740; x_wconf 90' lang='lat' dir='ltr'><strong>a</strong></span> <span class='ocrx_word' id='word_1_136' title='bbox 3377 696 3553 743; x_wconf 87' lang='lat' dir='ltr'><strong>vestra</strong></span> <span class='ocrx_word' id='word_1_137' title='bbox 3585 693 3793 750; x_wconf 83' lang='lat' dir='ltr'><strong>rediens</strong></span> 
     </span>
    </p>
   </div>
   <div class='ocr_carea' id='block_1_20' title="bbox 2227 771 3793 849">
    <p class='ocr_par' dir='ltr' id='par_1_20' title="bbox 2227 771 3793 849">
     <span class='ocr_line' id='line_1_20' title="bbox 2227 771 3793 849; baseline 0.007 -23"><span class='ocrx_word' id='word_1_138' title='bbox 2227 772 2513 826; x_wconf 84' lang='lat' dir='ltr'><strong>sanctitate</strong></span> <span class='ocrx_word' id='word_1_139' title='bbox 2553 771 2725 840; x_wconf 86' lang='lat' dir='ltr'><strong>pridie</strong></span> <span class='ocrx_word' id='word_1_140' title='bbox 2755 772 2982 846; x_wconf 81' lang='lat' dir='ltr'><strong>Kalend.</strong></span> <span class='ocrx_word' id='word_1_141' title='bbox 3009 774 3321 830; x_wconf 87' lang='lat' dir='ltr'><strong>Decembris</strong></span> <span class='ocrx_word' id='word_1_142' title='bbox 3351 787 3562 834; x_wconf 90' lang='lat' dir='ltr'><strong>vestras</strong></span> <span class='ocrx_word' id='word_1_143' title='bbox 3585 792 3793 849; x_wconf 88' lang='lat' dir='ltr'><strong>aposto-</strong></span> 
     </span>
    </p>
   </div>
   <div class='ocr_carea' id='block_1_21' title="bbox 2227 864 3794 938">
    <p class='ocr_par' dir='ltr' id='par_1_21' title="bbox 2227 864 3794 938">
     <span class='ocr_line' id='line_1_21' title="bbox 2227 864 3794 938; baseline 0.007 -20"><span class='ocrx_word' id='word_1_144' title='bbox 2227 864 2358 920; x_wconf 87' lang='lat' dir='ltr'><strong>licas</strong></span> <span class='ocrx_word' id='word_1_145' title='bbox 2433 865 2644 919; x_wconf 85' lang='lat' dir='ltr'><strong>litteras</strong></span> <span class='ocrx_word' id='word_1_146' title='bbox 2703 866 2900 920; x_wconf 90' lang='lat' dir='ltr'><strong>domno</strong></span> <span class='ocrx_word' id='word_1_147' title='bbox 2950 876 3136 921; x_wconf 88' lang='lat' dir='ltr'><strong>nostro</strong></span> <span class='ocrx_word' id='word_1_148' title='bbox 3187 869 3298 938; x_wconf 87' lang='lat' dir='ltr'><strong>regi</strong></span> <span class='ocrx_word' id='word_1_149' title='bbox 3355 870 3464 924; x_wconf 90' lang='lat' dir='ltr'><strong>ﬁlio</strong></span> <span class='ocrx_word' id='word_1_150' title='bbox 3519 869 3698 927; x_wconf 70' lang='lat' dir='ltr'><strong>vestro</strong></span> <span class='ocrx_word' id='word_1_151' title='bbox 3743 876 3794 929; x_wconf 92' lang='lat' dir='ltr'><strong>in</strong></span> 
     </span>
    </p>
   </div>
   <div class='ocr_carea' id='block_1_22' title="bbox 2227 954 3797 1034">
    <p class='ocr_par' dir='ltr' id='par_1_22' title="bbox 2227 954 3797 1034">
     <span class='ocr_line' id='line_1_22' title="bbox 2227 954 3797 1034; baseline 0.007 -26"><span class='ocrx_word' id='word_1_152' title='bbox 2227 955 2444 1009; x_wconf 81' lang='lat' dir='ltr'><strong>civitate</strong></span> <span class='ocrx_word' id='word_1_153' title='bbox 2468 954 2814 1011; x_wconf 88' lang='lat' dir='ltr'><strong>Antisiodoro</strong></span> <span class='ocrx_word' id='word_1_154' title='bbox 2842 957 3066 1023; x_wconf 89' lang='lat' dir='ltr'><strong>detulit;</strong></span> <span class='ocrx_word' id='word_1_155' title='bbox 3095 967 3150 1012; x_wconf 88' lang='lat' dir='ltr'><strong>et</strong></span> <span class='ocrx_word' id='word_1_156' title='bbox 3179 960 3308 1028; x_wconf 87' lang='lat' dir='ltr'><strong>quia</strong></span> <span class='ocrx_word' id='word_1_157' title='bbox 3336 959 3480 1015; x_wconf 90' lang='lat' dir='ltr'><strong>ﬁlius</strong></span> <span class='ocrx_word' id='word_1_158' title='bbox 3499 961 3615 1028; x_wconf 86' lang='lat' dir='ltr'><strong>ejus</strong></span> <span class='ocrx_word' id='word_1_159' title='bbox 3637 972 3797 1034; x_wconf 85' lang='lat' dir='ltr'><strong>atque</strong></span> 
     </span>
    </p>
   </div>
   <div class='ocr_carea' id='block_1_23' title="bbox 2226 1045 3797 1122">
    <p class='ocr_par' dir='ltr' id='par_1_23' title="bbox 2226 1045 3797 1122">
     <span class='ocr_line' id='line_1_23' title="bbox 2226 1045 3797 1122; baseline 0.005 -23"><span class='ocrx_word' id='word_1_160' title='bbox 2226 1047 2535 1115; x_wconf 79' lang='lat' dir='ltr'><strong>:equivocus</strong></span> <span class='ocrx_word' id='word_1_161' title='bbox 2596 1045 2863 1110; x_wconf 84' lang='lat' dir='ltr'><strong>Carolus,</strong></span> <span class='ocrx_word' id='word_1_162' title='bbox 2913 1047 3004 1116; x_wconf 90' lang='lat' dir='ltr'><strong>qui</strong></span> <span class='ocrx_word' id='word_1_163' title='bbox 3066 1048 3236 1116; x_wconf 89' lang='lat' dir='ltr'><strong>patris</strong></span> <span class='ocrx_word' id='word_1_164' title='bbox 3288 1049 3526 1103; x_wconf 88' lang='lat' dir='ltr'><strong>animum</strong></span> <span class='ocrx_word' id='word_1_165' title='bbox 3578 1052 3631 1105; x_wconf 92' lang='lat' dir='ltr'><strong>in</strong></span> <span class='ocrx_word' id='word_1_166' title='bbox 3682 1054 3797 1122; x_wconf 90' lang='lat' dir='ltr'><strong>qui-</strong></span> 
     </span>
    </p>
   </div>
   <div class='ocr_carea' id='block_1_24' title="bbox 2226 1133 3798 1207">
    <p class='ocr_par' dir='ltr' id='par_1_24' title="bbox 2226 1133 3798 1207">
     <span class='ocr_line' id='line_1_24' title="bbox 2226 1133 3798 1207; baseline 0.006 -20"><span class='ocrx_word' id='word_1_167' title='bbox 2226 1133 2452 1188; x_wconf 84' lang='lat' dir='ltr'><strong>busdam</strong></span> <span class='ocrx_word' id='word_1_168' title='bbox 2499 1133 2816 1198; x_wconf 82' lang='lat' dir='ltr'><strong>oﬂ&#39;enderat,</strong></span> <span class='ocrx_word' id='word_1_169' title='bbox 2869 1146 2922 1189; x_wconf 88' lang='lat' dir='ltr'><strong>et</strong></span> <span class='ocrx_word' id='word_1_170' title='bbox 2969 1136 3038 1189; x_wconf 91' lang='lat' dir='ltr'><strong>ob</strong></span> <span class='ocrx_word' id='word_1_171' title='bbox 3087 1137 3140 1190; x_wconf 90' lang='lat' dir='ltr'><strong>id</strong></span> <span class='ocrx_word' id='word_1_172' title='bbox 3186 1137 3252 1190; x_wconf 89' lang='lat' dir='ltr'><strong>ad</strong></span> <span class='ocrx_word' id='word_1_173' title='bbox 3299 1137 3416 1205; x_wconf 88' lang='lat' dir='ltr'><strong>ejus</strong></span> <span class='ocrx_word' id='word_1_174' title='bbox 3461 1142 3798 1207; x_wconf 83' lang='lat' dir='ltr'><strong>praesentiam</strong></span> 
     </span>
    </p>
   </div>
   <div class='ocr_carea' id='block_1_25' title="bbox 2225 1221 3800 1292">
    <p class='ocr_par' dir='ltr' id='par_1_25' title="bbox 2225 1221 3800 1292">
     <span class='ocr_line' id='line_1_25' title="bbox 2225 1221 3800 1292; baseline 0.006 -17"><span class='ocrx_word' id='word_1_175' title='bbox 2225 1221 2583 1292; x_wconf 87' lang='lat' dir='ltr'><strong>quorumdam</strong></span> <span class='ocrx_word' id='word_1_176' title='bbox 2629 1224 2968 1292; x_wconf 85' lang='lat' dir='ltr'><strong>suggestione</strong></span> <span class='ocrx_word' id='word_1_177' title='bbox 3007 1224 3396 1292; x_wconf 85' lang='lat' dir='ltr'><strong>aliquantulum</strong></span> <span class='ocrx_word' id='word_1_178' title='bbox 3424 1227 3609 1282; x_wconf 86' lang='lat' dir='ltr'><strong>venire</strong></span> <span class='ocrx_word' id='word_1_179' title='bbox 3629 1229 3800 1283; x_wconf 86' lang='lat' dir='ltr'><strong>distu-</strong></span> 
     </span>
    </p>
   </div>
   <div class='ocr_carea' id='block_1_26' title="bbox 2225 1311 3800 1388">
    <p class='ocr_par' dir='ltr' id='par_1_26' title="bbox 2225 1311 3800 1388">
     <span class='ocr_line' id='line_1_26' title="bbox 2225 1311 3800 1388; baseline 0.006 -22"><span class='ocrx_word' id='word_1_180' title='bbox 2225 1311 2380 1377; x_wconf 90' lang='lat' dir='ltr'><strong>lerat,</strong></span> <span class='ocrx_word' id='word_1_181' title='bbox 2412 1323 2621 1382; x_wconf 87' lang='lat' dir='ltr'><strong>patrem</strong></span> <span class='ocrx_word' id='word_1_182' title='bbox 2672 1314 2860 1384; x_wconf 88' lang='lat' dir='ltr'><strong>legatis</strong></span> <span class='ocrx_word' id='word_1_183' title='bbox 2900 1317 3014 1370; x_wconf 92' lang='lat' dir='ltr'><strong>suis</strong></span> <span class='ocrx_word' id='word_1_184' title='bbox 3056 1316 3242 1386; x_wconf 87' lang='lat' dir='ltr'><strong>petiit,</strong></span> <span class='ocrx_word' id='word_1_185' title='bbox 3270 1327 3329 1371; x_wconf 91' lang='lat' dir='ltr'><strong>ut</strong></span> <span class='ocrx_word' id='word_1_186' title='bbox 3366 1333 3541 1373; x_wconf 89' lang='lat' dir='ltr'><strong>meam</strong></span> <span class='ocrx_word' id='word_1_187' title='bbox 3572 1322 3800 1388; x_wconf 84' lang='lat' dir='ltr'><strong>parvita-</strong></span> 
     </span>
    </p>
   </div>
   <div class='ocr_carea' id='block_1_27' title="bbox 2227 1405 3801 1478">
    <p class='ocr_par' dir='ltr' id='par_1_27' title="bbox 2227 1405 3801 1478">
     <span class='ocr_line' id='line_1_27' title="bbox 2227 1405 3801 1478; baseline 0.005 -20"><span class='ocrx_word' id='word_1_188' title='bbox 2227 1413 2333 1458; x_wconf 89' lang='lat' dir='ltr'><strong>tem</strong></span> <span class='ocrx_word' id='word_1_189' title='bbox 2385 1419 2503 1460; x_wconf 90' lang='lat' dir='ltr'><strong>cum</strong></span> <span class='ocrx_word' id='word_1_190' title='bbox 2548 1405 2672 1460; x_wconf 92' lang='lat' dir='ltr'><strong>aliis</strong></span> <span class='ocrx_word' id='word_1_191' title='bbox 2713 1406 3038 1474; x_wconf 89' lang='lat' dir='ltr'><strong>quibusdam</strong></span> <span class='ocrx_word' id='word_1_192' title='bbox 3087 1407 3198 1462; x_wconf 89' lang='lat' dir='ltr'><strong>suis</strong></span> <span class='ocrx_word' id='word_1_193' title='bbox 3225 1408 3474 1464; x_wconf 87' lang='lat' dir='ltr'><strong>ﬁdelibus</strong></span> <span class='ocrx_word' id='word_1_194' title='bbox 3507 1425 3607 1478; x_wconf 89' lang='lat' dir='ltr'><strong>pro</strong></span> <span class='ocrx_word' id='word_1_195' title='bbox 3641 1427 3706 1466; x_wconf 85' lang='lat' dir='ltr'><strong>eo</strong></span> <span class='ocrx_word' id='word_1_196' title='bbox 3733 1413 3801 1466; x_wconf 90' lang='lat' dir='ltr'><strong>ad</strong></span> 
     </span>
    </p>
   </div>
   <div class='ocr_carea' id='block_1_28' title="bbox 2225 1492 3803 1568">
    <p class='ocr_par' dir='ltr' id='par_1_28' title="bbox 2225 1492 3803 1568">
     <span class='ocr_line' id='line_1_28' title="bbox 2225 1492 3803 1568; baseline 0.006 -22"><span class='ocrx_word' id='word_1_197' title='bbox 2225 1492 2394 1562; x_wconf 91' lang='lat' dir='ltr'><strong>ipsius</strong></span> <span class='ocrx_word' id='word_1_198' title='bbox 2425 1493 2652 1563; x_wconf 84' lang='lat' dir='ltr'><strong>vestigia</strong></span> <span class='ocrx_word' id='word_1_199' title='bbox 2697 1493 3010 1548; x_wconf 85' lang='lat' dir='ltr'><strong>deducendo</strong></span> <span class='ocrx_word' id='word_1_200' title='bbox 3064 1497 3459 1552; x_wconf 89' lang='lat' dir='ltr'><strong>transmitteret</strong></span> <span class='ocrx_word' id='word_1_201' title='bbox 3494 1516 3508 1551; x_wconf 87' lang='lat'><strong>:</strong></span> <span class='ocrx_word' id='word_1_202' title='bbox 3539 1510 3803 1568; x_wconf 84' lang='lat' dir='ltr'><strong>quatenus</strong></span> 
     </span>
    </p>
   </div>
   <div class='ocr_carea' id='block_1_29' title="bbox 2224 1587 3804 1655">
    <p class='ocr_par' dir='ltr' id='par_1_29' title="bbox 2224 1587 3804 1655">
     <span class='ocr_line' id='line_1_29' title="bbox 2224 1587 3804 1655; baseline 0.003 -14"><span class='ocrx_word' id='word_1_203' title='bbox 2224 1594 2409 1641; x_wconf 89' lang='lat' dir='ltr'><strong>nostro</strong></span> <span class='ocrx_word' id='word_1_204' title='bbox 2437 1587 2742 1640; x_wconf 88' lang='lat' dir='ltr'><strong>interventu</strong></span> <span class='ocrx_word' id='word_1_205' title='bbox 2771 1595 2979 1655; x_wconf 89' lang='lat' dir='ltr'><strong>patrem</strong></span> <span class='ocrx_word' id='word_1_206' title='bbox 3008 1587 3411 1654; x_wconf 87' lang='lat' dir='ltr'><strong>placabiliorem</strong></span> <span class='ocrx_word' id='word_1_207' title='bbox 3442 1590 3685 1645; x_wconf 87' lang='lat' dir='ltr'><strong>invenire</strong></span> <span class='ocrx_word' id='word_1_208' title='bbox 3711 1608 3804 1646; x_wconf 86' lang='lat' dir='ltr'><strong>va-</strong></span> 
     </span>
    </p>
   </div>
   <div class='ocr_carea' id='block_1_30' title="bbox 2226 1679 3804 1750">
    <p class='ocr_par' dir='ltr' id='par_1_30' title="bbox 2226 1679 3804 1750">
     <span class='ocr_line' id='line_1_30' title="bbox 2226 1679 3804 1750; baseline 0.003 -16"><span class='ocrx_word' id='word_1_209' title='bbox 2226 1681 2378 1745; x_wconf 89' lang='lat' dir='ltr'><strong>leret,</strong></span> <span class='ocrx_word' id='word_1_210' title='bbox 2410 1679 2760 1750; x_wconf 81' lang='lat' dir='ltr'><strong>exiguitatem</strong></span> <span class='ocrx_word' id='word_1_211' title='bbox 2792 1679 3116 1734; x_wconf 86' lang='lat' dir='ltr'><strong>humilitatis</strong></span> <span class='ocrx_word' id='word_1_212' title='bbox 3144 1693 3277 1734; x_wconf 64' lang='lat' dir='ltr'><strong>mete</strong></span> <span class='ocrx_word' id='word_1_213' title='bbox 3300 1681 3528 1736; x_wconf 87' lang='lat' dir='ltr'><strong>domnus</strong></span> <span class='ocrx_word' id='word_1_214' title='bbox 3554 1696 3647 1736; x_wconf 89' lang='lat' dir='ltr'><strong>rex</strong></span> <span class='ocrx_word' id='word_1_215' title='bbox 3677 1683 3804 1739; x_wconf 91' lang='lat' dir='ltr'><strong>illuc</strong></span> 
     </span>
    </p>
   </div>
   <div class='ocr_carea' id='block_1_31' title="bbox 544 1749 3799 1840">
    <p class='ocr_par' dir='ltr' id='par_1_31' title="bbox 544 1749 3799 1840">
     <span class='ocr_line' id='line_1_31' title="bbox 544 1749 3799 1840; baseline -0 -13"><span class='ocrx_word' id='word_1_216' title='bbox 544 1773 686 1827; x_wconf 91' lang='lat' dir='ltr'><strong>centi</strong></span> <span class='ocrx_word' id='word_1_217' title='bbox 731 1773 832 1826; x_wconf 91' lang='lat' dir='ltr'><strong>hoc</strong></span> <span class='ocrx_word' id='word_1_218' title='bbox 876 1772 928 1824; x_wconf 92' lang='lat' dir='ltr'><strong>in</strong></span> <span class='ocrx_word' id='word_1_219' title='bbox 972 1770 1199 1840; x_wconf 88' lang='lat' dir='ltr'><strong>epistola</strong></span> <span class='ocrx_word' id='word_1_220' title='bbox 1237 1778 1411 1824; x_wconf 88' lang='lat' dir='ltr'><strong>vestra</strong></span> <span class='ocrx_word' id='word_1_221' title='bbox 1427 1749 1510 1824; x_wconf 68' lang='grc' dir='ltr'><strong>ὀὶ)</strong></span> <span class='ocrx_word' id='word_1_222' title='bbox 1537 1771 1588 1824; x_wconf 92' lang='lat' dir='ltr'><strong>id</strong></span> <span class='ocrx_word' id='word_1_223' title='bbox 1619 1771 1881 1839; x_wconf 87' lang='lat' dir='ltr'><strong>posuisse,</strong></span> <span class='ocrx_word' id='word_1_224' title='bbox 1929 1787 1996 1826; x_wconf 87' lang='lat' dir='ltr'><strong>ne</strong></span> <span class='ocrx_word' id='word_1_225' title='bbox 2041 1771 2118 1828; x_wconf 86' lang='lat' dir='ltr'><strong>fe-</strong></span> <span class='ocrx_word' id='word_1_226' title='bbox 2149 1749 2196 1808; x_wconf 78' lang='grc' dir='ltr'><strong>Β</strong></span> <span class='ocrx_word' id='word_1_227' title='bbox 2227 1768 2278 1822; x_wconf 91' lang='lat' dir='ltr'><strong>in</strong></span> <span class='ocrx_word' id='word_1_228' title='bbox 2305 1781 2460 1822; x_wconf 89' lang='lat' dir='ltr'><strong>suum</strong></span> <span class='ocrx_word' id='word_1_229' title='bbox 2483 1767 2666 1821; x_wconf 91' lang='lat' dir='ltr'><strong>venire</strong></span> <span class='ocrx_word' id='word_1_230' title='bbox 2695 1767 2974 1822; x_wconf 90' lang='lat' dir='ltr'><strong>servitium</strong></span> <span class='ocrx_word' id='word_1_231' title='bbox 2995 1768 3250 1837; x_wconf 84' lang='lat' dir='ltr'><strong>jusserat.</strong></span> <span class='ocrx_word' id='word_1_232' title='bbox 3282 1768 3400 1834; x_wconf 86' lang='lat' dir='ltr'><strong>Quo</strong></span> <span class='ocrx_word' id='word_1_233' title='bbox 3431 1785 3554 1824; x_wconf 80' lang='lat' dir='ltr'><strong>mox</strong></span> <span class='ocrx_word' id='word_1_234' title='bbox 3576 1777 3634 1824; x_wconf 87' lang='lat' dir='ltr'><strong>ut</strong></span> <span class='ocrx_word' id='word_1_235' title='bbox 3656 1773 3799 1838; x_wconf 84' lang='lat' dir='ltr'><strong>veni,</strong></span> 
     </span>
    </p>
   </div>
   <div class='ocr_carea' id='block_1_32' title="bbox 543 1860 2122 1930">
    <p class='ocr_par' dir='ltr' id='par_1_32' title="bbox 543 1860 2122 1930">
     <span class='ocr_line' id='line_1_32' title="bbox 543 1860 2122 1930; baseline 0.001 -15"><span class='ocrx_word' id='word_1_236' title='bbox 543 1862 689 1915; x_wconf 90' lang='lat' dir='ltr'><strong>mina</strong></span> <span class='ocrx_word' id='word_1_237' title='bbox 723 1861 809 1914; x_wconf 89' lang='lat' dir='ltr'><strong>illa</strong></span> <span class='ocrx_word' id='word_1_238' title='bbox 856 1877 888 1913; x_wconf 88' lang='lat' dir='ltr'><strong>a</strong></span> <span class='ocrx_word' id='word_1_239' title='bbox 939 1860 1094 1914; x_wconf 88' lang='lat' dir='ltr'><strong>nobis</strong></span> <span class='ocrx_word' id='word_1_240' title='bbox 1131 1860 1469 1930; x_wconf 88' lang='lat' dir='ltr'><strong>deciperetur</strong></span> <span class='ocrx_word' id='word_1_241' title='bbox 1492 1899 1506 1922; x_wconf 92' lang='lat'><strong>,</strong></span> <span class='ocrx_word' id='word_1_242' title='bbox 1555 1869 1610 1914; x_wconf 91' lang='lat' dir='ltr'><strong>et</strong></span> <span class='ocrx_word' id='word_1_243' title='bbox 1644 1877 1750 1914; x_wconf 90' lang='lat' dir='ltr'><strong>non</strong></span> <span class='ocrx_word' id='word_1_244' title='bbox 1785 1862 1854 1915; x_wconf 91' lang='lat' dir='ltr'><strong>ob</strong></span> <span class='ocrx_word' id='word_1_245' title='bbox 1881 1861 2006 1926; x_wconf 93' lang='lat' dir='ltr'><strong>hoc,</strong></span> <span class='ocrx_word' id='word_1_246' title='bbox 2055 1876 2122 1916; x_wconf 90' lang='lat' dir='ltr'><strong>ne</strong></span> 
     </span>
    </p>
   </div>
   <div class='ocr_carea' id='block_1_33' title="bbox 543 1948 2118 2018">
    <p class='ocr_par' dir='ltr' id='par_1_33' title="bbox 543 1948 2118 2018">
     <span class='ocr_line' id='line_1_33' title="bbox 543 1948 2118 2018; baseline -0.001 -12"><span class='ocrx_word' id='word_1_247' title='bbox 543 1950 800 2006; x_wconf 70' lang='lat' dir='ltr'><strong>Ecclesize</strong></span> <span class='ocrx_word' id='word_1_248' title='bbox 811 1948 1169 2010; x_wconf 87' lang='lat' dir='ltr'><strong>satisfaceret,</strong></span> <span class='ocrx_word' id='word_1_249' title='bbox 1187 1949 1603 2018; x_wconf 85' lang='lat' dir='ltr'><strong>responderunt,</strong></span> <span class='ocrx_word' id='word_1_250' title='bbox 1619 1964 1717 2003; x_wconf 92' lang='lat' dir='ltr'><strong>cur</strong></span> <span class='ocrx_word' id='word_1_251' title='bbox 1743 1949 1902 2004; x_wconf 90' lang='lat' dir='ltr'><strong>aliter</strong></span> <span class='ocrx_word' id='word_1_252' title='bbox 1929 1951 2118 2005; x_wconf 86' lang='lat' dir='ltr'><strong>vellem</strong></span> 
     </span>
    </p>
   </div>
   <div class='ocr_carea' id='block_1_34' title="bbox 542 2041 2123 2112">
    <p class='ocr_par' dir='ltr' id='par_1_34' title="bbox 542 2041 2123 2112">
     <span class='ocr_line' id='line_1_34' title="bbox 542 2041 2123 2112; baseline 0.003 -18"><span class='ocrx_word' id='word_1_253' title='bbox 542 2051 776 2097; x_wconf 85' lang='lat' dir='ltr'><strong>vestram</strong></span> <span class='ocrx_word' id='word_1_254' title='bbox 825 2041 1106 2112; x_wconf 89' lang='lat' dir='ltr'><strong>epistolam</strong></span> <span class='ocrx_word' id='word_1_255' title='bbox 1156 2041 1470 2110; x_wconf 78' lang='lat' dir='ltr'><strong>intelligere,</strong></span> <span class='ocrx_word' id='word_1_256' title='bbox 1524 2057 1686 2111; x_wconf 90' lang='lat' dir='ltr'><strong>quam</strong></span> <span class='ocrx_word' id='word_1_257' title='bbox 1707 2043 1869 2097; x_wconf 76' lang='lat' dir='ltr'><strong>vobis</strong></span> <span class='ocrx_word' id='word_1_258' title='bbox 1924 2043 2123 2112; x_wconf 89' lang='lat' dir='ltr'><strong>placuit</strong></span> 
     </span>
    </p>
   </div>
   <div class='ocr_carea' id='block_1_35' title="bbox 541 2131 2118 2200">
    <p class='ocr_par' dir='ltr' id='par_1_35' title="bbox 541 2131 2118 2200">
     <span class='ocr_line' id='line_1_35' title="bbox 541 2131 2118 2200; baseline 0.001 -14"><span class='ocrx_word' id='word_1_259' title='bbox 541 2147 661 2186; x_wconf 87' lang='lat' dir='ltr'><strong>eam</strong></span> <span class='ocrx_word' id='word_1_260' title='bbox 701 2145 1027 2199; x_wconf 87' lang='lat' dir='ltr'><strong>componere</strong></span> <span class='ocrx_word' id='word_1_261' title='bbox 1049 2169 1064 2195; x_wconf 93' lang='lat'><strong>,</strong></span> <span class='ocrx_word' id='word_1_262' title='bbox 1090 2145 1213 2184; x_wconf 90' lang='lat' dir='ltr'><strong>cum</strong></span> <span class='ocrx_word' id='word_1_263' title='bbox 1251 2131 1318 2185; x_wconf 90' lang='lat' dir='ltr'><strong>de</strong></span> <span class='ocrx_word' id='word_1_264' title='bbox 1352 2131 1403 2184; x_wconf 91' lang='lat' dir='ltr'><strong>in</strong></span> <span class='ocrx_word' id='word_1_265' title='bbox 1436 2131 1711 2200; x_wconf 62' lang='lat' dir='ltr'><strong>praeterito</strong></span> <span class='ocrx_word' id='word_1_266' title='bbox 1752 2132 1885 2186; x_wconf 89' lang='lat' dir='ltr'><strong>mihi</strong></span> <span class='ocrx_word' id='word_1_267' title='bbox 1937 2142 2118 2187; x_wconf 88' lang='lat' dir='ltr'><strong>trans-</strong></span> 
     </span>
    </p>
   </div>
   <div class='ocr_carea' id='block_1_36' title="bbox 543 2219 2116 2293">
    <p class='ocr_par' dir='ltr' id='par_1_36' title="bbox 543 2219 2116 2293">
     <span class='ocr_line' id='line_1_36' title="bbox 543 2219 2116 2293; baseline 0.001 -19"><span class='ocrx_word' id='word_1_268' title='bbox 543 2221 724 2275; x_wconf 89' lang='lat' dir='ltr'><strong>missis</strong></span> <span class='ocrx_word' id='word_1_269' title='bbox 775 2219 894 2289; x_wconf 84' lang='lat' dir='ltr'><strong>ejus</strong></span> <span class='ocrx_word' id='word_1_270' title='bbox 922 2237 1141 2275; x_wconf 88' lang='lat' dir='ltr'><strong>sensum</strong></span> <span class='ocrx_word' id='word_1_271' title='bbox 1175 2237 1388 2290; x_wconf 89' lang='lat' dir='ltr'><strong>possem</strong></span> <span class='ocrx_word' id='word_1_272' title='bbox 1438 2222 1724 2278; x_wconf 82' lang='lat' dir='ltr'><strong>manifeste</strong></span> <span class='ocrx_word' id='word_1_273' title='bbox 1773 2238 2116 2293; x_wconf 87' lang='lat' dir='ltr'><strong>cognoscere.</strong></span> 
     </span>
    </p>
   </div>
   <div class='ocr_carea' id='block_1_37' title="bbox 539 2309 2119 2379">
    <p class='ocr_par' dir='ltr' id='par_1_37' title="bbox 539 2309 2119 2379">
     <span class='ocr_line' id='line_1_37' title="bbox 539 2309 2119 2379; baseline 0.002 -18"><span class='ocrx_word' id='word_1_274' title='bbox 539 2309 881 2376; x_wconf 86' lang='lat' dir='ltr'><strong>Quapropter</strong></span> <span class='ocrx_word' id='word_1_275' title='bbox 910 2324 1118 2363; x_wconf 90' lang='lat' dir='ltr'><strong>memor</strong></span> <span class='ocrx_word' id='word_1_276' title='bbox 1157 2309 1553 2376; x_wconf 76' lang='lat' dir='ltr'><strong>prmteritarum</strong></span> <span class='ocrx_word' id='word_1_277' title='bbox 1598 2311 1945 2379; x_wconf 89' lang='lat' dir='ltr'><strong>epistolarum</strong></span> <span class='ocrx_word' id='word_1_278' title='bbox 1987 2312 2119 2365; x_wconf 85' lang='lat' dir='ltr'><strong>mihi</strong></span> 
     </span>
    </p>
   </div>
   <div class='ocr_carea' id='block_1_38' title="bbox 539 2400 2120 2469">
    <p class='ocr_par' dir='ltr' id='par_1_38' title="bbox 539 2400 2120 2469">
     <span class='ocr_line' id='line_1_38' title="bbox 539 2400 2120 2469; baseline 0.003 -16"><span class='ocrx_word' id='word_1_279' title='bbox 539 2408 596 2453; x_wconf 87' lang='lat' dir='ltr'><strong>et</strong></span> <span class='ocrx_word' id='word_1_280' title='bbox 632 2400 900 2469; x_wconf 89' lang='lat' dir='ltr'><strong>episcopis</strong></span> <span class='ocrx_word' id='word_1_281' title='bbox 947 2401 1097 2469; x_wconf 81' lang='lat' dir='ltr'><strong>regni</strong></span> <span class='ocrx_word' id='word_1_282' title='bbox 1143 2401 1234 2453; x_wconf 89' lang='lat' dir='ltr'><strong>ﬁlii</strong></span> <span class='ocrx_word' id='word_1_283' title='bbox 1275 2402 1438 2454; x_wconf 85' lang='lat' dir='ltr'><strong>vestri</strong></span> <span class='ocrx_word' id='word_1_284' title='bbox 1468 2402 1647 2455; x_wconf 83' lang='lat' dir='ltr'><strong>domui</strong></span> <span class='ocrx_word' id='word_1_285' title='bbox 1687 2401 1864 2456; x_wconf 87' lang='lat' dir='ltr'><strong>Caroli</strong></span> <span class='ocrx_word' id='word_1_286' title='bbox 1907 2417 1937 2455; x_wconf 89' lang='lat' dir='ltr'><strong>a</strong></span> <span class='ocrx_word' id='word_1_287' title='bbox 1967 2403 2120 2457; x_wconf 86' lang='lat' dir='ltr'><strong>vobis</strong></span> 
     </span>
    </p>
   </div>
   <div class='ocr_carea' id='block_1_39' title="bbox 541 2493 2118 2562">
    <p class='ocr_par' dir='ltr' id='par_1_39' title="bbox 541 2493 2118 2562">
     <span class='ocr_line' id='line_1_39' title="bbox 541 2493 2118 2562; baseline 0.001 -16"><span class='ocrx_word' id='word_1_288' title='bbox 541 2493 828 2547; x_wconf 87' lang='lat' dir='ltr'><strong>missarum</strong></span> <span class='ocrx_word' id='word_1_289' title='bbox 859 2532 873 2551; x_wconf 81' lang='lat'><strong>,</strong></span> <span class='ocrx_word' id='word_1_290' title='bbox 924 2495 1211 2546; x_wconf 87' lang='lat' dir='ltr'><strong>attendens</strong></span> <span class='ocrx_word' id='word_1_291' title='bbox 1257 2494 1421 2546; x_wconf 87' lang='lat' dir='ltr'><strong>etiam</strong></span> <span class='ocrx_word' id='word_1_292' title='bbox 1467 2509 1587 2561; x_wconf 74' lang='lat' dir='ltr'><strong>quze</strong></span> <span class='ocrx_word' id='word_1_293' title='bbox 1616 2494 1668 2546; x_wconf 93' lang='lat' dir='ltr'><strong>in</strong></span> <span class='ocrx_word' id='word_1_294' title='bbox 1693 2494 1917 2562; x_wconf 84' lang='lat' dir='ltr'><strong>epistola</strong></span> <span class='ocrx_word' id='word_1_295' title='bbox 1946 2509 2118 2562; x_wconf 81' lang='lat' dir='ltr'><strong>nuper</strong></span> 
     </span>
    </p>
   </div>
   <div class='ocr_carea' id='block_1_40' title="bbox 538 2579 2120 2650">
    <p class='ocr_par' dir='ltr' id='par_1_40' title="bbox 538 2579 2120 2650">
     <span class='ocr_line' id='line_1_40' title="bbox 538 2579 2120 2650; baseline 0.001 -16"><span class='ocrx_word' id='word_1_296' title='bbox 538 2597 636 2650; x_wconf 86' lang='lat' dir='ltr'><strong>per</strong></span> <span class='ocrx_word' id='word_1_297' title='bbox 681 2579 976 2634; x_wconf 87' lang='lat' dir='ltr'><strong>Luidonem</strong></span> <span class='ocrx_word' id='word_1_298' title='bbox 1024 2581 1154 2632; x_wconf 86' lang='lat' dir='ltr'><strong>mihi</strong></span> <span class='ocrx_word' id='word_1_299' title='bbox 1186 2579 1491 2648; x_wconf 88' lang='lat' dir='ltr'><strong>benignitas</strong></span> <span class='ocrx_word' id='word_1_300' title='bbox 1543 2591 1719 2635; x_wconf 85' lang='lat' dir='ltr'><strong>vestra</strong></span> <span class='ocrx_word' id='word_1_301' title='bbox 1767 2582 2120 2635; x_wconf 89' lang='lat' dir='ltr'><strong>mandaverat</strong></span> 
     </span>
    </p>
   </div>
   <div class='ocr_carea' id='block_1_41' title="bbox 540 2670 2118 2742">
    <p class='ocr_par' dir='ltr' id='par_1_41' title="bbox 540 2670 2118 2742">
     <span class='ocr_line' id='line_1_41' title="bbox 540 2670 2118 2742; baseline 0.002 -17"><span class='ocrx_word' id='word_1_302' title='bbox 540 2672 682 2742; x_wconf 78' lang='lat' dir='ltr'><strong>(lucc</strong></span> <span class='ocrx_word' id='word_1_303' title='bbox 719 2671 863 2724; x_wconf 91' lang='lat' dir='ltr'><strong>enim</strong></span> <span class='ocrx_word' id='word_1_304' title='bbox 895 2670 949 2723; x_wconf 92' lang='lat' dir='ltr'><strong>in</strong></span> <span class='ocrx_word' id='word_1_305' title='bbox 991 2671 1338 2723; x_wconf 83' lang='lat' dir='ltr'><strong>Antisiodoro</strong></span> <span class='ocrx_word' id='word_1_306' title='bbox 1375 2679 1496 2739; x_wconf 74' lang='lat' dir='ltr'><strong>post</strong></span> <span class='ocrx_word' id='word_1_307' title='bbox 1541 2676 1828 2726; x_wconf 85' lang='lat' dir='ltr'><strong>adventum</strong></span> <span class='ocrx_word' id='word_1_308' title='bbox 1860 2672 2118 2728; x_wconf 87' lang='lat' dir='ltr'><strong>Luidonis</strong></span> 
     </span>
    </p>
   </div>
   <div class='ocr_carea' id='block_1_42' title="bbox 540 2760 2115 2832">
    <p class='ocr_par' dir='ltr' id='par_1_42' title="bbox 540 2760 2115 2832">
     <span class='ocr_line' id='line_1_42' title="bbox 540 2760 2115 2832; baseline 0.003 -19"><span class='ocrx_word' id='word_1_309' title='bbox 540 2760 968 2829; x_wconf 87' lang='lat' dir='ltr'><strong>ventilabantur)</strong></span> <span class='ocrx_word' id='word_1_310' title='bbox 1010 2761 1150 2814; x_wconf 91' lang='lat' dir='ltr'><strong>inter</strong></span> <span class='ocrx_word' id='word_1_311' title='bbox 1192 2769 1390 2814; x_wconf 89' lang='lat' dir='ltr'><strong>metum</strong></span> <span class='ocrx_word' id='word_1_312' title='bbox 1433 2763 1829 2830; x_wconf 73' lang='lat' dir='ltr'><strong>prmteritarnm</strong></span> <span class='ocrx_word' id='word_1_313' title='bbox 1868 2772 1923 2817; x_wconf 91' lang='lat' dir='ltr'><strong>et</strong></span> <span class='ocrx_word' id='word_1_314' title='bbox 1969 2779 2115 2832; x_wconf 88' lang='lat' dir='ltr'><strong>spem</strong></span> 
     </span>
    </p>
   </div>
   <div class='ocr_carea' id='block_1_43' title="bbox 539 2850 2118 2922">
    <p class='ocr_par' dir='ltr' id='par_1_43' title="bbox 539 2850 2118 2922">
     <span class='ocr_line' id='line_1_43' title="bbox 539 2850 2118 2922; baseline 0.002 -17"><span class='ocrx_word' id='word_1_315' title='bbox 539 2851 857 2922; x_wconf 87' lang='lat' dir='ltr'><strong>posterioris</strong></span> <span class='ocrx_word' id='word_1_316' title='bbox 883 2850 1126 2920; x_wconf 72' lang='lat' dir='ltr'><strong>epistola:</strong></span> <span class='ocrx_word' id='word_1_317' title='bbox 1167 2851 1296 2904; x_wconf 89' lang='lat' dir='ltr'><strong>mihi</strong></span> <span class='ocrx_word' id='word_1_318' title='bbox 1325 2852 1537 2904; x_wconf 87' lang='lat' dir='ltr'><strong>mitiora</strong></span> <span class='ocrx_word' id='word_1_319' title='bbox 1584 2854 1956 2917; x_wconf 70' lang='lat' dir='ltr'><strong>monstrantis,</strong></span> <span class='ocrx_word' id='word_1_320' title='bbox 1989 2870 2118 2908; x_wconf 91' lang='lat' dir='ltr'><strong>con-</strong></span> 
     </span>
    </p>
   </div>
   <div class='ocr_carea' id='block_1_44' title="bbox 540 2942 2114 3006">
    <p class='ocr_par' dir='ltr' id='par_1_44' title="bbox 540 2942 2114 3006">
     <span class='ocr_line' id='line_1_44' title="bbox 540 2942 2114 3006; baseline -0.001 -6"><span class='ocrx_word' id='word_1_321' title='bbox 540 2945 834 3000; x_wconf 90' lang='lat' dir='ltr'><strong>tentionem</strong></span> <span class='ocrx_word' id='word_1_322' title='bbox 862 2945 913 2997; x_wconf 90' lang='lat' dir='ltr'><strong>in</strong></span> <span class='ocrx_word' id='word_1_323' title='bbox 946 2944 1047 2997; x_wconf 89' lang='lat' dir='ltr'><strong>hac</strong></span> <span class='ocrx_word' id='word_1_324' title='bbox 1075 2957 1234 2996; x_wconf 89' lang='lat' dir='ltr'><strong>causa</strong></span> <span class='ocrx_word' id='word_1_325' title='bbox 1265 2942 1653 2996; x_wconf 82' lang='lat' dir='ltr'><strong>dissimulando</strong></span> <span class='ocrx_word' id='word_1_326' title='bbox 1681 2943 1865 3006; x_wconf 88' lang='lat' dir='ltr'><strong>vitavi,</strong></span> <span class='ocrx_word' id='word_1_327' title='bbox 1897 2952 1952 2997; x_wconf 89' lang='lat' dir='ltr'><strong>et</strong></span> <span class='ocrx_word' id='word_1_328' title='bbox 1981 2959 2114 2998; x_wconf 88' lang='lat' dir='ltr'><strong>con-</strong></span> 
     </span>
    </p>
   </div>
   <div class='ocr_carea' id='block_1_45' title="bbox 539 3030 2112 3099">
    <p class='ocr_par' dir='ltr' id='par_1_45' title="bbox 539 3030 2112 3099">
     <span class='ocr_line' id='line_1_45' title="bbox 539 3030 2112 3099; baseline -0.002 -10"><span class='ocrx_word' id='word_1_329' title='bbox 539 3033 948 3089; x_wconf 89' lang='lat' dir='ltr'><strong>descensionem</strong></span> <span class='ocrx_word' id='word_1_330' title='bbox 997 3031 1150 3099; x_wconf 90' lang='lat' dir='ltr'><strong>quasi</strong></span> <span class='ocrx_word' id='word_1_331' title='bbox 1210 3031 1262 3082; x_wconf 91' lang='lat' dir='ltr'><strong>in</strong></span> <span class='ocrx_word' id='word_1_332' title='bbox 1335 3039 1543 3098; x_wconf 85' lang='lat' dir='ltr'><strong>tempus</strong></span> <span class='ocrx_word' id='word_1_333' title='bbox 1610 3030 1752 3084; x_wconf 86' lang='lat' dir='ltr'><strong>aliud</strong></span> <span class='ocrx_word' id='word_1_334' title='bbox 1815 3031 2112 3098; x_wconf 76' lang='lat' dir='ltr'><strong>dilferendo</strong></span> 
     </span>
    </p>
   </div>
   <div class='ocr_carea' id='block_1_46' title="bbox 538 3120 2113 3192">
    <p class='ocr_par' dir='ltr' id='par_1_46' title="bbox 538 3120 2113 3192">
     <span class='ocr_line' id='line_1_46' title="bbox 538 3120 2113 3192; baseline -0.001 -14"><span class='ocrx_word' id='word_1_335' title='bbox 538 3122 873 3178; x_wconf 87' lang='lat' dir='ltr'><strong>dissimulavi</strong></span> <span class='ocrx_word' id='word_1_336' title='bbox 923 3138 938 3176; x_wconf 88' lang='lat'><strong>:</strong></span> <span class='ocrx_word' id='word_1_337' title='bbox 979 3130 1300 3190; x_wconf 86' lang='lat' dir='ltr'><strong>exspectans</strong></span> <span class='ocrx_word' id='word_1_338' title='bbox 1347 3128 1407 3172; x_wconf 93' lang='lat' dir='ltr'><strong>ut</strong></span> <span class='ocrx_word' id='word_1_339' title='bbox 1465 3120 1517 3173; x_wconf 93' lang='lat' dir='ltr'><strong>in</strong></span> <span class='ocrx_word' id='word_1_340' title='bbox 1575 3135 1752 3174; x_wconf 74' lang='lat' dir='ltr'><strong>causze</strong></span> <span class='ocrx_word' id='word_1_341' title='bbox 1795 3122 1951 3192; x_wconf 87' lang='lat' dir='ltr'><strong>hujus</strong></span> <span class='ocrx_word' id='word_1_342' title='bbox 1995 3137 2113 3192; x_wconf 68' lang='lat' dir='ltr'><strong>quae</strong></span> 
     </span>
    </p>
   </div>
   <div class='ocr_carea' id='block_1_47' title="bbox 540 3209 2114 3280">
    <p class='ocr_par' dir='ltr' id='par_1_47' title="bbox 540 3209 2114 3280">
     <span class='ocr_line' id='line_1_47' title="bbox 540 3209 2114 3280; baseline 0 -14"><span class='ocrx_word' id='word_1_343' title='bbox 540 3213 708 3267; x_wconf 86' lang='lat' dir='ltr'><strong>instat</strong></span> <span class='ocrx_word' id='word_1_344' title='bbox 729 3211 1077 3280; x_wconf 88' lang='lat' dir='ltr'><strong>dispositione</strong></span> <span class='ocrx_word' id='word_1_345' title='bbox 1095 3219 1296 3274; x_wconf 87' lang='lat' dir='ltr'><strong>vestra,</strong></span> <span class='ocrx_word' id='word_1_346' title='bbox 1316 3223 1381 3262; x_wconf 85' lang='lat' dir='ltr'><strong>ex</strong></span> <span class='ocrx_word' id='word_1_347' title='bbox 1406 3209 1652 3264; x_wconf 77' lang='lat' dir='ltr'><strong>Rothado</strong></span> <span class='ocrx_word' id='word_1_348' title='bbox 1675 3211 1882 3266; x_wconf 87' lang='lat' dir='ltr'><strong>discere</strong></span> <span class='ocrx_word' id='word_1_349' title='bbox 1907 3212 2114 3267; x_wconf 89' lang='lat' dir='ltr'><strong>valeam</strong></span> 
     </span>
    </p>
   </div>
   <div class='ocr_carea' id='block_1_48' title="bbox 539 3301 2110 3374">
    <p class='ocr_par' dir='ltr' id='par_1_48' title="bbox 539 3301 2110 3374">
     <span class='ocr_line' id='line_1_48' title="bbox 539 3301 2110 3374; baseline -0.001 -16"><span class='ocrx_word' id='word_1_350' title='bbox 539 3302 773 3374; x_wconf 86' lang='lat' dir='ltr'><strong>qualiter</strong></span> <span class='ocrx_word' id='word_1_351' title='bbox 818 3303 885 3356; x_wconf 91' lang='lat' dir='ltr'><strong>de</strong></span> <span class='ocrx_word' id='word_1_352' title='bbox 934 3301 1141 3370; x_wconf 90' lang='lat' dir='ltr'><strong>reliquo</strong></span> <span class='ocrx_word' id='word_1_353' title='bbox 1185 3301 1238 3354; x_wconf 94' lang='lat' dir='ltr'><strong>in</strong></span> <span class='ocrx_word' id='word_1_354' title='bbox 1288 3301 1590 3370; x_wconf 90' lang='lat' dir='ltr'><strong>hujusmodi</strong></span> <span class='ocrx_word' id='word_1_355' title='bbox 1638 3316 1798 3371; x_wconf 87' lang='lat' dir='ltr'><strong>agere</strong></span> <span class='ocrx_word' id='word_1_356' title='bbox 1865 3302 2110 3357; x_wconf 89' lang='lat' dir='ltr'><strong>debeam.</strong></span> 
     </span>
    </p>
   </div>
   <div class='ocr_carea' id='block_1_49' title="bbox 543 3389 2116 3460">
    <p class='ocr_par' dir='ltr' id='par_1_49' title="bbox 543 3389 2116 3460">
     <span class='ocr_line' id='line_1_49' title="bbox 543 3389 2116 3460; baseline 0 -12"><span class='ocrx_word' id='word_1_357' title='bbox 543 3392 743 3460; x_wconf 86' lang='lat' dir='ltr'><strong>Sicque</strong></span> <span class='ocrx_word' id='word_1_358' title='bbox 791 3391 924 3445; x_wconf 83' lang='lat' dir='ltr'><strong>nihil</strong></span> <span class='ocrx_word' id='word_1_359' title='bbox 976 3390 1131 3445; x_wconf 92' lang='lat' dir='ltr'><strong>nobis</strong></span> <span class='ocrx_word' id='word_1_360' title='bbox 1178 3391 1245 3445; x_wconf 88' lang='lat' dir='ltr'><strong>de</strong></span> <span class='ocrx_word' id='word_1_361' title='bbox 1298 3389 1667 3444; x_wconf 90' lang='lat' dir='ltr'><strong>ecclesiastico</strong></span> <span class='ocrx_word' id='word_1_362' title='bbox 1697 3391 1996 3447; x_wconf 88' lang='lat' dir='ltr'><strong>ministerio</strong></span> <span class='ocrx_word' id='word_1_363' title='bbox 2037 3394 2116 3448; x_wconf 88' lang='lat' dir='ltr'><strong>eis</strong></span> 
     </span>
    </p>
   </div>
   <div class='ocr_carea' id='block_1_50' title="bbox 539 3480 2113 3548">
    <p class='ocr_par' dir='ltr' id='par_1_50' title="bbox 539 3480 2113 3548">
     <span class='ocr_line' id='line_1_50' title="bbox 539 3480 2113 3548; baseline -0.003 -9"><span class='ocrx_word' id='word_1_364' title='bbox 539 3483 1012 3545; x_wconf 85' lang='lat' dir='ltr'><strong>interdicentibus,</strong></span> <span class='ocrx_word' id='word_1_365' title='bbox 1061 3481 1155 3536; x_wconf 90' lang='lat' dir='ltr'><strong>sed</strong></span> <span class='ocrx_word' id='word_1_366' title='bbox 1198 3489 1376 3534; x_wconf 89' lang='lat' dir='ltr'><strong>tamen</strong></span> <span class='ocrx_word' id='word_1_367' title='bbox 1413 3480 1553 3548; x_wconf 89' lang='lat' dir='ltr'><strong>quod</strong></span> <span class='ocrx_word' id='word_1_368' title='bbox 1584 3481 1848 3535; x_wconf 89' lang='lat' dir='ltr'><strong>valuimus</strong></span> <span class='ocrx_word' id='word_1_369' title='bbox 1875 3493 2113 3537; x_wconf 89' lang='lat' dir='ltr'><strong>nostram</strong></span> 
     </span>
    </p>
   </div>
   <div class='ocr_carea' id='block_1_51' title="bbox 538 3569 2115 3643">
    <p class='ocr_par' dir='ltr' id='par_1_51' title="bbox 538 3569 2115 3643">
     <span class='ocr_line' id='line_1_51' title="bbox 538 3569 2115 3643; baseline -0.001 -17"><span class='ocrx_word' id='word_1_370' title='bbox 538 3571 880 3643; x_wconf 68' lang='lat' dir='ltr'><strong>praesentiam</strong></span> <span class='ocrx_word' id='word_1_371' title='bbox 905 3572 972 3626; x_wconf 90' lang='lat' dir='ltr'><strong>ab</strong></span> <span class='ocrx_word' id='word_1_372' title='bbox 996 3571 1098 3624; x_wconf 92' lang='lat' dir='ltr'><strong>hoc</strong></span> <span class='ocrx_word' id='word_1_373' title='bbox 1120 3569 1336 3639; x_wconf 91' lang='lat' dir='ltr'><strong>negotio</strong></span> <span class='ocrx_word' id='word_1_374' title='bbox 1360 3569 2115 3633; x_wconf 87' lang='lat' dir='ltr'><strong>subducentibus,Balduinus</strong></span> 
     </span>
    </p>
   </div>
   <div class='ocr_carea' id='block_1_52' title="bbox 538 3660 2119 3732">
    <p class='ocr_par' dir='ltr' id='par_1_52' title="bbox 538 3660 2119 3732">
     <span class='ocr_line' id='line_1_52' title="bbox 538 3660 2119 3732; baseline -0.001 -14"><span class='ocrx_word' id='word_1_375' title='bbox 538 3671 595 3718; x_wconf 92' lang='lat' dir='ltr'><strong>et</strong></span> <span class='ocrx_word' id='word_1_376' title='bbox 637 3661 818 3716; x_wconf 82' lang='lat' dir='ltr'><strong>Judith</strong></span> <span class='ocrx_word' id='word_1_377' title='bbox 876 3660 1002 3728; x_wconf 83' lang='lat' dir='ltr'><strong>jura</strong></span> <span class='ocrx_word' id='word_1_378' title='bbox 1056 3661 1229 3731; x_wconf 89' lang='lat' dir='ltr'><strong>legum</strong></span> <span class='ocrx_word' id='word_1_379' title='bbox 1283 3660 1621 3716; x_wconf 66' lang='lat' dir='ltr'><strong>saecularium</strong></span> <span class='ocrx_word' id='word_1_380' title='bbox 1670 3677 1790 3729; x_wconf 63' lang='lat' dir='ltr'><strong>quae</strong></span> <span class='ocrx_word' id='word_1_381' title='bbox 1841 3662 2119 3732; x_wconf 87' lang='lat' dir='ltr'><strong>elegerunt</strong></span> 
     </span>
    </p>
   </div>
   <div class='ocr_carea' id='block_1_53' title="bbox 537 3752 2119 3822">
    <p class='ocr_par' dir='ltr' id='par_1_53' title="bbox 537 3752 2119 3822">
     <span class='ocr_line' id='line_1_53' title="bbox 537 3752 2119 3822; baseline 0.002 -14"><span class='ocrx_word' id='word_1_382' title='bbox 537 3753 762 3822; x_wconf 78' lang='lat' dir='ltr'><strong>exsequi</strong></span> <span class='ocrx_word' id='word_1_383' title='bbox 799 3753 1142 3807; x_wconf 87' lang='lat' dir='ltr'><strong>studuerunt.</strong></span> <span class='ocrx_word' id='word_1_384' title='bbox 1179 3752 1416 3807; x_wconf 91' lang='lat' dir='ltr'><strong>Domnus</strong></span> <span class='ocrx_word' id='word_1_385' title='bbox 1444 3752 1606 3806; x_wconf 91' lang='lat' dir='ltr'><strong>etiam</strong></span> <span class='ocrx_word' id='word_1_386' title='bbox 1631 3761 1814 3807; x_wconf 88' lang='lat' dir='ltr'><strong>noster</strong></span> <span class='ocrx_word' id='word_1_387' title='bbox 1851 3769 1947 3807; x_wconf 80' lang='lat' dir='ltr'><strong>rex</strong></span> <span class='ocrx_word' id='word_1_388' title='bbox 1980 3755 2119 3811; x_wconf 88' lang='lat' dir='ltr'><strong>ﬁlius</strong></span> 
     </span>
    </p>
   </div>
   <div class='ocr_carea' id='block_1_54' title="bbox 537 3843 2116 3912">
    <p class='ocr_par' dir='ltr' id='par_1_54' title="bbox 537 3843 2116 3912">
     <span class='ocr_line' id='line_1_54' title="bbox 537 3843 2116 3912; baseline 0.001 -13"><span class='ocrx_word' id='word_1_389' title='bbox 537 3855 720 3901; x_wconf 82' lang='lat' dir='ltr'><strong>vester</strong></span> <span class='ocrx_word' id='word_1_390' title='bbox 752 3845 880 3899; x_wconf 90' lang='lat' dir='ltr'><strong>huic</strong></span> <span class='ocrx_word' id='word_1_391' title='bbox 917 3844 1316 3912; x_wconf 89' lang='lat' dir='ltr'><strong>desponsationi</strong></span> <span class='ocrx_word' id='word_1_392' title='bbox 1352 3853 1405 3897; x_wconf 90' lang='lat' dir='ltr'><strong>et</strong></span> <span class='ocrx_word' id='word_1_393' title='bbox 1439 3843 1803 3911; x_wconf 91' lang='lat' dir='ltr'><strong>conjunctioni</strong></span> <span class='ocrx_word' id='word_1_394' title='bbox 1854 3844 2116 3900; x_wconf 88' lang='lat' dir='ltr'><strong>interesse</strong></span> 
     </span>
    </p>
   </div>
   <div class='ocr_carea' id='block_1_55' title="bbox 539 3933 2115 4000">
    <p class='ocr_par' dir='ltr' id='par_1_55' title="bbox 539 3933 2115 4000">
     <span class='ocr_line' id='line_1_55' title="bbox 539 3933 2115 4000; baseline -0.001 -9"><span class='ocrx_word' id='word_1_395' title='bbox 539 3952 647 3991; x_wconf 88' lang='lat' dir='ltr'><strong>non</strong></span> <span class='ocrx_word' id='word_1_396' title='bbox 676 3935 843 3989; x_wconf 91' lang='lat' dir='ltr'><strong>voluit</strong></span> <span class='ocrx_word' id='word_1_397' title='bbox 873 3952 887 3986; x_wconf 90' lang='lat'><strong>:</strong></span> <span class='ocrx_word' id='word_1_398' title='bbox 920 3935 1014 3988; x_wconf 93' lang='lat' dir='ltr'><strong>sed</strong></span> <span class='ocrx_word' id='word_1_399' title='bbox 1047 3935 1226 3987; x_wconf 91' lang='lat' dir='ltr'><strong>missis</strong></span> <span class='ocrx_word' id='word_1_400' title='bbox 1257 3933 1485 4000; x_wconf 58' lang='lat' dir='ltr'><strong>publica:</strong></span> <span class='ocrx_word' id='word_1_401' title='bbox 1530 3935 1607 3987; x_wconf 91' lang='lat' dir='ltr'><strong>rei</strong></span> <span class='ocrx_word' id='word_1_402' title='bbox 1645 3935 1924 3996; x_wconf 89' lang='lat' dir='ltr'><strong>ministris,</strong></span> <span class='ocrx_word' id='word_1_403' title='bbox 1977 3937 2115 3990; x_wconf 91' lang='lat' dir='ltr'><strong>sicut</strong></span> 
     </span>
    </p>
   </div>
   <div class='ocr_carea' id='block_1_56' title="bbox 539 4024 2113 4094">
    <p class='ocr_par' dir='ltr' id='par_1_56' title="bbox 539 4024 2113 4094">
     <span class='ocr_line' id='line_1_56' title="bbox 539 4024 2113 4094; baseline 0 -15"><span class='ocrx_word' id='word_1_404' title='bbox 539 4028 692 4081; x_wconf 80' lang='lat' dir='ltr'><strong>vobis</strong></span> <span class='ocrx_word' id='word_1_405' title='bbox 720 4025 990 4094; x_wconf 90' lang='lat' dir='ltr'><strong>promisit,</strong></span> <span class='ocrx_word' id='word_1_406' title='bbox 1038 4025 1332 4078; x_wconf 86' lang='lat' dir='ltr'><strong>secundum</strong></span> <span class='ocrx_word' id='word_1_407' title='bbox 1382 4024 1529 4093; x_wconf 80' lang='lat' dir='ltr'><strong>leges</strong></span> <span class='ocrx_word' id='word_1_408' title='bbox 1567 4024 1748 4078; x_wconf 67' lang='lat' dir='ltr'><strong>saeculi</strong></span> <span class='ocrx_word' id='word_1_409' title='bbox 1787 4039 1882 4079; x_wconf 85' lang='lat' dir='ltr'><strong>eos</strong></span> <span class='ocrx_word' id='word_1_410' title='bbox 1926 4028 2113 4080; x_wconf 80' lang='lat' dir='ltr'><strong>uxoria</strong></span> 
     </span>
    </p>
   </div>
   <div class='ocr_carea' id='block_1_57' title="bbox 539 4110 2114 4181">
    <p class='ocr_par' dir='ltr' id='par_1_57' title="bbox 539 4110 2114 4181">
     <span class='ocr_line' id='line_1_57' title="bbox 539 4110 2114 4181; baseline -0.001 -11"><span class='ocrx_word' id='word_1_411' title='bbox 539 4113 919 4181; x_wconf 86' lang='lat' dir='ltr'><strong>conjunctione</strong></span> <span class='ocrx_word' id='word_1_412' title='bbox 963 4111 1262 4165; x_wconf 88' lang='lat' dir='ltr'><strong>adinvicem</strong></span> <span class='ocrx_word' id='word_1_413' title='bbox 1314 4110 1552 4178; x_wconf 91' lang='lat' dir='ltr'><strong>copulari</strong></span> <span class='ocrx_word' id='word_1_414' title='bbox 1606 4112 1866 4178; x_wconf 87' lang='lat' dir='ltr'><strong>permisit,</strong></span> <span class='ocrx_word' id='word_1_415' title='bbox 1917 4124 1972 4167; x_wconf 88' lang='lat' dir='ltr'><strong>et</strong></span> <span class='ocrx_word' id='word_1_416' title='bbox 2016 4115 2114 4168; x_wconf 90' lang='lat' dir='ltr'><strong>ho-</strong></span> 
     </span>
    </p>
   </div>
   <div class='ocr_carea' id='block_1_58' title="bbox 538 4199 2116 4271">
    <p class='ocr_par' dir='ltr' id='par_1_58' title="bbox 538 4199 2116 4271">
     <span class='ocr_line' id='line_1_58' title="bbox 538 4199 2116 4271; baseline -0.001 -12"><span class='ocrx_word' id='word_1_417' title='bbox 538 4220 699 4264; x_wconf 89' lang='lat' dir='ltr'><strong>nores</strong></span> <span class='ocrx_word' id='word_1_418' title='bbox 741 4202 1000 4257; x_wconf 88' lang='lat' dir='ltr'><strong>Balduino</strong></span> <span class='ocrx_word' id='word_1_419' title='bbox 1057 4217 1156 4271; x_wconf 89' lang='lat' dir='ltr'><strong>pro</strong></span> <span class='ocrx_word' id='word_1_420' title='bbox 1217 4208 1396 4254; x_wconf 87' lang='lat' dir='ltr'><strong>vestra</strong></span> <span class='ocrx_word' id='word_1_421' title='bbox 1463 4199 1799 4257; x_wconf 89' lang='lat' dir='ltr'><strong>solummodo</strong></span> <span class='ocrx_word' id='word_1_422' title='bbox 1857 4203 2116 4270; x_wconf 88' lang='lat' dir='ltr'><strong>petitione</strong></span> 
     </span>
    </p>
   </div>
   <div class='ocr_carea' id='block_1_59' title="bbox 537 4293 776 4348">
    <p class='ocr_par' dir='ltr' id='par_1_59' title="bbox 537 4293 776 4348">
     <span class='ocr_line' id='line_1_59' title="bbox 537 4293 776 4348; baseline -0.013 0"><span class='ocrx_word' id='word_1_423' title='bbox 537 4293 776 4348; x_wconf 87' lang='lat' dir='ltr'><strong>donavit.</strong></span> 
     </span>
    </p>
   </div>
   <div class='ocr_carea' id='block_1_60' title="bbox 2224 1855 3806 1932">
    <p class='ocr_par' dir='ltr' id='par_1_60' title="bbox 2224 1855 3806 1932">
     <span class='ocr_line' id='line_1_60' title="bbox 2224 1855 3806 1932; baseline 0.004 -22"><span class='ocrx_word' id='word_1_424' title='bbox 2224 1856 2356 1911; x_wconf 88' lang='lat' dir='ltr'><strong>mihi</strong></span> <span class='ocrx_word' id='word_1_425' title='bbox 2391 1855 2599 1910; x_wconf 89' lang='lat' dir='ltr'><strong>litteras</strong></span> <span class='ocrx_word' id='word_1_426' title='bbox 2643 1865 2852 1910; x_wconf 90' lang='lat' dir='ltr'><strong>vestras</strong></span> <span class='ocrx_word' id='word_1_427' title='bbox 2903 1857 3155 1926; x_wconf 89' lang='lat' dir='ltr'><strong>legendas</strong></span> <span class='ocrx_word' id='word_1_428' title='bbox 3205 1860 3444 1913; x_wconf 90' lang='lat' dir='ltr'><strong>donavit.</strong></span> <span class='ocrx_word' id='word_1_429' title='bbox 3499 1860 3556 1914; x_wconf 88' lang='lat' dir='ltr'><strong>In</strong></span> <span class='ocrx_word' id='word_1_430' title='bbox 3608 1863 3806 1932; x_wconf 85' lang='lat' dir='ltr'><strong>quibus</strong></span> 
     </span>
    </p>
   </div>
   <div class='ocr_carea' id='block_1_61' title="bbox 2223 1945 3804 2028">
    <p class='ocr_par' dir='ltr' id='par_1_61' title="bbox 2223 1945 3804 2028">
     <span class='ocr_line' id='line_1_61' title="bbox 2223 1945 3804 2028; baseline 0.006 -30"><span class='ocrx_word' id='word_1_431' title='bbox 2223 1945 2350 2001; x_wconf 91' lang='lat' dir='ltr'><strong>licet</strong></span> <span class='ocrx_word' id='word_1_432' title='bbox 2371 1963 2469 2016; x_wconf 89' lang='lat' dir='ltr'><strong>pro</strong></span> <span class='ocrx_word' id='word_1_433' title='bbox 2499 1964 2596 2002; x_wconf 82' lang='lat' dir='ltr'><strong>sua</strong></span> <span class='ocrx_word' id='word_1_434' title='bbox 2623 1948 2935 2018; x_wconf 89' lang='lat' dir='ltr'><strong>dignatione</strong></span> <span class='ocrx_word' id='word_1_435' title='bbox 2965 1951 3270 2006; x_wconf 88' lang='lat' dir='ltr'><strong>sublimitas</strong></span> <span class='ocrx_word' id='word_1_436' title='bbox 3309 1960 3487 2006; x_wconf 89' lang='lat' dir='ltr'><strong>vestra</strong></span> <span class='ocrx_word' id='word_1_437' title='bbox 3528 1954 3804 2028; x_wconf 83' lang='lat' dir='ltr'><strong>humilita-</strong></span> 
     </span>
    </p>
   </div>
   <div class='ocr_carea' id='block_1_62' title="bbox 2224 2038 3804 2113">
    <p class='ocr_par' dir='ltr' id='par_1_62' title="bbox 2224 2038 3804 2113">
     <span class='ocr_line' id='line_1_62' title="bbox 2224 2038 3804 2113; baseline 0.007 -25"><span class='ocrx_word' id='word_1_438' title='bbox 2224 2044 2332 2089; x_wconf 88' lang='lat' dir='ltr'><strong>tem</strong></span> <span class='ocrx_word' id='word_1_439' title='bbox 2383 2053 2558 2091; x_wconf 89' lang='lat' dir='ltr'><strong>meam</strong></span> <span class='ocrx_word' id='word_1_440' title='bbox 2605 2039 2720 2092; x_wconf 89' lang='lat' dir='ltr'><strong>sine</strong></span> <span class='ocrx_word' id='word_1_441' title='bbox 2765 2038 2872 2092; x_wconf 88' lang='lat' dir='ltr'><strong>ulla</strong></span> <span class='ocrx_word' id='word_1_442' title='bbox 2925 2040 3108 2094; x_wconf 84' lang='lat' dir='ltr'><strong>meriti</strong></span> <span class='ocrx_word' id='word_1_443' title='bbox 3159 2041 3518 2110; x_wconf 68' lang='lat' dir='ltr'><strong>prterogativa</strong></span> <span class='ocrx_word' id='word_1_444' title='bbox 3570 2045 3804 2113; x_wconf 90' lang='lat' dir='ltr'><strong>benigne</strong></span> 
     </span>
    </p>
   </div>
   <div class='ocr_carea' id='block_1_63' title="bbox 2224 2129 3802 2206">
    <p class='ocr_par' dir='ltr' id='par_1_63' title="bbox 2224 2129 3802 2206">
     <span class='ocr_line' id='line_1_63' title="bbox 2224 2129 3802 2206; baseline 0.008 -26"><span class='ocrx_word' id='word_1_445' title='bbox 2224 2129 2568 2191; x_wconf 86' lang='lat' dir='ltr'><strong>tractaverit,</strong></span> <span class='ocrx_word' id='word_1_446' title='bbox 2593 2139 2648 2182; x_wconf 93' lang='lat' dir='ltr'><strong>et</strong></span> <span class='ocrx_word' id='word_1_447' title='bbox 2689 2146 2720 2182; x_wconf 91' lang='lat' dir='ltr'><strong>a</strong></span> <span class='ocrx_word' id='word_1_448' title='bbox 2760 2146 2876 2185; x_wconf 88' lang='lat' dir='ltr'><strong>mea</strong></span> <span class='ocrx_word' id='word_1_449' title='bbox 2907 2132 3214 2201; x_wconf 88' lang='lat' dir='ltr'><strong>insipientia</strong></span> <span class='ocrx_word' id='word_1_450' title='bbox 3263 2135 3489 2204; x_wconf 85' lang='lat' dir='ltr'><strong>scripta,</strong></span> <span class='ocrx_word' id='word_1_451' title='bbox 3537 2139 3802 2206; x_wconf 84' lang='lat' dir='ltr'><strong>sapientia</strong></span> 
     </span>
    </p>
   </div>
   <div class='ocr_carea' id='block_1_64' title="bbox 2220 2219 3801 2298">
    <p class='ocr_par' dir='ltr' id='par_1_64' title="bbox 2220 2219 3801 2298">
     <span class='ocr_line' id='line_1_64' title="bbox 2220 2219 3801 2298; baseline 0.01 -30"><span class='ocrx_word' id='word_1_452' title='bbox 2220 2225 2398 2270; x_wconf 88' lang='lat' dir='ltr'><strong>vestra</strong></span> <span class='ocrx_word' id='word_1_453' title='bbox 2427 2256 2441 2280; x_wconf 88' lang='lat'><strong>,</strong></span> <span class='ocrx_word' id='word_1_454' title='bbox 2494 2232 2654 2286; x_wconf 87' lang='lat' dir='ltr'><strong>supra</strong></span> <span class='ocrx_word' id='word_1_455' title='bbox 2701 2219 2751 2272; x_wconf 90' lang='lat' dir='ltr'><strong>id</strong></span> <span class='ocrx_word' id='word_1_456' title='bbox 2807 2223 2952 2289; x_wconf 90' lang='lat' dir='ltr'><strong>quod</strong></span> <span class='ocrx_word' id='word_1_457' title='bbox 3001 2224 3114 2276; x_wconf 86' lang='lat' dir='ltr'><strong>scio</strong></span> <span class='ocrx_word' id='word_1_458' title='bbox 3161 2233 3324 2292; x_wconf 91' lang='lat' dir='ltr'><strong>atque</strong></span> <span class='ocrx_word' id='word_1_459' title='bbox 3370 2227 3609 2298; x_wconf 85' lang='lat' dir='ltr'><strong>intelligo</strong></span> <span class='ocrx_word' id='word_1_460' title='bbox 3636 2268 3651 2292; x_wconf 95' lang='lat'><strong>,</strong></span> <span class='ocrx_word' id='word_1_461' title='bbox 3695 2245 3801 2284; x_wconf 92' lang='lat' dir='ltr'><strong>non</strong></span> 
     </span>
    </p>
   </div>
   <div class='ocr_carea' id='block_1_65' title="bbox 2224 2309 3803 2388">
    <p class='ocr_par' dir='ltr' id='par_1_65' title="bbox 2224 2309 3803 2388">
     <span class='ocr_line' id='line_1_65' title="bbox 2224 2309 3803 2388; baseline 0.009 -28"><span class='ocrx_word' id='word_1_462' title='bbox 2224 2315 2406 2361; x_wconf 91' lang='lat' dir='ltr'><strong>tamen</strong></span> <span class='ocrx_word' id='word_1_463' title='bbox 2458 2309 2662 2376; x_wconf 85' lang='lat' dir='ltr'><strong>absque</strong></span> <span class='ocrx_word' id='word_1_464' title='bbox 2708 2310 2931 2366; x_wconf 90' lang='lat' dir='ltr'><strong>inducto</strong></span> <span class='ocrx_word' id='word_1_465' title='bbox 2982 2316 3260 2378; x_wconf 89' lang='lat' dir='ltr'><strong>cauterio,</strong></span> <span class='ocrx_word' id='word_1_466' title='bbox 3307 2317 3529 2372; x_wconf 88' lang='lat' dir='ltr'><strong>laudare</strong></span> <span class='ocrx_word' id='word_1_467' title='bbox 3587 2319 3803 2388; x_wconf 82' lang='lat' dir='ltr'><strong>dignata</strong></span> 
     </span>
    </p>
   </div>
   <div class='ocr_carea' id='block_1_66' title="bbox 2222 2396 3806 2464">
    <p class='ocr_par' dir='ltr' id='par_1_66' title="bbox 2222 2396 3806 2464">
     <span class='ocr_line' id='line_1_66' title="bbox 2222 2396 3806 2464; baseline 0.009 -15"><span class='ocrx_word' id='word_1_468' title='bbox 2222 2396 2387 2451; x_wconf 89' lang='lat' dir='ltr'><strong>fuerit</strong></span> <span class='ocrx_word' id='word_1_469' title='bbox 2419 2415 2432 2451; x_wconf 89' lang='lat'><strong>:</strong></span> <span class='ocrx_word' id='word_1_470' title='bbox 2470 2409 2646 2453; x_wconf 86' lang='lat' dir='ltr'><strong>tamen</strong></span> <span class='ocrx_word' id='word_1_471' title='bbox 2689 2401 2741 2455; x_wconf 92' lang='lat' dir='ltr'><strong>in</strong></span> <span class='ocrx_word' id='word_1_472' title='bbox 2782 2403 2862 2456; x_wconf 89' lang='lat' dir='ltr'><strong>eis</strong></span> <span class='ocrx_word' id='word_1_473' title='bbox 2901 2404 3086 2458; x_wconf 89' lang='lat' dir='ltr'><strong>videor</strong></span> <span class='ocrx_word' id='word_1_474' title='bbox 3117 2407 3246 2460; x_wconf 87' lang='lat' dir='ltr'><strong>mihi</strong></span> <span class='ocrx_word' id='word_1_475' title='bbox 3273 2408 3456 2462; x_wconf 85' lang='lat' dir='ltr'><strong>videre</strong></span> <span class='ocrx_word' id='word_1_476' title='bbox 3483 2411 3634 2464; x_wconf 88' lang='lat' dir='ltr'><strong>vobis</strong></span> <span class='ocrx_word' id='word_1_477' title='bbox 3671 2411 3806 2464; x_wconf 58' lang='lat' dir='ltr'><strong>mulo</strong></span> 
     </span>
    </p>
   </div>
   <div class='ocr_carea' id='block_1_67' title="bbox 2223 2482 3804 2567">
    <p class='ocr_par' dir='ltr' id='par_1_67' title="bbox 2223 2482 3804 2567">
     <span class='ocr_line' id='line_1_67' title="bbox 2223 2482 3804 2567; baseline 0.009 -26"><span class='ocrx_word' id='word_1_478' title='bbox 2223 2488 2504 2557; x_wconf 88' lang='lat' dir='ltr'><strong>tiloquium</strong></span> <span class='ocrx_word' id='word_1_479' title='bbox 2529 2498 2707 2550; x_wconf 83' lang='lat' dir='ltr'><strong>meum</strong></span> <span class='ocrx_word' id='word_1_480' title='bbox 2734 2493 3055 2548; x_wconf 85' lang='lat' dir='ltr'><strong>increscere.</strong></span> <span class='ocrx_word' id='word_1_481' title='bbox 3089 2494 3240 2551; x_wconf 89' lang='lat' dir='ltr'><strong>Unde</strong></span> <span class='ocrx_word' id='word_1_482' title='bbox 3269 2482 3523 2567; x_wconf 87' lang='lat' dir='ltr'><strong>dignetur</strong></span> <span class='ocrx_word' id='word_1_483' title='bbox 3546 2500 3804 2556; x_wconf 85' lang='lat' dir='ltr'><strong>sanctitas</strong></span> 
     </span>
    </p>
   </div>
   <div class='ocr_carea' id='block_1_68' title="bbox 2221 2580 3806 2659">
    <p class='ocr_par' dir='ltr' id='par_1_68' title="bbox 2221 2580 3806 2659">
     <span class='ocr_line' id='line_1_68' title="bbox 2221 2580 3806 2659; baseline 0.009 -29"><span class='ocrx_word' id='word_1_484' title='bbox 2221 2587 2400 2633; x_wconf 90' lang='lat' dir='ltr'><strong>vestra</strong></span> <span class='ocrx_word' id='word_1_485' title='bbox 2428 2580 2718 2650; x_wconf 88' lang='lat' dir='ltr'><strong>dignanter</strong></span> <span class='ocrx_word' id='word_1_486' title='bbox 2745 2583 3042 2651; x_wconf 85' lang='lat' dir='ltr'><strong>suscipere.</strong></span> <span class='ocrx_word' id='word_1_487' title='bbox 3083 2586 3226 2653; x_wconf 90' lang='lat' dir='ltr'><strong>quod</strong></span> <span class='ocrx_word' id='word_1_488' title='bbox 3253 2588 3447 2642; x_wconf 86' lang='lat' dir='ltr'><strong>beatus</strong></span> <span class='ocrx_word' id='word_1_489' title='bbox 3474 2589 3806 2659; x_wconf 79' lang='lat' dir='ltr'><strong>Augustinus</strong></span> 
     </span>
    </p>
   </div>
   <div class='ocr_carea' id='block_1_69' title="bbox 2219 2667 3816 2738">
    <p class='ocr_par' dir='ltr' id='par_1_69' title="bbox 2219 2667 3816 2738">
     <span class='ocr_line' id='line_1_69' title="bbox 2219 2667 3816 2738; baseline 0.008 -18"><span class='ocrx_word' id='word_1_490' title='bbox 2219 2667 2284 2720; x_wconf 92' lang='lat' dir='ltr'><strong>de</strong></span> <span class='ocrx_word' id='word_1_491' title='bbox 2333 2683 2431 2722; x_wconf 92' lang='lat' dir='ltr'><strong>suo</strong></span> <span class='ocrx_word' id='word_1_492' title='bbox 2497 2669 2831 2738; x_wconf 88' lang='lat' dir='ltr'><strong>multiloquio</strong></span> <span class='ocrx_word' id='word_1_493' title='bbox 2881 2671 3107 2728; x_wconf 88' lang='lat' dir='ltr'><strong>Domino</strong></span> <span class='ocrx_word' id='word_1_494' title='bbox 3156 2675 3499 2732; x_wconf 90' lang='lat' dir='ltr'><strong>dominorum</strong></span> <span class='ocrx_word' id='word_1_495' title='bbox 3542 2680 3816 2734; x_wconf 83' lang='lat' dir='ltr'><strong>audacter.</strong></span> 
     </span>
    </p>
   </div>
   <div class='ocr_carea' id='block_1_70' title="bbox 2219 2757 3800 2834">
    <p class='ocr_par' dir='ltr' id='par_1_70' title="bbox 2219 2757 3800 2834">
     <span class='ocr_line' id='line_1_70' title="bbox 2219 2757 3800 2834; baseline 0.009 -25"><span class='ocrx_word' id='word_1_496' title='bbox 2219 2771 2323 2810; x_wconf 92' lang='lat' dir='ltr'><strong>non</strong></span> <span class='ocrx_word' id='word_1_497' title='bbox 2348 2757 2616 2812; x_wconf 85' lang='lat' dir='ltr'><strong>dubitavit</strong></span> <span class='ocrx_word' id='word_1_498' title='bbox 2644 2761 2824 2816; x_wconf 90' lang='lat' dir='ltr'><strong>dicere</strong></span> <span class='ocrx_word' id='word_1_499' title='bbox 2856 2762 2968 2832; x_wconf 81' lang='lat' dir='ltr'><strong>(lib.</strong></span> <span class='ocrx_word' id='word_1_500' title='bbox 3005 2781 3072 2818; x_wconf 89' lang='lat' dir='ltr'><strong>xv</strong></span> <span class='ocrx_word' id='word_1_501' title='bbox 3097 2766 3160 2818; x_wconf 75' lang='lat' dir='ltr'><strong>de</strong></span> <span class='ocrx_word' id='word_1_502' title='bbox 3194 2765 3381 2819; x_wconf 80' lang='lat' dir='ltr'><strong>Trinit.</strong></span> <span class='ocrx_word' id='word_1_503' title='bbox 3413 2768 3463 2820; x_wconf 88' lang='lat' dir='ltr'><strong>in</strong></span> <span class='ocrx_word' id='word_1_504' title='bbox 3498 2770 3649 2834; x_wconf 85' lang='lat' dir='ltr'><strong>line),</strong></span> <span class='ocrx_word' id='word_1_505' title='bbox 3677 2785 3800 2823; x_wconf 90' lang='lat' dir='ltr'><strong>cum</strong></span> 
     </span>
    </p>
   </div>
   <div class='ocr_carea' id='block_1_71' title="bbox 2219 2845 3801 2922">
    <p class='ocr_par' dir='ltr' id='par_1_71' title="bbox 2219 2845 3801 2922">
     <span class='ocr_line' id='line_1_71' title="bbox 2219 2845 3801 2922; baseline 0.008 -25"><span class='ocrx_word' id='word_1_506' title='bbox 2219 2859 2278 2898; x_wconf 89' lang='lat' dir='ltr'><strong>se</strong></span> <span class='ocrx_word' id='word_1_507' title='bbox 2306 2845 2431 2899; x_wconf 89' lang='lat' dir='ltr'><strong>inde</strong></span> <span class='ocrx_word' id='word_1_508' title='bbox 2461 2849 2601 2916; x_wconf 85' lang='lat' dir='ltr'><strong>apud</strong></span> <span class='ocrx_word' id='word_1_509' title='bbox 2627 2864 2748 2903; x_wconf 88' lang='lat' dir='ltr'><strong>eum</strong></span> <span class='ocrx_word' id='word_1_510' title='bbox 2784 2850 2952 2905; x_wconf 90' lang='lat' dir='ltr'><strong>voluit</strong></span> <span class='ocrx_word' id='word_1_511' title='bbox 2978 2854 3344 2908; x_wconf 88' lang='lat' dir='ltr'><strong>excusabilem</strong></span> <span class='ocrx_word' id='word_1_512' title='bbox 3382 2855 3630 2922; x_wconf 89' lang='lat' dir='ltr'><strong>reddere,</strong></span> <span class='ocrx_word' id='word_1_513' title='bbox 3662 2858 3801 2912; x_wconf 86' lang='lat' dir='ltr'><strong>inter</strong></span> 
     </span>
    </p>
   </div>
   <div class='ocr_carea' id='block_1_72' title="bbox 2218 2934 3798 3012">
    <p class='ocr_par' dir='ltr' id='par_1_72' title="bbox 2218 2934 3798 3012">
     <span class='ocr_line' id='line_1_72' title="bbox 2218 2934 3798 3012; baseline 0.009 -26"><span class='ocrx_word' id='word_1_514' title='bbox 2218 2934 2324 2988; x_wconf 89' lang='lat' dir='ltr'><strong>alia</strong></span> <span class='ocrx_word' id='word_1_515' title='bbox 2356 2937 2602 2992; x_wconf 89' lang='lat' dir='ltr'><strong>scribens</strong></span> <span class='ocrx_word' id='word_1_516' title='bbox 2631 2957 2644 2991; x_wconf 90' lang='lat'>:</span> <span class='ocrx_word' id='word_1_517' title='bbox 2683 2958 2700 2990; x_wconf 84' lang='lat' dir='ltr'><strong>t</strong></span> <span class='ocrx_word' id='word_1_518' title='bbox 2735 2939 2908 3009; x_wconf 91' lang='lat' dir='ltr'><strong>Loqui</strong></span> <span class='ocrx_word' id='word_1_519' title='bbox 2940 2943 3168 2998; x_wconf 87' lang='lat' dir='ltr'><strong>multum</strong></span> <span class='ocrx_word' id='word_1_520' title='bbox 3203 2960 3309 2998; x_wconf 89' lang='lat' dir='ltr'><strong>non</strong></span> <span class='ocrx_word' id='word_1_521' title='bbox 3354 2956 3438 2999; x_wconf 90' lang='lat' dir='ltr'><strong>est</strong></span> <span class='ocrx_word' id='word_1_522' title='bbox 3467 2947 3722 3012; x_wconf 87' lang='lat' dir='ltr'><strong>nimium,</strong></span> <span class='ocrx_word' id='word_1_523' title='bbox 3753 2947 3798 3002; x_wconf 87' lang='lat' dir='ltr'><strong>si</strong></span> 
     </span>
    </p>
   </div>
   <div class='ocr_carea' id='block_1_73' title="bbox 2221 3020 3124 3084">
    <p class='ocr_par' dir='ltr' id='par_1_73' title="bbox 2221 3020 3124 3084">
     <span class='ocr_line' id='line_1_73' title="bbox 2221 3020 3124 3084; baseline 0.011 -8"><span class='ocrx_word' id='word_1_524' title='bbox 2221 3032 2400 3080; x_wconf 78' lang='lat' dir='ltr'><strong>tamen</strong></span> <span class='ocrx_word' id='word_1_525' title='bbox 2432 3036 2516 3081; x_wconf 90' lang='lat' dir='ltr'><strong>est</strong></span> <span class='ocrx_word' id='word_1_526' title='bbox 2545 3031 2938 3084; x_wconf 86' lang='lat' dir='ltr'><strong>necessarium.</strong></span> <span class='ocrx_word' id='word_1_527' title='bbox 2975 3051 2993 3083; x_wconf 75' lang='grc' dir='ltr'>ι</span> <span class='ocrx_word' id='word_1_528' title='bbox 3120 3020 3124 3024; x_wconf 56' lang='grc'><em>’</em></span> 
     </span>
    </p>
   </div>
   <div class='ocr_carea' id='block_1_74' title="bbox 2292 3125 3798 3194">
    <p class='ocr_par' dir='ltr' id='par_1_74' title="bbox 2292 3125 3798 3194">
     <span class='ocr_line' id='line_1_74' title="bbox 2292 3125 3798 3194; baseline 0.009 -17"><span class='ocrx_word' id='word_1_529' title='bbox 2292 3125 2407 3190; x_wconf 84' lang='lat' dir='ltr'><strong>Qua</strong></span> <span class='ocrx_word' id='word_1_530' title='bbox 2466 3126 2532 3182; x_wconf 92' lang='lat' dir='ltr'><strong>de</strong></span> <span class='ocrx_word' id='word_1_531' title='bbox 2577 3143 2658 3194; x_wconf 89' lang='lat' dir='ltr'><strong>re,</strong></span> <span class='ocrx_word' id='word_1_532' title='bbox 2689 3131 3032 3186; x_wconf 88' lang='lat' dir='ltr'><strong>sanctissime</strong></span> <span class='ocrx_word' id='word_1_533' title='bbox 3089 3133 3306 3188; x_wconf 88' lang='lat' dir='ltr'><strong>domine</strong></span> <span class='ocrx_word' id='word_1_534' title='bbox 3343 3144 3397 3189; x_wconf 92' lang='lat' dir='ltr'><strong>et</strong></span> <span class='ocrx_word' id='word_1_535' title='bbox 3438 3135 3599 3190; x_wconf 86' lang='lat' dir='ltr'><strong>Pater</strong></span> <span class='ocrx_word' id='word_1_536' title='bbox 3646 3151 3798 3190; x_wconf 86' lang='lat' dir='ltr'><strong>reve-</strong></span> 
     </span>
    </p>
   </div>
   <div class='ocr_carea' id='block_1_75' title="bbox 2219 3218 3798 3295">
    <p class='ocr_par' dir='ltr' id='par_1_75' title="bbox 2219 3218 3798 3295">
     <span class='ocr_line' id='line_1_75' title="bbox 2219 3218 3798 3295; baseline 0.006 -25"><span class='ocrx_word' id='word_1_537' title='bbox 2219 3218 2560 3282; x_wconf 88' lang='lat' dir='ltr'><strong>rentissime,</strong></span> <span class='ocrx_word' id='word_1_538' title='bbox 2614 3221 2995 3289; x_wconf 77' lang='lat' dir='ltr'><strong>aequanimiter</strong></span> <span class='ocrx_word' id='word_1_539' title='bbox 3049 3225 3310 3280; x_wconf 90' lang='lat' dir='ltr'><strong>sustinete</strong></span> <span class='ocrx_word' id='word_1_540' title='bbox 3362 3227 3630 3280; x_wconf 90' lang='lat' dir='ltr'><strong>modicum</strong></span> <span class='ocrx_word' id='word_1_541' title='bbox 3663 3225 3798 3295; x_wconf 90' lang='lat' dir='ltr'><strong>quid</strong></span> 
     </span>
    </p>
   </div>
   <div class='ocr_carea' id='block_1_76' title="bbox 2218 3308 3802 3385">
    <p class='ocr_par' dir='ltr' id='par_1_76' title="bbox 2218 3308 3802 3385">
     <span class='ocr_line' id='line_1_76' title="bbox 2218 3308 3802 3385; baseline 0.008 -24"><span class='ocrx_word' id='word_1_542' title='bbox 2218 3308 2540 3377; x_wconf 71' lang='lat' dir='ltr'><strong>insipientia:</strong></span> <span class='ocrx_word' id='word_1_543' title='bbox 2570 3326 2725 3374; x_wconf 61' lang='lat' dir='ltr'><strong>meas,</strong></span> <span class='ocrx_word' id='word_1_544' title='bbox 2763 3313 2856 3366; x_wconf 84' lang='lat' dir='ltr'><strong>sed</strong></span> <span class='ocrx_word' id='word_1_545' title='bbox 2905 3322 2961 3367; x_wconf 89' lang='lat' dir='ltr'><strong>et</strong></span> <span class='ocrx_word' id='word_1_546' title='bbox 3017 3326 3332 3385; x_wconf 89' lang='lat' dir='ltr'><strong>supportate</strong></span> <span class='ocrx_word' id='word_1_547' title='bbox 3377 3332 3482 3382; x_wconf 90' lang='lat' dir='ltr'><strong>me,</strong></span> <span class='ocrx_word' id='word_1_548' title='bbox 3527 3317 3570 3372; x_wconf 92' lang='lat' dir='ltr'><strong>si</strong></span> <span class='ocrx_word' id='word_1_549' title='bbox 3625 3318 3802 3372; x_wconf 86' lang='lat' dir='ltr'><strong>adhuc</strong></span> 
     </span>
    </p>
   </div>
   <div class='ocr_carea' id='block_1_77' title="bbox 2216 3398 3804 3473">
    <p class='ocr_par' dir='ltr' id='par_1_77' title="bbox 2216 3398 3804 3473">
     <span class='ocr_line' id='line_1_77' title="bbox 2216 3398 3804 3473; baseline 0.007 -23"><span class='ocrx_word' id='word_1_550' title='bbox 2216 3398 2472 3468; x_wconf 85' lang='lat' dir='ltr'><strong>quiddam</strong></span> <span class='ocrx_word' id='word_1_551' title='bbox 2503 3400 2569 3453; x_wconf 90' lang='lat' dir='ltr'><strong>de</strong></span> <span class='ocrx_word' id='word_1_552' title='bbox 2614 3399 2847 3455; x_wconf 85' lang='lat' dir='ltr'><strong>Rothadi</strong></span> <span class='ocrx_word' id='word_1_553' title='bbox 2889 3417 3053 3457; x_wconf 88' lang='lat' dir='ltr'><strong>causa</strong></span> <span class='ocrx_word' id='word_1_554' title='bbox 3105 3407 3259 3460; x_wconf 89' lang='lat' dir='ltr'><strong>vobis</strong></span> <span class='ocrx_word' id='word_1_555' title='bbox 3305 3406 3420 3473; x_wconf 87' lang='lat' dir='ltr'><strong>jam</strong></span> <span class='ocrx_word' id='word_1_556' title='bbox 3474 3407 3804 3462; x_wconf 68' lang='lat' dir='ltr'><strong>sufﬁcienter</strong></span> 
     </span>
    </p>
   </div>
   <div class='ocr_carea' id='block_1_78' title="bbox 2218 3489 3795 3566">
    <p class='ocr_par' dir='ltr' id='par_1_78' title="bbox 2218 3489 3795 3566">
     <span class='ocr_line' id='line_1_78' title="bbox 2218 3489 3795 3566; baseline 0.006 -24"><span class='ocrx_word' id='word_1_557' title='bbox 2218 3489 2494 3543; x_wconf 86' lang='lat' dir='ltr'><strong>notissima</strong></span> <span class='ocrx_word' id='word_1_558' title='bbox 2547 3492 2698 3559; x_wconf 85' lang='lat' dir='ltr'><strong>quasi</strong></span> <span class='ocrx_word' id='word_1_559' title='bbox 2759 3502 3006 3560; x_wconf 87' lang='lat' dir='ltr'><strong>repetens</strong></span> <span class='ocrx_word' id='word_1_560' title='bbox 3051 3495 3249 3548; x_wconf 86' lang='lat' dir='ltr'><strong>scribo.</strong></span> <span class='ocrx_word' id='word_1_561' title='bbox 3301 3496 3434 3550; x_wconf 92' lang='lat' dir='ltr'><strong>Cum</strong></span> <span class='ocrx_word' id='word_1_562' title='bbox 3487 3513 3617 3564; x_wconf 91' lang='lat' dir='ltr'><strong>quo,</strong></span> <span class='ocrx_word' id='word_1_563' title='bbox 3665 3498 3795 3566; x_wconf 88' lang='lat' dir='ltr'><strong>quia</strong></span> 
     </span>
    </p>
   </div>
   <div class='ocr_carea' id='block_1_79' title="bbox 2218 3581 3798 3653">
    <p class='ocr_par' dir='ltr' id='par_1_79' title="bbox 2218 3581 3798 3653">
     <span class='ocr_line' id='line_1_79' title="bbox 2218 3581 3798 3653; baseline 0.007 -22"><span class='ocrx_word' id='word_1_564' title='bbox 2218 3581 2369 3634; x_wconf 87' lang='lat' dir='ltr'><strong>vobis</strong></span> <span class='ocrx_word' id='word_1_565' title='bbox 2397 3581 2570 3649; x_wconf 89' lang='lat' dir='ltr'><strong>placet</strong></span> <span class='ocrx_word' id='word_1_566' title='bbox 2593 3583 2678 3635; x_wconf 92' lang='lat' dir='ltr'><strong>cui</strong></span> <span class='ocrx_word' id='word_1_567' title='bbox 2719 3592 2912 3637; x_wconf 88' lang='lat' dir='ltr'><strong>cuncta</strong></span> <span class='ocrx_word' id='word_1_568' title='bbox 2945 3585 3080 3638; x_wconf 89' lang='lat' dir='ltr'><strong>bona</strong></span> <span class='ocrx_word' id='word_1_569' title='bbox 3133 3586 3365 3653; x_wconf 82' lang='lat' dir='ltr'><strong>placent,</strong></span> <span class='ocrx_word' id='word_1_570' title='bbox 3417 3589 3682 3643; x_wconf 78' lang='lat' dir='ltr'><strong>mittimus</strong></span> <span class='ocrx_word' id='word_1_571' title='bbox 3714 3589 3798 3642; x_wconf 81' lang='lat' dir='ltr'><strong>vi-</strong></span> 
     </span>
    </p>
   </div>
   <div class='ocr_carea' id='block_1_80' title="bbox 2197 3672 3798 3748">
    <p class='ocr_par' dir='ltr' id='par_1_80' title="bbox 2197 3672 3798 3748">
     <span class='ocr_line' id='line_1_80' title="bbox 2197 3672 3798 3748; baseline 0.004 -22"><span class='ocrx_word' id='word_1_572' title='bbox 2197 3672 2396 3726; x_wconf 90' lang='lat' dir='ltr'><strong>.carios</strong></span> <span class='ocrx_word' id='word_1_573' title='bbox 2422 3679 2656 3737; x_wconf 88' lang='lat' dir='ltr'><strong>nostros,</strong></span> <span class='ocrx_word' id='word_1_574' title='bbox 2683 3688 2791 3727; x_wconf 91' lang='lat' dir='ltr'><strong>non</strong></span> <span class='ocrx_word' id='word_1_575' title='bbox 2825 3683 2885 3727; x_wconf 93' lang='lat' dir='ltr'><strong>ut</strong></span> <span class='ocrx_word' id='word_1_576' title='bbox 2908 3686 3256 3731; x_wconf 90' lang='lat' dir='ltr'><strong>accusatores</strong></span> <span class='ocrx_word' id='word_1_577' title='bbox 3289 3678 3354 3730; x_wconf 90' lang='lat' dir='ltr'><strong>ad</strong></span> <span class='ocrx_word' id='word_1_578' title='bbox 3377 3678 3798 3748; x_wconf 86' lang='lat' dir='ltr'><strong>conﬂigendum,</strong></span> 
     </span>
    </p>
   </div>
   <div class='ocr_carea' id='block_1_81' title="bbox 2219 3760 3795 3837">
    <p class='ocr_par' dir='ltr' id='par_1_81' title="bbox 2219 3760 3795 3837">
     <span class='ocr_line' id='line_1_81' title="bbox 2219 3760 3795 3837; baseline 0.004 -23"><span class='ocrx_word' id='word_1_579' title='bbox 2219 3760 2312 3814; x_wconf 88' lang='lat' dir='ltr'><strong>sed</strong></span> <span class='ocrx_word' id='word_1_580' title='bbox 2337 3769 2394 3814; x_wconf 93' lang='lat' dir='ltr'><strong>ut</strong></span> <span class='ocrx_word' id='word_1_581' title='bbox 2424 3776 2452 3814; x_wconf 89' lang='lat' dir='ltr'><strong>a</strong></span> <span class='ocrx_word' id='word_1_582' title='bbox 2479 3761 2744 3823; x_wconf 79' lang='lat' dir='ltr'><strong>Rhotado,</strong></span> <span class='ocrx_word' id='word_1_583' title='bbox 2777 3771 2937 3831; x_wconf 86' lang='lat' dir='ltr'><strong>atque</strong></span> <span class='ocrx_word' id='word_1_584' title='bbox 2963 3779 2993 3816; x_wconf 86' lang='lat' dir='ltr'><strong>a</strong></span> <span class='ocrx_word' id='word_1_585' title='bbox 3026 3763 3218 3818; x_wconf 89' lang='lat' dir='ltr'><strong>vicinis</strong></span> <span class='ocrx_word' id='word_1_586' title='bbox 3250 3769 3449 3821; x_wconf 89' lang='lat' dir='ltr'><strong>nostris</strong></span> <span class='ocrx_word' id='word_1_587' title='bbox 3469 3807 3482 3829; x_wconf 90' lang='lat'><strong>,</strong></span> <span class='ocrx_word' id='word_1_588' title='bbox 3519 3768 3612 3837; x_wconf 91' lang='lat' dir='ltr'><strong>qui</strong></span> <span class='ocrx_word' id='word_1_589' title='bbox 3663 3782 3795 3822; x_wconf 86' lang='lat' dir='ltr'><strong>cau-</strong></span> 
     </span>
    </p>
   </div>
   <div class='ocr_carea' id='block_1_82' title="bbox 2221 3850 3797 3918">
    <p class='ocr_par' dir='ltr' id='par_1_82' title="bbox 2221 3850 3797 3918">
     <span class='ocr_line' id='line_1_82' title="bbox 2221 3850 3797 3918; baseline 0.003 -15"><span class='ocrx_word' id='word_1_590' title='bbox 2221 3864 2334 3903; x_wconf 86' lang='lat' dir='ltr'><strong>sam</strong></span> <span class='ocrx_word' id='word_1_591' title='bbox 2358 3850 2588 3918; x_wconf 90' lang='lat' dir='ltr'><strong>pleniter</strong></span> <span class='ocrx_word' id='word_1_592' title='bbox 2612 3865 2676 3904; x_wconf 89' lang='lat' dir='ltr'><strong>ac</strong></span> <span class='ocrx_word' id='word_1_593' title='bbox 2710 3852 2974 3907; x_wconf 87' lang='lat' dir='ltr'><strong>veraciter</strong></span> <span class='ocrx_word' id='word_1_594' title='bbox 2997 3864 3090 3906; x_wconf 90' lang='lat' dir='ltr'><strong>aut</strong></span> <span class='ocrx_word' id='word_1_595' title='bbox 3117 3854 3364 3908; x_wconf 90' lang='lat' dir='ltr'><strong>nesciunt</strong></span> <span class='ocrx_word' id='word_1_596' title='bbox 3394 3865 3487 3909; x_wconf 91' lang='lat' dir='ltr'><strong>aut</strong></span> <span class='ocrx_word' id='word_1_597' title='bbox 3518 3856 3664 3910; x_wconf 87' lang='lat' dir='ltr'><strong>scire</strong></span> <span class='ocrx_word' id='word_1_598' title='bbox 3692 3871 3797 3909; x_wconf 91' lang='lat' dir='ltr'><strong>non</strong></span> 
     </span>
    </p>
   </div>
   <div class='ocr_carea' id='block_1_83' title="bbox 2220 3939 3799 4012">
    <p class='ocr_par' dir='ltr' id='par_1_83' title="bbox 2220 3939 3799 4012">
     <span class='ocr_line' id='line_1_83' title="bbox 2220 3939 3799 4012; baseline 0.003 -21"><span class='ocrx_word' id='word_1_599' title='bbox 2220 3939 2426 4002; x_wconf 91' lang='lat' dir='ltr'><strong>volunt,</strong></span> <span class='ocrx_word' id='word_1_600' title='bbox 2464 3940 2721 3992; x_wconf 88' lang='lat' dir='ltr'><strong>accusati.</strong></span> <span class='ocrx_word' id='word_1_601' title='bbox 2757 3939 2908 4004; x_wconf 88' lang='lat' dir='ltr'><strong>Quod</strong></span> <span class='ocrx_word' id='word_1_602' title='bbox 2957 3955 3063 3993; x_wconf 90' lang='lat' dir='ltr'><strong>non</strong></span> <span class='ocrx_word' id='word_1_603' title='bbox 3122 3942 3173 3993; x_wconf 92' lang='lat' dir='ltr'><strong>in</strong></span> <span class='ocrx_word' id='word_1_604' title='bbox 3231 3951 3601 4012; x_wconf 83' lang='lat' dir='ltr'><strong>contemptum</strong></span> <span class='ocrx_word' id='word_1_605' title='bbox 3658 3942 3799 3997; x_wconf 84' lang='lat' dir='ltr'><strong>sedis</strong></span> 
     </span>
    </p>
   </div>
   <div class='ocr_carea' id='block_1_84' title="bbox 2222 4028 3799 4097">
    <p class='ocr_par' dir='ltr' id='par_1_84' title="bbox 2222 4028 3799 4097">
     <span class='ocr_line' id='line_1_84' title="bbox 2222 4028 3799 4097; baseline 0.004 -17"><span class='ocrx_word' id='word_1_606' title='bbox 2222 4029 2559 4097; x_wconf 68' lang='lat' dir='ltr'><strong>apostolicae,</strong></span> <span class='ocrx_word' id='word_1_607' title='bbox 2605 4028 2962 4097; x_wconf 86' lang='lat' dir='ltr'><strong>appellantem</strong></span> <span class='ocrx_word' id='word_1_608' title='bbox 2995 4029 3298 4083; x_wconf 80' lang='lat' dir='ltr'><strong>Retbadum</strong></span> <span class='ocrx_word' id='word_1_609' title='bbox 3339 4033 3638 4086; x_wconf 88' lang='lat' dir='ltr'><strong>secundum</strong></span> <span class='ocrx_word' id='word_1_610' title='bbox 3669 4031 3799 4086; x_wconf 86' lang='lat' dir='ltr'><strong>Sar-</strong></span> 
     </span>
    </p>
   </div>
   <div class='ocr_carea' id='block_1_85' title="bbox 2220 4117 3798 4191">
    <p class='ocr_par' dir='ltr' id='par_1_85' title="bbox 2220 4117 3798 4191">
     <span class='ocr_line' id='line_1_85' title="bbox 2220 4117 3798 4191; baseline 0.003 -20"><span class='ocrx_word' id='word_1_611' title='bbox 2220 4117 2466 4171; x_wconf 88' lang='lat' dir='ltr'><strong>dicenses</strong></span> <span class='ocrx_word' id='word_1_612' title='bbox 2497 4131 2734 4171; x_wconf 91' lang='lat' dir='ltr'><strong>canones</strong></span> <span class='ocrx_word' id='word_1_613' title='bbox 2769 4119 2950 4171; x_wconf 89' lang='lat' dir='ltr'><strong>sedem</strong></span> <span class='ocrx_word' id='word_1_614' title='bbox 2976 4119 3349 4186; x_wconf 86' lang='lat' dir='ltr'><strong>apostolicam,</strong></span> <span class='ocrx_word' id='word_1_615' title='bbox 3383 4122 3477 4176; x_wconf 91' lang='lat' dir='ltr'><strong>sed</strong></span> <span class='ocrx_word' id='word_1_616' title='bbox 3531 4138 3655 4177; x_wconf 89' lang='lat' dir='ltr'><strong>eum</strong></span> <span class='ocrx_word' id='word_1_617' title='bbox 3709 4123 3798 4191; x_wconf 90' lang='lat' dir='ltr'><strong>qui</strong></span> 
     </span>
    </p>
   </div>
   <div class='ocr_carea' id='block_1_86' title="bbox 2221 4205 3800 4284">
    <p class='ocr_par' dir='ltr' id='par_1_86' title="bbox 2221 4205 3800 4284">
     <span class='ocr_line' id='line_1_86' title="bbox 2221 4205 3800 4284; baseline 0.004 -25"><span class='ocrx_word' id='word_1_618' title='bbox 2221 4207 2286 4260; x_wconf 88' lang='lat' dir='ltr'><strong>ad</strong></span> <span class='ocrx_word' id='word_1_619' title='bbox 2319 4206 2614 4261; x_wconf 89' lang='lat' dir='ltr'><strong>electorum</strong></span> <span class='ocrx_word' id='word_1_620' title='bbox 2655 4205 2918 4275; x_wconf 88' lang='lat' dir='ltr'><strong>judicium</strong></span> <span class='ocrx_word' id='word_1_621' title='bbox 2951 4209 3016 4263; x_wconf 81' lang='lat' dir='ltr'><strong>tle</strong></span> <span class='ocrx_word' id='word_1_622' title='bbox 3053 4211 3218 4264; x_wconf 87' lang='lat' dir='ltr'><strong>certis</strong></span> <span class='ocrx_word' id='word_1_623' title='bbox 3249 4211 3500 4281; x_wconf 90' lang='lat' dir='ltr'><strong>capitulis</strong></span> <span class='ocrx_word' id='word_1_624' title='bbox 3543 4229 3800 4284; x_wconf 88' lang='lat' dir='ltr'><strong>provoca-</strong></span> 
     </span>
    </p>
   </div>
   <div class='ocr_carea' id='block_1_87' title="bbox 2231 4296 3800 4368">
    <p class='ocr_par' dir='ltr' id='par_1_87' title="bbox 2231 4296 3800 4368">
     <span class='ocr_line' id='line_1_87' title="bbox 2231 4296 3800 4368; baseline 0.004 -17"><span class='ocrx_word' id='word_1_625' title='bbox 2231 4298 2320 4363; x_wconf 78' lang='lat' dir='ltr'><strong>vit,</strong></span> <span class='ocrx_word' id='word_1_626' title='bbox 2347 4296 2500 4366; x_wconf 90' lang='lat' dir='ltr'><strong>juxta</strong></span> <span class='ocrx_word' id='word_1_627' title='bbox 2553 4298 3008 4368; x_wconf 89' lang='lat' dir='ltr'><strong>Carthaginenses</strong></span> <span class='ocrx_word' id='word_1_628' title='bbox 3034 4308 3088 4354; x_wconf 89' lang='lat' dir='ltr'><strong>et</strong></span> <span class='ocrx_word' id='word_1_629' title='bbox 3130 4300 3414 4358; x_wconf 79' lang='lat' dir='ltr'><strong>Africanos</strong></span> <span class='ocrx_word' id='word_1_630' title='bbox 3451 4319 3707 4368; x_wconf 88' lang='lat' dir='ltr'><strong>canones,</strong></span> <span class='ocrx_word' id='word_1_631' title='bbox 3737 4317 3800 4357; x_wconf 87' lang='lat' dir='ltr'><strong>ac</strong></span> 
     </span>
    </p>
   </div>
   <div class='ocr_carea' id='block_1_88' title="bbox 610 4382 3798 4471">
    <p class='ocr_par' dir='ltr' id='par_1_88' title="bbox 610 4382 3798 4471">
     <span class='ocr_line' id='line_1_88' title="bbox 610 4382 3798 4471; baseline 0.003 -32"><span class='ocrx_word' id='word_1_632' title='bbox 610 4385 848 4451; x_wconf 85' lang='lat' dir='ltr'><strong>Denique</strong></span> <span class='ocrx_word' id='word_1_633' title='bbox 870 4384 935 4436; x_wconf 91' lang='lat' dir='ltr'><strong>ad</strong></span> <span class='ocrx_word' id='word_1_634' title='bbox 962 4383 1240 4452; x_wconf 88' lang='lat' dir='ltr'><strong>epistolam</strong></span> <span class='ocrx_word' id='word_1_635' title='bbox 1267 4390 1459 4436; x_wconf 67' lang='lat' dir='ltr'><strong>vestrm</strong></span> <span class='ocrx_word' id='word_1_636' title='bbox 1486 4382 1848 4447; x_wconf 88' lang='lat' dir='ltr'><strong>auctoritatis,</strong></span> <span class='ocrx_word' id='word_1_637' title='bbox 1867 4383 1932 4438; x_wconf 89' lang='lat' dir='ltr'><strong>ad</strong></span> <span class='ocrx_word' id='word_1_638' title='bbox 1953 4401 2112 4455; x_wconf 89' lang='lat' dir='ltr'><strong>quam</strong></span> <span class='ocrx_word' id='word_1_639' title='bbox 2147 4413 2193 4471; x_wconf 71' lang='grc' dir='ltr'><strong>υ</strong></span> <span class='ocrx_word' id='word_1_640' title='bbox 2220 4389 2439 4444; x_wconf 86' lang='lat' dir='ltr'><strong>decreta</strong></span> <span class='ocrx_word' id='word_1_641' title='bbox 2496 4390 2640 4444; x_wconf 87' lang='lat' dir='ltr'><strong>beati</strong></span> <span class='ocrx_word' id='word_1_642' title='bbox 2697 4389 2942 4460; x_wconf 87' lang='lat' dir='ltr'><strong>Gregorii</strong></span> <span class='ocrx_word' id='word_1_643' title='bbox 2972 4433 2984 4454; x_wconf 91' lang='lat'><strong>,</strong></span> <span class='ocrx_word' id='word_1_644' title='bbox 3053 4391 3377 4461; x_wconf 80' lang='lat' dir='ltr'><strong>regulariter</strong></span> <span class='ocrx_word' id='word_1_645' title='bbox 3433 4394 3798 4464; x_wconf 89' lang='lat' dir='ltr'><strong>judicavimus</strong></span> 
     </span>
    </p>
   </div>
   <div class='ocr_carea' id='block_1_89' title="bbox 539 4475 2112 4546">
    <p class='ocr_par' dir='ltr' id='par_1_89' title="bbox 539 4475 2112 4546">
     <span class='ocr_line' id='line_1_89' title="bbox 539 4475 2112 4546; baseline -0.001 -13"><span class='ocrx_word' id='word_1_646' title='bbox 539 4494 626 4534; x_wconf 91' lang='lat' dir='ltr'><strong>me</strong></span> <span class='ocrx_word' id='word_1_647' title='bbox 653 4479 898 4541; x_wconf 85' lang='lat' dir='ltr'><strong>misistis,</strong></span> <span class='ocrx_word' id='word_1_648' title='bbox 923 4478 1241 4531; x_wconf 89' lang='lat' dir='ltr'><strong>obedienter</strong></span> <span class='ocrx_word' id='word_1_649' title='bbox 1267 4475 1612 4538; x_wconf 88' lang='lat' dir='ltr'><strong>audiendam,</strong></span> <span class='ocrx_word' id='word_1_650' title='bbox 1637 4476 1963 4546; x_wconf 90' lang='lat' dir='ltr'><strong>generaliter</strong></span> <span class='ocrx_word' id='word_1_651' title='bbox 2000 4493 2112 4533; x_wconf 84' lang='lat' dir='ltr'><strong>om-</strong></span> 
     </span>
    </p>
   </div>
   <div class='ocr_carea' id='block_1_90' title="bbox 539 4567 2112 4641">
    <p class='ocr_par' dir='ltr' id='par_1_90' title="bbox 539 4567 2112 4641">
     <span class='ocr_line' id='line_1_90' title="bbox 539 4567 2112 4641; baseline -0.001 -14"><span class='ocrx_word' id='word_1_652' title='bbox 539 4575 700 4628; x_wconf 89' lang='lat' dir='ltr'><strong>nibus</strong></span> <span class='ocrx_word' id='word_1_653' title='bbox 749 4569 1020 4640; x_wconf 89' lang='lat' dir='ltr'><strong>episcopis</strong></span> <span class='ocrx_word' id='word_1_654' title='bbox 1060 4569 1207 4639; x_wconf 88' lang='lat' dir='ltr'><strong>regni</strong></span> <span class='ocrx_word' id='word_1_655' title='bbox 1252 4568 1432 4622; x_wconf 90' lang='lat' dir='ltr'><strong>domni</strong></span> <span class='ocrx_word' id='word_1_656' title='bbox 1494 4568 1663 4622; x_wconf 90' lang='lat' dir='ltr'><strong>nostri</strong></span> <span class='ocrx_word' id='word_1_657' title='bbox 1730 4567 1907 4623; x_wconf 90' lang='lat' dir='ltr'><strong>Caroli</strong></span> <span class='ocrx_word' id='word_1_658' title='bbox 1969 4571 2112 4641; x_wconf 88' lang='lat' dir='ltr'><strong>regis</strong></span> 
     </span>
    </p>
   </div>
   <div class='ocr_carea' id='block_1_91' title="bbox 539 4657 2108 4732">
    <p class='ocr_par' dir='ltr' id='par_1_91' title="bbox 539 4657 2108 4732">
     <span class='ocr_line' id='line_1_91' title="bbox 539 4657 2108 4732; baseline -0.001 -18"><span class='ocrx_word' id='word_1_659' title='bbox 539 4661 758 4732; x_wconf 85' lang='lat' dir='ltr'><strong>gloriosi</strong></span> <span class='ocrx_word' id='word_1_660' title='bbox 787 4676 884 4730; x_wconf 89' lang='lat' dir='ltr'><strong>pro</strong></span> <span class='ocrx_word' id='word_1_661' title='bbox 909 4659 1138 4713; x_wconf 79' lang='lat' dir='ltr'><strong>Rothadi</strong></span> <span class='ocrx_word' id='word_1_662' title='bbox 1185 4672 1347 4711; x_wconf 84' lang='lat' dir='ltr'><strong>causa</strong></span> <span class='ocrx_word' id='word_1_663' title='bbox 1389 4671 1488 4725; x_wconf 90' lang='lat' dir='ltr'><strong>per</strong></span> <span class='ocrx_word' id='word_1_664' title='bbox 1515 4657 1755 4712; x_wconf 90' lang='lat' dir='ltr'><strong>Odonem</strong></span> <span class='ocrx_word' id='word_1_665' title='bbox 1798 4659 2108 4728; x_wconf 85' lang='lat' dir='ltr'><strong>episcopum</strong></span> 
     </span>
    </p>
   </div>
   <div class='ocr_carea' id='block_1_92' title="bbox 540 4747 2112 4818">
    <p class='ocr_par' dir='ltr' id='par_1_92' title="bbox 540 4747 2112 4818">
     <span class='ocr_line' id='line_1_92' title="bbox 540 4747 2112 4818; baseline -0.001 -13"><span class='ocrx_word' id='word_1_666' title='bbox 540 4751 910 4806; x_wconf 76' lang='lat' dir='ltr'><strong>transmissum</strong></span> <span class='ocrx_word' id='word_1_667' title='bbox 932 4789 947 4813; x_wconf 92' lang='lat'><strong>,</strong></span> <span class='ocrx_word' id='word_1_668' title='bbox 993 4749 1133 4803; x_wconf 82' lang='lat' dir='ltr'><strong>sicut</strong></span> <span class='ocrx_word' id='word_1_669' title='bbox 1166 4747 1362 4801; x_wconf 90' lang='lat' dir='ltr'><strong>litteris</strong></span> <span class='ocrx_word' id='word_1_670' title='bbox 1399 4747 1678 4818; x_wconf 81' lang='lat' dir='ltr'><strong>exiguitati</strong></span> <span class='ocrx_word' id='word_1_671' title='bbox 1721 4762 1854 4802; x_wconf 65' lang='lat' dir='ltr'><strong>meae</strong></span> <span class='ocrx_word' id='word_1_672' title='bbox 1889 4748 2112 4804; x_wconf 87' lang='lat' dir='ltr'><strong>directis</strong></span> 
     </span>
    </p>
   </div>
   <div class='ocr_carea' id='block_1_93' title="bbox 540 4838 2110 4908">
    <p class='ocr_par' dir='ltr' id='par_1_93' title="bbox 540 4838 2110 4908">
     <span class='ocr_line' id='line_1_93' title="bbox 540 4838 2110 4908; baseline -0.004 -10"><span class='ocrx_word' id='word_1_673' title='bbox 540 4843 800 4899; x_wconf 82' lang='lat' dir='ltr'><strong>sanctitas</strong></span> <span class='ocrx_word' id='word_1_674' title='bbox 842 4850 1023 4895; x_wconf 87' lang='lat' dir='ltr'><strong>vestra</strong></span> <span class='ocrx_word' id='word_1_675' title='bbox 1076 4839 1349 4908; x_wconf 69' lang='lat' dir='ltr'><strong>praecepit,</strong></span> <span class='ocrx_word' id='word_1_676' title='bbox 1381 4838 1629 4902; x_wconf 89' lang='lat' dir='ltr'><strong>conveni,</strong></span> <span class='ocrx_word' id='word_1_677' title='bbox 1672 4846 1728 4891; x_wconf 91' lang='lat' dir='ltr'><strong>et</strong></span> <span class='ocrx_word' id='word_1_678' title='bbox 1774 4838 1935 4892; x_wconf 89' lang='lat' dir='ltr'><strong>simul</strong></span> <span class='ocrx_word' id='word_1_679' title='bbox 1987 4853 2110 4893; x_wconf 91' lang='lat' dir='ltr'><strong>cum</strong></span> 
     </span>
    </p>
   </div>
   <div class='ocr_carea' id='block_1_94' title="bbox 540 4931 2114 5001">
    <p class='ocr_par' dir='ltr' id='par_1_94' title="bbox 540 4931 2114 5001">
     <span class='ocr_line' id='line_1_94' title="bbox 540 4931 2114 5001; baseline -0.004 -9"><span class='ocrx_word' id='word_1_680' title='bbox 540 4936 743 4992; x_wconf 89' lang='lat' dir='ltr'><strong>eisdem</strong></span> <span class='ocrx_word' id='word_1_681' title='bbox 797 4931 1196 4989; x_wconf 89' lang='lat' dir='ltr'><strong>venerabilibus</strong></span> <span class='ocrx_word' id='word_1_682' title='bbox 1250 4931 1557 5001; x_wconf 86' lang='lat' dir='ltr'><strong>episc0pis,</strong></span> <span class='ocrx_word' id='word_1_683' title='bbox 1599 4939 1862 5000; x_wconf 88' lang='lat' dir='ltr'><strong>quantum</strong></span> <span class='ocrx_word' id='word_1_684' title='bbox 1911 4945 1977 4984; x_wconf 85' lang='lat' dir='ltr'><strong>ex</strong></span> <span class='ocrx_word' id='word_1_685' title='bbox 2027 4945 2114 4985; x_wconf 91' lang='lat' dir='ltr'><strong>me</strong></span> 
     </span>
    </p>
   </div>
   <div class='ocr_carea' id='block_1_95' title="bbox 539 5022 2110 5094">
    <p class='ocr_par' dir='ltr' id='par_1_95' title="bbox 539 5022 2110 5094">
     <span class='ocr_line' id='line_1_95' title="bbox 539 5022 2110 5094; baseline -0.004 -12"><span class='ocrx_word' id='word_1_686' title='bbox 539 5029 662 5093; x_wconf 87' lang='lat' dir='ltr'><strong>fuit,</strong></span> <span class='ocrx_word' id='word_1_687' title='bbox 713 5041 838 5082; x_wconf 87' lang='lat' dir='ltr'><strong>mox</strong></span> <span class='ocrx_word' id='word_1_688' title='bbox 887 5033 1174 5093; x_wconf 89' lang='lat' dir='ltr'><strong>antequam</strong></span> <span class='ocrx_word' id='word_1_689' title='bbox 1232 5023 1467 5094; x_wconf 86' lang='lat' dir='ltr'><strong>synodus</strong></span> <span class='ocrx_word' id='word_1_690' title='bbox 1511 5022 1830 5087; x_wconf 88' lang='lat' dir='ltr'><strong>solveretur,</strong></span> <span class='ocrx_word' id='word_1_691' title='bbox 1879 5029 2110 5077; x_wconf 83' lang='lat' dir='ltr'><strong>vestram</strong></span> 
     </span>
    </p>
   </div>
   <div class='ocr_carea' id='block_1_96' title="bbox 533 5112 2112 5189">
    <p class='ocr_par' dir='ltr' id='par_1_96' title="bbox 533 5112 2112 5189">
     <span class='ocr_line' id='line_1_96' title="bbox 533 5112 2112 5189; baseline -0.004 -16"><span class='ocrx_word' id='word_1_692' title='bbox 533 5112 834 5189; x_wconf 73' lang='lat' dir='ltr'><strong>jussio&#39;nem</strong></span> <span class='ocrx_word' id='word_1_693' title='bbox 857 5118 920 5172; x_wconf 90' lang='lat' dir='ltr'><strong>de</strong></span> <span class='ocrx_word' id='word_1_694' title='bbox 944 5117 1132 5171; x_wconf 89' lang='lat' dir='ltr'><strong>eodem</strong></span> <span class='ocrx_word' id='word_1_695' title='bbox 1161 5115 1431 5178; x_wconf 81' lang='lat' dir='ltr'><strong>Rotbado,</strong></span> <span class='ocrx_word' id='word_1_696' title='bbox 1451 5128 1517 5167; x_wconf 92' lang='lat' dir='ltr'><strong>ne</strong></span> <span class='ocrx_word' id='word_1_697' title='bbox 1542 5112 1722 5182; x_wconf 86' lang='lat' dir='ltr'><strong>aliqua</strong></span> <span class='ocrx_word' id='word_1_698' title='bbox 1747 5127 1895 5176; x_wconf 86' lang='lat' dir='ltr'><strong>mora</strong></span> <span class='ocrx_word' id='word_1_699' title='bbox 1919 5121 2112 5166; x_wconf 68' lang='lat' dir='ltr'><strong>vestrae</strong></span> 
     </span>
    </p>
   </div>
   <div class='ocr_carea' id='block_1_97' title="bbox 542 5201 2113 5280">
    <p class='ocr_par' dir='ltr' id='par_1_97' title="bbox 542 5201 2113 5280">
     <span class='ocr_line' id='line_1_97' title="bbox 542 5201 2113 5280; baseline -0.005 -15"><span class='ocrx_word' id='word_1_700' title='bbox 542 5207 917 5280; x_wconf 74' lang='lat' dir='ltr'><strong>praeceptionis</strong></span> <span class='ocrx_word' id='word_1_701' title='bbox 947 5204 1250 5276; x_wconf 58' lang='lat' dir='ltr'><strong>implenda»,</strong></span> <span class='ocrx_word' id='word_1_702' title='bbox 1284 5212 1377 5258; x_wconf 88' lang='lat' dir='ltr'><strong>aut</strong></span> <span class='ocrx_word' id='word_1_703' title='bbox 1403 5203 1468 5258; x_wconf 90' lang='lat' dir='ltr'><strong>de</strong></span> <span class='ocrx_word' id='word_1_704' title='bbox 1496 5201 1909 5272; x_wconf 87' lang='lat' dir='ltr'><strong>superventione</strong></span> <span class='ocrx_word' id='word_1_705' title='bbox 1951 5217 2113 5272; x_wconf 84' lang='lat' dir='ltr'><strong>paga-</strong></span> 
     </span>
    </p>
   </div>
   <div class='ocr_carea' id='block_1_98' title="bbox 542 5293 2113 5366">
    <p class='ocr_par' dir='ltr' id='par_1_98' title="bbox 542 5293 2113 5366">
     <span class='ocr_line' id='line_1_98' title="bbox 542 5293 2113 5366; baseline -0.005 -11"><span class='ocrx_word' id='word_1_706' title='bbox 542 5317 758 5366; x_wconf 88' lang='lat' dir='ltr'><strong>norum,</strong></span> <span class='ocrx_word' id='word_1_707' title='bbox 808 5310 901 5354; x_wconf 89' lang='lat' dir='ltr'><strong>aut</strong></span> <span class='ocrx_word' id='word_1_708' title='bbox 925 5299 992 5352; x_wconf 89' lang='lat' dir='ltr'><strong>de</strong></span> <span class='ocrx_word' id='word_1_709' title='bbox 1021 5297 1127 5351; x_wconf 88' lang='lat' dir='ltr'><strong>alia</strong></span> <span class='ocrx_word' id='word_1_710' title='bbox 1153 5295 1394 5366; x_wconf 88' lang='lat' dir='ltr'><strong>qualibet</strong></span> <span class='ocrx_word' id='word_1_711' title='bbox 1419 5309 1582 5348; x_wconf 87' lang='lat' dir='ltr'><strong>causa</strong></span> <span class='ocrx_word' id='word_1_712' title='bbox 1620 5293 1991 5357; x_wconf 78' lang='lat' dir='ltr'><strong>interveniret,</strong></span> <span class='ocrx_word' id='word_1_713' title='bbox 2017 5293 2113 5347; x_wconf 86' lang='lat' dir='ltr'><strong>ad-</strong></span> 
     </span>
    </p>
   </div>
   <div class='ocr_carea' id='block_1_99' title="bbox 541 5383 2110 5460">
    <p class='ocr_par' dir='ltr' id='par_1_99' title="bbox 541 5383 2110 5460">
     <span class='ocr_line' id='line_1_99' title="bbox 541 5383 2110 5460; baseline -0.005 -14"><span class='ocrx_word' id='word_1_714' title='bbox 541 5391 766 5460; x_wconf 88' lang='lat' dir='ltr'><strong>implere</strong></span> <span class='ocrx_word' id='word_1_715' title='bbox 791 5390 1001 5455; x_wconf 91' lang='lat' dir='ltr'><strong>curavi,</strong></span> <span class='ocrx_word' id='word_1_716' title='bbox 1033 5388 1172 5445; x_wconf 90' lang='lat' dir='ltr'><strong>sicut</strong></span> <span class='ocrx_word' id='word_1_717' title='bbox 1200 5395 1255 5442; x_wconf 90' lang='lat' dir='ltr'><strong>et</strong></span> <span class='ocrx_word' id='word_1_718' title='bbox 1281 5385 1442 5456; x_wconf 86' lang='lat' dir='ltr'><strong>legati</strong></span> <span class='ocrx_word' id='word_1_719' title='bbox 1474 5384 1656 5440; x_wconf 88' lang='lat' dir='ltr'><strong>domui</strong></span> <span class='ocrx_word' id='word_1_720' title='bbox 1686 5384 1827 5455; x_wconf 89' lang='lat' dir='ltr'><strong>regis</strong></span> <span class='ocrx_word' id='word_1_721' title='bbox 1853 5399 1916 5438; x_wconf 85' lang='lat' dir='ltr'><strong>ac</strong></span> <span class='ocrx_word' id='word_1_722' title='bbox 1941 5383 2110 5439; x_wconf 87' lang='lat' dir='ltr'><strong>nostri</strong></span> 
     </span>
    </p>
   </div>
   <div class='ocr_carea' id='block_1_100' title="bbox 539 5473 2105 5549">
    <p class='ocr_par' dir='ltr' id='par_1_100' title="bbox 539 5473 2105 5549">
     <span class='ocr_line' id='line_1_100' title="bbox 539 5473 2105 5549; baseline -0.005 -13"><span class='ocrx_word' id='word_1_723' title='bbox 539 5479 808 5536; x_wconf 68' lang='lat' dir='ltr'><strong>etlitterte</strong></span> <span class='ocrx_word' id='word_1_724' title='bbox 849 5481 1084 5549; x_wconf 89' lang='lat' dir='ltr'><strong>pleniter</strong></span> <span class='ocrx_word' id='word_1_725' title='bbox 1125 5486 1320 5533; x_wconf 64' lang='lat' dir='ltr'><strong>vestra:</strong></span> <span class='ocrx_word' id='word_1_726' title='bbox 1347 5483 1534 5530; x_wconf 89' lang='lat' dir='ltr'><strong>notum</strong></span> <span class='ocrx_word' id='word_1_727' title='bbox 1570 5473 1770 5530; x_wconf 80' lang='lat' dir='ltr'><strong>facient</strong></span> <span class='ocrx_word' id='word_1_728' title='bbox 1810 5475 2105 5530; x_wconf 84' lang='lat' dir='ltr'><strong>sanctitati.</strong></span> 
     </span>
    </p>
   </div>
   <div class='ocr_carea' id='block_1_101' title="bbox 539 5566 2108 5639">
    <p class='ocr_par' dir='ltr' id='par_1_101' title="bbox 539 5566 2108 5639">
     <span class='ocr_line' id='line_1_101' title="bbox 539 5566 2108 5639; baseline -0.002 -15"><span class='ocrx_word' id='word_1_729' title='bbox 539 5569 645 5624; x_wconf 86' lang='lat' dir='ltr'><strong>Sed</strong></span> <span class='ocrx_word' id='word_1_730' title='bbox 679 5569 934 5639; x_wconf 88' lang='lat' dir='ltr'><strong>quoniam</strong></span> <span class='ocrx_word' id='word_1_731' title='bbox 977 5583 1140 5625; x_wconf 87' lang='lat' dir='ltr'><strong>causa</strong></span> <span class='ocrx_word' id='word_1_732' title='bbox 1193 5566 1603 5630; x_wconf 89' lang='lat' dir='ltr'><strong>interveniente,</strong></span> <span class='ocrx_word' id='word_1_733' title='bbox 1637 5580 1802 5635; x_wconf 86' lang='lat' dir='ltr'><strong>quam</strong></span> <span class='ocrx_word' id='word_1_734' title='bbox 1831 5566 1983 5625; x_wconf 89' lang='lat' dir='ltr'><strong>vobis</strong></span> <span class='ocrx_word' id='word_1_735' title='bbox 2010 5567 2108 5636; x_wconf 88' lang='lat' dir='ltr'><strong>ipsi</strong></span> 
     </span>
    </p>
   </div>
   <div class='ocr_carea' id='block_1_102' title="bbox 543 5655 2104 5728">
    <p class='ocr_par' dir='ltr' id='par_1_102' title="bbox 543 5655 2104 5728">
     <span class='ocr_line' id='line_1_102' title="bbox 543 5655 2104 5728; baseline -0.001 -16"><span class='ocrx_word' id='word_1_736' title='bbox 543 5659 704 5724; x_wconf 66' lang='lat' dir='ltr'><strong>legali</strong></span> <span class='ocrx_word' id='word_1_737' title='bbox 753 5657 1006 5721; x_wconf 80' lang='lat' dir='ltr'><strong>referent,</strong></span> <span class='ocrx_word' id='word_1_738' title='bbox 1037 5660 1218 5713; x_wconf 88' lang='lat' dir='ltr'><strong>statim</strong></span> <span class='ocrx_word' id='word_1_739' title='bbox 1250 5668 1307 5713; x_wconf 90' lang='lat' dir='ltr'><strong>ut</strong></span> <span class='ocrx_word' id='word_1_740' title='bbox 1331 5655 1681 5728; x_wconf 65' lang='lat' dir='ltr'><strong>praecepimus</strong></span> <span class='ocrx_word' id='word_1_741' title='bbox 1708 5657 1848 5714; x_wconf 87' lang='lat' dir='ltr'><strong>datis</strong></span> <span class='ocrx_word' id='word_1_742' title='bbox 1888 5655 2104 5721; x_wconf 84' lang='lat' dir='ltr'><strong>litteris,</strong></span> 
     </span>
    </p>
   </div>
   <div class='ocr_carea' id='block_1_103' title="bbox 2218 4479 3793 4537">
    <p class='ocr_par' dir='ltr' id='par_1_103' title="bbox 2218 4479 3793 4537">
     <span class='ocr_line' id='line_1_103' title="bbox 2218 4479 3793 4537; baseline 0.002 -6"><span class='ocrx_word' id='word_1_743' title='bbox 2218 4486 2412 4533; x_wconf 65' lang='lat' dir='ltr'><strong>vestrae</strong></span> <span class='ocrx_word' id='word_1_744' title='bbox 2450 4493 2674 4532; x_wconf 69' lang='lat' dir='ltr'><strong>summa:</strong></span> <span class='ocrx_word' id='word_1_745' title='bbox 2725 4479 3036 4533; x_wconf 86' lang='lat' dir='ltr'><strong>auctoritati</strong></span> <span class='ocrx_word' id='word_1_746' title='bbox 3093 4482 3368 4536; x_wconf 86' lang='lat' dir='ltr'><strong>humiliter</strong></span> <span class='ocrx_word' id='word_1_747' title='bbox 3413 4483 3793 4537; x_wconf 88' lang='lat' dir='ltr'><strong>intimandum.</strong></span> 
     </span>
    </p>
   </div>
   <div class='ocr_carea' id='block_1_104' title="bbox 2215 4568 3792 4643">
    <p class='ocr_par' dir='ltr' id='par_1_104' title="bbox 2215 4568 3792 4643">
     <span class='ocr_line' id='line_1_104' title="bbox 2215 4568 3792 4643; baseline 0.004 -21"><span class='ocrx_word' id='word_1_748' title='bbox 2215 4568 2370 4623; x_wconf 84' lang='lat' dir='ltr'><strong>Absit</strong></span> <span class='ocrx_word' id='word_1_749' title='bbox 2395 4569 2539 4623; x_wconf 90' lang='lat' dir='ltr'><strong>enim</strong></span> <span class='ocrx_word' id='word_1_750' title='bbox 2565 4585 2594 4623; x_wconf 89' lang='lat' dir='ltr'><strong>a</strong></span> <span class='ocrx_word' id='word_1_751' title='bbox 2616 4570 2797 4635; x_wconf 80' lang='lat' dir='ltr'><strong>nobis,</strong></span> <span class='ocrx_word' id='word_1_752' title='bbox 2825 4581 2884 4625; x_wconf 91' lang='lat' dir='ltr'><strong>ut</strong></span> <span class='ocrx_word' id='word_1_753' title='bbox 2907 4572 3242 4643; x_wconf 86' lang='lat' dir='ltr'><strong>privilegium</strong></span> <span class='ocrx_word' id='word_1_754' title='bbox 3274 4575 3461 4642; x_wconf 67' lang='lat' dir='ltr'><strong>prima:</strong></span> <span class='ocrx_word' id='word_1_755' title='bbox 3490 4585 3546 4630; x_wconf 92' lang='lat' dir='ltr'><strong>et</strong></span> <span class='ocrx_word' id='word_1_756' title='bbox 3569 4587 3792 4629; x_wconf 76' lang='lat' dir='ltr'><strong>summa:</strong></span> 
     </span>
    </p>
   </div>
   <div class='ocr_carea' id='block_1_105' title="bbox 2217 4655 3794 4732">
    <p class='ocr_par' dir='ltr' id='par_1_105' title="bbox 2217 4655 3794 4732">
     <span class='ocr_line' id='line_1_105' title="bbox 2217 4655 3794 4732; baseline 0.003 -22"><span class='ocrx_word' id='word_1_757' title='bbox 2217 4655 2361 4710; x_wconf 90' lang='lat' dir='ltr'><strong>sedis</strong></span> <span class='ocrx_word' id='word_1_758' title='bbox 2411 4667 2613 4712; x_wconf 66' lang='lat' dir='ltr'><strong>sanctae</strong></span> <span class='ocrx_word' id='word_1_759' title='bbox 2656 4659 2912 4714; x_wconf 70' lang='lat' dir='ltr'><strong>Romana:</strong></span> <span class='ocrx_word' id='word_1_760' title='bbox 2959 4660 3218 4716; x_wconf 68' lang='lat' dir='ltr'><strong>Ecclesia:</strong></span> <span class='ocrx_word' id='word_1_761' title='bbox 3251 4662 3523 4730; x_wconf 90' lang='lat' dir='ltr'><strong>pontiﬁcis</strong></span> <span class='ocrx_word' id='word_1_762' title='bbox 3572 4678 3670 4732; x_wconf 91' lang='lat' dir='ltr'><strong>pro</strong></span> <span class='ocrx_word' id='word_1_763' title='bbox 3717 4661 3794 4716; x_wconf 83' lang='lat' dir='ltr'><strong>sic</strong></span> 
     </span>
    </p>
   </div>
   <div class='ocr_carea' id='block_1_106' title="bbox 2219 4747 3790 4818">
    <p class='ocr_par' dir='ltr' id='par_1_106' title="bbox 2219 4747 3790 4818">
     <span class='ocr_line' id='line_1_106' title="bbox 2219 4747 3790 4818; baseline 0.003 -20"><span class='ocrx_word' id='word_1_764' title='bbox 2219 4758 2386 4814; x_wconf 89' lang='lat' dir='ltr'><strong>parvo</strong></span> <span class='ocrx_word' id='word_1_765' title='bbox 2409 4747 2724 4815; x_wconf 90' lang='lat' dir='ltr'><strong>pendamus,</strong></span> <span class='ocrx_word' id='word_1_766' title='bbox 2754 4757 2815 4801; x_wconf 90' lang='lat' dir='ltr'><strong>ut</strong></span> <span class='ocrx_word' id='word_1_767' title='bbox 2839 4750 3236 4804; x_wconf 86' lang='lat' dir='ltr'><strong>controversias</strong></span> <span class='ocrx_word' id='word_1_768' title='bbox 3275 4760 3329 4802; x_wconf 89' lang='lat' dir='ltr'><strong>et</strong></span> <span class='ocrx_word' id='word_1_769' title='bbox 3351 4748 3528 4818; x_wconf 79' lang='lat' dir='ltr'><strong>iurgia</strong></span> <span class='ocrx_word' id='word_1_770' title='bbox 3558 4763 3666 4802; x_wconf 88' lang='lat' dir='ltr'><strong>tam</strong></span> <span class='ocrx_word' id='word_1_771' title='bbox 3698 4765 3790 4803; x_wconf 81' lang='lat' dir='ltr'><strong>su-</strong></span> 
     </span>
    </p>
   </div>
   <div class='ocr_carea' id='block_1_107' title="bbox 2220 4835 3791 4906">
    <p class='ocr_par' dir='ltr' id='par_1_107' title="bbox 2220 4835 3791 4906">
     <span class='ocr_line' id='line_1_107' title="bbox 2220 4835 3791 4906; baseline 0 -16"><span class='ocrx_word' id='word_1_772' title='bbox 2220 4835 2449 4904; x_wconf 83' lang='lat' dir='ltr'><strong>perieris</strong></span> <span class='ocrx_word' id='word_1_773' title='bbox 2495 4850 2657 4903; x_wconf 88' lang='lat' dir='ltr'><strong>quam</strong></span> <span class='ocrx_word' id='word_1_774' title='bbox 2686 4835 2850 4889; x_wconf 91' lang='lat' dir='ltr'><strong>etiam</strong></span> <span class='ocrx_word' id='word_1_775' title='bbox 2881 4836 3156 4892; x_wconf 89' lang='lat' dir='ltr'><strong>inferioris</strong></span> <span class='ocrx_word' id='word_1_776' title='bbox 3183 4838 3411 4901; x_wconf 88' lang='lat' dir='ltr'><strong>ordinis,</strong></span> <span class='ocrx_word' id='word_1_777' title='bbox 3438 4852 3560 4906; x_wconf 76' lang='lat' dir='ltr'><strong>quze</strong></span> <span class='ocrx_word' id='word_1_778' title='bbox 3589 4836 3791 4892; x_wconf 64' lang='lat' dir='ltr'><strong>Nicaani</strong></span> 
     </span>
    </p>
   </div>
   <div class='ocr_carea' id='block_1_108' title="bbox 2217 4922 3792 4986">
    <p class='ocr_par' dir='ltr' id='par_1_108' title="bbox 2217 4922 3792 4986">
     <span class='ocr_line' id='line_1_108' title="bbox 2217 4922 3792 4986; baseline 0.001 -10"><span class='ocrx_word' id='word_1_779' title='bbox 2217 4931 2272 4976; x_wconf 90' lang='lat' dir='ltr'><strong>et</strong></span> <span class='ocrx_word' id='word_1_780' title='bbox 2301 4922 2482 4976; x_wconf 60' lang='lat' dir='ltr'><strong>caeteri</strong></span> <span class='ocrx_word' id='word_1_781' title='bbox 2531 4937 2810 4977; x_wconf 89' lang='lat' dir='ltr'><strong>sacrorum</strong></span> <span class='ocrx_word' id='word_1_782' title='bbox 2841 4924 3195 4979; x_wconf 90' lang='lat' dir='ltr'><strong>conciliorum</strong></span> <span class='ocrx_word' id='word_1_783' title='bbox 3241 4941 3508 4986; x_wconf 84' lang='lat' dir='ltr'><strong>canones.</strong></span> <span class='ocrx_word' id='word_1_784' title='bbox 3541 4934 3597 4980; x_wconf 90' lang='lat' dir='ltr'><strong>et</strong></span> <span class='ocrx_word' id='word_1_785' title='bbox 3642 4925 3792 4979; x_wconf 90' lang='lat' dir='ltr'><strong>luno-</strong></span> 
     </span>
    </p>
   </div>
   <div class='ocr_carea' id='block_1_109' title="bbox 2217 5013 3792 5083">
    <p class='ocr_par' dir='ltr' id='par_1_109' title="bbox 2217 5013 3792 5083">
     <span class='ocr_line' id='line_1_109' title="bbox 2217 5013 3792 5083; baseline 0 -16"><span class='ocrx_word' id='word_1_786' title='bbox 2217 5013 2377 5067; x_wconf 90' lang='lat' dir='ltr'><strong>centii</strong></span> <span class='ocrx_word' id='word_1_787' title='bbox 2427 5021 2589 5080; x_wconf 88' lang='lat' dir='ltr'><strong>atque</strong></span> <span class='ocrx_word' id='word_1_788' title='bbox 2632 5013 2860 5067; x_wconf 87' lang='lat' dir='ltr'><strong>aliorum</strong></span> <span class='ocrx_word' id='word_1_789' title='bbox 2904 5015 3381 5070; x_wconf 58' lang='lat' dir='ltr'><strong>sanctaaltomanaa</strong></span> <span class='ocrx_word' id='word_1_790' title='bbox 3403 5013 3548 5068; x_wconf 89' lang='lat' dir='ltr'><strong>sedis</strong></span> <span class='ocrx_word' id='word_1_791' title='bbox 3581 5013 3792 5083; x_wconf 91' lang='lat' dir='ltr'><strong>pontiﬁ-</strong></span> 
     </span>
    </p>
   </div>
   <div class='ocr_carea' id='block_1_110' title="bbox 2216 5104 3790 5178">
    <p class='ocr_par' dir='ltr' id='par_1_110' title="bbox 2216 5104 3790 5178">
     <span class='ocr_line' id='line_1_110' title="bbox 2216 5104 3790 5178; baseline 0 -19"><span class='ocrx_word' id='word_1_792' title='bbox 2216 5120 2336 5159; x_wconf 90' lang='lat' dir='ltr'><strong>cum</strong></span> <span class='ocrx_word' id='word_1_793' title='bbox 2385 5105 2632 5168; x_wconf 86' lang='lat' dir='ltr'><strong>dccreta,</strong></span> <span class='ocrx_word' id='word_1_794' title='bbox 2677 5105 2732 5160; x_wconf 90' lang='lat' dir='ltr'><strong>in</strong></span> <span class='ocrx_word' id='word_1_795' title='bbox 2771 5107 2992 5178; x_wconf 85' lang='lat' dir='ltr'><strong>synodis</strong></span> <span class='ocrx_word' id='word_1_796' title='bbox 3040 5104 3469 5174; x_wconf 87' lang='lat' dir='ltr'><strong>provincialibus</strong></span> <span class='ocrx_word' id='word_1_797' title='bbox 3507 5121 3541 5159; x_wconf 87' lang='lat' dir='ltr'><strong>a</strong></span> <span class='ocrx_word' id='word_1_798' title='bbox 3588 5113 3790 5160; x_wconf 89' lang='lat' dir='ltr'><strong>metro-</strong></span> 
     </span>
    </p>
   </div>
   <div class='ocr_carea' id='block_1_111' title="bbox 2215 5195 3790 5266">
    <p class='ocr_par' dir='ltr' id='par_1_111' title="bbox 2215 5195 3790 5266">
     <span class='ocr_line' id='line_1_111' title="bbox 2215 5195 3790 5266; baseline 0 -16"><span class='ocrx_word' id='word_1_799' title='bbox 2215 5195 2466 5265; x_wconf 87' lang='lat' dir='ltr'><strong>politanis</strong></span> <span class='ocrx_word' id='word_1_800' title='bbox 2516 5197 2835 5266; x_wconf 75' lang='lat' dir='ltr'><strong>praecipiunt</strong></span> <span class='ocrx_word' id='word_1_801' title='bbox 2887 5196 3202 5260; x_wconf 84' lang='lat' dir='ltr'><strong>tetininari,</strong></span> <span class='ocrx_word' id='word_1_802' title='bbox 3254 5197 3322 5250; x_wconf 87' lang='lat' dir='ltr'><strong>ad</strong></span> <span class='ocrx_word' id='word_1_803' title='bbox 3359 5207 3595 5252; x_wconf 88' lang='lat' dir='ltr'><strong>vestram</strong></span> <span class='ocrx_word' id='word_1_804' title='bbox 3645 5212 3790 5251; x_wconf 84' lang='lat' dir='ltr'><strong>surn-</strong></span> 
     </span>
    </p>
   </div>
   <div class='ocr_carea' id='block_1_112' title="bbox 2218 5277 3809 5359">
    <p class='ocr_par' dir='ltr' id='par_1_112' title="bbox 2218 5277 3809 5359">
     <span class='ocr_line' id='line_1_112' title="bbox 2218 5277 3809 5359; baseline -0.001 -17"><span class='ocrx_word' id='word_1_805' title='bbox 2218 5303 2358 5342; x_wconf 87' lang='lat' dir='ltr'><strong>mam</strong></span> <span class='ocrx_word' id='word_1_806' title='bbox 2383 5288 2760 5344; x_wconf 89' lang='lat' dir='ltr'><strong>auctoritatem</strong></span> <span class='ocrx_word' id='word_1_807' title='bbox 2805 5287 3133 5359; x_wconf 85' lang='lat' dir='ltr'><strong>fatigandam</strong></span> <span class='ocrx_word' id='word_1_808' title='bbox 3163 5287 3444 5342; x_wconf 90' lang='lat' dir='ltr'><strong>ducamus.</strong></span> <span class='ocrx_word' id='word_1_809' title='bbox 3477 5288 3548 5341; x_wconf 86' lang='lat' dir='ltr'><strong>At</strong></span> <span class='ocrx_word' id='word_1_810' title='bbox 3577 5288 3622 5341; x_wconf 91' lang='lat' dir='ltr'><strong>si</strong></span> <span class='ocrx_word' id='word_1_811' title='bbox 3651 5277 3809 5341; x_wconf 25' lang='lat' dir='ltr'><strong>forte.</strong></span> 
     </span>
    </p>
   </div>
   <div class='ocr_carea' id='block_1_113' title="bbox 2215 5375 3787 5447">
    <p class='ocr_par' dir='ltr' id='par_1_113' title="bbox 2215 5375 3787 5447">
     <span class='ocr_line' id='line_1_113' title="bbox 2215 5375 3787 5447; baseline -0.003 -15"><span class='ocrx_word' id='word_1_812' title='bbox 2215 5375 2282 5432; x_wconf 91' lang='lat' dir='ltr'><strong>de</strong></span> <span class='ocrx_word' id='word_1_813' title='bbox 2310 5376 2576 5447; x_wconf 89' lang='lat' dir='ltr'><strong>episcopis</strong></span> <span class='ocrx_word' id='word_1_814' title='bbox 2615 5393 2780 5434; x_wconf 87' lang='lat' dir='ltr'><strong>causa</strong></span> <span class='ocrx_word' id='word_1_815' title='bbox 2811 5386 2933 5432; x_wconf 88' lang='lat' dir='ltr'><strong>nata</strong></span> <span class='ocrx_word' id='word_1_816' title='bbox 2981 5376 3180 5441; x_wconf 91' lang='lat' dir='ltr'><strong>fuerit,</strong></span> <span class='ocrx_word' id='word_1_817' title='bbox 3235 5378 3377 5432; x_wconf 86' lang='lat' dir='ltr'><strong>unde</strong></span> <span class='ocrx_word' id='word_1_818' title='bbox 3418 5385 3565 5432; x_wconf 86' lang='lat' dir='ltr'><strong>certa</strong></span> <span class='ocrx_word' id='word_1_819' title='bbox 3614 5385 3667 5430; x_wconf 89' lang='lat' dir='ltr'><strong>et</strong></span> <span class='ocrx_word' id='word_1_820' title='bbox 3697 5391 3787 5430; x_wconf 62' lang='grc' dir='ltr'><strong>οχ-</strong></span> 
     </span>
    </p>
   </div>
   <div class='ocr_carea' id='block_1_114' title="bbox 2212 5466 3786 5541">
    <p class='ocr_par' dir='ltr' id='par_1_114' title="bbox 2212 5466 3786 5541">
     <span class='ocr_line' id='line_1_114' title="bbox 2212 5466 3786 5541; baseline -0.004 -17"><span class='ocrx_word' id='word_1_821' title='bbox 2212 5484 2400 5541; x_wconf 84' lang='lat' dir='ltr'><strong>pressa</strong></span> <span class='ocrx_word' id='word_1_822' title='bbox 2449 5469 2502 5524; x_wconf 92' lang='lat' dir='ltr'><strong>in</strong></span> <span class='ocrx_word' id='word_1_823' title='bbox 2537 5471 2705 5525; x_wconf 87' lang='lat' dir='ltr'><strong>sacris</strong></span> <span class='ocrx_word' id='word_1_824' title='bbox 2740 5467 2937 5540; x_wconf 88' lang='lat' dir='ltr'><strong>regulis</strong></span> <span class='ocrx_word' id='word_1_825' title='bbox 2984 5483 3092 5523; x_wconf 91' lang='lat' dir='ltr'><strong>non</strong></span> <span class='ocrx_word' id='word_1_826' title='bbox 3149 5467 3447 5523; x_wconf 84' lang='lat' dir='ltr'><strong>habeamus</strong></span> <span class='ocrx_word' id='word_1_827' title='bbox 3471 5466 3694 5538; x_wconf 87' lang='lat' dir='ltr'><strong>judicia,</strong></span> <span class='ocrx_word' id='word_1_828' title='bbox 3731 5472 3786 5519; x_wconf 90' lang='lat' dir='ltr'><strong>et</strong></span> 
     </span>
    </p>
   </div>
   <div class='ocr_carea' id='block_1_115' title="bbox 2215 5557 3784 5632">
    <p class='ocr_par' dir='ltr' id='par_1_115' title="bbox 2215 5557 3784 5632">
     <span class='ocr_line' id='line_1_115' title="bbox 2215 5557 3784 5632; baseline -0.006 -16"><span class='ocrx_word' id='word_1_829' title='bbox 2215 5562 2284 5616; x_wconf 90' lang='lat' dir='ltr'><strong>ob</strong></span> <span class='ocrx_word' id='word_1_830' title='bbox 2315 5561 2367 5616; x_wconf 92' lang='lat' dir='ltr'><strong>id</strong></span> <span class='ocrx_word' id='word_1_831' title='bbox 2402 5561 2454 5616; x_wconf 92' lang='lat' dir='ltr'><strong>in</strong></span> <span class='ocrx_word' id='word_1_832' title='bbox 2505 5560 2818 5632; x_wconf 69' lang='lat' dir='ltr'><strong>provinciali</strong></span> <span class='ocrx_word' id='word_1_833' title='bbox 2851 5559 2935 5615; x_wconf 89' lang='lat' dir='ltr'><strong>vel</strong></span> <span class='ocrx_word' id='word_1_834' title='bbox 2987 5560 3041 5614; x_wconf 93' lang='lat' dir='ltr'><strong>in</strong></span> <span class='ocrx_word' id='word_1_835' title='bbox 3083 5557 3524 5623; x_wconf 78' lang='lat' dir='ltr'><strong>comprovinciali</strong></span> <span class='ocrx_word' id='word_1_836' title='bbox 3555 5562 3784 5611; x_wconf 79' lang='lat' dir='ltr'><strong>neuueat</strong></span> 
     </span>
    </p>
   </div>
   <div class='ocr_carea' id='block_1_116' title="bbox 2213 5653 3782 5718">
    <p class='ocr_par' dir='ltr' id='par_1_116' title="bbox 2213 5653 3782 5718">
     <span class='ocr_line' id='line_1_116' title="bbox 2213 5653 3782 5718; baseline -0.004 -10"><span class='ocrx_word' id='word_1_837' title='bbox 2213 5655 2462 5709; x_wconf 73' lang='lat' dir='ltr'><strong>examine</strong></span> <span class='ocrx_word' id='word_1_838' title='bbox 2505 5653 2757 5718; x_wconf 80' lang='lat' dir='ltr'><strong>diiIiuiri,</strong></span> <span class='ocrx_word' id='word_1_839' title='bbox 2817 5655 2882 5708; x_wconf 85' lang='lat' dir='ltr'><strong>ad</strong></span> <span class='ocrx_word' id='word_1_840' title='bbox 2931 5653 3169 5710; x_wconf 85' lang='lat' dir='ltr'><strong>divinum</strong></span> <span class='ocrx_word' id='word_1_841' title='bbox 3221 5653 3538 5718; x_wconf 86' lang='lat' dir='ltr'><strong>oraculum,</strong></span> <span class='ocrx_word' id='word_1_842' title='bbox 3597 5653 3648 5707; x_wconf 92' lang='lat' dir='ltr'><strong>id</strong></span> <span class='ocrx_word' id='word_1_843' title='bbox 3702 5654 3782 5705; x_wconf 85' lang='lat' dir='ltr'><strong>est</strong></span> 
     </span>
    </p>
   </div>
  </div>
