4046 6284
247 298 323 355 as
1292 352 1298 362 _
1608 350 1615 353 η
1704 291 1832 347 seu

1934 292 2093 349 ΜΕ.

247 311 323 355 π
1292 352 1298 362 _
1608 350 1615 353 η
1704 311 2093 349 ιιιιιδιυιιω.
3446 311 3518 369 30

247 409 609 483 apostolicam
633 404 816 464 sedem
863 407 1019 463 nobis
1054 405 1178 462 inde
1206 415 1291 463 est
1319 378 1728 464 recurrentium.
1775 407 1834 463 Si
1863 409 1913 469 Α
1942 406 2149 465 tissime
2199 411 2518 482 redargutus
2567 414 2665 484 fui,
2694 431 2797 473 cur
2845 420 3267 492 iucorrigibilem
3313 433 3373 483 et
3416 429 3519 485 mi-

247 504 416 561 etiam
444 500 517 557 de
542 500 845 570 majoribus
872 498 1056 554 causis
1076 514 1108 553 a
1136 498 1448 569 provinciali
1473 498 1732 570 episeopo
1765 499 1835 555 ad

245 594 550 651 electorum
572 589 839 659 judicium
889 604 996 644 non
1046 588 1208 644 fuerit
1245 598 1637 659 provocatum,
1688 590 1837 647 etin

245 687 433 757 aliqua
455 699 621 740 causa
648 681 791 737 idem
837 681 1125 752 episcopus
1155 681 1321 736 fuerit
1346 681 1644 752 judicatus,
1672 682 1725 737 id
1754 692 1839 739 est

245 794 278 833 a
308 776 484 849 gradu
526 789 628 829 suo
661 774 714 828 in
744 773 1185 843 comprovinciali
1241 775 1448 845 synodo
1486 775 1751 845 dejectus.
1780 785 1839 834 et

244 875 409 937 putat
435 879 497 920 se
525 864 724 918 bonam
754 876 973 917 causam
1009 861 1233 926 habere.
1265 869 1316 917 et
1364 863 1714 933 appellaverit
1742 865 1833 934 qui

241 958 494 1029 deiectus
541 964 647 1020 est,
679 962 737 1010 et
770 955 1074 1024 confugerit
1116 957 1185 1010 ad
1227 956 1539 1025 episcOpum
1579 956 1836 1014 Romana

242 1047 529 1111 Ecclesiae,
556 1054 613 1102 et
632 1046 952 1102 voluerit‘se
973 1046 1148 1116 audiri
1182 1062 1197 1101 :
1237 1048 1281 1103 si
1317 1045 1524 1116 justum
1562 1049 1835 1117 putaverit

238 1146 304 1193 ut
351 1143 651 1192 renovetur
678 1148 928 1201 examen,
966 1135 1312 1191 scribendum
1342 1147 1429 1193 est
1451 1138 1522 1191 ab
1571 1138 1693 1203 his,
1741 1137 1834 1208 qui

240 1241 468 1284 ausam
523 1225 904 1280 examinarunt
974 1235 1095 1296 post
1153 1226 1416 1296 judicium
1478 1227 1787 1298 episcopale
1815 1268 1834 1295 ,

240 1321 422 1377 eidem
456 1332 673 1375 summo
722 1316 986 1387 pontiﬁci,
1033 1327 1089 1372 et
1116 1317 1184 1372 ad
1240 1318 1383 1373 illius
1427 1318 1833 1390 dispositionem

239 1410 545 1470 secundum
572 1408 865 1480 septimum
903 1406 1247 1470 Sardicensis
1288 1408 1505 1465 concilii
1539 1410 1832 1480 capitulum

238 1500 599 1559 renovabitur
643 1512 894 1557 examen.
967 1498 1101 1553 Nam
1153 1500 1223 1555 de
1276 1500 1691 1572 metropolitano
1737 1515 1835 1572 per

238 1609 434 1651 sacras
457 1591 674 1662 regulas
704 1590 1020 1655 constituto,
1046 1591 1138 1659 qui
1164 1605 1234 1645 ex
1284 1591 1508 1661 antiqua
1536 1600 1833 1648 consuetu-

238 1686 368 1741 dine
395 1684 467 1739 ab
491 1680 792 1754 apostolica
816 1681 945 1737 sede
973 1680 1190 1751 pallium
1217 1682 1434 1753 accipit,
1465 1682 1605 1739 sicut
1634 1683 1745 1740 Leo
1765 1683 1833 1739 ad

1942 497 2166 555 nisterio
2193 516 2349 557 sacro
2396 504 2644 561 inutilem
2684 509 2868 563 taudiu
2896 511 3146 571 scienter
3176 523 3370 577 contra
3421 518 3518 574 Dei

1939 590 2269 648 voluntatem
2313 603 2368 649 et
2412 610 2627 652 sacram
2656 600 3038 660 auctoritatem
3084 614 3380 674 portarent.
3405 607 3521 680 Ego

1936 698 2089 749 vero,
2118 686 2367 754 quamvis
2412 689 2710 757 smpissime
2753 700 2808 747 et
2837 708 3040 765 regem,
3072 704 3128 751 et
3168 698 3519 770 coepiscopos
3610 692 3617 699 ’

1938 787 2003 827 ac
2031 771 2241 829 vicinos
2270 790 2398 831 suos
2421 816 2436 841 ,
2486 784 2543 831 et
2577 778 2742 834 etiam
2775 795 2861 835 me
2904 783 3075 839 multo
3109 787 3327 856 sepius,
3358 789 3521 858 quasi

1936 874 2003 915 ex
2036 861 2212 917 studio
2257 863 2326 918 ad
2372 864 2706 922 iracundiam
2750 883 3046 937 provocare
3097 882 3400 945 satageret,
3454 876 3520 932 li-

1938 957 2024 1004 cet
2074 966 2180 1006 nou
2231 962 2440 1023 posset,
2492 955 2674 1012 sciens
2724 959 3241 1027 periculosissimum
3290 979 3412 1021 esse
3460 966 3517 1023 in

1937 1041 2221 1098 sacerdote
2248 1045 2622 1114 perturbatam
2671 1056 2726 1101 et
2778 1051 3104 1120 praecipitem
3152 1054 3324 1120 iram,
3376 1072 3514 1128 prm-

1937 1134 2266 1207 cipitemque
2306 1137 2554 1208 proferre
2586 1142 2933 1207 sententiam,
2970 1154 3024 1200 et
3068 1147 3518 1216 persecutionum

1935 1225 2188 1296 supplere
2227 1228 2513 1295 sazvitiam,
2561 1231 3031 1290 dissimilitudines
3061 1250 3290 1299 morum,
3333 1247 3520 1295 conth

1937 1316 2138 1373 macias
2185 1317 2630 1386 inobedientium,
2660 1329 2715 1376 et
2750 1322 3109 1393 malignarum
3154 1324 3262 1380 tela
3310 1325 3520 1398 lingua-

1936 1423 2078 1474 rum,
2110 1409 2201 1464 diu
2245 1408 2396 1466 illum
2426 1428 2532 1467 non
2563 1412 2680 1468 sine
2719 1413 2913 1469 timore
2943 1415 3009 1470 de
3048 1415 3291 1486 periculo
3312 1417 3521 1472 anima-

1936 1517 2056 1559 rum
2102 1501 2204 1558 sibi
2257 1504 2670 1560 commissarum
2720 1506 2958 1576 portavi,
3011 1515 3068 1561 et
3115 1522 3242 1563 cum
3286 1508 3519 1580 amplius

1935 1604 2157 1666 portare
2180 1611 2286 1651 non
2300 1596 2485 1663 debui,
2515 1598 2583 1652 ad
2604 1596 2965 1666 plurimorum
2993 1600 3368 1670 episcoporum
3390 1616 3520 1659 eon-

1937 1688 2167 1756 cilium,
2198 1697 2260 1745 ut
2306 1689 2388 1745 vel
2438 1705 2533 1746 eos
2584 1691 2816 1758 audiret,
2868 1692 3358 1763 deduxi:quorum
3409 1708 3519 1751 non

238 1776 614 1841 Anastasium,
647 1773 792 1845 quod
817 1783 874 1829 et
897 1772 1174 1828 Nicaenum
1203 1774 1494 1830 concilium
1540 1775 1739 1841 innuit,
1779 1781 1835 1832 et
1867 1756 1910 1815 Β
1939 1779 2127 1834 audire
2153 1778 2462 1845 consilium,
2510 1779 2605 1834 sed
2651 1756 2939 1835 adversum
2972 1795 3056 1835 me
3080 1756 3354 1851 postulare
3376 1779 3521 1849 judi-

237 1868 424 1926 (πίει-ἱ
472 1867 733 1922 Romana:
760 1866 906 1922 sedis
948 1865 1232 1936 pontiﬁces
1258 1866 1313 1920 in
1343 1866 1577 1922 decretis
1608 1867 1725 1923 suis
1763 1881 1832 1922 ex

237 1960 415 2017 sacris
460 1958 767 2015 canonibus
798 1966 1122 2021 monstrant,
1169 1957 1315 2015 sedis
1361 1957 1532 2029 ipsius
1559 1958 1833 2029 pontificis

237 2050 407 2105 etiam
450 2056 579 2104 ante
602 2048 866 2118 judicium
916 2056 1002 2104 est
1048 2047 1318 2103 sententia
1371 2048 1751 2118 prmstolanda.
1780 2047 1834 2107 Is

236 2141 386 2197 enim
415 2147 505 2195 est
523 2139 616 2209 qui
649 2137 947 2194 secundum
988 2136 1327 2193 Ezechielem
1354 2138 1674 2208 prophetam
1710 2151 1830 2194 mo-

236 2240 403 2286 ratur
428 2231 484 2284 iu
512 2228 892 2300 gazophylacio
927 2228 1070 2297 quod
1125 2227 1346 2297 respicit
1386 2227 1531 2282 viam
1576 2228 1832 2283 meridia-

235 2339 368 2380 nam
396 2332 453 2378 et
483 2323 714 2378 excubat
754 2322 808 2376 in
834 2322 1098 2379 custodiis
1128 2321 1313 2391 templi
1336 2321 1557 2393 (Ezech.
1588 2338 1677 2388 ιι,
1713 2321 1827 2393 45).

237 2416 307 2472 Et
334 2428 436 2470 nos
483 2411 883 2483 metropolitani
931 2413 1000 2466 ad
1041 2412 1503 2482 comparationem
1552 2411 1697 2467 illius
1741 2427 1831 2468 su-

237 2520 365 2560 mus
394 2504 488 2572 qui
519 2503 572 2557 in
601 2501 899 2563 ministerio
945 2500 1156 2566 altaris,
1185 2501 1329 2571 quod
1360 2510 1444 2557 est
1475 2509 1602 2556 ante
1631 2500 1829 2556 faciem

240 2593 452 2665 templi,
484 2593 539 2648 in
589 2606 699 2664 quo
753 2606 946 2648 carnes
989 2590 1374 2657 incenduntur,
1410 2591 1680 2646 servimus
1705 2629 1721 2654 ,
1774 2597 1831 2647 et

237 2683 642 2741 controversias
691 2680 994 2737 carnalium
1033 2681 1088 2735 in
1138 2679 1360 2751 synodis
1407 2676 1830 2749 provincialibus

237 2774 561 2831 laborantes
596 2771 927 2837 dirimimus,
981 2779 1038 2827 et
1088 2770 1156 2826 de
1205 2769 1497 2839 majoribus
1542 2785 1607 2825 ac
1654 2766 1828 2837 majo-

239 2879 359 2918 rum
420 2863 605 2918 causis
665 2861 742 2915 ad
784 2875 1014 2916 examen
1075 2874 1298 2914 summa:
1348 2859 1494 2914 sedis
1559 2856 1830 2928 pontiﬁcis

238 2962 361 3024 post
379 2951 646 3021 judicium
680 2950 886 3007 referre
931 2964 1209 3005 curamus.
1257 2948 1515 3003 Homines
1549 2946 1692 3002 enim
1726 2945 1827 3000 sub

239 3043 383 3098 illius
410 3049 682 3113 potestate
730 3040 832 3095 sub
884 3039 1039 3095 nobis
1082 3038 1479 3094 commilitones
1532 3036 1827 3100 habemus,

238 3143 294 3192 et
346 3095 582 3190 dicimus
633 3132 762 3188 huic
814 3131 952 3185 vade
1002 3137 1059 3186 et
1091 3127 1280 3195 vadit,
1338 3136 1394 3183 et
1447 3126 1555 3181 alio
1599 3126 1722 3181 veni
1772 3095 1902 3181 etC

238 3226 387 3282 venit
444 3222 758 3294 :quoniam
811 3229 868 3275 ut
922 3220 1033 3275 Leo
1083 3218 1217 3275 dicit
1257 3217 1429 3289 (epist.
1460 3216 1624 3282 82,ad
1676 3215 1825 3269 Ana-

238 3313 539 3385 simium):
581 3330 600 3364 ι
646 3311 710 3366 Et
744 3311 884 3366 inter
937 3294 1280 3365 beatissimos
1326 3306 1600 3379 apostolos
1649 3306 1706 3361 in
1755 3306 1829 3363 si-

237 3406 547 3463 militudine
594 3403 819 3459 honoris
850 3401 951 3457 fuit
994 3402 1237 3472 quaedam
1286 3400 1541 3456 discretio
1593 3406 1831 3471 potesta-

240 3502 331 3564 tis,
360 3508 418 3555 et
442 3513 567 3554 cum
614 3496 857 3551 omnium
904 3510 1003 3565 par
1049 3503 1196 3551 esset
1223 3492 1456 3558 electio,
1501 3493 1591 3546 uni
1649 3499 1828 3546 tamen

238 3587 426 3643 datum
459 3595 549 3643 est
596 3594 655 3640 ut
700 3583 915 3640 steteris
957 3582 1361 3653 prmemiueret.
1422 3582 1624 3651 Dequa
1655 3581 1830 3635 forma

238 3680 619 3748 episcoporqu
649 3690 866 3746 quoque
905 3682 1027 3730 orta
1074 3682 1159 3728 est
1206 3673 1504 3737 distinctio,
1534 3680 1589 3726 et
1636 3686 1851 3742 magna,

237 3769 590 3827 ordinatione
614 3768 909 3839 provisum,
940 3782 1010 3822 ne
1034 3781 1225 3821 omnes
1273 3765 1375 3820 sibi
1425 3763 1608 3818 omnia
1654 3763 1829 3816 vindi-

239 3867 475 3926 carent,
524 3860 617 3914 sed
664 3859 921 3915 essentia
970 3856 1195 3928 singulis
1243 3855 1537 3927 provinciis
1589 3852 1825 3922 singuli,

238 3964 479 4021 quorum
502 3948 643 4004 inter
679 3948 878 4004 fratres
907 3947 1199 4003 haberetur
1240 3944 1414 4015 prima
1447 3942 1712 3999 sententia
1732 3982 1747 4007 ,
1776 3950 1831 3997 et

238 4056 339 4111 per
381 4054 520 4112 quos
562 4040 631 4095 ad
684 4053 846 4094 unam
885 4037 1031 4093 beati
1074 4036 1222 4093 Petri
1278 4036 1460 4091 sedem
1509 4032 1831 4089 universalis

238 4131 499 4188 Ecclesia:
523 4146 656 4186 cura
683 4115 1000 4193 conflueret,
1033 4135 1089 4183 et
1129 4126 1264 4179 nihil
1298 4139 1526 4194 usquam
1551 4139 1582 4178 a
1610 4137 1709 4179 suo
1739 4137 1832 4179 ca-

240 4224 352 4294 pite
377 4222 687 4280 dissideret.
713 4219 815 4289 Qui
842 4236 973 4290 ergo
1002 4218 1105 4274 scit
1138 4232 1196 4273 se
1217 4214 1543 4286 quibusdam
1572 4213 1831 4285 praeposi-

241 4323 378 4380 tum,
407 4329 515 4369 non
546 4311 773 4368 moleste
800 4310 943 4365 ferre
967 4309 1128 4365 debet
1157 4305 1390 4377 aliquem
1418 4303 1521 4359 sibi
1549 4318 1670 4358 esse
1694 4317 1832 4372 prae-

1936 1870 2079 1927 cium
2124 1872 2336 1927 maluit.
2374 1871 2458 1927 Ad
2500 1870 2654 1940 cujus
2700 1872 3015 1942 petitionem
3056 1882 3116 1928 ut
3153 1874 3203 1929 ei
3232 1872 3520 1929 satisface-

1937 1974 2073 2025 rem,
2111 1968 2166 2016 ut
2194 1961 2279 2017 vel
2308 1961 2387 2017 sic
2417 1963 2793 2023 erubesceret,
2833 1971 2890 2017 et
2930 1978 2961 2016 a
2991 1971 3169 2033 empta
3197 1979 3257 2019 se
3295 1963 3519 2019 stultitia

1935 2062 2238 2120 revocaret,
2287 2053 2494 2122 judicio
2546 2071 2632 2110 me
2677 2054 2917 2119 devinxi,
2974 2054 3123 2110 velut
3158 2054 3274 2126 jam
3324 2063 3521 2111 vestrm

1939 2146 2216 2202 sanctitati
2251 2146 2465 2217 plenius
2493 2146 2617 2203 aliis
2644 2146 2846 2202 litteris
2873 2147 3144 2212 intimavi,
3174 2155 3231 2203 et
3258 2145 3520 2217 replicare

1937 2249 2023 2289 me
2054 2250 2155 2304 pro
2179 2244 2375 2291 vestrae.
2394 2236 2739 2293 auctoritatis
2765 2235 3141 2292 satisfactione
3165 2236 3308 2307 cogit
3334 2250 3521 2292 neceso

1935 2322 2087 2387 sitas,
2114 2332 2173 2377 ut
2197 2325 2538 2394 cognoscatis
2556 2325 2812 2394 quoniam
2837 2324 2970 2379 nihil
2998 2325 3053 2379 in
3077 2340 3203 2380 eum
3224 2325 3309 2395 egi
3337 2325 3521 2381 animo

1934 2412 2178 2479 inimico,
2229 2415 2324 2469 sed
2371 2415 2488 2470 zelo
2535 2416 2739 2481 divino,
2783 2425 3044 2485 quantum
3081 2416 3136 2470 in
3188 2418 3518 2472 conscientia

1933 2520 2053 2560 mea
2077 2506 2392 2576 perspicere
2425 2506 2598 2561 valeo.
2642 2504 2753 2561 Sed
2787 2515 2843 2561 et
2880 2507 3077 2561 domno
3123 2506 3265 2576 regi,
3293 2522 3359 2563 ac
3406 2508 3516 2577 epi-

1934 2595 2116 2665 scopis
2145 2595 2297 2667 regui
2326 2592 2468 2662 ejus,
2496 2603 2553 2650 et
2585 2593 3003 2663 quamplurimis
3034 2602 3142 2648 tam
3183 2594 3515 2665 eeelesiasti:

1932 2687 2012 2743 cis
2038 2701 2199 2757 quam
2226 2686 2579 2741 smcularibus
2603 2686 2749 2747 viris,
2782 2686 2898 2740 haec
2916 2696 3044 2741 sunt
3075 2695 3202 2741 nota
3230 2702 3348 2757 qua
3372 2687 3495 2743 dico

1932 2777 2062 2833 Post
2108 2777 2500 2847 depositiouem
2557 2786 2740 2831 autem
2783 2776 2948 2841 illius,
2987 2777 3196 2832 obtinui
3244 2785 3306 2832 ut
3354 2792 3514 2832 unam

1933 2865 2201 2922 abbatiam
2244 2865 2402 2921 valde
2433 2867 2629 2921 bonam
2673 2866 2725 2921 ei
2774 2865 3006 2921 domnus
3033 2882 3131 2922 rex
3172 2876 3229 2921 et
3272 2866 3516 2938 episcopi

1932 2957 2319 3018 consentirent.
2347 2965 2404 3012 et
2431 2972 2623 3013 omnes
2656 2972 2754 3012 nos
2777 2957 2851 3012 illi
2881 2957 3024 3012 sicut
3051 2958 3192 3028 patri
3216 2957 3285 3012 de
3315 2959 3517 3013 nostris

1934 3045 2220 3116 impendiis
2256 3046 2582 3102 serviremus
2609 3066 2622 3100 :
2646 3056 2914 3117 quatenus
2960 3048 3053 3116 qui
3083 3048 3136 3102 in
3189 3047 3399 3103 deliciis
3438 3049 3520 3104 vi-

1937 3142 2043 3188 tam
2072 3148 2288 3204 semper
2321 3134 2669 3205 perduxerat,
2716 3150 2823 3190 non
2874 3134 3243 3207 frangeretur.
3282 3135 3517 3194 Tantum

1935 3232 1994 3279 ut
2028 3225 2316 3281 seditiosus
2361 3234 2416 3280 et
2464 3225 2725 3282 molestus
2778 3225 3037 3281 Ecclesia:
3086 3242 3173 3281 cut
3224 3225 3518 3297 praefuerat

1932 3331 2055 3372 esse
2084 3332 2188 3372 non
2213 3317 2536 3372 decertaret.
2568 3317 2722 3384 Quod
2748 3317 2982 3387 primum
3031 3318 3253 3387 quidem
3296 3318 3516 3387 acquie«

1934 3407 2031 3461 vit.
2062 3404 2189 3471 Sed,
2222 3415 2279 3461 ut
2315 3408 2501 3463 dicunt
2531 3408 2623 3477 qui
2653 3410 2756 3464 hoc
2804 3423 2863 3463 se
2911 3409 3051 3464 scire
3081 3417 3373 3474 testantur,
3396 3425 3517 3480 qut-

1932 3496 2056 3551 dam
2086 3497 2462 3566 episcOporum
2490 3497 2640 3566 regni
2668 3496 2933 3563 Lotbarii,
2963 3497 3079 3552 zelo
3110 3512 3297 3552 amaro
3323 3507 3514 3553 contra

1933 3608 2032 3648 nos
2067 3592 2235 3660 ducti,
2286 3594 2412 3663 quia
2453 3594 2668 3648 illorum
2696 3594 2938 3649 consiliis
2961 3594 3029 3649 de
3060 3592 3357 3648 Waldrada
3408 3608 3514 3649 non

1932 3681 2330 3751 acquievimus,
2364 3690 2419 3734 et
2448 3684 2611 3736 etiam
2662 3682 2829 3752 aliqui
2861 3682 2928 3735 de
2972 3681 3285 3746 Germania,
3310 3689 3369 3735 ut
3394 3682 3515 3751 qui-

1931 3770 2055 3825 dam
2092 3771 2298 3833 dicunt,
2325 3771 2392 3823 ad
2420 3770 2676 3825 Ludovici
2712 3771 2793 3823 sui
2821 3770 2966 3838 regis
3009 3769 3337 3833 suasionem,
3379 3785 3515 3839 quo.

1931 3859 2076 3912 niam
2119 3874 2242 3913 cum
2273 3873 2340 3914 eo
2375 3874 2480 3913 non
2508 3859 2608 3914 feci
2641 3861 2783 3915 sicut
2813 3861 3093 3917 Rothadus
3122 3861 3176 3917 in
3203 3862 3394 3918 fratris
3428 3864 3514 3920 sui

1931 3947 1998 4002 de
2027 3961 2198 4016 regno
2235 3945 2576 4016 expulsione,
2604 3958 2991 4018 persuaserunt
3020 3946 3510 4017 eidenfliolltado,

1932 4043 1990 4090 ut
2016 4050 2125 4089 non
2161 4050 2220 4090 se
2247 4050 2277 4088 a
2308 4035 2573 4090 seditione
2622 4038 2883 4092 movenda
2910 4039 3281 4104 concrederet,
3325 4048 3383 4095 et
3410 4040 3513 4112 ipsi

1932 4127 2074 4195 apud
2106 4141 2204 4181 vos
2231 4125 2541 4181 obtinerent
2569 4136 2629 4181 ut
2678 4129 3077 4184 restitueretur.
3106 4127 3261 4186 Nunc
3302 4139 3511 4195 autem,

1932 4217 2073 4274 sicut
2096 4217 2358 4288 jussistis,
2394 4217 2460 4271 ad
2490 4226 2724 4273 vestram
2749 4221 3093 4288 praesentiam
3126 4228 3181 4275 et
3207 4221 3514 4291 dispositio-

1931 4323 2054 4362 nem
2095 4308 2243 4361 illum
2289 4310 2509 4378 perduci
2567 4310 2708 4380 apud
2755 4311 3010 4365 domuum
3052 4320 3296 4367 nostrqu
3330 4328 3511 4385 regem

240 4405 412 4460 latum
454 4420 472 4458 :
509 4401 604 4459 sed
635 4399 997 4457 obedientiam
1048 4407 1225 4467 quam‘
1264 4393 1472 4465 exigit,
1521 4392 1685 4447 etiam
1716 4390 1830 4462 ipse
1858 4433 1908 4494 Β
1935 4397 2103 4453 filium
2156 4405 2393 4453 vestrum
2446 4399 2813 4465 obtinuimus,
2870 4401 3153 4456 credentes
3201 4401 3326 4471 quia
3367 4404 3513 4472 quod

241 4496 528 4568 dependat.
561 4514 581 4547 ι
608 4493 780 4562 Quam
832 4491 1112 4546 Rothadus
1142 4504 1173 4542 a
1212 4486 1326 4542 suis
1369 4486 1587 4556 exigere
1633 4483 1822 4553 magis,
1858 4483 1901 4509 "'
1936 4486 2162 4542 Domino
2194 4485 2319 4540 inde
2361 4484 2678 4555 placabilius
2708 4487 2835 4552 erit,
2863 4487 3011 4542 cordi
3040 4497 3221 4545 vestro
3247 4490 3512 4560 inspirare

242 4603 406 4660 quam
440 4586 615 4643 sacris
643 4584 844 4657 regulis
876 4582 1074 4655 sategit
1117 4577 1445 4650 dependere,
1489 4592 1612 4632 cum
1658 4576 1825 4631 etiam

242 4684 417 4742 sancti
444 4681 621 4754 angeli
664 4681 719 4736 in
745 4679 882 4737 caelo
918 4678 1167 4748 legantur
1211 4673 1327 4728 suis
1354 4670 1654 4742 potioribus
1699 4668 1828 4724 obe-

243 4778 381 4834 dire.
414 4775 483 4830 Et
500 4774 621 4829 ideo
653 4773 721 4828 ad
745 4773 848 4827 hoc
889 4767 1137 4841 pervenit
1164 4777 1223 4820 ut
1259 4763 1416 4834 dejici
1442 4762 1826 4834 promeruerit,

242 4884 407 4940 quem
458 4880 555 4936 per
601 4866 783 4936 plures
819 4876 991 4927 annos
1036 4869 1091 4915 et
1126 4858 1401 4916 beneflciis
1435 4857 1730 4927 impensis,
1773 4864 1829 4910 et

243 4959 470 5016 monitis
511 4964 673 5027 atque
718 4952 1208 5015 obsecrationibus,
1237 4966 1334 5019 per
1380 4965 1467 5005 me
1510 4957 1567 5003 et
1614 4962 1712 5017 per
1738 4962 1829 5001 co-

242 5050 546 5119 episcopos,
595 5059 661 5101 ac
690 5059 789 5115 per
839 5055 1193 5112 quoscunque
1237 5038 1534 5093 familiares
1563 5036 1733 5107 potui,
1762 5036 1828 5092 ad

244 5138 608 5197 obedieudum
635 5136 809 5192 sacris
833 5133 1038 5207 regulis
1064 5144 1414 5189 commonere
1449 5128 1656 5184 curavi.
1691 5126 1826 5180 Mul-

246 5229 406 5286 toties
429 5229 596 5284 etiam
641 5234 698 5281 et
739 5240 837 5296 per
882 5224 1094 5279 litteras
1127 5216 1610 5287 metropolitauas,
1660 5224 1715 5272 et
1759 5230 1826 5273 ex

244 5314 557 5388 apostolica:
582 5314 730 5370 sedis
756 5314 1108 5376 auctoritate,
1134 5308 1311 5363 minas
1338 5306 1389 5363 ei
1438 5304 1710 5361 inculcare
1734 5319 1828 5360 cu-

246 5406 399 5471 ravi,
450 5414 505 5460 et
550 5420 617 5460 ex
669 5403 900 5459 lectione
950 5398 1341 5457 catholicorum
1377 5411 1541 5467 quam
1591 5394 1830 5468 graviter

248 5490 557 5550 oﬂ‘endebat
590 5493 638 5549 ei
682 5492 973 5549 ostendere
1014 5487 1227 5551 studui;
1269 5486 1339 5542 ad
1365 5500 1486 5556 qua:
1530 5485 1827 5555 respondeo

248 5592 362 5649 nat,
392 5585 521 5654 quia
547 5584 683 5640 nihil
713 5582 856 5638 aliud
892 5581 1072 5638 facere
1101 5578 1338 5635 sciebam
1362 5617 1377 5641 ,
1427 5575 1530 5632 nisi
1572 5575 1622 5630 ci
1674 5590 1827 5632 lucos

244 5674 462 5731 libellos
485 5683 593 5730 tota
624 5673 708 5730 die
734 5671 1040 5729 ostendere.
1065 5669 1215 5725 Unde
1238 5685 1266 5723 a
1293 5665 1478 5723 multis
1497 5674 1551 5721 et
1570 5664 1825 5722 frequen-

1934 4577 2263 4649 dignabitur.
2313 4575 2389 4631 De
2416 4592 2523 4646 quo
2550 4577 2676 4645 quia
2724 4577 3107 4647 benignissima
3138 4578 3380 4649 dignatio
3419 4594 3512 4636 ve-

1933 4677 2048 4723 stra
2076 4668 2205 4722 mihi
2236 4681 2393 4721 servo
2431 4682 2527 4735 per
2560 4664 2859 4722 Luidouem
2887 4667 3109 4739 dignata
3135 4679 3219 4724 est
3245 4671 3508 4736 scribere,

1935 4757 2200 4827 utjuncto
2238 4756 2367 4811 mihi
2414 4757 2627 4829 integro
2673 4757 2899 4829 collegio
2920 4757 3170 4826 fratrum,
3213 4763 3506 4818 secundum

1936 4848 2152 4905 modum
2185 4848 2258 4902 ibi
2311 4847 2666 4917 descriptum,
2714 4855 2896 4903 vestra
2942 4850 3236 4919 apostolica
3276 4865 3505 4906 censura

1933 4938 2124 5000 fretus,
2152 4936 2603 5013 studeremjllum
2633 4937 2862 5007 pristino
2890 4938 3224 5011 reintegrare
3255 4940 3507 4996 decenter

1933 5024 2108 5085 oﬂicio
2134 5044 2148 5079 :
2172 5027 2312 5081 sciat
2338 5025 2774 5081 reverentissima
2796 5034 2848 5081 et
2876 5027 3245 5083 amantissime
3282 5025 3506 5083 colenda

1935 5117 2244 5172 dulcissima
2279 5124 2454 5170 vestra
2484 5117 2803 5184 paternitas,
2846 5116 2949 5172 hoc
2981 5133 3066 5172 me
3113 5130 3273 5186 agere
3313 5114 3505 5182 nequi-

1936 5208 2094 5271 visse,
2119 5221 2218 5277 pro
2247 5207 2333 5262 bis
2356 5222 2477 5276 qua:
2506 5206 2854 5261 continentur
2889 5207 2944 5261 in
2972 5205 3217 5261 subditis.
3245 5202 3508 5257 Videlicet

1937 5297 2063 5368 quia
2087 5311 2212 5351 cum
2242 5296 2439 5351 litteris
2462 5295 2530 5351 ad
2567 5306 2803 5354 vestram
2847 5297 3222 5354 auctoritatem
3254 5293 3504 5351 deferen-

1935 5388 2021 5447 dis
2051 5387 2192 5442 idem
2225 5386 2506 5443 Rotbadus
2536 5387 2650 5459 jam
2681 5388 2999 5443 commissus
3038 5392 3155 5439 erat
3179 5384 3281 5452 eis,
3309 5386 3401 5457 qui
3435 5388 3506 5443 ad

1936 5487 2173 5536 vestram
2201 5479 2545 5549 praesentiam
2598 5477 2746 5533 illum
2771 5476 3120 5540 deducerent,
3156 5484 3213 5531 et
3241 5476 3373 5531 mihi
3396 5492 3504 5531 non

1934 5582 2053 5631 erat
2099 5572 2352 5643 possibile
2392 5570 2659 5638 integrum
2704 5568 2931 5621 fratrum
2974 5564 3259 5638 collegium
3302 5580 3503 5622 convo-

1936 5681 2061 5721 care
2092 5682 2105 5720 :
2131 5664 2408 5728 quoniam,
2453 5669 2512 5714 ut
2558 5673 2718 5717 supra
2765 5655 2977 5723 scripsi,
3002 5673 3034 5713 a
3059 5656 3278 5714 dimcesi
3319 5662 3504 5710 nostra
