4046 6284
521 298 582 353 3i
1483 289 1814 346 lllNCMARl
1851 284 2245 342 RHEMENSIS
2283 281 2796 338 ARCIIIEPISCOPI
3713 282 3778 338 ΞΩ
3814 331 3820 338 .

525 413 738 481 longius
759 424 909 466 eram
935 418 1194 473 remotus,
1224 408 1278 462 in
1310 407 1402 461 filii
1428 406 1592 460 vestri
1622 405 1762 475 regis
1787 402 1958 459 nostri
1985 417 2100 457 ser-
2131 405 2177 464 Α
2206 412 2420 467 scopos,
2449 397 2541 466 qui
2582 398 2759 451 scium
2789 405 2845 450 el
2889 410 2976 450 me
3009 412 3112 450 una
3139 411 3261 452 cum
3314 397 3393 452 vis
3419 397 3557 452 scire
3586 409 3778 454 norum

525 503 658 557 vitio
685 519 698 555 :
732 513 788 558 et
824 502 1080 572 quoniam
1113 501 1232 556 sine
1260 498 1478 553 illorum
1508 497 1852 565 judicio,-qui
1901 495 1953 548 in
1983 492 2103 562 ejus

526 594 865 662 depositione
894 592 1131 656 fuerant,
1179 599 1234 644 et
1265 589 1461 660 quibus
1507 588 1629 644 inde
1669 585 1987 658 scripsistis,
2021 601 2105 641 re-

524 683 674 738 stitui
704 683 1026 752 regulariter
1055 696 1160 736 non
1203 679 1463 734 valebat:
1495 688 1552 734 et
1594 678 1830 747 episcopi
1872 679 2102 732 aliarum

517 776 924 845 provinciarum
974 790 1072 844 per
1113 788 1289 828 meam
1330 773 1769 827 convocationem
1813 772 1866 826 in
1919 771 2106 828 multis

523 868 770 937 occupati
793 866 1109 938 congregari
1139 879 1243 920 non
1269 874 1540 935 poterant.
1575 864 1682 918 Sed
1712 873 1766 919 et
1797 865 2101 933 coepiscopi

525 959 854 1014 Rbemorum
894 960 1182 1030 provincize
1233 959 1301 1014 ab
1330 958 1442 1028 ipsa
1474 959 1706 1028 synodo,
1753 956 1807 1010 in
1839 973 1946 1026 qua
1992 957 2106 1025 epi—

525 1050 719 1106 stolam
769 1051 1074 1105 sanctitatis
1129 1057 1322 1104 vestrae
1379 1049 1701 1109 audivimus,
1747 1062 1910 1102 causa
1965 1046 2106 1101 resi-

525 1142 698 1197 stendi
736 1141 1064 1212 Normannis
1101 1141 1168 1194 ad
1205 1156 1332 1196 suas
1369 1141 1526 1194 sedes
1557 1139 1818 1193 festinare
1867 1146 2106 1192 matura-

529 1241 739 1286 verunt.
771 1231 934 1286 Pauci
961 1232 1125 1286 etiam
1149 1246 1374 1285 numero
1401 1231 1660 1300 episcOpi,
1693 1229 1785 1299 qui
1817 1244 2025 1283 mecum
2051 1228 2104 1282 in

524 1323 619 1378 lilii
645 1325 809 1378 vestri
857 1323 1000 1394 regis
1027 1324 1195 1378 nostri
1225 1331 1382 1378 erant
1410 1323 1692 1392 obsequio,
1742 1337 1866 1376 cum
1906 1322 1984 1375 eis
2015 1322 2109 1376 be-

524 1415 802 1476 nignitatis
827 1425 1020 1470 vestrze
1049 1415 1574 1470 commendationem
1619 1415 1685 1469 de
1729 1413 1980 1467 Rotbado
2014 1428 2106 1468 re-

523 1505 650 1576 lcgi,
697 1507 1090 1578 responderunt
1136 1522 1242 1560 non
1283 1521 1341 1561 se
1369 1507 1510 1562 scire
1544 1505 1703 1560 talem
1730 1506 1896 1560 vitam
1943 1513 2108 1576 atque

525 1599 957 1670 intelligentiam,
1005 1599 1220 1669 taleque
1268 1598 1507 1653 studium
1535 1598 1676 1653 sacri
1724 1597 2012 1652 ministerii
2053 1597 2104 1650 in

521 1705 588 1744 eo
615 1689 803 1755 fuisse,
843 1697 903 1743 ut
932 1689 986 1744 in
1010 1690 1112 1744 hoc
1143 1705 1202 1744 se
1228 1689 1457 1745 miscere
1479 1691 1774 1753 auderent;
1809 1689 2104 1759 praesertim

523 1796 644 1836 cum
691 1781 757 1844 is,
809 1781 899 1850 qui
951 1789 1109 1836 antea
1159 1781 1392 1851 aliquam
1448 1779 1807 1835 reverentiam
1863 1781 1929 1836 de
1964 1780 2108 1850 deje-

524 1870 702 1923 ctione
729 1885 826 1924 sua
873 1870 1124 1934 habebat,
1150 1878 1205 1924 et
1250 1884 1466 1939 semper
1506 1869 1818 1924 iuobediens
1843 1879 1898 1923 et
1937 1868 2109 1923 sacris

524 1957 748 2029 regulis,
775 1966 829 2013 et
858 1959 1018 2028 regia:
1050 1959 1318 2030 dignitati,
1350 1968 1404 2013 et
1439 1957 1854 2027 metropolitano
1880 1957 2108 2028 privile-

525 2045 613 2114 gio
666 2043 865 2109 fuerat,
902 2061 1046 2100 nunc
1091 2045 1408 2101 effrenatius
1457 2046 1523 2100 ad
1563 2045 1854 2100 multorum
1907 2044 2108 2100 malum

524 2137 852 2206 exemplum,
906 2146 960 2192 et
1000 2137 1352 2206 plurimorum
1401 2138 1836 2194 benevolentium
1883 2138 2111 2194 scanda-

524 2225 659 2290 lum,
694 2226 954 2281 desaavire
979 2235 1034 2281 et
1059 2226 1415 2296 negligentius
1451 2237 1614 2296 atque
1641 2227 1998 2296 perniciosius
2031 2227 2108 2280 vi-

466 2354 469 2356 -
524 2332 653 2372 vere
683 2317 1054 2372 voluntatibus
1097 2318 1210 2372 suis
1240 2317 1483 2372 serviens
1514 2333 1636 2371 cum
1668 2317 1917 2370 libertate
1945 2316 2108 2370 debe-

527 2417 630 2462 ret.
664 2409 739 2462 De
765 2422 830 2462 eo
856 2416 1036 2462 autem
1061 2408 1204 2478 quod
1229 2406 1536 2478 benignitas
1572 2406 1738 2461 animi
1771 2407 1936 2461 vestri
1981 2421 2112 2476 pen-

525 2516 654 2555 sans
701 2516 806 2554 non
855 2501 1176 2565 belluinmn,
1217 2500 1312 2555 sed
1367 2501 1660 2554 lmmanum
1713 2499 1949 2553 bomtnis
1995 2499 2111 2550 ani-

527 2607 694 2653 mum,
727 2591 945 2658 scripsit
967 2591 1151 2643 dicens
1177 2607 1189 2641 :
1223 2608 1241 2640 ι
1266 2590 1524 2644 Fortasse
1547 2597 1835 2660 cognoscet
1856 2589 2108 2642 delictum

528 2694 707 2746 suum,
747 2691 803 2736 et
839 2698 934 2736 sua
986 2690 1177 2750 sponte
1227 2681 1278 2733 in
1325 2678 1528 2745 judicio
1563 2695 1672 2749 quo
1705 2680 1982 2749 judicatus
2028 2685 2112 2732 est

529 2789 876 2844 perseverare
927 2771 1142 2843 deliget.
1191 2769 1344 2836 Quod
1398 2770 1442 2825 si
1488 2770 1698 2834 fecerit,
1750 2771 1888 2839 apud
1929 2786 2109 2840 regem

527 2864 818 2927 Carolum,
867 2863 1276 2918 dilectissimum
1317 2861 1566 2916 videlicet
1617 2861 1782 2915 tilimn
1833 2872 2107 2927 vestrum,

528 2954 793 3024 agendum
828 2962 930 3018 est,
964 2963 1022 3007 ut
1060 2952 1382 3007 liberalitate
1415 2967 1511 3006 sua
1537 2951 1714 3006 eidem
1744 2966 1980 3020 congrua
2011 2953 2108 3028 be-

529 3047 748 3111 neficia,
783 3048 978 3116 quibus
1027 3045 1353 3100 sufficienter
1393 3060 1516 3099 cum
1545 3043 1657 3099 suis
1705 3045 1996 3100 sustentari
2043 3061 2107 3101 ac

529 3138 825 3192 honorifice
868 3137 1060 3208 degere
1090 3137 1280 3206 possit,
1330 3137 1563 3207 benigno
1612 3137 1809 3192 mentis
1845 3137 2106 3208 largiatur

527 3226 722 3282 affectu
750 3244 763 3280 :
796 3249 814 3278 ι
849 3228 987 3282 sciat
1021 3227 1262 3295 dignatio
1290 3235 1498 3290 vestra,
1525 3242 1630 3280 non
1663 3226 1810 3281 illum
1841 3242 1960 3282 esse
1999 3229 2104 3282 hu-

523 3318 754 3387 jusmodi
789 3318 1176 3387 temperantiae.
1206 3317 1340 3372 Nam
1367 3319 1436 3374 ab
1477 3333 1542 3373 eo
1567 3319 1709 3387 quod
1750 3320 1914 3388 εωρίι
1964 3335 2104 3373 nun-

527 3424 688 3476 quam
716 3409 889 3476 potuit
919 3409 1184 3463 revocari.

598 3497 728 3564 Quae
754 3498 916 3552 etiam
948 3514 1047 3566 ego
1077 3499 1310 3555 famulus
1348 3508 1544 3555 vestrae
1577 3501 1963 3556 dominationis
1994 3517 2106 3556 me-

525 3588 727 3642 ditatus
754 3604 871 3642 sum
897 3604 1021 3643 cum
1050 3591 1212 3645 corde
1247 3606 1388 3656 meo,
1417 3602 1472 3646 et
1497 3594 1781 3646 conferens
1812 3610 1934 3648 cum
1970 3594 2102 3648 lide-

526 3677 734 3734 lissimo
758 3679 867 3734 lilio
891 3688 1070 3735 vestro
1103 3681 1300 3737 domno
1326 3698 1448 3737 meo
1473 3697 1595 3753 rege
1624 3683 1875 3752 glorioso.
1911 3685 1964 3738 in
2006 3686 2109 3739 hac

527 3785 693 3825 causa
751 3771 1004 3839 providi,
1072 3782 1267 3826 vestra:
1317 3772 1732 3842 sapientissimae
1797 3776 2107 3830 auctoritati

526 3859 765 3915 scribere
806 3860 1027 3931 dignum
1057 3862 1206 3916 duxi.
1240 3861 1297 3916 Id
1347 3872 1451 3928 est,
1484 3865 1610 3932 quia
1643 3864 1771 3919 licet
1800 3864 1973 3921 fretus
2013 3881 2108 3922 ve-

526 3961 656 4006 strae
699 3951 1039 4005 auctoritatis
1074 3951 1293 4016 litteris,
1343 3968 1442 4020 per
1469 3953 1766 4010 Luidonem
1820 3971 1953 4010 mea:
1997 3958 2112 4011 exi-

527 4040 719 4111 guitati
747 4040 988 4103 directis,
1029 4056 1259 4109 quarum
1305 4044 1632 4098 mentionem
1665 4046 1868 4099 fecistis
1910 4047 1962 4099 in
1990 4047 2107 4116 epi-

528 4129 690 4194 stola,
725 4145 889 4198 quam
916 4130 1024 4184 filio
1053 4140 1235 4185 vestro
1274 4131 1473 4187 domno
1498 4143 1685 4190 nostro
1720 4136 1831 4206 regi
1862 4137 2106 4204 misistis,

527 4237 773 4292 quasque
815 4223 888 4276 illi
921 4221 1105 4294 relegi,
1136 4225 1277 4293 apud
1306 4240 1430 4279 eum
1472 4226 1720 4282 obtinere
1766 4243 2002 4297 possem,
2051 4239 2109 4285 ut

530 4313 712 4367 missis
739 4313 870 4378 suis,
905 4314 995 4383 qui
1024 4313 1330 4370 Rotbadum
1361 4316 1427 4370 ad
1467 4325 1704 4371 vestram
1737 4319 2108 4376 deducendum

2207 488 2437 543 Rothadi
2471 487 2850 558 negligentiam
2881 498 2932 542 et
2960 487 3224 542 diutinam
3256 487 3310 541 in
3352 503 3508 542 sacro
3538 489 3776 544 ministe-

2209 581 2291 635 rio
2346 580 2728 644 inutilitatem,
2788 580 2854 634 de
2897 578 3013 647 ejus
3060 579 3401 636 restitutione
3458 581 3776 650 alloquerer,

2204 689 2395 729 omnes
2425 689 2509 728 me
2540 672 2896 736 insulllarent,
2925 682 2979 727 et
3016 683 3286 728 amentem
3330 675 3544 743 penitus
3566 675 3776 744 judica-

2208 775 2344 822 rent.
2380 765 2436 820 Si
2459 767 2626 820 etiam
2655 766 2921 829 Rotbado,
2948 774 3006 819 ut
3031 781 3088 818 se
3117 768 3491 831 concrederet,
3516 768 3654 835 quod
3679 784 3780 823 non

2207 871 2316 910 suae
2346 855 2533 909 salutis
2565 856 2758 909 intuitu
2789 855 3012 919 faceret,
3045 857 3304 911 beneficia
3345 874 3444 912 nos
3473 857 3784 928 impetratu-

2208 961 2298 1000 ros
2345 948 2806 1016 promitteremus,
2854 947 3107 1016 quoniam
3155 963 3289 1016 pene
3336 963 3527 1004 omnes
3572 951 3625 1006 in
3671 953 3784 1006 istis

2207 1036 2498 1106 provinciis
2526 1037 2725 1101 sciunt,
2755 1037 2881 1105 quia
2915 1038 3212 1092 secundum
3241 1038 3696 1108 Carthagineuses
3734 1053 3786 1097 et

2206 1125 2488 1180 Africanos
2519 1141 2770 1188 canones,
2810 1134 2866 1180 et
2903 1126 3122 1180 decreta
3172 1127 3313 1181 beati
3361 1129 3632 1200 Gregorii,
3678 1132 3786 1185 ele-

2209 1226 2419 1271 ctorum
2457 1231 2515 1270 se
2543 1216 2814 1278 commisit
2833 1217 3066 1286 judicio,
3105 1227 3161 1272 et
3190 1219 3420 1287 amplius
3451 1236 3609 1289 quam
3634 1222 3787 1290 quin-

2208 1315 2351 1375 genti
2410 1307 2774 1363 interfuerunt
2824 1309 3024 1364 diversi
3079 1310 3288 1366 ordinis
3335 1312 3483 1377 viri,
3546 1314 3789 1369 videntes

2209 1397 2424 1467 quando
2461 1398 2601 1452 calix
2631 1413 2832 1454 aureus
2858 1415 2978 1454 cum
3009 1401 3237 1471 gemmis
3285 1417 3314 1454 a
3346 1417 3586 1472 caupone
3627 1413 3683 1458 et
3712 1412 3790 1457 ta-

2209 1488 2455 1542 bernaria
2485 1505 2581 1558 per
2603 1489 2830 1544 missum
2862 1491 3006 1561 regis
3043 1492 3108 1546 de
3137 1492 3280 1546 illius
3302 1495 3528 1566 pignore
3551 1505 3794 1564 smnptus

2209 1585 2263 1630 et
2303 1577 2510 1632 delatus
2543 1577 2644 1632 fuit
2677 1580 2730 1632 in
2759 1581 3047 1650 synodum,
3079 1591 3133 1635 ct
3163 1585 3397 1638 seientes
3447 1601 3680 1641 coronas
3711 1602 3795 1640 ar—

2210 1677 2433 1734 genteas
2471 1684 2500 1722 a
2548 1667 2758 1735 Judteo,
2790 1670 2877 1724 cui
2933 1670 3053 1725 illas
3083 1672 3329 1738 dederat,
3373 1686 3702 1744 resumptas,
3743 1685 3797 1730 et

2138 1751 2182 1808 Β
2212 1761 2499 1816 facultates
2525 1761 2924 1818 ecclesiasticas
2966 1764 3034 1817 ab
3066 1779 3131 1819 eo
3160 1781 3494 1834 suppressas,
3530 1776 3586 1820 et
3625 1767 3796 1822 laten-

2216 1861 2296 1905 ter
2343 1853 2784 1914 commendatas,
2847 1853 3078 1922 indeque
3134 1865 3380 1924 receptas
3441 1865 3496 1910 et
3547 1856 3800 1911 Ecclesia:

2213 1943 2470 2007 redditas,
2505 1951 2560 1997 et
2586 1943 2803 1997 vascula
2820 1954 3097 2012 argentea,
3123 1960 3242 2014 qua:
3269 1961 3374 1999 non
3405 1946 3564 2014 pauci
3595 1948 3799 2016 ponde-

2213 2035 2290 2090 ris
2319 2051 2348 2089 a
2376 2035 2535 2105 longo
2562 2043 2804 2105 tempore
2837 2035 2891 2089 in
2917 2036 3160 2091 Ecclesia
3197 2039 3590 2106 pependerunt.
3621 2036 3727 2093 Sed
3749 2048 3804 2092 et

2215 2125 2344 2191 alia,
2377 2142 2499 2196 qua:
2539 2111 2621 2180 sui
2653 2127 2964 2180 decessores
3008 2143 3073 2181 ac
3114 2128 3562 2196 praedecessores,
3592 2129 3803 2183 casteri-

2214 2230 2320 2287 que
2344 2217 2531 2270 fideles
2556 2231 2654 2285 pro
2680 2217 2921 2272 remedio
2951 2218 3148 2272 animos
3178 2234 3286 2273 suae
3325 2219 3502 2275 eidem
3547 2221 3800 2276 Ecclesi1e

2215 2307 2547 2371 obtulerunt,
2579 2309 2648 2362 ab
2693 2319 2758 2362 eo
2801 2307 2920 2362 sine
2963 2324 3234 2364 consensu
3287 2313 3693 2383 metropolitani
3740 2330 3800 2368 ac

2214 2399 2679 2469 coepiscoporum,
2712 2408 2767 2452 et
2806 2399 2923 2453 sine
2951 2401 3219 2455 meonomi
3265 2418 3329 2456 ac
3362 2405 3798 2475 presbyterorum

2215 2497 2272 2542 et
2303 2489 2652 2544 diaeonorum
2683 2505 2794 2544 sua:
2819 2490 3077 2546 Ecclesia:
3105 2507 3374 2547 consensu
3400 2510 3499 2564 pro
3529 2495 3680 2549 libitu
3705 2512 3800 2550 suo

2215 2581 2431 2634 donata.
2467 2580 2601 2642 Cum
2647 2581 2810 2634 etiam
2839 2583 3030 2635 beatus
3077 2582 3372 2653 Gregorius
3430 2587 3708 2642 multoties
3747 2587 3798 2640 in

2214 2671 2462 2740 epistolis
2489 2673 2602 2724 suis
2641 2686 2708 2725 ex
2747 2673 2917 2726 sacris
2953 2675 3252 2730 canouibus
3291 2677 3514 2742 scribat,
3544 2693 3800 2748 quaecun-

2215 2777 2319 2831 que
2349 2763 2634 2832 cpiscopus
2676 2773 2798 2833 post
2819 2764 3213 2822 ordinationem
3245 2769 3590 2839 episcopatus
3618 2775 3799 2840 acqui-

2215 2855 2388 2919 sierit,
2419 2857 2599 2909 omnia
2649 2871 2770 2910 esse
2817 2857 3069 2913 Ecclesim
3098 2860 3149 2913 in
3180 2876 3288 2930 qua
3327 2864 3537 2918 exstitit
3583 2865 3800 2917 ordina-

2216 2955 2320 2999 tus.
2358 2945 2510 3000 Unde
2559 2957 2774 3001 constat
2811 2949 2936 3017 quia
2969 2965 3070 3005 nec
3113 2951 3228 3020 ipse
3273 2955 3390 3008 sine
3437 2970 3720 3010 meonomo
3748 2964 3800 3010 et

2215 3037 2544 3091 conscientia
2577 3038 2898 3093 clericorum
2938 3039 3025 3094 illa
3067 3041 3258 3096 debeat
3287 3043 3618 3112 dispensare.

2133 3099 2178 3160 δ
2283 3127 2387 3184 Sed
2423 3138 2478 3183 et
2508 3145 2696 3184 omnes
2745 3132 2893 3186 urbis
2945 3132 3132 3186 incolae
3166 3149 3230 3188 ae
3276 3137 3488 3204 populi,
3536 3138 3627 3206 qui
3675 3153 3796 3191 cum

2210 3237 2332 3290 rege
2375 3231 2430 3275 et
2473 3222 2737 3291 episcopis
2780 3223 2845 3275 ad
2895 3225 3161 3293 synodum
3199 3237 3609 3289 convenerunt,
3659 3238 3711 3280 ct
3745 3235 3800 3279 ut

2211 3326 2396 3364 revera
2453 3313 2520 3364 ad
2575 3311 2942 3380 spectaculum
2994 3322 3314 3379 currentes,
3366 3333 3488 3370 eum
3553 3317 3798 3370 viderunt

2209 3416 2378 3470 usque
2425 3401 2491 3454 ad
2545 3402 2744 3455 ostium
2803 3403 2995 3472 synodi
3052 3405 3388 3468 venientem,
3452 3415 3507 3459 et
3562 3422 3688 3459 tnue
3745 3414 3802 3458 ut

2210 3493 2554 3548 maniaticum
2610 3493 2925 3549 redeuntem
2971 3512 2984 3547 :
3029 3495 3227 3565 quique
3283 3497 3464 3551 sciunt
3537 3507 3799 3566 quantam

2209 3585 2593 3654 benignitatem
2627 3586 2769 3655 regis
2794 3595 2848 3640 et
2889 3585 3116 3640 fratrum
3145 3602 3429 3656 spernens,
3469 3590 3702 3658 quatitcr
3731 3589 3798 3642 de

2196 3678 2372 3731 certis
2399 3677 2671 3745 capitulis,
2703 3677 2844 3732 unde
2876 3677 3017 3732 sacri
3049 3693 3285 3733 canones
3314 3693 3568 3750 expressa
3617 3679 3800 3734 decre-

2208 3775 2402 3821 verunt
2441 3767 2684 3838 judicia,
2748 3767 3024 3837 judicatus
3084 3767 3511 3840 lacrymantibus
3575 3784 3700 3838 rege
3748 3773 3801 3820 et

2207 3861 2475 3931 episcopis
2500 3860 2686 3915 durior
2711 3875 2843 3915 saxo
2886 3863 3206 3928 recesserit,
3240 3872 3500 3932 putarent
3549 3879 3667 3928 nos,
3710 3861 3800 3930 qui

2207 3963 2329 4002 eum
2353 3950 2646 4003 secundum
2674 3964 2858 4004 sacros
2889 3966 3146 4017 canones,
3189 3951 3356 4018 (sicut
3391 3969 3490 4009 eos
3536 3953 3802 4008 intellexi-

2209 4053 2356 4099 mus,
2409 4035 2805 4105 judicavimus,
2865 4048 2921 4094 et
2980 4050 3166 4110 postea
3210 4050 3270 4096 ιιι
3323 4042 3424 4112 ipsi
3482 4042 3801 4114 prmcipiunt

2208 4142 2446 4181 canones
2470 4142 2567 4196 per
2587 4130 2966 4197 coepiscopum
2999 4139 3247 4184 nostrum
3278 4133 3370 4201 qui
3399 4133 3577 4190 eidem
3600 4131 3802 4202 judicio

2210 4213 2472 4280 interfuit,
2497 4216 2647 4285 prius
2665 4215 2930 4286 judicium
2972 4229 3222 4275 nostrum
3263 4224 3330 4276 de
3361 4237 3427 4277 eo
3460 4223 3668 4280 referre
3693 4262 3708 4285 ,
3747 4228 3801 4274 et

2209 4321 2354 4360 nunc
2382 4306 2508 4360 illud
2541 4308 2714 4378 ipsum
2742 4325 2866 4362 cum
2896 4312 3096 4366 nostris
3123 4311 3317 4368 litteris
3347 4323 3514 4384 atque
3563 4311 3798 4374 vicariis,

529 4401 873 4468 praesentiam
927 4413 1305 4473 susceperunt,
1361 4406 1664 4470 mandaret,
1723 4417 1992 4476 quatenus
2041 4412 2108 4465 ab

2216 4399 2356 4453 sicut
2375 4396 2634 4466 jussistis,
2663 4400 2731 4455 ad
2756 4401 3106 4470 apostolicam
3138 4404 3322 4458 sedem
3353 4444 3368 4469 ,
3397 4420 3522 4474 qua:
3549 4413 3800 4474 paternos

530 4488 842 4556 arripieudo
890 4490 1119 4546 Romam
1149 4494 1342 4548 itinere
1368 4506 1767 4565 exspectarent,
1813 4500 1982 4553 donec
2010 4516 2110 4570 op-

529 4591 821 4647 portunum
877 4592 1086 4654 tempus
1133 4587 1416 4656 episcopos
1471 4589 1750 4660 regionum
1803 4601 2109 4647 nostrarmn

530 4673 860 4727 convocandi
893 4673 1210 4731 adveniret:
1238 4678 1362 4745 quia
1397 4693 1502 4731 non
1551 4688 1671 4733 erat
1700 4681 1857 4744 ratio,
1892 4691 1950 4735 ut
1991 4682 2112 4738 aliis

532 4759 920 4827 notificarctur,
980 4780 1078 4818 cur
1124 4764 1359 4820 Rotbadi
1409 4769 1751 4824 transmissio
1802 4771 2110 4826 tardaretur

533 4859 824 4921 antequam
867 4855 1136 4924 episcopis
1172 4866 1368 4912 vestrae
1401 4859 1745 4915 auctoritatis
1769 4861 1996 4931 epistola
2035 4862 2110 4917 le-

532 4952 772 5014 geretur,
801 4954 1012 5014 poterat
1041 4946 1179 5013 lieri,
1209 4958 1266 5002 ut
1296 4950 1388 5019 qui
1421 4965 1507 5004 me
1534 4950 1714 5005 divina
1747 4951 2032 5007 clementia
2057 4964 2114 5009 et

533 5049 628 5088 sua
660 5034 990 5104 benignitate
1027 5045 1083 5091 et
1111 5039 1312 5093 amoris
1345 5039 1633 5095 devotione
1670 5041 1877 5108 colunt,
1913 5051 1970 5096 ct
2018 5043 2116 5098 ali-

532 5123 660 5192 quid
707 5126 980 5180 aastimant
1021 5142 1142 5182 esse
1188 5144 1308 5183 cum
1364 5129 1497 5184 nihil
1545 5131 1670 5196 sim,
1723 5144 2114 5203 cognoscentes

533 5228 655 5268 meo
684 5214 907 5269 obtentu
935 5215 986 5268 id
1019 5216 1304 5283 accidisse,
1329 5218 1383 5272 in
1414 5233 1499 5272 me
1527 5219 1842 5274 scandalum
1861 5232 2114 5290 pateren-

536 5311 643 5367 tur,
691 5307 845 5373 quasi
891 5307 1163 5361 contemni
1207 5316 1300 5362 aut
1353 5309 1548 5380 negligi
1591 5310 1828 5365 facerem
1875 5321 2109 5367 vestram

535 5397 1075 5463 commendationem,
1104 5401 1196 5470 qui
1225 5400 1365 5454 intra
1397 5403 1723 5458 constitutos
1760 5419 1790 5456 a
1819 5403 1974 5458 vobis
1995 5403 2111 5458 dies

536 5489 590 5543 in
620 5488 845 5557 epistola
893 5507 989 5560 per
1018 5492 1259 5548 Odonem
1297 5494 1607 5564 episcopum
1649 5495 1831 5559 missa,
1868 5495 1935 5550 ad
1984 5493 2114 5550 obe-

534 5577 787 5634 diendum
821 5591 1056 5636 vestram
1091 5583 1382 5642 accelerari
1414 5585 1635 5642 fecerim
1659 5593 1921 5656 quantum
1965 5586 2111 5656 potui

529 5671 851 5743 jussioucm.
887 5671 952 5727 Et
975 5674 1016 5728 si
1048 5678 1262 5743 quando
1295 5679 1347 5733 in
1388 5695 1552 5734 unum
1598 5678 1972 5742 convenirent,
2001 5678 2111 5747 cpio

2218 4507 2455 4546 canones
2505 4492 2802 4547 servandos
2845 4493 3169 4560 confirmat,
3231 4504 3285 4550 et
3339 4495 3693 4551 coutirmatos
3735 4507 3799 4546 ac

2193 4584 2585 4638 observandos
2607 4600 2703 4638 sua
2733 4585 3111 4641 observatione
3154 4586 3513 4653 demonstrat,
3565 4587 3797 4657 dirigere

2218 4675 2672 4745 procuravimus,)
2729 4675 2796 4730 de
2851 4686 3047 4732 vestrae
3100 4679 3437 4732 auctoritatis
3481 4679 3688 4749 justitia
3745 4681 3800 4727 ct

2216 4766 2487 4835 :eqnitatis
2518 4765 2802 4820 libramine
2829 4767 3098 4829 dubitare,
3146 4777 3202 4822 et
3253 4767 3374 4822 ideo
3402 4779 3461 4820 ut
3489 4783 3547 4822 se
3577 4779 3797 4820 concre-

2216 4858 2369 4912 deret
2398 4857 2657 4912 locarium
2708 4857 2755 4912 ei
2785 4860 3123 4927 promittere,
3154 4861 3339 4930 sicque
3370 4877 3469 4915 nos
3497 4870 3553 4916 ut
3581 4859 3795 4914 insanos

2217 4947 2410 5001 merito
2439 4947 2779 5000 denotarent.
2813 4946 2947 5001 Cum
2991 4949 3154 5003 etiam
3185 4950 3229 5004 si
3262 4949 3375 5002 fieri
3420 4957 3623 5018 posset,
3656 4942 3796 5015 quod

2216 5036 2284 5090 ab
2309 5037 2396 5090 illa
2442 5037 2615 5106 prima
2647 5046 2701 5092 et
2745 5049 2931 5094 sancta
2969 5041 3096 5096 sede
3139 5056 3203 5094 ac
3246 5055 3458 5095 summo
3498 5036 3794 5112 apostolatu

2216 5136 2397 5181 vestro
2427 5127 2661 5182 ﬁendum
2686 5144 2791 5183 non
2825 5131 3088 5192 creditur,
3123 5139 3182 5182 ut
3210 5130 3332 5185 talis
3359 5147 3391 5185 a
3418 5131 3568 5186 vobis
3609 5126 3791 5198 cogni—

2221 5227 2302 5272 tus
2340 5219 2619 5274 restitutus
2670 5220 2723 5274 in
2765 5221 2955 5275 ordine
2997 5221 3329 5285 nominetur,
3361 5223 3504 5278 nulla
3533 5222 3686 5276 nobis
3731 5218 3794 5272 dc

2219 5319 2416 5365 caetero
2447 5312 2775 5367 conscientia
2797 5311 2863 5367 de
2885 5312 2986 5368 sibi
3021 5327 3050 5366 a
3080 5312 3232 5367 vobis
3258 5315 3562 5371 commissis
3590 5312 3794 5366 anima—

2218 5403 2320 5457 bus
2345 5412 2487 5457 esset
2512 5404 2833 5474 periculum.
2865 5403 2934 5458 Et
2961 5418 3082 5458 cum
3111 5419 3303 5461 onmes
3335 5406 3389 5460 in
3419 5407 3537 5462 istis
3568 5396 3794 5472 regioni-

2221 5494 2321 5548 bus
2350 5495 2526 5549 sciant
2556 5511 2716 5566 quam
2751 5493 3027 5565 negligens
3052 5505 3106 5552 et.
3135 5506 3478 5567 contemptor
3519 5500 3791 5551 sacrorum

2221 5597 2486 5637 canonum
2521 5625 2536 5644 ,
2593 5595 2647 5639 et
2701 5586 2936 5653 quandiu
2991 5601 3261 5656 quamque
3317 5587 3584 5658 patienter
3637 5587 3792 5648 atque

2224 5674 2450 5747 benigne
2479 5677 2639 5732 fuerit
2667 5676 2945 5745 toleratus,
2969 5687 3022 5733 et
3065 5694 3096 5733 a
3129 5696 3292 5750 quam
3326 5678 3537 5743 invitis,
3567 5671 3690 5744 quia
3735 5681 3792 5722 δα
