4018 5392
269 223 340 279 53
1731 219 2114 276 EPISTOLIE.
3468 229 3540 283 δι

263 317 539 413 corrigere
567 323 753 407 noluit,
780 342 1072 398 secundum
1099 357 1282 397 sacras
1311 341 1541 412 regulas,
1571 340 1709 394 sicut
1751 357 1846 395 eus
1877 348 1924 402 Α
1955 340 2105 394 Unde
2130 339 2277 396 illum
2299 341 2476 396 vestra
2497 341 2886 397 discretissima
2910 340 3106 412 pietas.
3135 358 3255 414 qua:
3277 357 3528 414 compas-

267 436 654 499 intelleximus,
684 435 843 489 fuerit
884 433 1180 502 judicatus,
1209 433 1410 488 nullam
1441 433 1642 488 habere
1664 447 1850 503 posse-

264 545 386 582 mus
414 529 795 584 verecundiam
818 529 884 582 de
915 528 1253 582 restitutione
1280 526 1442 590 illius,
1467 527 1510 580 si
1539 525 1679 580 foret
1707 524 1847 580 facta

261 635 290 672 a
341 620 509 674 vestri
564 618 759 674 summi
793 619 1140 688 pontiﬁcatus
1186 617 1426 688 pietate,
1479 617 1603 687 quia
1659 630 1848 672 omnes

260 725 420 766 senes
447 726 571 765 cum
597 710 902 778 junioribus
924 711 1125 764 scimus
1174 717 1389 764 nostras
1417 708 1687 763 Eeelcsias
1715 709 1846 763 sub-

259 801 402 856 ditas
441 815 564 856 esse
611 801 867 854 Romana:
909 800 1161 855 Ecclesite
1185 840 1200 864 ,
1238 808 1294 854 et
1338 815 1437 854 nos
1482 799 1764 870 episcopos
1793 800 1846 855 in

259 894 495 962 primatu
523 893 663 947 beati
697 892 841 946 Petri
861 891 1129 961 subjectos
1158 906 1280 946 esse
1308 891 1553 947 Romano
1579 891 1844 962 pontiﬁci,

258 992 314 1037 et
342 983 415 1038 ob
464 983 514 1036 id
547 983 694 1037 salva
726 983 850 1048 ﬁde,
879 999 997 1053 qua:
1026 984 1078 1037 in
1110 982 1351 1038 Ecclesia
1399 998 1612 1054 semper
1656 984 1843 1054 viguit,

257 1084 334 1138 et,
369 1073 595 1128 Domino
623 1084 968 1146 cooperante,
1004 1073 1214 1129 ﬁorebit
1240 1116 1255 1137 ,
1312 1075 1468 1128 nobis
1521 1082 1600 1129 est
1651 1083 1847 1130 vestrae

258 1166 568 1236 apostolica:
623 1166 936 1221 auctoritati
996 1167 1378 1221 obedientium.
1433 1163 1596 1221 Nobis
1649 1167 1846 1235 quippe

256 1274 379 1312 cum
402 1259 525 1312 aliis
564 1259 867 1328 quibusque
922 1259 1180 1327 scriptum
1227 1267 1340 1322 est,
1379 1259 1504 1328 quia
1543 1257 1704 1313 Jesus
1728 1266 1845 1312 erat

257 1351 504 1404 subditus
530 1351 848 1419 parentibus
872 1349 1152 1422 suis(Luc.
1179 1367 1240 1414 ιι,
1269 1351 1392 1422 5|),
1424 1351 1684 1420 nobisque
1713 1353 1840 1406 item

256 1443 516 1510 scriptum
549 1451 631 1496 est
657 1459 668 1496 :
704 1441 919 1496 Obedite
945 1443 1238 1512 prmpositis
1267 1444 1470 1507 vestris,
1501 1453 1548 1497 et
1577 1443 1843 1512 subjacete

253 1533 325 1585 eis
353 1530 512 1600 (llcb.
540 1548 638 1596 xu,
667 1532 790 1602 l7);
821 1542 875 1587 et
899 1551 911 1586 :
951 1532 1098 1586 Nihil
1125 1549 1216 1603 per
1245 1536 1648 1598 contentionem,
1677 1551 1842 1605 neque

251 1639 344 1691 per
371 1624 581 1676 inanem
597 1622 817 1693 gloriam
839 1621 1061 1693 (Philip.
1096 1623 1265 1693 11,3);
1294 1631 1386 1679 et:
1424 1623 1489 1677 Et
1517 1625 1562 1678 si
1583 1626 1702 1696 quis
1731 1625 1838 1679 vult

1953 433 2160 486 sionem
2191 431 2436 499 proximo
2457 471 2472 493 ,
2506 440 2563 486 et
2597 433 2975 486 rectitudinem
3023 433 3230 487 dictare
3267 435 3414 487 vitiis
3444 449 3538 489 no-

1952 526 2056 588 vit,
2093 525 2206 578 suis
2240 525 2550 594 apostolicis
2580 526 2779 580 litteris
2809 525 3137 581 suﬁleienter
3167 529 3487 596 prannonuit
3520 547 3534 583 :

1951 617 2151 686 quique
2201 617 2342 669 inter
2391 616 2526 671 alias
2583 617 2861 671 secordias
2909 625 3073 671 tanta:
3135 619 3348 673 duritia:
3411 634 3536 676 esse

1953 691 2316 775 dignoscitur:
2357 713 2415 758 nt
2462 720 2584 758 cum
2659 706 2933 762 multoties
2979 708 3096 762 sine
3146 708 3254 762 ullo
3294 720 3543 778 respectu

1954 797 2164 852 timoris
2201 797 2283 850 vel
2315 797 2517 851 amoris
2566 797 2768 861 divini,
2820 808 2876 852 et
2916 801 3117 868 absque
3160 800 3264 854 ulla
3307 802 3542 857 humana

1951 887 2309 952 verecundia,
2365 903 2463 959 per
2513 896 2592 942 tot
2641 903 2813 944 annos
2866 899 2921 945 et
2982 893 3035 946 in
3103 892 3265 948 tantis
3316 896 3540 960 causis,

1952 981 2109 1036 toties
2131 983 2302 1036 sacris
2363 981 2703 1044 canonibus,
2762 989 2817 1035 et
2862 982 3095 1038 decretis
3158 993 3361 1041 sancta:
3395 987 3541 1042 sedis

1959 1071 2220 1126 Romamn
2286 1073 2642 1142 pontiﬁcum,
2703 1079 2758 1126 et
2821 1087 2932 1126 sua:
2989 1076 3304 1146 metropolis
3371 1078 3542 1147 privi-

1955 1163 2118 1231 legio,
2167 1178 2230 1217 ac
2280 1163 2632 1234 synodalibus
2676 1161 2896 1230 judiciis
2936 1165 3296 1231 resultaverit,
3353 1178 3407 1222 et
3447 1183 3544 1236 per

1951 1261 2134 1308 tantos
2161 1268 2334 1307 annos
2366 1253 2739 1324 tantisperque
2783 1253 3049 1309 toleratus
3096 1270 3125 1308 a
3177 1272 3273 1310 sua
3313 1257 3540 1312 stultitia

1947 1360 2007 1401 se
2025 1359 2285 1400 revocare
2319 1345 2724 1414 contempserit,
2757 1361 2787 1399 a
2811 1358 2937 1416 rege
2966 1355 3019 1401 et
3057 1346 3326 1417 episcopis
3351 1349 3536 1403 multi-

1946 1435 2162 1506 pliciter
2195 1435 2516 1490 obsecratus
2566 1435 2619 1489 in
2656 1437 2757 1490 hoc
2797 1437 2989 1491 adduci
3023 1439 3218 1507 potuit,
3270 1448 3329 1492 ut
3364 1441 3540 1496 sacris

1945 1529 2244 1584 canonibus
2271 1536 2326 1583 et
2364 1528 2598 1583 decretis
2636 1539 2837 1583 sancta:
2871 1529 3030 1608 sedis
3056 1529 3314 1585 Romana:
3357 1533 3538 1602 ponti-

1946 1619 2132 1684 ﬁcum,
2155 1627 2212 1674 et
2240 1620 2536 1675 secundum
2569 1636 2630 1673 ea
2659 1635 2768 1674 sua:
2798 1621 3114 1691 metropolis
3157 1622 3436 1692 privilegio
3472 1625 3541 1679 de

252 1718 605 1769 rontentiosus
634 1734 764 1781 esse,
791 1734 882 1770 nos
911 1717 1066 1771 talem
1093 1718 1519 1772 consuetudinem
1550 1737 1651 1773 non
1674 1719 1836 1773 habe-
1871 1720 1914 1778 B
1943 1721 2140 1767 Ctelero
2184 1728 2242 1766 se
2292 1713 2636 1768 obedilllrtlm
2683 1712 3068 1778 subscriberet,
3117 1716 3371 1784 quoniam
3413 1717 3535 1771 sine

250 1823 386 1868 mus,
421 1823 585 1877 neque
639 1807 876 1860 Ecclesia
906 1806 997 1860 Dei
1036 1807 1087 1874 (l
1117 1806 1244 1862 Cor.
1276 1824 1368 1873 x1,
1417 1809 1524 1878 lii).
1546 1807 1838 1879 Pmpterea

252 1895 463 1950 locu-tus
505 1912 628 1950 cum
677 1895 988 1950 ﬁdelissimo
1040 1897 1148 1951 ﬁlio
1200 1905 1420 1960 vestro,
1475 1899 1672 1952 domno
1720 1915 1840 1953 meo

252 2002 378 2056 rege
427 1986 686 2057 glorioso,
725 1987 798 2040 illi
847 1988 1123 2058 replicavi,
1171 1989 1314 2057 quod
1365 2004 1508 2059 sepe
1555 1990 1836 2054 inculcavi,

249 2078 506 2148 quodque
562 2079 916 2134 libentissime
952 2081 1163 2149 accepit
1215 2090 1271 2134 et
1324 2081 1620 2150 adimplere
1666 2083 1836 2152 cupit,

246 2169 373 2240 quia
407 2171 552 2224 sicut
584 2171 791 2225 Domini
819 2180 902 2226 est
935 2181 1076 2225 terra
1104 2181 1156 2226 et
1195 2172 1475 2242 plenitudo
1503 2173 1644 2242 ejus,
1691 2173 1840 2228 orbis

249 2266 526 2312 terrarum
576 2268 632 2314 et
680 2259 919 2314 universi
963 2261 1053 2329 qui
1094 2260 1344 2315 habitant
1373 2261 1424 2314 iu
1466 2276 1551 2322 eo,
1585 2269 1640 2315 et
1672 2262 1840 2332 ipsius

242 2358 330 2402 est
360 2363 588 2416 regnum
617 2359 673 2404 et
706 2351 790 2405 cui
819 2351 1050 2406 voluerit
1087 2352 1236 2406 dabit
1263 2352 1414 2415 illud,
1444 2352 1514 2406 ita
1541 2352 1654 2422 ipse
1675 2370 1836 2424 supra

151 2499 154 2502 ,
243 2437 660 2495 [nitidamentum
689 2442 995 2512 apostolica;
1036 2452 1203 2513 petra;
1249 2459 1401 2497 suam
1460 2443 1705 2499 fundavit
1733 2447 1836 2500 Ec-

240 2529 493 2593 clesiam,
545 2547 707 2602 quam
757 2542 812 2586 et
863 2541 990 2587 ante
1035 2534 1343 2604 passionem
1386 2542 1442 2587 et
1471 2543 1593 2604 post
1651 2551 1834 2590 resurc

241 2621 544 2675 rectionem
569 2637 742 2687 suam,
775 2623 992 2692 speciali
1017 2639 1148 2678 cura
1179 2634 1234 2678 et
1261 2625 1519 2696 singulari
1547 2627 1834 2698 privilegio

237 2712 406 2766 beato
457 2710 638 2774 Petro,
665 2723 720 2767 et
745 2713 798 2767 in
831 2713 922 2767 illo
948 2713 1059 2767 suis
1088 2715 1360 2768 commisit
1393 2715 1632 2768 vicariis.
1669 2715 1836 2784 Cujus

236 2803 428 2857 sedem
459 2819 679 2873 suteque
727 2805 871 2858 sedis
919 2805 1227 2875 pontiﬁcem
1259 2805 1351 2875 qui
1385 2807 1653 2870 honorat,
1684 2808 1834 2862 illum

233 2895 479 2950 honorat
510 2896 601 2966 qui
648 2898 783 2952 dixit
813 2917 824 2950 :
858 2897 963 2963 Qui
993 2899 1181 2968 accipit
1213 2899 1258 2951 si
1286 2915 1438 2967 quem
1483 2900 1703 2964 misero,
1752 2917 1834 2954 me

232 2987 431 3055 accipit
457 2985 672 3054 (Matth.
696 3003 750 3051 χ,
776 2987 890 3056 40);
914 2996 969 3042 et
989 2990 1056 3042 ab
1082 2989 1199 3058 ipso
1219 2989 1579 3043 honorabitur
1595 2991 1825 3046 dicente:

1946 1806 2138 1860 borum
2169 1805 2550 1859 observatione
2600 1819 2762 1858 nemo
2788 1814 3038 1859 nostrum
3067 1813 3240 1874 potest
3267 1819 3387 1861 esse
3425 1807 3540 1875 cpi-

1955 1909 2179 1963 scopus,
2210 1903 2262 1948 et
2291 1894 2370 1949 sic
2417 1908 2549 1964 pare
2605 1893 2840 1949 fraterna
2875 1895 2928 1950 in
2971 1897 3222 1950 omnibus
3252 1899 3536 1967 potiretur.

1941 1981 2134 2038 Postea
2168 1993 2348 2039 autem
2375 1999 2472 2039 sua
2494 1994 2684 2053 sponte
2712 1985 2764 2039 in
2794 1984 2973 2039 libello
3012 2001 3123 2040 suae
3152 1987 3532 2051 professionis,

1941 2089 2041 2143 per
2057 2091 2216 2144 quem
2249 2077 2316 2130 ad
2345 2076 2642 2130 electorum
2665 2075 2931 2144 judicium
2960 2078 3295 2146 provocavit,
3332 2079 3448 2132 haec
3471 2094 3531 2132 se

1941 2165 2263 2220 observasse
2329 2166 2707 2234 impudenter,
2771 2166 2898 2235 quia
2959 2167 3256 2221 scientibus
3315 2169 3532 2223 cunctis

1943 2256 2304 2319 mendaciter,
2352 2255 2558 2326 synodo
2588 2257 2756 2320 misit,
2788 2258 2843 2310 et
2890 2257 2968 2310 sic
2997 2257 3064 2310 ad
3101 2257 3362 2324 judicium
3405 2273 3531 2326 pro-

1941 2349 2170 2408 vocavit,
2208 2363 2329 2418 qua:
2366 2363 2424 2402 se
2445 2356 2784 2401 servaturum
2816 2361 2882 2402 ne
2904 2347 3246 2417 judicaretur
3282 2347 3524 2403 subscri-

1939 2441 2068 2495 bere
2120 2438 2461 2493 detrectavit.
2518 2437 2672 2504 Quod
2729 2439 2880 2501 ideo,
2936 2439 3078 2492 sicut
3133 2447 3317 2508 postea
3370 2439 3528 2493 nobis

1939 2531 2192 2584 dixerunt
2215 2529 2305 2598 qui
2354 2529 2423 2582 ab
2461 2528 2576 2596 ipso
2605 2527 2916 2588 audierunt,
2957 2527 3299 2581 subscribere
3326 2528 3522 2587 noluit.

1938 2621 2079 2692 quod
2123 2629 2178 2674 et
2208 2635 2305 2675 nos
2350 2618 2710 2689 percepimus,
2764 2632 2830 2671 ne
2881 2617 3192 2672 vinceretur
3223 2636 3235 2670 :
3267 2618 3358 2673 sed
3389 2621 3433 2672 si
3471 2619 3525 2673 in

1939 2720 2118 2766 nostra
2181 2725 2273 2764 rex
2337 2719 2394 2764 et
2439 2707 2678 2778 episc0pi
2727 2721 3172 2777 permaneremus
3221 2707 3526 2772 sententia,

1935 2801 2162 2866 Romam
2213 2801 2315 2855 iret
2355 2808 2647 2868 antequam
2679 2798 3005 2860 vinceretur,
3055 2807 3111 2852 et
3139 2798 3357 2866 quando
3401 2799 3527 2852 illnc

1935 2893 2166 2955 veniret,
2210 2891 2294 2945 his
2344 2904 2443 2959 per
2489 2897 2723 2944 vestram
2756 2887 3080 2954 jussionem,
3125 2903 3247 2942 cum
3288 2905 3318 2942 a
3366 2889 3521 2943 vobis

1933 2981 2073 3036 foret
2096 2981 2264 3035 nobis
2288 2978 2594 3034 nolentibus
2635 2977 2934 3042 absolutus,
2967 2977 3377 3032 subscriberet:
3411 2992 3517 3032 non

234 3073 585 3128 Ilonorantes
630 3093 710 3130 me
757 3076 1114 3144 honoriﬁcabo
1142 3117 1157 3141 ,
1197 3087 1245 3131 et
1271 3079 1361 3148 qui
1385 3087 1718 3132 contemnunt
1748 3095 1830 3135 me
1857 3066 1902 3128 C
1935 3072 2260 3139 intelligens,
2294 3071 2402 3125 imo
2453 3068 2754 3137 intelligere
2793 3083 2898 3122 non
2949 3067 3135 3121 valens
3204 3069 3522 3124 (excatcavit

230 3182 395 3224 erunt
418 3171 725 3241 ignobiles(l
757 3171 882 3240 Reg.
909 3187 969 3236 tt,
1003 3172 1113 3242 50).

311 3263 522 3316 Idcirco
546 3261 672 3331 quia
710 3262 861 3315 nmlti
893 3263 1072 3316 sciunt
1113 3261 1349 3332 qualiter
1394 3276 1452 3318 se
1483 3262 1716 3317 Rothadi
1745 3278 1830 3318 re-

225 3350 494 3404 clamatio
547 3349 764 3412 habeat,
793 3359 850 3405 et
900 3351 1118 3420 quidam
1152 3351 1276 3406 inde
1306 3352 1466 3406 aliter
1517 3353 1722 3414 dicunt,
1775 3360 1831 3407 et

222 3455 430 3495 omnes
455 3440 780 3510 generaliter
808 3441 1007 3505 sciunt,
1032 3442 1291 3511 quoniam
1319 3450 1498 3496 vestra
1529 3441 1829 3496 auctoritas

225 3530 390 3584 illum
425 3546 548 3582 cum
578 3531 777 3584 nostris
822 3531 1037 3584 vicariis
1068 3531 1136 3584 ad
1188 3546 1341 3586 suum
1370 3533 1629 3602 praecepit
1659 3533 1826 3586 desti-

223 3621 354 3675 nari
383 3618 672 3686 judicium,
700 3619 920 3687 dignum
947 3629 1001 3672 et
1028 3618 1235 3686 justum
1285 3630 1389 3682 est,
1448 3631 1504 3674 ut
1529 3635 1829 3689 quemcun-

224 3727 339 3782 que
393 3709 707 3779 episcopum
763 3709 1041 3762 Romanus
1092 3709 1331 3778 pontifex
1380 3713 1446 3764 ad
1493 3726 1553 3764 se
1601 3711 1826 3764 Romam

224 3801 427 3856 venire
458 3799 816 3860 mandaverit,
844 3800 888 3852 si
915 3799 1201 3854 inﬁrmitas
1224 3801 1306 3854 vel
1330 3801 1546 3871 gravior
1575 3815 1828 3870 quaecun-

226 3908 339 3961 que
377 3889 676 3943 necessitas
724 3888 805 3942 vel
835 3889 1240 3958 impossibilitas
1265 3930 1280 3954 ,
1309 3890 1452 3945 sicut
1478 3891 1618 3945 sacri
1647 3891 1824 3960 ιιι-ωη-

229 3989 371 4050 gttnt
399 3993 657 4041 canones,
689 3993 812 4032 eum
844 3992 949 4032 non
1001 3978 1318 4044 detinuerit,
1344 3980 1411 4032 ad
1443 3978 1592 4033 illum
1640 3980 1826 4036 venire

228 4071 473 4132 studeat,
508 4069 676 4124 multo
726 4070 898 4140 magis
927 4070 1090 4124 etiam
1125 4069 1192 4130 is,
1223 4085 1383 4139 quem
1431 4086 1528 4140 pro
1570 4070 1660 4135 tali
1693 4087 1825 4140 que-

230 4161 344 4215 rela
378 4160 445 4213 ad
477 4174 537 4213 se
583 4175 906 4230 quocunque
961 4160 1120 4215 modo
1152 4160 1477 4215 clamantem
1523 4165 1823 4232 praesentiae

230 4267 347 4305 suze
377 4251 580 4304 indicat
627 4251 1008 4306 exhibendum.
1060 4251 1131 4304 Et
1159 4253 1470 4322 quicunque
1519 4254 1712 4307 viderit
1738 4253 1822 4309 vel

232 4339 492 4403 audierit,
521 4340 659 4408 quod
690 4355 780 4394 rex
805 4351 858 4393 et
886 4338 1127 4409 episcopi
1161 4342 1472 4410 apostolicm
1505 4343 1650 4398 sedis
1675 4359 1820 4398 sum-

1933 3164 2077 3218 enim
2105 3177 2229 3217 eum
2259 3159 2462 3215 malitia
2484 3159 2605 3229 sua)
2637 3166 2871 3213 vestram
2897 3159 3276 3213 auctoritatem
3305 3161 3521 3228 sapien-

1933 3256 2140 3312 tissime
2190 3252 2510 3323 intelligere,
2561 3266 2734 3323 quare
2791 3250 3051 3306 Dominus
3099 3251 3164 3305 de
3203 3251 3343 3307 caelo
3389 3251 3521 3306 allo-

1931 3361 2104 3418 quens
2145 3344 2370 3399 Paulum
2412 3353 2467 3398 et
2493 3343 2694 3398 dicenti
2730 3361 2744 3397 :
2789 3342 2927 3410 Quid
2951 3357 3035 3397 me
3055 3342 3236 3412 jubes,
3271 3343 3518 3402 Domine,

1933 3436 2150 3491 facere?
2196 3451 2300 3490 non
2331 3435 2512 3489 omnia
2553 3449 2673 3503 quae
2719 3433 2925 3505 agenda
2957 3433 3031 3487 illi
3063 3443 3220 3488 erant
3248 3433 3519 3503 exposuit,

1931 3529 2027 3583 sed
2057 3528 2124 3581 ad
2153 3527 2445 3590 Ananiam,
2477 3540 2509 3580 a
2556 3541 2664 3594 quo
2707 3525 2915 3595 agenda
2945 3526 3227 3580 auditurus
3280 3535 3336 3581 et
3367 3541 3523 3583 acce-

1930 3629 2124 3688 pturus
2146 3628 2287 3683 erat,
2312 3618 2461 3672 illum
2491 3618 2696 3672 direxit
2727 3620 2866 3686 (Act.
2902 3633 2976 3680 ιχ,
3006 3618 3082 3685 6).
3113 3618 3204 3671 Sic
3226 3628 3280 3672 et
3302 3619 3524 3688 angelus

1931 3708 2264 3769 Cornelium,
2292 3714 2584 3776 postquam
2634 3706 2780 3760 illum
2807 3707 3121 3760 exanditum
3164 3721 3285 3761 esse
3313 3708 3518 3761 denun-

1933 3796 2109 3860 tiavit,
2136 3796 2204 3850 ad
2247 3795 2395 3850 Petri
2437 3795 2737 3851 doctrinam
2781 3807 2945 3866 atque
2983 3795 3345 3850 obedientiam
3375 3797 3524 3852 misit

1931 3889 2072 3961 (Act.
2129 3904 2185 3952 χ,
2223 3889 2300 3959 5).
2341 3887 2513 3954 Quem
2561 3887 2687 3942 licet
2737 3897 2863 3942 ante
2914 3887 3238 3958 baptismum
3292 3896 3519 3948 sancto.

1929 3987 1989 4033 ut
2030 3979 2102 4032 ita
2133 3978 2402 4042 dicamus,
2447 3977 2649 4046 Spiritu
2698 3979 3057 4049 baptizatum,
3111 3979 3300 4034 beatus
3328 3978 3521 4034 Petrus

1927 4069 2074 4124 illius
2107 4069 2456 4139 baptismate,
2487 4071 2576 4138 qui
2612 4069 2851 4138 baptizat
2889 4070 2940 4122 in
2972 4068 3179 4132 Spiritu
3213 4081 3422 4133 saneto,
3465 4080 3520 4122 et

1927 4160 1979 4215 in
2007 4175 2114 4230 quo
2135 4159 2472 4214 credentium
2503 4161 2668 4214 corda
2693 4159 2796 4214 ﬁde
2840 4160 3218 4230 puriﬁcantur,
3250 4161 3519 4231 baptizari

1924 4250 2198 4319 praecepit.
2233 4248 2387 4304 Unde
2411 4248 2551 4303 facta
2589 4249 2888 4318 quazstio-fe
2917 4258 3103 4303 contra
3142 4264 3265 4303 eum
3295 4251 3458 4304 etiam
3484 4266 3514 4303 a

1925 4341 2226 4395 minoribus
2249 4340 2383 4403 suis,
2411 4350 2590 4395 tamen
2623 4339 2890 4405 ﬁdelibus,
2912 4356 3011 4396 cur
3037 4344 3104 4396 ad
3128 4351 3318 4412 gentes
3344 4343 3515 4396 intra-

230 4444 384 4482 mum
423 4429 728 4497 pontiﬁcem
776 4437 1023 4498 prompte
1052 4429 1371 4492 obaudiunt,
1425 4441 1480 4484 et
1527 4432 1814 4496 honorant,
1849 4407 1897 4466 υ
1925 4430 2083 4492 verit,
2112 4429 2281 4483 isdem
2305 4430 2667 4498 apostolorum
2697 4431 2948 4500 princeps
2977 4447 3311 4486 summorum
3337 4435 3509 4503 gratia

229 4526 284 4571 et
316 4518 620 4586 promptius
649 4527 704 4572 et
752 4518 1006 4572 humilius
1033 4517 1115 4572 eis
1163 4518 1389 4587 subjecti
1414 4519 1494 4573 sui
1545 4519 1813 4576 obedient.

228 4607 369 4660 Nam
399 4647 416 4670 ,
465 4615 519 4659 ut
565 4609 754 4663 beatus
801 4609 1100 4679 Gregorius
1133 4608 1304 4674 dicit,
1355 4609 1496 4664 sicut
1529 4609 1817 4679 languente

223 4697 419 4765 capite
449 4698 682 4766 subjecta
709 4699 946 4754 membra
976 4701 1028 4754 in
1053 4714 1270 4755 cassum
1299 4700 1482 4771 vigent
1505 4719 1520 4754 :
1545 4700 1616 4754 ita
1645 4700 1815 4768 gloria

218 4795 276 4838 et
320 4787 536 4841 honore
560 4800 834 4852 coronato,
860 4791 911 4842 id
941 4800 1024 4845 est
1076 4790 1438 4844 honoriﬁcato
1463 4805 1527 4844 ac
1558 4789 1816 4844 decoran

211 4876 451 4942 capite,
507 4879 741 4948 subjecta
797 4881 1038 4936 membra
1088 4881 1208 4948 ejus
1255 4882 1460 4936 honore
1511 4896 1576 4936 ac
1619 4883 1815 4938 decore

205 4964 533 5032 fulgebunt.
585 4969 651 5024 Et
708 4971 954 5026 Rotbado
1025 4973 1077 5026 in
1128 4969 1278 5025 nullo
1342 4979 1556 5039 poterat
1624 4971 1816 5027 melius

195 5055 486 5111 satisﬁeri
505 5101 518 5123 ,
559 5077 722 5130 quam
751 5065 796 5118 si
820 5066 885 5118 ad
914 5074 1146 5120 vestram
1169 5073 1418 5134 pergeret
1445 5066 1812 5131 pnesentiam,

181 5154 241 5197 et
307 5144 371 5196 ei
417 5155 694 5209 tantorum
745 5158 1234 5228 subscriptionibus
1272 5157 1679 5225 episcoporum,
1719 5159 1812 5228 qui

175 5231 315 5284 Deo
357 5242 446 5322 -et
494 5239 662 5296 vobis
722 5247 931 5300 mentiri
990 5249 1224 5309 nolunt,
1289 5253 1344 5298 et
1400 5245 1812 5317 allegationibus

169 5329 261 5369 tor
307 5329 668 5384 vncariorum
691 5335 998 5390 eorumdem
1037 5339 1442 5392 eoiscooorum.
1473 5333 1635 5389 fuerit
1659 5337 1810 5392 illum

1922 4519 2189 4573 donorum
2218 4519 2474 4587 repletus,
2503 4527 2560 4574 et
2605 4519 3080 4575 innumerabilium
3123 4521 3514 4577 miraculorum

1921 4618 2190 4678 potestate
2211 4609 2484 4675 suﬁ‘ultus,
2513 4609 2749 4680 querelae
2773 4626 2876 4666 non
2902 4627 2966 4667 ex
2995 4621 3287 4682 potestate,
3313 4614 3405 4668 sed
3447 4608 3529 4666 ex'

1921 4703 2132 4758 ratione
2163 4702 2460 4770 respondit,
2495 4716 2824 4770 causamque
2852 4717 2950 4772 per
2984 4703 3230 4757 ordinem
3263 4718 3328 4757 ea
3361 4716 3515 4756 man-

1921 4793 2208 4847 suetudine
2240 4793 2512 4861 esposuit,
2553 4807 2659 4863 qua
2689 4792 2993 4848 humilitate
3040 4791 3265 4863 prmlato
3310 4791 3514 4846 Corne-

1921 4883 1994 4938 lio
2023 4899 2083 4939 se
2109 4885 2338 4939 adorare
2372 4883 2571 4938 volenti
2616 4883 2796 4937 dixit:
2857 4881 2984 4938 Vide
3029 4900 3092 4937 ne
3119 4883 3305 4952 feceris
3331 4894 3350 4930 :
3389 4894 3513 4930 nam

1918 4987 1966 5030 et
2015 4995 2107 5048 ego
2153 4977 2261 5044 ipse
2298 4974 2453 5029 homo
2522 4991 2638 5028 sum
2694 4973 2826 5026 sicut
2870 4985 2918 5028 et
2964 4986 3021 5030 tu
3070 4973 3244 5044 tibidq
3288 4985 3354 5031 v,
3393 4967 3509 5040 26).

1920 5069 1980 5124 Si
2019 5071 2164 5125 enim
2222 5068 2275 5120 in
2330 5068 2548 5136 querela
2575 5065 2854 5130 ﬁdelium,
2910 5078 2970 5123 ut
3007 5060 3300 5130 Gregorius
3355 5059 3510 5125 dicit,

1919 5159 2122 5227 a'iquid
2176 5158 2246 5211 de
2291 5170 2386 5209 sua
2427 5164 2699 5225 potestate
2745 5153 2984 5219 diceret,
3043 5148 3284 5220 profecto
3322 5149 3512 5202 doctor

1921 5245 2356 5303 mansuetudinis
2407 5262 2512 5301 non
2564 5247 2774 5300 fuisset.
2834 5243 3033 5298 llumili
3083 5251 3212 5305 ergo
3269 5253 3360 5293 eos
3425 5255 3512 5294 ra-

1922 5341 2068 5392 tione
2119 5339 2374 5392 placavit.
2421 5349 2584 5392 ataue
2626 5340 2681 5392 in
2731 5349 2895 5388 cattsa
2938 5329 3372 5392 reprehensionis
3398 5346 3511 5387 sua:
