4046 6284
563 328 636 382 35
1541 323 1869 380 lllNCMARl
1910 312 2303 380 RIIEMENSIS
2342 326 2866 388 ARCHIEPISL‘OPI
3747 348 3814 403 56

563 440 1051 497 mansuetissimam
1086 443 1427 509 potestatem,
1447 444 1501 490 ct
1541 437 1900 491 rectissimam
1932 437 2135 506 praedi-
2164 437 2214 496 Α
2240 437 2460 494 unitatis
2486 449 2683 496 nostra:
2711 441 2865 497 firma
2888 458 3010 500 esse
3044 460 3329 518 compago,
3359 449 3464 505 nisi
3509 465 3607 508 nos
3643 454 3712 510 ad
3736 456 3816 513 iu-

561 533 826 587 cationem
871 531 1147 585 dicentis:
1198 527 1318 582 Non
1367 528 1694 582 dominantes
1741 529 1796 582 in
1843 527 2002 592 clero,
2045 529 2136 582 sed

561 623 732 692 forma
756 622 882 692 [acti
905 622 1072 692 gregis
1099 619 1150 690 (Ι
1171 616 1312 672 Petr.
1336 634 1390 682 v,
1419 619 1497 689 ὃ),
1522 627 1738 674 secutus
1758 621 1948 674 beatus
1974 620 2136 675 Gela-

559 715 676 771 sius
709 716 759 769 in
783 715 1015 768 decretis
1044 714 1155 766 suis
1177 712 1243 765 ad
1265 727 1453 767 omnes
1473 714 1750 782 episcopos
1773 713 1838 768 de
1879 714 2138 769 institutis

561 803 952 858 Ecclesiasticis
974 801 1102 856 dicit
1135 803 1306 873 (epist.
1330 803 1363 852 6
1387 802 1456 854 ad
1512 803 1774 856 uniuersos
1805 803 2092 875 episcopos)
2120 823 2132 858 ε

565 913 584 946 ι
608 894 851 963 Cumque
879 893 1034 946 nobis
1055 902 1244 947 contra
1268 892 1579 946 salutarium
1600 894 1956 948 reverentiam
1983 910 2138 965 regu-

558 986 733 1040 larum
760 984 1042 1054 cupiamus
1087 994 1289 1038 temere
1330 983 1464 1037 nihil
1513 982 1697 1048 licere,
1729 993 1784 1038 et
1815 999 1938 1038 cum
1981 985 2137 1039 sedes

557 1073 851 1144 apostolica
879 1088 1041 1142 super
1066 1073 1149 1126 his
1177 1071 1449 1136 omnibus,
1483 1071 1698 1126 favente
1739 1072 1989 1135 Domino,
2017 1087 2138 1141 quae

555 1166 799 1236 paternis
841 1163 1141 1219 canonibus
1195 1171 1319 1216 sunt
1360 1163 1612 1232 praeﬁxa,
1669 1164 1789 1232 pio,
1838 1165 2137 1232 devotoque

559 1259 774 1313 studeat
803 1265 986 1310 tenere
1023 1256 1318 1326 pmposito,
1348 1255 1480 1309 satis
1507 1255 1787 1325 indignum
1821 1263 1924 1318 est,
1949 1269 2137 1324 quem-

555 1363 716 1416 quam
764 1347 847 1402 vel
885 1345 1226 1408 Pontificum,
1253 1345 1338 1399 vel
1377 1347 1628 1398 ordinum
1661 1346 2134 1414 sultsequeatium,

556 1439 696 1493 hanc
745 1438 1145 1493 observantiam
1176 1435 1433 1498 refutare,
1473 1452 1632 1506 quam
1673 1436 1814 1491 beati
1858 1437 2004 1492 Petri
2052 1453 2138 1493 se-

556 1533 675 1585 dem
703 1541 755 1584 et
783 1530 934 1598 sequi
968 1529 1148 1582 videat
1190 1539 1245 1582 et
1267 1529 1500 1582 docere:
1535 1528 1778 1597 satisque
1805 1529 2136 1585 conveniens

555 1624 645 1687 sit,
678 1631 739 1676 ut
767 1637 963 1690 corpus
985 1620 1238 1674 Ecclesia:
1283 1620 1335 1673 in
1368 1619 1470 1674 hac
1498 1620 1717 1674 sibimet
1750 1621 2136 1676 observatione

553 1709 865 1775 concordet,
891 1724 1052 1779 quam
1077 1708 1185 1762 illic
1210 1708 1391 1777 vigere
1413 1708 1730 1778 conspiciat,
1755 1709 1847 1764 ubi
1873 1708 2135 1764 Dominus

2240 531 2594 600 separabilem
2621 534 2948 591 soliditatem
2979 537 3250 592 vinculum
3295 541 3584 598 charitatis
3621 547 3815 603 astrin-

2239 623 2418 677 xerit:
2445 626 2699 693 quoniam
2725 627 2866 682 sicut
2890 629 2944 684 in
2977 645 3086 685 uno
3107 647 3334 700 corpore
3368 634 3536 689 multa
3577 639 3815 696 membra

2239 710 2519 777 habemus,
2556 716 2736 770 omnia
2765 727 2942 772 autem
2960 719 3201 773 membra
3228 736 3333 776 non
3362 723 3614 778 eumdem
3635 735 3814 784 actum

2240 803 2439 857 habent
2472 822 2485 856 :
2519 805 2591 859 ita
2639 807 2789 860 tnulti
2823 824 2988 862 unum
3036 823 3234 879 corpus
3271 826 3457 866 sumus
3483 812 3538 866 in
3579 812 3814 881 Christo,

2238 892 2432 964 singuli
2461 903 2638 949 autem
2662 897 2885 952 alterius
2910 897 3176 954 membra.
3202 899 3480 957 Connexio
3513 903 3680 959 totius
3700 920 3818 961 cor-

2239 984 2387 1054 poris
2417 1001 2578 1039 unam
2615 987 2924 1053 sanitatem,
2952 1004 3116 1042 unam
3166 989 3620 1058 pulchritudinem
3669 991 3812 1048 facit.

2237 1077 2306 1132 Et
2350 1078 2463 1132 haec
2491 1079 2708 1148 quidem
2739 1081 3004 1135 connexio
3045 1083 3208 1136 totius
3248 1083 3496 1150 corporis
3545 1083 3815 1139 unanimi-

2241 1175 2404 1221 tatem
2441 1168 2687 1237 requirit,
2720 1170 2812 1222 sed
2865 1169 3133 1239 praecipue
3159 1170 3326 1241 exigit
3354 1172 3701 1226 concordiam
3733 1187 3816 1226 sa-

2238 1258 2542 1312 cerdotum.
2602 1258 2810 1325 Quibus
2843 1272 2898 1315 et
2951 1260 2996 1314 si
3053 1261 3189 1315 ordo
3239 1270 3321 1316 est
3373 1261 3660 1332 generalis,
3712 1278 3815 1317 non

2241 1355 2418 1401 tamen
2449 1348 2751 1402 communis
2774 1357 2859 1403 est
2884 1349 3118 1418 dignitas
3151 1350 3420 1405 omnibus.

2309 1441 2434 1495 ilice
2480 1450 2656 1495 autem
2687 1451 2902 1496 servata
2939 1443 3121 1496 altiori
3167 1443 3521 1514 intelligentia
3553 1445 3698 1500 circa
3726 1460 3816 1499 su-

2237 1534 2510 1603 pradictas
2543 1542 2666 1588 sunt
2696 1541 2837 1596 acta,
2868 1541 2924 1588 et
2964 1549 2994 1585 a
3036 1533 3307 1602 praedictis
3336 1534 3512 1600 docta,
3537 1543 3598 1588 ut
3623 1549 3819 1604 cogno-

2239 1634 2443 1688 scatur,
2471 1624 2702 1693 qualiter
2725 1625 2963 1678 minores
2989 1623 3294 1692 potioribus
3319 1624 3552 1678 debeant
3575 1625 3818 1687 obedire,

2238 1724 2294 1769 et
2315 1717 2552 1783 potiores
2576 1714 2878 1768 minoribus
2899 1713 3205 1782 providere,
3231 1721 3286 1766 et
3305 1713 3439 1768 ordo
3459 1728 3487 1766 a
3517 1711 3624 1767 Deo
3646 1713 3823 1781 dispo-

554 1801 810 1855 Ecclesia:
855 1800 1018 1853 totius
1057 1800 1236 1868 posuit
1277 1798 1661 1866 principatum.
1702 1819 1720 1849 ι
1769 1799 1845 1854 De
1888 1800 2133 1854 Barnaba
2167 1797 2210 1854 B
2241 1807 2374 1860 situs
2405 1805 2472 1860 ab
2501 1799 2841 1860 omnibuset
2887 1804 2939 1858 in
2980 1803 3232 1858 omnibus
3267 1803 3444 1858 valeat
3483 1802 3816 1858 conservari.

553 1907 767 1963 quoque
800 1901 854 1946 et
881 1890 1045 1944 Saulo
1065 1890 1277 1943 dicente
1306 1889 1592 1952 veraciter,
1621 1889 1824 1945 Paulus
1856 1890 2132 1959 apostolus

551 1999 660 2039 non
703 1984 772 2037 ab
819 1980 1145 2043 hominibus,
1195 1993 1368 2049 neque
1410 1994 1507 2048 per
1556 1981 1851 2046 hominem,
1909 1983 2002 2052 sed
2037 1997 2133 2051 per

551 2074 734 2130 Jesnm
763 2071 1036 2136 Christum
1063 2079 1119 2126 et
1151 2071 1434 2125 Dominum
1457 2069 1691 2124 Patrem.
1719 2070 1820 2137 Qui
1849 2081 2130 2142 postquam

552 2165 756 2219 diutius
783 2164 926 2218 fruiti
957 2172 1083 2217 sunt
1107 2162 1473 2231 apostolorum
1519 2163 1818 2225 consortio,
1860 2179 1963 2216 non
1999 2163 2132 2232 ipsis

553 2254 832 2324 apostolis,
856 2255 949 2308 sed
969 2252 1123 2319 juxta
1153 2251 1311 2306 fidem
1335 2265 1503 2305 sacra:
1530 2251 1789 2314 histor-ite,
1817 2251 2134 2304 ministran-

556 2347 696 2400 tibus
749 2344 976 2398 Domino
1023 2342 1300 2412 prophetis
1347 2351 1404 2396 et
1453 2343 1788 2406 doctoribus,
1835 2343 1926 2411 qui
1977 2351 2133 2396 erant

549 2435 868 2496 Antiochiae,
915 2433 1055 2487 dixit
1105 2433 1344 2503 Spiritus
1392 2443 1654 2487 sanctus:
1704 2433 1958 2502 Separate
2004 2435 2134 2487 mitti

550 2527 853 2581 Barnabant
906 2510 964 2577 et.
1008 2524 1228 2578 Saulum
1271 2527 1326 2578 in
1373 2542 1501 2593 opus
1548 2525 1840 2584 ministerii,
1889 2528 1957 2579 ad
1994 2526 2132 2596 quod

554 2619 814 2687 assumpsi
839 2633 946 2670 eos.
977 2616 1122 2668 Tunc
1135 2617 1440 2685 jejunantes
1461 2626 1509 2668 et
1533 2625 1766 2678 orantes,
1787 2618 2133 2684 impatientes-

550 2725 648 2778 que
675 2708 748 2760 eis
769 2723 974 2766 manus,
1010 2705 1316 2758 dimiserunt
1341 2704 1457 2758 illos
1499 2704 1636 2774 (Act.
1675 2721 1798 2769 xm,
1824 2705 1900 2774 2).
1937 2705 2004 2760 Et
2032 2707 2131 2775 ipsi

548 2799 767 2868 quidem
812 2795 961 2850 missi
993 2795 1250 2864 aSpiritu
1294 2805 1483 2850 sancto
1529 2795 1777 2849 abierunt
1804 2797 1977 2850 vocati
2003 2812 2132 2865 apo-

549 2888 691 2954 stoli,
722 2887 852 2941 etin
877 2885 1120 2955 sequenti
1143 2900 1304 2950 anno,
1333 2885 1383 2939 id
1411 2895 1494 2940 est
1528 2895 1722 2955 quarto
1750 2887 1960 2941 decimo
2011 2895 2133 2957 post

548 2979 853 3050 passionem
900 2977 1132 3042 Domini,
1173 2977 1298 3030 licet
1321 2977 1410 3045 qui
1465 2986 1721 3047 operatus
1765 2987 1849 3032 est
1883 2977 2046 3033 Petro
2077 2979 2129 3033 in

548 3068 904 3139 apostolatum
936 3066 1384 3128 circumcisionis,
1432 3076 1686 3138 operatus
1739 3069 1810 3123 sit
1865 3078 1931 3123 et
1962 3069 2130 3124 Paulo

2237 1896 2390 1951 Unde
2415 1911 2662 1949 summus
2708 1894 2964 1949 Ecclesiae
3006 1902 3190 1962 pastor
3229 1894 3385 1949 docet
3419 1912 3432 1947 :
3466 1891 3524 1947 Si
3561 1894 3678 1963 quis
3721 1893 3821 1945 nti-

2235 1988 2445 2050 nistrat,
2490 1997 2742 2053 tanquam
2788 2001 2853 2039 ea:
2896 1987 3082 2038 uirtute
3110 2000 3264 2054 quant
3291 1983 3627 2036 administrat
3653 1980 3818 2045 Deus,

2235 2086 2289 2130 ut
2333 2078 2387 2130 in
2431 2076 2670 2130 omnibus
2719 2074 3093 2143 honoriﬁcetur
3124 2073 3264 2126 Deus
3313 2071 3366 2143 (I
3416 2071 3559 2126 Petr.
3589 2087 3664 2135 tv,
3705 2069 3816 2140 il),

2235 2170 2326 2240 qui
2358 2170 2531 2223 servis
2560 2169 2676 2222 suis
2718 2167 2991 2221 commisit
3021 2168 3234 2236 negotia
3266 2181 3361 2221 sua
3381 2206 3397 2230 ,
3444 2175 3498 2220 et
3528 2167 3817 2234 unicuique

2235 2258 2533 2312 secundum
2581 2257 2854 2326 pr0priam
2898 2255 3175 2308 virtutem.
3227 2253 3378 2308 Sicut
3421 2261 3478 2308 et
3515 2255 3580 2308 de
3612 2253 3816 2322 Spiritu

2235 2358 2424 2405 sancto
2448 2349 2708 2417 scriptum
2739 2355 2856 2412 est,
2889 2346 2978 2416 qui
3009 2346 3148 2401 dona
3177 2345 3368 2399 dividit
3397 2343 3622 2415 singulis
3660 2351 3818 2413 prout

2235 2441 2370 2496 vult.
2402 2441 2469 2494 Et
2506 2438 2629 2494 hinc
2669 2439 2823 2510 juxta
2869 2437 3190 2495 Sardicense
3219 2440 3512 2495 concilium
3559 2446 3700 2509 (can.
3742 2439 3816 2509 7),

2224 2545 2478 2585 summus
2516 2529 2704 2598 prima:
2747 2537 2801 2581 et
2841 2539 3044 2582 sanctae
3071 2528 3214 2583 sedis
3258 2529 3519 2585 Romana:
3549 2528 3817 2592 Pontifex,

2235 2634 2334 2688 pro
2364 2617 2635 2672 examinis
2665 2616 3015 2671 renovatione
3041 2618 3107 2670 ad
3137 2632 3195 2672 se
3223 2618 3575 2673 reclamantis
3607 2625 3663 2672 et
3691 2631 3817 2670 con-

2233 2708 2491 2780 fugientis
2533 2723 2655 2761 cum
2710 2721 2806 2760 sua
2851 2706 3179 2762 clamatione
3225 2705 3419 2775 dejecti
3469 2703 3817 2779 provincialis

2232 2799 2491 2868 episcopi,
2520 2813 2624 2850 non
2647 2798 2830 2852 statim
2855 2797 3230 2868 singularitate
3255 2798 3523 2869 privilegii
3550 2807 3604 2854 et
3633 2804 3817 2851 aucto—

2235 2888 2412 2942 ritatis
2446 2903 2557 2942 sua:
2586 2887 2823 2941 restituit
2853 2905 2864 2939 :
2891 2888 2984 2941 sed
3015 2888 3296 2942 remittens
3324 2903 3447 2942 eum
3488 2889 3558 2944 ad
3600 2884 3817 2958 provin-

2233 2977 2396 3040 ciam,
2451 2976 2541 3030 ubi
2586 2991 2750 3030 causa
2803 2984 3015 3045 patrata
3065 2975 3273 3042 fuerat,
3304 2985 3360 3030 et
3411 2979 3463 3030 in
3516 2993 3623 3047 qua
3661 2973 3815 3042 juxta

2234 3070 2688 3140 Carthaginenses
2711 3083 2964 3132 canones,
2983 3078 3036 3122 et
3052 3068 3175 3138 jura
3198 3068 3332 3139 legis
3355 3068 3634 3130 Romanae,
3653 3079 3814 3121 causa

547 3161 688 3214 inter
712 3168 920 3231 gentes,
947 3167 1128 3214 tamen
1153 3159 1306 3229 juxta
1343 3160 1650 3214 condictum
1678 3159 1888 3225 Jacobi,
1931 3161 2126 3232 Cepha
2154 3155 2198 3216 C
2230 3171 2403 3231 potest
2441 3160 2730 3228 diligenter
2775 3159 2997 3228 inquiri,
3035 3167 3092 3214 et
3139 3160 3280 3228 quod
3329 3176 3435 3214 non
3485 3162 3558 3215 sit
3603 3155 3816 3213 dillicile

547 3263 604 3307 at
626 3251 871 3314 Joannis,
898 3252 1136 3322 gentium
1173 3251 1540 3320 magisterium
1569 3265 1674 3304 una
1705 3267 1827 3306 cum
1875 3251 2123 3308 Barnaba

545 3343 745 3401 Paulus
777 3343 1004 3412 accepit.
1051 3341 1196 3396 ldem
1244 3357 1458 3412 quoque
1511 3342 1712 3396 Paulus
1751 3345 1890 3412 apud
1935 3344 2127 3398 Corin-

548 3438 690 3492 thios
717 3436 1107 3508 negligentibus
1131 3435 1430 3490 rectoribus
1454 3435 1521 3489 de
1543 3436 1852 3492 incestuoso
1873 3439 2122 3508 scripsit:

547 3530 886 3601 Congregatis
915 3529 1054 3583 vobis
1088 3539 1134 3583 et
1177 3545 1290 3582 meo
1323 3529 1532 3598 spiritu,
1583 3529 1780 3582 tradidi
1823 3530 2127 3599 hujusntodi

567 3636 601 3672 n
622 3619 889 3673 interitum
918 3619 1095 3671 carnis
1120 3616 1356 3682 Satanan
1412 3628 1468 3671 ut
1502 3619 1719 3688 spiritus
1752 3619 1930 3673 saluus
1956 3621 2022 3672 sit
2073 3622 2127 3674 in

547 3711 632 3764 die
674 3709 886 3762 Domini
933 3708 982 3778 (Ι
1020 3706 1142 3761 Cor.
1187 3723 1240 3773 v,
1267 3708 1346 3778 4).
1377 3709 1477 3777 Ipsi
1523 3710 1669 3763 enim
1723 3709 2126 3765 Corinthiorum

549 3806 785 3854 rectores
835 3797 984 3851 illum
1024 3798 1362 3852 tradiderunt
1415 3799 1466 3852 in
1502 3799 1781 3854 interitum
1820 3801 2002 3855 carnis
2029 3799 2127 3854 Sa-

551 3898 688 3944 tanae
723 3907 736 3941 :
777 3897 831 3941 et
863 3887 1058 3940 Paulus
1080 3889 1294 3957 cognito
1319 3887 1436 3954 ejus
1473 3904 1659 3958 opere,
1681 3905 1776 3943 sua
1807 3892 2128 3946 auctoritate

550 3995 671 4034 cum
705 3979 830 4041 illis,
859 3987 914 4030 et
935 3987 1206 4045 comperta
1232 3978 1348 4046 ejus
1379 3979 1719 4045 paenitentia,
1750 3981 1848 4048 ipsi
1880 3996 2004 4034 eum
2038 3995 2126 4034 re-

549 4071 861 4131 stituerunt,
893 4076 946 4121 et
971 4066 1170 4122 Paulus
1204 4081 1298 4120 sua
1331 4067 1655 4122 auctoritate
1679 4083 1802 4122 cum
1832 4068 1969 4122 illis:
2003 4068 2124 4134 Cui,

551 4157 821 4228 inquiens,
853 4156 1052 4227 aliquid
1080 4156 1336 4220 donastis,
1359 4167 1406 4210 et
1436 4173 1548 4226 ego,
1575 4173 1697 4210 nam
1724 4169 1772 4212 et
1815 4175 1907 4228 ego
1936 4161 1980 4212 si
2001 4160 2127 4227 quid

551 4251 760 4311 donari,
789 4257 999 4318 propter
1022 4265 1106 4302 vos
1133 4248 1189 4300 in
1206 4264 1427 4317 persona
1458 4246 1654 4302 Christi
1687 4247 1736 4318 (1
1767 4247 1889 4302 Cor.
1918 4266 1983 4314 ιι,
2015 4251 2123 4321 l0).

552 4339 688 4394 llinc
713 4339 902 4393 beatus
943 4337 1233 4408 Gregorius
1265 4337 1482 4407 (Morel.
1516 4339 1610 4393 lib.
1642 4355 1838 4404 xxxut,
1874 4356 1993 4410 cap.
2020 4342 2074 4411 8)
2109 4357 2123 4394 :

557 4448 575 4479 ‹
607 4430 653 4482 Α
695 4429 858 4495 bono,
915 4429 1108 4498 inquit,
1151 4438 1332 4482 vestro
1381 4444 1484 4481 non
1515 4428 1791 4492 dissentio,
1823 4444 2002 4484 meum
2053 4431 2123 4485 sit

2233 3263 2398 3308 testes
2420 3254 2740 3322 producere,
2769 3252 2969 3306 veritas
3007 3251 3263 3315 inveniri,
3294 3260 3387 3304 aut
3425 3249 3668 3306 finitimis
3698 3247 3814 3317 epi-

2231 3346 2409 3415 scopis
2435 3345 2687 3415 dignatur
2712 3344 2974 3405 scribere,
3005 3351 3096 3396 aut
3125 3358 3155 3397 e
3183 3341 3352 3396 latere
3378 3357 3476 3398 suo
3505 3339 3690 3402 mittit,
3723 3335 3813 3405 qui

2230 3439 2493 3492 habentes
2518 3436 2638 3503 ejus
2666 3434 3042 3489 auctoritatem
3073 3443 3368 3502 praesentes
3398 3448 3520 3486 cum
3546 3427 3816 3500 episcopis

2221 3529 2488 3600 judicent,
2535 3537 2590 3581 et
2614 3526 2899 3596 diligenter
2935 3538 3154 3578 causam
3188 3522 3496 3591 inquisitam
3528 3517 3811 3580 ditiiniant,

2228 3630 2321 3675 aut
2347 3621 2598 3690 dignatur
2621 3617 2843 3671 credere
2871 3614 3156 3684 episcopos
3197 3611 3472 3676 sumcere,
3497 3619 3559 3664 ut
3590 3606 3810 3677 negotio

2230 3709 2514 3762 terminum
2547 3705 2749 3775 possint
2773 3705 3072 3772 imponere.
3097 3701 3162 3754 Et
3187 3700 3526 3754 Innocentius
3549 3697 3723 3769 (epist.
3756 3693 3807 3756 l,

2227 3800 2296 3853 ad
2341 3797 2665 3866 Victricium)
2698 3797 2766 3858 si,
2797 3809 2917 3864 qua:
2945 3808 3122 3847 causa:
3159 3792 3243 3846 vel
3273 3793 3648 3846 contentiones
3675 3788 3811 3840 inter

2227 3890 2456 3944 clericos
2481 3897 2587 3940 tam
2620 3885 2916 3955 superioris
2942 3884 3169 3948 ordinis,
3197 3897 3360 3952 quam
3393 3882 3560 3936 etiam
3591 3877 3810 3933 inferio-

2231 3982 2326 4041 ris,
2359 3977 2560 4032 fuerint
2602 3985 2822 4039 exortze,
2851 3973 3188 4043 congregatis
3226 3973 3520 4026 secundum
3546 3967 3807 4041 synodum

2229 4073 2503 4127 Nicamam
2531 4069 2772 4138 ejusdem
2803 4066 3097 4136 provinciae
3128 4065 3395 4134 episcopis
3411 4063 3646 4133 jurgium
3673 4073 3808 4130 ιιιιευ·
3883 4053 3886 4056 ’

2225 4162 2358 4231 cipit
2406 4157 2710 4213 terminari.
2756 4155 2823 4210 Et
2864 4154 3174 4210 Bonifacius
3225 4157 3292 4209 de
3344 4153 3580 4208 Maximo
3623 4144 3810 4204 scribit

2227 4253 2399 4322 (epist.
2425 4251 2482 4314 Ξ,
2509 4249 2578 4303 ad
2609 4248 2876 4318 episcopos
2908 4244 3142 4313 Galtiw),
3175 4251 3231 4296 ut
3261 4241 3326 4296 ad
3359 4241 3690 4312 provinciam
3721 4251 3808 4288 ve-

2227 4345 2347 4399 nire
2374 4351 2614 4413 cogatur,
2648 4350 2704 4394 et
2730 4339 2841 4395 illic
2872 4355 2931 4393 se
2971 4338 3262 4392 constituto
3305 4345 3636 4406 pra‘scutare
3661 4326 3808 4397 judi-

2227 4437 2334 4500 cio,
2364 4443 2419 4489 et
2446 4432 2706 4503 quidquid
2745 4432 2811 4486 de
2847 4429 2937 4484 illo
2977 4428 3229 4482 duxerint
3254 4426 3546 4496 provinciae
3573 4413 3806 4492 episcopi

551 4519 692 4588 quod
722 4519 819 4588 ipsi
852 4519 1073 4574 fecistis.
1099 4518 1195 4573 Cui
1223 4518 1369 4572 velut
1409 4519 1453 4572 si
1489 4517 1670 4574 dicere
1715 4535 2120 4589 praesumamus,
2155 4501 2204 4560 Ῑ)
2230 4501 2658 4584 decernendum,
2701 4535 2825 4574 cum
2857 4520 2923 4573 ad
2951 4533 3074 4572 eum
3103 4516 3330 4570 relatum
3378 4513 3540 4577 foret,
3586 4524 3680 4566 sua
3717 4505 3804 4559 lir-

551 4624 719 4676 quare
751 4609 823 4662 ita
856 4617 1014 4663 caute
1053 4607 1328 4677 discipulis
1371 4615 1422 4662 te
1449 4608 1708 4678 copulas?
1737 4624 1905 4677 quare
1951 4609 2032 4664 vel
2077 4620 2126 4664 te

552 4701 787 4768 iitorum,
816 4703 899 4758 vel
930 4703 1050 4758 illos
1074 4703 1177 4756 tuis
1199 4701 1501 4757 actionibus
1534 4711 1646 4758 tam
1677 4704 1907 4760 sollicita
1945 4713 2124 4760 mente

551 4793 934 4862 discipulorum
987 4791 1312 4848 confirmas?
1356 4802 1414 4847 ut
1466 4811 1571 4848 non
1630 4797 2120 4862 circumveniamur,

552 4884 741 4954 inquit,
774 4901 806 4937 a
830 4883 1030 4938 Satana
1076 4883 1224 4948 (ibid.
1259 4900 1312 4946 v,
1346 4883 1458 4942 Ml.
1495 4884 1609 4940 Non
1631 4886 1774 4940 enim
1813 4887 2123 4955 ignoramus

551 4978 903 5048 cogitationes
925 4991 1060 5044 ejus,
1089 4990 1140 5030 tu
1165 4985 1248 5031 est
1277 4992 1344 5031 ne
1373 4977 1477 5032 hoc
1500 4977 1640 5046 quod
1679 4979 1814 5032 bene
1858 4993 2010 5032 mens
2041 4979 2122 5032 in-

551 5068 712 5121 cltoat
747 5068 862 5137 ipse
887 5067 940 5120 in
970 5065 1185 5119 malitiae
1210 5067 1368 5121 tinem
1393 5076 1586 5121 vertat.
1629 5067 1696 5120 Et
1720 5067 2065 5121 Innocentius
2102 5085 2116 5120 :

551 5157 676 5212 litec
705 5159 770 5212 ad
796 5157 1105 5212 Corinthios
1127 5157 1419 5225 apostolica
1447 5167 1532 5212 est
1563 5158 1833 5212 declarata
1878 5159 2122 5227 benigni-

551 5263 656 5316 tas,
685 5253 824 5307 utin
865 5268 972 5307 uno
1016 5252 1207 5321 spiritu
1250 5253 1465 5308 ductam
1494 5270 1558 5309 ac
1593 5255 1866 5309 reductam
1913 5266 2122 5311 senten-

550 5346 675 5397 tiam
709 5346 833 5400 boni
860 5361 1076 5416 semper
1097 5345 1463 5400 indifferenter
1495 5356 1806 5416 sequantur.
1853 5367 1870 5399 ι
1908 5349 1973 5402 Ει
2007 5347 2116 5402 Leo

547 5447 613 5485 ex
644 5433 897 5501 Apustolo
918 5437 1064 5507 (Leo.
1090 5437 1236 5507 epist.
1266 5436 1442 5499 88,ad
1472 5438 1859 5506 Anastasium):
1891 5456 1908 5487 ι
1948 5436 2116 5491 Nemo

545 5523 683 5591 quod
725 5540 877 5576 suum
917 5536 991 5578 est
1031 5536 1252 5596 quierat,
1309 5526 1401 5581 sed
1428 5526 1566 5596 quod
1617 5526 1832 5581 alterius
1887 5526 1939 5597 (1
1989 5527 2115 5582 Cor.

547 5628 601 5675 χ,
624 5612 750 5683 2i);
781 5621 834 5667 et
862 5632 875 5666 :
907 5614 1269 5688 Unusquisque
1298 5619 1534 5688 proximo
1558 5634 1655 5673 suo
1687 5617 1886 5687 placeat
1908 5618 1962 5671 in
1983 5618 2114 5672 bona

547 5701 616 5754 ac!
663 5701 1060 5758 mdiﬁmtionrm
1107 5706 1284 5760 (Rom.
1325 5723 1413 5768 xv,
1439 5707 1522 5763 ΞΛ.
1569 5707 1685 5763 Non
1725 5707 1868 5764 enim
1918 5707 2118 5762 poterit

2230 4627 2470 4672 maretur
2496 4615 2818 4670 auctoritate
2843 4628 2858 4666 :
2881 4621 3166 4682 quatenus,
3190 4621 3249 4667 ut
3277 4611 3418 4666 idem
3447 4611 3516 4664 ad
3544 4601 3801 4662 Hilarium

2227 4707 2418 4762 scribit
2445 4705 2616 4776 (epist.
2645 4705 2721 4776 5),
2755 4702 3152 4772 metr0politani
3193 4701 3275 4755 sui
3307 4709 3646 4768 unaquzeque
3677 4703 3801 4760 pro-

2225 4797 2402 4852 vincia
2432 4797 2486 4850 in
2513 4795 2764 4851 omnibus
2809 4794 2973 4848 rebus
3009 4792 3404 4848 ordinationem
3447 4801 3664 4858 semper
3708 4796 3801 4836 cx-

2227 4896 2450 4959 spcctet,
2495 4887 2635 4942 sicut
2679 4886 2942 4956 scriptum
2973 4892 3057 4938 est
3101 4885 3155 4939 in
3202 4884 3419 4938 Niczeno
3448 4877 3700 4940 concilio,
3743 4879 3795 4923 III

2225 4983 2366 5036 sicut
2388 4979 2527 5050 apud
2549 4975 2952 5042 Alexandriam,
2973 4976 3098 5046 quia
3117 4985 3174 5031 et
3190 4975 3335 5030 urbis
3351 4975 3536 5029 Romae
3551 4977 3798 5041 ομιεεοιη

2223 5071 2410 5142 parilis
2445 5084 2562 5124 mos
2589 5077 2694 5132 est,
2721 5068 2974 5123 similiter
3002 5077 3056 5120 et
3081 5066 3219 5135 apud
3249 5065 3592 5120 Antiochiam
3637 5067 3794 5115 cxte-

2224 5173 2420 5228 rasque
2449 5157 2780 5228 provincias,
2828 5156 2940 5210 suis
2986 5153 3262 5223 privilegia
3306 5163 3590 5208 serventur
3618 5144 3796 5204 Eccle-

2223 5249 2338 5304 siis.
2393 5247 2542 5304 Unde
2583 5246 2720 5301 bene
2767 5245 2969 5316 placuit
3013 5244 3170 5298 annis
3217 5243 3441 5315 singulis
3470 5260 3566 5314 per
3604 5249 3792 5295 unam-

2222 5354 2493 5409 quamque
2525 5337 2857 5408 provinciam
2881 5333 2964 5388 bis
2996 5335 3048 5388 in
3080 5349 3222 5388 anno
3251 5335 3480 5390 concilia
3513 5322 3786 5388 celebrari.

2221 5440 2282 5486 ut
2311 5431 2677 5486 communiter
2701 5428 2952 5484 omnibus
2982 5427 3143 5482 simul
3168 5427 3436 5498 episcopis
3457 5411 3790 5493 congregatis

2221 5523 2547 5594 provincize,
2585 5506 2944 5576 discutiantur
2976 5517 3284 5588 hujusmodi
3329 5515 3675 5587 qumstiones.
3725 5501 3789 5555 Et

2224 5616 2338 5670 htec
2387 5613 2539 5676 dico,
2582 5627 2724 5673 non,
2755 5609 2898 5679 quod
2945 5610 3120 5674 absit,
3169 5610 3544 5680 pratjudicaus'
3571 5606 3788 5657 summa:

2223 5704 2366 5760 scalis
2403 5700 2730 5769 apostolicus,
2766 5707 2824 5755 et
2851 5701 3020 5754 sancti
3050 5699 3381 5770 apostolatus
3416 5695 3578 5753 vestri
3612 5692 3661 5745 in
3691 5683 3786 5739 ali-
