4018 5392
534 302 541 307 ’
1725 281 2083 341 EPISTOLJ‘J
2099 324 2114 338 .
3471 280 3540 336 38

274 311 344 368 37
1725 311 1873 341 una
1887 311 1911 339 ι
1923 311 2083 340 unm
2099 324 2114 338 .
3471 311 3540 336 οισ

273 438 384 496 quo
416 424 739 491 potestatem
765 454 780 479 ,
810 411 895 469 cui
927 412 980 466 in
1006 408 1256 465 omnibus
1290 420 1407 461 sum
1426 445 1440 470 ,
1472 402 1615 458 sicut
1643 407 1851 496 rectqu
1882 392 1931 456 Α
1957 394 2349 496 demonstrant,
2372 393 2816 496 Carthagipensis
2836 392 3544 496 concilii-imo.

274 487 381 579 est,
410 487 634 567 obedire
656 500 916 577 paratus:
951 501 1045 557 sed
1074 499 1198 569 quia
1241 509 1511 553 summum
1542 487 1853 547 auctoritati

274 613 474 661 vestrm
507 597 828 667 obsequium
865 601 1122 666 praestare
1160 602 1248 644 me
1286 596 1440 659 puto,
1470 599 1594 640 cum
1632 598 1696 639 ea
1737 594 1857 652 qure

275 695 485 757 sentio,
533 698 628 745 aut
673 687 736 741 ad
781 684 1187 757 probationem,
1226 690 1319 735 aut
1356 678 1423 734 ad
1460 674 1857 732 correctionem

275 785 557 843 humiliter
598 780 876 851 sapientia:
912 776 1078 831 vestri
1110 771 1403 844 magisterii
1432 769 1629 841 pando,
1659 775 1715 822 et
1749 765 1858 821 Ro—

279 878 426 933 thadi
453 889 634 930 mores
676 871 829 925 vobis
873 868 1123 923 intimare
1167 878 1419 934 procuro,
1452 876 1518 916 ne
1546 874 1663 914 mea
1690 857 1859 928 negli-

276 967 481 1041 gentia,
509 964 600 1034 qui
636 977 731 1016 eos
776 958 924 1025 novi,
963 973 1060 1012 vos
1088 955 1309 1019 lateant,
1356 960 1625 1024 quatenus
1653 948 1857 1004 certius

276 1040 421 1130 quod
449 1054 605 1110 vobis
630 1050 898 1124 placuerit
922 1047 989 1102 de
1012 1047 1103 1101 illo
1126 1053 1305 1101 vestra
1342 1042 1643 1098 auctoritas
1664 1040 1858 1095 decer-

278 1165 411 1205 nere
448 1146 644 1200 valcat.
674 1143 844 1211 Quem
873 1140 918 1196 si
950 1155 1094 1195 nunc
1124 1138 1177 1193 in
1220 1136 1560 1208 depositione
1590 1132 1856 1205 judicium

276 1252 518 1300 vestrum
561 1251 783 1293 manere
822 1233 1154 1297 decreverit,
1204 1231 1404 1286 scimus
1431 1227 1497 1281 de
1526 1225 1859 1298 benignitate

274 1344 330 1389 et
354 1331 617 1387 modestia
642 1344 705 1383 ac
729 1327 930 1398 pietate
961 1323 1053 1378 filii
1084 1323 1251 1377 vestri
1280 1320 1460 1375 domui
1485 1318 1627 1386 regis
1654 1314 1856 1381 Caroli,

275 1425 529 1497 quoniam
570 1418 829 1491 quidquid
867 1416 933 1471 de
972 1414 1061 1468 illo
1101 1411 1326 1483 praefato
1358 1410 1466 1464 tilio
1499 1415 1684 1497 vestro
1711 1420 1857 1497 prte-

276 1495 532 1585 ccperitis
557 1550 573 1576 ,
617 1518 674 1564 et
708 1503 1099 1561 rationabiliter
1142 1499 1341 1570 poterit
1379 1496 1707 1567 adimplere,
1740 1495 1857 1585 sine

275 1584 381 1657 ulla
413 1599 801 1657 retractatione
824 1593 1057 1650 obediet.
1099 1591 1207 1646 Sed
1251 1598 1307 1643 et
1341 1586 1647 1658 coepiscopi
1683 1584 1856 1640 nostri

274 1695 341 1749 de
389 1691 757 1749 Ecclesiarum
791 1701 1010 1743 suarum
1061 1680 1344 1752 stipendiis
1391 1678 1857 1735 abundantissime

1961 486 2125 550 sedis,
2153 500 2273 556 quae
2307 486 2361 539 in
2406 486 2519 541 suis
2559 486 2733 541 eidem
2764 486 3018 554 praesedit
3050 484 3289 549 vicariis,
3316 484 3540 541 decreta

1960 583 2247 645 sequentes
2277 592 2291 628 :
2318 575 2573 631 videlicet
2618 584 2677 629 ut
2724 590 2753 629 a
2800 575 3219 645 quibuscunque
3262 564 3571 644 judicib‘us'

1959 664 2344 722 ecclesiasticis
2371 665 2439 719 ad
2463 664 2597 719 alios
2620 665 2836 736 jndices
2874 665 3274 722 ecclesiasticos
3292 703 3308 730 ,
3337 664 3430 719 ubi
3459 670 3548 721 est

1959 755 2135 824 major
2175 755 2504 819 auctoritas,
2535 753 2697 809 fuerit
2729 763 3103 824 provocatum,
3132 769 3239 809 non
3270 754 3353 812 eis
3376 756 3544 821 obsit,

1959 861 2188 917 quorum
2222 844 2386 901 fuerit
2424 845 2596 899 soluta
2641 847 2933 910 sententia,
2958 847 3004 901 si
3034 846 3287 902 convinci
3316 862 3422 903 non
3448 860 3547 917 po-

1960 937 2195 1001 tuerint,
2245 935 2331 989 vel
2378 935 2600 990 inimico
2645 936 2830 991 animo
2869 937 3186 1006 judicasse,
3238 936 3323 993 vel
3365 937 3546 1008 aliqua

1958 1030 2256 1100 cupiditate
2299 1038 2393 1083 aut
2427 1029 2598 1098 gratia
2631 1028 2931 1099 depravati,
2975 1031 3118 1085 unde
3145 1031 3302 1086 nobis
3330 1040 3387 1086 et
3414 1046 3546 1086 cono

1960 1122 2185 1179 scientia
2228 1122 2479 1193 perhibet
2522 1121 2898 1177 testimonium
2919 1163 2933 1188 ,
2968 1131 3024 1177 et
3058 1124 3313 1179 omnibus
3341 1125 3432 1195 qui
3466 1126 3549 1181 in-

1963 1209 2267 1266 terfuerunt
2310 1217 2499 1265 notum
2548 1209 2753 1266 factum
2799 1209 2971 1266 fuisse
3015 1212 3370 1282 dignoscitur,
3411 1228 3548 1284 quo-

1957 1303 2105 1357 niam
2136 1301 2285 1357 illum
2309 1317 2528 1358 servare
2564 1317 2730 1372 quam
2752 1301 3000 1369 iudicate
3029 1303 3343 1372 maluimus,
3374 1307 3419 1361 si
3447 1320 3547 1378 pro

1958 1409 2235 1452 sacrorum
2285 1409 2554 1449 canonum
2609 1395 2855 1465 neglectu
2915 1409 3104 1450 eorum
3149 1393 3395 1463 judicio,
3448 1411 3547 1467 per

1959 1504 2115 1559 quos,
2133 1488 2339 1558 Spiritu
2367 1496 2557 1543 sancto
2573 1489 2892 1559 inspirante,
2908 1489 3231 1560 promulgati
3247 1497 3393 1557 sunt,
3419 1504 3545 1547 cum

1958 1594 2026 1635 eo
2054 1595 2214 1650 quem
2243 1584 2520 1655 corrigere
2544 1585 2904 1654 nequibamns
2929 1585 3175 1639 damnari
3202 1585 3407 1654 pariter
3438 1599 3547 1640 non

1959 1672 2301 1728 timeremus.
2351 1674 2420 1728 Et
2460 1674 2669 1757 idcirco
2702 1673 2850 1729 nullo
2885 1675 3106 1729 inimico
3136 1676 3350 1742 animo,
3401 1674 3544 1730 nulla

275 1785 349 1840 illi
375 1782 709 1853 impendent.
742 1778 856 1833 Mea
896 1776 1063 1833 etiam
1094 1773 1377 1845 exiguitas,
1410 1772 1551 1827 sicut
1582 1784 1855 1841 nunquam
1890 1763 1933 1822 Β
1961 1761 2256 1853 cupiditate
2292 1770 2387 1817 aut
2429 1763 2603 1833 gratia
2634 1764 2945 1834 depravati,
2979 1761 3173 1819 ﬂentes
3197 1763 3343 1819 illius
3369 1764 3550 1820 incert

275 1878 338 1931 ad
374 1874 787 1930 retributionem
819 1868 943 1925 mali
973 1876 1191 1940 pr0ptcr
1220 1872 1561 1935 contemptus
1590 1869 1644 1917 et
1671 1869 1861 1916 contu-

274 1967 466 2022 melias
492 1964 561 2020 ab
589 1964 680 2018 illo
708 1962 841 2017 mihi
865 1960 1044 2015 illatas
1067 1957 1354 2027 pervenire
1384 1954 1526 2008 volui
1558 1971 1570 2007 :
1600 1952 1672 2008 ita
1704 1953 1861 2023 quid.

273 2063 401 2132 quid
440 2058 794 2131 benignitatis
837 2067 1060 2126 potero,
1099 2052 1456 2108 libentissime
1497 2050 1861 2105 abundantius

272 2156 438 2210 etiam
472 2166 634 2222 quam
658 2164 893 2219 unquam
924 2146 1168 2209 fecerim,
1201 2146 1514 2215 impendere
1535 2142 1857 2212 procurabo.

274 2242 329 2299 Si
355 2258 488 2298 vero
510 2243 629 2298 sine
650 2230 757 2295 ulla
778 2238 1150 2294 satisfactione
1174 2243 1282 2290 tam
1307 2234 1498 2289 diutini
1522 2240 1863 2302 contemptus

274 2350 556 2393 sacrorum
593 2346 885 2393 canonum,
910 2338 965 2383 et
987 2327 1132 2383 sedis
1160 2324 1469 2397 apostolicae
1497 2323 1857 2385 decretorum,

273 2445 339 2484 ac
366 2443 479 2484 sua:
509 2423 823 2494 metropolis
846 2420 1133 2491 privilegii,
1163 2427 1326 2487 atque
1354 2413 1689 2488 synodalium
1717 2411 1863 2483 judi—

272 2510 507 2580 ciorum,
537 2515 737 2584 quibus
786 2527 887 2567 nec
935 2511 1177 2572 obedire,
1215 2522 1315 2561 uec
1341 2522 1401 2561 se
1429 2504 1770 2560 obediturum
1797 2501 1862 2556 de

270 2619 473 2664 cmtcro
516 2603 759 2677 profiteri
807 2601 889 2655 vel
934 2599 1277 2655 subscribere
1317 2595 1513 2659 voluit,
1562 2601 1618 2649 et
1659 2593 1863 2660 absque

270 2699 615 2773 professione
640 2737 654 2762 ,
691 2693 777 2750 vel
818 2691 1216 2761 subseriptione
1260 2703 1370 2743 sure
1413 2683 1769 2742 correctionis
1808 2691 1863 2737 et

270 2791 622 2855 obedientize,
647 2801 829 2843 coram
856 2783 1115 2839 fratribus
1136 2783 1272 2845 suis,
1314 2793 1542 2850 quorum
1587 2777 1864 2832 multoties

270 2884 550 2956 regularia
581 2887 861 2953 spreverat
892 2877 1114 2939 monita,
1148 2890 1270 2929 cum
1318 2873 1441 2928 inde
1484 2872 1762 2941 pluraliter
1807 2870 1861 2925 in

266 2972 475 3030 Leonis
503 2980 558 3027 et
588 2968 834 3039 Gregorii
871 2966 1112 3036 epistolis
1144 2963 1433 3033 relegatur.
1478 2961 1535 3015 Si
1579 2961 1740 3014 etiam
1762 3000 1777 3024 ,
1806 2967 1867 3014 ut

1962 1852 2230 1924 rigibilem
2274 1855 2578 1911 secordiam
2621 1867 2678 1911 et
2714 1854 3130 1910 irrevocabilem
3164 1855 3546 1925 pertinaciam,

1962 1942 2230 2015 regularis
2262 1945 2317 2000 in
2351 1959 2475 2001 eum
2496 1944 2702 2014 judicia
2735 1947 2975 2003 exsecuti
3002 1961 3212 2011 sumus,
3240 1962 3362 2017 quae
3385 1948 3455 2002 ab
3478 1962 3546 2002 eo

1960 2035 2294 2106 suspendere
2313 2037 2520 2093 diutius
2542 2052 2647 2093 non
2675 2038 3142 2109 pmsumpsimus.
3164 2024 3359 2094 vestra
3382 2039 3549 2094 etiam

1961 2125 2178 2194 sapiens
2203 2133 2258 2180 et
2284 2140 2492 2180 summa
2521 2128 2821 2183 auctoritas
2844 2127 2900 2180 in
2938 2128 3281 2183 decernendo
3304 2129 3553 2184 attendet

1961 2216 2279 2285 Apostolum
2309 2219 2615 2283 docentem,
2644 2220 2771 2288 quia
2800 2221 3152 2290 quorumdam
3178 2232 3392 2291 peccata
3419 2237 3553 2292 pm-

1962 2308 2198 2361 ccdentia
2230 2319 2351 2362 sunt
2379 2310 2447 2362 ad
2468 2309 2750 2379 judicium,
2780 2312 3141 2380 quorumdam’
3160 2312 3319 2365 etiam
3349 2322 3399 2365 et
3427 2312 3553 2366 sub-

1960 2406 2251 2465 sequuntur
2276 2396 2330 2467 (Ι
2377 2396 2512 2451 Tim.
2544 2414 2598 2460 v,
2622 2396 2737 2468 24).
2766 2397 2897 2464 Quae
2936 2398 3081 2453 sicut
3109 2399 3299 2454 beatus
3328 2400 3553 2469 exponit

1960 2483 2283 2539 Ambrosius
2310 2486 2390 2557 (in
2435 2487 2654 2557 Apolog.
2691 2486 2881 2552 David,
2914 2503 2964 2542 c.
2996 2488 3076 2559 ti),
3105 2503 3171 2543 ac
3200 2490 3246 2543 si
3276 2491 3454 2558 posita
3493 2492 3549 2547 in

1962 2575 2205 2641 bilance,
2257 2576 2310 2630 iu
2350 2575 2561 2644 judicio
2590 2586 2718 2632 sunt
2744 2578 3141 2645 examinanda,
3180 2589 3365 2635 utrum
3406 2582 3548 2638 bona

1961 2682 2126 2738 opera
2173 2668 2409 2737 amplius
2449 2671 2727 2737 pensando
2769 2669 3169 2725 remuneranda
3199 2672 3549 2742 praecedant,

1958 2768 2017 2813 et
2073 2758 2212 2813 mala
2261 2759 2403 2814 facta
2450 2760 2672 2815 minima
2733 2760 3168 2816 misericorditer
3230 2760 3553 2829 dimittendq

1962 2851 2357 2914 demonstrent,
2389 2867 2456 2905 an
2492 2852 2632 2905 male
2666 2851 2813 2906 facta
2840 2852 3076 2921 amplius
3108 2852 3387 2922 pensando
3412 2866 3555 2923 pra:-

1963 2941 2178 3004 cedant,
2213 2948 2275 2995 ut
2302 2943 2619 2995 mereantur
2639 2941 3005 2995 damnationis
3025 2939 3313 3008 judicium,
3334 2948 3388 2996 et
3410 2943 3550 2996 bona

267 3065 365 3120 illa
397 3072 809 3135 prtetereamus,
840 3073 960 3130 qum
988 3057 1057 3112 ob
1086 3054 1371 3110 sacerdotii
1399 3051 1780 3107 verecundiam
1808 3059 1860 3105 ct

1964 3031 2192 3104 paucula
2237 3029 2522 3086 sull‘ocent.
2570 3030 2708 3098 Quia
2735 3039 2791 3085 et
2816 3046 2918 3086 nos
2956 3045 3061 3101 pro
3094 3030 3314 3087 modulo
3341 3040 3550 3099 nostro,

265 3120 628 3227 opprobrium
653 3120 1016 3213 etccularium,
1058 3155 1345 3215 sequentes
1380 3143 1694 3198 Africanum
1735 3155 1864 3195 con-
1891 3125 1935 3185 Ο
1966 3121 2279 3227 ξοηξοιυηὶ
2324 3121 2645 3227 fuliginem.
2688 3129 2967 3224 verumst
2990 3121 3324 3227 noxietntem
3347 3120 3553 3227 inaliq-

263 3211 500 3310 cilium,
550 3260 651 3299 nec
694 3244 761 3296 ad
808 3241 1086 3295 notionem
1126 3238 1179 3292 in
1223 3236 1485 3310 synodum
1520 3234 1710 3291 deduci
1738 3248 1860 3303 per-

1970 3212 2133 3267 tbado
2162 3227 2288 3268 cum
2330 3211 2494 3268 factis
2527 3212 2640 3266 suis
2668 3211 3063 3281 pensavimus,
3112 3220 3168 3266 et
3213 3211 3369 3266 velut
3401 3212 3553 3268 fleui»

265 3302 527 3391 misimn's
554 3376 569 3398 ’
616 3331 769 3405 parvi
812 3330 997 3403 pensis
1041 3337 1095 3382 ει
1139 3302 1270 3383 sim;
1302 3327 1478 3397 anqua
1527 3302 1864 3381 correcljnne
1966 3320 2129 3405 ngam
2155 3304 2586 3370 infructuosam,
2623 3312 2824 3405 terram
2852 3302 3175 3405 rationalem
3204 3305 3408 3362 diutius
3433 3307 3554 3362 intr-

1945 3394 2136 3457 ~tiliter
2180 3402 2573 3465 occupantem,
2605 3402 2661 3449 et
2696 3395 2865 3449 etiam
2912 3404 3037 3464 post
3071 3394 3224 3465 plura
3274 3404 3551 3467 tempora,

261 3428 519 3485 dimissis
565 3428 645 3481 eis
690 3424 943 3494 capitulis
989 3420 1298 3477 auctoritati
1355 3427 1548 3474 vestrm
1590 3418 1689 3473 sub
1740 3416 1861 3472 fidei

1962 3486 2257 3556 pluresque
2283 3485 2703 3549 admonitiones,
2733 3487 2890 3555 quasi
2919 3486 3181 3557 cophinos
3209 3487 3554 3559 piugucdinis

259 3519 630 3590 stipulatione
660 3515 882 3570 directis
903 3514 1046 3597 μοι)νο
1073 3511 1268 3581 quibus
1297 3509 1471 3564 fuerat
1494 3506 1766 3576 judicatus
1794 3507 1863 3561 ab

255 3611 564 3682 episcopis,
584 3608 652 3661 ad
682 3619 913 3676 quorum
931 3603 1194 3672 judicium
1225 3605 1641 3670 provocaverat,
1671 3610 1863 3650 secun-

259 3704 405 3756 dum
470 3710 724 3765 expressa
784 3707 1061 3746 sacrorum
1125 3704 1393 3743 canonum
1443 3697 1498 3741 et
1554 3686 1865 3755 apostolica:

262 3790 424 3847 sedis
451 3785 697 3848 decreta,
728 3781 1025 3837 leestiuo
1051 3779 1268 3833 dicente
1303 3778 1479 3848 (epist.
1509 3777 1565 3836 2,
1614 3776 1865 3845 ep'scopis

262 3896 366 3951 per
396 3873 552 3946 Apul.
587 3881 635 3927 et
666 3869 877 3940 Calab.)
911 3889 923 3923 :
967 3888 985 3921 t
1014 3867 1145 3936 Quae
1173 3868 1315 3921 enim
1347 3881 1375 3919 a
1404 3864 1560 3919 nobis
1588 3878 1675 3918 res
1704 3864 1864 3932 digna

267 3963 607 4025 servabitur,
645 3961 689 4016 si
719 3957 1074 4016 decretalium
1106 3971 1291 4010 norma
1322 3954 1738 4009 constitutorum
1768 3967 1864 4021 pro

267 4054 580 4121 aliquorum
626 4049 779 4104 liltitu
822 4046 1038 4101 licentia
1081 4043 1292 4115 populis
1331 4042 1597 4114 permissa
1642 4039 1863 4111 franga-

269 4144 405 4200 tur?
441 4161 459 4194 ι
488 4140 571 4195 Me
597 4149 790 4196 vestrae
833 4137 1019 4209 pietati
1059 4135 1326 4207 placuerit
1358 4132 1506 4188 illum
1549 4131 1860 4198 restituere,

268 4243 335 4289 ut
362 4233 556 4304 prima:
582 4231 725 4287 sedis
750 4239 805 4285 et
834 4228 1030 4284 matris
1072 4241 1138 4281 ac
1180 4225 1455 4296 magistrae
1482 4222 1727 4278 omnium
1759 4222 1863 4277 Ec.

273 4322 570 4377 clesiarum
629 4319 943 4390 pontificis,
997 4323 1429 4383 cuuctorumque
1485 4312 1860 4382 episcoporum

272 4411 452 4483 patris
474 4420 636 4481 atque
665 4409 930 4480 magistri,
960 4405 1211 4477 regulare
1247 4404 1507 4472 judicium
1554 4402 1697 4458 ferre
1729 4418 1859 4458 con-

1965 3579 2068 3635 sibi
2092 3581 2370 3650 appositos
2399 3594 2505 3635 non
2533 3580 2908 3647 recipientem,
2943 3580 3041 3635 sed
3067 3579 3309 3635 sterilem
3336 3593 3554 3650 perma-

1968 3677 2206 3730 nentem,
2237 3682 2343 3721 non
2376 3667 2496 3722 sine
2520 3666 2708 3721 dolore
2737 3666 2917 3720 cordis
2945 3666 3332 3721 suecidendum
3366 3666 3554 3735 provi-

1967 3757 2167 3812 dimus.

2036 3847 2101 3903 Et
2133 3863 2255 3904 cum
2286 3848 2402 3906 haec
2447 3849 2520 3904 ita
2566 3863 2628 3904 se
2674 3848 2930 3914 habeant,
2964 3861 3170 3918 aesque
3208 3860 3551 3903 dubitatione

1965 3938 2198 4003 confido,
2225 3942 2353 4010 quia
2384 3940 2538 4007 illud,
2567 3940 2711 4010 quod
2741 3940 2794 3994 in
2840 3938 3064 4009 praefato
3106 3937 3556 4009 Cartbagincnsis

1963 4029 2183 4092 concilii
2215 4029 2455 4099 capitulo
2500 4030 2620 4084 siue
2649 4028 2757 4084 ulla
2800 4028 3237 4098 interpellatione
3266 4028 3552 4098 subsequi-

1966 4132 2074 4189 tur,
2117 4125 2395 4179 decretum
2426 4125 2589 4178 vestri
2628 4124 3012 4179 moderaminis
3044 4137 3387 4194 nequaquam
3417 4139 3554 4195 prm-

1966 4214 2191 4269 teriret:
2225 4213 2388 4279 Sane,
2419 4214 2595 4282 inquit
2644 4213 2853 4283 (conati.
2883 4213 3145 4283 Africam,
3183 4227 3304 4267 can.
3347 4212 3460 4283 89),
3505 4213 3553 4269 si

1962 4321 2028 4362 ex
2071 4320 2337 4360 consensu
2367 4305 2603 4374 partium
2627 4304 2785 4359 electi
2819 4303 3027 4359 fuerint
3061 4302 3295 4373 iudices,
3322 4304 3487 4358 etiam
3519 4317 3551 4357 a

1956 4397 2222 4466 pauciore
2262 4409 2490 4449 numero
2514 4409 2677 4464 quam
2721 4393 3077 4448 constitutum
3104 4402 3348 4457 est,'non
3393 4393 3555 4449 liceat

271 4465 454 4568 :enit,
488 4465 639 4572 anim,
664 4465 846 4557 Mirm
886 4465 1078 4555 ίέτριῖι,
1121 4465 1298 4554 Credo
1338 4506 1519 4552 tamen
1560 4494 1863 4566 diligentis-
1890 4465 1941 4524 υ
1968 4483 2276 4556 provocari.
2320 4483 2423 4550 Qui
2473 4496 2732 4537 numerus
2774 4482 3106 4538 constitutus
3147 4483 3200 4538 in
3231 4481 3556 4539 duodecimo

268 4594 479 4646 simam
498 4594 869 4648 discretionem
887 4598 1120 4645 vestram
1134 4587 1476 4659 provisuram
1492 4595 1861 4656 contemptum

269 4696 334 4736 ac
382 4685 786 4738 contumaciam
835 4682 1199 4751 subiectorum
1246 4696 1372 4753 erga
1408 4680 1663 4751 praalatos
1711 4694 1859 4745 suos,

265 4778 326 4823 et
362 4768 676 4827 libertatem
731 4773 948 4842 impune
997 4770 1342 4841 delinquendi
1384 4778 1573 4825 contra
1624 4782 1864 4824 canones

262 4872 494 4921 sacros,
527 4873 642 4928 qua:
667 4862 795 4918 hinc
824 4863 876 4916 in
922 4861 1124 4916 nostris
1159 4859 1471 4928 regionibus
1496 4865 1775 4929 poterunt,
1801 4866 1861 4912 ut

256 4949 605 5016 quibusdam
640 4954 877 5018 videtur,
911 4952 1103 5007 noxias
1130 4951 1276 5005 vires
1303 4949 1551 5018 accipere
1579 4965 1595 5003 :
1624 4962 1863 5019 praeser-

250 5040 359 5091 tim
429 5052 550 5095 cum
601 5045 1016 5117 sapientissimae
1059 5042 1365 5099 auctoritati
1410 5052 1603 5095 vestra:
1654 5048 1868 5095 constet

240 5142 383 5182 esse
415 5132 793 5205 notissimum,
818 5139 1192 5194 demonstrare
1218 5133 1545 5189 Sardicense
1574 5132 1863 5188 concilium

230 5218 285 5248 ἶοι
338 5218 589 5248 οοηίῖικλ
655 5242 747 5248 αη-
800 5226 1023 5248 -ι-ΞνΑ--Ι-

1193 5223 1358 5248 -1ξιη.-
1400 5221 1589 5248 ,ΙηΞΑΑιε
1625 5229 1673 5248 ιιι
1709 5223 1775 5248 ..Δ
1806 5237 1864 5248 ,Α

1965 4574 2237 4645 superiori
2280 4574 2517 4644 capitulo
2542 4574 2968 4639 demonstratus,
2996 4583 3054 4629 et
3095 4588 3407 4630 consensus.
3427 4586 3556 4643 par-

1968 4668 2101 4721 tium
2154 4666 2454 4733 expetitus,
2502 4664 2555 4718 in
2607 4663 2993 4732 dijudicatione
3053 4665 3289 4721 Rotbadi
3338 4672 3556 4722 constat

1964 4756 2138 4813 fuisse
2179 4754 2499 4823 completus.
2529 4753 2770 4821 Quorum
2800 4763 2857 4809 et
2897 4756 2943 4808 si
2973 4752 3239 4822 judicium
3276 4768 3379 4822 pro
3419 4765 3554 4820 quar-

1967 4861 2183 4918 cuuque
2222 4858 2387 4899 causa
2430 4843 2567 4898 forte
2615 4843 3035 4908 rationabiliore,
3075 4853 3131 4900 et
3174 4844 3352 4899 adhuc
3394 4839 3553 4895 nobis

1968 4940 2265 5013 incognita,
2303 4943 2500 4992 vestra:
2543 4951 2769 4992 summa:
2812 4937 3143 5002 auctoritati,
3188 4947 3350 5004 quam
3381 4928 3548 4985 multa

1968 5035 2127 5089 nobis
2176 5028 2389 5087 occulta
2440 5041 2546 5083 non
2597 5037 2909 5093 transeunt,
2940 5027 3205 5097 placuerit
3253 5018 3548 5087 refragari,

1967 5127 2094 5197 quia
2123 5136 2307 5182 meum
2334 5128 2417 5176 est
2445 5132 2565 5174 mea
2591 5118 2745 5174 vobis
2773 5117 3074 5174 obediendo
3101 5108 3460 5172 committere,
3492 5117 3551 5165 et

1969 5236 2075 5248 ...κ-ι
2120 5216 2323 5248 hulth
2368 5220 2544 5248 run-cn
2597 5211 2871 5248 (“annuas-na
2937 5204 3233 5248 αιιαιίηριιη.
3265 5207 3322 5248 οι
3357 5208 3551 5248 contra
