4018 5392
525 350 596 407 sa
1491 309 1821 399 mserum
1861 339 2252 398 uneurmsrs
2288 338 2809 396 ARCHIEPISCOPI
3526 386 3534 393 .
3729 347 3805 404 ιο

523 461 804 526 molestiis,
843 474 980 531 quas
1006 460 1074 514 ab
1103 457 1194 513 illo
1236 465 1290 512 et
1331 471 1429 526 pro
1466 453 1556 509 illo
1601 467 1793 522 passus
1826 466 1966 517 sum,
1992 452 2108 522 jam
2135 455 2185 514 Α
2213 451 2587 518 Treverensis,
2617 453 2907 508 commissa
2933 453 3051 508 fuit.
3080 453 3226 510 Inter
3249 469 3407 525 quas,
3436 455 3803 519 Rhemensem

526 553 740 607 tandem
786 550 1076 620 aliquando
1124 547 1328 602 valeam
1379 544 1684 614 respirare,
1730 552 1786 598 et
1837 557 2110 611 nunquam

522 642 658 697 mihi
707 642 989 711 contingat
1033 639 1262 694 ulterius
1290 646 1480 692 contra
1534 636 1676 691 illius
1711 636 2112 706 inquietudines

523 730 789 786 inutiliter
817 731 1082 785 laborare.
1117 729 1182 782 Et
1220 728 1362 796 quod
1392 742 1498 780 non
1530 725 1702 780 solum
1751 726 1818 780 ab
1854 725 2113 781 ecclesia-

523 823 678 878 sticis
716 821 984 891 personis,
1015 833 1203 873 verum
1243 826 1300 872 et
1333 817 1502 871 multo
1535 831 1710 887 magis
1738 815 1899 870 etiam
1930 831 1960 869 a
2005 830 2108 870 sa:-

521 912 795 968 cularibus
822 918 1004 964 nostra
1029 907 1230 978 judicia
1260 915 1704 970 contemnuntur,
1732 911 1788 959 et
1815 919 1916 974 pro
1943 903 2111 959 nihilo

521 1004 812 1065 ducuntur,
859 999 1166 1060 dicentibus
1207 997 1309 1062 eis,
1349 1006 1404 1052 et
1443 997 1509 1052 ad
1557 996 1796 1051 medium
1837 994 2108 1051 devocan-

520 1092 668 1148 tibns
707 1091 832 1155 illa,
884 1105 1004 1160 qua:
1050 1089 1183 1143 mihi
1236 1096 1426 1142 vestrae
1472 1087 1782 1142 auctoritati
1825 1102 1932 1140 non
1987 1095 2112 1142 sunt

519 1180 865 1244 ascribenda,
911 1187 972 1232 ut
1014 1193 1120 1232 non
1166 1177 1408 1231 anitnum
1454 1175 1758 1232 dulcedinis
1801 1184 2005 1230 vestrae
2053 1175 2110 1230 in

521 1273 702 1343 aliquo
747 1286 1019 1336 moveam,
1055 1268 1203 1340 quod
1233 1282 1577 1339 summopere
1607 1282 1800 1323 cavere
1840 1267 2106 1322 desidero.

521 1365 578 1420 Si
610 1365 702 1435 qui
733 1365 786 1418 in
819 1361 1098 1432 provincia
1137 1369 1343 1423 nostra,
1375 1375 1604 1429 quorum
1633 1357 1854 1428 querela
1893 1358 1983 1412 illo
2024 1372 2109 1412 re-

520 1457 715 1510 stituto
738 1455 806 1510 ad
834 1469 928 1508 vos
965 1452 1141 1506 valeat
1173 1451 1480 1520 pervenire,
1505 1451 1572 1506 de
1605 1451 1902 1520 majoribus
1931 1450 2109 1506 causis

521 1548 587 1602 de
608 1557 804 1601 cretero
837 1544 1085 1614 quaedam
1112 1542 1504 1607 commiserint,
1532 1542 1674 1597 sicut
1699 1543 1765 1597 de
1788 1541 2108 1596 ouibusdam

522 1638 684 1692 rebus
711 1636 1049 1706 frequentius
1089 1650 1252 1704 quam
1296 1633 1351 1687 in
1402 1633 1526 1688 istis
1573 1633 1858 1688 retroactis
1901 1641 2108 1702 tempo-

522 1736 673 1790 ribus
703 1732 1146 1796 committuntur,
1179 1745 1245 1784 ne
1287 1744 1315 1782 a
1353 1728 1462 1784 Deo
1495 1728 1719 1783 damner
1747 1726 1985 1792 silentio,
2015 1741 2110 1782 eos

2213 541 2420 596 scilicet
2447 552 2503 597 et
2530 542 2920 598 Treverensem
2952 543 3249 599 Ecclesiam
3297 547 3423 617 (has
3471 550 3617 606 enim
3666 552 3804 610 duas

2216 640 2420 686 tantum
2451 633 2756 703 provincias
2785 633 2998 706 Belgica
3029 636 3177 703 regio
3206 637 3413 709 habet),
3442 641 3558 697 haec
3587 658 3805 715 semper

2212 721 2488 778 distinctio
2536 722 2666 789 fuit,
2711 723 2852 778 sicut
2893 724 2945 778 in
3001 726 3386 783 ecclesiasticis
3434 735 3804 791 monumentis

2214 811 2539 877 invenimus,
2567 820 2620 868 et
2653 815 3074 870 vetustissimam
3109 821 3551 876 consuetudinem
3585 839 3805 896 seraper

2211 900 2510 956 obtinuisse
2535 904 2920 972 comperimus,
2946 913 3006 958 ut
3029 905 3199 961 isdem
3225 908 3509 980 episcopus
3531 928 3636 968 non
3669 913 3802 982 loci,

2212 989 2304 1043 sed
2335 990 2593 1060 dignitate
2622 986 2827 1046 ordinis
2863 993 3010 1062 prior
3039 996 3332 1051 secundum
3367 1012 3554 1056 sacras
3584 1004 3804 1074 regulas

2215 1076 2528 1144 haberetur,
2552 1080 2642 1149 qui
2669 1079 2808 1135 foret
2837 1081 2890 1135 in
2919 1082 3158 1151 qualibet
3185 1085 3410 1141 istarum
3435 1089 3800 1149 Ecclesiarum

2213 1169 2496 1238 metropoli
2542 1178 2703 1225 antea
2749 1171 3046 1227 ordinatus.
3082 1173 3210 1230 Mihi
3244 1192 3371 1231 vero
3412 1195 3635 1237 necesse
3685 1185 3798 1240 erit

2214 1272 2301 1312 me
2359 1259 2540 1314 taliter
2593 1275 2818 1330 gerere,
2871 1277 2938 1317 ne
2987 1264 3147 1321 toties
3208 1269 3546 1326 auctoritatis
3608 1283 3803 1329 vestra:

2213 1348 2468 1418 epistolas
2512 1348 3100 1409 excommunicationes
3147 1357 3477 1416 intentantes
3517 1373 3572 1417 et
3617 1364 3802 1434 objur-

2212 1441 2476 1511 gationes,
2503 1457 2638 1512 quas
2669 1460 2794 1500 raro
2835 1455 2892 1500 et
2926 1463 3119 1518 magna
3150 1451 3476 1507 necessitate
3510 1453 3715 1529 [lendas
3744 1457 3798 1512 in

2213 1534 2630 1602 apostolicorum
2664 1537 2902 1592 virorum
2934 1537 3131 1595 litteris
3169 1541 3422 1610 legimus,
3463 1545 3700 1602 ferentes
3734 1547 3802 1602 de

2215 1624 2423 1694 reliquo
2464 1626 2762 1696 accipiam,
2808 1629 2948 1683 sicut
2992 1630 3110 1686 istis
3155 1634 3506 1704 temporibus,
3561 1639 3803 1706 peccatis

2214 1714 2348 1770 meis
2379 1717 2734 1783 merentibus,
2767 1717 3081 1789 frequenter
3109 1723 3315 1794 accepi.
3346 1724 3498 1792 Quoo
3525 1727 3567 1781 si
3598 1729 3803 1782 sancti-

521 1806 870 1881 commonere
921 1824 1183 1888 studebo,
1229 1831 1284 1876 et
1323 1821 1367 1876 si
1409 1819 1686 1891 corrigere
1733 1834 1794 1874 se
1845 1817 2106 1873 voluerint

2216 1806 2312 1860 tati
2340 1815 2534 1862 vestrae
2571 1807 2856 1878 placuerit,
2889 1827 2995 1866 non
3028 1815 3181 1870 vobis
3207 1830 3342 1886 Opus
3377 1833 3540 1888 agere
3571 1820 3624 1874 in
3652 1832 3804 1891 post-

521 1917 892 1988 congaudebo,
937 1916 1022 1970 sin
1063 1922 1278 1977 autem,
1322 1913 1389 1967 ad
1434 1921 1673 1966 vestrum
1717 1926 1812 1967 eos
1844 1910 2108 1981 judicium

521 2009 847 2079 provocabo.
881 2007 984 2074 Qui
1029 2007 1074 2061 si
1118 2007 1198 2061 ire
1244 2003 1540 2068 voluerint,
1585 2012 1766 2058 vestra
1807 2011 1992 2058 sancta
2025 2017 2113 2055 sa-

519 2100 724 2168 pientia
768 2097 899 2168 quid
952 2097 1076 2151 inde
1108 2096 1304 2152 melius
1346 2095 1544 2150 viderit
1585 2093 1878 2149 decernere
1917 2107 2110 2162 procu-

521 2194 685 2247 rabit.
713 2191 770 2247 Si
801 2201 983 2246 autem
1016 2192 1094 2246 ire
1118 2190 1408 2253 noluerint,
1442 2187 1647 2244 facient
1676 2189 1819 2258 quod
1851 2188 1953 2243 sibi
1983 2187 2115 2243 utile

515 2284 898 2354 judicaverint.
942 2283 1026 2338 Me
1067 2283 1276 2337 utinam
1331 2283 1456 2337 hinc
1496 2298 1527 2336 a
1557 2281 1736 2336 divina
1769 2280 2113 2336 damnatione

522 2376 794 2430 sententia
821 2375 995 2428 sancti
1024 2373 1296 2428 Ambrosii
1327 2373 1540 2437 liberet,
1566 2387 1673 2442 qua
1703 2371 1836 2427 dicit
1863 2390 1876 2424 :
1910 2370 2000 2436 Si,
2031 2371 2113 2426 in-

523 2466 739 2535 quiens,
769 2465 892 2534 quis
924 2473 1248 2535 potestatem
1296 2479 1402 2519 non
1433 2465 1598 2520 habet
1623 2478 1784 2533 quem
1815 2463 1917 2517 scit
1959 2477 2110 2516 reum

522 2557 778 2625 ahjicere,
810 2564 904 2609 aut
947 2556 1180 2625 probare
1215 2573 1322 2610 non
1352 2556 1532 2620 valet,
1574 2555 1832 2610 immunis
1863 2562 1966 2610 est.
1997 2554 2115 2610 Sie-

520 2661 646 2715 quo,
679 2655 739 2700 ut
774 2654 930 2715 puto,
957 2647 1084 2714 quia
1129 2646 1182 2698 in
1215 2646 1399 2700 multis
1443 2655 1758 2715 occupatus,
1803 2654 1858 2700 et
1900 2645 2113 2701 itineris

521 2736 860 2806 longitudine
906 2744 1069 2805 atque
1114 2735 1442 2790 insoliditate
1484 2737 1801 2802 obstrictus,
1830 2738 1896 2792 de
1939 2737 2114 2792 omni-

507 2830 647 2891 bus,
697 2835 988 2896 antequam
1022 2826 1368 2882 insolentium
1415 2827 1639 2896 querela
1679 2829 1744 2882 ad
1785 2843 1882 2883 vos
1920 2842 2112 2898 perve-

523 2920 657 2985 niat,
695 2919 763 2973 ad
806 2919 1158 2988 apostolicam
1195 2919 1376 2974 sedem
1419 2919 1626 2974 referre
1660 2936 1767 2974 non
1800 2921 1972 2988 valeo,
2026 2925 2109 2979 in-

518 3009 777 3064 ﬁrmitate
816 3017 1091 3076 gravatus,
1137 3016 1192 3062 et
1229 3008 1436 3078 gratias
1465 3010 1575 3064 Deo
1625 3011 1855 3066 termino
1879 3012 1991 3082 jam
2033 3015 2112 3069 vi-

517 3101 698 3165 cinus,
731 3109 920 3170 potero
949 3113 1258 3170 praecavere
1286 3113 1352 3154 ne
1383 3116 1414 3155 a
1449 3115 1776 3170 quocunque
1799 3104 2108 3160 sanctitatis

518 3200 716 3247 vestrae
751 3191 967 3246 animus
1011 3205 1141 3260 erga
1185 3205 1273 3246 me
1314 3202 1618 3256 moveatur,
1661 3202 1721 3248 ut
1766 3194 1942 3264 aliqua
1974 3196 2104 3250 mihi

521 3283 1020 3338 excommunicatio
1074 3283 1395 3338 intentetur.
1442 3283 1509 3337 Et
1557 3284 1685 3338 licet
1731 3287 1971 3340 noverim
2017 3302 2106 3342 se-

517 3372 752 3427 cundum
800 3372 1045 3442 Apostoli
1096 3371 1486 3442 Evangelium,
1535 3373 1873 3429 redditurum
1921 3375 2104 3431 Domi-

516 3480 648 3519 num
683 3465 972 3534 unicuique
1000 3465 1299 3520 secundum
1344 3480 1510 3534 opera
1548 3466 1668 3536 ejus
1699 3465 1879 3538 (Rom.
1924 3484 1994 3529 II,
2026 3469 2102 3538 6),

519 3556 887 3610 testimonium
937 3556 1194 3611 reddente
1237 3556 1341 3610 illis
1383 3557 1738 3622 conscientia,
1771 3558 1828 3612 e't
1871 3560 2014 3614 inter
2046 3575 2106 3616 se

518 3645 750 3701 invicem
799 3647 1188 3718 cogitationum
1248 3648 1622 3703 accusantium
1667 3658 1761 3703 aut
1799 3651 1963 3705 etiam
2009 3653 2103 3708 de-

516 3737 874 3801 fendentium,
903 3738 957 3790 in
988 3737 1077 3791 die
1104 3752 1209 3806 qua
1243 3737 1511 3805 judicabit
1536 3739 1748 3794 occulta
1778 3740 2058 3796 hominum
2086 3761 2101 3798 ε

515 3838 572 3886 et
614 3838 674 3884 ut
721 3829 831 3885 Leo
869 3830 1000 3885 dicit
1035 3847 1048 3883 :
1081 3829 1137 3884 Si
1169 3830 1298 3900 quid
1348 3846 1443 3901 per
1485 3831 1802 3886 servitutem
1838 3844 2101 3900 nostram,

513 3921 769 3976 videlicet
807 3920 1234 3985 sacerdotalem,
1277 3921 1418 3975 bono
1458 3922 1648 3976 ordine
1693 3933 1746 3975 et
1776 3924 2096 3993 gratulando

516 4009 769 4077 impletur
794 4006 1010 4070 affectu,
1043 4023 1146 4061 non
1187 4009 1527 4078 ambigantus
1559 4025 1654 4078 per
1683 4010 1942 4080 Spiritum
1982 4029 2106 4068 san-

515 4109 664 4154 etum
713 4098 868 4153 nobis
902 4097 1070 4153 fuisse
1105 4100 1396 4164 donatum,
1433 4110 1489 4155 et
1533 4101 1676 4169 quod
1720 4118 1877 4159 secus
1916 4104 2102 4170 fuerit,

516 4199 694 4244 ratum
733 4203 856 4244 esse
902 4205 1008 4244 non
1058 4191 1259 4260 poterit
1293 4209 1305 4244 :
1338 4192 1513 4247 modis
1542 4194 1810 4259 omnibus,
1843 4205 2102 4265 quantum

515 4282 630 4352 ipse
660 4281 963 4346 donaverit,
1003 4297 1032 4335 a
1064 4296 1172 4351 quo
1197 4290 1282 4336 est
1321 4298 1482 4337 omne
1515 4284 1700 4338 datum
1744 4288 2006 4354 optimum
2049 4296 2104 4343 et

513 4386 675 4428 omne
715 4372 916 4427 donum
966 4371 1303 4441 perfectum,
1350 4374 1636 4442 providere
1676 4377 1927 4442 studebo,
1967 4393 2034 4432 ne
2071 4394 2102 4432 a

513 4463 896 4518 communione
933 4465 1078 4519 sedis
1113 4453 1441 4534 apostolicae,
1480 4466 1622 4536 quod
1658 4468 1820 4534 absit,
1864 4469 2104 4540 quolibet

513 4553 674 4609 modo
718 4564 990 4608 extorrem
1021 4571 1108 4610 me
1134 4556 1356 4611 ultimus
1391 4557 1530 4623 dies,
1567 4559 1656 4626 qui
1696 4561 1827 4614 mihi
1861 4561 2100 4616 incertus
2131 4528 2182 4587 θ

512 4654 627 4708 est,
673 4653 730 4699 et
763 4645 940 4698 subito
969 4647 1156 4702 venire
1205 4657 1418 4715 potest,
1467 4650 1725 4710 inveniat.
1775 4653 1893 4707 Erit
1933 4653 2100 4718 enim,

511 4737 759 4805 quamvis
806 4737 1015 4792 tardius
1062 4753 1228 4807 quam
1281 4754 1504 4796 necesse
1554 4743 1656 4807 sit,
1699 4745 1952 4813 quoniam
2003 4759 2104 4814 ego

512 4827 696 4898 gravis
727 4838 1001 4897 peccator,
1035 4829 1185 4900 gravi
1216 4845 1437 4887 carcere
1463 4835 1709 4904 corporis
1739 4836 1829 4889 diu
1865 4835 2104 4891 inclusus

515 4927 724 4983 teneor,
756 4918 951 4973 merito
993 4919 1046 4972 in
1095 4920 1278 4976 multis
1324 4919 1575 4988 afﬂictus,
1629 4925 2103 4993 providentissimo

512 5007 741 5062 Domino
785 5008 1126 5078 providente,
1154 5019 1210 5064 et
1246 5019 1458 5082 tempus
1501 5023 1554 5067 et
1586 5029 1815 5083 persona
1849 5016 1902 5070 in
1949 5013 2096 5070 Rhe-

513 5114 726 5154 morum
771 5099 1035 5165 Ecclesia,
1069 5104 1284 5170 quando
1326 5112 1382 5156 et
1429 5103 1480 5156 in
1526 5119 1632 5173 qua
1686 5105 1756 5159 ab
1802 5103 2098 5175 apostolica

510 5192 842 5246 auctoritate
888 5192 1230 5264 privilegium
1264 5194 1584 5264 integratum
1631 5196 1732 5250 sibi
1761 5213 1826 5252 ex
1876 5198 2098 5264 antiqua

511 5284 902 5322 nnnenntmlinn
948 5285 1203 5322 ann-ilum
1235 5291 1286 5322 nl
1334 5295 1716 5322 nni-eorumnum
1765 5287 2094 5322 Ινὶ-ὶιιοιιῖιηνο

2216 1896 2435 1952 modum
2481 1898 2605 1964 erit,
2639 1900 2811 1956 donec
2841 1901 3135 1973 apostolica
3165 1916 3346 1961 vestra
3371 1906 3543 1976 jussio
3589 1926 3673 1966 me
3719 1913 3805 1967 in-

2215 1987 2555 2044 obedientem
2603 1991 2659 2045 in
2708 1992 2892 2063 aliquo
2951 2005 3138 2050 contra
3190 1999 3404 2069 regulas
3465 2016 3649 2056 sacras
3705 2019 3806 2073 per

2215 2092 2608 2154 contemptum,
2633 2088 2776 2156 quod
2805 2089 2964 2152 absit,
3008 2091 3296 2148 invenerit.
3327 2094 3425 2162 Qui
3455 2097 3597 2151 enim
3631 2114 3806 2168 quare

2216 2174 2477 2233 Dominus
2508 2179 2560 2232 in
2599 2179 2892 2250 Evangelia
2934 2185 3269 2241 centurionis
3310 2185 3470 2243 fidem
3511 2189 3693 2246 laudet
3722 2193 3803 2246 di-

2214 2269 2418 2324 centis:
2445 2271 2543 2325 Dic
2566 2273 2717 2328 verba
2740 2285 2787 2329 et
2812 2277 3089 2330 sanabitur
3111 2296 3240 2348 puer
3263 2297 3407 2335 meus
3433 2282 3647 2353 (Matth.
3680 2301 3800 2352 vm,

2213 2359 2268 2431 8)
2300 2360 2578 2431 intelligit,
2625 2380 2788 2434 quam
2837 2369 3200 2436 operatorium
3251 2372 3326 2425 sit
3373 2373 3644 2444 episcopi,
3688 2377 3798 2432 imo

2215 2450 2355 2505 sicut
2382 2452 2435 2506 in
2465 2453 2632 2509 Paulo
2660 2456 2713 2510 in
2745 2471 2805 2512 se
2829 2456 3101 2527 loquentis
3136 2458 3355 2528 Christi,
3386 2472 3593 2532 quanto
3627 2469 3802 2538 magis

2213 2545 2484 2614 pontificis
2523 2547 2831 2617 apostolica:
2875 2551 3020 2606 sedis
3069 2553 3323 2620 verbum,
3369 2566 3424 2610 et
3454 2572 3618 2626 quam
3667 2560 3798 2614 obe-

2213 2632 2408 2689 dienda
2436 2635 2506 2690 sit
2545 2636 2713 2705 ipsius
2742 2641 3051 2710 praeceptio,
3079 2643 3241 2697 etiam
3273 2644 3390 2700 sine
3415 2646 3524 2702 ulla
3561 2648 3800 2704 admira-

2215 2724 2377 2780 tionis
2406 2725 2707 2796 adjectione
2750 2735 3045 2802 cognoscit.
3080 2734 3233 2803 Quod
3281 2746 3336 2792 et
3378 2738 3674 2796 scientibus
3717 2742 3799 2797 in-

2213 2817 2452 2883 culcare,
2492 2829 2549 2876 et
2579 2816 2949 2900 nescientibus
2980 2826 3232 2883 intimare
3271 2829 3605 2900 sapientibus
3631 2840 3687 2886 et
3715 2832 3800 2886 in-

2214 2908 2532 2978 sipientibus
2579 2913 2851 2970 debitores
2897 2899 3158 2974 debemus
3201 2899 3479 2991 episcopi:
3510 2923 3704 2992 quibus
3743 2924 3789 2979 si

2213 2997 2278 3052 de
2319 2997 2528 3070 reliquo
2551 3003 2715 3056 verba
2745 3003 3051 3074 iniquorum
3085 3008 3466 3076 praevaluerint
3505 3012 3790 3067 adversum

2213 3106 2334 3158 nos,
2361 3093 2499 3148 sicut
2521 3095 2776 3164 jactitant
2805 3097 3162 3166 proferentes,
3199 3115 3306 3155 non
3337 3103 3441 3156 erit
3484 3117 3704 3159 necesse
3730 3106 3797 3158 de

2136 3170 2179 3232 C
2211 3183 2633 3252 provincialibus
2678 3188 2922 3257 synodis,
2956 3189 3009 3242 in
3039 3190 3236 3260 quibus
3275 3191 3542 3246 hactenus
3582 3192 3797 3248 labem-

2211 3275 2409 3341 vimus,
2440 3292 2768 3348 magnopere
2817 3276 3066 3336 laborare
3100 3299 3114 3335 :
3146 3283 3344 3354 quippe
3390 3284 3645 3354 quoniam
3692 3285 3799 3339 erit

2207 3374 2262 3421 et
2296 3365 2383 3422 lex
2410 3376 2464 3421 et
2492 3383 2615 3439 spes
2643 3370 2744 3424 sibi
2772 3371 3020 3441 quisque.
3052 3370 3205 3440 ρειοό
3240 3374 3458 3444 quidem
3490 3384 3671 3430 vestra
3703 3375 3799 3428 hu-

2209 3458 2421 3513 militati
2469 3474 2604 3515 mea:
2652 3460 2870 3530 scripsit
2919 3462 3247 3528 sublimitas,
3294 3463 3474 3533 primo
3503 3478 3599 3518 vos
3640 3480 3796 3520 com-

2207 3557 2383 3603 motos
2411 3563 2532 3604 esse
2572 3549 2638 3603 ad
2684 3549 2915 3605 Rothadi
2958 3565 3180 3605 causam
3225 3550 3604 3619 inquirendam
3641 3567 3797 3620 cura,

2205 3653 2311 3708 qua
2350 3654 2448 3709 pro
2492 3639 2762 3694 universis
2794 3639 3054 3696 fratribus
3096 3640 3290 3696 vestris
3322 3642 3788 3712 constringimini.

2206 3744 2330 3783 cum
2359 3729 2541 3795 debita
2587 3731 2891 3785 reverentia
2938 3739 3220 3804 gratanter
3250 3732 3454 3802 accepi,
3488 3733 3802 3804 intelligens

2205 3822 2330 3890 quia
2375 3822 2428 3876 in
2474 3836 2704 3877 numero
2733 3821 2986 3878 fratrum.
3015 3839 3114 3878 nos
3156 3823 3565 3894 qualescunque
3593 3833 3798 3880 metro-

2204 3910 2425 3979 politani
2465 3911 2770 3980 computari
2815 3911 3093 3967 debemus.
3123 3912 3198 3966 Ea
3243 3905 3485 3982 propter,
3515 3913 3656 3968 sicut
3699 3928 3792 3967 ve-

2204 4009 2331 4055 strae
2363 4000 2702 4065 discretioni
2729 4002 3117 4069 providendum
3153 4012 3268 4067 est,
3312 4018 3381 4058 ne
3409 4002 3635 4071 subjecti
3685 4003 3802 4075 epi-

2205 4091 2353 4160 scopi
2391 4105 2421 4143 a
2463 4092 2899 4161 metropolitanis
2927 4092 3301 4165 irregulariter
3343 4095 3796 4161 condemnentur,

2206 4189 2280 4244 ita
2309 4190 2702 4247 nihilhominus
2730 4191 3126 4262 providendum
3165 4202 3270 4260 est,
3307 4202 3368 4248 ut
3399 4193 3799 4262 metropolitani

2205 4297 2236 4336 a
2273 4282 2505 4337 subditis
2548 4283 2662 4338 suis
2689 4283 2960 4354 episcopis
2990 4299 3097 4339 non
3142 4284 3515 4356 irregulariter
3557 4294 3771 4338 contem

2207 4384 2425 4429 nantur.
2472 4374 2676 4431 Deinde
2719 4376 2863 4446 quod
2912 4376 3309 4446 perfectissime
3363 4375 3659 4444 scripsistis
3713 4389 3796 4430 se-

2207 4467 2406 4534 cundo,
2439 4467 2695 4536 quoniam
2740 4469 2924 4524 sedem
2971 4469 3322 4538 apostolicam
3371 4467 3654 4522 Rothadus
3701 4482 3796 4522 no-

2209 4557 2382 4612 scitur
2421 4558 2740 4628 appellasse,
2770 4568 2826 4617 et
2870 4575 2940 4614 ne
2973 4552 3263 4616 videamini
3306 4559 3562 4614 Ecclesia:
3603 4567 3798 4615 vestrae

2208 4648 2618 4721 privilegiorum
2669 4651 2997 4707 detrimenta
3049 4652 3239 4706 diebus
3298 4651 3493 4706 vestris
3553 4652 3793 4721 aequani-

2209 4739 2370 4795 miter
2418 4741 2666 4803 tolerare,
2705 4749 2770 4813 cet
2820 4742 2924 4797 hoc
2968 4742 3318 4797 nihilominus
3361 4757 3392 4796 a
3425 4742 3585 4797 nobis
3625 4751 3679 4796 et
3725 4743 3792 4797 ab

2209 4830 2461 4886 omnibus
2513 4840 2596 4886 est
2647 4832 2953 4888 rectissime
3008 4831 3412 4903 suscipiendum
3441 4872 3457 4897 ,
3507 4843 3564 4887 et
3618 4831 3793 4888 soler-

2211 4920 2420 4976 tissime
2483 4922 2940 4978 conservandum.
2994 4921 3148 4989 Quod
3189 4931 3244 4979 et
3281 4937 3381 4994 ego
3415 4937 3516 4993 pro
3573 4923 3793 4996 modulo

2210 5025 2354 5075 meo,
2393 5011 2722 5066 servandum
2759 5027 2880 5068 esse
2914 5011 3058 5068 volui
3093 5021 3148 5066 et
3169 5012 3312 5077 volo,
3343 5021 3418 5079 et,
3443 5012 3657 5068 favente
3692 5013 3794 5068 Do-

2207 5099 2378 5164 mino,
2421 5099 2475 5154 in
2517 5099 2620 5154 hac
2650 5100 2939 5156 devotione
2967 5100 3219 5166 manebo,
3251 5101 3430 5156 sciens
3450 5101 3790 5173 privilegium

2206 5191 2634 5261 metropolitanae
2662 5192 2806 5246 sedis
2834 5191 3186 5254 Rhemorum,
3235 5191 3323 5246 cui
3366 5206 3455 5246 me
3485 5192 3670 5246 divina
3708 5191 3792 5246 di-

2207 5280 2389 5322 analin
2427 5282 2631 5322 eui-viro.
2668 5279 2961 5322 aliermenit-
3010 5276 3064 5322 in
3095 5291 3310 5322 summa
3356 5281 3638 5322 nriviluain
3663 5295 3790 5322 ean-
