4018 5392
206 397 263 463 ιι
1635 403 2016 462 ΕΡΙΞΤΟΙΛΕ.
3367 407 3438 463 ιε

202 520 312 581 stis,
348 515 586 573 scribere
610 516 754 572 aliud
782 516 915 574 nihil
942 519 1279 590 praesumpsi,
1313 517 1415 573 uisi
1447 517 1571 588 quia
1600 532 1764 575 causa
1791 521 1844 580 Α
1869 515 1995 571 inde
2026 514 2168 586 apud
2196 514 2451 571 domuum
2479 520 2722 571 nostrum
2752 528 2933 585 regem
2979 514 3286 599 adiuvarem
3308 561 3323 585 ,
3376 532 3436 578 ut

201 608 419 664 Rothadi
447 623 479 661 a
510 608 690 665 causis
719 608 954 674 illorum,
1000 609 1068 664 de
1101 610 1296 678 quibus
1333 609 1648 679 scripsistis,
1680 617 1765 663 est

197 714 326 770 pene
348 699 399 755 in
438 699 648 754 cunctis
683 698 983 754 dissimilis.
1022 699 1097 752 De
1120 710 1188 753 eo
1214 699 1357 768 quod
1387 699 1600 753 tandem
1631 713 1760 766 apo-

198 788 377 843 stolica
402 795 584 841 vestra
642 786 948 857 benignitas
993 786 1297 855 indignitati
1342 802 1477 842 meae
1525 786 1764 841 scribere

197 886 275 935 est
302 877 538 948 dignata,
568 886 628 930 ut
654 878 769 931 haec
809 876 1084 933 vobiscum
1124 878 1377 947 cogitem,
1424 888 1480 933 et
1526 877 1666 946 quod
1696 877 1763 931 de

198 966 434 1022 Bothado
465 965 759 1022 decernitis
788 966 1100 1036 approbem,
1146 975 1202 1021 et
1249 981 1358 1022 non
1387 967 1455 1021 ad
1484 967 1591 1022 mei
1622 964 1765 1034 inju-

199 1056 322 1109 riam
348 1054 400 1108 id
431 1067 528 1109 vos
572 1054 751 1123 egisse
786 1054 1178 1125 aliquantulum
1219 1064 1492 1111 autumem
1538 1073 1554 1110 :
1594 1072 1765 1126 quan-

200 1156 303 1201 tum
325 1143 477 1199 valeo
522 1146 652 1199 totis
693 1145 942 1200 medullis
989 1145 1192 1212 cordis,
1228 1162 1351 1201 cum
1379 1147 1527 1205 omni
1563 1145 1765 1218 Suppli-

200 1236 398 1303 catione
429 1242 487 1289 et
510 1233 692 1289 debita
720 1251 783 1290 ac
818 1236 1083 1293 submissa
1116 1238 1442 1302 humilitate,
1473 1238 1763 1293 immensas

199 1327 481 1396 gratiarum
497 1326 736 1381 actiones
753 1329 944 1383 sancto
959 1328 1281 1398 apostolatui
1305 1337 1487 1384 vestro
1508 1328 1762 1398 rependo,

204 1430 316 1470 cum
337 1414 486 1469 omni
532 1413 850 1470 sinceritate
879 1416 1047 1471 animi
1092 1417 1416 1481 rescribens,
1461 1415 1588 1484 quia
1627 1415 1767 1470 sicut

202 1504 321 1558 mihi
343 1503 588 1559 scribere
615 1503 821 1574 dignati
849 1494 1005 1571 eStis,
1034 1506 1107 1560 ita
1127 1514 1225 1577 per
1252 1506 1436 1561 omnia
1475 1505 1658 1561 credo.
1698 1505 1768 1559 Et

198 1597 313 1665 quia
338 1596 677 1666 privilegium
712 1595 876 1650 vestri
903 1598 1097 1652 summi
1117 1596 1489 1667 pontiﬁcatus,
1525 1602 1586 1649 ut
1628 1610 1763 1649 con-

143 1726 147 1731 .
198 1685 337 1739 decet
368 1692 424 1739 et
449 1698 641 1739 omnes
687 1683 1078 1749 desideramus,
1124 1685 1489 1741 evindicatum
1532 1682 1762 1749 habetis,

196 1774 533 1843 quod,nemo
574 1782 820 1829 nostrum
867 1776 1296 1840 contradixerat,
1341 1776 1396 1830 in
1445 1775 1766 1830 deductione

1864 606 2117 675 quoniam
2146 605 2460 674 praedictum
2490 605 2759 661 hominem
2790 605 2844 660 in
2873 621 2966 661 sua
2998 607 3099 662 ﬁde
3131 621 3433 680 acceperat,

1864 694 2067 749 nullum
2117 694 2317 749 malum
2359 693 2598 749 haberet.
2665 695 2763 751 Cui
2824 698 3096 766 respondi,
3136 708 3196 753 ut
3231 708 3439 757 teneret

1864 786 2040 855 ipsum
2070 786 2345 841 hominem
2394 800 2612 851 secum,
2644 790 2711 840 ne
2750 785 2965 842 interim
3017 786 3185 846 ullum
3236 792 3437 847 malum

1866 885 2183 946 pateretur,
2241 876 2413 931 donec
2463 877 2532 932 ad
2575 887 2778 932 cortem
2826 880 3096 946 redirem,
3147 890 3202 937 et
3265 898 3439 953 quan-

1866 975 1980 1020 tum
2026 981 2240 1036 possem
2301 965 2427 1020 inde
2472 958 2623 1020 illum
2671 965 2925 1035 adjuvare
2952 980 3220 1024 curarem.
3263 969 3441 1039 Ipsum

1866 1063 2044 1109 autem
2074 1052 2342 1110 hominem
2374 1069 2475 1110 nec
2503 1063 2630 1110 tunc
2674 1070 2775 1109 nec
2804 1064 2992 1126 postea
3023 1056 3157 1123 vidi,
3203 1072 3302 1121 nec
3335 1073 3443 1128 quo

1869 1142 2196 1198 abscesserit
2218 1158 2342 1198 cum
2371 1143 2639 1214 episcopis
2673 1144 2875 1199 audivi.

1938 1232 2068 1300 Qua:
2094 1232 2301 1288 idcirco
2344 1233 2622 1288 sanctitati
2656 1242 2853 1290 vestrae
2893 1235 3132 1291 scribere
3154 1235 3355 1302 studui,
3385 1245 3446 1291 ut
3500 1296 3505 1303 ,

1867 1321 1915 1375 si
1946 1321 2140 1391 aliquis
2180 1322 2553 1379 malivolorum
2604 1333 2913 1379 nostrorum
2965 1339 3116 1381 more
3147 1342 3245 1383 suo
3292 1327 3445 1384 vobis

1866 1409 2122 1478 quiddam
2177 1410 2384 1466 sinistri
2435 1427 2502 1467 ex
2549 1411 2973 1484 hoc,suggerere
3018 1414 3266 1481 voluerit,
3316 1416 3445 1486 quid

1820 1508 1823 1511 '
1869 1496 1992 1553 inde
2042 1511 2231 1553 verum
2292 1499 2366 1554 sit
2411 1502 2786 1571 cognoscatis,
2836 1510 2893 1557 et
2936 1512 3064 1574 erga
3090 1518 3179 1559 me
3204 1514 3446 1560 vestrum

1868 1586 2108 1640 animum
2154 1600 2264 1642 non
2312 1590 2594 1645 moveatis.
2645 1589 2935 1648 Rationem
2983 1592 3236 1664 denique,
3283 1610 3445 1665 quam

1870 1677 2075 1734 reddidi
2105 1694 2288 1734 coram
2321 1679 2509 1735 electis
2532 1681 2824 1752 iudicibus,
2854 1683 2922 1738 de
2949 1682 3144 1753 quibus
3169 1699 3268 1754 per
3294 1684 3446 1741 libel-

1868 1767 1976 1821 lum
2008 1770 2410 1838 provocationis
2438 1772 2505 1826 ad
2550 1771 2843 1827 electorum
2881 1772 3143 1843 judicium
3179 1772 3386 1830 fueram
3415 1791 3447 1829 a

198 1863 412 1921 liotliadi
443 1865 606 1920 sicuti
638 1865 972 1936 praecepistis
1010 1854 1076 1921 ad
1126 1876 1367 1922 vestram
1394 1868 1759 1938 praesentiam,
1793 1909 1840 1967 Β
1870 1859 2119 1960 1‘0thth
2145 1860 2452 1962 itnpetitus,
2495 1862 2599 1931 ipsi
2626 1863 2963 1967 venerabiles
2986 1864 3236 1967 episcopi
3252 1875 3448 1921 vestrae

195 1954 569 2023 utperdonare
603 1955 807 2026 dignati
829 1955 982 2021 estis,
1008 1956 1190 2011 videre
1228 1956 1497 2021 desidero,
1519 1966 1575 2012 et
1612 1954 1759 2013 visu-

194 2042 302 2099 rum
330 2062 417 2101 me
461 2058 584 2101 esse
612 2045 848 2112 conﬁdo,
898 2047 1024 2117 quia
1070 2062 1179 2102 non
1210 2047 1356 2103 aliud
1382 2047 1483 2102 nisi
1516 2044 1574 2102 ut
1601 2064 1761 2118 supra

194 2137 511 2203 monstravi,
544 2139 687 2207 quod
718 2138 913 2210 regulae
953 2154 1121 2195 sacra:
1147 2141 1496 2211 praecipiunt,
1538 2152 1594 2199 et
1627 2144 1761 2199 mihi

192 2226 493 2295 petendum,
521 2235 577 2282 et
614 2227 767 2283 vobis
796 2227 1199 2284 concedendum
1226 2239 1330 2285 est.
1364 2231 1582 2287 Postulo
1608 2224 1762 2288 vide-

193 2317 325 2384 licet,
352 2326 415 2372 ut
452 2318 535 2373 sic
562 2319 815 2375 Rothado
840 2319 909 2374 ab
941 2321 1267 2377 auctoritate
1297 2333 1481 2378 vestra
1510 2336 1761 2391 compas-

192 2408 265 2462 sio
289 2409 632 2477 exhibeatur,
660 2418 721 2465 ut
760 2410 914 2481 vigor
936 2410 1344 2467 c‘cclesiasticus
1372 2427 1478 2468 non
1509 2412 1765 2469 dissolva-

191 2509 272 2554 tur
322 2517 336 2553 :
383 2508 447 2556 et
484 2500 567 2556 sic
620 2501 773 2572 vigor
810 2501 1210 2557 ecclesiasticus
1258 2512 1609 2559 conservetur
1632 2542 1649 2569 ,
1703 2512 1765 2558 ut

190 2592 359 2647 debita
385 2591 764 2647 misericordia
806 2599 860 2648 et
902 2591 1210 2648 necessaria
1238 2591 1556 2648 sufﬁcientia
1581 2593 1632 2649 ei
1656 2608 1763 2649 non

188 2683 499 2754 denegetur.
525 2681 801 2750 Quatenus
824 2696 925 2737 nec
949 2683 1116 2752 ipsius
1139 2682 1390 2754 exemplo
1408 2683 1477 2739 ad
1500 2684 1763 2740 exceden-

188 2774 305 2829 dum
326 2774 418 2829 alii
453 2782 835 2845 provocentur,
864 2789 965 2830 nec
982 2774 1178 2845 quibus
1205 2775 1260 2830 in
1290 2774 1410 2832 istis
1434 2775 1762 2847 regionibus,

184 2863 387 2936 longius
430 2864 504 2919 ab
529 2862 823 2934 apostolica
862 2863 989 2920 sede
1024 2865 1248 2921 remotis
1267 2899 1284 2931 ,
1311 2880 1553 2922 censurae
1591 2852 1765 2923 eccle-

185 2952 412 3009 siasticas
444 2953 749 3009 moderatio
796 2962 878 3010 est
902 2955 1217 3021 commissa,
1249 2955 1398 3023 hinc,
1430 2955 1570 3024 quod
1600 2944 1761 3024 absit,

185 3044 544 3114 conspiciant,
576 3044 716 3099 unde
755 3052 849 3098 aut
884 3044 1228 3117 negligentia,
1274 3052 1369 3100 aut
1412 3046 1763 3103 dissolutione

185 3141 483 3205 tepescant,
547 3133 635 3195 vel
690 3134 951 3190 terminos
1005 3150 1143 3206 quos
1213 3141 1523 3190 statuerunt
1582 3144 1764 3205 patres

184 3225 615 3296 transgredieudi
658 3225 940 3282 materiem
989 3241 1047 3282 se
1096 3240 1310 3283 sumere
1353 3241 1514 3297 posse
1558 3226 1763 3293 dicant,
1793 3256 1840 3322 Β

183 3331 336 3386 quos,
375 3317 525 3372 sicut
560 3315 944 3383 intelleximus,
975 3331 1074 3371 nos
1117 3316 1376 3372 hactenus
1400 3330 1646 3372 servasse
1673 3331 1768 3386 pu-

182 3413 374 3461 tamus.
404 3407 523 3463 Vos
567 3405 820 3461 videbitis
854 3406 983 3475 quid
1030 3406 1155 3461 inde
1200 3405 1344 3462 facto
1389 3405 1584 3461 melius
1638 3405 1766 3472 erit,

179 3504 229 3550 et
270 3498 436 3553 nobis
482 3497 537 3551 in
572 3495 777 3565 judicio
797 3505 979 3553 vestro
1022 3496 1310 3552 videndum
1338 3505 1422 3553 est
1455 3498 1585 3567 quid
1620 3497 1764 3555 Deus

179 3587 306 3644 velit
340 3607 355 3641 :
389 3587 649 3657 quoniam
700 3586 898 3657 iniusta
945 3601 1070 3642 esse
1120 3600 1226 3641 non
1272 3593 1533 3657 poterunt
1578 3586 1762 3642 divina

173 3675 375 3744 judicia
409 3715 427 3741 ,
471 3686 592 3744 qum
636 3691 668 3730 a
716 3673 990 3729 soliditate
1043 3673 1400 3731 confessionis
1457 3670 1766 3744 apostolicae

176 3775 366 3836 petrae,
395 3765 654 3819 adversus
707 3779 869 3832 quam
913 3763 1076 3818 inferi
1118 3776 1307 3834 portae,
1355 3765 1409 3818 id
1450 3775 1537 3818 est
1575 3779 1766 3835 sugge-

176 3859 383 3913 stiones
443 3854 527 3909 vel
578 3854 920 3922 operationes
964 3868 1167 3923 pravze,
1222 3868 1327 3909 non
1358 3853 1725 3927 prmvalebunt
1746 3892 1763 3919 ,

175 3945 420 4001 dictante
442 3943 652 4010 justitia
679 3941 1047 4013 proferentur.

240 4033 566 4105 Epistulam,
633 4047 796 4103 quam
852 4032 985 4088 mihi
1056 4031 1352 4087 auctoritas
1406 4040 1586 4088 vestra
1638 4048 1761 4089 cunt

176 4126 542 4201 obtestatione
596 4124 852 4195 praecepit
909 4122 1162 4180 Rothado
1208 4121 1441 4193 dirigere
1468 4163 1484 4189 ,
1531 4121 1762 4180 domnus

177 4227 362 4272 noster
387 4230 505 4280 rex,
537 4216 678 4270 ﬁlius
718 4222 919 4280 vester,
962 4228 1088 4270 mox
1130 4221 1191 4268 ut
1218 4213 1286 4268 ad
1318 4228 1441 4269 eum
1467 4214 1636 4280 venit,
1662 4228 1762 4285 per

180 4308 435 4362 abbatem
474 4320 630 4361 suum
673 4304 923 4360 Rothado
967 4303 1189 4360 direxit.
1238 4302 1500 4359 Bodulfus
1547 4318 1760 4374 quoque

180 4395 417 4464 ejusdem
453 4394 547 4449 ﬁlii
590 4395 760 4449 vestri
807 4393 990 4449 domui
1034 4392 1206 4448 nostri
1251 4393 1394 4463 regis
1440 4393 1756 4461 avunculus,

182 4486 337 4540 tertio
381 4482 506 4538 ldus
534 4498 678 4537 nunc
720 4481 889 4551 elapsi
923 4482 1127 4538 mensis
1163 4481 1474 4537 Decembris
1503 4497 1534 4535 a
1582 4481 1761 4537 Ludo-

180 4573 297 4628 vico
325 4571 631 4627 Germaniae
657 4586 783 4640 rege
811 4579 1109 4635 revertens,
1137 4584 1262 4624 cum
1294 4569 1452 4624 valde
1482 4569 1691 4638 vesperi
1722 4582 1756 4624 a
1784 4589 1835 4652 ο

182 4671 326 4716 certe
355 4661 499 4732 regis
530 4660 704 4715 nostri
746 4660 815 4714 ad
859 4660 1168 4716 mansiones
1208 4667 1419 4715 nostras
1445 4674 1608 4728 super
1652 4657 1757 4714 ﬂu-

182 4752 322 4809 vium
351 4751 611 4821 Ligerim,
640 4763 795 4805 secus
820 4749 1114 4805 conﬁnium
1159 4747 1309 4818 regni
1335 4747 1643 4817 Aquitania:
1673 4746 1754 4803 fe-

183 4845 439 4898 stinarem
465 4883 483 4907 ,
536 4842 686 4898 misit
739 4840 809 4895 ad
856 4855 945 4896 me
997 4839 1270 4895 hominem
1322 4854 1482 4895 suum
1537 4838 1757 4896 nomine

186 4931 495 4998 Rodulfum,
523 4931 789 5007 mandans
834 4931 960 5000 quia
1005 4926 1266 4997 praefatus
1312 4944 1410 4985 rex
1450 4927 1758 4985 Ludovicus

185 5026 469 5094 quemdam
500 5023 774 5078 hominem
817 5019 1072 5085 Rothadi,
1102 5033 1227 5075 cum
1270 5019 1515 5090 epistolis
1556 5026 1756 5074 vestrae

186 5115 506 5178 sanctitatis,
557 5111 740 5168 manui
769 5119 825 5167 et
872 5110 996 5167 ﬁdei
1025 5125 1136 5166 suae
1163 5111 1454 5175 commisit,
1486 5120 1756 5180 quatenus

192 5202 256 5230 ζιελ
299 5204 642 5230 ...Μελ-κοιίλη
718 5203 894 5230 δέδωκε
968 5201 1135 5230 νεηθθηῖ
1194 5200 1335 5230 ειηηῖιι
1395 5198 1573 5230 nne-nl:

191 5202 256 5230 δίει
299 5204 642 5230 ...Μελ-κοιίλη
718 5203 894 5230 δέδωκε
968 5201 1135 5230 νεηθθηῖ
1194 5200 1335 5230 ειηηῖιι
1395 5200 1573 5230 nne-nl:
1631 5215 1753 5230 num

1865 1949 2175 2003 auctaritati
2228 1950 2626 2006 transmittunt.
2664 1952 2742 2008 De
2784 1954 2953 2023 gestis
2977 1968 3108 2011 vero
3136 1970 3166 2010 a
3198 1955 3446 2013 Rothado

1861 2048 1984 2107 post
2030 2040 2640 2096 excommunicationem
2676 2046 2828 2098 suam
2869 2044 2923 2098 in
2948 2044 3267 2114 provinciali
3313 2060 3445 2118 syn-

1861 2129 1964 2186 odo
2012 2128 2343 2198 compilatis,
2396 2144 2514 2199 quae
2561 2145 2661 2200 per
2722 2132 2927 2189 vicinos
2968 2142 3182 2191 nostros
3248 2136 3317 2191 ad
3350 2151 3446 2192 vos

1862 2220 1917 2274 in
1971 2219 2374 2292 derogationem
2441 2231 2681 2276 nostram
2732 2224 3043 2292 pervenisse
3095 2224 3441 2291 audivimus,

1863 2310 2097 2379 episcopi
2124 2309 2451 2367 Rhemorum
2474 2312 2766 2381 provinciae
2781 2326 2879 2382 per
2904 2329 3215 2370 communes
3240 2317 3447 2387 legatos

1865 2408 2080 2456 nostros
2112 2410 2305 2456 vestra:
2330 2401 2610 2457 sanctitati
2642 2414 2762 2472 quas
2795 2403 2971 2459 sciunt
3000 2404 3253 2460 intimare
3284 2421 3445 2463 cura-

1864 2486 2008 2543 runt.

1935 2578 2070 2634 Item
2114 2590 2229 2651 post
2264 2581 2533 2653 aliquanta
2577 2584 2640 2638 de
2690 2584 3016 2653 promotione
3056 2584 3222 2655 ipsius
3256 2586 3438 2640 domui

1867 2666 2147 2722 Hincmari
2175 2670 2245 2724 ad
2279 2671 2653 2741 episcopatum,
2674 2688 2792 2742 qua!
2823 2673 2941 2743 jam
2979 2675 3217 2743 superius
3250 2677 3445 2746 partim

1863 2772 2156 2830 praenotata
2180 2778 2284 2819 non
2312 2767 2609 2821 curavimus
2640 2766 2724 2820 hic
2744 2765 3004 2821 iteranda.
3037 2764 3279 2838 Denique
3302 2784 3446 2839 prte-

1866 2846 1979 2904 fato
2016 2849 2201 2907 Ebone
2242 2850 2517 2919 defuncto,
2549 2853 2791 2909 Ecclesia
2826 2856 2923 2911 sed
2960 2862 3014 2910 et
3060 2857 3315 2927 parocbia
3350 2870 3448 2913 no-

1866 2944 2012 3003 stra,
2059 2939 2358 2996 secundum
2405 2943 2850 2998 consuetudinem
2902 2958 3066 3014 quam
3104 2959 3173 3001 ex
3221 2947 3446 3017 antiquo

1866 3026 2057 3082 habuit
2108 3029 2271 3099 etiam
2318 3029 2387 3085 de
2437 3031 2521 3087 his
2569 3033 2839 3104 episcopis
2887 3034 2980 3105 qui
3025 3034 3081 3089 in
3130 3036 3445 3108 episcopatu

1867 3125 2039 3185 usque
2068 3117 2137 3172 ad
2163 3118 2371 3174 obitum
2407 3119 2463 3175 in
2494 3121 2683 3177 eadem
2722 3122 2967 3179 Ecclesia
2994 3139 3100 3179 non
3128 3140 3444 3196 permanse-

1872 3214 2026 3270 runt,
2072 3207 2240 3278 ipsius
2280 3222 2477 3265 nomen
2526 3211 2668 3266 inter
2709 3222 3053 3270 sacrosancta
3099 3217 3356 3287 mysteria
3389 3218 3447 3273 in

1869 3292 2244 3363 episcoporum
2295 3298 2539 3370 catalogo
2586 3299 2816 3356 recitare
2862 3302 3079 3371 pietatis
3119 3305 3291 3374 gratia
3334 3319 3446 3362 cm-

1866 3384 1965 3453 pit,
1995 3397 2051 3441 et
2093 3387 2354 3444 hactenus
2398 3389 2547 3445 facit.
2577 3390 2728 3457 Quod
2770 3404 2889 3464 ego,
2921 3407 2990 3449 ne
3019 3395 3446 3451 scandalizarem

1867 3474 2121 3542 devotos,
2172 3478 2326 3547 quasi
2378 3479 2627 3536 invidens
2670 3481 2830 3538 saluti
2879 3484 3162 3551 fraternae,
3211 3487 3448 3543 maxime

1866 3572 2048 3621 autem
2090 3568 2421 3638 quiescentis
2470 3570 2525 3626 in
2567 3572 2795 3629 Domino
2834 3574 3047 3642 animae,
3074 3576 3169 3646 qui
3206 3592 3315 3634 non
3347 3592 3448 3648 pro

1866 3657 2264 3715 exorbitatione
2301 3674 2332 3713 a
2363 3660 2643 3717 catholicae
2686 3662 2813 3719 ﬁdei
2858 3665 3095 3720 sanitate
3132 3667 3448 3722 anathema-

1866 3757 1978 3811 tus,
2005 3748 2102 3802 sed
2131 3764 2227 3804 sua
2254 3751 2586 3805 conscientia
2615 3751 2925 3807 stimulante
2951 3754 3187 3821 primum
3212 3769 3244 3809 a
3269 3758 3447 3826 seipse

1866 3846 1923 3892 et
1945 3847 2135 3907 postea
2163 3854 2194 3892 a
2229 3840 2466 3910 synodo,
2496 3840 2590 3895 sed
2619 3848 2677 3895 et
2722 3841 3014 3910 apostolica
3051 3843 3181 3898 sede
3217 3844 3447 3902 damna-

1868 3933 1955 3984 tus
2000 3928 2239 3997 exstitit,
2291 3930 2395 3987 hoc
2442 3930 2733 4002 prohibere
2775 3932 2895 3989 sine
2941 3935 3251 4006 apostolica:
3302 3939 3449 3995 sedis
3512 3972 3521 3979 ο

1864 4020 2186 4077 auctoritate
2234 4035 2583 4093 nequaquam
2613 4025 2966 4095 pmsumpsi,
3017 4027 3232 4085 dicente
3284 4030 3448 4086 beato

1861 4109 2159 4169 Caelestino
2201 4127 2363 4185 papa,
2393 4114 2521 4179 quia
2560 4112 2714 4192 nefas
2752 4124 2837 4170 est
2869 4118 2986 4174 haec
3017 4118 3129 4189 pati
3163 4116 3449 4192 religiosas

1860 4203 2090 4269 animas,
2113 4217 2344 4274 quarum
2365 4202 2673 4270 aﬂlictione,
2697 4205 2789 4275 qui
2814 4208 3058 4264 membra
3086 4219 3273 4267 nostra
3292 4223 3441 4279 sunt,

1861 4306 1960 4347 nos
1994 4306 2211 4362 quoque
2239 4293 2493 4349 convenit
2541 4295 2825 4350 macerari.
2850 4294 3003 4352 Nunc
3041 4307 3224 4356 autem
3249 4301 3303 4356 in
3331 4305 3447 4374 epi-
3505 4310 3513 4351 ξ

1861 4382 2014 4438 stolis
2041 4382 2350 4439 sanctitatis
2380 4392 2593 4450 vestrae,
2621 4398 2758 4454 quas
2785 4385 3152 4456 Engeluvinus
3181 4390 3444 4449 diaconus

1860 4474 2018 4530 nobis
2046 4474 2246 4540 attulit,
2277 4475 2582 4531 invenimus
2609 4484 2671 4531 ut
2697 4475 3063 4550 Teotgaudum
3107 4491 3165 4538 et
3196 4482 3446 4540 Gunthe-

1862 4565 2004 4619 rium
2048 4564 2104 4619 in
2148 4564 2396 4636 catalogo
2423 4566 2800 4636 episcoporum
2842 4584 2950 4624 non
2991 4570 3338 4643 recipiamus.
3375 4574 3443 4628 Et

1858 4655 2258 4711 Antiochenum
2298 4655 2605 4720 concilium,
2638 4664 2699 4712 ut
2746 4659 3129 4728 przemisimus,
3158 4670 3214 4717 et
3245 4663 3440 4720 melius

1860 4746 1963 4817 ipsi
2003 4747 2177 4814 scitis,
2223 4748 2291 4803 de
2319 4760 2384 4804 eo
2412 4748 2504 4818 qui
2533 4757 2655 4819 post
2678 4749 3082 4809 damnationem
3114 4754 3271 4824 juxta
3303 4768 3443 4824 prm-

1858 4838 2137 4894 cedentem
2184 4838 2633 4894 consuetudinem
2674 4841 2982 4912 episcopale
3022 4843 3303 4913 praesumit
3339 4846 3442 4898 mi-

1859 4926 2161 4991 nisterium,
2195 4927 2341 4997 quod
2386 4927 2628 4984 Ebonem
2669 4928 2867 4986 fecisse
2913 4947 3021 4988 non
3064 4930 3288 4986 dubium
3333 4940 3438 4996 est,

1859 5017 2160 5075 rescribere
2200 5016 2336 5073 mihi
2383 5019 2634 5091 dignetur
2667 5021 2965 5091 apostolica
2994 5028 3178 5078 vestra
3207 5020 3442 5073 auctori-

1859 5118 1963 5175 tas,
1993 5116 2177 5163 utrum
2212 5108 2463 5163 eumdem
2505 5109 2748 5165 Ebonem
2781 5109 2931 5169 inter
2962 5112 3243 5183 episcopos
3271 5104 3326 5160 in
3357 5120 3444 5162 sa-

1857 5197 1965 5230 lsa-ia
2009 5194 2240 5230 ﬂunlinic
2284 5194 2336 5230 in
2367 5195 2605 5230 Πηηιοοῖη
2655 5205 2839 5230 ηΛοΙιυι
2891 5198 3175 5230 ...κη-ξενίη
3215 5194 3445 5230 Μι-ιηῖι-
