4046 6284
565 403 634 456 45

1503 397 1830 453 HINCMARI
1879 393 2268 450 RHEMENSIS
2311 391 2822 450 ARCUIEPISCOPI

3733 393 3804 451 ω

571 522 638 576 de
669 516 1015 575 damnatione
1051 523 1106 571 et
1139 514 1436 572 reclusione
1473 514 1808 570 Gothescalci
1853 513 2137 569 habuissc-
2166 517 2216 576 Α
2243 524 2361 564 sum
2392 510 2671 565 catholicis
2705 509 2927 564 auribus
2955 507 3257 578 displicere,
3287 521 3542 565 revocare
3561 523 3620 565 se
3647 525 3678 565 a
3708 526 3803 568 sua

567 613 661 670 tis.
687 613 841 670 Unde
876 611 1130 681 quoniam
1160 624 1257 678 per
1283 608 1416 664 alios
1449 605 1564 675 jam
1611 607 1884 662 audieram
1913 609 1978 661 ad
2008 623 2137 662 san-

579 704 818 759 ctitatem
866 709 1098 756 vestram
1144 699 1308 752 verba
1363 697 1605 761 venisse,
1661 697 1780 751 misi
1831 695 2139 750 auctoritati

575 804 766 850 vestra:
791 793 1031 861 quredam
1073 804 1138 844 ex
1174 788 1352 843 verbis
1386 797 1440 844 ct
1477 787 1862 843 catholicormn
1895 788 2141 842 sensibus

573 885 627 937 in
673 880 866 943 rotula,
909 877 1139 946 qualiter
1185 886 1370 931 contra
1412 875 1578 946 ipsius
1627 876 1864 944 pestiferi
1905 876 2140 930 hominis

571 986 786 1027 sensum
833 969 1098 1032 sentiam,
1142 981 1239 1037 per
1281 964 1519 1020 Odoncm
1561 965 1889 1033 episcopum,
1921 974 1974 1018 et
2005 965 2138 1019 nihil

572 1065 694 1118 inde
722 1059 1091 1131 responsionis
1115 1058 1361 1126 accipere
1393 1057 1583 1110 merui.
1622 1056 1694 1110 De
1719 1072 1824 1124 quo
1867 1056 2134 1111 nihilomio

572 1169 673 1208 nus
718 1162 777 1206 ut
818 1152 1095 1207 redderem
1137 1149 1422 1210 rationem,
1454 1148 1668 1216 quidam
1700 1147 1956 1217 episcopi,
2004 1162 2136 1216 quo-

572 1256 690 1296 rum
739 1239 872 1293 nihil
922 1237 987 1290 de
1035 1236 1124 1289 illo
1174 1235 1448 1298 intererat,
1481 1235 1735 1304 quoniam
1789 1250 1889 1290 nec
1935 1250 2047 1301 eos,
2080 1244 2140 1289 ut

570 1331 673 1404 ipsi
705 1328 1008 1385 manifestis
1040 1326 1252 1381 indiciis
1277 1327 1647 1396 prodiderunt,
1673 1327 1737 1380 ad
1771 1327 1870 1380 hoc
1901 1327 2136 1382 Charitas

569 1420 966 1482 commovebat,
991 1430 1090 1471 nec
1132 1416 1426 1477 auctoritas
1457 1416 1772 1480 deducebat,
1799 1431 1882 1470 me
1913 1419 1977 1470 ad
2008 1432 2135 1471 con-

565 1511 875 1565 ciliabulum
908 1525 1077 1578 nuper
1107 1508 1260 1564 Melis
1289 1509 1562 1572 habitum,
1591 1509 1733 1578 quod
1781 1509 1961 1563 vocari
2011 1525 2136 1580 syn-

567 1600 730 1653 odum
755 1600 1031 1664 vetuistis,
1068 1599 1205 1653 sicut
1235 1599 1474 1668 intelligo
1495 1638 1508 1661 ,
1546 1599 1914 1668 irregulariter
1943 1609 2134 1668 quarto

567 1688 652 1741 die
679 1697 964 1756 antequam
988 1695 1423 1756 congregarctur,
1453 1702 1574 1740 cum
1605 1702 1704 1755 ego
1738 1687 1948 1756 longius
1972 1703 2132 1756 quant

567 1777 858 1844 octoginta,
885 1784 939 1829 et
985 1775 1124 1828 idem
1175 1775 1560 1830 Gothescalcus
1599 1775 1874 1845 plusquam
1915 1785 2132 1830 centum

2242 599 2491 679 Opinione
2531 599 2816 664 debuerat,
2858 613 2959 653 nec
2988 598 3062 652 ita
3090 598 3341 652 Ecclesia:
3378 598 3634 667 praesules
3663 615 3804 656 com-

2241 705 2480 754 movere,
2509 697 2568 743 ut
2601 687 2958 744 damnationis
2986 687 3309 742 sententiam
3345 700 3646 743 mereretur
3667 693 3806 746 exci-

2239 793 2385 849 pere.
2423 777 2594 844 Quam
2625 779 2832 847 utique,
2857 779 2902 833 si
2933 777 2985 832 in
3016 793 3115 832 suo
3140 792 3301 832 sensu
3339 778 3568 833 voluerit
3595 795 3805 847 perma-

2240 883 2391 934 nere,
2416 869 2594 923 nullus
2622 869 2823 938 poterit
2864 869 3128 924 relaxare.
3166 868 3211 922 Α
3242 884 3345 938 qua
3387 870 3728 926 damnatione
3761 875 3804 928 si

2237 959 2492 1015 voluisset
2522 961 2588 1015 ad
2613 976 2829 1015 sensum
2864 960 3184 1015 catholicum
3226 961 3559 1029 resipiscere,
3589 975 3806 1031 paratus

2239 1064 2450 1118 semper
2480 1049 2552 1103 fui
2592 1060 2646 1104 et
2688 1066 2829 1115 sum,
2859 1051 3114 1119 quoniam
3146 1051 3225 1106 sic
3252 1053 3588 1108 venerabiles
3608 1053 3808 1121 judica-

2239 1149 2432 1194 veruut
2461 1141 2718 1208 episcopi,
2747 1155 2868 1195 eum
2903 1141 2955 1194 in
2992 1140 3270 1195 catholicae
3299 1141 3546 1196 Ecclesia:
3571 1159 3806 1198 commu-

2239 1229 2454 1284 nionem
2498 1231 2757 1300 recipere,
2803 1231 2940 1285 sicut
2981 1232 3027 1285 ei
3061 1229 3225 1298 iubeo
3265 1246 3387 1300 qua:
3429 1243 3553 1286 sunt
3594 1235 3807 1303 corpori

2238 1322 2542 1375 necessaria
2588 1322 2915 1378 ministrare.

2309 1411 2364 1465 Si
2393 1421 2567 1466 autem
2598 1421 2775 1467 vestra
2799 1414 3059 1468 catholica
3083 1416 3344 1485 sapientia
3383 1417 3496 1470 vult
3516 1419 3658 1474 scire
3685 1434 3804 1489 qum

2237 1512 2421 1556 contra
2444 1501 2763 1556 catholicam
2789 1502 2946 1558 fidem
2976 1518 3043 1557 ex
3089 1505 3257 1559 veteri
3304 1506 3494 1561 haeresi
3526 1507 3808 1564 Prmdesti-

2239 1592 2473 1656 natiana,
2503 1607 2620 1661 qua:
2641 1593 2872 1661 primum
2901 1593 2952 1646 in
2981 1593 3181 1659 Africa,
3211 1603 3394 1664 postea
3421 1597 3473 1650 in
3502 1596 3686 1652 Galliis
3713 1614 3808 1667 per

2237 1685 2375 1739 idem
2431 1693 2679 1754 tempus,
2727 1687 2942 1754 quando
2985 1695 3039 1741 et
3088 1687 3404 1743 Nestoriana
3454 1692 3674 1746 hmresis
3725 1700 3809 1747 est

2237 1786 2442 1840 exorta,
2479 1786 2533 1830 et
2569 1785 2806 1846 tempore
2834 1777 3102 1832 Caelestini
3135 1794 3304 1849 papa),
3358 1780 3524 1848 ipsius
3574 1781 3810 1834 auctori-

564 1866 800 1919 millibus
827 1867 896 1920 ab
925 1867 1037 1935 ipsa
1063 1866 1278 1920 civitate
1301 1867 1560 1936 disparati
1595 1882 1856 1931 essemus,
1886 1865 2017 1921 nihil
2047 1880 2130 1921 me
2162 1857 2207 1920 Β
2239 1879 2364 1933 tate,
2399 1879 2452 1925 et
2477 1871 2727 1926 instantia
2757 1871 2928 1925 sancti
2961 1871 3209 1940 Prosperi
3237 1879 3319 1926 est
3356 1872 3579 1937 revicta,
3627 1873 3813 1928 dicere

563 1964 688 2008 ante
723 1955 1096 2023 praimonitum
1143 1970 1240 2024 per
1281 1955 1566 2024 quemdam
1615 1955 1807 2011 laicum
1859 1957 2127 2012 hominem

559 2041 754 2098 litteris
781 2053 1125 2098 vocaverunt.
1153 2045 1217 2098 Et
1243 2061 1384 2099 nunc
1414 2045 1532 2100 ideo
1557 2046 1790 2100 breviter
1816 2047 1880 2100 de
1908 2061 1972 2100 co
2007 2062 2130 2100 san-

560 2132 732 2186 ctitati
773 2143 967 2188 vestra:
997 2144 1246 2204 Suggero,
1275 2135 1530 2205 quoniam
1573 2143 1861 2204 antequam
1907 2138 1974 2190 ad
2009 2136 2126 2205 epi-

559 2233 812 2292 scopatus
856 2225 1102 2280 ordinem
1148 2227 1504 2295 pervenirem,
1537 2228 1676 2282 sicut
1712 2229 1878 2282 abbas
1918 2244 2045 2282 suus
2075 2239 2130 2282 et

560 2315 832 2379 monachi,
864 2315 1004 2370 inter
1039 2331 1175 2386 quos
1205 2315 1379 2370 fuerat
1407 2326 1777 2382 conversatus,
1806 2319 1854 2372 ei
1889 2319 2128 2372 testimo-

557 2401 704 2455 nium
746 2404 1053 2472 perhibent,
1079 2404 1130 2457 in
1177 2405 1487 2472 metropolis
1518 2406 1770 2462 Ecclesia:
1799 2404 2126 2462 Rhemorum

555 2497 884 2550 monasterio
922 2498 975 2550 in
1023 2496 1346 2552 Suessonica
1395 2499 1672 2568 parochia,
1716 2501 1856 2570 quod
1885 2500 2126 2556 Orlsacus

555 2583 773 2646 dicitur,
821 2584 1003 2637 habitu
1058 2584 1377 2647 monachus,
1429 2594 1609 2640 mente
1657 2587 1879 2651 ferinus,
1926 2589 2126 2656 quietis

556 2671 862 2740 impatiens,
907 2680 961 2724 et
1004 2686 1195 2726 vocum
1239 2673 1478 2726 novitate
1528 2673 1820 2738 delectans,
1871 2689 1936 2728 ac
1987 2675 2126 2728 inter

556 2774 682 2813 suos
729 2759 1026 2814 mobilitate
1073 2761 1232 2814 noxia
1279 2760 1584 2831 singularis,
1615 2763 1681 2817 de
1722 2763 1970 2819 omnibus
2005 2780 2124 2834 quae

554 2849 610 2906 in
671 2850 756 2906 his
811 2851 1117 2920 regionibus
1166 2866 1417 2922 perverse
1469 2862 1595 2907 tunc
1654 2854 1907 2924 temporis
1962 2870 2121 2910 sensa

553 2955 899 3016 cognoverat,
933 2947 1174 3016 quaedam
1201 2947 1304 3002 sibi
1330 2947 1489 3018 elegit
1517 2948 1771 3018 capitula,
1800 2957 1858 3002 ut
1885 2949 2122 3004 novitate

552 3051 745 3090 vocum
792 3037 1052 3092 inuotesci
1091 3036 1310 3103 valeret,
1356 3041 1518 3108 utque
1569 3039 1890 3110 simplicium
1938 3050 1991 3094 et
2034 3040 2121 3095 de-

550 3137 826 3196 ceptorum
881 3142 1071 3182 sensus
1127 3136 1463 3197 pervertere,
1519 3137 1572 3184 et
1624 3129 1864 3200 magistri
1921 3145 2114 3185 nomen

2231 1958 2494 2024 videatur,
2524 1961 2590 2013 de
2639 1959 2818 2014 multis
2862 1974 3031 2028 pauca
3070 1961 3220 2015 vobis
3263 1976 3507 2026 numero,
3560 1963 3651 2017 sed
3701 1978 3805 2016 non

2230 2049 2484 2118 pondere,
2507 2047 2836 2117 capitulatim
2861 2048 3242 2117 significamus.
3275 2049 3434 2115 Dicit,
3458 2052 3602 2119 quod
3628 2059 3682 2105 et
3711 2065 3805 2103 ve-

2231 2145 2374 2191 teres
2405 2136 2866 2191 Przedestiuatiani
2893 2138 3159 2202 dixerunt,
3198 2140 3450 2207 quoniam
3500 2140 3639 2193 sicut
3666 2141 3808 2193 Deus

2230 2225 2488 2294 quosdam
2518 2226 2585 2279 ad
2613 2227 2777 2278 vitam
2809 2235 3086 2289 aeternam,
3135 2227 3207 2278 ita
3238 2227 3495 2295 quosdam
3527 2226 3806 2295 praedesti-

2229 2319 2464 2373 navitad
2499 2327 2725 2373 mortem
2777 2327 3054 2372 aeternam.
3107 2318 3263 2382 Dicit,
3319 2318 3460 2387 quod
3497 2325 3554 2372 et
3596 2327 3807 2372 veteres

2229 2407 2693 2464 PraideStinatiani
2721 2408 2991 2473 dixerunt,
3037 2409 3289 2477 quoniam
3339 2422 3444 2462 non
3500 2407 3614 2461 vult
3667 2409 3807 2461 Deus

2228 2513 2414 2553 omnes
2443 2498 2688 2552 homines
2727 2498 2900 2552 salvos
2933 2497 3066 2562 fieri,
3109 2498 3201 2552 sed
3229 2505 3432 2551 tantum
3461 2511 3557 2552 eos
3577 2496 3668 2565 qui
3698 2494 3807 2550 sal-

2231 2596 2456 2652 vautur;
2500 2603 2687 2642 omnes
2725 2596 2902 2640 autem
2932 2586 3127 2640 salvari
3149 2601 3497 2655 quoscunque
3545 2586 3658 2654 ipsc
3705 2584 3808 2638 sal-

2226 2675 2618 2739 vare‘voluerit,
2658 2690 2721 2729 ac
2747 2690 2843 2743 per
2867 2676 2968 2729 hoc
3010 2675 3316 2744 quicunque
3353 2690 3457 2728 non
3512 2675 3805 2734 salvantur,

2225 2764 2436 2833 penitus
2467 2779 2570 2818 non
2600 2778 2719 2818 esse
2739 2763 3041 2818 voluntatis
3065 2764 3208 2818 illius
3232 2774 3290 2818 ut
3324 2765 3626 2820 solventur.
3656 2765 3803 2831 Quo-

2225 2856 2368 2909 niam
2397 2856 2438 2910 si
2469 2871 2571 2910 non
2597 2870 2783 2910 omnes
2811 2856 3090 2910 salvantur
3109 2871 3246 2926 quos
3283 2856 3397 2909 vult
3445 2857 3592 2911 Deus
3631 2855 3807 2910 salvos

2226 2946 2362 3010 ﬁeri,
2391 2963 2492 3001 non
2517 2946 2696 3000 omnia
2747 2961 3078 3015 quarcunque
3106 2945 3268 3000 voluit
3302 2945 3460 3011 fecit;
3509 2956 3563 2999 et
3603 2945 3650 2998 si
3697 2942 3806 2996 vult

2225 3036 2367 3106 quod
2389 3053 2492 3090 non
2518 3045 2712 3105 potest,
2745 3052 2850 3090 non
2875 3037 3237 3105 omnipotens,
3288 3038 3382 3092 sed
3406 3035 3656 3090 infirmus
3701 3041 3800 3086 est.

2226 3128 2319 3183 Est
2349 3139 2527 3183 autem
2558 3128 2901 3198 omnipotens
2930 3129 3020 3196 qui
3045 3125 3174 3181 fecit
3203 3127 3568 3197 quodcunque
3613 3123 3800 3185 voluit,

551 3219 863 3288 usurpando
896 3228 1016 3289 post
1061 3233 1119 3274 se
1160 3219 1448 3290 discipulos
1492 3222 1728 3287 trahere,
1775 3222 1989 3291 illisque
2029 3223 2120 3292 qui
2148 3201 2195 3264 ο
2226 3219 2434 3273 dicente
2455 3217 2730 3287 Scriptura
2765 3235 2776 3271 :
2811 3217 3004 3271 Omnia
3047 3232 3367 3288 quiecunque
3421 3218 3581 3272 voluit
3625 3214 3804 3269 Domi-

549 3309 618 3363 ad
637 3325 731 3363 sua
757 3321 874 3364 vota
904 3311 1209 3378 prurientes
1230 3312 1448 3366 auribus
1476 3313 1761 3384 magistros
1786 3313 1885 3368 sibi
1910 3329 2120 3369 coacero

550 3398 680 3453 var'e
705 3400 1005 3464 decertant,
1043 3416 1282 3470 quairere
1310 3401 1564 3467 indebitc,
1602 3403 1855 3471 quoniam
1884 3403 2120 3474 legitime

547 3504 654 3542 non
691 3497 920 3557 poterat,
960 3491 1300 3546 simulatione
1341 3491 1463 3544 vitae
1504 3491 1766 3562 religiosa:
1795 3501 1848 3545 et
1877 3491 2120 3546 doctrina

547 3595 799 3648 praeesse.
851 3579 1059 3651 Quique
1111 3597 1140 3635 a
1191 3581 1517 3636 llhemorum
1571 3581 1982 3650 chorepiscopo,
2030 3580 2119 3649 qui

547 3680 676 3726 tunc
721 3681 862 3736 erat,
907 3681 1098 3728 contra
1147 3671 1359 3743 regulas
1403 3673 1686 3742 presbyter
1730 3672 2045 3734 ordinatus,
2090 3688 2119 3726 a

547 3765 875 3819 monasterio
921 3763 1289 3834 irregulariter
1325 3764 1541 3827 exiens,
1594 3763 1896 3833 peragratis
1945 3763 2122 3831 regio-

545 3852 704 3908 nibus
751 3852 1016 3922 plurimis,
1060 3860 1114 3906 et
1146 3851 1375 3906 exitiosa
1418 3851 1621 3906 semina
1671 3858 1820 3904 sator
1856 3850 2120 3919 pessimus

545 3945 851 4008 seminans,
918 3943 1133 3995 tandem
1183 3941 1236 3994 in
1291 3940 1598 4009 Moguntina
1655 3939 1872 3994 civitate
1926 3939 2119 3992 habita:

546 4035 748 4105 synodo
801 4042 856 4088 et
899 4034 1118 4088 Rabano
1155 4035 1561 4103 archiepiscopo
1597 4034 1837 4088 libellum
1863 4034 1944 4087 sui
1974 4047 2119 4086 erro-

542 4123 620 4179 ris
651 4123 949 4193 porrigens,
980 4124 1265 4178 damnatus
1293 4121 1372 4176 ab'
1397 4120 1645 4177 omnibus
1668 4119 1970 4175 Germaniae
1999 4121 2115 4188 epi-

544 4215 750 4283 scopis,
804 4228 925 4268 cum
992 4213 1184 4268 litteris
1245 4212 1589 4283 synodalibus
1644 4210 1710 4264 ad
1773 4209 2116 4279 mctrOpolim

544 4304 896 4367 Rhemorum,
922 4303 1006 4358 cui
1041 4302 1153 4371 jam
1184 4312 1404 4357 auctore
1450 4301 1678 4355 Domino
1718 4315 2000 4367 prmeram,
2034 4308 2118 4353 est

545 4395 824 4449 remissus.
870 4393 1060 4448 Postea
1105 4401 1283 4448 autem
1327 4407 1358 4446 a
1403 4390 1646 4461 Belgicm,
1681 4389 2011 4444 Rhemorum
2053 4404 2116 4442 ac

541 4483 835 4539 Galliarum
883 4484 1280 4554 provinciarum
1329 4482 1595 4564 episcopis
1647 4479 1891 4545 auditus,
1932 4489 1985 4534 et
2034 4478 2116 4532 in-

2222 3327 2318 3363 nus
2349 3310 2468 3379 fecit
2491 3311 2541 3362 in
2570 3309 2693 3363 ccelo
2723 3321 2769 3363 et
2799 3311 2851 3362 in
2887 3321 3050 3376 terra,
3074 3312 3126 3363 in
3170 3312 3305 3364 mari
3359 3319 3408 3364 et
3463 3311 3519 3364 in
3561 3308 3802 3363 omnibus

2221 3400 2419 3470 abyssis
2449 3399 2617 3470 (Psal.
2647 3415 2867 3463 cxxxtv,
2897 3399 2984 3468 6);
3020 3409 3074 3453 et
3106 3400 3232 3454 item
3259 3417 3272 3453 :
3303 3399 3370 3452 In
3403 3400 3798 3458 roluntaletna,

2221 3490 2462 3554 Domine,
2491 3501 2675 3544 cuncta
2701 3500 2820 3544 sunt
2841 3491 3026 3559 posita,
3067 3500 3240 3543 etnon
3273 3499 3346 3543 est
3377 3492 3467 3559 qui
3513 3489 3675 3559 possit
3720 3501 3802 3539 re-

2222 3586 2399 3640 sistere
2428 3595 2530 3638 tum
2558 3585 2806 3639 voluntati
2835 3600 2852 3637 :
2877 3585 2922 3636 si
2949 3584 3234 3637 decreveris
3275 3583 3476 3637 salvere
3505 3599 3619 3644 nos,
3673 3596 3798 3632 εοηο

2221 3678 2366 3729 ιὶηιιο
2396 3677 2725 3731 liberabimur
2754 3673 2966 3745 (Esther
2990 3692 3107 3738 xm,
3136 3674 3213 3746 9).
3261 3674 3428 3736 Dicit,
3461 3674 3607 3743 quod
3633 3679 3688 3725 et
3712 3683 3800 3722 νει

2223 3776 2365 3820 teres
2402 3766 2860 3820 Prmdestinatiani
2894 3765 3170 3828 dixerunt,
3199 3766 3342 3833 quod
3370 3781 3473 3818 non
3502 3779 3601 3833 pro
3630 3761 3797 3815 totius

2223 3855 2403 3908 mundi
2437 3855 2822 3923 redemptione,
2857 3854 2908 3907 id
2939 3865 3024 3909 est
3055 3869 3159 3908 nou
3208 3868 3303 3922 pro
3341 3854 3584 3907 omnium
3628 3847 3798 3905 homi-

2221 3962 2348 4000 num
2369 3946 2551 4016 salute
2579 3955 2632 3998 et
2665 3945 3028 4012 redemptione
3058 3945 3315 3998 Dominus
3345 3952 3399 3997 et
3423 3943 3677 3997 Salvator
3699 3951 3795 3992 no-

2221 4045 2331 4090 ster
2359 4015 2514 4089 jcsus
2536 4033 2782 4088 Christus
2829 4035 2898 4087 sit
2951 4033 3244 4087 cruciﬁxus
3279 4044 3336 4088 et
3385 4041 3656 4094 mortuus,
3706 4024 3797 4082 sed

2223 4135 2426 4180 tantum
2451 4141 2547 4195 pro
2576 4125 2660 4179 his
2687 4126 2779 4195 qui
2809 4125 3108 4178 salvantur.
3158 4124 3299 4179 Dicit
3345 4140 3570 4196 quoquo
3619 4119 3794 4180 modo,

2221 4215 2419 4286 dispari
2450 4215 2754 4276 traditione,
2785 4214 2876 4269 sed
2903 4214 3017 4283 pari
3045 4228 3254 4278 errore,
3295 4216 3439 4284 quod
3493 4222 3550 4269 et
3592 4216 3797 4264 veteres

2220 4306 2684 4364 Prmdestiuatiani
2715 4307 2989 4370 dixerunt,
3018 4320 3294 4374 exponens
3317 4305 3647 4362 sententiam
3668 4310 3795 4366 apo-

2220 4401 2340 4456 stoli
2372 4402 2535 4466 Petri,
2565 4418 2680 4454 enin
2703 4402 2791 4470 qui
2815 4401 2933 4454 emit
2962 4417 3047 4454 eos
3077 4410 3318 4470 negantes
3341 4398 3390 4471 (1
3398 4399 3426 4452 1
3467 4397 3606 4452 Pelr.
3633 4407 3691 4452 ιι,
3723 4386 3798 4455 1)-

2222 4495 2502 4564 Baplismi,
2534 4495 2725 4564 inquit,
2754 4503 3097 4548 sacramento
3127 4508 3220 4548 eos
3247 4493 3401 4556 emit,
3464 4505 3570 4546 non
3623 4491 3794 4538 tamen

542 4585 737 4628 ventus
766 4575 1066 4637 haereticus,
1098 4573 1223 4643 quia
1257 4559 1494 4642 resipisci
1528 4586 1558 4624 a
1590 4586 1686 4624 sua
1715 4569 1982 4638 pravitate
2009 4583 2113 4622 non
2149 4559 2196 4619 D
2223 4559 2319 4658 ρης
2345 4587 2424 4642 eis
2458 4559 2671 4640 ρειυςέηι
2699 4585 2880 4649 subiit,
2925 4600 3096 4654 neque
3129 4591 3357 4638 mortem
3405 4575 3650 4651 pertulit,
3706 4578 3796 4621 ne-

540 4663 731 4728 voluit,
762 4677 828 4716 ne
868 4663 986 4717 aliis
1025 4671 1245 4716 noceret
1296 4661 1386 4730 qui
1431 4660 1532 4714 sibi
1579 4660 1832 4729 prodesse
1875 4659 2112 4722 nolebat,

536 4752 743 4821 judicio
788 4753 1134 4823 praefatarum
1183 4750 1580 4820 provinciarum
1629 4749 2024 4818 episc0porum,
2059 4747 2111 4800 in

540 4854 725 4902 nostra
771 4845 1046 4914 parochia,
1078 4845 1330 4914 quoniam
1377 4841 1671 4907 Rothadus,
1703 4841 1767 4896 de
1815 4839 1965 4909 cujus
2015 4855 2110 4908 pa-

541 4937 726 4992 rochia
776 4944 926 4999 erat,
968 4935 1043 4988 illi
1091 4934 1369 4989 nesciebat
1418 4933 1705 4996 resistere,
1751 4939 1806 4986 et
1849 4930 2112 4983 novitates

541 5043 730 5082 amans
758 5027 1048 5080 timebatur
1078 5040 1106 5077 a
1141 5023 1293 5076 nobis
1331 5037 1397 5076 ne
1435 5022 1666 5076 disceret
1695 5035 1858 5090 prava
1888 5019 2109 5082 sentire,

539 5118 632 5186 qui
672 5115 842 5172 noluit
871 5114 1078 5170 discere
1113 5121 1259 5167 recta
1299 5112 1513 5175 docere,
1547 5125 1679 5164 neve
1723 5111 1860 5162 idem
1905 5107 2110 5162 Gothe-

540 5206 766 5272 scalcus,
795 5219 915 5259 cum
957 5202 1079 5257 aliis
1113 5215 1452 5258 communem
1480 5201 1646 5254 vitam
1682 5199 1900 5263 ducens,
1934 5198 2106 5253 errori

538 5313 634 5352 suo
671 5297 874 5354 faceret
919 5310 1040 5351 esse
1077 5307 1411 5358 communes,
1440 5291 1806 5348 monasteriali
1851 5291 2107 5346 custodia:

540 5389 880 5458 mancipatus
922 5397 1024 5454 est,
1063 5387 1290 5442 docente
1321 5385 1616 5455 Apostolo:
1650 5382 1972 5438 lliercticum
2015 5380 2106 5435 ho-

533 5479 741 5536 minem
764 5487 885 5548 post
913 5479 1139 5549 primam
1172 5485 1225 5531 et
1253 5475 1542 5532 secundam
1583 5472 1980 5543 correptionem
2007 5468 2100 5524 de-

533 5573 670 5634 vita,
700 5570 878 5624 sciens
923 5571 1239 5624 subversum
1279 5581 1402 5623 esse
1447 5563 1749 5634 huiusmodi
1795 5571 1848 5617 et
1888 5559 2140 5632 proprio-

526 5662 732 5730 judicio
761 5659 1174 5714 condemnatum
1198 5659 1323 5729 (Tit.
1355 5672 1439 5722 Ill,
1469 5654 1578 5725 10).
1605 5653 1706 5719 Qui
1740 5661 1801 5706 ut
1835 5652 1943 5707 Leo
1969 5667 2104 5722 papa

533 5756 598 5808 dc
629 5751 868 5812 Eutvche
901 5748 1052 5815 dicit,
1085 5763 1205 5802 cum
1229 5749 1433 5804 videret
1475 5745 1794 5815 insipientia:
1837 5760 1947 5802 suae
1988 5760 2106 5801 sen-

2224 4692 2326 4746 que
2353 4676 2676 4746 sanguinem
2709 4676 2863 4729 fudit.
2897 4675 3048 4741 Quod
3098 4682 3277 4727 autem
3326 4667 3578 4741 baptismi
3612 4671 3791 4733 perce-

2222 4767 2333 4836 ptio
2362 4767 2659 4834 redemptio
2684 4774 3044 4833 nuncupatur,
3072 4764 3258 4816 doctor
3286 4761 3527 4828 gentium
3559 4746 3785 4808 manife-

2221 4867 2302 4911 ste
2335 4857 2533 4909 fatetur
2561 4874 2574 4909 :
2607 4855 2783 4908 Nolite
2810 4857 3140 4918 contristare,
3175 4853 3368 4921 inquit,
3394 4848 3648 4920 Spiritum
3671 4851 3787 4892 san-

2220 4956 2358 4998 ctum
2385 4943 2499 5009 Dei,
2550 4944 2603 4997 in
2649 4961 2749 5014 quo
2790 4944 2981 5013 signati
3027 4943 3148 4996 estis
3202 4943 3252 4994 in
3303 4941 3388 4993 die
3428 4924 3786 5000 redemptionis

2222 5033 2438 5104 (Ερίιεδο
2472 5050 2548 5099 ιν,
2571 5034 2682 5104 50).
2718 5034 2786 5087 At
2809 5034 2895 5088 illa
2927 5051 3045 5104 qua:
3075 5033 3290 5102 propria
3315 5040 3370 5085 et
3416 5023 3663 5099 specialis
3705 5021 3783 5069 est

2217 5125 2453 5180 solorum
2482 5125 2720 5179 omnium
2753 5125 3065 5187 electorum,
3117 5137 3278 5192 quam
3306 5123 3384 5177 eis
3419 5105 3782 5175 tantummodo

2217 5216 2507 5270 crucifixus
2536 5215 2830 5285 impertivit
2860 5216 2978 5283 pius
3013 5213 3340 5281 Redemptor
3361 5213 3618 5282 ipsorum,
3649 5197 3780 5252 sicut

2215 5321 2243 5360 a
2280 5306 2590 5375 praitcritis,
2646 5307 2718 5360 ita
2768 5305 3019 5359 nimirum
3045 5320 3074 5358 a
3106 5304 3480 5374 priesentibus,
3539 5300 3690 5348 natos

2213 5398 2536 5464 nascituros,
2569 5399 2719 5452 vivos
2745 5405 2799 5452 et
2829 5404 3090 5461 mortuos,
3143 5393 3397 5449 videlicet
3425 5397 3614 5446 omnes
3639 5385 3778 5469 Pi)":

2217 5501 2296 5547 ter
2326 5491 2528 5546 electos
2556 5489 2803 5552 redemit,
2844 5489 3009 5553 eruit,
3057 5487 3336 5556 abluilque
3371 5476 3626 5554 peccatis.
3679 5465 3778 5558 Ιρξί

2213 5599 2453 5654 prorsus,
2490 5582 2591 5653 ipsi
2622 5590 2746 5636 sunt
2773 5579 3005 5634 mundus
3031 5593 3130 5648 pro
3159 5591 3266 5647 quo
3290 5586 3480 5646 passus
3501 5571 3583 5620 est
3607 5560 3778 5654 Domi:

2214 5649 2333 5740 nus,
2359 5682 2416 5728 ut
2441 5649 2555 5742 ipso
2581 5672 2714 5726 dixit
2748 5689 2760 5724 :
2793 5667 2958 5724 Panis
2985 5685 3135 5739 quem
3158 5683 3249 5736 ego
3279 5664 3490 5722 dedero,

2241 5777 2284 5818 ιι
2320 5731 2410 5820 ι)νο
2439 5731 2619 5819 iniiinii
2650 5764 2751 5817 rita
2775 5761 2956 5822 anu.
2985 5731 3056 5828 (vi,
3086 5731 3204 5829 52):
3233 5757 3300 5813 Et
3329 5757 3459 5811 item
3485 5739 3610 5802 alibi
3644 5731 3778 5787 idem
