4018 5392
201 427 264 483 45

1630 403 2006 462 EPISTOLIE.

3351 404 3423 457 ιδ

201 529 570 592 Gothescalcus
616 527 843 584 scribit:
883 546 900 578 ι
929 525 1083 580 Absit
1124 522 1308 593 procul
1349 535 1379 574 a
1407 532 1510 583 me,
1561 526 1620 572 ut
1664 517 1748 570 vel
1776 521 1825 577 Α
1853 521 1990 566 tare.
2023 510 2178 568 Unde
2204 526 2308 567 non
2337 513 2509 568 solum
2542 512 2735 568 idiotas
2780 512 2833 565 in
2878 510 3290 566 admirationem
3334 515 3418 568 sui

202 625 319 681 illud
346 621 679 676 solummodo
701 618 858 672 velim
890 617 1178 677 somniare,
1210 614 1404 667 nedum
1455 610 1622 666 semel
1664 624 1754 664 su—

201 725 426 773 surrare,
458 716 516 761 ut
539 707 702 761 ullum
742 719 929 760 eorum
972 702 1351 774 perpetualiter
1405 714 1586 755 secum
1629 714 1753 769 per-

205 803 392 856 iturum
421 798 674 864 antiquus
699 809 887 863 rapere
903 793 1070 846 valeat
1092 791 1298 862 anguis,
1331 804 1428 858 pro
1446 791 1639 858 quibus
1665 804 1755 842 re-

203 887 454 944 dimendis
483 894 588 938 tam
620 884 886 954 pretiosus
915 883 1021 936 Deo
1056 881 1200 935 Patri
1227 879 1438 933 Domini
1471 878 1639 933 nostri
1667 878 1758 931 Fi-

204 981 254 1035 lii
281 978 357 1032 sui
387 976 537 1030 fusus
563 983 645 1028 est
671 973 908 1043 sanguis,
934 972 1122 1025 Arnen.
1157 989 1176 1021 ι
1239 970 1305 1022 Et
1355 969 1484 1023 item
1535 967 1757 1035 loquens

203 1069 262 1124 ad
291 1067 493 1120 Deum:
525 1083 544 1115 ‹
579 1062 762 1117 Claret
781 1063 959 1130 itaque
988 1060 1118 1114 satis
1147 1066 1351 1128 aperte,
1392 1056 1534 1125 quod
1584 1055 1761 1110 nullus

205 1162 290 1216 tibi
313 1160 472 1229 perit,
522 1155 765 1225 quisquis
819 1154 1126 1224 redemptus
1173 1159 1256 1204 est
1297 1163 1393 1218 per
1446 1147 1760 1214 sanguinem

206 1254 371 1309 crucis
393 1261 514 1304 tum.
547 1269 565 1301 ι
595 1247 748 1316 Quod
775 1243 1236 1300 Praidestinatiani
1258 1251 1469 1296 veteres
1489 1255 1593 1294 non
1617 1240 1763 1294 dixe-

204 1351 339 1406 runt,
375 1341 475 1394 iste
500 1345 559 1391 ut
581 1337 838 1390 audacius
861 1337 935 1389 ita
989 1332 1349 1403 perniciosius
1376 1330 1530 1393 dicit,
1585 1328 1764 1382 Deita-

206 1442 302 1485 tem
330 1437 531 1483 sanctae
557 1426 838 1480 Trinitatis
871 1424 1066 1478 trinam
1089 1437 1228 1476 esse.
1278 1419 1416 1474 Sunt
1441 1427 1495 1473 et
1516 1418 1619 1471 alia
1645 1431 1764 1487 qua:

206 1522 306 1590 ipse
327 1525 385 1572 et
411 1518 499 1570 alii
523 1516 704 1586 plures
732 1515 785 1567 in
813 1513 932 1569 istis
962 1511 1208 1582 partibus
1231 1511 1436 1574 dicunt,
1467 1524 1586 1577 qua:
1606 1509 1762 1562 nobis

205 1625 336 1665 same
365 1607 493 1662 ﬁdei
518 1605 793 1660 adversari
818 1603 1091 1657 videntur.
1155 1601 1285 1668 Quae
1329 1601 1452 1654 dum
1480 1614 1577 1668 per
1599 1599 1764 1653 alium

204 1714 352 1771 quam
391 1714 487 1768 per
511 1695 770 1750 vilitatem
811 1707 1055 1762 persona:
1080 1705 1213 1745 mea:
1263 1691 1561 1745 auctoritas
1588 1696 1765 1744 vestra

163 1775 168 1788 ’
205 1786 527 1858 cognoverit,
553 1784 692 1839 forte
714 1779 1252 1843 attendetsolertius,
1278 1787 1333 1834 et
1371 1791 1489 1848 qua:
1522 1777 1646 1832 inde
1694 1777 1764 1830 ti-

207 1847 397 1934 menda
440 1847 566 1930 sunt
593 1874 788 1929 docere
815 1870 1051 1926 studebit
1079 1847 1414 1938 quantocius.
1471 1866 1588 1920 Erit
1618 1865 1763 1919 enim
1792 1847 1838 1907 Β

207 1968 252 2021 in
284 1965 531 2036 proximo
577 1963 700 2018 inde
748 1959 1040 2016 necessitas
1068 1973 1082 2012 :
1109 1958 1233 2027 quia
1253 1965 1308 2011 et
1330 1957 1375 2011 si
1397 1971 1581 2011 eorum
1610 1955 1774 2010 corda

206 2062 254 2115 in
275 2059 488 2114 insania
520 2055 759 2126 perversi
786 2068 979 2109 sensus
1022 2050 1304 2114 ebulliunt,
1351 2047 1634 2104 orthodoxi
1688 2058 1772 2100 ta-

206 2163 317 2203 nteu
348 2147 501 2216 regis
522 2143 690 2199 nostri
720 2151 961 2211 tempore
985 2155 1150 2209 prava
1185 2154 1305 2208 qua:
1327 2137 1567 2192 sentiunt
1595 2133 1774 2203 eloqui

204 2253 300 2292 non
353 2241 714 2306 prresumunt.
771 2230 850 2284 Ita
899 2238 960 2283 ut
1011 2236 1193 2298 aperte
1233 2226 1512 2280 videamus
1564 2222 1775 2291 impleri

203 2327 336 2397 quod
359 2324 626 2392 scriptum
650 2328 732 2376 est
757 2337 770 2372 :
797 2318 1130 2388 Congregans
1180 2316 1314 2385 sicut
1357 2315 1412 2367 in
1454 2322 1566 2366 utre
1613 2327 1777 2382 aqua:

205 2416 355 2469 maris
383 2413 755 2485 (Psal.xxxu,
783 2410 859 2479 7).
913 2408 1066 2477 Aqua
1112 2407 1256 2462 enim
1310 2404 1478 2459 maris
1527 2403 1666 2458 sicut
1724 2402 1778 2456 in

203 2514 318 2560 utre
347 2511 681 2573 congregata
709 2511 812 2563 est,
845 2499 970 2568 quia
998 2512 1183 2552 amara
1207 2495 1582 2550 hatreticorum
1605 2493 1781 2548 scien-

204 2595 274 2650 tia
301 2592 571 2663 quidquid
601 2590 759 2646 hodie
789 2590 842 2642 in
863 2589 968 2643 isto
1016 2602 1183 2658 regno
1227 2586 1320 2640 lilii
1375 2585 1542 2639 vestri
1593 2582 1776 2637 domni

203 2687 373 2744 Caroli
401 2699 630 2756 pravum
651 2683 832 2748 sentit,
852 2682 903 2735 in
925 2690 1143 2750 pectore
1165 2678 1491 2749 comprimit,
1521 2684 1575 2730 et
1595 2685 1781 2744 aperte

204 2781 381 2834 dicere
414 2791 522 2831 non
549 2774 843 2844 praesumit.
871 2772 1043 2826 Meam
1088 2784 1301 2840 quoque
1350 2769 1696 2839 exiguitatem
1726 2774 1783 2822 et

201 2869 416 2924 occulte
441 2867 636 2922 canino
658 2865 818 2920 dente
840 2862 1151 2918 corrodunt.
1196 2860 1374 2915 Facile
1399 2870 1600 2922 autem,
1629 2858 1783 2928 adju-

202 2968 357 3013 vante
395 2955 652 3018 Domino,
677 2961 895 3022 portare
922 2951 1129 3005 valebo.
1153 2949 1289 3016 Quia
1311 2957 1365 3002 et
1394 2949 1523 3002 mihi
1549 2962 1781 3017 paucum

199 3055 456 3120 superest
485 3045 741 3114 temporis
765 3043 1016 3112 spatium,
1046 3050 1102 3096 et
1136 3055 1182 3094 ει
1214 3041 1356 3094 inter
1406 3039 1545 3092 ﬁlios
1599 3036 1784 3092 Eccle-

199 3143 310 3207 site,
334 3139 693 3212 permittente
715 3137 842 3199 Deo,
876 3135 928 3188 in
974 3148 1059 3188 me
1110 3130 1414 3201 acceperint
1460 3136 1782 3199 potestatem

201 3231 566 3303 corporaliter
585 3225 873 3297 atiligendi,
904 3225 1082 3280 divina
1104 3223 1277 3294 gratia
1307 3220 1783 3288 adjuvante,cxer-

199 3323 406 3376 cebunt
436 3317 776 3390 patientiam.
811 3313 915 3368 Sed
942 3312 1042 3367 etsi
1094 3308 1460 3365 tantummodo
1487 3307 1625 3360 male
1664 3321 1786 3361 seu-

203 3410 390 3464 tiendo
445 3406 896 3467 adversabantur,
951 3401 1283 3456 exercebant
1342 3397 1787 3468 quantulamcun-

198 3518 308 3571 que
335 3499 651 3562 scientiam,
681 3506 736 3551 et
763 3503 823 3548 ut
863 3494 1025 3549 etiam
1074 3491 1277 3546 inimici
1307 3489 1601 3545 secundum
1652 3502 1790 3558 prte-

201 3601 429 3662 ceptum
478 3587 688 3642 Domini
729 3585 1038 3655 diligantur,
1090 3580 1416 3636 exercebunt
1470 3577 1790 3632 benevolen-

202 3685 366 3738 tiam.
396 3677 690 3735 Prtefatum
717 3685 895 3730 autem
930 3672 1369 3734 Gothescalcum,
1393 3669 1439 3724 si
1466 3676 1645 3722 vestra
1695 3681 1789 3719 au-

202 3774 451 3830 ctoritas
479 3768 611 3821 mihi
668 3764 945 3832 scripserit
995 3771 1055 3815 ut
1080 3776 1202 3815 eum
1231 3776 1261 3813 a
1285 3759 1526 3814 custodia
1561 3756 1788 3820 solvam,

201 3873 254 3918 et
285 3869 394 3916 aut
427 3865 488 3910 ut
511 3849 703 3909 ad'vos
733 3851 916 3915 eundi,
942 3859 1003 3904 ut
1030 3863 1128 3918 per
1179 3862 1275 3902 vos
1325 3845 1442 3913 ejus
1488 3844 1793 3898 doctrinam

200 3943 602 4018 experiamini,
641 3949 736 3995 aut
771 3941 838 3993 ad
868 3949 1241 4008 quemcunque
1271 3950 1333 3990 ex
1390 3933 1610 3988 nomine
1654 3932 1796 3986 desi-

205 4050 443 4112 gnatum
489 4034 746 4104 pergendi
797 4031 1069 4087 licentiam
1102 4028 1314 4091 donem,
1364 4041 1489 4096 quia
1522 4033 1580 4078 ut
1605 4023 1797 4079 melius

206 4131 312 4199 ipsi
338 4126 517 4188 scitis,
544 4125 682 4179 sicut
703 4121 946 4178 absolute
973 4120 1201 4189 quisque
1225 4116 1463 4171 ordinari
1497 4130 1602 4170 non
1627 4114 1791 4179 valet,

205 4220 285 4272 ita
319 4216 432 4271 nisi
453 4231 519 4269 ex
544 4213 710 4284 ipsius
754 4226 1045 4274 consensu,
1101 4208 1254 4278 cujus
1295 4222 1414 4262 esse
1441 4206 1794 4274 dignoscitur,

211 4316 384 4363 certa:
417 4319 661 4374 personae
689 4302 1163 4363 commendandus,
1196 4307 1252 4351 et
1279 4298 1345 4352 ad
1383 4305 1589 4352 certum
1620 4297 1797 4351 locum

211 4394 546 4456 monachus,
585 4393 668 4447 vel
715 4391 941 4460 quisque
989 4388 1088 4443 sub
1136 4386 1318 4457 regula
1361 4385 1707 4450 constitutus,
1767 4399 1798 4437 a

213 4483 339 4540 loco
364 4497 468 4537 suo
491 4481 693 4536 absolvi
709 4479 863 4548 juxta
887 4477 1098 4547 regulas
1125 4491 1309 4530 sacras
1338 4490 1442 4528 non
1495 4473 1657 4537 valet,
1710 4487 1802 4527 ve-

1857 601 2146 663 abducere,
2167 615 2356 654 verum
2392 611 2447 656 et
2471 600 2668 656 sciolos
2698 609 2753 656 et
2772 599 3038 665 incautos,
3065 607 3224 668 atque
3254 601 3428 657 zelum

1857 687 1951 743 Dei
1979 687 2072 741 sed
2100 701 2206 742 non
2229 688 2524 742 secundum
2553 687 2834 742 scientiam
2863 685 3146 751 habentes,
3204 688 3258 742 in
3308 703 3430 743 seu.

1857 778 2080 842 tentiam
2106 792 2258 832 suam
2290 777 2479 831 solitus
2509 785 2630 832 erat
2654 777 2956 830 traducere.
2985 776 3050 830 Et
3102 792 3207 832 non
3255 778 3427 832 solum

1859 866 2140 920 doctorum
2170 881 2388 920 suorum
2418 868 2605 920 doctor
2641 865 2811 919 videri
2835 864 3056 934 appetit,
3081 866 3174 920 sed
3221 876 3277 921 et
3329 868 3431 922 hoc

1859 956 2087 1011 solerter
2111 958 2245 1012 satis
2267 957 2518 1021 intendit,
2569 963 2626 1010 ut
2675 969 2856 1010 sccnm
2905 955 3183 1026 loquentes
3237 957 3320 1012 vel
3376 960 3430 1013 in

1860 1060 2108 1100 sermone
2137 1060 2331 1115 capere
2365 1043 2544 1113 valeat
2579 1063 2592 1098 :
2620 1053 2676 1098 et
2701 1044 2747 1098 si
2774 1045 2837 1098 dc
2865 1045 3094 1100 veritate
3144 1061 3249 1101 non
3275 1055 3430 1114 pote-

1860 1136 1953 1200 rit,
1980 1137 2361 1191 invincibiliter
2390 1135 2744 1190 sacramentis
2773 1134 3041 1191 afﬁrmare
3085 1137 3312 1204 curabit,
3367 1153 3430 1194 ea

1862 1237 2044 1277 secum
2076 1223 2355 1294 loquentes
2378 1225 2604 1289 dixisse,
2635 1239 2753 1294 quae
2777 1223 2915 1278 forte
2940 1241 3044 1279 non
3074 1226 3352 1293 dixerunt,
3375 1237 3436 1282 ut

1865 1314 1978 1382 ipse
2010 1329 2200 1381 verax,
2246 1323 2302 1369 et
2349 1316 2424 1370 illi
2470 1317 2562 1385 qui
2612 1316 2662 1370 ci
2720 1317 3095 1372 contradicunt
3144 1321 3436 1386 probentur

1864 1419 1983 1460 esse
2009 1406 2312 1472 mendaces,
2372 1414 2427 1460 et
2484 1407 2742 1461 adversus
2794 1422 2944 1461 suam
2999 1407 3297 1462 doctrinam
3341 1410 3438 1463 do-

1865 1504 2048 1551 centes
2057 1533 2070 1547 .

2416 1563 2747 1621 EPISTOLA
2789 1565 2873 1619 Ill.

2137 1691 2207 1730 AD
2242 1689 2517 1730 EPISCOPOS
2537 1691 2722 1731 SYNODI
2758 1691 3168 1734 SUESSIONENSIS.

1868 1783 1946 1840 De
1979 1784 2208 1853 Vulfado
2246 1794 2292 1866 et
2334 1785 2564 1866 collegis,
2602 1805 2831 1866 ‘quorum
2869 1791 3133 1866 judicium
3173 1785 3435 1866 Nicotaus

2096 1872 2232 1925 papa
2255 1858 2486 1924 jusserat
2516 1859 2571 1911 in
2592 1858 2690 1911 hac
2718 1861 2918 1929 synodo
2947 1863 3202 1915 renovari.

2429 1956 2591 2019 (Apud
2612 1959 2876 2023 Sirmond.)

1947 2056 2274 2123 llmcatanus,
2293 2057 2620 2114 Rhemorum
2637 2060 2938 2129 episcopus,
2968 2059 3222 2129 REMIGIO,
3252 2063 3438 2118 West—

1874 2161 2018 2212 LONI,
2049 2157 2104 2202 et
2140 2147 2350 2202 caeteris
2377 2149 2796 2218 archiepiscopis
2834 2158 2888 2204 et
2929 2152 3210 2221 episcopis,
3258 2154 3437 2208 domni

1874 2250 2024 2306 papa:
2067 2235 2270 2291 Nicolai
2307 2238 2631 2292 auctoritate
2671 2239 2738 2292 ad
2768 2239 3050 2309 synodum,
3097 2256 3204 2308 quo
3233 2250 3287 2295 et
3328 2243 3441 2296 exi-

1878 2326 2136 2394 guitatem
2170 2342 2345 2382 meam
2374 2343 2495 2381 cum
2511 2329 2844 2398 coepiscopis
2876 2333 3075 2386 nostris
3104 2334 3287 2387 venire
3306 2349 3441 2402 prze-
3481 2391 3489 2402 ,

1878 2415 2042 2484 cepit,
2069 2415 2121 2469 in
2150 2416 2288 2470 hanc
2313 2414 2632 2472 Suessorum
2680 2419 2955 2475 civitatem
2985 2436 3081 2489 pro
3123 2437 3284 2477 causa
3317 2422 3443 2477 Vul-

1879 2503 1986 2560 {adi
2009 2513 2062 2558 et
2094 2504 2417 2575 collegarum
2445 2505 2562 2573 ejus
2585 2509 2914 2562 convocatis.

1953 2593 2008 2648 Si
2043 2593 2194 2648 vobis
2216 2595 2390 2648 visum
2414 2592 2582 2648 fuerit
2617 2611 2713 2662 per
2740 2611 3087 2666 quoscunque
3106 2600 3174 2654 ad
3204 2601 3280 2654 rei
3309 2603 3451 2656 noti-

1882 2685 2034 2750 tiam,
2066 2686 2360 2739 secundum
2391 2685 2588 2740 seriem
2619 2685 2919 2740 litterarum
2945 2689 3128 2743 domui
3150 2691 3446 2759 apostolici,

1881 2774 2140 2831 canonice
2182 2789 2278 2842 per
2307 2773 2553 2828 ordinem
2597 2781 2790 2828 cuncta
2819 2790 2938 2844 qua:
2985 2777 3037 2830 in
3071 2781 3452 2848 suprascriptis

1882 2863 2137 2918 fratribus
2164 2871 2314 2933 gesta
2341 2870 2486 2926 sunt,
2516 2863 2832 2918 examinare
2861 2873 2916 2918 et
2939 2865 3208 2922 subtiliter
3230 2868 3452 2923 investi-

1883 2966 2034 3024 gare,
2083 2959 2144 3006 ut
2196 2950 2337 3020 quod
2387 2949 2591 3019 justum
2621 2959 2674 3005 et
2720 2951 2867 3019 pium
2919 2967 3135 3008 sensum
3183 2952 3346 3009 fuerit
3386 2959 3454 3010 de

1884 3049 2044 3096 causa
2065 3055 2251 3096 eorum
2276 3040 2392 3095 sine
2420 3040 2862 3106 contradictione,
2891 3041 3031 3096 sicut
3053 3042 3192 3096 idem
3228 3043 3454 3103 domnus

1885 3131 2208 3201 apostolicus
2247 3137 2304 3184 et
2342 3128 2663 3183 fraternitati
2691 3139 2884 3185 vestra:
2923 3141 2976 3185 et
3005 3131 3290 3186 humilitati
3325 3148 3457 3187 mea:

1810 3205 1856 3268 α
1887 3219 2340 3289 scripsit,possitis
2353 3218 2632 3289 perﬁcere,
2647 3219 2839 3274 devote
2854 3235 2917 3275 ac
2928 3206 3156 3276 libenter
3171 3222 3450 3291 accipiam.

1889 3311 1957 3365 Et
2009 3310 2053 3366 si
2093 3311 2231 3365 hanc
2293 3324 2414 3378 qua:
2470 3310 2714 3377 sequitur
2759 3309 2977 3364 brevem
3032 3311 3454 3380 responsionem,

1889 3410 2146 3475 quantum
2185 3418 2252 3456 ex
2282 3417 2367 3456 me
2412 3411 2516 3467 est,
2549 3401 2615 3457 ad
2652 3401 2945 3470 apostolica
2988 3404 3188 3471 scripta
3218 3403 3462 3457 videritis

1886 3492 2042 3547 vobis
2070 3490 2338 3554 sufﬁcere,
2372 3506 2479 3545 non
2509 3490 2776 3560 ingratum
2809 3490 2947 3545 forte
2984 3490 3288 3555 habebitur,
3321 3491 3464 3559 quod

1890 3587 1957 3640 ad
1986 3600 2098 3640 rem
2140 3584 2463 3653 pertinentia
2511 3582 2938 3637 succinctissime
2979 3580 3175 3635 refero.
3206 3581 3466 3636 Videlicet

1891 3679 2016 3746 quia
2042 3678 2364 3733 Rhemensis
2393 3676 2648 3730 Ecclesia:
2678 3675 2769 3727 ﬁlii
2801 3675 2866 3728 de
2890 3673 3114 3743 collegio
3134 3672 3370 3737 Vulfadi,
3400 3673 3466 3726 ah

1894 3768 2078 3821 Ebone
2122 3775 2244 3834 post
2279 3765 2668 3834 depositionem
2713 3776 2869 3815 suam
2908 3762 3157 3824 ordinati,
3193 3777 3298 3815 non
3347 3776 3468 3815 meo
3551 3793 3558 3798 ι

1889 3854 2111 3922 judicio,
2130 3868 2231 3908 nec
2252 3854 2318 3908 ab
2343 3851 2607 3921 episcopis
2627 3850 2962 3905 solummodo
2987 3849 3314 3905 Rhemorum
3346 3865 3470 3920 pro-

1897 3943 2106 4006 vincim,
2131 3941 2364 4010 primum
2394 3937 2642 4008 suspensi
2679 3946 2731 3991 et
2759 3947 2948 4006 postea
2979 3937 3189 4006 dejecti,
3241 3949 3300 3990 ut
3349 3953 3471 3992 meo

1897 4034 1982 4089 vel
2011 4033 2281 4088 communi
2307 4046 2430 4086 cum
2460 4031 2538 4085 eis
2570 4037 2776 4084 tantum
2807 4029 3022 4099 placito,
3047 4028 3198 4096 juxta
3222 4027 3472 4084 Niczenos

1897 4135 1952 4180 et
1983 4125 2354 4180 Antiochenos
2399 4135 2636 4178 canones
2681 4119 2916 4192 (Nica’n.
2966 4137 3083 4174 can.
3131 4120 3186 4184 5,
3229 4121 3470 4174 Antioch.

1899 4235 1946 4271 c.
1972 4217 2050 4288 6),
2079 4216 2450 4270 humaniorem
2481 4221 2573 4268 aut
2604 4212 2831 4268 alteram
2858 4213 3132 4282 suscipere
3147 4215 3468 4266 sententiam

1898 4309 2144 4372 valeant;
2193 4307 2287 4361 sed
2319 4305 2468 4375 prius
2499 4303 2766 4373 suspensi,
2816 4310 2871 4356 et
2917 4317 3173 4371 processu
3218 4303 3476 4371 temporis

1903 4416 1933 4453 a
1985 4399 2189 4472 synodo
2233 4398 2610 4466 episcoporum
2659 4395 2899 4463 quinque
2943 4395 3368 4464 provinciarum,
3405 4395 3473 4449 ad

1904 4505 2066 4558 quam
2099 4494 2541 4556 provocaverant,
2573 4484 2871 4539 secundum
2912 4484 3131 4539 decreta
3178 4485 3476 4539 lnnoccntii

213 4573 354 4628 stris
403 4571 735 4640 jussionibus
784 4567 1089 4621 nullomodo
1146 4565 1436 4620 resultaho.
1467 4563 1700 4616 Tantum
1741 4561 1877 4620 utD
1904 4578 1972 4632 ad
2022 4576 2216 4633 nurum
2261 4583 2315 4630 οι
2357 4574 2669 4638 Eusebium,
2720 4561 2975 4640 ίηερξεειίε
3005 4588 3126 4642 qum
3155 4573 3372 4642 scripsi;
3410 4573 3477 4625 ad

217 4663 610 4718 auctoritatem
635 4669 865 4714 vestram
901 4658 1150 4718 habeam,
1179 4670 1247 4709 ne
1275 4663 1542 4708 tantorum
1584 4653 1799 4720 episco-

219 4768 424 4823 porum
471 4750 734 4818 judicium
787 4763 902 4803 mea
944 4746 1358 4816 prazsumptione
1411 4742 1802 4814 parvipeudere

219 4844 430 4896 videat.
464 4841 579 4896 Non
605 4841 748 4895 enim
780 4839 918 4892 illius
937 4839 1194 4898 delector,
1222 4851 1383 4904 quam
1434 4833 1584 4902 juste
1631 4834 1796 4888 susti-

221 4942 317 4986 net
351 4930 709 5000 pertinaciter
743 4938 1028 4984 contumax
1050 4969 1064 4994 ,
1113 4927 1584 4997 quantulacunque
1638 4925 1808 4980 reclu-

221 5024 401 5079 sionis
433 5022 674 5077 molestia
705 5038 718 5074 :
753 5019 845 5074 sed
871 5019 1024 5074 doleo
1054 5035 1084 5072 a
1117 5034 1224 5087 qua
1250 5017 1494 5071 revocari
1545 5032 1653 5070 non
1710 5031 1809 5084 po-

225 5122 330 5168 test
362 5112 670 5181 perfidiam.
701 5108 867 5174 Quem
896 5110 940 5163 si
970 5110 1274 5176 cuicunque
1328 5088 1810 5159 commendandum

223 5208 406 5226 -.-Λα-αδ
469 5200 758 5226 ΛιαλιΛνιῖΙ-ιο
813 5199 1003 5226 ,ἦλα-,ξι

1083 5200 1184 5226 luna
1233 5196 1284 5226 :n
1347 5193 1812 5226 nnmunnnn'nlinnn

1904 4668 2248 4728 Martianum,
2277 4675 2331 4720 et
2365 4665 2518 4731 juxta
2557 4663 2758 4718 Zosimi
2814 4665 3145 4718 successoris
3179 4663 3479 4718 Innocentii

1907 4758 2122 4810 decreta
2153 4755 2218 4807 ad
2242 4753 2545 4806 Patroclum
2585 4752 2956 4808 Arelatensem
2986 4754 3296 4821 episcopum
3329 4760 3382 4806 et
3409 4753 3480 4806 ad

1907 4845 2292 4898 Massiliensem
2342 4841 2638 4896 Ecclesium
2685 4841 3006 4912 (lunoccnt.,
3050 4859 3129 4909 ep.
3172 4844 3235 4897 21
3283 4853 3338 4898 et
3376 4843 3480 4905 22;

1909 4934 2180 4994 Zozimus,
2211 4948 2291 5000 ep.
2316 4931 2372 4995 6,
2400 4931 2453 4984 ll
2488 4941 2543 4986 et
2570 4932 2681 5002 1‘2),
2714 4933 2806 4987 sed
2841 4942 2896 4988 et
2918 4934 3052 4987 alias
3089 4933 3269 5001 plures
3293 4932 3482 4986 Eccle-

1912 5024 2046 5086 sias,
2083 5024 2148 5078 de
2177 5021 2261 5074 his
2287 5035 2424 5088 quos
2453 5019 2718 5076 Proculus
2741 5021 2862 5075 vita:
2893 5037 3003 5077 suae
3033 5021 3303 5083 conscius,
3340 5018 3485 5074 datis

1911 5114 2106 5168 litteris
2134 5113 2186 5166 in
2219 5109 2613 5168 abdicationem
2658 5111 2762 5174 sui,
2789 5125 2888 5179 per
2927 5108 3277 5184 professionis
3325 5115 3489 5177 atque

1913 5198 2326 5226 οιαὶ-ηακῖκιξηηῖη
2387 5214 2494 5226 ιιι-αι
2549 5198 2788 5226 ’ξιεηιιιιω
2854 5197 3159 5226 ΑΑαΑ-ᾹΛθῖῆ
3209 5195 3490 5226 οιιιὶηὶΛοιιη
