4046 6284
512 366 578 422 Π
1406 362 1732 421 HINCMARI
1775 361 2166 420 BHEMENSIS
2203 363 2719 423 ARCHIEPISCOPI
3677 365 3744 429 48
3761 395 3770 399 ·

514 479 606 533 nia
651 455 943 534 decretalia
985 476 1274 532 constituta
1295 515 1308 540 ,
1355 483 1463 527 tam
1494 476 1664 530 beatae
1691 474 2084 531 recordationis
2113 475 2160 536 A
2187 473 2360 538 sedis,
2401 473 2736 543 regularibus
2764 473 2960 529 vestris
3002 473 3404 532 diﬁiuitionibus
3432 517 3446 542 ,
3495 477 3746 536 sollicitus

514 566 811 622 Innocentii
865 581 1026 636 quam
1076 564 1315 619 omnium
1356 564 1701 618 decessorum
1751 572 2083 629 nostrorum,

517 673 638 729 quae
665 659 731 714 de
760 656 1142 714 ecclesiasticis
1162 657 1441 711 ordinibus
1466 665 1520 711 et
1550 672 1817 712 canonum
1847 659 2087 727 promul-

517 757 638 818 gata
660 757 784 803 sunt
811 746 1128 814 disciplinis,
1159 747 1232 799 ita
1258 759 1289 799 a
1317 754 1493 800 vestra
1519 745 1804 800 dilectione
1827 747 2084 802 custodiri

515 838 713 894 debere
747 838 1086 903 mandamus,
1126 845 1188 891 ut
1234 837 1278 892 si
1325 836 1446 905 quis
1500 837 1553 890 in
1607 836 1699 890 illa
1728 837 2082 901 commiserit,

513 928 726 981 veniam
757 926 855 981 sibi
888 927 1140 994 deinceps
1166 925 1375 979 noverit
1403 925 1678 995 denegari.
1712 945 1731 978 ι
1774 925 1832 980 In
1859 941 1987 996 qua,
2025 937 2086 982 ut

513 1015 711 1085 regulae
740 1030 908 1070 sacrae
935 1015 1139 1079 dicunt,
1180 1015 1420 1084 perfecta
1467 1021 1522 1070 et
1562 1015 1822 1072 canonica
1872 1017 2082 1085 episco-

511 1119 702 1174 porum
735 1104 970 1174 quinque
997 1103 1393 1173 provinciarum
1430 1105 1652 1174 synodo,
1693 1105 1947 1175 quoniam
1979 1106 2082 1160 Ec-

513 1194 689 1249 clesia:
718 1194 851 1248 mihi
892 1193 1192 1248 commissae
1241 1193 1335 1248 ﬁlii
1378 1194 1638 1250 ﬁnitimos
1666 1196 1949 1266 episc0pos
1989 1211 2085 1266 pro

511 1299 673 1340 causa
699 1299 794 1340 sua
825 1283 1257 1355 interpellarunt,
1297 1293 1352 1340 et
1393 1283 1700 1353 huiusmodi
1724 1286 1919 1341 Africae
1960 1301 2085 1356 pro-

509 1379 698 1432 vinciae
719 1391 952 1432 canones
985 1377 1150 1450 (conc.
1171 1377 1287 1447 Afr.
1301 1418 1315 1442 ,
1332 1393 1455 1432 can.
1475 1378 1563 1448 92)
1582 1378 1786 1433 vicinos
1806 1380 2086 1449 episcopos

510 1471 716 1538 audire,
745 1479 799 1525 et
820 1471 960 1525 inter
983 1485 1076 1525 eos
1101 1485 1165 1524 ac
1187 1471 1462 1541 prOprinm
1486 1471 1792 1539 episcopum
1814 1471 2084 1526 adhibitos

510 1561 578 1616 ab
600 1563 680 1617 eis
709 1562 991 1632 episcopos
1011 1559 1201 1629 iubent
1234 1561 1622 1630 querimoniam
1663 1561 1889 1616 difﬁnire
1920 1576 1934 1615 :
1985 1577 2084 1632 ego

508 1653 795 1725 Vulfadum
824 1663 880 1709 et
920 1653 1154 1725 collegas
1192 1652 1308 1721 ejus
1335 1668 1442 1707 non
1472 1652 1736 1724 iudicavi,
1789 1649 1963 1723 neque
2016 1654 2083 1708 ab

508 1724 788 1800 ordinibus
813 1743 1196 1800 ecclesiasticis
1226 1743 1406 1814 populi
1433 1743 1515 1796 vel
1550 1742 1737 1810 deieci,
1772 1759 1871 1798 nec
1917 1744 2078 1798 etiam

2189 575 2404 614 servare
2431 561 2692 616 unitatem
2729 562 2950 631 spiritus
2990 564 3043 617 in
3072 565 3282 619 vinculo
3313 565 3484 634 pacis,
3524 583 3746 625 consen-

2187 652 2336 705 tiam.
2380 651 2482 718 Qui
2519 652 2745 706 istorum
2779 653 3036 719 fratrum,
3076 655 3143 711 de
3185 657 3380 725 quibus
3425 659 3637 729 agitur,
3670 663 3748 718 vel

2186 760 2630 814 quorumcunque
2662 747 2887 801 aliorum
2931 747 3171 804 felicitati
3211 766 3316 806 non
3363 752 3607 819 invideo,
3655 771 3750 811 nec

2185 851 2558 906 quamcunque
2589 838 2848 892 malitiam
2879 855 2973 895 eos
3015 856 3211 896 nocere
3248 843 3443 900 festino
3486 862 3752 916 :quorum

2185 924 2452 979 salubrem
2484 940 2548 980 ac
2583 927 2884 996 regularem
2934 937 3130 984 statum
3177 939 3234 986 et
3277 935 3455 1003 cupivi
3487 945 3543 990 et
3572 940 3750 1006 cupio,

2185 1020 2242 1066 et
2273 1014 2495 1082 quazsivi
2522 1023 2576 1069 et
2602 1030 2783 1083 qumro
2803 1055 2817 1082 ,
2849 1027 2904 1071 et
2934 1018 3000 1073 de
3029 1035 3256 1088 quorum
3285 1022 3581 1090 deiectione
3610 1027 3752 1085 dolui

2187 1103 2319 1158 satis
2341 1119 2404 1158 ac
2428 1105 2600 1169 doleo,
2632 1108 2756 1176 quia
2793 1122 2950 1162 nemo
2975 1111 3147 1180 maius
3177 1112 3510 1182 dispendium
3543 1119 3609 1171 de
3633 1118 3750 1172 illo-

2187 1209 2306 1247 rum
2327 1194 2626 1267 deiectione
2671 1199 2834 1253 habet
2861 1215 3021 1268 quam
3062 1218 3179 1273 ego.
3222 1204 3368 1270 Quos
3390 1245 3418 1271 ,.
3452 1209 3588 1264 sicut
3621 1212 3752 1266 mihi

2187 1282 2414 1337 domnus
2455 1285 2780 1352 apostolicus
2823 1287 3075 1358 dignatus
3119 1299 3201 1345 est
3239 1294 3476 1350 scribere
3501 1337 3516 1361 ,
3543 1296 3753 1366 iustum

2186 1372 2314 1441 quid
2361 1373 2444 1428 vel
2473 1375 2620 1444 pium
2665 1378 2935 1443 sentiens,
2980 1381 3095 1434 sine
3128 1385 3507 1440 retractatione
3553 1389 3604 1441 in
3641 1390 3754 1444 suis

2185 1465 2462 1519 ordini-bus
2496 1481 2763 1522 consensu
2790 1484 2853 1524 ac
2892 1469 3099 1537 iudicio
3139 1475 3578 1546 coepiscOporum
3611 1479 3756 1534 llhe-

2187 1557 2389 1609 mensis
2429 1557 2720 1624 proviucue
2758 1560 3046 1616 restituere
3075 1573 3426 1630 maturarem,
3458 1569 3503 1621 si
3533 1568 3655 1624 illos
3685 1571 3756 1624 ab

2186 1644 2388 1699 eisdem
2409 1648 2660 1715 gradibus
2686 1664 2806 1703 cum
2839 1665 3026 1705 eorum
3067 1661 3269 1706 tantum
3293 1655 3498 1724 iudicio
3529 1659 3762 1726 deiecis-

2187 1749 2320 1789 sem.
2351 1735 2430 1789 Ad
2473 1737 2614 1805 quod
2651 1754 2758 1803 me,
2799 1738 2954 1806 juxta
2982 1740 3098 1808 ejus
3132 1745 3296 1798 verba
3337 1746 3756 1814 discretissima,
3834 1739 3851 1765 ⁸

509 1850 631 1890 cum
669 1835 940 1906 iudicibus
989 1851 1174 1891 eorum
1216 1835 1530 1905 subscripsi,
1568 1837 1706 1891 sicut
1750 1845 1947 1891 norum
1989 1837 2082 1908 qui
2113 1813 2157 1872 Β
2185 1823 2309 1890 quia
2345 1838 2438 1878 eos
2477 1840 2584 1878 non
2617 1825 2823 1895 deieci,
2857 1827 2998 1883 ﬂecti
3043 1832 3240 1885 munda
3269 1835 3604 1889 conscientia
3650 1853 3762 1892 non

516 1925 900 1994 interfuerunt,
930 1933 985 1983 et
1014 1928 1130 1998 ipsa
1156 1927 1320 1981 etiam
1349 1927 1670 1998 episcopalia
1693 1940 1866 1996 gesta,
1899 1944 2082 1984 eorum

509 2013 838 2070 iuconvulsis
875 2016 1363 2086 subscriptiouibus
1389 2016 1616 2070 subnisa
1644 2031 1672 2071 a
1712 2017 1909 2087 quibus
1937 2016 2086 2072 fuere

506 2114 739 2175 patrata,
771 2109 1188 2177 prmsentialiter
1214 2117 1540 2164 monstrant.
1577 2109 1749 2173 Unde,
1773 2108 2086 2176 iubentibus

507 2196 708 2250 eisdem
735 2197 1033 2268 episcopis,
1073 2205 1280 2252 tantum
1322 2196 1534 2268 baiulus
1565 2197 1660 2262 fui,
1687 2212 1908 2251 causam
1940 2196 2085 2250 vide-

506 2281 633 2338 licet
657 2284 912 2339 Ecclesia:
941 2286 1073 2366 mihi
1100 2286 1405 2340 commissa:
1439 2287 1508 2340 ab
1553 2286 1658 2340 illis
1693 2284 1975 2339 diﬁinitam
2016 2284 2084 2338 ad

508 2373 690 2429 sedem
719 2373 1068 2444 apostolicam
1103 2373 1400 2429 deferendi.
1434 2373 1565 2440 Quae
1594 2374 1775 2427 domui
1805 2371 2083 2441 apostolici

507 2463 780 2518 Benedicti
809 2464 1090 2534 privilegio
1135 2465 1234 2519 sub
1266 2463 1626 2517 anathematis
1653 2462 2081 2530 interpositione,

506 2562 567 2607 ut
601 2553 725 2607 inde
747 2553 971 2622 quaestio
1001 2553 1162 2607 nullis
1187 2552 1475 2620 aliquando
1501 2553 1833 2622 temporibus
1853 2551 2081 2614 oriatur,

510 2650 637 2696 sunt
681 2644 1036 2707 confirmata;
1088 2650 1144 2696 et
1190 2641 1405 2696 demum
1457 2641 1638 2694 domui
1677 2640 1879 2694 Nicolai
1933 2653 2083 2706 papae

505 2733 952 2799 conﬁrmatione,
1006 2732 1148 2787 sicut
1197 2742 1400 2788 sanctae
1458 2730 1850 2800 recordationis
1912 2728 2082 2785 Bene-

505 2823 680 2877 dictus
719 2821 962 2892 pontifex
1013 2821 1156 2874 illam
1206 2821 1575 2886 conﬁrmavit,
1627 2819 1776 2876 salvo
1826 2818 2084 2874 Romanae

505 2916 650 2972 sedis
679 2915 732 2969 in
767 2915 1018 2970 omnibus
1053 2913 1211 2982 iussu
1240 2922 1401 2983 atque
1441 2912 1664 2984 iudicio,
1717 2912 1818 2965 sub
1857 2909 2080 2966 terribili

505 3006 888 3070 anathemate,
940 3013 1001 3059 ut
1048 3018 1380 3075 quaecunque
1432 3017 1702 3072 persona,
1749 2997 1966 3071 magna"
1998 3001 2082 3057 vel

503 3113 690 3170 parva,
723 3096 1009 3152 temerario
1031 3111 1166 3152 ausu
1197 3105 1385 3151 contra
1417 3096 1518 3150 hoc
1541 3109 1697 3150 suum
1723 3093 2078 3164 apostolicum

507 3195 785 3248 decretum
818 3205 978 3261 agere
1011 3189 1434 3260 praesumpserit,
1470 3186 1836 3242 anathematis
1865 3184 2078 3240 vinculo

504 3285 575 3338 sit
604 3282 913 3346 innodatus,
947 3290 1072 3335 sunt
1102 3279 1390 3334 roborata:
1420 3277 1568 3332 velut
1610 3278 1698 3332 hic
1732 3276 1955 3346 potestis
1996 3288 2080 3329 re-

504 3384 720 3437 texere,
783 3379 836 3426 et
888 3369 1060 3439 sigill'a
1113 3382 1303 3422 eorum
1363 3367 1546 3432 salva,
1612 3381 1677 3420 ac
1740 3366 2080 3433 incorruplas

508 3463 804 3532 scripturas
842 3468 1004 3529 atque
1031 3457 1452 3527 subscriptiones
1472 3455 1662 3510 valetis
1695 3453 1979 3522 inspicere.
2014 3451 2084 3506 Et

504 3552 627 3624 quia
651 3552 806 3606 sedes
835 3549 1154 3622 apostolica,
1187 3556 1244 3601 ut
1271 3547 1326 3601 in
1355 3545 1588 3600 decretis
1617 3559 1838 3598 suorum
1873 3539 2082 3611 pontiﬁ-

503 3660 626 3698 cum
669 3644 918 3714 legimus,
971 3641 1023 3696 in
1071 3642 1174 3695 hoc
1221 3652 1443 3708 prorsus
1471 3651 1569 3690 sua
1619 3635 1721 3690 sibi
1756 3646 2082 3704 magnopere

497 3740 619 3810 jura
646 3746 949 3802 conservat,
984 3745 1037 3791 et
1067 3735 1238 3788 aliena
1283 3730 1539 3794 custodit,
1585 3720 1694 3782 imo
1725 3742 1820 3781 sua
1864 3725 2081 3795 propria

503 3830 656 3893 facit,
690 3837 748 3882 ut
772 3827 946 3882 omnis
972 3824 1199 3893 quaestio
1231 3821 1295 3874 ad
1321 3835 1444 3875 eam
1473 3818 1640 3872 relata
1658 3815 1862 3886 iudicio
1887 3823 1943 3868 et
1973 3829 2082 3868 sua:

505 3916 936 3976 continuationis
964 3913 1231 3966 dccisione
1261 3909 1417 3962 ﬁnem
1465 3907 1718 3974 accipiat,
1749 3917 1966 3958 omnem
2009 3916 2076 3954 ex

501 4012 604 4065 hac
626 4021 790 4061 causa
817 4003 1178 4074 suspicionem
1211 3998 1554 4066 querulitatis
1577 3997 1659 4048 ha:
1688 3995 1914 4047 duorum
1944 4006 2083 4061 pra:-

505 4095 930 4153 clarissimorum
995 4087 1343 4144 luminarium
1406 4083 1845 4141 conﬁrmationes
1917 4089 2080 4149 atque

507 4183 930 4253 subscriptiones
961 4194 991 4233 a
1015 4177 1214 4233 nostris
1241 4174 1549 4247 regionibus
1583 4181 1638 4227 et
1664 4171 1935 4226 mentibus
1961 4168 2083 4222 abs-

507 4276 763 4330 tulerunt.
793 4271 948 4326 Nunc
974 4283 1124 4333 vero,
1168 4265 1293 4336 quia
1334 4265 1503 4319 isdem
1543 4262 1772 4316 domnus
1817 4269 1872 4314 et
1927 4267 2082 4328 pater

505 4377 694 4421 uoster
713 4362 965 4417 Nicotaus
995 4374 1133 4430 papa
1161 4357 1272 4413 suis
1292 4353 1534 4425 epistolis
1565 4368 1632 4408 ex
1675 4353 1778 4406 hoc
1809 4350 2024 4420 negotio
2050 4363 2081 4401 a

2185 1914 2446 1983 permisit.
2480 1915 2547 1969 Et
2588 1917 2691 1971 hoc
2719 1933 2841 1972 meo
2868 1935 3001 1974 ausu
3030 1921 3207 1978 facere
3248 1939 3461 1991 vereor,
3493 1928 3762 1995 quoniam

2184 2018 2216 2056 a
2245 2005 2416 2070 vobis,
2442 2015 2535 2060 aut
2552 2021 2582 2060 a
2604 2007 2981 2065 decessoribus
3007 2013 3218 2078 vestris,
3244 2015 3479 2084 quinque
3503 2017 3768 2071 videlicet

2183 2097 2582 2164 provinciarum
2599 2101 2886 2170 episcopis,
2918 2118 3144 2170 quorum
3165 2119 3285 2160 meo
3308 2120 3574 2161 consensu
3596 2122 3768 2177 expe-

2185 2183 2388 2239 tierunt
2431 2183 2691 2253 iudicium
2735 2191 3026 2244 secundum
3056 2207 3242 2247 sacros
3286 2208 3522 2248 canones
3564 2195 3768 2251 electm

2184 2286 2303 2324 rum
2333 2287 2400 2326 ex
2436 2289 2702 2330 consensu
2744 2279 2978 2346 partium
3014 2280 3325 2338 difﬁnitlone
3363 2283 3515 2338 fuere
3543 2285 3767 2354 deiecti.

2183 2361 2251 2416 Et
2275 2363 2474 2417 idcirco
2509 2365 2736 2420 aliorum
2765 2382 2898 2438 Opus
2936 2369 2990 2422 iu
3022 2369 3232 2424 illorum
3263 2373 3615 2430 restitutione
3643 2376 3769 2430 nul-

2183 2453 2392 2510 latenus
2422 2471 2682 2527 usurpare
2721 2462 3034 2531 praesumpsi
3062 2480 3075 2515 :
3104 2463 3248 2532 quia,
3282 2465 3421 2519 sicut
3463 2467 3650 2533 scitis,
3679 2483 3770 2523 re-

2183 2546 2320 2614 gulae
2348 2561 2514 2601 sacrae
2541 2563 2708 2618 usque
2735 2551 2802 2603 ad
2824 2551 3051 2606 similem
3074 2557 3434 2612 excusationis
3462 2559 3774 2616 vindictam

2184 2636 2500 2702 decernunt,
2525 2649 2584 2691 ut
2605 2641 2673 2694 ab
2694 2640 2814 2694 aliis
2833 2640 3023 2708 deiecti
3037 2644 3108 2698 ab
3128 2645 3250 2700 aliis
3271 2661 3377 2700 non
3400 2650 3778 2719 recipi-antur,

2183 2726 2404 2782 minime
2429 2737 2607 2782 autem
2638 2731 2990 2800 restituantur
3014 2753 3027 2786 :
3060 2735 3153 2789 sed
3177 2746 3268 2790 aut
3296 2743 3650 2808 earumdem,
3682 2750 3781 2797 aut

2182 2816 2404 2885 maioris
2439 2821 2650 2876 concilii
2675 2823 3046 2893 episcoporum
3085 2827 3444 2885 discussiones
3480 2849 3547 2888 ac
3564 2835 3782 2904 indicia

2181 2908 2580 2975 praestolentur.
2615 2912 2682 2965 Et
2715 2913 2840 2982 quia
2869 2913 2977 2969 Leo
3006 2916 3136 2970 dicit
3167 2917 3334 2987 (epist.
3377 2921 3447 2975 95
3486 2925 3560 2975 ad
3586 2923 3782 2979 Rusti-

2182 3013 2300 3052 cum
2332 2999 2596 3074 Narbon.)
2627 3013 2686 3057 ut
2716 3005 2768 3058 in
2801 3005 2885 3060 his
2914 3022 3033 3076 quae
3071 3009 3151 3061 vel
3182 3010 3340 3064 dubia
3383 3013 3596 3069 iuerint
3616 3057 3632 3081 ,
3685 3026 3785 3072 aut

2182 3089 2435 3156 obscura,
2463 3091 2514 3144 id
2548 3096 2858 3152 noverimus
2883 3100 3234 3168 sequendum,
3263 3103 3405 3171 quod
3432 3120 3542 3162 nec
3571 3123 3784 3176 praece-

2183 3179 2290 3248 ptis
2312 3181 2635 3249 evangelicis
2656 3178 3010 3253 contrarium,
3047 3204 3146 3244 nec
3176 3191 3410 3247 decretis
3443 3205 3785 3252 sanctorum

2183 3267 2490 3322 inveniatur
2527 3271 2813 3327 adversum
2839 3314 2852 3338 ,
2905 3284 2962 3330 et
3002 3278 3230 3334 doumus
3273 3295 3336 3335 ac
3377 3281 3551 3340 Pater
3583 3297 3788 3343 noster

2183 3355 2431 3414 Nicolaus
2453 3375 2589 3430 papa
2612 3363 2766 3417 vobis
2785 3373 2842 3418 ut
2865 3365 2992 3419 mihi
3011 3368 3220 3423 videtur
3240 3371 3474 3439 scripsit,
3503 3378 3788 3442 quoniam

2182 3461 2302 3515 qua:
2332 3455 2532 3502 statuta
2561 3459 2687 3505 sunt
2709 3453 2776 3506 de
2801 3454 3040 3522 praefatis
3069 3457 3222 3521 viris,
3252 3458 3500 3513 violanda
3528 3477 3648 3518 non
3679 3466 3792 3520 du-

2181 3544 2289 3603 cat,
2320 3539 2420 3592 nisi
2452 3539 2631 3595 forsan
2674 3543 2844 3596 sacris
2876 3544 3080 3615 legibus
3120 3545 3463 3604 inveniantur
3508 3553 3788 3624 adversa,

2183 3630 2411 3699 simplici
2433 3647 2494 3686 ac
2517 3633 2726 3688 sincera
2750 3636 3240 3695 cordisintentioue
3267 3656 3330 3694 ex
3360 3642 3570 3710 regulis
3598 3649 3793 3704 sacris

2181 3723 2465 3808 perspicue
2507 3725 2743 3780 tarditati
2776 3741 2966 3781 sensus
3005 3731 3107 3783 mei
3151 3733 3437 3785 monstrari
3476 3749 3788 3807 eXSpecto,

2182 3823 2360 3867 utrum
2376 3829 2494 3883 qua:
2507 3815 2831 3872 diﬁinieraut
2845 3819 3040 3875 fratres
3055 3830 3108 3874 et
3119 3824 3418 3893 coepiscopi
3441 3831 3658 3894 nostri,
3679 3832 3795 3887 sic-

2182 3914 2242 3957 ut
2268 3906 2527 3959 hactenus
2549 3908 2829 3962 observata
2844 3917 2987 3973 sunt,
3003 3911 3069 3964 de
3089 3921 3283 3965 caetero
3310 3922 3367 3965 ut
3397 3917 3616 3984 regulis
3649 3935 3793 3974 eone

2181 3993 2459 4047 cordantia
2482 3995 2711 4049 debeant
2737 3998 3038 4063 observari,
3064 4014 3131 4052 an
3162 4000 3374 4056 illorum
3419 4003 3698 4063 diﬁiuitio
3731 4019 3795 4064 ut

2182 4081 2397 4135 inventa
2438 4082 2643 4152 legibus
2682 4086 2854 4140 sacris
2881 4087 3102 4142 adversa
3135 4090 3328 4144 debeat
3366 4093 3640 4150 refutari.
3679 4098 3796 4153 Sed

2181 4179 2236 4224 et
2259 4171 2389 4225 mihi
2416 4173 2626 4226 ostendi
2657 4183 2911 4243 exspecto
2944 4179 3207 4246 apertius,
3235 4195 3397 4250 quam
3441 4184 3500 4238 in
3537 4188 3666 4242 suis
3696 4204 3799 4244 sa-

2182 4261 2290 4317 cris
2314 4262 2506 4317 litteris
2532 4263 2830 4335 intelligere
2865 4266 3107 4334 valeam,
3156 4270 3198 4323 si
3239 4271 3422 4326 domui
3460 4275 3798 4347 Benedicti,

2183 4365 2246 4405 ac
2273 4351 2510 4419 eiusdem
2543 4354 2725 4408 domui
2756 4355 2979 4421 Nicolai,
3009 4374 3172 4428 super
3199 4364 3446 4417 eamdem
3484 4367 3799 4427 dilIinitio-

505 4456 661 4510 vobis
690 4453 869 4510 sanxit
899 4449 1141 4516 refricari
1169 4446 1450 4516 iudicium,
1491 4450 1746 4497 monente
1781 4437 2040 4510 Apostolo
2067 4455 2078 4490 :

2189 4459 2308 4498 nem
2350 4445 2449 4499 sub
2481 4447 2824 4501 anathemate
2857 4449 3278 4506 continuationis
3310 4454 3614 4527 privilegia
3635 4500 3650 4523 ,
3687 4465 3804 4519 nisi

510 4545 725 4602 abem-te
743 4541 1034 4613 ρνωροδίιεδ
1057 4539 1256 4602 “suis,
1289 4545 1335 4589 et
1365 4534 1625 4603 subjacete
1655 4531 1729 4584 eis
1766 4527 1925 4597 (Heb.
1961 4543 2080 4591 xm,
2115 4527 2159 4544 ν
2188 4535 2325 4589 forte
2363 4535 2450 4588 illa
2480 4537 2593 4605 ipse
2639 4552 2733 4591 sua
2766 4539 3026 4610 singulari
3067 4545 3386 4598 auctoritate
3415 4545 3805 4609 dissolvenda

507 4635 623 4706 17),
642 4633 784 4703 quod
799 4631 1080 4702 privilegio
1105 4626 1412 4696 apostolica:
1436 4623 1580 4678 sedis
1593 4622 1658 4676 de
1672 4620 1802 4690 ipsis
1823 4618 2082 4673 fratribus

2187 4634 2242 4682 et
2266 4627 2596 4682 immutanda
2624 4627 2836 4694 viderit,
2868 4645 3095 4700 quorum
3119 4647 3384 4688 summam
3415 4637 3807 4698 firmitatem-

509 4723 752 4780 decernit
770 4721 855 4776 vel
881 4718 1199 4782 decreverit,
1229 4725 1288 4770 ut
1321 4714 1579 4782 competit
1611 4728 1742 4766 meae
1765 4708 2084 4772 subditioni,
2186 4734 2292 4787 que
2315 4719 2470 4774 nobis
2489 4720 2739 4774 omnibus
2761 4722 2977 4790 scripsit
3006 4724 3058 4776 in
3083 4724 3387 4790 apostolicae
3418 4730 3585 4786 sedis
3610 4748 3812 4791 reser-

509 4814 703 4872 obedio
727 4821 781 4866 et
806 4811 1075 4874 obediam,
1094 4808 1232 4863 sicut
1256 4806 1520 4860 hactenus
1535 4799 1850 4857 conservavi
1876 4813 1938 4852 ea
1965 4812 2085 4866 quae
2187 4817 2368 4861 vatam
2406 4809 2631 4862 arbitrio
2659 4812 2962 4877 potestatis,
2986 4827 3085 4866 nos
3114 4812 3230 4867 sine
3261 4813 3589 4883 regularum
3615 4831 3681 4875 et
3709 4840 3809 4880 se-

511 4906 692 4962 domni
710 4903 983 4959 Benedicti
998 4911 1051 4954 et
1075 4915 1170 4954 sua
1187 4898 1405 4951 fuerunt
1425 4893 1744 4948 auctoritate
1760 4891 1994 4945 ﬁrmata.
2019 4888 2086 4941 Et
2187 4899 2270 4953 dis
2299 4898 2608 4965 apostolicae
2632 4897 2971 4967 praeiudicio,
3019 4900 3242 4968 sineque
3270 4909 3461 4958 nostro
3491 4914 3810 4969 communi

512 5002 641 5056 item
663 4999 875 5054 dicente
898 4992 1154 5064 Apostolo
1187 5009 1199 5043 :
1231 4989 1468 5058 Idipsum
1496 4985 1682 5038 dicatis
1700 4990 1954 5045 omnes,et
1981 4995 2084 5035 non
2185 4987 2448 5057 periculo,
2477 4986 2771 5042 dissolvere
2807 4997 2862 5042 et
2891 4989 3175 5043 immutare
3216 4991 3527 5057 possimus,
3580 4997 3814 5058 Οωιεε,

511 5094 614 5146 sint
635 5088 838 5144 iurabis
860 5081 1205 5151 schismata“
1221 5081 1389 5144 Com,
1408 5074 1894 5149 il),sicutservavi
1913 5087 2085 5141 usque
2187 5079 2302 5132 tiuo
2328 5077 2537 5132 dicente
2567 5078 2739 5147 (epist.
2768 5078 2822 5146 5)
2841 5096 2852 5130 :
2873 5078 2999 5144 Qua:
3021 5094 3048 5132 a
3082 5078 3236 5133 nobis
3266 5094 3352 5134 res
3381 5081 3561 5151 digna
3599 5105 3811 5146 serva-

513 5182 568 5237 in
590 5195 828 5252 przesens
863 5192 981 5246 quae
1009 5175 1434 5244 prmdeccssores
1480 5168 1835 5238 quorumdam
1879 5174 2086 5221 vestro-
2188 5170 2354 5232 bitur,
2391 5170 2436 5223 si
2465 5168 2818 5224 decretalium
2857 5185 3044 5222 norma
3093 5171 3523 5230 constitutorum
3552 5195 3668 5248 pro
3699 5184 3812 5237 ali-

513 5287 635 5326 rum
663 5287 783 5326 cum
807 5266 1140 5339 quibusdam-
1167 5279 1229 5318 ex
1266 5262 1418 5315 vobis
1454 5260 1772 5330 regulariter
1799 5275 1866 5312 ex
1892 5259 2084 5313 iisdem
2156 5264 2415 5330 quorum
2456 5260 2611 5314 libitu
2652 5261 2863 5314 licentia
2904 5259 3111 5329 populis
3150 5263 3413 5329 permissa
3451 5265 3818 5340 frangatur?

516 5362 775 5418 fratribus
806 5360 1129 5418 diflinieruut
1154 5376 1166 5412 :
1206 5356 1280 5410 ita
1305 5363 1359 5409 et
1402 5369 1521 5423 quae
1562 5353 1628 5407 de
1666 5353 1798 5420 ipsis
1825 5353 2084 5405 canonice
2191 5351 2297 5405 Sed
2321 5358 2420 5404 eta
2443 5350 2716 5404 nobisnon
2736 5360 2818 5404 est
2830 5351 3256 5418 parvipendenda
3273 5355 3575 5422 granditer
3597 5361 3824 5421 Leonis

509 5450 667 5521 iuxta
698 5459 934 5504 tenorem
967 5448 1312 5520 epistolarqu
1339 5445 1520 5497 domui
1547 5441 1825 5510 apostolici
1855 5439 2085 5494 diﬂinie-
2192 5457 2343 5512 pach
2381 5443 2442 5496 ad
2484 5443 2712 5496 Leonem
2751 5440 3050 5510 Augustum
3083 5441 3150 5496 de
3176 5459 3235 5496 se
3253 5443 3470 5511 scripta
3508 5457 3821 5509 sententia

519 5542 663 5605 ritis,
704 5541 930 5608 priscis,
959 5548 1019 5592 ut
1065 5537 1198 5592 dicit
1239 5535 1486 5589 Gelasius
1517 5532 1690 5602 (Decr.
1728 5546 1848 5600 cap.
1879 5529 1956 5600 Ξ),
1988 5547 2088 5600 pro
2196 5536 2368 5604 (epist.
2396 5533 2512 5604 8i),
2561 5533 2618 5587 Si
2660 5548 2798 5601 quae,
2829 5531 3040 5600 inquit,
3087 5531 3328 5587 destruxi
3375 5533 3510 5590 haec
3555 5542 3824 5610 aediﬁco,

519 5631 603 5685 sui
641 5628 940 5683 reverentia
985 5625 1325 5681 manentibus
1351 5623 1677 5688 constitutis,
1721 5630 1776 5676 et
1807 5630 2084 5676 reservato
2196 5627 2672 5697 praevaricatorem
2701 5638 2789 5679 me
2837 5624 3132 5691 constituo,
3171 5634 3226 5679 et
3252 5625 3333 5680 eis
3362 5639 3456 5680 me
3509 5630 3824 5690 ultionurn

445 5796 482 5826 .
518 5737 617 5792 per
641 5720 821 5776 omnia
864 5719 1140 5774 sententia:
1177 5733 1238 5774 ac
1279 5717 1417 5786 juris
1455 5714 1734 5787 privilegio
1779 5715 2084 5786 apostolicze
2167 5716 2592 5793 (conditionibus
2649 5715 2855 5784 subdo,
2905 5729 3042 5787 quas
3088 5731 3195 5773 non
3241 5715 3416 5772 solum
3474 5725 3829 5795 auctoritas
