4046 6284
305 332 385 391 49
1451 358 1469 375 ι
1758 325 1863 381 EPI

1964 325 2136 383 DLJE.
3493 335 3562 389 50

305 446 486 505 beatae
505 442 782 499 memoriae
802 441 1075 508 Martiani,
1103 442 1199 499 sed
1223 441 1388 498 etiam
1413 454 1512 512 ego
1536 416 1775 494 meacon
1785 437 1888 492 t‘es—
1916 445 1961 500 Α
1991 437 2281 523 quidquam
2304 437 2483 493 facere
2507 437 2648 509 quod
2666 436 2889 492 Patrum
2910 438 3079 508 possit
3098 436 3299 523 regulis
3318 414 3559 505 obviare,

305 538 469 594 sione
515 534 748 595 ﬁrmavi.
798 535 1116 605 De'quibus
1171 534 1431 590 ultiouum
1492 529 1887 586 conditionibus

307 627 440 699 quid
470 642 501 680 a
523 634 713 680 sancto
737 623 944 699 Spiritu
972 640 1069 695 per
1094 622 1319 680 concilia
1346 620 1638 691 provinciae
1666 618 1884 680 Africae,

304 716 509 788 quidve
530 715 626 770 Dei
654 714 942 791 sapientia,
976 729 1102 785 qua,
1132 721 1192 768 ut
1217 713 1479 781 scriptum
1507 717 1611 775 est,
1638 708 1889 765 condito-

305 820 401 860 res
445 804 622 873 legum
662 802 809 871 justa
844 802 1181 866 decernunt,
1220 799 1429 871 legibus
1473 799 1545 855 sit
1586 799 1883 860 decretum,

304 892 505 957 melius
541 893 640 962 ipsi
680 892 855 947 scitis.
897 892 1047 959 Quod
1072 891 1116 946 si
1146 892 1311 946 etiam
1355 891 1461 945 hoc
1503 889 1570 945 de
1598 904 1657 944 se
1690 886 1887 942 intelli—

303 998 463 1056 gens,
490 992 547 1038 et
578 982 662 1038 his
702 982 881 1054 legum
911 981 1306 1036 conditionibus
1336 980 1490 1036 subdi
1532 989 1715 1035 tantus
1748 993 1884 1049 papa

302 1084 360 1133 et
384 1075 576 1145 prima:
599 1065 745 1129 sedis
775 1072 1013 1143 pontifex
1048 1072 1400 1142 praecavendo
1436 1070 1660 1143 refugit,
1707 1058 1883 1139 quali-

305 1173 393 1220 ter
420 1164 623 1220 eisdem
652 1163 910 1218 ultinnum
938 1161 1335 1218 conditionibus
1363 1161 1515 1217 subdi
1532 1150 1885 1243 praecavenda

306 1256 506 1316 timere
551 1270 652 1311 nos
695 1252 987 1310 debeamus
1035 1252 1303 1322 subjecti,
1351 1261 1599 1329 patenter
1622 1249 1880 1307 ostendit.

304 1346 416 1407 Sed
444 1355 499 1402 et
526 1347 593 1401 de
612 1351 923 1413 contempto
939 1344 1284 1406 anathemate
1315 1342 1639 1397 necessitate
1658 1339 1882 1411 (quanto

304 1437 479 1507 magis
509 1433 956 1504 deliberatione?)
989 1432 1092 1489 rite
1112 1432 1346 1502 prolato,
1373 1431 1518 1503 quod
1561 1429 1614 1484 in
1641 1428 1881 1501 praefatis

284 1509 603 1598 privilegiis
648 1524 955 1579 continetur
981 1562 998 1589 ,
1043 1522 1171 1592 quid
1211 1528 1431 1576 sanctus
1476 1518 1769 1590 Gregorius
1811 1517 1880 1573 ad
1970 1516 1973 1519 λ

304 1613 676 1678 Theoctistam
722 1611 1007 1683 patriciam
1036 1610 1178 1666 dicat
1202 1610 1316 1682 (lib.
1359 1626 1433 1678 Ix,
1477 1608 1755 1681 epist.'79),
1798 1623 1879 1664 sa-

299 1702 563 1779 pientiam
592 1708 825 1755 vestram
857 1714 887 1754 a
917 1700 1028 1755 Deo
1056 1700 1268 1754 doctam
1293 1715 1398 1754 non
1432 1698 1581 1754 latet.
1608 1698 1674 1753 Et
1718 1698 1876 1769 Syru-

1991 542 2210 583 necesse
2237 536 2322 583 est
2350 537 2409 583 ut
2434 530 2650 585 eahinc
2674 529 2996 597 decernatis,
3021 546 3089 588 ne
3104 522 3201 586 aut
3228 533 3281 586 in
3307 526 3560 601 quastio-

1988 633 2113 674 nem
2135 620 2436 684 reveniant,
2460 629 2552 675 aut
2572 621 2786 676 occasio
2813 621 3008 678 exinde
3041 622 3266 692 alicujus
3299 637 3558 706 praesum-

1974 706 2188 786 ptionis
2202 723 2479 788 exsurgat,
2495 725 2588 773 aut
2606 719 2695 773 illa
2708 720 3001 795 dissolvere
3017 722 3344 793 temporibus
3361 724 3561 789 nostris

1983 805 2070 859 vel
2097 820 2468 861 successorum
2496 814 2805 863 nostrorum
2823 818 3089 885 oporteat.
3117 811 3351 877 Quanta,
3384 812 3561 883 inquit

1987 894 2344 975 Symmachus
2367 895 2535 967 (epist.
2561 900 2617 963 ί,
2643 899 2712 952 ad
2739 898 3041 972 onnium),
3072 900 3288 957 vicariis
3310 901 3559 969 beatissi-

1984 986 2058 1041 mi
2085 985 2231 1043 Petri
2260 985 2482 1058 apostoli
2506 984 2840 1056 judicabitur
2861 1002 2984 1044 esse
3011 989 3337 1054 reverentia,
3366 990 3411 1044 si
3439 1005 3560 1061 quae

1984 1079 2038 1143 in
2074 1077 2376 1134 sacerdotio
2419 1078 2972 1147 prmcipiurnteisdem
3014 1079 3419 1141 transeuntibus
3450 1078 3559 1134 dis.

1984 1168 2297 1235 solvantur?
2320 1167 2471 1237 quia,
2495 1175 2555 1223 ut
2582 1168 2737 1231 idem,
2757 1167 2920 1237 dicit,
2966 1182 3071 1223 non
3101 1175 3283 1238 potest
3307 1182 3375 1224 ex
3404 1175 3560 1239 parte

1985 1257 2197 1311 ﬁrmum
2229 1271 2349 1314 esse
2371 1257 2514 1335 quod
2542 1258 2911 1335 generalitatis
2940 1258 3113 1330 tangit
3140 1245 3413 1329 injuriam.

2527 1372 2864 1433 EPISTOLA
2912 1373 3000 1431 IV.

2228 1491 2297 1532 Αυ
2332 1488 2548 1532 EAIDEI
2589 1489 2833 1532 SYNODUI
2870 1490 3310 1544 SUESSIONENSEI,

1977 1586 2058 1643 De
2101 1587 2281 1642 Ebone
2331 1587 2629 1663 Rliemensi,
2653 1589 2795 1659 quod
2822 1587 2888 1641 ab
2922 1588 3221 1663 episcopatu
3259 1590 3382 1661 jure
3407 1592 3553 1663 deje-

2047 1668 2182 1722 ctus,
2237 1674 2329 1712 nec
2368 1658 2593 1727 legitime
2626 1658 2803 1727 postea
2842 1658 3140 1724 restitutus,
3170 1658 3384 1715 clericos
3410 1658 3553 1717 ordi-

2048 1744 2176 1782 nare
2220 1744 2339 1797 non
2369 1728 2617 1796 potuerit.
2643 1738 2689 1782 et
2733 1727 2872 1797 quod
2907 1728 2963 1781 Ιιὶ
3005 1743 3133 1797 quos
3165 1730 3460 1797 ordinarat,
3496 1734 3552 1787 in

300 1778 531 1857 machus
555 1790 687 1847 dicit
718 1791 887 1863 (epist.
913 1792 939 1847 1
987 1791 1058 1845 ad
1077 1789 1353 1863 onnium)
1381 1791 1447 1846 ad
1477 1791 1649 1862 ipsam
1690 1805 1872 1846 sacro-
1903 1778 1950 1838 Β
2047 1778 2539 1879 ﬂagella-ldentis;
2558 1778 2867 1870 V’s'uvspeitisi,“
2893 1778 2958 1855 iul
2991 1778 3551 1879 siéisibhiiiii'jizdii

298 1894 542 1941 sanctam
569 1883 892 1939 catholicam
921 1883 1235 1954 religionem
1257 1882 1550 1954 pertinere,
1582 1882 1736 1952 cujus
1758 1897 1873 1939 om-

296 1974 386 2039 nis
412 1983 655 2044 potestas
682 1972 1011 2045 infringitur,
1040 1973 1142 2028 nisi
1174 1974 1443 2040 universa,
1469 1988 1590 2045 quae
1611 1989 1639 2029 a
1660 1974 1873 2030 Domini

298 2065 675 2129 sacerdotibus
702 2063 867 2120 semel
893 2062 1210 2135 regulariter
1228 2058 1570 2134 .statuuntu'r,
1610 2073 1871 2138 perpetua

296 2158 442 2223 sint;
467 2156 606 2226 quod
635 2155 770 2210 alias
796 2154 1106 2225 contingere
1133 2155 1354 2225 poterit,
1386 2155 1433 2211 si
1461 2171 1745 2221 successor
1777 2156 1872 2212 de-

302 2249 541 2306 cessoris
577 2249 777 2303 actibus
809 2262 913 2313 non
958 2245 1209 2301 tribuerit
1254 2246 1674 2319 ﬁhrmitatem,jet
1704 2246 1867 2301 robo-

296 2340 478 2399 rando
508 2355 625 2411 quae
650 2348 799 2410 gesta
820 2348 969 2404 sunt,
1001 2338 1166 2404 faciat
1188 2347 1304 2399 rata
1332 2353 1450 2395 esse
1473 2354 1593 2410 quae
1617 2339 1867 2411 gesserit.

294 2433 367 2488 Et
394 2431 641 2488 Gelasius
677 2433 850 2502 (epist.
888 2431 945 2485 11
990 2430 1063 2499 ad
1088 2427 1439 2502 Germanos):
1474 2448 1495 2485 ι
1530 2430 1743 2493 Patres,
1782 2431 1867 2484 in-

297 2523 442 2593 quit,
484 2523 651 2577 nostri
676 2520 925 2591 catholici
969 2520 1220 2576 videlicet
1262 2519 1514 2592 doctique
1554 2520 1864 2591 pontifices,

294 2611 560 2682 quidquid
594 2627 693 2681 pro
723 2609 871 2681 (ide,
906 2625 1004 2689 pro
1049 2611 1305 2676 veritate,
1359 2626 1459 2680 pro
1485 2611 1869 2667 communione

293 2700 560 2755 catholica
588 2709 747 2769 atque
775 2699 1093 2769 apostolica,
1132 2699 1425 2756 secundum
1461 2699 1868 2772 Scripturarum

296 2787 571 2854 tramitem
586 2828 621 2860 ,ο
655 2788 1106 2859 traditionemque
1138 2779 1415 2856 'majorum
1447 2828 1465 2855 ,
1510 2788 1676 2861 facta.
1701 2789 1869 2849 semel

291 2878 711 2951 congregatione
766 2888 1092 2948 sanxerunt,
1151 2878 1526 2936 inconvulsum
1583 2880 1869 2945 voluerunt

291 2967 549 3049 deinceps
582 2968 901 3038 firmumque
946 2977 1237 3035 constare;
1289 2984 1389 3024 nec
1436 2970 1488 3025 in
1540 2970 1643 3037 hac
1678 2969 1866 3025 eadem

294 3074 457 3113 causa
489 3058 668 3114 denuo
690 3074 809 3127 quas
832 3059 1051 3129 praefixa
1074 3059 1293 3114 fuerant
1318 3060 1603 3124 retractari
1628 3059 1864 3131 qualibet

1964 1878 1974 1887 '
2045 1865 2255 1938 spoliati
2274 1865 2399 1922 sint.

2527 1960 2691 2025 (Apud
2716 1960 2987 2024 Sirmond.)

2045 2066 2354 2124 HINCIARUS
2393 2067 2723 2122 Rhemorum
2767 2066 3048 2137 episcopus
3097 2072 3296 2120 sancta:
3343 2064 3549 2121 svnodo

1972 2157 2153 2213 domni
2180 2172 2330 2228 papae
2357 2155 2559 2212 Nicolai
2589 2156 2911 2213 auctoritate
2946 2162 3273 2210 convocata).
3524 2226 3529 2233 η

2042 2246 2168 2302 Car.
2197 2247 2237 2302 ί.
2284 2248 2359 2301 De
2408 2247 2613 2311 Ebone,
2649 2246 2791 2301 unde
2837 2244 3056 2316 quidam
3098 2244 3411 2315 loquuntur,
3452 2243 3546 2316 qui

1971 2351 2188 2393 causam
2209 2338 2325 2407 ejus
2343 2338 2607 2402 nesciunt,
2631 2336 2714 2391 vel
2738 2336 2878 2390 scire
2901 2343 2993 2389 aut
3016 2336 3203 2390 audire
3218 2351 3322 2390 non
3340 2322 3543 2401 vol—unt,

1971 2441 2092 2484 cum
2124 2441 2441 2496 quocunque
2467 2442 2566 2497 per
2594 2426 2995 2482 contentionem
3036 2424 3237 2480 nullam
3266 2424 3544 2480 conferam

1970 2516 2322 2589 quaestionem
2356 2558 2372 2584 ,
2423 2517 2546 2587 quia
2595 2530 2697 2573 nec
2743 2516 2973 2572 domnus
3039 2515 3363 2587 apostolicus
3411 2516 3545 2571 mihi

1970 2607 2234 2678 agendum
2254 2608 2358 2661 hoc
2384 2607 2620 2676 scripsit,
2646 2619 2746 2663 nec
2766 2619 2889 2662 cum
2919 2605 3107 2662 eodem
3133 2605 3318 2662 Ebone
3347 2606 3401 2660 in
3431 2606 3543 2662 vita

1968 2712 2067 2755 sua
2096 2696 2279 2751 exstiti
2309 2696 2617 2763 altercator,
2664 2711 2766 2752 nec
2812 2703 2936 2767 post
2977 2703 3205 2755 mortem
3254 2694 3373 2765 ejus
3401 2696 3542 2759 illius

1969 2801 2099 2853 sum,
2114 2786 2421 2858 derogator,
2449 2799 2550 2839 nec
2570 2785 2687 2860 ejus
2729 2784 2870 2841 sedis
2898 2785 3114 2850 invasor
3147 2785 3353 2851 exstiti,
3380 2799 3542 2855 quam

1970 2878 2038 2941 ab
2058 2893 2123 2935 eo
2147 2877 2438 2933 secundum
2461 2874 2671 2947 regulas
2691 2876 2993 2943 sacerdotio
3011 2874 3269 2933 defuncto
3291 2886 3539 2946 quartus,

1954 2962 2091 3041 post
2118 2981 2212 3022 eos
2241 2965 2333 3036 qui
2363 2980 2482 3021 eam
2521 2973 2831 3030 tenuerunt,
2861 2965 3121 3020 canonice
3147 2965 3201 3021 in
3245 2980 3308 3021 ea
3336 2965 3540 3021 electus

1967 3065 2022 3116 et
2043 3056 2321 3113 ordinatus
2353 3055 2640 3127 regendam
2686 3056 2918 3126 suscepi.
2964 3055 3194 3111 Ratione
3239 3064 3419 3111 autem
3459 3057 3541 3111 di-

301 3151 507 3206 recenti
553 3150 971 3221 praesumptione
1010 3149 1397 3220 permiserunt.
1453 3149 1864 3221 sapientissime
1890 3143 1934 3206 C
1965 3154 2165 3215 ctante,
2188 3160 2349 3216 quam
2377 3146 2524 3200 omni
2546 3146 2787 3215 poscenti
2821 3160 3017 3216 negare
3035 3162 3143 3202 non
3175 3146 3364 3214 debeo,
3392 3148 3537 3204 veri—

292 3242 659 3311 pervidentes,
691 3242 944 3312 quoniam
966 3242 1009 3297 si
1045 3241 1261 3297 decreta
1293 3240 1588 3297 salubriter
1611 3240 1864 3310 cuiquam

290 3327 482 3393 liceret
504 3330 721 3393 iterare,
752 3330 953 3384 nullum
981 3338 1172 3385 contra
1193 3330 1432 3402 singulos
1453 3321 1692 3399 quosque
1712 3324 1867 3400 pror-

280 3414 384 3474 sus
412 3432 627 3474 errores
648 3418 845 3474 stabile
872 3419 1186 3490 persisteret
1211 3418 1467 3475 Ecclesia:
1491 3417 1863 3484 constitutum,

293 3524 358 3569 ac
388 3526 603 3581 semper
632 3510 821 3566 iisdem
853 3508 1128 3567 furoribus
1157 3508 1414 3566 redivivis
1440 3509 1616 3572 omnis
1649 3509 1862 3580 integra

290 3597 537 3654 dilIinitio
570 3601 892 3655 turbaretur.
935 3620 953 3653 ι

366 3689 493 3745 Haec
518 3690 697 3761 itaque
720 3693 787 3747 de
812 3693 1008 3749 litteris
1045 3693 1302 3749 divinitus
1324 3693 1597 3764 inspiratis
1614 3702 1859 3763 accepta,

290 3780 384 3835 vel
408 3796 508 3851 pro
533 3782 609 3835 rei
637 3782 820 3838 notitia
845 3784 1208 3850 manifestata,
1238 3800 1343 3840 non
1374 3786 1441 3840 ad
1467 3785 1859 3851 resultandum,

298 3871 444 3939 quod
468 3871 624 3937 absit,
654 3872 703 3927 in
735 3873 914 3942 aliquo
942 3874 1122 3936 domni
1148 3889 1299 3944 papas
1337 3871 1569 3931 decretis
1597 3874 1856 3945 apostoli-

294 3960 407 4025 cis,
463 3960 544 4014 vel
572 3964 638 4016 ad
686 3963 1040 4021 resistendum
1075 3966 1271 4020 vestris
1299 3964 1633 4036 regularibus
1661 3964 1857 4020 dillini-

292 4050 532 4105 tionibus
572 4049 816 4121 profero;
855 4053 949 4107 sed
978 4060 1036 4106 ιιι
1061 4054 1328 4122 quomodo
1358 4052 1444 4108 his
1475 4056 1593 4123 quae
1624 4055 1678 4109 in
1714 4054 1860 4126 deje-

290 4140 474 4194 ctione
502 4139 713 4194 illorum
738 4138 971 4197 difﬁnita-
990 4148 1116 4195 sunt
1139 4142 1401 4197 hactenus
1428 4144 1663 4210 obedivi,
1691 4146 1770 4200 sic
1801 4147 1858 4201 in

289 4242 479 4282 eorum
509 4229 867 4296 restitutione,
908 4229 1061 4298 cujus
1104 4231 1236 4286 estis
1265 4247 1293 4285 a
1339 4234 1536 4287 domno
1564 4236 1858 4304 apostolico

287 4317 478 4371 arbitri
513 4319 812 4385 constituti,
844 4319 941 4373 sia
974 4318 1126 4373 vobis
1149 4319 1320 4373 tienda
1349 4322 1607 4376 canonice
1635 4323 1855 4377 inventa

285 4414 339 4458 et
365 4414 578 4474 patrata
610 4405 789 4471 fuerit,
819 4416 1077 4476 quantum
1105 4424 1172 4463 ex
1199 4423 1283 4464 me
1307 4417 1409 4475 est,
1432 4410 1670 4480 prmfatis
1695 4428 1851 4484 regu-

285 4494 351 4550 lis
379 4497 551 4551 sacris
576 4538 589 4561 ,
612 4505 679 4553 et
715 4498 1110 4567 episc0palibus
1153 4511 1314 4569 atque
1359 4502 1667 4571 apostolicae
1713 4504 1858 4561 sedis

282 4581 477 4638 exinde
501 4587 1020 4654 conﬁrmationibus,
1050 4590 1350 4658 periculose
1379 4608 1483 4647 non
1514 4593 1725 4648 obviem
1747 4635 1762 4659 ,
1802 4603 1858 4649 et

286 4690 315 4728 a
342 4678 813 4747 praeceptionibus,
835 4693 954 4747 quae
982 4679 1034 4733 in
1062 4680 1371 4750 apostolicis
1400 4682 1642 4753 epistolis
1669 4684 1849 4739 contie
1886 4690 1898 4705 '

283 4773 494 4829 nentur,
546 4779 579 4818 a
615 4765 811 4835 quibus
836 4767 1063 4822 Domino
1099 4779 1367 4825 annuente
1408 4770 1493 4825 vel
1520 4779 1853 4840 transverso,

283 4864 342 4909 ut
366 4854 589 4919 dicitur,
620 4871 795 4926 ungue
820 4858 1056 4912 scienter
1079 4866 1134 4912 et
1172 4875 1272 4930 per
1292 4860 1689 4916 contumaciam
1738 4875 1845 4923 non

280 4943 617 5007 exorbitabo,
646 4946 698 5000 in
721 4947 868 5002 nullo
891 4962 988 5018 per
1008 4948 1365 5019 ignorantiam
1390 4949 1618 5005 deviem.
1644 4958 1700 5005 et
1721 4966 1848 5021 qua-

278 5032 402 5089 liter
427 5033 633 5104 absque
656 5037 969 5092 discrimine
994 5039 1143 5106 sequi
1173 5039 1395 5094 debeam
1422 5040 1726 5110 regularem
1751 5057 1847 5096 vc-

278 5132 446 5177 stram
468 5168 482 5189 ,
517 5140 749 5193 quorum
796 5142 859 5181 ex
899 5125 1238 5197 delegatione
1266 5128 1408 5185 sedis
1434 5129 1741 5201 apostolica:
1768 5130 1852 5185 in-

276 5219 465 5289 terest,
489 5211 884 5278 difﬁnitionem,
920 5230 1017 5285 per
1063 5218 1297 5287 ipsarum
1328 5219 1635 5288 regularum
1666 5210 1851 5277 tramié

277 5309 382 5355 tem
429 5302 638 5372 liquido
674 5319 1000 5374 cognoscere
1037 5306 1268 5362 valeam.
1319 5308 1403 5365 Ad
1446 5310 1550 5366 hoc
1576 5312 1721 5366 enim
1763 5311 1850 5366 vel

274 5384 515 5465 maxime
548 5382 616 5447 ad
646 5396 906 5464 synodum
932 5395 1082 5451 venit
1106 5397 1412 5468 episcopus,
1446 5407 1510 5470 ut
1535 5408 1628 5454 aut
1655 5401 1847 5467 discat,

271 5490 366 5559 aut
406 5480 649 5548 doceat,
688 5490 783 5536 aut
807 5482 1130 5556 corrigatur,
1161 5495 1253 5540 aut
1285 5488 1535 5556 corrigat.
1577 5488 1646 5542 Et
1671 5487 1849 5544 Coale-

271 5570 413 5637 stino
435 5571 891 5643 dicente(Deeret.
918 5572 1285 5646 20,'episcopis
1310 5593 1402 5648 per
1420 5576 1683 5647 Apuliam,
1698 5578 1849 5649 etc.),

274 5655 334 5720 ut
362 5660 494 5716 nulli
530 5663 801 5719 sacerdoti
825 5676 952 5720 suos
978 5663 1140 5721 liceat
1171 5679 1408 5722 canones
1452 5666 1723 5737 ignorare,
1752 5682 1852 5725 nec

1965 3245 2132 3295 tatem
2186 3236 2431 3308 proferre
2471 3237 2618 3294 licite
2669 3238 2842 3314 valeo.
2896 3239 3041 3295 Idem
3087 3255 3320 3313 namque
3372 3257 3405 3297 a
3456 3256 3532 3309 se,

1959 3326 2111 3399 juxta
2137 3342 2322 3389 sacras
2367 3327 2579 3405 regulas
2619 3337 2673 3384 et
2718 3329 3061 3390 traditionem
3083 3316 3535 3399 ecclesiasticam,

1964 3434 2029 3477 ac
2055 3421 2271 3483 decreta
2301 3420 2445 3487 sedis
2463 3420 2720 3476 Romana:
2745 3421 3082 3493 pontificum,
3113 3421 3339 3489 Zosimi,
3368 3420 3533 3478 Joan-

1962 3509 2048 3565 nis
2076 3518 2240 3580 atque
2267 3508 2532 3580 Gregorii,
2562 3510 2701 3567 sicut
2745 3510 2814 3566 ab
2850 3510 2930 3566 eis
2960 3511 3311 3567 constitutum
3339 3512 3531 3570 multo-

1964 3600 2067 3655 ties
2096 3599 2308 3671 legitur,
2336 3614 2432 3669 per
2455 3600 2807 3671 professionis
2832 3617 2941 3657 sum
2969 3600 3228 3667 libellum,
3256 3617 3320 3658 ea
3345 3606 3534 3659 mode-

1960 3689 2191 3756 ratione,
2213 3703 2376 3759 quam
2405 3688 2515 3744 Leo
2539 3703 2765 3760 magnus
2784 3705 2921 3759 papa
2953 3689 3192 3744 decrevit
3217 3690 3284 3745 ad
3319 3692 3535 3746 univer-

1960 3791 2052 3834 sos
2102 3778 2382 3846 episcopos
2424 3792 2523 3846 per
2550 3777 2849 3842 Samnium,
2878 3777 3135 3835 Picenum
3183 3787 3239 3833 et
3263 3779 3532 3843 Tusciam

1961 3864 2067 3938 (ep.
2095 3864 2210 3934 86),
2240 3864 2499 3920 dictatum
2525 3871 2580 3919 et
2613 3864 2831 3941 propria
2872 3880 3034 3919 manu
3061 3865 3443 3935 subscriptum,
3478 3867 3534 3924 in

1960 3955 2168 4028 synodo
2194 3969 2253 4011 se
2273 3954 2538 4026 deposuit,
2560 3964 2615 4011 et
2639 3948 2926 4027 episc0pali
2946 3956 3244 4020 ministerio
3264 3957 3532 4028 spoliavit,

1960 4054 2123 4115 atque
2158 4043 2451 4102 secundum
2478 4058 2631 4100 suam
2683 4044 3076 4115 professionem
3104 4053 3159 4101 et
3181 4046 3533 4118 subscriptio-

1957 4152 2083 4194 nem
2111 4153 2141 4193 a
2172 4137 2522 4209 quadraginta
2553 4136 2725 4193 tribus
2759 4137 3023 4207 episcopis
3039 4136 3301 4205 judicium
3324 4139 3535 4209 deposi-

1956 4228 2120 4286 tionis
2148 4210 2386 4297 suscepit
2416 4243 2431 4280 :
2465 4226 2605 4281 sicut
2626 4225 2715 4281 ille
2736 4225 2849 4296 ipse
2874 4226 3106 4293 libellus,
3146 4243 3303 4296 quem
3330 4229 3534 4299 synodo

1956 4302 2221 4388 porrexit,
2250 4326 2306 4373 et
2326 4318 2514 4372 notitia
2537 4317 2829 4389 synodalis,
2852 4333 2970 4387 qua:
2996 4318 3277 4384 habemus,
3307 4320 3528 4376 eviden-

1962 4392 2044 4460 ter
2066 4404 2377 4461 ostendunt.
2408 4403 2477 4459 Ut
2517 4404 2661 4458 enim
2689 4403 2817 4458 dicit
2838 4403 3103 4470 Gclasius,
3143 4406 3263 4462 ideo
3308 4414 3533 4467 vocatur

1884 4471 1936 4529 D
1967 4498 2034 4552 ad
2052 4495 2313 4566 judicium
2336 4505 2486 4550 certa
2512 4510 2844 4566 quiscunque
2872 4510 3118 4565 persona,
3151 4504 3210 4556 ut
3240 4506 3334 4552 aut
3362 4497 3531 4552 fatea-

1966 4597 2058 4643 tur
2082 4587 2311 4657 objecta,
2339 4597 2432 4642 aut
2461 4596 2518 4641 ut
2541 4572 2896 4644 convincatur
2922 4587 3164 4658 objectis.
3189 4588 3293 4644 Sed
3307 4590 3451 4646 hunc
3473 4598 3531 4645 et

1958 4666 2108 4734 actio
2131 4692 2267 4748 pene
2297 4677 2444 4732 omni
2475 4678 2676 4732 mundo
2701 4685 2827 4734 nota
2856 4679 3114 4747 convicit,
3160 4688 3217 4736 et
3244 4680 3357 4752 ipse
3397 4696 3529 4750 pro-

1961 4754 2079 4841 pria
2123 4783 2180 4822 se
2207 4782 2340 4822 voce
2391 4776 2448 4822 et
2504 4768 2803 4839 subscripta
2843 4769 3174 4839 professione
3232 4773 3526 4828 damnavit.

1961 4858 2152 4925 Postea
2181 4872 2308 4912 vero
2329 4857 2445 4912 sine
2476 4857 2583 4912 ulla
2608 4858 2839 4930 regulari
2869 4860 3209 4917 restitutione
3240 4862 3381 4918 idem
3429 4863 3532 4915 mi-

1956 4948 2240 5002 nisterium
2274 4946 2595 5018 episc0pale,
2622 4962 2730 5018 quo
2758 4963 2816 5003 se
2842 4949 3172 5020 privaverat,
3211 4958 3396 5006 contra
3442 4964 3531 5002 sa-

1959 5053 2082 5094 cros
2101 5052 2334 5093 canones
2358 5039 2651 5108 usurpavit.
2678 5038 2745 5092 Et
2776 5040 2991 5095 demum
3019 5042 3119 5096 sub
3156 5056 3291 5111 papa
3338 5039 3528 5108 Sergio

1957 5127 2184 5182 Romam
2210 5128 2456 5193 veniens,
2516 5112 2584 5182 ab
2614 5143 2700 5193 eo,
2746 5137 2805 5183 ut
2831 5130 3114 5185 damnatus
3139 5131 3192 5184 in
3219 5129 3353 5183 laica
3403 5137 3525 5183 tan-

1956 5227 2071 5273 tum
2100 5217 2479 5271 communione
2508 5223 2773 5282 maneret,
2799 5217 3044 5272 districta
3070 5215 3356 5280 sententia,
3382 5216 3524 5272 sicut

1956 5314 2010 5361 et
2030 5315 2179 5376 gesta
2206 5307 2373 5376 ipsius
2395 5322 2548 5378 papae
2573 5307 2966 5372 demonstrant,
2987 5306 3372 5363 condemnatus
3403 5304 3524 5362 fuit.

1956 5396 2059 5465 Qui
2084 5411 2205 5452 cum
2233 5382 2546 5465 metropolis
2574 5395 2925 5461 Rhemorum,
2952 5396 3006 5449 in
3035 5410 3139 5464 qua
3176 5392 3356 5451 fuerat
3380 5400 3527 5455 ordi-

1956 5496 2137 5552 natus,
2162 5501 2262 5556 per
2288 5486 2606 5542 decennium
2634 5493 2757 5556 post
2777 5483 3164 5553 depositionem
3189 5484 3305 5555 ejus
3316 5498 3531 5560 pastore

1957 5585 2197 5643 vacaret,
2227 5575 2321 5632 sed
2348 5584 2405 5633 et
2430 5590 2601 5646 usque
2629 5575 2694 5629 ad
2724 5572 3009 5628 terminum
3053 5574 3179 5634 vita
3225 5592 3357 5642 sure,
3404 5593 3525 5632 cum

1960 5666 2075 5723 fere
2105 5667 2290 5723 decem
2319 5674 2371 5722 et
2406 5673 2607 5735 septem
2638 5661 2791 5716 armis
2815 5662 3348 5732 postdamnationem
3373 5679 3526 5721 suam
