4046 6284
527 262 593 317 51
1433 259 1766 315 HINCMARI
1804 257 2200 314 RHEMENSIS
2233 256 2755 345 ARCHIEPISEOPI
3709 259 3774 326 53

532 372 746 437 vixerit,
777 371 1020 430 eamdem
1055 369 1256 436 sedem,
1293 383 1400 438 qua
1432 368 1751 439 regulariter
1774 384 1832 423 se
1857 369 2107 438 privavit,
2137 370 2186 429 Α
2214 373 2625 430 consenserunt,
2653 365 2720 419 de
2757 364 2952 434 quibus
2990 365 3042 417 in
3071 372 3255 418 nostro
3294 362 3487 417 sarculo
3517 363 3776 432 quosdam

536 463 796 519 canonice
819 476 924 517 non
951 460 1186 530 repetiit,
1216 475 1315 514 nec
1343 459 1594 525 obtinuit,
1624 473 1796 528 neque
1826 459 1991 513 ullum
2018 474 2107 513 ca-

537 551 745 606 nonicaa
771 565 880 606 sua:
906 549 1256 605 restitutionis
1298 548 1676 603 documentum
1707 549 1911 618 synodo
1956 549 2108 605 cuili-

538 642 652 707 bet,
677 641 763 695 vel
790 640 1122 712 principibus
1147 648 1326 704 terrm,
1357 655 1419 695 ac
1444 639 1673 708 populis,
1696 641 1789 709 qui
1813 655 1936 694 eum
1958 641 2108 710 dam-

542 740 728 787 natum
786 731 951 786 fuisse
1001 738 1282 796 noverant,
1331 730 1627 786 secundum
1679 731 1889 802 regulas
1923 746 2108 786 sacras

537 823 794 878 ostendit.
824 821 889 876 Et
917 821 961 876 si
984 823 1105 891 quis
1129 821 1244 875 vult
1284 821 1463 875 dicere
1491 834 1615 874 eum
1643 819 1809 874 fuisse
1843 820 2106 889 regulari-

536 923 644 977 ter,
672 925 940 966 conscnsu
968 909 1360 981 episc0porum,
1390 908 1476 962 vel
1515 907 1660 962 sedis
1684 906 1990 977 apostolica:
2024 922 2110 962 re-

536 1007 803 1072 stitutum,
837 1005 978 1060 sicut
1029 1011 1250 1062 sanctus
1299 999 1546 1057 Gelasius
1600 999 1654 1054 in
1706 999 1962 1054 decretali
2011 1013 2110 1054 sua

536 1093 763 1162 epistola
789 1091 856 1148 de
882 1092 1079 1147 Acacio
1108 1091 1237 1147 dicit
1288 1090 1366 1162 (in
1392 1097 1538 1144 temo
1564 1089 1628 1143 de
1653 1089 1834 1142 anatli.
1857 1087 2104 1160 vinculo),

536 1197 696 1251 quem
734 1183 814 1238 sui
866 1175 1164 1252 complices'
1205 1184 1266 1236 ac
1318 1179 1558 1236 fautores
1596 1179 1898 1233 restitutum
1945 1177 2110 1234 fuisse

536 1277 832 1346 ﬁngebant,
862 1274 1053 1328 doceat
1097 1288 1127 1326 a
1155 1272 1350 1342 quibus
1379 1279 1433 1327 et
1463 1273 1556 1327 ubi
1584 1272 1670 1326 ille
1701 1286 1996 1326 consensus
2027 1285 2112 1324 re-

533 1362 830 1417 stitutionis
868 1361 938 1415 sit
960 1368 1163 1430 gestus,
1191 1361 1235 1415 si
1266 1359 1559 1415 secundum
1616 1359 1869 1414 Ecclesia:
1898 1358 2111 1426 regulas

537 1452 864 1516 celebratus,
884 1451 929 1506 si
959 1458 1183 1521 paterna
1225 1449 1514 1505 traditione
1537 1449 1832 1519 profectus,
1864 1450 1909 1505 si
1937 1448 2109 1518 majo-

536 1557 654 1596 rum
682 1556 831 1597 morc
856 1541 1114 1612 prolatus,
1145 1541 1190 1595 si
1215 1541 1541 1609 competenti
1571 1540 1970 1595 examinatione
2017 1541 2109 1596 de-

533 1638 834 1702 promptus,
867 1631 911 1685 si
937 1631 1002 1699 ad
1030 1631 1258 1702 primam
1311 1632 1514 1696 sedem,
1559 1629 1711 1699 cujus
1739 1631 2018 1695 intererat,
2045 1632 2111 1687 de

2208 459 2532 522 audivimus,
2555 457 2812 527 quosdam
2838 457 3002 510 etiam
3028 456 3117 524 qui
3143 456 3244 520 hoc
3266 463 3493 524 egerunt
3523 455 3772 512 vidimus.

2213 547 2339 612 Sed,
2368 555 2622 602 monente
2652 545 2952 616 Scriptura,
2986 562 3091 600 non
3107 547 3362 600 debemus
3393 544 3601 598 turbam
3629 547 3776 615 sequi

2209 636 2278 690 ad
2305 636 2445 691 male
2474 635 2762 706 agendum,
2793 645 2847 688 et
2875 643 2931 688 ut
2964 633 3306 688 innocentius
3330 634 3554 703 loquens
3581 634 3646 688 de
3674 633 3774 689 Bo-

2210 741 2342 781 noso
2384 726 2514 780 dicit
2556 726 2767 795 (decret.
2797 725 2909 793 56),
2950 743 2968 774 ι
2999 724 3219 790 Quoties
3259 739 3287 776 a
3328 723 3562 792 populis,
3612 731 3703 776 aut
3749 739 3778 776 a

2212 816 2364 870 turba
2396 825 2675 885 peccatur,
2699 816 2825 884 quia
2856 817 2909 869 in
2941 829 3129 868 omnes
3150 813 3781 883 preptcrmultitmlincm

2209 923 2316 961 non
2344 917 2518 976 potest
2549 909 2836 970 vindicari,
2870 907 3100 961 inultum
3124 907 3296 960 soleat
3323 907 3573 960 transire.
3598 905 3782 961 Priora

2211 1012 2339 1068 ergo
2393 998 2714 1052 dimittenda
2766 997 2886 1052 dico
2934 998 3028 1052 Dei
3079 997 3316 1066 judicio,
3369 1004 3425 1050 et
3469 997 3536 1050 de
3584 995 3783 1064 reliquo

2211 1087 2446 1143 maxima
2480 1087 2843 1142 sollicitudine
2888 1086 3317 1156 praecavendum.
3353 1105 3370 1136 ι
3403 1085 3468 1138 Et
3494 1085 3560 1138 de
3605 1085 3783 1137 incon-

2210 1192 2343 1246 grue
2371 1178 2542 1232 sacris
2573 1175 2871 1244 Scripturis
2901 1193 2965 1230 ac
2993 1184 3303 1230 sanctorum
3333 1175 3564 1228 decretis
3595 1173 3784 1228 multo-

2212 1281 2331 1319 rum
2359 1281 2642 1330 consensu,
2676 1267 2809 1320 item
2851 1268 2902 1320 in
2934 1267 3166 1320 decretis
3198 1266 3504 1335 apostolica:
3534 1265 3676 1319 sedis
3713 1265 3783 1316 lc-

2212 1358 2373 1427 gitur,
2406 1359 2530 1428 quia
2557 1359 2658 1414 etsi
2684 1374 2874 1413 omnes
2904 1361 3234 1424 sacerdotes,
3263 1369 3318 1414 et
3352 1361 3580 1414 mundus
3608 1375 3786 1413 assen-

2213 1449 2328 1514 tiat,
2355 1450 2628 1504 damnatio
2673 1450 3080 1505 consentientes
3111 1450 3356 1514 involvit,
3382 1466 3488 1506 non
3528 1449 3784 1518 praevari-

2210 1541 2480 1596 cationem
2513 1556 2808 1596 consensus
2838 1541 3089 1595 absolvit.
3118 1540 3232 1594 Non
3267 1542 3410 1595 enim
3452 1541 3656 1595 crimen
3687 1539 3786 1592 mi-

2209 1630 2417 1696 nuitur,
2443 1630 2538 1685 sed
2561 1630 2845 1694 accrescit,
2879 1645 3002 1684 cum
3048 1629 3298 1700 generale
3341 1629 3402 1682 ﬁt
3446 1645 3514 1682 ex
3557 1629 3788 1698 privato.

534 1721 800 1776 sententia
824 1736 929 1790 qua
960 1722 1241 1776 tenebatur
1266 1719 1575 1785 obstrictus,
1606 1721 1899 1775 secundum
1919 1721 2103 1776 Eccle-
2132 1711 2179 1772 Β
2210 1721 2325 1776 Hoc
2373 1722 2517 1776 enim
2564 1722 2706 1776 Deus
2752 1722 2992 1774 omnium
3037 1720 3294 1775 indicavit
3320 1761 3335 1784 ,
3387 1721 3476 1789 qui
3534 1719 3794 1774 mundum

537 1813 631 1866 sim
671 1813 880 1882 regulas
917 1821 999 1868 est
1061 1812 1310 1879 relatum,
1340 1813 1384 1867 si
1413 1813 1602 1868 eadem
1631 1829 1751 1882 qua-3
1797 1813 1982 1884 ligavit
2015 1815 2110 1869 ab-

535 1899 711 1954 solvit.
745 1899 802 1954 Si
829 1901 943 1956 haec
970 1901 1044 1955 ita
1070 1911 1220 1970 gesta
1245 1915 1352 1956 non
1389 1909 1534 1967 sunt,
1563 1917 1686 1957 cum
1718 1918 1818 1958 nec
1845 1918 1872 1958 a
1895 1903 2111 1973 pontiﬁ-

536 1987 690 2044 cibus
719 1989 955 2060 legitime
979 1999 1034 2046 et
1057 1991 1439 2050 ecclesiasticis
1468 1991 1676 2063 legibus
1705 1992 1868 2046 fuerit
1891 1993 2111 2062 expedi-

535 2087 643 2145 tus,
678 2080 820 2134 nulla
849 2081 1093 2138 saaculari
1115 2091 1377 2152 potestate
1417 2085 1592 2154 potuit
1621 2093 1821 2154 praeter
1858 2084 2111 2141 Ecclesia:

535 2171 809 2225 tramitem
833 2185 1055 2249 prorsus
1089 2172 1318 2228 absolvi.
1353 2171 1461 2228 Nec
1489 2174 1771 2243 quisquam
1799 2175 1848 2229 ei
1873 2183 1992 2244 post
2015 2173 2110 2228 de-

534 2261 858 2330 positionem
891 2265 1046 2333 quasi
1076 2265 1324 2320 restituto
1383 2266 1783 2322 communicare
1831 2268 2109 2332 debuerat,

538 2352 594 2406 in
625 2367 690 2408 ea
719 2353 979 2409 duntaxat
1023 2369 1204 2422 causa,
1233 2356 1375 2412 unde
1402 2372 1434 2412 a
1462 2358 1640 2426 seipse
1667 2366 1721 2412 et
1745 2358 1814 2413 ab
1837 2359 2115 2428 episcopon

534 2457 658 2496 rum
718 2443 967 2510 concilio,
997 2444 1219 2514 insuper
1241 2452 1292 2498 et
1315 2445 1382 2500 ab
1401 2445 1693 2516 apostolica
1742 2447 1869 2501 sede
1898 2461 2117 2502 excom-

532 2532 841 2588 municatus
861 2535 1162 2599 exstiterat,
1189 2536 1304 2590 sine
1328 2537 1684 2592 restitutionis
1704 2551 1815 2591 sua:
1842 2538 2115 2592 canonicis

533 2621 754 2692 litteris,
783 2623 850 2677 ab
875 2623 954 2678 eis
979 2639 1006 2676 a
1039 2623 1233 2692 quibus
1261 2623 1439 2679 fuerat
1494 2626 1776 2681 restitutus
1819 2629 2116 2682 secundum

532 2723 743 2764 morem
791 2709 1074 2775 confectis,
1125 2711 1266 2764 sicut
1321 2713 1461 2766 sacri
1509 2727 1744 2768 canones
1793 2721 1848 2767 et
1899 2715 2117 2771 decreta

531 2799 728 2855 Felicis
755 2814 907 2870 papa:
945 2800 1316 2855 demonstrant
1346 2800 1548 2870 (Felix,
1592 2802 1646 2857 in
1693 2803 1891 2874 synodo
1938 2802 2113 2871 Rom,

534 2891 684 2964 epist.
716 2889 827 2958 59).
858 2890 1216 2960 Quapropter,
1265 2899 1323 2946 ut
1354 2891 1461 2948 Leo
1495 2892 1563 2946 ad
1603 2890 1944 2948 Theodorum
1981 2895 2114 2949 scri-

533 2983 639 3049 bit,
662 2983 811 3053 quod
861 2998 1086 3041 manens
1121 2985 1173 3039 in
1205 2998 1432 3056 corpore
1459 3001 1566 3041 non
1593 2987 1818 3057 recepit,
1852 2987 2110 3057 consequi

534 3083 725 3126 exutus
747 3087 912 3132 carne
933 3087 1038 3128 non
1069 3075 1283 3144 poterit.
1312 3074 1464 3130 Unde
1496 3075 1674 3130 taliter
1711 3077 1886 3132 visum
1934 3087 2016 3130 est
2045 3075 2110 3130 de

533 3159 627 3214 illo
677 3159 983 3224 tenendum,
1043 3151 1181 3216 sicut
1247 3161 1494 3216 Gelasius
1527 3164 1592 3216 de
1618 3162 1816 3219 Acacio
1868 3164 1999 3218 dicit
2026 3164 2112 3233 (de

533 3259 672 3302 tomo
701 3249 1025 3321 Anathem.),
1055 3251 1199 3307 Talis
1226 3265 1328 3318 est,
1384 3253 1650 3323 inquiens,
1701 3255 1894 3320 dictus,
1939 3256 2112 3324 qualis

532 3337 735 3406 ligatus
766 3348 868 3402 est,
896 3339 1017 3394 talis
1044 3355 1212 3408 usque
1237 3341 1288 3393 in
1321 3342 1481 3396 ﬁnem
1504 3345 1822 3412 permansit,
1853 3344 1972 3398 talis
1992 3360 2112 3399 esse

539 3446 651 3486 non
679 3432 906 3488 destitit.
937 3435 1013 3488 lla
1048 3435 1170 3491 talis
1199 3445 1282 3500 est
1309 3437 1497 3504 hodie,
1528 3438 1701 3508 qualis
1733 3450 1816 3494 est
1839 3448 1893 3494 et
1915 3441 2108 3503 dictus,

535 3539 646 3578 non
676 3525 800 3579 talis
822 3540 939 3580 esse
957 3523 1070 3594 jam
1095 3543 1198 3581 non
1229 3536 1424 3598 potest.
1455 3527 1738 3599 Nunquam
1777 3531 1962 3602 igitur,
1993 3534 2112 3588 talis

535 3617 906 3684 permanendo
953 3617 1242 3674 solvendus
1292 3628 1394 3674 est.
1437 3619 1503 3674 Et
1543 3630 1752 3677 constat
1778 3623 1904 3692 quia
1935 3637 2112 3680 come-

538 3705 672 3759 dens
711 3703 921 3760 fructus
975 3707 1075 3760 viae
1119 3722 1249 3773 suae,
1281 3709 1500 3779 suisque
1551 3710 1789 3765 consiliis
1812 3720 2109 3779 saturatas,

533 3794 761 3850 docente
781 3794 1116 3861 innocentia,
1142 3797 1231 3866 qui
1256 3799 1524 3867 particeps
1555 3799 1728 3855 factus
1741 3801 2108 3867 cstdamnato,

533 3885 799 3952 quomodo
823 3885 1017 3939 debeat
1035 3885 1296 3941 honorem
1326 3889 1572 3955 accipere
1595 3890 1836 3944 invenire
1854 3907 1957 3945 non
1987 3907 2112 3960 pos-

531 3987 673 4036 sum,
703 3971 904 4024 dimisit
935 3971 1188 4038 reliquias
1215 3987 1340 4025 suas
1392 3974 1630 4039 parvulis
1655 3976 1790 4028 suis.
1826 3977 1929 4028 Sed
1958 3986 2013 4029 ct
2044 3977 2111 4030 de

535 4073 601 4113 eo
626 4073 841 4112 omnem
871 4059 1245 4128 quaestionem,
1278 4061 1571 4113 secundum
1611 4062 1754 4130 leges
1781 4062 2109 4117 ecclesiasti-

532 4161 624 4202 cas
649 4156 704 4201 et
737 4148 1060 4213 mundanas,
1084 4163 1218 4217 quas
1246 4149 1434 4216 probat
1464 4148 1726 4212 Ecclesia,
1759 4151 1851 4218 qui
1879 4149 2110 4204 damna-

531 4244 621 4290 tus
635 4236 736 4290 fuit
759 4251 901 4290 anno
925 4236 1319 4292 lncarnationis
1345 4236 1637 4290 Dominica:
1660 4236 1789 4302 855,
1820 4237 2108 4292 indictione

530 4340 654 4390 xm,
684 4325 782 4379 sub
805 4325 891 4380 die
919 4324 1277 4380 Kalendarum
1305 4343 1354 4379 ιγ
1386 4325 1562 4379 Nonas
1601 4325 1800 4391 Martii,
1846 4326 1958 4396 jam
2012 4327 2107 4380 tri-

533 4415 757 4470 cennale
777 4423 832 4469 et
851 4415 1080 4484 amplius
1110 4430 1175 4470 eo
1203 4423 1411 4484 tempus
1445 4415 1697 4470 excludit.

605 4503 735 4559 CAP.
763 4502 828 4558 ll.
858 4502 966 4559 Sed
1003 4502 1202 4558 dicitur
1235 4518 1401 4574 usque
1430 4504 1497 4558 ad
1523 4504 1646 4557 vita:
1679 4518 1792 4558 sua:
1819 4504 2103 4558 terminum

533 4594 838 4666 episcopale
861 4594 1217 4650 ministerium
1233 4595 1285 4650 in
1307 4595 1560 4651 omnibus
1581 4595 1964 4651 ecclesiasticis
1990 4613 2106 4649 mu-

532 4686 638 4740 niis
667 4685 958 4757 peregisse.
1000 4686 1129 4752 Quae
1163 4687 1510 4756 praesumptio
1548 4702 1578 4740 a
1627 4703 1818 4742 sanum
1848 4687 2105 4756 sapienti-

530 4776 632 4830 bus
664 4791 770 4829 non
798 4776 1029 4830 sumitur
1055 4777 1109 4829 in
1135 4776 1436 4846 exemplum
1471 4794 1484 4828 :
1519 4777 1642 4845 quia
1678 4785 1733 4832 et
1766 4778 1821 4830 in
1850 4777 2020 4830 veteri
2050 4785 2104 4832 et

533 4867 587 4917 in
618 4879 759 4918 novo
789 4864 1092 4919 sacerdotio
1118 4873 1272 4919 vetus
1299 4865 1400 4918 boc
1429 4864 1717 4919 artiﬁcium
1755 4873 1837 4919 est
1879 4864 2101 4932 diaboli,

532 4963 588 5010 ct
620 4958 744 5026 quia
785 4955 967 5026 plures
1014 4957 1116 5010 hoc
1157 4964 1631 5025 przesumpserunt,
1669 4955 1810 5022 sicut
1839 4956 2100 5020 Bonosus,

535 5055 728 5100 contra
753 5047 905 5115 cujus
935 5048 1178 5101 morbum
1217 5047 1582 5112 Innocentius,
1611 5055 1665 5101 et
1692 5047 1971 5113 Proculus,
2011 5048 2105 5101 ad-

534 5151 725 5194 versus
782 5153 940 5208 quem
995 5136 1261 5192 laboravit
1311 5153 1416 5192 non
1475 5137 1682 5192 modice
1739 5137 2002 5201 Zosimus,
2050 5146 2105 5192 et

534 5229 786 5294 Aeacius,
807 5243 967 5297 quem
989 5225 1182 5294 dejecit
1200 5226 1370 5290 Felix,
1397 5235 1452 5281 et
1473 5240 1704 5296 sequens
1729 5241 1912 5282 sacros
1940 5241 2104 5283 cano-

535 5304 653 5380 nes,
683 5333 745 5373 ac
794 5321 1008 5375 decreta
1049 5317 1502 5388 praedecessorum
1535 5334 1775 5384 suorum,
1804 5333 1926 5374 cum
1961 5334 2101 5388 pra:—

537 5408 842 5473 sumptione
882 5419 938 5466 et
966 5411 1315 5480 usurpatione
1351 5425 1446 5466 sua
1494 5411 1726 5480 peremit
1754 5419 1808 5464 et
1848 5410 2106 5468 exstinxit.

537 5494 805 5549 Gelasius.
834 5498 900 5551 Et
935 5500 1114 5568 plures
1160 5500 1250 5556 alii
1297 5500 1534 5565 fuerunt,
1566 5501 1659 5570 qui
1697 5501 1751 5554 in
1785 5501 1924 5554 banc
1963 5514 2103 5568 pra:-

537 5585 857 5656 sumptionis
891 5592 1209 5647 sententiam
1243 5591 1589 5656 transierunt,
1625 5598 1678 5646 et
1703 5589 2105 5646 transeuntibus

2131 4374 2184 4432 D

2209 1819 2522 1882 peccantem
2571 1811 2809 1881 generali
2857 1810 3057 1864 diluvio
3101 1810 3414 1875 interemit;
3469 1819 3530 1864 et
3579 1825 3795 1863 sacrum

2211 1900 2344 1955 dicit
2380 1899 2656 1953 Nicaenum
2691 1899 2982 1954 concilium
3025 1898 3164 1969 (can.
3198 1899 3272 1966 9),
3303 1899 3427 1967 quia
3467 1898 3616 1967 quod
3663 1898 3797 1951 irre-

2211 1988 2570 2060 prebcnsibile
2595 1997 2679 2043 est
2708 1988 2975 2043 catholica
3015 1987 3253 2043 defendit
3283 1988 3546 2042 Ecclesia.
3579 1987 3716 2041 Nam
3750 1987 3794 2041 si

2212 2078 2317 2133 hoc
2341 2078 2557 2146 impune
2579 2077 2740 2132 fuerit
2767 2077 2999 2142 licitum,
3033 2088 3090 2130 ut
3121 2077 3176 2132 bi
3213 2078 3586 2132 auctoritatem
3628 2077 3683 2131 in
3708 2091 3796 2130 sa-

2213 2169 2321 2224 cris
2361 2168 2643 2222 ordinibus
2684 2168 3054 2232 ministrandi,
3086 2168 3172 2220 vel
3205 2168 3421 2221 eosdem
3447 2167 3668 2221 ordines
3697 2165 3793 2220 tri-

2213 2259 2413 2314 buendi
2441 2267 2729 2327 usurpent,
2753 2258 2842 2327 qui
2866 2266 2958 2311 aut
2981 2259 3192 2326 penitus
3216 2272 3318 2310 non
3344 2257 3677 2326 acceperint,
3701 2263 3791 2312 aut

2217 2359 2404 2406 contra
2431 2347 2646 2418 regulas
2671 2348 2889 2403 ordines
2917 2363 3103 2402 sacros
3128 2348 3454 2416 acceperint,
3479 2354 3574 2400 aut
3598 2345 3790 2414 quibus

2219 2440 2540 2512 regulariter
2580 2438 2941 2494 ministerium
3001 2455 3278 2494 sacrorum
3327 2439 3579 2494 ordinum
3632 2435 3790 2490 fuerit

2219 2532 2583 2594 interdictum,
2625 2529 2802 2584 omnis
2830 2531 2964 2585 ordo
2991 2538 3047 2584 et
3071 2531 3225 2600 vigor
3251 2529 3655 2585 ecclesiasticus
3685 2541 3792 2589 non,

2220 2630 2430 2677 tantum
2457 2620 2668 2676 natabit
2716 2619 2799 2674 vel
2840 2618 3215 2687 confundetur,
3258 2635 3418 2690 quam
3449 2619 3670 2689 penitus
3703 2616 3792 2671 de«

2217 2719 2421 2765 structu
2431 2726 2474 2764 l‘.

2290 2799 2417 2855 CAP.
2458 2799 2541 2854 llI.
2590 2797 2726 2866 Quia
2759 2786 3008 2869 denique
3056 2800 3109 2854 in
3156 2799 3462 2871 Moguntina
3519 2797 3791 2870 provincia

2221 2893 2569 2956 ministravit,
2595 2903 2784 2947 contra
2809 2907 3021 2947 omnem
3047 2893 3421 2946 auctoritatem
3447 2906 3574 2946 esse
3600 2904 3793 2959 cogno-

2221 2985 2408 3039 scitur.
2434 2983 2568 3037 Nam
2596 2983 2914 3038 Antiocheni
2936 2998 3172 3038 canones
3201 2984 3266 3038 de
3291 2992 3524 3038 vacante
3545 2983 3792 3051 episcopo

2218 3083 2271 3130 et
2306 3083 2530 3128 vacante
2568 3074 2809 3130 Ecclesia
2861 3074 3098 3144 regulam
3142 3073 3492 3143 przcﬁxcrunt
3543 3074 3678 3144 (can.
3705 3071 3787 3135 l6,

2218 3166 2306 3230 l7,
2354 3165 2482 3236 18);
2534 3165 2628 3220 sed
2663 3165 2820 3219 etde
2872 3164 2961 3218 illo
3005 3165 3094 3232 qui
3146 3179 3337 3218 manus
3390 3163 3791 3230 impositionem

2219 3257 2562 3326 cpiscovpatus
2595 3253 2874 3323 accipitet
2915 3252 3223 3307 ministrare
3267 3252 3553 3318 detrectat,
3586 3263 3788 3304 necnon

2214 3355 2268 3402 et
2296 3347 2360 3401 de
2388 3346 2476 3401 illo
2507 3346 2595 3414 qui
2617 3345 2897 3400 ordinatus
2922 3342 3069 3397 nullo
3093 3357 3191 3395 suo
3214 3341 3345 3395 vitio
3365 3341 3429 3394 ad
3451 3338 3785 3410 parochiam,

2215 3439 2268 3492 in
2296 3451 2400 3505 qua
2427 3437 2710 3491 ordinatus
2744 3433 2937 3498 fuerat,
2968 3447 3072 3485 non
3099 3432 3325 3486 accedit.
3367 3431 3441 3484 De
3469 3429 3666 3498 quibus
3707 3440 3788 3478 re-

2214 3526 2353 3596 gulis
2382 3525 2527 3580 nulla
2571 3525 2740 3580 Eboni
2781 3524 3052 3578 convenit.
3086 3522 3149 3576 Et
3181 3536 3413 3575 canones
3440 3517 3788 3572 Sardicenses

2214 3615 2354 3684 (can.
2386 3613 2478 3684 21)
2521 3615 2584 3667 de
2616 3614 2721 3666 vim
2751 3612 2947 3682 injuste
2994 3611 3342 3681 patientibus,
3386 3619 3438 3662 ct
3487 3622 3584 3678 pro
3629 3604 3788 3659 disci-

2212 3702 2358 3772 plina
2390 3710 2446 3756 et
2491 3702 2758 3756 catholica
2799 3699 3157 3764 confessione,
3199 3699 3284 3751 vel
3333 3713 3430 3767 pro
3482 3695 3789 3780 defensione

2213 3793 2458 3848 veritatis
2490 3793 2747 3862 expulsis,
2773 3791 2857 3846 vel
2888 3791 3125 3861 pericula
3148 3789 3374 3844 evadere
3400 3785 3782 3857 quzercntibus,

2213 3885 2340 3953 quid
2369 3885 2538 3938 teneri
2566 3885 2754 3937 debeat
2804 3883 3087 3937 manifeste
3130 3882 3523 3935 demonstrant.
3557 3878 3662 3932 Sed
3690 3889 3784 3928 nec

2213 3975 2316 4027 ista
2360 3974 2541 4042 regula
2596 3975 2834 4027 Eboncm
2882 3973 3153 4035 absolvit;
3195 3987 3316 4026 cum
3363 3981 3418 4026 et
3459 3970 3782 4027 sacerdotes,

2212 4074 2264 4120 et
2285 4065 2459 4118 euntis
2481 4079 2616 4132 pene
2660 4065 2909 4124 mundus,
2943 4072 2997 4116 et
3025 4064 3134 4131 ipsa
3167 4063 3330 4116 etiam
3377 4064 3538 4117 sedes
3577 4065 3786 4128 aposto-

2212 4153 2314 4208 lica
2355 4153 2472 4222 ejus
2527 4152 2673 4206 falsis
2713 4153 3032 4207 criminibus
3079 4154 3405 4222 appetitum,
3459 4162 3520 4206 et
3561 4148 3785 4219 quadam

2215 4243 2502 4298 tradilione
2533 4260 2627 4312 pro
2654 4243 2950 4296 honoribus
2976 4258 3095 4296 etnn
3124 4242 3433 4312 juramento
3463 4239 3663 4295 exinde
3700 4249 3787 4287 ac-

2212 4333 2382 4402 ceptis
2403 4331 2702 4396 venditum,
2729 4341 2782 4385 et
2807 4333 2874 4385 ab
2901 4333 3145 4401 imperio,
3179 4342 3339 4401 atque
3371 4331 3574 4400 abipso
3606 4323 3786 4380 Eccle-

2210 4423 2303 4477 sia:
2346 4420 2525 4486 aditu,
2580 4422 2726 4488 pium
2774 4420 3074 4488 Augustum
3122 4419 3451 4474 Ludovicmn
3507 4419 3783 4484 satagente

2208 4512 2327 4581 ipso
2356 4509 2623 4578 abjectum
2657 4510 2973 4580 gravissime
3002 4510 3343 4579 ingemuerit,
3374 4517 3428 4562 et
3449 4505 3726 4562 innoxium
3749 4512 3778 4549 a

2207 4602 2526 4660 criminibus
2551 4602 2844 4664 inventum,
2872 4611 2925 4655 et
2945 4599 3244 4667 justissitne
3274 4601 3604 4661 restitutum,
3639 4601 3779 4648 totus

2207 4692 2261 4746 in
2311 4691 2442 4744 orbe
2486 4700 2751 4742 terrarum
2790 4690 3021 4742 mundus
3051 4688 3243 4757 gaudio
3289 4685 3674 4745 exsultavcrit,
3726 4683 3780 4731 et

2206 4782 2443 4836 Ebonem
2481 4779 2855 4846 dejiciendum,
2899 4778 2991 4846 qui
3038 4776 3420 4832 irreverentius
3455 4784 3674 4828 manum
3725 4765 3778 4818 in

2213 4872 2475 4926 christum
2505 4869 2714 4923 Domini
2752 4869 2992 4932 miserat,
3040 4876 3098 4922 ut
3138 4883 3288 4922 reum
3333 4862 3646 4935 majestatis,
3675 4869 3778 4911 una

2211 4975 2333 5015 cum
2360 4959 2474 5027 ipso
2494 4957 2824 5011 clamaverit.
2855 4955 2961 5010 Sed
2989 4971 3159 5025 neque
3187 4955 3502 5009 necessitate
3531 4954 3775 5017 cogente,

2211 5046 2424 5116 propria
2447 5045 2646 5098 amissa
2674 5045 2968 5113 provincia,
2999 5045 3290 5099 secundum
3313 5041 3776 5095 Chalcedonenses

2211 5151 2446 5192 canones
2475 5136 2614 5206 (can.
2640 5136 2753 5207 20),
2788 5136 3002 5190 civitate
3050 5134 3102 5186 in
3147 5147 3252 5200 qua
3281 5132 3561 5186 ordinatus
3605 5125 3774 5179 fuerat

2211 5228 2504 5296 captivata,
2535 5226 2718 5294 pulsus
2757 5226 2824 5278 ab
2864 5223 3109 5277 hostibus
3156 5221 3386 5284 exstitit,
3432 5230 3490 5273 ut
3531 5215 3654 5271 alibi
3697 5210 3774 5262 in-

2212 5317 2479 5373 cardinari
2502 5315 2725 5379 valeret,
2755 5315 2894 5368 sicut
2920 5312 2974 5365 in
3002 5311 3232 5365 decretis
3263 5312 3407 5366 beati
3435 5302 3698 5378 Gregorii,
3720 5301 3774 5350 εἴ

2212 5406 2439 5460 aliorum
2469 5405 2614 5460 sedis
2653 5405 2908 5458 Romana:
2945 5399 3258 5471 pontiﬁcum
3307 5400 3636 5458 invenimus;
3677 5397 3774 5441 nec

2214 5496 2409 5559 injuste
2438 5506 2491 5550 et
2521 5505 2709 5552 contra
2741 5491 2951 5564 regulas
2983 5506 3167 5546 sacras
3191 5491 3461 5567 dejectus,
3482 5497 3541 5561 et
3567 5475 3770 5548 νοειιιεν

2213 5588 2347 5643 riter
2378 5587 2489 5643 sedi
2535 5601 2643 5642 suae
2671 5584 2962 5648 secundum
2995 5582 3342 5639 Sardicenses
3371 5588 3602 5637 canones
3627 5569 3770 5639 (cans.
