4018 5392
315 192 386 249 53

1743 192 2124 252 EPlS’l‘OLA'I.

3506 188 3573 244 54

312 307 370 379 ὃ)
389 305 542 376 jussu
570 308 713 364 sedis
738 310 1050 380 apostolica:
1079 312 1336 368 refricato
1354 311 1561 381 judicio
1589 311 1891 375 restitutus,
1920 317 1968 372 Α
1996 309 2275 379 Quamque
2291 309 2683 365 ordinationem
2706 320 2902 373 meam,
2920 314 3125 363 sanctae
3149 306 3426 363 memoria:
3450 323 3573 378 gra-

309 398 420 455 ullo
445 401 772 457 documento
797 403 1062 459 canonico
1108 404 1402 460 invenitur.
1452 402 1795 474 Quapropter
1823 402 1891 458 ab
1993 400 2135 455 tiaet
2153 397 2720 463 nomineBenedictus,
2744 398 2837 453 sed
2854 406 2909 453 et
2933 398 3163 454 domnus
3191 412 3254 453 ac
3282 396 3444 452 Pater
3482 413 3576 452 no-

308 487 445 557 ipsa,
499 488 589 543 ubi
630 490 1044 557 i‘mmorabatur,
1079 494 1336 563 parochia
1375 503 1563 549 contra
1602 492 1888 550 concilium

1988 498 2103 547 ster
2113 505 2249 561 papa
2264 490 2534 555 Nicolaus,
2559 490 2672 546 suis
2690 490 2981 561 privilegiis
2992 504 3111 547 eam
3127 489 3546 547 corroborarunt
3557 529 3571 544 .

305 578 623 635 Africanum
649 582 945 652 appetitus,
987 593 1044 640 ut
1075 584 1148 640 ibi
1178 586 1453 641 decretum
1482 593 1586 651 est,
1620 592 1889 657 potestate
1987 582 2188 650 Qumiu
2206 582 2493 654 episcopali
2521 582 2772 649 concilio,
2797 590 2850 636 et
2883 590 3008 637 ante
3027 581 3428 637 ordinationem
3468 580 3575 638 elc-

302 668 593 738 jqdieiaria
623 687 725 742 per
757 682 1022 730 rectorem
1058 678 1350 746 provincia:
1376 679 1623 748 protinus
1648 677 1883 742 excludi,

304 768 360 816 et
388 776 563 831 neque
589 762 658 817 ab
681 762 940 820 Ecclesiis
963 768 1157 835 quibus
1188 768 1427 839 prtefuit,
1456 782 1631 839 neque
1652 785 1683 825 a
1709 770 1886 839 quoli-

300 850 391 903 bet
421 850 639 906 homine
674 850 943 909 defensuri
987 856 1266 912 debuerat.
1318 858 1545 914 Constat
1574 874 1704 930 ergo
1740 857 1885 928 juste

298 937 566 1007 deiectum
594 954 659 996 ea
706 955 826 1010 qua:
856 956 953 997 sua
1002 959 1109 999 non
1159 945 1376 1001 fuerant
1427 949 1878 1018 presumpsisse:

300 1025 454 1096 cujus
478 1043 585 1084 non
607 1045 830 1087 necesse
857 1040 941 1087 est
965 1048 1065 1089 nos
1083 1035 1278 1091 merita
1307 1043 1569 1107 actusque
1589 1037 1881 1105 discutere,

298 1132 424 1172 cum
447 1117 644 1174 habeat
682 1122 1028 1178 conscientia:
1059 1132 1113 1180 et
1156 1126 1337 1195 operis
1375 1127 1458 1182 sui
1488 1137 1680 1183 testem
1715 1142 1879 1198 quem

295 1209 459 1265 habet
497 1219 552 1264 et
593 1211 852 1282 judicent.
886 1213 1053 1282 Nam,
1095 1226 1157 1272 ut
1196 1216 1309 1272 Leo
1340 1218 1471 1275 dicit
1508 1219 1680 1291 (epist.
1710 1221 1780 1278 84
1809 1221 1881 1275 ad

291 1299 517 1355 Leonem
539 1303 879 1376 Augustum),
923 1294 1044 1377 quin
1068 1308 1334 1378 patefacta
1361 1318 1490 1365 sunt
1530 1326 1799 1381 quaerere,
1823 1321 1879 1370 et

290 1405 409 1459 qtue
432 1391 671 1464 perfecta
698 1404 825 1449 sunt
872 1405 1189 1464 retractare,
1222 1407 1278 1454 et
1320 1414 1441 1469 quae
1476 1408 1603 1455 sunt
1650 1398 1877 1456 difﬁnita

290 1481 613 1549 convellere,
641 1485 770 1554 quid
819 1486 962 1541 aliud
989 1495 1095 1554 est,
1125 1502 1287 1557 quam
1314 1490 1382 1545 de
1404 1490 1613 1559 adeptis
1642 1491 1875 1562 gratiam

288 1584 394 1626 non
425 1572 652 1639 referre,
679 1584 733 1629 et
761 1576 827 1630 ad
864 1577 1165 1634 interdicta
1193 1580 1406 1635 arboris
1436 1581 1629 1637 cibum.
1663 1583 1869 1653 impro-

284 1662 382 1718 bos
408 1666 682 1733 appetitus
709 1668 1003 1723 mortifera:
1035 1670 1352 1739 cupiditatis
1389 1673 1726 1729 extendere?

351 1752 483 1809 Car.
509 1753 599 1808 IV.
636 1755 711 1811 De
750 1772 870 1812 mea
911 1761 1077 1814 etiam
1110 1762 1475 1830 ordinatione,
1506 1764 1593 1819 cui
1636 1763 1774 1821 forte
1821 1766 1868 1822 si

281 1841 446 1911 aliqui
485 1843 719 1910 occulte,
752 1848 894 1916 quod
926 1858 1113 1918 aperte
1141 1865 1246 1905 non
1292 1852 1472 1919 audio,
1503 1854 1786 1925 derogant,
1815 1855 1868 1910 in

280 1932 482 1989 nullam
523 1936 934 1994 altercationem
980 1949 1165 1996 contra
1205 1957 1583 2015 quemcunque
1629 1946 1865 2012 intrabo,

281 2023 429 2093 quia,
463 2018 607 2080 sicu't
647 2027 1107 2100 dicitApostolus,
1137 2033 1191 2087 in
1230 2035 1457 2090 mortuis
1483 2045 1866 2093 testamentum

278 2124 361 2168 est
388 2114 769 2173 conﬁrmatum
801 2118 958 2190 (Ileb.
991 2138 1066 2187 ix,
1100 2124 1209 2189 Π).
1256 2124 1395 2180 Nam
1428 2141 1549 2181 cum
1596 2127 1866 2183 libemeu-

279 2216 400 2256 sem
435 2203 733 2260 Ecclesium
781 2207 946 2263 Folco
983 2208 1097 2265 fere
1148 2227 1246 2281 per
1292 2228 1484 2268 novem
1536 2229 1706 2272 annos
1749 2216 1865 2271 sine

273 2290 387 2346 ulla
415 2294 652 2364 regulari
684 2296 887 2354 Ehonis
926 2298 1309 2357 reclamatione
1344 2305 1626 2371 tenuisset,
1665 2312 1865 2377 etpost

266 2395 401 2436 eum
427 2383 570 2440 Noto
592 2400 728 2456 pene
758 2402 854 2456 per
877 2403 1079 2444 annum
1102 2398 1159 2445 et
1181 2391 1466 2447 dimidium
1491 2395 1738 2450 eamdem
1769 2409 1861 2451 se-

268 2468 401 2526 dem
433 2474 691 2530 similiter
719 2478 835 2533 sine
859 2477 964 2533 ulla
993 2479 1196 2535 Ebonis
1225 2483 1549 2551 repetitione
1577 2485 1861 2551 tenuisset,

265 2562 373 2618 sub
394 2563 591 2636 Sergio
614 2582 749 2638 papa
774 2569 826 2623 in
856 2569 1063 2641 synodo
1107 2571 1462 2641 plurimorum
1491 2575 1861 2645 archiepisco-

263 2666 467 2722 porum
499 2664 557 2711 et
598 2657 971 2729 episcoporum
1012 2663 1151 2730 apud
1187 2662 1530 2719 Beilovacum
1561 2664 1860 2721 dimceseos

266 2745 609 2802 Rhemorum
633 2749 835 2816 habita,
859 2740 889 2806 a
919 2752 1066 2808 clero
1084 2760 1138 2810 ct
1159 2754 1312 2823 plebe
1335 2755 1503 2825 ipsius
1523 2758 1857 2829 metropolis,

262 2835 366 2890 sed
391 2843 447 2890 et
470 2837 541 2892 ab
565 2838 837 2910 episcopis
873 2842 1114 2912 ejusdem
1143 2844 1432 2913 provincia:
1464 2847 1685 2915 petitus,
1707 2856 1764 2903 et
1789 2848 1859 2903 ab

258 2927 685 3012 archiepiscopo
703 2941 829 2989 tunc
854 2948 992 3000 meo,
1027 2946 1082 2990 et
1102 2937 1323 3006 proprio
1348 2937 1624 3011 episcopo,
1646 2954 1855 2994 necnon

1985 673 2115 738 ctio,
2140 681 2195 727 et
2220 680 2406 742 postea
2429 672 2697 727 ordinatio
2722 672 2976 728 canonice
3014 678 3225 742 patrata
3251 670 3438 737 fuisse,
3464 684 3571 725 non

1984 770 2175 819 contra
2191 762 2558 832 cujuscunque
2576 763 2950 831 qua-stionem,
2979 761 3070 818 sed
3094 763 3355 817 adversus
3375 776 3567 817 susur-

1982 853 2219 909 rantium
2240 861 2402 922 atque
2421 852 2632 909 occulte
2660 852 3062 909 mussitantium
3083 851 3483 922 derogationes,
3508 836 3569 906 ut

1981 942 2159 999 omnis
2201 942 2459 1011 iniquitas
2488 942 2753 1014 oppilaret
2779 957 2841 998 os
2869 957 3024 999 suum
3041 983 3056 1009 ,
3080 957 3147 998 ex
3173 942 3346 998 sacris
3368 942 3569 1015 regulis

1980 1040 2065 1088 est
2089 1033 2480 1088 demonstrata.
2517 1031 2624 1089 Sed
2651 1040 2707 1087 et
2737 1031 2866 1088 illud
2897 1032 2950 1087 in
2980 1047 3147 1089 causa
3172 1040 3287 1101 est,
3313 1046 3412 1088 cur
3440 1032 3567 1088 inde

1980 1124 2035 1179 in
2080 1122 2283 1178 nullam
2324 1121 2729 1180 altercationem
2761 1131 2951 1179 contra
2974 1138 3369 1194 quemcumque
3407 1123 3569 1179 modo

1980 1216 2183 1271 intrare
2203 1232 2307 1272 non
2343 1216 2650 1280 deliberem,
2683 1217 2939 1287 quoniam
2973 1216 3202 1272 domnus
3220 1231 3356 1287 papa
3375 1214 3495 1270 suis.
3515 1229 3567 1269 a-

1976 1306 2253 1377 postolicis
2274 1306 2468 1363 litteris
2492 1307 2624 1364 mihi
2640 1308 2868 1377 non_scri
2877 1308 3002 1377 psit,
3019 1315 3075 1360 ut
3094 1308 3249 1363 cuicu
3259 1322 3417 1377 mque
3442 1305 3565 1359 inde

1975 1413 2074 1469 per
2091 1398 2445 1468 quaestionem
2470 1399 2695 1455 debeam
2726 1399 2951 1456 reddere
2972 1397 3259 1454 rationem.
3277 1396 3433 1465 Quod
3456 1411 3561 1459 non

1972 1488 2043 1544 de
2061 1488 2355 1545 difﬁdentia
2380 1490 2518 1552 dico,
2544 1490 2699 1561 quasi
2723 1490 3168 1549 documentorum
3190 1489 3562 1558 probamentis

1975 1580 2042 1635 ad
2072 1581 2174 1637 ista
2199 1580 2490 1647 deﬁciam,
2516 1581 2570 1636 in
2599 1580 2845 1651 quojure
2870 1580 2916 1636 si
2945 1580 3070 1650 quis
3097 1578 3279 1645 audet,
3305 1578 3479 1634 audeo
3505 1589 3564 1632 et

1896 1657 1946 1721 Β
1971 1682 2111 1739 ego;
2160 1671 2254 1724 sed
2281 1677 2334 1725 et
2362 1668 2557 1725 Leonis
2585 1670 2652 1725 ad
2681 1668 2917 1723 Leonem
2943 1667 3242 1734 Angustum
3265 1665 3431 1721 verba
3458 1679 3556 1734 pro

1969 1760 2186 1817 modulo
2203 1775 2323 1816 meo
2336 1775 2587 1831 sequens,
2603 1758 2832 1815 dicentis
2847 1758 3018 1829 (epist.
3044 1758 3156 1827 8i),
3172 1756 3299 1828 quia
3316 1757 3381 1811 de
3397 1757 3557 1809 rebus

1968 1856 2024 1904 et
2051 1850 2191 1921 apud
2235 1849 2495 1917 Nicaeam,
2521 1859 2578 1905 et
2630 1847 2771 1920 aptid
2793 1847 3187 1905 Chalcedonam
3214 1886 3231 1912 ,
3274 1847 3418 1902 sicut
3440 1845 3554 1901 Deo
3626 1846 3635 1851 ’

1965 1936 2170 2007 placuit
2198 1936 2434 1993 deﬁnitis
2459 1977 2475 2003 ,
2508 1938 2713 1994 nullum
2758 1937 3019 1993 audemus
3047 1936 3187 1993 inire
3225 1944 3516 2011 tractatum
3540 1976 3555 1999 ,

1968 2039 2227 2102 tanquam
2280 2030 2439 2086 dubia
2490 2030 2576 2086 vel
2630 2029 2844 2084 inﬁrma
2900 2028 3042 2092 sint,
3089 2042 3209 2098 quae
3258 2034 3407 2082 tanta
3454 2040 3553 2096 per

1966 2130 2214 2176 sanctum
2267 2121 2529 2191 Spiritum
2569 2119 2687 2175 ﬁxit
2731 2119 3047 2175 auctoritas.
3084 2116 3219 2173 Cum
3272 2124 3455 2171 tantus
3488 2130 3554 2170 ac

1967 2220 2130 2266 tautae
2172 2211 2317 2267 sedis
2352 2225 2491 2280 papa
2527 2225 2588 2265 se
2636 2210 2705 2265 ad
2750 2210 2865 2265 ιιωο
2909 2208 3110 2263 dixerit
3157 2222 3265 2262 non
3310 2207 3553 2269 audere,

1966 2317 2065 2375 ego
2095 2303 2337 2358 tantillus
2356 2302 2643 2358 homuncio
2668 2315 2831 2370 super
2856 2314 2918 2354 ea
2942 2314 3060 2368 quae
3086 2297 3169 2354 'tot
3197 2295 3550 2353 conciliorum

1965 2406 2021 2450 et
2048 2404 2319 2451 tantorum
2361 2393 2679 2465 pontiﬁcum
2729 2391 2873 2447 sedis
2897 2388 3204 2459 apostolica:
3240 2387 3306 2444 de
3341 2385 3554 2442 ordina-

1964 2487 2113 2543 tione
2133 2500 2274 2550 mea,
2306 2485 2699 2556 qualiscunque
2726 2480 2897 2551 plebis
2910 2478 3006 2534 Dei
3030 2477 3236 2544 famuli,
3261 2475 3404 2534 sicut
3425 2490 3545 2532 cer-

1956 2577 2171 2636 tissima
2226 2576 2563 2632 monimenta
2592 2572 2909 2635 declarant,
2962 2567 3277 2639 approbavit
3317 2575 3374 2622 et
3427 2566 3545 2623 ﬁxit

1962 2666 2279 2732 auctoritas,
2314 2674 2574 2735 tanquam
2598 2662 2669 2722 de
2692 2678 2755 2720 re
2781 2662 2944 2718 dubia
2974 2659 3058 2718 vel
3083 2659 3316 2728 inﬁrma,
3340 2659 3547 2717 nullum

1962 2757 2133 2812 audeo
2159 2757 2299 2812 inire
2321 2764 2619 2811 certamen.

2033 2845 2162 2902 Car.
2195 2846 2261 2900 V.
2306 2846 2383 2903 De
2407 2847 2493 2903 his
2514 2855 2696 2902 autem
2720 2844 2981 2903 fratribus
3003 2845 3224 2914 nostris,
3253 2846 3320 2903 de
3354 2847 3551 2917 quibus

1961 2951 2132 3007 nuper
2155 2936 2309 2993 nobis
2331 2937 2692 2992 communiter
2703 2919 2935 2994 domnus
2958 2935 3286 3008 apostolicus
3309 2936 3546 3007 scripsit,

262 3030 323 3075 et
353 3034 384 3073 τι
410 3022 749 3093 coepiscopis
791 3025 960 3096 ipsius
985 3028 1294 3096 provinciae,
1338 3031 1630 3085 secundum
1657 3029 1855 3085 Laodi-
1884 3013 1931 3078 C
1966 3024 2012 3080 si
2040 3026 2194 3082 vobis
2224 3024 2293 3081 ad
2320 3026 2612 3096 apostolica
2633 3026 2837 3098 scripta
2863 3042 2968 3083 non
2989 3025 3184 3083 suilicit
3207 3025 3390 3084 brevis
3411 3041 3442 3083 a
3460 3041 3549 3083 me

255 3125 427 3166 cense
456 3113 745 3169 concilium
766 3116 909 3186 (can.
939 3117 1052 3189 12),
1070 3133 1191 3173 cum
1222 3135 1487 3176 consensu
1514 3122 1725 3177 abbatis
1747 3123 1855 3179 mei

252 3211 313 3265 et
362 3201 598 3258 fratrum
656 3207 969 3263 monasterii
1022 3208 1076 3264 in
1131 3225 1241 3280 quo
1291 3211 1573 3279 degebam,
1638 3213 1853 3282 episco-

249 3297 344 3365 pis
385 3296 711 3351 Rbemensis
758 3300 1081 3368 pmvincim,
1134 3311 1190 3357 et
1223 3303 1367 3359 clero
1406 3319 1470 3358 ac
1505 3304 1647 3373 plebi
1686 3306 1855 3375 ipsius

252 3386 580 3456 metropolis
613 3403 711 3457 per
742 3392 1033 3447 canonicas
1076 3393 1284 3449 litteras
1335 3394 1562 3451 traditus
1585 3435 1600 3463 ,
1633 3403 1688 3450 et
1730 3411 1853 3452 cum

249 3478 486 3531 decreto
513 3480 796 3545 canonico,
834 3485 1120 3551 prreseutia
1177 3472 1259 3539 vel
1304 3500 1568 3540 consensu
1611 3489 1852 3542 omnium

248 3565 730 3636 suﬂ'raganeorum
755 3571 927 3645 ipsius
956 3574 1290 3643 metropolis,
1332 3585 1389 3629 et
1414 3590 1444 3628 a
1478 3577 1851 3645 metropolita-

244 3673 327 3712 no
358 3670 507 3719 meo,
536 3657 631 3726 qui
659 3673 745 3712 me
776 3660 881 3714 illis
908 3662 1229 3724 tradiderat,
1264 3678 1381 3717 sum
1432 3665 1484 3717 in
1512 3667 1699 3719 eadem
1741 3666 1850 3721 Ec-

244 3747 447 3808 elesia,
466 3746 718 3801 omnibus
744 3748 1190 3815 acclamantibus,
1213 3752 1417 3820 absque
1437 3752 1598 3808 ullius
1628 3763 1850 3808 contra-

251 3838 499 3894 dictione
527 3838 611 3891 vel
642 3840 991 3907 repetitione,
1021 3843 1283 3898 canonice
1313 3851 1367 3896 et
1417 3844 1712 3898 secundum
1759 3844 1857 3900 de-

252 3937 410 3985 creta
440 3930 586 3983 sedis
610 3929 868 3986 Romanae
908 3932 1225 4000 pontiﬁcum
1270 3934 1592 3991 ordinatus:
1628 3936 1851 4007 ipsaque

254 4018 533 4073 ordinatio
557 4035 674 4075 mea
712 4037 816 4074 non
848 4021 1025 4076 solum
1055 4023 1384 4079 Ritemorum
1418 4026 1712 4095 provinciae
1737 4026 1851 4098 epi-

254 4124 571 4178 scoporum,
626 4113 999 4169 ordinatorum
1044 4116 1295 4172 videlicet
1338 4133 1600 4184 meorum,
1650 4134 1845 4175 secun-

256 4200 390 4253 dum
433 4200 741 4255 Africanum
776 4200 1069 4259 concilium
1099 4208 1592 4277 subscriptionibus
1639 4218 1723 4267 est
1751 4226 1844 4267 ro-

254 4291 490 4354 borata,
535 4306 718 4346 verum
750 4301 805 4347 et
832 4293 1072 4347 omnium
1118 4311 1253 4366 pene
1299 4297 1627 4367 Galliarum;
1682 4310 1844 4372 atque

258 4377 548 4445 Neustrim,
573 4396 777 4435 necnon
806 4390 859 4436 et
881 4383 1183 4452 Aquitanim
1202 4387 1578 4457 episcoporum
1595 4391 1845 4449 manibus

259 4469 569 4541 subscripta
617 4472 841 4543 epistola
892 4475 959 4528 ad
1014 4475 1292 4544 przefatum
1354 4476 1603 4549 Sergium
1652 4494 1845 4550 papam

258 4562 593 4617 unanimiter
645 4565 957 4636 dirigenda;
1006 4566 1098 4622 sed
1146 4576 1200 4622 et
1242 4568 1421 4624 edicto
1469 4570 1653 4625 domui
1702 4572 1848 4643 regis

261 4648 441 4704 Caroli
475 4669 632 4707 manu
685 4656 901 4725 propria
950 4657 1303 4725 conﬁrmato,
1354 4667 1410 4714 et
1453 4660 1630 4731 sigillo
1674 4661 1845 4732 ipsius

259 4743 633 4810 corroborata,
687 4756 769 4801 cst
812 4748 1178 4816 comprobata.
1227 4749 1356 4815 Qum
1405 4751 1588 4804 omnia
1619 4748 1843 4821 Sergio,

240 4839 556 4903 antequam
585 4836 795 4888 mittere
827 4837 892 4888 ad
944 4838 1113 4891 illium
1160 4853 1543 4895 concurrerem
1564 4880 1578 4906 ,
1613 4839 1665 4895 in
1696 4841 1848 4895 brevi

262 4919 544 4986 defuncto,
574 4923 738 4978 Leoni
772 4939 919 4993 papa:
947 4935 1075 4980 sunt
1101 4927 1285 4981 missa.
1327 4927 1562 4997 indeque
1589 4944 1619 4982 a
1647 4922 1847 4984 domno

264 5011 591 5081 imperatore
630 5015 907 5081 Lotliario,
958 5033 1114 5073 suam
1160 5018 1443 5089 epistolam
1474 5022 1650 5076 eidem
1681 5020 1850 5078 Leoni

263 5116 417 5171 papae
449 5101 705 5174 dirigente
726 5146 740 5170 ,
783 5106 835 5159 in
864 5122 968 5175 qua
1011 5108 1230 5178 scripsit
1269 5118 1531 5178 quantum
1562 5125 1661 5181 pro
1691 5112 1850 5167 resti-

265 5192 477 5246 tutione
492 5193 682 5248 Ebonis
698 5194 836 5263 apud
854 5196 1102 5271 Sergium
1121 5212 1319 5269 papam
1340 5201 1617 5269 sategerit,
1643 5208 1697 5255 et
1716 5200 1849 5256 nihil

297 5281 514 5310 ιιιῖηΑ-Λ
538 5287 759 5312 *ΑΙ-,Αδιῖι

266 5291 515 5336 θιὶςξπετε
535 5291 765 5354 potuerit
785 5329 797 5347 ,
832 5291 1110 5347 favoribus
1141 5299 1449 5360 prosecuta,
1483 5300 1540 5345 et
1565 5291 1633 5346 ab
1659 5294 1847 5348 eodem

1965 3117 2089 3172 data
2132 3119 2444 3189 responsio,
2477 3133 2607 3176 ecce
2652 3120 2865 3175 habetis
2903 3126 3056 3191 gesta
3093 3118 3451 3191 episcopalis,
3487 3128 3547 3177 et

1959 3210 2239 3280 privilegia
2269 3210 2451 3265 domui
2483 3210 2756 3267 Benedicti
2799 3219 2855 3266 et
2905 3212 3090 3267 domui
3146 3210 3389 3278 Nicolai,
3426 3224 3548 3280 qua:

1960 3299 2113 3355 vobis
2143 3300 2517 3354 demonstrant
2539 3314 2644 3368 qua
2674 3298 2885 3354 ratione
2912 3307 2968 3355 et
2996 3314 3103 3369 quo
3132 3299 3341 3364 ordine,
3370 3313 3545 3369 quave

1960 3390 2310 3456 auctoritate,
2340 3398 2397 3446 et
2443 3404 2474 3445 a
2505 3390 2720 3461 quibus,
2752 3400 2808 3446 ct
2851 3390 2976 3457 ubi,
3004 3398 3061 3446 et
3085 3392 3300 3461 quando
3331 3397 3543 3459 patrata

1956 3481 2070 3536 sint
2093 3495 2213 3552 qua:
2242 3480 2294 3535 in
2326 3494 2421 3536 eos
2454 3489 2576 3536 acta
2614 3480 2853 3536 fuerunt.
2889 3479 3095 3548 Quibus
3141 3481 3394 3536 omnibus
3417 3488 3542 3549 p’er-

1957 3570 2231 3637 scrutatis,
2261 3569 2556 3626 secundum
2582 3570 2764 3626 domui
2790 3580 2846 3626 et
2868 3570 3045 3626 Patris
3066 3570 3236 3625 nostri
3264 3568 3545 3639 apostolici

1957 3674 2110 3728 papa:
2137 3658 2589 3712 discretissimum
2626 3672 2690 3712 ac
2723 3658 2972 3726 regulare
3017 3659 3364 3721 mandatum,
3398 3659 3543 3726 quod

1951 3746 2160 3818 justum
2189 3756 2244 3802 et
2273 3748 2419 3817 pium
2449 3747 2799 3815 inveneritis,
2843 3748 3141 3804 secundum
3179 3764 3417 3805 canones
3458 3764 3543 3805 sa-

1960 3849 2084 3890 cros
2107 3835 2401 3902 decernite,
2433 3843 2488 3892 et
2515 3836 2721 3906 absque
2749 3836 2880 3903 ulla,
2925 3846 3187 3907 quantum
3211 3852 3279 3893 ex
3308 3850 3396 3892 me
3421 3847 3505 3893 est
3526 3878 3541 3901 ,

1957 3925 2388 3981 contradictione
2433 3925 2721 3995 perﬁcito:
2771 3928 2899 3998 quia
2950 3926 3091 3983 sicut
3118 3927 3175 3982 in
3212 3927 3541 3997 praecedenti

1952 4015 2210 4089 schedula
2238 4015 2392 4072 vobis
2420 4016 2614 4087 scripsi
2633 4056 2649 4083 ,
2679 4031 2781 4073 nec
2808 4017 2950 4073 illius
2975 4016 3290 4088 apostolicis
3333 4031 3544 4088 praece-

1951 4106 2091 4177 ptis,
2142 4121 2243 4163 nec
2269 4106 2471 4163 vestris
2503 4106 2841 4179 regularibus
2875 4105 3282 4165 deﬁnitionibus
3325 4113 3545 4162 contra-

1952 4198 2151 4252 dicam.

2020 4292 2149 4347 CAP.
2186 4291 2273 4347 Vl.
2311 4290 2580 4348 Craterum
2606 4293 2653 4349 si
2678 4299 2875 4348 vestra:
2897 4290 3250 4362 beneplaeitm
3276 4290 3545 4347 voluntati

1952 4382 2323 4438 necessarium
2338 4386 2511 4437 visum
2530 4382 2714 4449 fuerit,
2731 4397 2838 4437 non
2855 4381 2923 4437 ad
2937 4381 3099 4438 ullam
3116 4381 3542 4449 contentionem",

1951 4486 2056 4526 nec
2082 4472 2370 4527 adversum
2415 4470 2647 4541 alicujus
2677 4470 3065 4541 qumstionem,
3111 4471 3207 4527 sed
3233 4472 3305 4528 ob
3331 4470 3542 4540 plenio—

1951 4575 2069 4615 rem
2098 4560 2176 4615 rei
2206 4559 2476 4625 notitiam,
2505 4568 2566 4614 ut
2591 4562 2657 4616 de
2686 4560 2889 4616 Ebonis
2916 4559 3094 4616 adhuc
3120 4560 3284 4617 latius
3305 4559 3543 4631 regulari

1952 4650 2310 4721 depositione,
2362 4659 2418 4705 et
2459 4648 2606 4705 nulla
2638 4651 2901 4706 canonica
2946 4651 3321 4717 restitutione,
3360 4651 3457 4705 sed
3485 4660 3542 4704 et

1955 4740 2024 4797 de
2064 4755 2183 4795 mea
2218 4738 2454 4809 qualiter
2481 4739 2755 4795 celebrata
2787 4739 2863 4793 sit
2888 4738 3232 4795 ordinatione
3255 4775 3274 4805 ,
3303 4736 3390 4792 vel
3433 4750 3562 4804 qua.

1954 4833 2165 4889 ratione
2216 4830 2415 4886 fratres
2451 4839 2508 4887 et
2539 4831 2843 4901 cocpiscopi
2890 4831 3060 4889 nostri
3090 4830 3147 4885 in
3172 4826 3379 4899 synodo
3405 4822 3541 4878 Mel-

1951 4922 2104 4978 densi
2156 4922 2296 4977 ﬁlios
2326 4922 2648 4977 Rhemensis
2678 4921 2955 4988 Ecclesiae,
2988 4921 3058 4976 de
3084 4920 3281 4988 quibus
3325 4913 3544 4984 agitur,

1952 5016 2379 5086 suspenderunt,
2411 5015 2495 5070 vel
2530 5015 2675 5071 unde
2709 5016 2925 5084 accepit!
2947 5010 3272 5071 Suessoniea
3302 5007 3544 5076 synodus

1953 5122 2061 5160 non
2091 5106 2290 5162 debere
2338 5106 2391 5158 in
2433 5104 2693 5177 gradibus
2737 5101 3124 5160 ecclesiasticis
3154 5112 3250 5153 eos
3282 5110 3541 5162 manere,

1953 5199 2220 5255 rationem
2249 5205 2306 5253 et
2343 5197 2589 5253 ordinem
2611 5237 2626 5263 ,
2660 5203 2825 5263 atque
2856 5192 3271 5254 auctoritatem,
3306 5200 3430 5255 qum
3467 5187 3545 5243 ibi

1951 5298 2189 5355 ostensa,
2222 5296 2278 5342 et
2305 5300 2337 5340 a
2365 5284 2734 5341 sollicitudine
2760 5279 3075 5350 exiguitatis
3109 5288 3246 5329 mea:
3289 5289 3486 5346 suscep

2264 5377 2305 5392 ﬂ!
2386 5376 2401 5392 Ι
2587 5377 2622 5392 ,ο
2642 5388 2649 5392 .
2673 5387 2755 5392 ___-
2790 5370 3067 5392 J2-__.IA-u
3093 5365 3146 5392 :n
3176 5373 3419 5392 lAmnA-A
3455 5382 3520 5392 -.Α
