4018 5392
497 261 566 315 55
672 216 674 218 Υ
1313 266 1327 274 ’
1390 255 1720 313 IHNCMARI
1759 250 2153 310 RHEMENSIS
2185 248 2696 323 ARCHIEPISCOPI
3179 297 3199 310 ,
3671 247 3749 309 56

498 385 605 425 non
637 342 940 428 necessaria
971 370 1110 426 ratio
1149 367 1362 435 taedeat,
1385 373 1439 424 et
1467 367 1546 423 sic
1570 364 1768 423 veritas
1788 381 1820 420 a
1841 377 1927 419 me
1947 377 2073 434 pos-
2099 365 2147 424 A
2178 373 2433 420 narratur
2474 364 2760 421 altitudine
2792 363 3134 435 dignitatum,
3161 370 3217 416 et
3261 361 3317 416 in
3361 357 3512 428 cujus
3543 359 3748 420 virtute

500 465 572 519 sit
587 465 795 521 ostendi
805 479 927 534 ,qua
935 473 1087 520 tenus
1100 470 1293 518 vestra:
1310 474 1412 514 una
1420 457 1680 513 nimitatis
1690 456 1928 513 charitas
1943 470 2072 526 erga

502 567 592 609 me
617 554 811 610 debeat
838 552 1166 624 conservari.
1188 549 1288 615 Qui
1316 549 1519 617 absque
1543 556 1731 603 nostro
1749 546 2072 602 detrimento

503 659 613 700 non
635 644 806 700 solum
827 643 1100 707 fratribus,
1128 640 1221 696 sed
1245 648 1302 694 et
1323 638 1554 694 inimicis
1579 639 1836 708 prodesse
1863 636 2074 692 deside-

502 751 586 800 ro,
603 743 656 790 et
678 734 983 804 apostolicis
1001 730 1267 786 mandatis
1285 743 1600 799 quacunque
1612 726 1949 784 contumacia
1969 740 2072 779 non

503 824 739 889 resulto,
781 838 882 878 nec
914 822 1166 876 fraternis
1191 821 1384 876 vestris
1414 819 1632 874 monitis
1659 827 1714 872 et
1739 816 2074 887 regularibus

501 911 909 966 diﬂinltionibus
934 909 1285 964 intentionem
1306 909 1392 964 vel
1418 923 1610 963 manus
1632 907 1820 962 obvias
1853 905 2075 960 tendere

486 999 656 1065 'paro,
679 1013 741 1053 ea
766 1006 944 1052 tamen
970 997 1295 1062 conditione,
1336 996 1480 1066 quod
1506 1003 1560 1052 et
1587 1009 1682 1049 vos
1709 993 1845 1047 velle
1879 1001 1935 1047 et
1962 1000 2074 1047 stu-

504 1088 632 1143 dere
657 1103 944 1159 cognosco,
974 1094 1033 1142 ut
1061 1088 1366 1158 regularum
1397 1095 1572 1142 status
1602 1092 1660 1140 et
1687 1083 1830 1139 sedis
1856 1090 2071 1152 aposto-

505 1175 621 1230 lica:
666 1177 1005 1246 privilegium
1061 1184 1296 1242 maneat,
1343 1185 1398 1230 et
1443 1190 1728 1231 commune
1776 1172 2073 1243 periculum

504 1274 751 1321 nostrum
780 1267 941 1321 vitari
969 1266 1276 1336 przevaleat.
1336 1256 1349 1267 ’

574 1358 704 1416 Post
731 1361 870 1415 hanc
901 1359 1231 1424 schedulam,
1263 1359 1468 1430 synodo
1496 1366 1713 1415 ostensa
1755 1363 1878 1411 sunt
1927 1362 2074 1426 gesta

503 1447 826 1518 episcopalia
854 1446 1191 1504 Suessonicae
1225 1447 1414 1517 synodi
1445 1461 1543 1516 per
1566 1459 1764 1500 manus
1798 1441 2077 1497 llincmari

502 1538 874 1594 Laudunensis
907 1537 1169 1608 episcopi,
1197 1546 1255 1593 et
1297 1544 1446 1608 gesta
1496 1537 1683 1606 synodi
1727 1531 2078 1588 Biturieensis

502 1629 798 1698 provinciae
837 1643 934 1698 per
981 1643 1172 1683 manus
1222 1627 1525 1698 Ragiuehui
1568 1624 1930 1682 Tornaceneis
1968 1622 2082 1693 epi-

2174 455 2334 512 bonis
2355 455 2608 524 operibus
2635 453 2800 510 corda
2821 453 3065 523 ponenda
3093 458 3246 514 sunt,
3275 449 3530 522 gradibus
3554 449 3748 516 utique

2175 545 2479 600 distributis
2503 583 2517 608 ,
2564 542 2778 601 cunctis
2819 541 2961 596 Deus
3003 548 3186 596 noster
3226 549 3282 614 et
3324 547 3501 593 rector
3535 537 3751 608 pepulis

2172 637 2546 709 praedicandus
2569 643 2651 690 est
2674 633 2996 690 Christianis
3026 650 3039 685 :
3077 632 3168 685 ubi
3199 646 3357 700 nemo
3399 629 3615 684 sibimet
3641 629 3747 682 ali-

2173 728 2302 800 quid
2316 727 2428 795 jam
2451 724 3062 794 mstimetimminutum,
3085 736 3206 774 eum
3226 728 3281 774 et
3299 721 3364 775 de
3394 719 3744 788 uniuscujus-

2175 798 2281 887 que
2310 817 2508 888 gradus
2533 815 2862 885 perfectione
2889 812 2965 866 nil
2993 813 3228 881 deperit,
3268 819 3324 864 et
3361 798 3747 879 convenientér

2175 907 2454 963 retinendo
2473 905 2614 975 quod
2627 904 2830 960 caelesti
2852 903 3246 972 dispensatione
3264 901 3513 974 collatum
3524 911 3625 966 est,
3649 919 3750 972 pae

2176 996 2310 1052 riter
2352 979 2589 1049 nobis'et
2621 992 3039 1062 cognoscibilem
3070 990 3238 1045 Deum
3280 990 3432 1055 fieri,
3460 1002 3515 1046 et
3553 993 3746 1046 tribuit

2173 1099 2296 1140 esse
2338 1093 2622 1139 rectorem.
2654 1082 2787 1136 Nam
2823 1082 2923 1138 etsi
2954 1081 3080 1152 quid
3107 1081 3412 1151 indulgetur
3439 1081 3506 1146 de
3537 1092 3748 1151 tcmpoe

2174 1191 2293 1230 rum
2324 1175 2649 1246 quantitate,
2679 1173 2922 1230 moribus
2944 1182 3235 1244 aggregata
3262 1174 3582 1244 strenuitate
3610 1189 3744 1243 pen-

2174 1276 2346 1332 satur,
2376 1267 2423 1320 si
2455 1267 2575 1320 vitae
2589 1264 2704 1334 jam
2732 1265 3007 1335 proposito
3037 1267 3367 1338 continetur,
3391 1266 3534 1334 quod
3561 1275 3746 1334 prote-

2177 1360 2288 1414 lata
2319 1359 2500 1414 fuerat
2525 1367 2684 1414 relate
2707 1359 3006 1415 curandum
3042 1377 3056 1413 :
3089 1359 3380 1414 dummodo
3402 1359 3490 1412 illa
3523 1359 3749 1413 nullate-

2177 1466 2278 1506 nus
2293 1449 2625 1505 dissimulata
2647 1449 2792 1504 subri
2799 1449 2970 1518 piant,
2985 1464 3210 1517 quorum
3225 1449 3500 1517 quodlibet
3511 1450 3554 1503 si
3572 1451 3752 1504 inesse

2179 1540 2472 1605 claruerit,
2518 1539 2713 1594 merito
2754 1539 3094 1593 clericalibus
3134 1539 3318 1607 infulis
3358 1541 3748 1609 reprobabilem

2181 1631 2468 1686 convincat
2495 1643 2616 1685 esse
2639 1644 2945 1699 personam.
2975 1629 3042 1683 Et
3065 1630 3108 1693 si
3140 1629 3228 1682 illa
3269 1645 3650 1702 nonnunquam
3678 1629 3753 1685 si-

504 1719 675 1787 scopi,
729 1726 783 1773 et
813 1717 1152 1788 privilegium
1193 1717 1373 1773 domni
1423 1715 1695 1771 Benedicti
1745 1729 1842 1784 per
1887 1728 2079 1767 manus
2109 1707 2154 1766 Β
2182 1719 2356 1773 nenda
2387 1726 2544 1783 sunt,
2576 1733 2695 1786 qua:
2725 1718 2770 1771 si
2818 1727 3133 1772 cancrorum
3179 1726 3391 1776 constet
3425 1718 3705 1788 integritas
3733 1759 3750 1792 ,_

401 1873 419 1883 _
503 1808 840 1864 Erchanravi
911 1807 1320 1864 Catalaunensis
1398 1807 1680 1876 episcopi,
1745 1814 1795 1861 et
1862 1804 2078 1875 privile-

505 1899 651 1967 gium
705 1899 885 1956 domni
940 1898 1143 1954 Nicolai
1203 1913 1300 1968 per
1355 1912 1545 1952 manus
1595 1896 1836 1951 Hedonis
1892 1894 2078 1948 Bclva-

504 1992 682 2047 censis
740 1992 993 2062 cpiscOpi.
1057 1991 1125 2045 Et
1176 2000 1297 2060 post
1361 1991 1476 2044 haec
1524 1989 1746 2052 omnia,
1801 1987 1927 2042 data
1994 1993 2080 2040 est

505 2097 625 2150 qua:
675 2082 918 2152 sequitur
967 2081 1238 2146 schcdula,
1268 2080 1503 2150 qualiter
1558 2077 1790 2148 priscis,
1843 2085 1903 2130 ut
1952 2076 2080 2130 dicit

505 2171 787 2237 Gelasius,
822 2187 921 2243 pro
946 2173 1027 2227 sui
1057 2171 1353 2226 reverentia
1387 2169 1728 2225 manentibus
1751 2167 2076 2233 constitutis,

504 2270 560 2316 et
611 2262 774 2335 salvis
821 2262 1128 2332 apostolica:
1173 2263 1316 2319 sedis
1369 2260 1688 2330 privilegiis,
1735 2274 1857 2314 cum
1889 2273 2079 2313 eorum

504 2355 668 2410 etiam
693 2356 1023 2411 sal-vamento
1063 2355 1154 2425 qui
1187 2354 1391 2425 synodo
1415 2352 1873 2422 subscripserunt,
1896 2350 1948 2404 in
1973 2364 2077 2418 qua

504 2445 700 2500 fratres
732 2449 797 2501 de
820 2445 1016 2516 quibus
1037 2445 1213 2516 agitur
1241 2443 1391 2499 fuere
1419 2441 1638 2512 dcjccti,
1675 2457 1772 2512 per
1803 2439 2080 2508 indulgen-

505 2533 632 2588 tiam
667 2543 720 2589 et
759 2536 1137 2589 auctoritatem
1173 2533 1350 2588 domui
1381 2548 1530 2602 papae
1571 2533 1626 2588 in
1652 2531 1765 2587 suis
1804 2530 2080 2585 ordinibus

503 2623 672 2690 recipi
728 2631 782 2678 et
835 2623 1055 2692 provehi
1105 2623 1308 2692 possint
1357 2623 1560 2691 absque
1624 2620 2075 2684 contradictione,

505 2713 750 2783 migratis
784 2711 898 2780 jam
945 2713 1210 2774 omnibus,
1265 2713 1356 2781 qui
1400 2713 1453 2766 in
1496 2713 1697 2768 Ebonis
1745 2711 2079 2782 depositione

507 2800 741 2865 fuerunt,
785 2801 1070 2871 cpisc0pis,
1100 2812 1325 2873 excepto
1353 2801 1468 2857 solo
1497 2801 1779 2867 Rothado;
1807 2801 1900 2857 sed
1925 2809 1979 2856 et
2001 2801 2080 2856 eis

505 2889 598 2958 qui
629 2889 706 2949 illi
746 2889 1213 2944 excommunicato
1255 2890 1573 2946 dicebantur
1621 2889 2074 2951 communicasse,

509 2991 564 3036 et
590 2982 710 3036 aliis
741 2981 792 3036 in
823 2997 1006 3037 eorum
1035 2981 1168 3036 locis
1192 2982 1519 3049 substitutis,
1552 2997 1616 3037 ac
1641 2996 1739 3051 per
1766 2995 1880 3046 eos,
1911 2989 1970 3035 ut
2002 2979 2075 3033 ita

508 3071 771 3137 dicamus,
801 3072 1096 3126 innumeris
1119 3072 1400 3127 ordinatis.
1428 3073 1660 3127 Tantum
1697 3081 1757 3124 ut
1785 3071 1852 3126 de
1880 3077 2075 3125 czctero
2104 3055 2148 3118 C

507 3162 781 3228 scandala,
809 3177 929 3232 quae
957 3162 1082 3217 hinc
1113 3162 1291 3217 valent
1321 3162 1544 3232 emergi,
1583 3161 1762 3217 domni
1799 3158 2078 3231 apostolici

509 3251 827 3326 auctoritate
854 3260 910 3306 et
939 3251 1273 3321 providentia
1308 3251 1630 3307 devitentur.

1082 3383 1412 3440 EPISTOLA
1449 3383 1512 3438 V.

759 3491 824 3529 ΔΙ)
863 3489 1140 3533 EPISCOPOS
1175 3489 1358 3529 SYNODI
1402 3487 1825 3542 SUESSIONENSIS,

513 3589 666 3655 Quod
682 3590 871 3660 absque
891 3590 1190 3660 necessitate
1213 3589 1405 3660 mutari
1421 3587 1764 3660 nou_debeant
1790 3601 1906 3658 qua:
1928 3584 2083 3654 semel

719 3687 732 3696 ι
761 3655 814 3712 in
838 3657 1070 3713 conciliis
1101 3667 1297 3712 statuta
1327 3656 1402 3710 vel
1421 3655 1657 3725 judicata
1683 3655 1822 3710 sunt.

1057 3768 1231 3839 (Apud
1255 3764 1552 3836 Sirmond.)

586 3886 896 3940 llmcuanus
925 3882 1255 3935 Rhemorum
1289 3873 1860 3948 episcopus'Rt-zsncio,
1894 3875 2080 3931 West-

511 3991 633 4031 LONI
652 4015 666 4040 ,
696 3982 751 4027 et
793 3971 1004 4027 caeteris
1043 3969 1462 4037 archiepiscopis
1487 3974 1542 4020 et
1569 3965 1836 4035 episcopis
1857 4005 1871 4029 ,
1897 3965 2080 4019 domni

511 4082 665 4136 papae
690 4053 892 4118 Nicolai
919 4061 1239 4115 auctoritate
1261 4058 1326 4112 ad
1352 4057 1633 4128 synodum,
1669 4053 1774 4125 quo
1798 4064 1851 4110 et
1880 4058 2084 4128 exigui-

516 4164 682 4210 tatem
709 4167 885 4208 meam
912 4165 1036 4206 eum
1079 4149 1411 4219 coepiscopis
1441 4147 1641 4202 nostris
1663 4147 1850 4202 venire
1880 4162 2082 4217 praece-

515 4249 613 4316 pit,
657 4249 710 4300 in
759 4246 898 4299 hanc
932 4244 1252 4298 Suessorum
1294 4241 1565 4296 civitatem
1612 4255 1713 4310 pro
1761 4254 1924 4302 causa
1954 4240 2082 4295 Vul-

513 4338 620 4391 fadi
652 4344 706 4390 et
726 4335 1050 4402 collegarum
1079 4333 1196 4402 ejus
1220 4331 1548 4386 convocatis.

2178 1809 2292 1865 sola
2317 1825 2515 1865 nocere
2541 1825 2645 1864 non
2677 1809 2925 1874 valeant;
2957 1809 3043 1863 illa
3070 1820 3252 1873 tamen
3283 1819 3409 1865 sunt
3431 1826 3754 1880 magnopere

2177 1900 2526 1971 prcecavcnda
2559 1916 2678 1970 qua:
2705 1900 2870 1968 recipi
2902 1899 3018 1954 sine
3049 1899 3332 1954 manifesta
3359 1901 3754 1956 deeoloratione

2180 2008 2286 2047 non
2309 1993 2536 2062 possint.
2567 1991 2632 2046 Et
2659 1991 2974 2045 Africanum
3017 1991 3305 2045 concilium
3326 2031 3340 2054 ,
3388 1991 3453 2045 de
3482 1991 3752 2060 virginum

2179 2084 2448 2138 velatione
2479 2092 2781 2138 retractans
2810 2083 2951 2152 (can.
2985 2081 3096 2149 95),
3130 2083 3201 2134 ita
3236 2095 3450 2135 manere
3484 2082 3750 2134 constitu-

2183 2175 2383 2228 tionem
2416 2173 2615 2243 prioris
2638 2171 2884 2236 concilii,
2918 2173 3009 2226 ubi
3051 2172 3190 2225 nulla
3230 2180 3480 2241 perurgct
3515 2170 3753 2224 necessi-

2181 2276 2298 2330 tas,
2330 2265 2587 2328 decrevit,
2617 2271 2676 2316 ut
2707 2278 2810 2317 non
2840 2264 2982 2318 obsit
3011 2263 3294 2332 posteriori
3325 2263 3553 2330 concilio
3589 2262 3754 2316 certis

2177 2373 2276 2428 pro
2299 2355 2479 2411 causis
2507 2370 2569 2407 ea
2599 2369 2717 2422 quae
2739 2354 3032 2409 constituta
3061 2352 3274 2408 fuerant
3301 2353 3626 2420 immolanti,
3654 2367 3754 2414 nec

2178 2445 2451 2516 posterius
2479 2444 2770 2499 concilium
2796 2444 2964 2513 priori
2989 2444 3168 2499 obviet
3193 2445 3334 2511 (can.
3359 2441 3472 2513 '55),
3495 2441 3584 2497 ubi
3611 2441 3750 2498 nulla

2180 2536 2310 2590 illud
2342 2545 2594 2607 pcrurget
2621 2533 2921 2588 necessitas
2949 2533 3252 2587 immutare.
3283 2533 3388 2586 Sed
3412 2533 3554 2587 etde
3577 2534 3751 2587 Dona-

2181 2624 2323 2680 tistis
2349 2624 2612 2685 decrevit,
2662 2630 2720 2677 ut
2753 2623 3215 2677 consentientibus
3255 2622 3512 2676 fratribus
3559 2631 3614 2675 et
3657 2636 3749 2676 co-

2178 2715 2466 2783 episcopis,
2500 2714 2736 2768 maxime
2762 2722 2942 2768 autem
2972 2713 3262 2783 apostolica
3292 2715 3450 2778 sede,
3488 2729 3518 2766 a
3560 2713 3752 2782 quibus

2179 2803 2303 2858 inde
2327 2804 2502 2858 fuerat
2549 2802 2870 2867 diﬂinitum,
2916 2813 3184 2871 quatenus
3235 2803 3528 2858 secundum
3568 2803 3752 2869 unius-

2179 2894 2443 2964 eujusque
2483 2895 2721 2964 episcopi
2745 2893 2997 2949 catholici
3031 2893 3360 2948 voluntatem
3391 2903 3550 2962 atque
3573 2893 3751 2948 consi-

2181 2987 2337 3051 lium,
2363 2987 2454 3054 qui
2486 2986 2536 3039 in
2567 2987 2756 3040 eodem
2798 2986 2916 3040 loco
2939 2985 3204 3055 gubernat
3228 2984 3537 3047 Ecclesium,
3575 2985 3619 3037 si
3649 2985 3752 3040 hoc

2179 3077 2302 3148 paci
2348 3076 2666 3134 Christiana:
2696 3076 2953 3144 prodesse
2997 3075 3167 3128 visum
3199 3073 3389 3139 fuerit,
3440 3075 3491 3127 in
3519 3074 3628 3128 suis
3657 3075 3751 3140 ho-

2181 3165 2407 3220 noribus
2435 3165 2816 3233 suscipiantur,
2847 3164 2986 3218 sicut
3033 3164 3304 3234 prioribus
3344 3163 3583 3231 ejusdem
3615 3163 3752 3236 divi-

2183 3255 2353 3311 sionis
2410 3254 2742 3325 temporibus
2790 3253 2994 3322 factum
3056 3270 3175 3309 esse
3219 3253 3561 3307 manifestum
3620 3262 3746 3307 est:

2181 3345 2323 3416 quod
2347 3347 2636 3400 multarunt
2665 3353 2719 3400 et
2744 3360 2878 3414 pene
2903 3346 3144 3399 omnium
3175 3344 3550 3399 Africanarum
3573 3345 3754 3400 Eccle-

2180 3437 2408 3503 siarum,
2432 3437 2625 3505 quibus
2655 3437 2774 3494 talis
2802 3451 2956 3490 error
2989 3444 3209 3488 exortus
3242 3443 3359 3498 est,
3388 3435 3634 3502 exempla
3665 3444 3746 3488 te-

2182 3537 2413 3583 stantur.
2451 3525 2566 3581 Non
2615 3538 2674 3580 ut
2711 3526 3031 3587 concilium,
3064 3524 3206 3592 quod
3265 3524 3318 3578 in
3373 3525 3756 3595 transmarinis

2181 3615 2425 3684 partibus
2447 3613 2512 3668 de
2538 3613 2640 3666 hae
2663 3625 2718 3665 re
2743 3611 2942 3664 factum
2970 3618 3072 3674 est,
3097 3608 3438 3673 dissolvatur,
3466 3609 3559 3660 sed
3593 3617 3652 3662 ut
3684 3609 3752 3662 il-
3829 3615 3832 3617 λ

2181 3704 2273 3759 lud
2297 3712 2511 3759 maneat
2539 3702 2683 3757 circa
2714 3714 2806 3754 eos
2833 3698 2923 3768 qui
2947 3699 3024 3753 sic
3053 3699 3284 3752 transire
3314 3698 3382 3751 ad
3417 3695 3754 3751 Catholicam

2181 3792 2388 3859 volunt,
2423 3800 2482 3845 ut
2514 3790 2659 3844 nulla
2696 3803 2790 3860 per
2825 3803 2919 3843 cos
2961 3787 3180 3842 unitatis
3225 3786 3589 3856 compensatio
3628 3802 3753 3860 pro-

2182 3889 2423 3936 curetur.
2451 3879 2555 3934 Per
2582 3894 2717 3933 ouos
2750 3887 2929 3932 autem
2961 3878 3045 3932 vel
3071 3877 3378 3932 omnimodo
3409 3876 3592 3946 perlici
3612 3916 3627 3940 ,
3668 3877 3752 3932 vel

2183 3970 2422 4040 adjuvari
2467 3968 2768 4023 manifestis
2818 3967 3178 4032 fraternarum
3235 3967 3534 4019 animarum
3589 3965 3753 4020 lucris

2182 4059 2448 4115 catholica
2475 4057 2656 4110 unitas
2687 4056 2740 4110 in
2785 4055 2919 4109 locis
2948 4055 3146 4124 quibus
3177 4055 3381 4124 degunt
3402 4057 3512 4110 visa
3545 4056 3707 4109 fuerit
3736 4095 3751 4120 ,

2184 4165 2289 4203 non
2317 4148 2396 4204 eis
2424 4146 2569 4201 obsit
2599 4144 2741 4215 quod
2773 4152 2960 4198 contra
2988 4145 3221 4198 honores
3258 4160 3466 4209 eorum,
3509 4144 3752 4212 quamvis

2184 4238 2330 4292 salus
2379 4236 2509 4290 nulli
2559 4233 2856 4300 interclusa
2885 4233 2987 4302 sit,
3033 4235 3086 4288 in
3129 4234 3490 4289 transmarino
3525 4233 3752 4288 concilio

2186 4338 2440 4387 statutum
2464 4339 2564 4383 cst.

587 4427 836 4498 Legimus
857 4387 1175 4490 ,uscribeu'te
1204 4423 1363 4477 beato
1394 4421 1704 4477 lnnocentio
1731 4423 1898 4492 (epist.
1929 4421 1986 4486 2,
2009 4421 2076 4473 ad
2109 4387 2161 4447 D
2262 4420 2416 4478 Unde
2447 4419 2789 4473 manentibus
2840 4417 3077 4482 statutis,
3127 4417 3329 4483 absque
3358 4415 3660 4485 regularum
3698 4424 3754 4469 et

519 4513 886 4585 Exupct'ium),
903 4512 1042 4584 quod
1071 4513 1137 4568 de
1155 4510 1474 4582 quibusdam
1497 4511 1801 4567 observatio
1821 4512 1967 4582 prior
1986 4511 2078 4564 du-

515 4605 646 4669 rior,
676 4604 944 4674 posterior
970 4601 1364 4658 interveniente
1384 4601 1752 4657 misericordia
1778 4602 2080 4657 inclinatior

517 4703 621 4749 est.
656 4693 723 4747 Et
747 4701 967 4749 sanctus
999 4693 1113 4750 Leo.
1151 4691 1281 4747 dicit
1309 4691 1477 4763 (epist.
1505 4691 1597 4758 95,
1637 4691 1707 4745 ad
1747 4690 2077 4760 Rusticum),

514 4784 640 4854 quia
669 4784 808 4840 sicut
841 4784 1085 4854 quaedam
1115 4789 1240 4839 sunt
1279 4797 1398 4852 qua:
1445 4782 1588 4837 nulla
1620 4789 1843 4851 possunt
1873 4781 2084 4835 ratione

522 4873 774 4940 convelli,
803 4876 877 4929 ita
927 4873 1096 4928 multa
1121 4881 1244 4928 sunt
1273 4886 1394 4942 qute
1421 4881 1513 4930 aut
1540 4887 1638 4942 pro
1655 4870 2084 4927 consideratione

513 4973 732 5020 aetatum
751 5004 766 5030 ,
791 4973 1004 5034 autpro.
1021 4962 1346 5018 necessitate
1375 4975 1553 5015 rerum
1573 5000 1588 5025 ,
1617 4968 1860 5029 oporteat
1885 4968 2085 5026 tempe-

995 5067 1012 5072 -
1051 5051 1273 5072 ----J..._.
1324 5047 1667 5072 ε..,ι..1...,....τ....
1697 5047 1812 5072 2....ιι
1856 5047 1979 5072 ,Ιτικῖο
2029 5047 2081 5074 ἔτι

2186 4513 2494 4585 apostolica:
2520 4511 2661 4566 sedis
2676 4509 3006 4580 pra‘judicio,
3042 4515 3096 4575 et
3115 4506 3470 4577 judicantium
3503 4505 3611 4558 ullo
3638 4505 3751 4560 dis--

2187 4602 2436 4665 crimine,
2487 4613 2621 4669 quos
2649 4613 2754 4660 non
2782 4595 2952 4656 solum
2988 4594 3280 4650 auctoritas
3313 4593 3750 4662 Carthagiuensis

2188 4691 2404 4750 concilii
2446 4690 2514 4744 ab
2537 4687 2684 4744 omni
2712 4701 2863 4741 naevo
2889 4683 3160 4754 defendit,
3186 4683 3232 4737 si
3259 4696 3444 4736 eorum
3475 4681 3636 4735 fuerit
3669 4697 3752 4735 so-

2188 4784 2298 4838 luta
2328 4778 2614 4842 sententia,
2641 4776 2732 4846 qui
2770 4773 3146 4829 convinci-non
3173 4779 3395 4842 possunt
3423 4769 3506 4824 vel
3535 4769 3751 4825 inimico

2193 4871 2373 4926 animo
2395 4867 2692 4934 iudicasse,
2717 4871 2810 4916 aut
2837 4863 3016 4932 aliqua
3041 4861 3333 4930 cupiditate
3359 4868 3451 4912 aut
3476 4861 3647 4930 gratia
3667 4858 3751 4912 de-

2183 4959 2430 5033 pravati;
2459 4972 2643 5012 verum
2670 4963 2724 5009 et
2753 4955 2892 5010 idem
2921 4953 3231 5017 concilium,
3263 4951 3356 5007 sed
3393 4960 3446 5010 et
3467 4951 3752 5006 Antioche-

2367 5057 2526 5074 ..οι-..η
2561 5048 2768 5074 Ann-una
2792 5045 2932 5074 ε-Αιιῖο
2962 5045 3214 5074 "nonnum
3234 5041 3543 5074 nnnﬁﬂnnm
3602 5041 3749 5074 lnnn.
