4018 5392
290 236 355 292 δ’
1226 210 1232 218 ’
1710 237 1840 293 ειηε

1939 236 2085 293 ιΙιᾹΞ.
3458 238 3529 296 58

290 344 480 416 scripsi
506 364 521 399 :
551 354 800 404 manente
835 349 1021 415 etiam,
1070 358 1131 405 ιιι
1169 357 1383 421 oportet
1412 358 1467 405 et
1487 363 1709 405 necesse
1729 357 1814 402 est
1837 389 1853 412 ,
1885 355 1930 410 Λ
1962 346 2206 417 prmsulis
2228 346 2538 403 Alexandri.
2562 346 2747 405 Gratia
2778 363 3010 420 namque
3032 347 3150 414 Dei,
3185 356 3240 404 et
3265 349 3528 404 orationi-

289 437 612 492 auctoritate
632 439 1036 510 privilegiorum
1058 441 1242 496 domui
1259 440 1530 497 Benedicti
1551 480 1567 505 ,
1586 448 1643 495 et
1671 440 1853 495 domni

290 540 352 579 ac
400 526 581 583 Patris
630 529 804 584 nostri
852 528 1060 586 Nicolai
1111 545 1298 602 papae;
1351 531 1397 585 si
1432 530 1507 585 illi
1541 530 1717 600 placet
1765 529 1853 586 cui

286 624 484 670 cuncta
513 616 654 671 bona
680 617 897 687 placent
917 659 933 684 ,
974 628 1036 675 ut
1064 620 1361 674 decessoris
1385 620 1469 674 sui
1492 618 1764 674 Benedicti
1800 627 1855 672 et

285 720 380 759 sua
416 705 680 776 privilegii
714 721 744 761 a
773 722 833 762 se
854 708 1156 763 conﬁrmati
1183 709 1447 764 sententia
1471 708 1538 764 de
1562 708 1650 763 his
1676 707 1854 762 fratri-

285 792 386 852 bus
429 803 651 863 propter
675 795 1097 852 misericordiam
1124 812 1220 868 per
1250 796 1633 868 indulgentiam
1659 795 1854 850 immu-

286 888 447 943 tetur,
480 882 570 937 ubi
612 883 813 938 exinde
842 870 1101 955 scriptum
1131 886 1380 948 habetur,
1421 885 1571 939 salvo
1593 885 1850 939 Romanae

282 962 425 1023 sedis
446 968 499 1021 in
522 970 777 1025 omnibus
793 971 946 1041 jussu
967 985 1129 1043 atque
1149 973 1384 1043 judicio:
1409 983 1465 1029 et
1493 974 1650 1028 aliter
1669 974 1853 1029 decre-

283 1068 394 1115 tum
438 1060 825 1128 conﬁrmetur,
878 1064 1141 1136 nobisque
1195 1067 1486 1127 tenendum
1529 1067 1848 1133 mandetur,

278 1150 431 1220 juxta
456 1154 878 1212 moderationem
903 1157 1201 1214 Innocentii
1220 1198 1236 1224 ,
1280 1158 1376 1229 qui
1412 1158 1849 1215 observationem

279 1243 511 1312 priorem
532 1244 806 1301 duriorem
822 1287 841 1315 ,
870 1247 1226 1315 posteriorem
1250 1258 1429 1304 autem
1458 1249 1849 1307 interveniente

278 1334 647 1390 misericordia
696 1336 1086 1395 inclinatiorem
1127 1339 1257 1399 dicit
1294 1339 1463 1410 (epist.
1496 1340 1552 1405 2,
1589 1340 1657 1394 ad
1700 1339 1850 1394 Exu-

276 1424 517 1496 perium);
544 1434 601 1481 et
627 1435 801 1482 vestra
831 1426 1170 1494 fraternitas,
1195 1430 1285 1500 qui
1308 1432 1521 1487 eosdem
1546 1430 1742 1488 fratres
1761 1432 1849 1502 ju-

276 1515 525 1582 dicastis,
555 1517 641 1573 vel
671 1534 901 1589 quorum
943 1521 1257 1577 decessores
1278 1521 1399 1576 illos
1420 1522 1804 1591 iudicaverunt
1826 1563 1843 1589 ,

272 1608 512 1662 unanimi
542 1601 919 1680 benignitate,
942 1610 1176 1681 justitia,
1225 1610 1428 1681 pietate
1455 1612 1669 1667 condita
1711 1628 1842 1667 con-

1957 435 2057 489 bus
2087 436 2301 500 vestris,
2357 436 2409 490 in
2459 438 2607 493 nullo
2639 437 2933 493 schismate
2980 446 3243 507 repertos,
3287 437 3379 492 sed
3408 439 3526 492 sine

1954 524 2164 579 macula
2212 525 2265 579 in
2312 525 2578 582 catholica
2611 535 2665 581 et
2707 525 3000 595 apostolica
3038 524 3276 579 Ecclesia
3307 539 3523 594 perma-

1954 623 2161 679 nentes,
2194 616 2415 687 dignum
2465 624 2549 671 est
2593 625 2915 686 potestatem
2962 616 3162 671 habere
3202 624 3259 670 et
3291 615 3519 686 eligendi

1952 704 2268 774 quemlibet,
2295 713 2349 760 et
2378 706 2597 761 nomina
2640 720 2824 762 eorum
2872 706 3034 765 dandi
3080 705 3174 775 qui
3215 705 3360 761 clero
3396 714 3524 761 sunt

1953 793 2119 865 digni,
2153 803 2207 851 et
2250 796 2493 850 absolute
2521 794 2701 850 facere
2729 797 2909 851 omnia
2938 796 3233 851 secundum
3263 796 3432 866 legem
3467 805 3523 851 et

1950 886 2259 942 sanctiones
2302 886 2576 941 Ecclesiat.
2626 885 2682 939 Si
2722 900 2881 956 quem
2934 900 3062 941 vero
3101 886 3389 957 contigerit
3436 902 3522 942 re-

1950 977 2227 1045 quiescere
2281 976 2335 1034 in
2386 976 2648 1041 Ecclesia,
2703 986 2830 1031 tunc
2875 976 3099 1045 provehi
3156 976 3208 1029 in
3258 977 3520 1031 honorem

1950 1064 2187 1125 defuncti
2214 1083 2307 1123 eos
2350 1067 2441 1136 qui
2491 1082 2662 1135 nuper
2708 1066 2966 1135 assumpti
3009 1074 3157 1130 sunt,
3185 1066 3522 1121 solummodo

1949 1155 1994 1211 si
2023 1156 2305 1211 videantur
2324 1156 2494 1227 digni,
2517 1169 2571 1212 et
2593 1156 2820 1227 populus
2843 1172 2936 1210 eos
2962 1155 3207 1226 elegerit,
3232 1156 3523 1211 condecor-

1948 1257 2110 1302 nente
2158 1249 2317 1303 simul
2371 1248 2425 1303 ct
2473 1250 2825 1317 consignante
2885 1248 3135 1302 maximae
3183 1247 3523 1302 Alexandriae

1946 1340 2184 1398 civitatis
2225 1341 2499 1411 episcopo.
2531 1341 2645 1396 Hoc
2684 1340 2866 1411 itaque
2893 1339 3013 1395 aliis
3039 1339 3254 1409 quidem
3300 1353 3523 1395 conces-

1946 1445 2064 1485 sum
2109 1438 2191 1485 est
2224 1431 2514 1485 omnibus:
2546 1430 2627 1485 in‘
2651 1444 2883 1501 persona
2911 1426 3042 1484 vero
3087 1426 3283 1484 Melctii
3319 1442 3522 1498 nequa-

1947 1534 2106 1589 quam
2136 1522 2322 1576 eadcm
2355 1520 2676 1591 placuerunt
2701 1529 2924 1591 propter
2961 1520 3193 1590 priorem
3221 1517 3517 1588 indiscipli-

1947 1610 2217 1665 nationem
2243 1611 2381 1682 ejus,
2411 1619 2468 1666 et
2488 1618 2706 1683 propter
2730 1610 3090 1680 procacitates
3117 1607 3233 1678 ejus
3260 1625 3322 1663 ac
3361 1616 3518 1679 petu~

272 1698 505 1755 senserit
526 1708 692 1769 atque
712 1701 1039 1766 decreverit,
1071 1702 1211 1757 sicut
1235 1716 1390 1757 sacra
1417 1698 1485 1756 et’
1502 1703 1730 1773 mystica
1752 1700 1844 1756 Ni-
1875 1691 1921 1751 B
1947 1700 2126 1755 lantiae
2173 1702 2526 1767 voluntatem,
2577 1718 2645 1757 ne
2676 1700 2781 1755 ulla
2829 1702 3049 1757 daretur
3090 1701 3384 1754 auctoritas
3432 1696 3520 1751 vel

271 1801 416 1843 catna
456 1790 693 1860 synodus
735 1791 801 1844 de
826 1789 1140 1846 Novatianis
1163 1790 1305 1861 (can.
1353 1790 1432 1859 8),
1460 1799 1515 1845 et
1538 1807 1634 1861 per
1670 1792 1843 1847 indul-

270 1882 544 1952 gentiam,
572 1882 652 1936 -in
683 1881 908 1951 epistola
963 1882 1035 1936 ad
1080 1883 1367 1939 universos
1414 1882 1698 1953 episc0pos
1746 1898 1845 1953 per

268 1972 600 2045 Egyptum,
631 1973 858 2044 Libyam
888 1984 944 2029 et
986 1974 1323 2044 Pentapolim
1365 1976 1721 2038 constitutos,
1774 1976 1842 2031 de

269 2064 484 2121 Meletio
510 2066 765 2121 damnato
806 2066 1054 2122 clementi
1078 2066 1304 2123 consilio
1327 2109 1343 2133 ,
1374 2069 1500 2123 dum
1542 2069 1719 2124 subtili
1752 2084 1842 2123 ve-

266 2170 439 2225 raque
482 2154 691 2209 ratione
726 2155 925 2210 nullam
970 2158 1184 2211 veniam
1217 2165 1539 2221 mereretur,
1585 2166 1642 2211 et
1680 2159 1749 2213 ab
1775 2173 1840 2212 eo

263 2253 383 2315 post
412 2245 819 2302 damnationem
845 2247 992 2303 illius
1019 2247 1283 2304 ordinatis
1305 2288 1320 2314 ,
1351 2261 1487 2318 quos
1530 2247 1842 2303 Meletianos

261 2335 535 2405 appellat,
567 2338 825 2393 decrevit.

330 2425 472 2481 Nam
518 2427 661 2482 idem
692 2428 954 2493 Meletius,
999 2439 1060 2484 ut
1104 2432 1156 2485 in
1201 2430 1382 2485 veraci
1423 2437 1480 2484 et
1527 2430 1837 2500 recipienda

263 2514 490 2571 historia
528 2517 779 2587 legimus,
836 2520 998 2573 unius
1039 2521 1274 2575 civitatis
1311 2520 1687 2591 Egyptiorum
1727 2520 1840 2589 epi-

263 2620 486 2675 scopus,
527 2608 629 2662 sub
662 2607 824 2663 Petro
862 2609 1239 2665 Alexandrinis
1293 2610 1527 2665 civitatis
1575 2609 1840 2680 archiepi—

262 2709 447 2763 scopo,
464 2696 557 2764 qui
571 2699 812 2768 suscepit
828 2698 1158 2754 Diocletiano
1180 2701 1483 2770 imperante
1497 2701 1834 2772 martyrium,

260 2785 542 2855 depositus
574 2798 691 2853 est,
735 2797 789 2844 et
834 2800 1056 2861 propter
1105 2790 1240 2845 alias
1288 2791 1487 2845 multas
1534 2806 1749 2855 causas,
1780 2799 1837 2845 et

259 2876 503 2931 maxime
528 2876 655 2946 quia
689 2876 741 2931 in
776 2879 1150 2947 persecutione
1188 2878 1292 2933 ﬁde
1332 2890 1527 2950 negata
1568 2880 1836 2934 sacriﬁca-

257 2976 431 3022 verat.
465 2967 608 3037 Ergo
655 2968 947 3024 damnatus
996 2964 1185 3023 habuit
1231 2968 1428 3026 multos
1470 2985 1752 3040 sequaces,
1783 2980 1836 3028 et

258 3057 656 3113 haeresiarchas
697 3059 873 3114 factus
912 3068 997 3115 est
1023 3076 1213 3116 eorum
1248 3063 1339 3131 qui
1384 3062 1645 3118 hactenus
1674 3064 1742 3118 ab
1770 3078 1835 3119 eo
1861 3033 1907 3096 Ο

253 3147 306 3201 in
332 3148 583 3220 Egypto
628 3151 897 3205 Meletiaui
939 3160 1225 3216 vocantur,
1274 3153 1474 3207 nullam
1503 3154 1725 3224 justitiat
1750 3168 1839 3209 sa-

253 3238 628 3294 tisfactionem
664 3241 869 3296 habens
897 3257 995 3295 cur
1031 3243 1351 3297 remanserit
1379 3243 1448 3297 ab
1489 3243 1724 3299 Ecclesia
1752 3257 1839 3299 se-

250 3336 505 3396 paratus.
551 3326 771 3383 Dicebat
800 3328 1020 3398 quidem
1059 3329 1379 3399 injustitiam
1416 3346 1475 3385 se
1507 3345 1751 3401 passum,
1783 3340 1841 3386 et

249 3417 657 3486 obloquebatur
685 3418 793 3472 sibi
838 3418 1239 3489 derogabatque
1267 3421 1448 3477 Petro.
1483 3420 1592 3477 Sed
1641 3422 1836 3477 Petrus

250 3505 305 3559 in
333 3507 726 3574 persecutione
769 3517 1025 3575 percepta
1057 3510 1303 3580 martyrii
1332 3511 1509 3580 palma
1548 3510 1833 3567 defunctus

248 3604 366 3661 est;
405 3596 518 3648 iste
547 3610 675 3649 vero
705 3596 889 3650 retulit
926 3596 1295 3654 detractiones
1326 3600 1381 3653 in
1426 3600 1716 3665 Achillam,
1741 3603 1833 3671 qui

247 3693 377 3753 post
439 3682 660 3736 Petrum
721 3685 956 3753 suscepit
1005 3686 1396 3755 episcopatum,
1446 3698 1501 3742 et
1546 3704 1734 3743 rursus
1780 3692 1836 3744 in

247 3771 653 3833 Alexandrum,
676 3770 767 3839 qui
797 3782 918 3840 post
944 3772 1211 3829 Achillam
1255 3774 1494 3827 noscitur
1532 3775 1832 3831 ordinatus.

247 3860 402 3915 luter
430 3859 549 3912 haec
579 3857 745 3927 igitur
779 3860 1096 3928 supervenit
1135 3862 1363 3930 quatstio
1391 3861 1611 3927 Ariana,
1645 3871 1701 3917 et
1728 3864 1836 3920 Me-

249 3950 416 4011 letius
462 3964 568 4013 una
610 3964 733 4003 cum
772 3951 885 4005 suis
932 3952 1254 4007 defendebat
1288 3954 1509 4022 Arium,
1560 3957 1836 4026 conspira-

250 4041 402 4105 tione
463 4040 603 4093 facta
659 4055 781 4094 cum
828 4056 894 4095 eo
936 4042 1193 4098 adversus
1233 4046 1565 4116 episcOpum.
1609 4048 1685 4102 De
1725 4063 1833 4118 quo

249 4128 473 4183 Meletio
499 4136 552 4182 et
588 4126 704 4195 ejus
749 4130 1103 4200 complicibus
1125 4133 1343 4201 prarfata
1395 4149 1549 4189 sacra
1594 4138 1832 4207 synodus

251 4219 304 4273 in
331 4218 650 4287 praescripta
681 4218 928 4287 epistola,
968 4221 1120 4289 pacis
1166 4223 1593 4293 redintegrandae
1623 4236 1678 4281 et
1707 4229 1830 4282 uni.

253 4308 377 4361 tatis
402 4307 598 4377 gratia,
618 4309 732 4363 haec
759 4310 1077 4365 decrevitad
1103 4310 1301 4377 locum,
1325 4313 1554 4381 Placuit,
1580 4318 1828 4387 inquiens

252 4397 502 4467 (epistola
528 4415 675 4452 conc.
720 4399 925 4454 Nicazni
958 4401 1028 4454 ad
1062 4402 1384 4473 /Egyplt'os),
1410 4406 1679 4463 Meletium
1709 4412 1829 4480 qui-

251 4489 372 4544 dem
402 4489 655 4543 clementi
690 4490 934 4554 consilio,
965 4492 1092 4546 dum
1132 4496 1315 4549 subtili
1361 4511 1593 4567 veraque
1621 4501 1827 4560 ratione

252 4577 453 4633 nullam
477 4578 689 4635 veniam
711 4592 1029 4644 mereretur,
1057 4597 1273 4638 manere
1295 4585 1511 4652 quidem
1536 4587 1588 4641 in
1612 4591 1825 4658 propria

251 4667 492 4729 civitate,
519 4666 721 4721 nullam
755 4682 880 4731 vero
913 4669 1237 4737 omnimodis
1267 4673 1468 4730 habere
1500 4685 1823 4745 potestatem

250 4770 423 4824 neque
457 4754 713 4826 eligendi,
735 4773 909 4827 neque
939 4760 1246 4827 ordinandi,
1280 4779 1381 4820 nec
1421 4765 1475 4820 in
1520 4768 1820 4837 provincia,
1864 4782 1867 4785 '

252 4859 347 4899 nec
377 4845 431 4898 in
466 4846 707 4914 qualibet
741 4848 981 4916 civitate,
1018 4866 1320 4922 purumque
1351 4870 1546 4910 nomen
1581 4866 1821 4912 tantum-

251 4932 406 4993 modo
427 4933 727 5001 possidere.
752 4936 857 4991 Eos
878 4946 1060 4993 autem
1080 4940 1170 5009 qui
1194 4942 1261 4995 ab
1287 4956 1352 4996 eo
1374 4952 1497 4998 sunt
1520 4945 1816 5009 constituti,

251 5024 475 5091 mystica
529 5025 870 5083 ordinatione
922 5029 1164 5086 ﬁrmatos
1211 5033 1412 5088 habere
1464 5036 1724 5090 honorem
1766 5046 1820 5092 et

254 5116 632 5164 ministerium.
666 5127 724 5164 Ill
751 5128 927 5164 tamen
969 5134 1255 5164 umnnnloc
1285 5125 1389 5164 sint
1438 5128 1609 5164 mmlic
1644 5129 1816 5164 nmni-

1942 1797 2185 1857 potestas
2209 1790 2438 1855 homini,
2464 1791 2554 1861 qui
2579 1799 2761 1861 posset
2776 1805 2963 1845 rursus
2986 1789 3202 1845 easdem
3221 1787 3519 1856 indiscipli-

1942 1880 2193 1935 nationes
2240 1881 2531 1937 instruere.
2580 1881 2646 1935 Et
2691 1880 3010 1935 Anastasius
3038 1879 3227 1951 junior
3260 1893 3417 1948 papa,
3449 1876 3515 1931 ad

1939 1972 2287 2026 Anastasium
2335 1972 2718 2042 imperatorem
2767 1973 3012 2028 scribens
3061 1969 3128 2026 de
3174 1971 3438 2025 ordinatis
3484 1984 3515 2023 a

1941 2062 2197 2118 damnato
2225 2063 2423 2119 Acacio
2448 2063 2686 2134 (epistola
2713 2064 2918 2132 unica),
2945 2061 3282 2131 recipiendos
3323 2060 3376 2117 in
3404 2058 3516 2115 suis

1940 2154 2222 2209 ordinibus
2275 2156 2425 2210 dicit.
2467 2155 2783 2225 Quanquam
2840 2154 3030 2209 eadem
3074 2152 3301 2222 epistola
3344 2151 3516 2205 sacris

1940 2244 2239 2299 cauonibus
2268 2255 2322 2300 et
2351 2245 2582 2300 decretis
2613 2245 2935 2310 Innocentii,
2964 2243 3184 2307 Zosimi,
3213 2252 3268 2296 et
3295 2242 3512 2306 Leonis,

1940 2347 2102 2410 atque
2130 2339 2350 2404 Gelasii,
2393 2355 2424 2393 a
2454 2339 2775 2409 quibusdam
2820 2353 2927 2392 non
2960 2336 3249 2392 convenire
3270 2336 3510 2399 dicatur;

1940 2431 2063 2500 quia
2091 2441 2149 2486 ut
2175 2431 2425 2501 ambigua
2471 2430 2735 2486 sententia
2784 2427 2838 2483 in
2882 2427 3071 2485 eadem
3101 2426 3324 2500 epistola
3364 2426 3509 2481 idem

1938 2522 2260 2577 Anastasius
2288 2520 2500 2586 scribit,
2528 2528 2584 2574 et
2620 2518 2917 2590 baptizavit
2965 2515 3248 2576 catholico,
3279 2529 3385 2569 non
3414 2528 3509 2569 ca-

1939 2613 2130 2668 nonice
2157 2630 2171 2666 :
2200 2627 2299 2666 nec
2332 2609 2625 2665 secundum
2651 2624 2834 2664 sacras
2865 2606 3101 2678 regulas,
3126 2620 3302 2675 neque
3325 2619 3512 2658 secun-

1938 2704 2064 2758 dum
2090 2701 2345 2758 Ecclesiae
2386 2701 2666 2756 catholicae
2710 2698 3156 2755 consuetudinem
3199 2694 3511 2750 sacerdotes

1936 2791 2022 2847 vel
2047 2792 2237 2845 levitas
2257 2792 2546 2845 damnatus
2567 2787 2836 2843 ordinavit
2862 2787 3114 2848 Aeacius,
3136 2783 3261 2852 quia
3288 2790 3512 2852 possunt

1938 2883 2101 2936 etiam
2147 2882 2414 2936 interdum
2476 2880 2598 2935 laici
2657 2878 2906 2933 catholici
2956 2875 3234 2946 baptizati,
3279 2882 3336 2928 ut
3380 2872 3513 2927 dicit

1940 2973 2206 3038 Gelasius,
2248 2973 2514 3028 catholico
2556 2971 2870 3041 baptizare,
2920 2978 2974 3024 et
3021 2968 3184 3022 etiam
3232 2964 3507 3020 criminosi

1939 3066 2117 3121 adhuc
2172 3061 2424 3121 sedentes
2460 3079 2623 3134 super
2669 3061 3006 3124 cathedram,
3056 3059 3196 3114 sicut
3228 3056 3430 3112 Scribm
3457 3064 3513 3110 et

1940 3154 2220 3219 Pharisati,
2270 3162 2326 3209 et
2376 3154 2517 3208 sieut
2563 3150 2751 3216 Iudas,
2806 3166 2907 3221 pro
2935 3146 3219 3203 ministerii
3250 3145 3510 3214 dignitate

1938 3246 2083 3301 inter
2123 3244 2394 3315 apostolos
2435 3244 2537 3299 sibi
2588 3240 2902 3307 commissa,
2948 3249 3004 3295 et
3046 3239 3279 3294 nondum
3304 3235 3508 3307 judicio

1937 3344 2125 3406 aperto
2159 3335 2378 3400 amissa,
2403 3350 2502 3405 pro
2552 3349 2650 3391 suo
2692 3331 2869 3388 cilicio
2916 3347 3036 3401 qua:
3083 3331 3136 3385 in
3183 3330 3371 3385 eodem
3404 3328 3509 3387 mi-

1938 3425 2164 3480 nisterio
2196 3418 2469 3495 operanda
2506 3432 2633 3479 sunt
2671 3422 2907 3493 operari.
2951 3421 3088 3475 Sunt
3130 3428 3185 3475 et
3232 3419 3358 3484 alia,
3389 3433 3508 3487 quae

1937 3515 2027 3572 hic
2054 3516 2180 3586 poni
2204 3524 2476 3587 poterant,
2509 3515 2612 3571 nisi
2634 3514 2839 3571 obviari
2866 3514 2945 3567 eis
2968 3513 3033 3567 ab
3063 3512 3182 3566 aliis
3204 3511 3508 3567 constitutis

1936 3614 2353 3676 sanctorumque
2410 3605 2643 3659 decretis
2710 3600 3000 3656 manifeste
3060 3608 3503 3670 cognosceretur;

1937 3695 2213 3762 quoniam,
2253 3703 2313 3747 ut
2348 3693 2535 3748 Daniel
2566 3692 2696 3746 dicit
2725 3709 2739 3744 :
2773 3690 3168 3744 Pertransibuut
3199 3687 3433 3756 plurimi,
3459 3695 3507 3739 et

1935 3779 2209 3849 multiplex
2243 3781 2338 3834 erit
2367 3780 2585 3835 scientia
2617 3778 2778 3849 (Dan.
2809 3794 2906 3842 xu,
2936 3777 3014 3847 4),
3039 3777 3194 3831 aliter
3222 3777 3289 3830 de
3323 3772 3509 3842 hujus-

1935 3870 2082 3925 modi
2130 3868 2342 3924 decreta
2405 3869 2571 3924 fuisse
2622 3869 2987 3923 inveniuntur.
3034 3867 3102 3922 Et
3150 3865 3353 3921 idcirco
3404 3865 3506 3919 ista

1934 3960 2180 4030 posuisse
2210 3959 2455 4025 suﬂiciat,
2480 3975 2600 4031 quae
2632 3960 2973 4031 indulgentia:
2995 3960 3169 4031 potius
3206 3958 3508 4013 misericor-

1935 4052 2080 4106 diam
2129 4051 2303 4121 sequi,
2342 4065 2505 4122 quam
2545 4066 2829 4107 censuram
2854 4049 3078 4119 justitize
3108 4050 3378 4105 intentare
3421 4049 3504 4103 vi-

1934 4142 2151 4196 dentur.

2006 4228 2103 4283 llis
2140 4241 2268 4298 ergo
2300 4228 2371 4282 ita
2411 4244 2470 4284 se
2515 4230 2860 4296 habentibus,
2891 4239 3150 4298 quantum
3180 4245 3247 4284 ex
3274 4244 3361 4282 me
3400 4234 3502 4293 est,

1927 4321 2080 4388 sedis
2114 4319 2423 4389 apostolicae
2454 4321 2796 4391 benignitati,
2823 4330 2877 4376 et
2904 4329 3099 4375 vestrm
3146 4319 3507 4375 fraternitatis

1929 4411 2070 4465 bene
2090 4410 2299 4480 placitae
2320 4410 2685 4477 consensioni,
2714 4411 2974 4466 sollicitus
2993 4426 3209 4465 servare
3239 4410 3503 4464 unitatem

1929 4501 2154 4570 Spiritus
2176 4500 2229 4553 in
2257 4500 2473 4556 vinculo
2499 4501 2667 4569 pacis,
2692 4500 2745 4554 in
2767 4499 2991 4555 fratrum
3016 4501 3244 4555 istorum
3267 4499 3505 4570 regulari

1929 4600 2073 4646 statu
2096 4605 2202 4643 non
2236 4590 2416 4644 obvio.
2447 4589 2709 4655 Quorum,
2742 4590 2882 4645 sicut
2910 4591 2963 4644 in
2992 4588 3316 4661 praecedenti
3342 4589 3501 4644 sche-

1927 4682 2051 4751 dula
2099 4681 2253 4736 vobis
2293 4690 2545 4752 porrecta
2593 4683 2852 4753 pnemisi,
2884 4682 3155 4736 salubrem
3191 4696 3255 4735 ac
3285 4680 3502 4751 regula-

1926 4787 2043 4826 rem
2070 4779 2273 4827 statum
2299 4780 2355 4826 et
2382 4771 2563 4840 cupivi
2592 4782 2647 4827 et
2672 4773 2852 4842 cupio,
2876 4779 2929 4825 et
2960 4771 3183 4841 quaesivi
3219 4780 3274 4825 et
3296 4782 3499 4839 quaero,

1926 4871 1982 4935 et
2026 4863 2091 4918 de
2135 4877 2364 4931 quorum
2410 4859 2708 4928 dejectione
2735 4861 2875 4916 dolui
2906 4861 3038 4916 satis
3067 4869 3123 4915 et
3167 4860 3343 4923 doleo,
3376 4858 3501 4926 quia

1927 4969 2088 5009 nemo
2110 4952 2286 5024 majus
2315 4952 2843 5027 dispendiumhahet
2868 4952 2932 5006 de
2964 4952 3176 5006 illorum
3205 4947 3505 5013 dejectione

1926 5058 2084 5113 quam
2109 5058 2227 5115 ego.
2260 5041 2329 5100 Et
2357 5042 2473 5095 haec
2506 5043 2724 5113 quidem
2768 5040 2960 5110 scripsi
3009 5056 3107 5110 pro
3131 5034 3505 5090 mediocritate

2874 5131 2938 5164 sic
2972 5144 3104 5164 ,ηοω
3133 5125 3274 5164 nit-nn
3308 5121 3500 5164 fratre-

1929 5135 2178 5164 :Iunnn:nl:
2209 5134 2313 5164 mn:
2374 5132 2712 5164 tln‘rnl:nnnn\
2744 5147 2865 5164 I‘\0Il
