4046 6284
544 306 614 363 59
1427 307 1758 363 IIINCMARI
1798 303 2190 361 RiiEMENSlS
2227 292 2741 359 ARCHIEPISCOPI
3707 305 3778 366 ω

544 436 705 491 quam
752 420 797 475 si
824 419 954 476 mihi
985 429 1200 477 ostensa
1234 419 1396 475 fuerit
1425 430 1645 497 paratus
1676 434 1793 474 sum
1838 419 1956 473 sine
1989 433 2117 473 con-
2145 420 2193 479 Α
2222 418 2504 472 manifeste
2537 418 2884 479 demonstrat,
2920 417 3311 488 Lingonensem
3338 417 3642 476 'Ecclesiam
3680 438 3785 493 pa.

547 509 871 565 tradictione
899 510 1075 580 aliqua
1103 510 1277 580 sequi.
1303 509 1393 564 illa
1434 519 1613 565 tamen
1662 509 1835 563 modis
1868 508 2116 563 omnibus

543 598 599 654 in
621 598 844 654 istorum
872 604 1038 663 statu,
1068 599 1112 655 si
1146 608 1322 654 tamen
1364 615 1393 654 a
1437 600 1591 654 vobis
1620 598 1948 652 unanimiter
1993 596 2118 651 inde

543 704 884 755 consensum,
920 700 975 746 et
1011 706 1040 744 a
1076 693 1274 746 domno
1327 707 1462 761 papa
1515 690 1677 744 fuerit
1716 689 2114 752 confirmatum,

543 780 849 834 conditione
889 791 1124 847 servata,
1174 797 1333 850 quam
1383 791 1438 836 et
1491 782 1784 850 apostolica
1831 779 1987 834 sedes
2019 792 2117 849 pro

543 868 910 923 ecclesiastico
950 870 1132 940 vigore
1165 873 1233 925 ab
1258 872 1508 925 omnibus
1537 873 1771 941 petimus
1806 873 1967 926 faciat
1995 886 2117 926 con-

543 959 768 1021 servari,
806 968 861 1012 et
893 976 922 1013 a
968 971 1144 1014 vestra
1197 961 1534 1016 fraternitate
1565 977 1787 1017 necesse
1825 973 1907 1015 est
1938 962 2117 1031 provi-

542 1049 677 1114 deri,
707 1065 772 1103 ne
797 1034 920 1113 hac,
952 1052 1095 1121 quod
1139 1052 1298 1115 absit,
1339 1053 1626 1107 occasione
1655 1052 2032 1105 auctoritatem
2062 1052 2115 1104 in

541 1140 711 1194 sacris
734 1141 1013 1195 ordinibus
1042 1141 1386 1195 ministrandi
1414 1149 1703 1210 usurpem,-
1731 1142 1821 1210 qui
1850 1150 1944 1194 aut
1968 1140 2118 1209 peni-

544 1240 627 1285 tus
649 1248 754 1285 non
798 1233 1127 1302 acceperint,
1161 1242 1254 1286 aut
1294 1242 1483 1287 contra
1529 1233 1742 1303 regulas
1786 1233 2114 1301 acceperint,

539 1322 623 1377 vel
646 1324 839 1392 quibus
860 1324 1179 1393 regulariter
1196 1324 1553 1378 ministerium
1570 1314 1730 1378 fuerit
1747 1325 2110 1379 interdictum.

540 1408 802 1477 Quoniam
830 1412 874 1465 si
908 1412 1009 1465 hoc
1039 1413 1257 1479 impune
1287 1412 1449 1467 fuerit
1487 1413 1716 1478 licitum,
1759 1414 1937 1467 omnis
1982 1415 2116 1467 ordo

539 1508 593 1551 et
620 1500 770 1569 vigor
797 1500 1197 1555 ecclesiasticus
1221 1517 1323 1556 non
1354 1511 1560 1556 tantum
1594 1502 1820 1564 nutabit,
1852 1512 2114 1571 quantum

538 1590 752 1663 penitus
774 1590 1154 1645 confundetur.
1195 1591 1333 1646 Sunt
1362 1608 1483 1645 cum
1524 1592 1643 1646 istis
1674 1602 1729 1647 et
1760 1591 1881 1656 alia,
1908 1592 1974 1645 de
1998 1591 2116 1660 qui-

540 1681 642 1735 bus
682 1681 901 1750 provide
926 1681 1105 1736 domui
1133 1682 1408 1751 apostolici
1465 1697 1674 1737 summa
1721 1682 2035 1747 auctoritas,
2060 1691 2114 1736 et

2219 513 2366 559 store
2399 506 2696 570 viduatam,
2732 513 2795 559 ut
2840 506 2912 560 ibi
2958 505 3303 560 ordinaretur
3346 508 3644 576 cpiscopus,
3683 512 3780 568 sub

2216 595 2437 650 nomine
2466 597 2641 651 vocati
2677 595 2916 666 episcopi
2950 608 3211 664 usurpare
3249 599 3607 667 praesumpsit,
3639 600 3776 669 ejus-

2217 701 2323 754 que
2356 684 2663 750 facultates,
2693 702 2812 756 qnae
2856 689 3147 742 secundum
3191 686 3624 743 Chaicedonense
3659 704 3782 744 con-

2217 774 2397 830 cilium
2433 777 2573 845 (cau.
2605 776 2696 846 25')
2727 790 2891 845 penes
2920 790 3257 831 teconomum
3286 777 3467 831 futuro
3497 777 3793 841 debuerant.

2216 865 2482 917 reservari
2511 865 2781 934 episcOpo,
2821 866 2931 920 suis
2970 880 3299 937 suormnque
3344 869 3531 923 usibus
3572 885 3786 938 arroga-

2217 955 2323 1019 vit;
2360 956 2684 1011 decernente
2714 958 2829 1026 ipso
2863 958 3091 1013 concilio
3117 966 3175 1012 ut
3202 975 3295 1014 cos
3325 962 3415 1030 qui
3447 962 3562 1015 ausi
3595 961 3787 1016 fuerint

2218 1053 2340 1113 post
2365 1045 2735 1100 diiiinitionem
2761 1062 2968 1116 magnre
2993 1055 3045 1101 et
3076 1048 3397 1103 universalis
3423 1048 3584 1117 ltujns
3604 1051 3790 1120 synodi

2216 1133 2508 1202 quidquam
2559 1149 2624 1188 ex
2674 1135 2763 1188 his
2804 1150 2923 1204 qua:
2970 1144 3095 1190 sunt
3143 1136 3414 1206 prohibita
3460 1148 3788 1207 perpetrare,

2216 1223 2457 1278 decrevit
2498 1234 2689 1279 sancta
2717 1226 2953 1295 synodus
2984 1226 3125 1294 (cun.
3158 1227 3245 1293 12)
3280 1242 3307 1280 a
3354 1228 3575 1297 preprio
3613 1228 3791 1299 hujus-

2218 1313 2360 1366 modi
2402 1312 2569 1382 gradu
2624 1313 2877 1369 recedere
2917 1333 2930 1368 :
2969 1323 3025 1369 et
3058 1316 3398 1371 Antiochcno
3440 1317 3692 1381 concilio,
3729 1319 3794 1373 de

2218 1401 2490 1455 damnatis
2538 1402 2739 1471 aliquid
2783 1404 3235 1473 pnesumentibus
3277 1406 3343 1459 de
3385 1405 3708 1466 ministerio,
3738 1415 3797 1460 ut

2216 1492 2363 1548 nullo
2390 1492 2551 1547 modo
2580 1487 2743 1549 liceat
2771 1495 2849 1549 eis
2886 1511 2985 1550 nec
3015 1496 3067 1549 in
3097 1496 3199 1549 alia
3228 1496 3429 1569 synodo
3456 1511 3610 1567 spem
3642 1497 3798 1552 resti-

2220 1583 2441 1637 tutionis
2489 1584 2710 1638 habere.
2743 1584 2811 1638 Et
2840 1587 2907 1639 ab
2954 1587 3057 1640 bac
3098 1587 3514 1655 prmsumptione
3552 1587 3798 1659 synodali

2218 1678 2576 1742 auctoritate,
2616 1677 2769 1744 cujus
2813 1678 3077 1732 habemus
3120 1670 3598 1745 constitutionem,
3642 1694 3800 1734 revo-

542 1772 642 1826 sub
669 1772 784 1840 ejus
807 1775 1116 1844 magisterio
1146 1775 1273 1829 hinc
1316 1783 1493 1829 vestra
1533 1775 1705 1829 solers
1748 1774 2116 1828 considerabit
2148 1775 2188 1834 Β
2218 1775 2395 1834 εθῑυε,
2415 1767 2636 1837 iubente
2661 1768 2908 1832 Domino,
2939 1770 2982 1822 si
3007 1770 3312 1838 peccaverit
3342 1769 3513 1824 frater
3544 1778 3689 1833 tuus,
3721 1771 3802 1823 in-

538 1865 827 1933 sagaeitas,
855 1880 974 1934 qua:
1009 1865 1061 1918 in
1094 1865 1197 1919 alio
1221 1866 1513 1936 diplomate
1545 1881 1663 1919 mea
1691 1865 1844 1920 vobis
1867 1865 2114 1919 ostendet

539 1952 834 2016 humilitas,
889 1969 954 2008 ue
980 1956 1079 2009 sub
1111 1955 1269 2024 hujus
1323 1957 1401 2009 rei
1447 1955 1735 2010 occasione
1783 1954 1835 2008 in
1870 1953 2112 2008 Ecclesia

536 2043 745 2111 possint
794 2045 1014 2114 emergi.
1082 2043 1270 2099 Vestra
1318 2055 1495 2099 autem
1548 2044 1829 2115 prudentia
1888 2052 1944 2099 et
2001 2045 2116 2097 inec

540 2129 760 2195 clarius,
790 2139 843 2184 et
869 2132 990 2195 alia,
1032 2147 1152 2202 qurc
1178 2148 1368 2187 sensus
1398 2134 1499 2188 mei
1536 2135 1778 2203 paucitas
1808 2149 1912 2186 non
1942 2140 2112 2202 potest

541 2221 1384 2292 attingere,contemplabitur,ct
1411 2224 1591 2279 dotnni
1622 2222 1899 2293 apostolici
1926 2238 2116 2291 super—

537 2310 782 2364 eminens
834 2312 1094 2379 sapientia
1136 2314 1302 2367 multo
1341 2313 1622 2367 sollicitius
1665 2322 1720 2364 et
1758 2312 1962 2365 videbit
1996 2326 2115 2377 cote

534 2397 863 2468 providenda
895 2406 1040 2463 sunt,
1067 2408 1121 2453 et
1151 2401 1505 2470 praesentibus
1536 2399 1799 2454 medelam
1838 2408 1895 2453 et
1920 2398 2116 2453 futuris

541 2488 783 2558 imponet
812 2490 1132 2545 custodiam.

1104 2621 1437 2677 EPISTOLA
1480 2623 1566 2676 \‘l.

796 2724 864 2763 AD
902 2725 1183 2765 EPISCOPOS
1220 2726 1402 2766 SYNODI
1444 2727 1863 2767 SUESSIONENSIS.

540 2802 617 2872 Hc
650 2816 910 2892 _.‘u.fado,
962 2821 1103 2888 quod
1146 2819 1520 2890 Lingoneusem
1567 2822 1858 2877 Ecclesium
1907 2834 2115 2892 pastore

612 2888 894 2962 viduatam
925 2905 1181 2962 usurpare
1222 2888 1632 2962 pra'sttmpserit,
1671 2910 1731 2945 uc
1775 2910 1867 2960 per
1901 2888 2115 2962 satisfa-

609 2958 795 3030 ctiom's
836 2957 1066 3030 libellum
1112 2957 1375 3029 nunquam
1409 2957 1462 3014 se
1510 2961 1565 3014 ut
1587 2962 1725 3014 crius
1756 2957 1824 3014 od
1853 2957 2112 3030 graduum

606 3026 1071 3165 ;cclesiastic01°uttt
1093 3026 1596 3085 administrationem
1621 3026 1976 3101 aspiratui‘um
1995 3049 2113 3102 pro-

635 3112 777 3150 essus
807 3107 890 3151 su.
924 3118 927 3119 ν
1606 3104 1616 3112 ·

635 3104 777 3150 essu;
807 3104 890 3151 sit.
924 3118 927 3119 ν
1606 3104 1616 3112 ’

1089 3187 1266 3259 (Apud
1292 3188 1586 3262 eumdem.)

546 3340 550 3344 .
611 3293 922 3352 HINCMARUS
946 3295 1275 3352 Ritemorum
1307 3300 1612 3371 episcopus,
1641 3301 1898 3368 Remoto,
1932 3305 2114 3360 West-

540 3407 683 3455 LONI,
724 3400 780 3444 et
816 3394 1023 3448 cretcris
1052 3395 1470 3466 archiepiscOpis
1512 3410 1568 3452 et
1601 3399 1889 3468 episcopis,
1931 3400 2114 3455 domni

524 3474 691 3553 papae
710 3484 911 3538 Nicolai
933 3488 1253 3541 auctoritate
1269 3488 1332 3541 ad
1357 3489 1639 3558 synodum,
1656 3506 1763 3560 quo
1786 3500 1839 3546 et
1858 3492 2117 3562 exiguita-

546 3580 652 3626 tem
680 3589 850 3627 meam
881 3590 1001 3629 cum
1034 3578 1364 3648 coepiscopis
1405 3581 1605 3635 nostris
1628 3582 1814 3637 venire
1840 3585 2113 3653 praecepit,

543 3665 596 3717 in
649 3665 787 3720 itane
813 3666 1133 3721 Suessorum
1171 3670 1443 3724 civitatem
1481 3688 1579 3742 pro
1612 3689 1774 3728 causa
1806 3674 2019 3730 Vulfadi
2061 3684 2115 3731 et

542 3756 866 3828 collegarum
898 3760 1014 3829 ejus
1044 3742 1374 3817 convocatis.

614 3846 764 3912 Quod
815 3849 1010 3902 invitus
1059 3851 1199 3914 dico,
1230 3861 1280 3905 et
1325 3853 1661 3923 supprimere
1700 3856 1755 3910 in
1798 3836 1967 3911 totum
2008 3871 2115 3911 non

542 3939 732 4000 audeo,
764 3956 831 3992 ne
863 3940 1000 3993 forte
1036 3941 1163 3994 mihi
1194 3942 1262 3995 ab
1294 3944 1379 3996 bis
1409 3945 1499 4010 qui
1547 3946 1650 3999 ltoe
1686 3948 1860 4001 sciunt
1890 3949 2118 4017 impute-

544 4035 634 4078 tur
670 4028 811 4095 quod
848 4028 1142 4083 calliditate
1182 4030 1363 4098 aliqua
1402 4033 1784 4087 occultaverim
1810 4036 2114 4099 veritatem,

524 4112 596 4168 et
629 4114 673 4169 si
709 4115 822 4168 inec
850 4116 1209 4185 causa,juxla
1236 4127 1477 4171 veterum
1511 4120 2116 4189 constitutionemjudi-

541 4205 628 4258 cio
661 4205 899 4275 synodali
932 4206 1168 4271 decreta,
1200 4208 1317 4261 sine
1341 4206 1658 4263 dilIinitione
1686 4210 1959 4279 synodalis
1989 4225 2114 4265 scn-

541 4298 723 4351 tentia:
753 4299 909 4352 modo
943 4299 1182 4367 quolibet
1214 4301 1376 4354 fuerit
1401 4301 1688 4373 refragata,
1723 4303 1921 4358 dilecto
1960 4304 2114 4358 fratri

543 4396 727 4440 nostro
742 4387 971 4443 Vuifado
994 4389 1057 4443 ad
1080 4406 1274 4443 noxam
1296 4392 1665 4461 cujuscunque
1685 4394 1923 4448 redivivo
1937 4394 2115 4448 lurore
2147 4399 2162 4461 _'

520 4477 717 4530 'valeat
734 4478 997 4546 deputari.
1013 4479 1184 4534 isdem
1204 4494 1434 4549 namque
1464 4480 1688 4536 dilectus
1711 4480 1880 4537 frater
1908 4492 2112 4549 noster,

541 4575 660 4628 post
688 4566 868 4618 omnia
894 4582 1012 4635 qua:
1042 4567 1108 4621 de
1146 4583 1239 4622 sua
1271 4576 1324 4623 et
1350 4568 1674 4639 collegarum
1710 4586 1927 4625 suorum
1959 4571 2111 4640 adju—

540 4654 809 4708 dicatione
845 4672 873 4708 a
916 4656 1118 4725 synodo
1147 4659 1517 4727 episcoporum
1548 4660 1784 4729 quinque
1811 4664 2114 4731 provincia-

543 4758 661 4796 rum
693 4742 934 4808 difiinita,
969 4754 1022 4799 ct
1062 4762 1091 4799 a
1122 4747 1266 4801 sedis
1311 4750 1616 4817 apostolicae
1654 4754 1977 4807 auctoritate
2012 4754 2115 4808 sub

518 4835 901 4890 'anatbematis
948 4837 1358 4906 interpositione
1405 4849 1531 4894 sunt
1583 4843 1935 4910 confirmata,
1998 4847 2115 4901 sine

545 4925 815 4979 audientia
847 4935 902 4980 et
932 4929 1157 4982 consilio
1185 4931 1501 5001 episcopalis
1529 4934 1742 4988 concilii
1770 4937 2112 4992 sacerdotum

542 5014 635 5082 qui
675 5029 798 5068 eum
833 5015 1232 5085 judicaverunt,
1265 5019 1489 5089 sineque
1529 5025 1851 5079 auctoritate
1886 5024 2111 5080 Romani

543 5105 814 5174 pontificis
849 5106 941 5175 qui
989 5107 1103 5175 ipsa
1137 5107 1338 5175 judicia
1389 5110 1761 5179 confirmavit,
1811 5114 2114 5169 inconsulta

543 5184 707 5249 etiam
750 5195 1039 5252 Ritemensi
1087 5197 1349 5264 Ecclesia,
1394 5210 1548 5255 extra
1592 5203 1923 5272 provinciam
1975 5206 2109 5275 ejus,

544 5283 598 5336 in
631 5300 735 5353 qua
767 5286 1091 5356 baptizatus,
1117 5297 1172 5343 et
1205 5290 1257 5343 in
1297 5290 1551 5345 clericum
1596 5302 1799 5358 tonsus,
1832 5304 1994 5364 atque
2019 5310 2115 5366 per

546 5372 730 5442 piures
773 5392 944 5434 annos
989 5378 1042 5433 in
1083 5379 1322 5435 Ecclesia
1358 5382 1570 5451 publice
1596 5398 1778 5437 sacras
1805 5382 2116 5452 Scripturas

463 5515 473 5525 ,
548 5462 702 5532 legit,
734 5470 821 5523 ubi
862 5473 1003 5528 sicut
1040 5473 1354 5528 Africanum
1388 5474 1629 5528 decrevit
1663 5475 1950 5529 concilium
1994 5489 2110 5546 cap.

518 5572 521 5575 ‘
550 5556 619 5612 58
650 5567 930 5628 postquam
967 5565 1132 5619 semel
1152 5566 1297 5636 legit,
1331 5567 1398 5620 ab
1428 5565 1531 5619 alia
1554 5565 1790 5620 Ecclesia
1821 5567 2117 5621 inconsulte

518 5654 523 5661 '
555 5651 721 5724 recipi
761 5667 865 5707 non
900 5655 1176 5725 debuerat,
1207 5662 1345 5715 sicut
1392 5660 1533 5715 idem
1572 5659 1858 5716 concilium
1901 5675 2017 5725 cap.
2044 5661 2111 5715 ‘21

2215 1870 2375 1926 crepa
2418 1856 2586 1921 illum,
2614 1867 2673 1911 et
2724 1858 2766 1911 si
2820 1858 3187 1927 paenitentiam
3226 1860 3417 1928 egerit,
3452 1859 3668 1914 dimitte
3704 1858 3803 1923 illi,

2216 1964 2313 2018 per
2345 1948 2730 2005 satisfactionis
2775 1951 3013 2005 libellum
3054 1953 3270 2021 propria
3316 1968 3476 2007 manu
3524 1954 3804 2009 firmatum

2218 2038 2459 2106 recipere
2507 2042 2966 2104 communionem,
2993 2056 3097 2111 qua
3148 2042 3467 2112 regulariter
3502 2044 3809 2099 secundum

2217 2129 2462 2184 Nicmnos
2496 2138 2552 2184 et
2582 2129 3051 2185 Cbalcedoucnscs
3075 2147 3310 2187 canones
3342 2149 3406 2188 ac
3441 2134 3664 2188 decreta
3694 2133 3807 2189 Ge-

2218 2219 2333 2273 iasii
2375 2219 2548 2271 fuerat
2591 2220 2852 2287 privatus,
2893 2223 3210 2288 promeruit,
3240 2223 3381 2276 sicut
3410 2224 3553 2276 idem
3593 2225 3711 2293 ipse
3739 2224 3806 2277 li-

2216 2309 2422 2374 bellus,
2462 2310 2553 2378 qui
2596 2325 2706 2379 prie
2748 2310 2997 2365 manibus
3030 2311 3257 2365 habetur
3299 2312 3561 2367 ostendit.
3594 2311 3653 2366 In
3699 2328 3809 2383 quo

2220 2400 2319 2455 sub
2345 2400 2698 2470 jurejurando
2734 2415 2833 2470 per
2868 2410 3109 2455 sanctam
3139 2401 3458 2456 Trinitatem
3497 2402 3663 2457 unius
3695 2404 3809 2459 dei-

2219 2490 2348 2543 tatis
2375 2488 2649 2558 professus
2680 2497 2765 2544 est
2803 2503 2862 2544 se
2903 2507 3178 2559 nunquam
3218 2502 3271 2546 et
3306 2506 3578 2562 nusquam
3605 2494 3675 2548 ad
3704 2495 3806 2550 sibi

2218 2578 2562 2637 interdictam
2609 2579 3105 2648 prmsumptionem,
3141 2589 3194 2633 ct
3228 2581 3295 2633 ad
3332 2583 3601 2650 graduum
3634 2583 3807 2639 eccleo

2219 2670 2561 2724 siasticontm
2602 2669 3123 2723 administrationem
3161 2669 3386 2725 ulterius
3412 2673 3819 2743 aspiraturum,

2219 2777 2390 2831 neque
2413 2761 2577 2814 aliam
2612 2760 2916 2830 lmjusmodi
2949 2763 3330 2827 temeritatem,
3352 2778 3458 2833 qua
3489 2780 3597 2834 pax
3625 2766 3820 2822 Eccies

2216 2852 2311 2904 sia:
2360 2849 2539 2904 valeat
2587 2849 2913 2918 perturbari,
2946 2858 3001 2904 et
3043 2852 3199 2918 quies
3242 2852 3602 2909 sacerdotalis
3639 2856 3812 2923 possit

2217 2942 2528 3012 inquietari,
2566 2942 2801 2996 scienter
2829 2941 2909 2996 vel
2946 2942 3172 2996 libenter
3210 2942 3437 2997 ulterius
3458 2946 3805 2999 moliturum.

2215 3034 2386 3100 Quem
2411 3031 2644 3087 libellum
2675 3047 2858 3087 coram
2885 3032 3150 3101 episcopis
3169 3032 3403 3088 Pardnlo
3425 3034 3811 3100 Laudunensi,

2143 3114 2187 3174 C
2220 3123 2522 3179 Gnntberto
2549 3121 2881 3185 Ebroicensi,
2910 3121 3077 3175 [Enen
3105 3121 3320 3188 Parisii,
3352 3137 3657 3193 coramque
3683 3139 3811 3193 rege

2218 3226 2271 3269 et
2302 3213 2714 3283 quamplurimis
2739 3213 2882 3276 aliis,
2908 3212 3063 3267 nobis
3088 3211 3359 3283 judicibus
3384 3214 3499 3268 suis
3536 3229 3568 3267 a
3602 3214 3813 3285 synodo

2217 3305 2528 3360 constitutis
2557 3305 2837 3374 porrexit;
2888 3304 3209 3358 decernente
3240 3304 3396 3358 beato
3424 3302 3725 3374 Gregorio,
3752 3313 3813 3358 ut

2196 3404 2548 3449 revertentes
2579 3410 2606 3448 a
2637 3394 2930 3448 schismate
2964 3392 3317 3463 jurejurando
3349 3392 3725 3461 profiteantur
3760 3400 3823 3449 ei.-

2217 3487 2578 3549 subscribant,
2609 3500 2668 3539 se
2713 3498 2985 3553 nunquam
3017 3484 3083 3536 ad
3122 3483 3358 3536 scbisma
3385 3498 3496 3551 quo
3514 3485 3816 3538 redierant

2216 3591 2550 3632 reversuros.
2586 3575 2650 3629 Et
2691 3573 2981 3629 secundum
3028 3573 3368 3627 traditionem
3413 3572 3622 3629 Leonis
3660 3590 3817 3645 papa:

2216 3670 2498 3726 scribentis
2536 3671 2601 3724 ad
2629 3666 2942 3721 Ianuarium
2972 3668 3280 3735 episcopum
3310 3665 3484 3735 (epist.
3513 3666 3608 3734 3):
3658 3687 3679 3719 ι
3714 3669 3817 3723 Sa-

2215 3760 2568 3815 luberrimum
2596 3766 2700 3823 est,
2738 3759 2932 3827 inquit,
2966 3766 3019 3811 et
3048 3756 3305 3827 spiritalis
3333 3755 3625 3813 medicina:
3662 3760 3812 3814 utili—

2220 3863 2327 3908 tate
2359 3852 2752 3922 plenissimum,
2794 3860 2854 3904 ut
2895 3849 3007 3904 sive
3051 3847 3372 3918 presbyteri,
3400 3848 3523 3902 sive
3569 3849 3815 3913 diaconi,

2216 3943 2300 3996 vel
2328 3942 2610 4009 cujuslibet
2640 3939 2845 3993 ordinis
2870 3938 3075 4001 clerici,
3103 3938 3194 4006 qui
3226 3950 3284 3991 se
3312 3945 3599 3992 correctos
3639 3939 3812 3993 videri

2215 4035 2417 4098 volunt,
2455 4033 2606 4102 prius
2635 4046 2875 4086 errorem
2909 4046 3062 4085 suum
3092 4031 3335 4095 damnari
3365 4046 3393 4083 a
3427 4046 3489 4085 se
3530 4033 3656 4087 sine
3696 4048 3815 4086 am-

2215 4124 2476 4193 biguitate
2524 4121 2799 4175 fateantur
2840 4140 2852 4174 :
2896 4130 2958 4175 ut
2991 4121 3239 4175 sensibus
3281 4122 3467 4189 pravis
3509 4132 3570 4177 et
3609 4123 3815 4177 dudum

2215 4212 2508 4283 peremptis
2549 4212 2695 4265 nulla
2737 4210 3009 4279 aspirandi
3050 4211 3284 4278 supersit
3314 4212 3561 4277 occasio,
3590 4228 3696 4267 nec
3736 4214 3819 4266 ul-

2217 4302 2323 4356 lum
2382 4303 2684 4357 membrum
2744 4300 2998 4355 Eeclesire
3059 4300 3244 4352 talium
3305 4301 3482 4368 possit
3545 4302 3818 4355 societate

2219 4391 2431 4456 violari,
2458 4407 2576 4445 cum
2608 4406 2704 4459 per
2736 4391 2915 4443 omnia
2954 4388 3058 4442 illis
3084 4387 3346 4457 professio
3372 4389 3600 4457 propria
3632 4404 3819 4459 cmpe-

2220 4482 2290 4535 rit
2310 4481 2548 4534 obviare.
2574 4500 2592 4530 ι
2623 4480 2688 4532 Et
2711 4479 2775 4531 ad
2804 4478 3115 4531 Flavianum
3141 4478 3818 4548 ConstantinOpolitanum

2216 4572 2525 4641 episc0pum
2580 4569 2647 4623 de
2700 4584 2930 4623 erroneo
2980 4569 3047 4623 ab
3101 4569 3470 4623 ecclesiastica
3519 4570 3817 4641 disciplina

2218 4662 2386 4734 (epist.
2423 4661 2506 4727 12)
2537 4680 2549 4714 :
2585 4660 2664 4724 Si,
2694 4661 2886 4728 inquit,
2922 4659 3152 4714 fideliter
3172 4669 3263 4713 aut
3302 4660 3513 4714 utiliter
3553 4661 3728 4727 dolet,
3765 4671 3821 4717 et

2216 4765 2377 4819 quam
2413 4759 2559 4804 recte
2594 4756 2734 4803 mota
2778 4750 2847 4803 sit
2879 4747 3198 4817 episcopalis
3238 4749 3539 4803 auctoritas
3568 4751 3662 4804 vel
3691 4767 3819 4807 sero

2217 4838 2514 4908 cognoscit,
2560 4837 2645 4889 vel
2706 4837 2753 4889 si
2809 4837 2875 4889 ad
2936 4836 3320 4890 satisfactionis
3378 4835 3817 4906 plenitudinem,

2221 4930 2401 4984 omnia
2436 4943 2553 4997 quae
2598 4928 2665 4982 ab
2715 4943 2780 4982 eo
2819 4928 2959 4982 male
2984 4938 3118 4983 sunt
3158 4943 3350 4993 sensa,
3397 4928 3527 4984 viva
3572 4945 3713 4987 voce
3762 4943 3821 4988 et

2220 5020 2467 5089 przesenti
2512 5018 2907 5087 subscriptione
2939 5018 3295 5079 damnaverit,
3324 5032 3430 5071 non
3474 5020 3592 5075 erit
3630 5002 3835 5092 reple.

2220 5109 2501 5164 liensibiiis
2539 5124 2665 5178 erga
2706 5118 3009 5163 correctum
3058 5106 3542 5177 quantulacunque
3581 5111 3822 5167 misera-

2220 5198 2313 5261 tio,
2349 5198 2471 5266 quia
2508 5196 2764 5252 Dominus
2794 5203 2976 5249 noster
2997 5208 3154 5247 verus
3184 5204 3238 5247 et
3264 5196 3436 5249 bonus
3458 5194 3689 5263 Pastor,
3725 5201 3819 5270 qui

2219 5287 2454 5340 animam
2500 5302 2650 5342 suam
2696 5286 2875 5356 posuit
2903 5300 3000 5353 pro
3032 5283 3222 5339 ovibus
3257 5285 3388 5349 suis,
3435 5293 3493 5339 et
3528 5290 3628 5357 qui
3669 5290 3822 5344 venit

2222 5377 2430 5431 animas
2458 5378 2668 5431 salvare
2692 5391 2794 5429 non
2823 5374 3066 5443 perdere,
3099 5374 3399 5429 imitatores
3421 5389 3529 5430 nos
3558 5391 3677 5432 suae
3706 5380 3822 5432 vult

2221 5480 2341 5521 esse
2368 5466 2604 5536 pietatis,
2627 5473 2687 5519 ut
2714 5471 3000 5533 peccantes
3033 5463 3243 5533 justitia
3274 5472 3555 5532 coerceat,
3580 5480 3823 5523 conver-

2223 5577 2313 5618 sos
2359 5570 2538 5617 autem
2584 5560 2952 5616 misericordia
2998 5575 3103 5615 non
3156 5560 3399 5630 repellat.
3439 5559 3516 5615 Et
3568 5562 3708 5620 item
3753 5566 3824 5620 ad

2222 5660 2529 5717 Anatolium
2571 5657 3221 5732 Constantinopolitanum
3259 5658 3583 5731 episcopum
3617 5664 3691 5720 de
3719 5663 3821 5719 At—
