4018 5392
206 334 273 392 (il
1638 333 2012 391 EPISTOL/E.
3392 334 3467 390 6’2

216 450 324 504 tice
349 447 667 518 presbytero
707 445 917 516 scripsit
960 446 1132 518 (epist.
1163 448 1279 519 89.),
1312 456 1370 502 ut
1410 454 1614 501 remota
1647 446 1794 500 omni
1824 452 1868 508 Α
1903 446 2233 500 Rhemorum
2284 442 2605 514 provincia,
2655 441 3075 515 archiepiscopis
3115 452 3169 501 et
3206 444 3473 516 episcOpis

215 540 550 597 dubitatione
584 536 1039 596 Chalcedonensis
1088 540 1276 610 synodi
1316 537 1690 592 dimnitionem
1725 537 1792 594 de

214 630 340 695 llde,
383 645 548 700 quam
587 637 643 685 et
682 629 993 699 apostolica:
1026 632 1170 686 sedis
1204 631 1438 687 firmavit
1475 630 1791 695 auctoritas,

211 718 535 791 proﬁteatur
572 732 633 772 se
676 732 775 787 per
813 720 994 773 omnia
1029 730 1392 784 servaturum,
1422 719 1629 788 adjecta
1668 719 1797 774 sub-

213 808 513 879 scriptione
554 823 749 863 manus
786 809 1037 878 propriae,
1068 824 1187 878 qua:
1223 810 1279 865 in
1321 809 1557 866 Ecclesia
1598 805 1795 879 populo

210 908 480 967 praesente
508 896 786 951 recitetur.
817 895 1025 963 Quibus
1053 907 1262 952 constat
1288 912 1383 953 eos
1411 897 1503 967 qni
1535 896 1603 951 ab
1624 896 1795 951 eccle-

215 987 436 1042 siastica
467 986 759 1042 traditione
804 987 1021 1042 deviant
1062 1002 1160 1057 per
1198 996 1586 1057 contemptum,
1618 985 1800 1039 taliter

216 1077 383 1147 recipi
422 1077 620 1131 debere
648 1095 661 1130 :
691 1078 967 1145 quoniam,
994 1088 1055 1133 ut
1102 1078 1319 1135 Hilarus
1357 1080 1488 1134 dicit
1519 1078 1688 1150 (epist.
1717 1076 1795 1147 2),

217 1183 327 1224 non
376 1168 556 1222 minus
607 1168 661 1220 in
713 1168 1425 1231 sanetarum,traditionum
1473 1166 1802 1237 delinquitur

219 1257 550 1321 sanctiones,
579 1271 738 1325 quam
767 1257 821 1310 in
854 1257 1105 1326 injuriam
1150 1258 1318 1328 ipsius
1345 1257 1554 1313 Domini
1584 1259 1800 1328 prosili-

221 1353 329 1398 tur.
368 1346 440 1399 De
485 1345 698 1414 quibus,
728 1346 774 1400 si
826 1362 856 1399 a
902 1362 998 1401 sua
1046 1348 1383 1418 professione
1432 1348 1515 1403 vel
1568 1350 1803 1404 subscri-

218 1435 404 1504 ptione
425 1435 874 1502 exorbitaverint,
903 1437 1330 1508 Carthaginense
1355 1439 1485 1494 dicit
1514 1440 1801 1495 concilium

222 1524 527 1594 (concilium
579 1524 762 1579 Carm.
812 1542 884 1592 ll,
931 1544 1049 1580 can.
1087 1528 1200 1595 15),
1247 1528 1303 1583 Si
1346 1530 1489 1599 quis,
1533 1529 1803 1598 inquiens,

220 1623 408 1668 contra
453 1630 607 1669 suam
648 1615 1039 1687 professionem
1085 1622 1168 1675 vel
1217 1622 1666 1691 subscriptionem
1715 1636 1806 1676 vc-

222 1706 366 1760 nerit
401 1707 455 1760 in
504 1706 706 1777 aliquo,
736 1708 850 1778 ipse
880 1726 938 1765 se
969 1712 1173 1768 honore
1203 1713 1456 1783 privabit.
1490 1713 1555 1767 Et
1586 1724 1806 1768 sanctus

1893 541 2019 598 illuc
2048 558 2115 597 ex
2165 543 2421 595 mandato
2466 548 2651 595 vestro
2698 537 3139 594 convenientibus
3187 551 3473 593 occurrere

1895 631 2166 695 festinavi,
2214 646 2321 700 quo
2345 631 2507 685 etiam
2540 628 2794 684 dilectum
2824 627 3044 681 fratrem
3076 636 3316 681 nostrum
3346 624 3475 682 Vul-

1895 721 2078 777 fadutn
2105 721 2290 775 venire
2318 719 2646 775 eonunonui.
2696 717 2801 772 Eos
2843 718 3006 771 etiam
3038 715 3232 770 fratres
3261 726 3476 772 nostros

1899 814 1965 869 de
1994 813 2161 882 ipsius
2190 810 2447 880 collegio,
2487 808 2578 879 qni
2606 810 2705 864 sub
2732 817 2914 863 nostra
2947 823 3074 862 cura
3111 807 3329 876 degunt,
3358 822 3473 862 me-

1896 923 2017 962 cum
2049 905 2268 960 adduxi.
2308 904 2455 971 Quos
2490 903 2631 958 sicut
2658 902 2788 956 mihi
2818 900 3060 956 scribere
3094 900 3294 970 dignati
3322 898 3474 964 estis,

1892 997 2096 1069 justum
2126 996 2254 1065 quid
2284 995 2366 1049 vel
2391 994 2536 1064 pimn
2560 993 2825 1056 sentiens,
2856 991 2972 1045 sine
3002 989 3391 1044 retractatione
3420 987 3473 1041 in

1900 1090 2012 1145 suis
2058 1088 2339 1142 ordinibus
2373 1100 2638 1141 consensu
2689 1099 2752 1137 ac
2788 1083 2992 1153 judicio
3035 1081 3477 1150 cocpiseoporum

1901 1179 2225 1236 Rhemensis
2249 1178 2543 1249 provincia:
2579 1176 2863 1231 restituere
2894 1186 3219 1228 maturarent
3239 1210 3253 1235 ,
3287 1169 3332 1224 si
3361 1169 3480 1223 illos

1901 1268 1969 1324 ab
2025 1268 2230 1323 eisdem
2290 1266 2544 1335 gradibus
2603 1280 2726 1317 cum
2776 1277 2963 1317 eorum
3017 1269 3224 1315 tantum
3274 1256 3479 1328 judicio

1902 1358 2238 1428 dejecissem.
2285 1357 2391 1411 Sed
2419 1355 2675 1425 quoniam
2704 1352 2892 1423 synodi
2922 1350 3293 1421 episcoporum
3321 1346 3480 1418 quin-

1902 1464 2008 1520 que
2037 1448 2466 1518 provinciarum,
2513 1460 2743 1515 quorum
2778 1458 2898 1497 meo
2926 1456 3192 1497 consensu
3232 1439 3474 1509 expetie-

1904 1550 2032 1595 runt
2072 1539 2371 1610 judicium,
2418 1534 2739 1591 diilinitione
2785 1531 2934 1587 fuere
2982 1529 3174 1599 dejeCti
3202 1548 3214 1583 :
3242 1538 3297 1583 et
3344 1528 3483 1582 sicut

1905 1630 2098 1685 melius
2119 1629 2381 1700 sapientia
2414 1637 2591 1683 vestra
2623 1627 2804 1690 novit,
2837 1625 2978 1680 sacri
3026 1637 3264 1679 canones
3310 1634 3482 1691 usque

1905 1722 1973 1776 ad
2001 1720 2232 1775 similem
2254 1717 2828 1775 excommunicationis
2850 1715 3138 1769 vindictam
3163 1713 3480 1773 decernunt,

223 1794 522 1867 Gregorius
550 1802 614 1855 ad
646 1799 942 1856 Maximum
973 1805 1281 1874 episcopum
1322 1804 1697 1859 Salonitauum
1741 1807 1815 1862 de
1837 1804 1882 1862 Β
1911 1824 1970 1868 ut
1999 1812 2068 1867 ab
2097 1812 2216 1867 aliis
2238 1809 2430 1879 dejecti
2467 1809 2535 1865 ab
2575 1809 2695 1864 aliis
2726 1824 2831 1863 non
2864 1807 3212 1875 recipiantur,
3263 1802 3485 1856 minime

222 1893 440 1948 Andrea
488 1895 715 1951 diacono
756 1897 886 1952 dicit
919 1899 1090 1969 (epist.
1126 1899 1250 1964 {25,
1278 1899 1369 1953 lib.
1414 1898 1531 1970 vn),
1563 1900 1688 1970 quia
1718 1896 1810 1951 lla-

223 1981 670 2053 gitarijndieiutn
710 2000 815 2041 non
848 1988 1004 2043 debet
1046 1989 1111 2042 de
1148 2005 1308 2043 causa
1338 2004 1498 2059 quam
1530 1991 1645 2058 ipse
1668 1988 1810 2059 judi-

223 2074 392 2127 cavit.
422 2074 528 2127 Sed
564 2076 687 2145 quia
720 2086 1030 2148 contempta
1072 2077 1248 2134 fuerat
1285 2079 1518 2134 indebita
1544 2095 1809 2148 prmsum-

223 2163 430 2234 ptione,
458 2180 562 2219 non
609 2166 782 2220 solum
824 2165 1066 2223 diﬂinitio
1100 2169 1371 2239 synodalis
1408 2170 1807 2238 episcoporum,

222 2255 321 2309 sed
360 2265 416 2308 et
458 2257 765 2325 apostolica:
795 2258 939 2314 sedis
979 2260 1162 2314 domni
1212 2259 1487 2315 Benedicti
1528 2275 1678 2329 papae
1717 2274 1811 2311 au-

222 2346 490 2411 ctoritas,
543 2349 945 2416 opportunitate
998 2350 1246 2413 inventa,
1299 2365 1398 2419 per
1442 2350 1809 2404 venerabilem

223 2434 453 2489 fratrem
499 2445 552 2492 et
599 2440 975 2509 coepiscopum
1028 2449 1272 2495 nostrmn
1310 2439 1586 2495 liodonem
1632 2455 1810 2495 exem-

225 2526 342 2595 plar
380 2527 646 2597 privilegii
691 2529 872 2583 domui
922 2529 1198 2584 Benedicti
1242 2529 1343 2585 sub
1390 2529 1512 2584 lidei
1556 2529 1811 2598 astipula-

226 2620 373 2673 tione
405 2620 650 2690 dirigens
675 2622 856 2676 domni
885 2622 1088 2677 Nicolai
1120 2638 1270 2692 papa:
1299 2621 1625 2686 auctoritati,
1650 2622 1717 2675 ah
1745 2634 1810 2675 co

223 2708 370 2776 quod
399 2724 535 2763 suus
561 2710 816 2765 decessor
846 2710 1159 2765 firmaverat
1185 2711 1521 2766 corroborari
1551 2711 1766 2781 poposci
1791 2724 1806 2764 :

222 2816 329 2855 non
369 2802 440 2855 ad
468 2801 744 2869 injuriam,
771 2805 913 2875 quod
938 2805 1098 2864 absit.
1133 2806 1276 2860 sedis
1302 2805 1626 2876 apostolicae,
1653 2804 1808 2876 quasi

218 2891 337 2960 ejus
380 2891 563 2946 adhuc
599 2894 651 2946 in
687 2894 995 2965 ambiguum
1023 2896 1632 2960 sententia'duceretur,
1660 2905 1714 2949 et
1740 2897 1809 2952 ob

217 2981 271 3037 id
315 2998 429 3035 non
464 2980 772 3037 sufficerent
797 3001 915 3053 qua:
942 2986 1010 3040 ab
1037 3000 1092 3039 ea
1129 2985 1298 3040 semel
1328 2986 1509 3039 donmi
1535 2985 1808 3041 Benedicti

217 3088 374 3143 papa:
422 3074 767 3139 auctoritate,
794 3086 854 3128 ut
900 3076 1022 3130 inde
1061 3076 1287 3145 qutrstio
1322 3075 1485 3131 nullis
1521 3075 1809 3145 aliquando

219 3162 563 3232 temporibus
590 3163 813 3230 oriatur,
844 3174 898 3219 et
945 3167 1246 3235 aspirantes
1274 3165 1507 3222 indebite
1537 3166 1806 3222 anhelitus

216 3253 522 3320 compressi
557 3250 798 3306 funditus
829 3264 1088 3324 perpetuo
1119 3265 1390 3321 maneant,
1422 3256 1636 3310 fuerant
1679 3272 1806 3311 eon-

216 3341 440 3396 ﬁrmata
469 3360 483 3398 :
511 3344 604 3397 sed
629 3345 884 3413 quoniam
914 3346 1127 3399 incauta
1156 3347 1500 3418 prmsumptio
1527 3356 1584 3401 ut
1604 3348 1808 3403 consti-

214 3432 356 3485 tutio
415 3432 783 3502 geminaretur
830 3435 1044 3506 exegit,
1091 3444 1356 3506 quatenus
1412 3438 1456 3491 si
1513 3438 1808 3495 obstinatio

213 3534 551 3590 permanere
576 3519 853 3592 deligeret,
878 3538 937 3578 se
983 3534 1103 3594 post
1138 3533 1216 3579 tot
1252 3526 1642 3595 prohibitiones
1668 3527 1805 3582 dilll-

216 3611 336 3667 nita
392 3612 613 3679 impune
659 3628 765 3666 non
808 3629 967 3683 posse
1022 3624 1232 3670 tentare
1271 3627 1639 3688 cognosceret.
1681 3618 1808 3674 Ηωο

215 3717 330 3757 non
389 3718 491 3770 per
535 3701 793 3756 malitiam
841 3705 1005 3770 dicta,
1035 3707 1129 3760 sed
1164 3721 1230 3760 ne
1267 3716 1327 3761 ut
1367 3718 1686 3776 putarentur
1714 3725 1810 3777 per

214 3791 505 3847 vafritiem
542 3792 726 3855 tacita,
761 3793 827 3844 ad
870 3802 1106 3847 vestram
1152 3795 1400 3848 notitiam
1444 3797 1809 3850 necessarium

213 3883 353 3938 duxi
411 3879 729 3948 perducere,
757 3882 847 3950 qui
883 3883 1141 3936 canonice
1169 3894 1362 3937 cuncta
1411 3900 1506 3953 per
1545 3884 1808 3949 ordinem,

213 3987 341 4041 qua:
369 3969 427 4022 in
456 3965 680 4036 prmfato
706 3967 874 4023 fratre
902 3981 1089 4025 nostro
1110 3970 1338 4028 Vulfado
1363 3981 1415 4027 et
1446 3972 1665 4041 collegis
1692 3973 1810 4042 ejus

214 4069 375 4132 gesta
422 4064 566 4119 sunt,
610 4058 904 4111 secundum
952 4061 1367 4129 prwceptionem
1410 4044 1590 4116 domni
1636 4064 1809 4117 nostri

216 4164 402 4218 papae,
433 4148 742 4201 examinare
784 4148 1127 4204 ct‘subtilius
1158 4150 1499 4221 investigare,
1525 4159 1579 4205 et
1609 4152 1652 4204 si
1680 4150 1808 4221 quid

216 4239 435 4307 justum
465 4239 721 4308 piutrque
750 4253 966 4293 sensum
1012 4240 1191 4303 fuerit,
1215 4242 1280 4295 de
1310 4241 1522 4295 illorum
1551 4241 1811 4296 reforma-

223 4330 378 4381 tione
412 4328 616 4382 debetis
646 4328 923 4397 perlicere,
951 4345 1017 4384 ne
1044 4331 1172 4399 quid
1203 4329 1341 4385 forte
1383 4333 1807 4401 prtntcrtnissum

222 4417 499 4480 videatur,
525 4418 664 4487 quod
692 4418 843 4474 vobis
864 4419 1027 4487 scire,
1051 4429 1105 4474 et
1127 4422 1266 4476 unde
1295 4436 1323 4474 a
1353 4422 1503 4477 vobis
1524 4423 1811 4477 conveniat

225 4506 468 4561 dilﬁnit‘i.

778 4598 1113 4656 EPISTOLA
1151 4600 1261 4656 νυ.

722 4704 789 4745 AD
824 4705 1089 4746 NICOLAUII
1126 4706 1295 4746 PAPMI
1316 4732 1331 4757 ,

233 4773 334 4830 Per
383 4773 660 4845 Egilonem
701 4779 858 4835 missa
898 4798 1013 4836 cum
1039 4783 1171 4906 gazis
1199 4783 1386 4853 synodi
1423 4782 1811 4840 Suessionenstt

876 4866 1015 4905 anno
1150 4889 1165 4904 .

876 4866 1015 4905 anno
1039 4866 1165 4905 δυῠ.

793 4950 955 5012 (Apud
980 4951 1255 5016 eumdem.)

300 5049 536 5104 Domino
560 5052 899 5107 sanctissimo
923 5065 979 5111 et
1006 5056 1446 5111 reverentissimo
1464 5056 1684 5110 Patrum
1706 5057 1809 5112 Pa-

235 5138 300 5192 tri
348 5138 594 5194 Ntenuo
613 5180 628 5204 ,
676 5144 857 5209 prima-
883 5159 947 5200 ac
992 5161 1221 5203 summa:
1248 5145 1394 5199 sedis
1421 5146 1726 5213 apostolica:
1753 5156 1808 5201 et

235 5228 559 5270 universalia
590 5228 831 5270 El‘l'lt‘cim
861 5248 1012 5270 nonan
1089 5233 1260 5270 "Iern
1276 5248 1400 5270 enim
1477 5233 1806 5270 “linnznrnm

1911 1912 2091 1959 autem
2132 1902 2505 1963 restituantur,
2541 1901 2633 1955 sed
2658 1908 2752 1953 aut
2793 1895 3105 1952 eorntndem
3141 1902 3235 1948 aut
3263 1889 3486 1960 majoris

1910 1993 2124 2051 concilii
2149 1994 2522 2062 episc0porum
2548 1989 2894 2044 diilinitiones
2919 2003 2984 2041 ac
3014 1985 3216 2054 judicia
3257 1990 3485 2055 praesto-

1909 2084 2106 2146 lentur,
2140 2083 2368 2136 aliorum
2393 2096 2527 2151 opus
2555 2081 2608 2133 in
2644 2078 2854 2134 illorum
2888 2075 3227 2130 restitutione
3259 2071 3487 2126 nullate-

1910 2190 2014 2230 nus
2044 2189 2308 2243 usurpare
2340 2171 2655 2243 praesumpsi
2703 2184 2840 2239 quos
2869 2180 2988 2220 meo
3030 2163 3254 2218 arbitrio
3281 2163 3347 2215 al)
3372 2159 3485 2216 olli-

1911 2267 1996 2320 cio
2027 2280 2134 2318 non
2160 2263 2439 2333 suspendi,
2473 2269 2525 2316 et
2550 2261 2601 2314 in
2624 2258 2843 2330 prtefata
2875 2253 3082 2328 synodo
3111 2253 3485 2322 episcoporum

1911 2354 2151 2425 quinque
2180 2352 2604 2421 provinciarum,
2639 2364 2744 2402 non
2775 2355 2982 2400 tantum
3013 2360 3118 2397 non
3137 2339 3374 2411 judicavi
3401 2337 3485 2391 vel

1908 2442 2082 2516 dejeci
2101 2484 2115 2508 ,
2145 2457 2336 2496 verum
2370 2456 2471 2495 nec
2501 2455 2622 2494 cum
2646 2436 2918 2506 jndicibus
2948 2450 3136 2489 eorum
3169 2429 3482 2498 subscripsi,

1909 2533 2035 2605 quia
2068 2532 2197 2588 mihi
2225 2531 2530 2587 commissa:
2559 2528 2816 2583 Ecclesiae
2861 2525 2953 2580 filii
2989 2524 3247 2579 finitimos
3274 2522 3486 2591 episco-

1909 2641 2007 2696 pos
2038 2626 2193 2695 juxta
2220 2638 2457 2679 canones
2488 2620 2841 2676 Sardicenses
2874 2614 3163 2690 pro'causa
3192 2630 3287 2679 sua
3320 2615 3487 2668 inter-

1909 2715 2212 2786 pellarunt,
2255 2722 2311 2768 et
2351 2711 2547 2766 Africa:
2586 2709 2877 2781 provincia:
2908 2722 3143 2762 canones
3180 2702 3485 2773 hujusmodi

1908 2810 2119 2864 vicinos
2145 2807 2427 2877 episcopos
2458 2803 2645 2859 audire
2664 2843 2679 2866 ,
2730 2810 2786 2856 et
2825 2801 2965 2855 inter
2994 2814 3087 2853 eos
3113 2814 3177 2852 ac
3204 2794 3484 2868 proprium

1910 2901 2222 2972 episcopum
2251 2896 2520 2953 adhibitos
2548 2894 2616 2949 ab
2644 2892 2725 2948 eis
2768 2892 3048 2962 episcopos
3077 2888 3270 2959 jubent
3297 2887 3482 2957 queri-

1910 2993 2147 3048 moniam
2179 2987 2429 3045 diﬂinire.
2469 2985 2622 3041 Unde
2662 2983 2941 3037 humiliter
2983 2980 3244 3043 obsecro,
3292 2992 3357 3031 ne
3387 2990 3485 3045 pro

1912 3076 2274 3136 inobedientia
2303 3076 2433 3131 mihi
2461 3075 2740 3145 reputetis,
2772 3071 3025 3142 quoniam
3049 3084 3142 3125 eos
3170 3084 3274 3122 non
3299 3066 3483 3124 statim

1832 3152 1877 3214 (ἶ
1909 3173 2143 3238 restitui,
2172 3171 2264 3240 qui
2288 3170 2356 3224 ad
2383 3169 2668 3239 synodum,
2697 3166 2837 3220 sicut
2863 3162 3214 3234 prmcepistis,
3242 3162 3344 3215 hoc
3369 3159 3485 3214 solo

1906 3281 2030 3322 meo
2058 3279 2193 3319 ausu
2223 3278 2385 3334 agere
2414 3261 2617 3316 veritus
2635 3300 2650 3325 ,
2700 3257 3010 3313 obedienter
3036 3253 3281 3317 occurri,
3317 3260 3371 3306 et
3397 3251 3482 3305 his

1907 3370 2027 3427 qua:
2052 3354 2251 3408 fratres
2280 3359 2336 3405 et
2362 3348 2663 3419 coepiscopi
2692 3347 2886 3409 nostri,
2916 3351 3108 3398 vestra:
3126 3339 3483 3397 sanctissimae

1906 3445 2253 3519 paternitatis
2277 3440 2609 3498 devotissimi
2639 3438 2754 3503 filii,
2789 3445 2967 3491 vestra
2996 3432 3112 3488 fulti
3138 3430 3479 3493 auctoritate,

1906 3535 1973 3591 de
1999 3534 2212 3589 illorum
2247 3531 2588 3586 restitutione
2612 3527 2987 3588 decreverunt,
3016 3521 3309 3579 secundum
3341 3519 3485 3591 quod

1906 3624 2132 3696 mystica
2163 3621 2380 3676 Nicaeua
2407 3618 2676 3690 synodus,
2719 3616 2963 3670 scribens
2988 3613 3054 3667 ad
3080 3610 3353 3667 dioecesim
3380 3609 3485 3663 Ec-

1909 3714 2089 3771 clesiae
2112 3711 2511 3772 Alexandrinae,
2549 3708 2612 3761 de
2640 3706 2906 3759 ordinatis
2933 3720 2962 3756 a
2994 3703 3204 3756 Meleth
3232 3702 3485 3757 danmato

1909 3804 2161 3874 episcopo
2186 3798 2437 3854 clementi
2466 3796 2691 3850 consilio
2713 3793 2919 3856 statuit,
2945 3792 3192 3845 videlicet
3214 3800 3269 3843 ut
3296 3788 3487 3858 mysti-

1910 3910 1973 3949 ca
2000 3890 2339 3947 ordinatione
2370 3887 2565 3940 firmati
2595 3885 2856 3939 haberent
2879 3885 3137 3936 tumorem
3163 3889 3219 3934 et
3243 3879 3487 3933 ministe-

1913 3984 2084 4045 rium,
2131 3988 2186 4034 et
2221 3977 2609 4048 proveheretur
2651 3974 2875 4043 quilibet
2924 3986 3110 4025 eorum
3143 3970 3196 4024 in
3226 3970 3487 4023 honorem

1911 4071 2148 4143 episcopi
2176 4071 2228 4124 in
2260 4067 2500 4123 Ecclesia
2543 4064 2812 4129 defuncti,
2855 4062 2899 4117 si
2928 4062 3073 4116 visus
3098 4060 3234 4114 foret
3260 4059 3486 4128 dignus,

1910 4170 1966 4218 ct
1987 4176 2109 4216 eum
2139 4159 2367 4231 populus
2393 4157 2666 4227 elegisset,
2697 4170 2818 4210 eum
2848 4167 3112 4207 consensu
3134 4149 3487 4204 Alexandrini

1909 4252 2166 4323 episcopi,
2199 4250 2298 4304 sub
2325 4249 2478 4319 cujus
2509 4262 2638 4301 cura
2664 4244 2917 4300 dimcesis
2946 4242 3034 4296 illa
3061 4239 3307 4311 degebat,
3351 4254 3487 4293 con-

1911 4344 2234 4397 decernente
2273 4336 2668 4407 quodammodo
2712 4333 2912 4389 similia
2949 4331 3206 4385 Africano
3251 4327 3487 4384 concilio

1912 4432 1978 4487 de
2008 4428 2319 4492 Donatistis,
2368 4442 2487 4495 qua:
2514 4442 2619 4479 non
2645 4424 2800 4478 vobis
2825 4432 2885 4476 ut
2917 4420 3187 4488 incognita
3233 4419 3488 4487 ingerun-

1837 4502 1891 4561 Ῑ)
1918 4532 2034 4586 tur,
2063 4520 2157 4575 sed
2186 4527 2246 4573 ut
2277 4517 2557 4571 notissima
2604 4514 2969 4576 inculcantur,
3006 4524 3287 4564 sacrorum
3323 4521 3488 4560 cano-

1910 4630 2038 4668 num
2069 4621 2125 4665 et
2155 4610 2296 4665 sedis
2340 4607 2647 4678 apostolica:
2683 4604 3024 4659 manentibus
3055 4599 3363 4656 constitutis
3395 4613 3488 4667 pa-

1913 4701 2182 4758 ratissime
2227 4712 2497 4762 annuere,
2541 4704 2594 4752 et
2642 4694 2908 4751 sollicitus
2954 4707 3172 4747 servare
3221 4689 3487 4743 unitatem

1912 4793 2134 4863 spiritus
2166 4791 2220 4844 in
2265 4788 2481 4844 vinculo
2507 4788 2690 4858 pacis,
2738 4786 3113 4855 obtemperare
3142 4781 3327 4837 curavi
3356 4796 3372 4834 :
3398 4793 3484 4831 re-

1909 4892 2130 4939 servato
2161 4894 2259 4949 per
2280 4878 2459 4933 omnia
2482 4877 2762 4931 sententia:
2790 4890 2854 4929 ac
2874 4875 3011 4945 juris
3043 4870 3318 4944 privilegio
3346 4868 3486 4935 ejus-

1913 4973 2035 5027 dem
2068 4967 2375 5039 apostolica:
2400 4968 2566 5032 sedis,
2590 4975 2644 5021 et
2670 4965 2817 5021 salva
2842 4965 3157 5019 dillinitione
3198 4975 3260 5013 ac
3288 4956 3486 5013 confir~

1913 5063 2149 5116 matione
2175 5067 2498 5127 exspectata:
2523 5066 2713 5111 vestra:
2739 5056 3276 5117 discretionis,atque
3303 5055 3487 5100 auclo-

1915 5151 2115 5205 ritatis.
2184 5146 2252 5201 Et
2300 5146 2424 5215 quia
2486 5145 2732 5217 Synodo,
2797 5158 2896 5213 per
2936 5145 3079 5198 hunc
3123 5134 3486 5189 venerabilem

1916 5238 2381 5270 αυηΙ-ἶΛ-ιῖοιυιτηιιη
2414 5236 2686 5264 ΠηξΙΑηΑ-ιι
2764 5234 2852 5260 ιιι-..Ξ
2890 5229 3129 5258 ξηιανθηῖο
3161 5224 3460 5256 ηηΙῖΛηῖιιηο
