4046 6284
551 332 623 391 63
1520 326 1848 388 HINCMARI
1888 320 2282 378 tittEttENSts
2320 300 2842 383 ancatsrtscort
3722 324 3798 382 6,-

556 462 640 508 ter
684 451 915 524 idipsum
957 450 1343 512 sentientibus,
1392 447 1575 503 sedem
1621 445 1971 516 apostolicam
2019 459 2125 499 non
2153 445 2203 505 Λ
2229 440 2563 496 salubritatis
2611 441 2876 505 rationem
2906 440 3058 495 vobis
3086 439 3343 495 mandare
3373 453 3478 493 non
3507 438 3673 493 valeo.
3723 436 3790 495 Et

557 545 659 600 fuit
686 543 1052 599 necessarium
1087 540 1377 612 appellare.
1409 536 1613 592 Idcirco
1650 536 1954 605 hujusmodi
1984 535 2129 605 lega-

556 645 667 690 tum
688 676 703 701 ,
749 636 840 705 qui
870 648 1044 690 meam
1072 632 1224 687 vobis
1255 638 1652 699 rcprtesentans
1682 642 1996 698 personam,
2036 642 2130 680 cu-

546 723 850 795 juseunque
905 723 1120 777 diversa
1176 720 1461 775 sentientis
1510 718 1948 791 allegationibus,
2009 731 2130 786 qua:

555 816 715 869 modo
741 812 900 867 nullae
928 819 1087 875 sunt,
1139 810 1527 879 responderet,
1576 818 1631 863 et
1659 818 1893 863 vestram
1936 807 2129 861 exinde

555 904 929 959 difﬁnitionem
957 901 1205 966 referret,
1233 900 1391 955 omisi
1421 900 1674 968 dirigere,
1701 898 1828 968 quia
1856 912 1976 967 qum
2002 911 2128 949 ver-

554 993 636 1050 bis
667 1004 721 1048 ct
748 994 963 1063 scriptis
992 993 1124 1047 mihi
1168 1006 1266 1063 per
1315 991 1475 1045 istum
1507 990 1814 1060 religiosum
1863 988 2129 1057 archiepi-

553 1105 772 1157 scopum
805 1088 998 1142 cxiude
1030 1086 1300 1156 sequenda
1330 1095 1491 1154 atque
1531 1083 1760 1138 tenenda
1790 1080 2128 1149 mandaveri-

551 1180 642 1240 tis,
673 1191 771 1247 pro
796 1178 939 1231 scire
967 1185 1023 1230 et
1049 1190 1205 1244 posse
1232 1173 1453 1227 obedire
1474 1181 1527 1226 et
1549 1185 1873 1226 conservare
1903 1168 2125 1232 curabo,

550 1267 689 1320 sicut
716 1268 978 1320 hactenus
1010 1280 1096 1331 ea,
1127 1279 1246 1332 quae
1278 1263 1400 1316 inde
1430 1261 1645 1316 fuerant
1685 1268 1887 1313 statuta
1911 1268 1965 1312 et
1999 1274 2129 1312 con-

556 1356 807 1420 firmata,
855 1355 1086 1409 servavi.
1138 1351 1246 1407 Nec
1290 1367 1452 1408 causa
1481 1351 1855 1405 inohedientiaa
1900 1350 2126 1404 missum

552 1463 686 1501 mea:
715 1445 1037 1501 subditionis
1067 1461 1187 1498 cum
1232 1446 1338 1499 hoc
1371 1444 1678 1505 venerando
1720 1443 2126 1513 archiepiscopo

551 1538 728 1592 dimisi
758 1537 1123 1591 transmittere
1148 1552 1161 1587 :
1195 1537 1287 1590 sed
1315 1535 1439 1605 quia
1467 1535 1545 1589 sic
1575 1534 1812 1596 intellexi
1845 1534 1897 1587 in
1926 1534 2123 1588 litteris

551 1634 744 1679 vestra:
774 1624 1115 1679 auctoritatis
1145 1624 1441 1688 contineri,
1485 1633 1611 1678 tunc
1634 1624 1823 1683 solum,
1857 1631 1918 1676 ut
1944 1623 2123 1678 verbis

551 1729 739 1769 earum
768 1723 909 1779 utar,
939 1716 982 1768 si
1010 1714 1430 1784 disceptantibus
1455 1755 1467 1777 ,
1518 1714 1601 1769 vel
1629 1713 1875 1769 fortassis
1910 1714 2013 1768 alia
2042 1722 2124 1768 at-

2231 532 2339 585 alia
2385 548 2567 586 manu.
2620 532 2760 587 Dens
2793 533 3133 601 omnipotens
3161 531 3501 585 sanctitatem
3532 539 3787 595 vestram,

2231 622 2296 674 ad
2326 622 2629 676 doctrinam
2655 630 2708 675 et
2737 608 3130 676 correctionem
3157 627 3356 673 sancta:
3381 633 3491 673 sure
3530 618 3790 682 Ecclesiae,

2231 709 2283 762 in
2330 724 2428 764 suo
2462 719 2588 779 apto
2634 710 2855 763 servitio
2883 725 2983 780 per
3029 723 3291 761 annorum
3343 707 3509 761 multa
3535 707 3794 762 curricula

2229 814 2553 855 conservare
2597 801 2866 871 dignetur,
2918 801 3135 855 domine
3179 798 3520 863 sanctissime
3555 807 3609 853 ct
3652 813 3798 854 reve-

2229 892 2538 947 rentissime
2568 892 2789 947 Patrum
2836 891 2996 946 Pater
3023 892 3077 946 in
3109 890 3354 953 Domino.
3391 888 3527 944 Data
3554 888 3798 945 Kalendis

2230 978 2504 1051 Septemb.
2518 1022 2533 1048 ,
2565 982 2753 1048 indict.
2784 999 2895 1047 xlv.
3448 1002 3459 1007 '

2750 1088 3087 1147 EPlSTOLA
3138 1089 3280 1153 Vill.

2370 1196 2437 1234 AD
2482 1197 2748 1236 EGlLONEN
2801 1195 3253 1236 ABCBIEPISCOPUI
3301 1191 3661 1234 SENONENSEI.

2229 1292 2452 1348 Romam
2497 1305 2702 1348 euntem
2747 1296 2958 1348 instruit
2986 1295 3051 1348 de
3091 1295 3155 1347 iis
3181 1309 3297 1363 qua:
3338 1292 3392 1345 in
3423 1292 3624 1363 synodo
3663 1298 3800 1363 gesta

2297 1375 2418 1418 sunt
2446 1365 2499 1417 iu
2528 1382 2687 1417 causa
2736 1363 2973 1433 Vulfadi,
3017 1374 3065 1418 et
3105 1358 3539 1434 quemadmodum
3570 1362 3624 1415 in
3672 1358 3802 1421 Urbe

2299 1449 2476 1503 gerere
2502 1451 2557 1487 se
2587 1435 2790 1489 debeat.

2785 1534 2948 1597 (Apud
2974 1533 3244 1589 eumdem.)

2298 1635 2625 1698 lltscunus,
2666 1635 2884 1690 nomine
2918 1650 3024 1689 non
3070 1635 3264 1689 merito
3315 1634 3651 1688 Rhemorum
3696 1631 3805 1703 cpi-

2228 1740 2444 1795 scopus,
2472 1741 2534 1780 ac
2560 1726 2731 1796 plebis
2772 1724 2863 1779 Dei
2893 1724 3146 1788 famulus,
3189 1723 3531 1783 sanctissimo
3559 1731 3617 1777 et
3653 1738 3807 1777 reve-

549 1822 653 1876 quc
679 1807 780 1860 alia
813 1806 1226 1861 dL‘CCPﬂBlIlibUS
1255 1806 1408 1861 "Obis
1428 1846 1443 1870 ν
1482 1806 1687 1874 Ρτῖυῖίὶῑί
1718 1806 1910 1875 άσὶοοῑῖ
1939 1806 2121 1860 sedem
2155 1787 2198 1846 Β
2227 1818 2536 1873 rentissimo
2584 1816 2805 1879 Ecttost
2844 1817 3271 1886 archiepiscopo,
3302 1822 3358 1869 ct
3394 1812 3719 1876 charissimo
3746 1827 3811 1865 ac

548 1896 932 1967 appellaverint
957 1897 1327 1967 apostolicam,
1362 1905 1413 1952 et
1442 1898 1557 1968 ejus
1587 1897 1807 1966 speciali
1837 1912 1894 1951 se
1909 1895 2121 1964 judicio

550 1987 795 2043 damnari
831 1987 914 2042 vel
944 1987 1145 2042 absolvi
1178 1987 1465 2057 petierint,
1514 1988 1556 2042 si
1582 2002 1712 2058 ego,
1756 1988 1841 2041 vel
1870 1987 1913 2040 si
1942 1985 2127 2041 Vulfa—

549 2079 667 2143 dus,
700 2086 792 2132 aut
818 2078 947 2133 socii
978 2079 1094 2148 ejus
1114 2119 1129 2143 ,
1181 2079 1247 2133 ad
1277 2094 1372 2134 vos
1396 2079 1582 2133 venire
1611 2095 1708 2149 per
1737 2095 1836 2134 nos
1861 2094 1968 2133 non
1997 2093 2123 2147 pos-

551 2183 764 2234 semus,
806 2169 1041 2223 vicarius
1087 2178 1301 2224 nostros
1332 2170 1397 2237 ad
1429 2171 1530 2225 hoc
1560 2170 1830 2239 negotium
1857 2171 2125 2224 ventilan-

546 2259 673 2314 dum
701 2268 756 2314 et
782 2259 1070 2313 finiendum
1092 2301 1107 2324 ,
1158 2276 1281 2314 mox
1316 2269 1439 2335 post
1473 2269 1903 2321 consummatum
1937 2258 2122 2317 conci-

546 2349 677 2405 lium
700 2366 768 2404 xv
790 2350 1011 2405 Kalend.
1041 2350 1377 2423 Septembris
1402 2351 1684 2421 praesentis
1705 2367 1794 2405 xtv
1815 2349 2125 2405 lndietionis

551 2442 876 2497 auctoritate
913 2450 1093 2498 vestra
1123 2440 1429 2507 collectum,
1458 2452 1671 2496 nostras
1698 2447 2122 2511 prtesentaturos

552 2534 706 2589 vobis
733 2547 1024 2605 personas,
1075 2532 1274 2586 nullam
1303 2533 1515 2601 penitus
1546 2533 1945 2587 excusationem
1985 2546 2125 2602 prte-

552 2625 853 2689 teudentcs,
879 2625 1092 2694 utrique
1119 2627 1185 2678 ad
1210 2624 1391 2677 sedem
1421 2624 1561 2677 beati
1585 2623 1730 2676 Petri
1759 2623 2118 2677 mitteremus.

551 2714 707 2770 Unde
756 2714 1014 2784 supplico,
1046 2722 1107 2767 ut
1139 2728 1351 2767 merear
1376 2714 1575 2783 scripto
1602 2711 1725 2766 hinc
1755 2718 1989 2766 vestram
2020 2712 2125 2765 dif-

548 2804 847 2860 ﬁnitionem
870 2790 1140 2872 recipere,
1169 2818 1330 2871 quam
1362 2810 1583 2870 paratus
1610 2816 1726 2855 sum
1746 2840 1762 2867 ,
1790 2808 1849 2853 ut
1879 2808 2119 2869 oportet,

548 2896 802 2952 obnixius
830 2896 1139 2949 observare.
1170 2892 1455 2959 Gestorum
1484 2900 1673 2957 autem,
1694 2892 1889 2947 seriem
1918 2893 1982 2947 de
2006 2907 2122 2946 om-

552 2985 711 3041 nibus
745 2999 863 3056 quae
910 2986 964 3038 in
1013 2983 1241 3038 concilio
1288 2982 1484 3048 relata,
1553 2982 1894 3047 examinata,
1960 2990 2121 3050 atque

550 3086 763 3148 reperta
790 3084 932 3142 sunt,
962 3075 1244 3145 quaesieut
1270 3075 1572 3130 veneranda
1601 3074 1819 3138 decreta
1855 3083 2115 3141 statuunt,

551 3167 860 3224 discretioni
910 3177 1104 3221 vestrae
1148 3166 1303 3237 dirigi
1336 3168 1697 3237 praecepistis,
1734 3175 1794 3223 ut
1829 3183 1947 3239 qua:
1978 3168 2124 3223 salu-

549 3260 665 3315 bria
691 3259 1010 3314 videbuntur
1030 3259 1475 3313 corroborentur:
1500 3260 1545 3313 si
1575 3259 1707 3315 forte
1733 3242 1909 3329 aliqua
1934 3277 2122 3331 supcr-

551 3360 677 3406 sunt
702 3350 938 3421 epistolae
964 3348 1237 3420 synodali,
1270 3365 1390 3418 qua:
1419 3350 1649 3404 debeant
1693 3349 2003 3419 explanari,
2034 3351 2122 3405 hic

550 3441 891 3494 venerandus
917 3455 980 3494 ac
1008 3440 1288 3510 religiosus
1315 3440 1615 3495 sanctitatis
1648 3451 1839 3496 vestra:
1884 3441 2120 3506 devotis.-

553 3532 721 3588 simus
749 3531 917 3596 filius,
971 3540 1027 3585 et
1057 3531 1327 3585 unanimis
1356 3531 1525 3586 frater
1553 3546 1617 3585 ac
1644 3533 2001 3586 consacerdos
2028 3545 2124 3585 no-

552 3632 662 3678 ster
688 3623 840 3690 Egilo
864 3622 1320 3692 archiepiscopus,
1360 3621 1516 3691 plena
1567 3621 1816 3699 fidelique
1861 3623 2123 3683 relatione

555 3713 865 3784 apostolicze
892 3712 1200 3768 auctoritati
1230 3720 1422 3766 vestrm
1460 3712 1656 3782 poterit
1687 3712 2020 3782 patefacere,
2068 3723 2124 3768 et

552 3796 693 3863 sicut
736 3822 798 3861 ea
830 3807 948 3860 visu
996 3815 1049 3860 et
1096 3806 1278 3860 auditu
1319 3805 1588 3874 comperit
1641 3820 1704 3859 ae
1748 3804 2125 3875 episcopaliler

552 3895 780 3950 contulit
815 3895 1085 3947 intimare.
1138 3893 1244 3948 Sed
1287 3901 1342 3947 et
1371 3891 1436 3946 de
1465 3891 1703 3963 praefatis
1730 3890 1986 3946 fratribus
2030 3906 2123 3953 no-

554 3986 702 4049 stris,
731 3984 1060 4049 Rhemorum
1092 3982 1347 4036 Ecclesia:
1378 3982 1501 4036 filiis
1520 4022 1535 4047 ,
1585 3982 1653 4036 al)
1676 3981 1860 4037 Ebone
1888 3992 2009 4059 post
2031 3983 2125 4057 de-

552 4076 873 4146 positionem
924 4088 1076 4128 suam
1103 4071 1384 4135 ordinatis,
1439 4071 1530 4142 qui
1562 4071 1704 4133 inter
1752 4070 2042 4125 canonicos
2070 4078 2124 4125 et

557 4166 876 4227 menachos,
912 4163 1146 4217 urbanos
1176 4171 1231 4216 et
1264 4161 1657 4231 parochianos,
1706 4175 1810 4213 una
1841 4175 1962 4214 cum
1996 4160 2121 4219 Vul-

551 4247 686 4314 fado'
721 4257 859 4327 apud
890 4273 988 4311 nos
1040 4271 1146 4315 non
1175 4262 1302 4309 sunt
1331 4252 1559 4324 amplius
1601 4269 1761 4322 quam
1792 4269 2012 4318 novem,
2056 4253 2122 4307 de

554 4348 751 4418 quibus
787 4345 1124 4400 sanctissima
1152 4355 1330 4399 vestra
1372 4343 1670 4414 paternitas
1712 4344 1842 4398 mihi
1874 4344 2121 4413 scripsit,

554 4446 614 4491 ut
641 4452 764 4492 CIIII]
793 4435 1107 4504 dejectionis
1149 4449 1258 4490 suae
1302 4448 1520 4488 causam
1553 4434 1737 4487 venire
1782 4433 1850 4487 ad
1895 4448 2121 4487 examen

551 4526 889 4597 Optaverim,
934 4525 1137 4579 nullum
1184 4540 1249 4580 ex
1299 4523 1384 4578 his
1430 4523 1654 4593 quilibet
1703 4522 2125 4594 indignationem

555 4636 731 4675 meam
778 4620 1071 4684 sustineat,
1117 4617 1318 4671 nullum
1364 4616 1432 4671 ad
1472 4625 1646 4685 coepta
1692 4616 1992 4686 peragenda
2030 4630 2127 4684 per

554 4711 947 4781 suggestionem
976 4724 1148 4764 meam
1180 4708 1416 4778 patiatur
1445 4707 1864 4769 incommodum,
1895 4705 2128 4775 qualiter

556 4817 644 4857 tne
668 4811 820 4854 antea
844 4810 897 4854 et
924 4809 1109 4869 postea
1136 4814 1264 4869 erga
1288 4813 1382 4852 eos
1406 4797 1580 4863 egisse
1620 4796 1673 4850 in
1703 4796 1905 4867 synodo
1932 4796 2127 4850 fratres

556 4900 612 4950 et
636 4890 932 4959 coepiscopi
957 4889 1125 4943 nostri
1149 4904 1251 4942 una
1275 4903 1395 4941 cum
1419 4902 1484 4941 eo
1512 4885 1828 4957 repercrint,
1852 4883 2128 4943 sufficien-

555 4994 638 5042 ter
686 4982 979 5054 dignationi
1026 4988 1219 5035 vestra:
1264 4977 1519 5049 prtevalet
1557 4991 1835 5030 enarrare.
1888 4974 2128 5041 Quorum

558 5073 828 5132 salubrem
857 5088 919 5126 ac
943 5070 1267 5140 singularem
1292 5076 1491 5123 statum
1519 5074 1574 5121 et
1598 5065 1773 5135 cupivi
1802 5072 1855 5119 et
1874 5065 2053 5134 cupio,
2076 5073 2131 5118 et

558 5165 777 5240 qumsivi
804 5174 858 5218 et
885 5176 1087 5233 quaero,
1117 5168 1171 5215 et
1198 5174 1425 5228 quorum
1457 5155 1739 5225 dejectioni
1769 5154 2035 5218 condolui,
2076 5162 2129 5208 et

559 5256 722 5312 statui
746 5270 931 5309 eorum
959 5251 1288 5323 eongaudco.
1322 5248 1396 5303 De
1425 5245 1685 5316 Tetberga
1733 5245 1895 5300 etiam
1924 5245 2127 5314 regina,

561 5344 701 5400 unde
730 5341 1047 5399 sublimitati
1094 5349 1284 5397 vestrre
1322 5338 1386 5392 ab
1415 5336 1716 5392 humilitate
1742 5349 1859 5403 mea
1888 5334 2131 5388 mandari

562 5435 829 5503 rogastis,
875 5436 1003 5505 quia
1046 5431 1360 5488 Lotharinm
1426 5429 1512 5484 vel
1566 5429 1735 5499 ipsam
1777 5426 2130 5498 Tctbergam,

561 5531 845 5599 postquam
880 5522 1138 5579 Arsenius
1164 5517 1503 5579 venerandus
1532 5517 1814 5588 episcopus
1855 5525 1907 5572 et
1934 5525 2133 5570 sanetae

564 5614 818 5679 Ecclesia:
846 5614 1101 5671 Romanae
1127 5612 1521 5685 apocrisiarius,
1548 5611 1614 5666 ab
1643 5610 1910 5664 Attiniaco
1936 5608 2135 5680 palatio

563 5703 743 5762 domui
776 5702 951 5760 Caroli
984 5707 1124 5773 regis
1150 5703 1367 5775 gloriosi
1393 5701 1653 5773 perrexit,
1680 5718 1787 5758 non
1818 5699 1945 5765 vidi,
1974 5708 2135 5755 certa:

2224 1907 2467 1961 unanimi
2498 1915 2660 1976 atque
2697 1907 2959 1963 fidissimo
2990 1906 3144 1973 mihi,
3183 1905 3472 1975 plurimam
3504 1904 3557 1959 in
3614 1903 3808 1965 Salva—

2226 2006 2340 2053 tore
2370 1997 2618 2052 salutem.

2294 2086 2505 2154 Quanta
2555 2086 2748 2142 fiducia
2800 2094 2980 2149 vestra
3027 2094 3151 2143 utar
3189 2085 3473 2145 dilectione
3505 2099 3574 2141 ex
3623 2093 3811 2138 vestra

2223 2185 2405 2231 mente
2450 2193 2678 2247 pensare
2722 2178 2969 2246 pou-stis.
3022 2175 3312 2239 Nonenim
3344 2173 3504 2235 aliter
3530 2173 3584 2226 in
3628 2179 3809 2226 mente

2224 2248 2346 2320 me‘a
2378 2282 2474 2320 vos
2511 2275 2688 2333 teneo,
2723 2282 2885 2335 quam
2927 2282 3014 2320 me
3036 2266 3267 2318 alterum
3300 2263 3542 2333 exceptis
3567 2263 3808 2334 peccatis

2225 2358 2382 2413 meis.
2413 2358 2751 2428 Quapropter
2778 2357 2919 2412 sicut
2945 2356 3183 2423 invehis
3211 2360 3261 2410 ei
3293 2356 3360 2410 de
3383 2354 3538 2408 vobis
3568 2353 3806 2418 conﬁdo,

2225 2458 2282 2502 et
2314 2450 2453 2503 sicut
2490 2449 2640 2504 vobis
2664 2457 2718 2504 et
2759 2465 2858 2518 pro
2903 2447 3057 2502 vobis
3088 2448 3142 2501 in
3174 2446 3427 2502 omnibus
3456 2460 3578 2501 esse
3625 2444 3821 2513 cupio,

2225 2539 2299 2595 ita
2346 2556 2474 2610 erga
2515 2554 2597 2594 me
2640 2540 2692 2593 in
2725 2538 2977 2593 omnibus
3024 2537 3163 2592 sitis.
3212 2534 3479 2590 Caeterum
3527 2533 3807 2603 exemplar

2225 2630 2464 2699 epistolae
2480 2628 2661 2683 domui
2690 2627 2966 2697 apostolici
2992 2627 3058 2680 ad
3090 2627 3346 2681 domuum
3368 2623 3806 2694 Carolum,quod

2224 2734 2331 2773 non
2380 2718 2697 2783 mandastis,
2744 2718 2837 2771 sed
2866 2726 2920 2770 et
2968 2715 3244 2785 exemplar
3275 2714 3517 2784 epistolae
3566 2715 3698 2769 mihi
3730 2713 3808 2767 di-

2225 2815 2407 2873 recta),
2438 2807 2576 2861 sicut
2606 2806 3075 2865 mihi'mandastis,
3110 2805 3386 2860 dilectioni
3417 2814 3614 2859 vestrae
3636 2813 3809 2858 trans-

2224 2896 2400 2951 mitto.
2454 2895 2741 2965 Exemplar
2770 2905 2948 2948 autem
2984 2894 3248 2965 epistolae,
3290 2908 3410 2963 quae
3459 2890 3808 2948 uniformiter

2225 3003 2322 3061 per
2351 2987 2783 3057 archicpiscopos
2811 2987 2966 3041 istius
3007 2985 3159 3056 regni
3199 2986 3404 3040 directa
3433 2993 3539 3051 est,
3588 3001 3686 3040 vos
3714 2986 3808 3050 ha-

2226 3081 2390 3145 betis,
2427 3080 2543 3135 sine
2575 3096 2682 3150 qua
2721 3080 2797 3134 ire
2824 3095 2929 3134 non
2971 3078 3199 3143 debetis.
3254 3079 3409 3135 Mitto
3452 3080 3623 3135 etiam
3656 3080 3809 3139 vobis

2229 3170 2465 3241 capitula
2520 3170 2571 3224 in
2615 3170 2809 3241 quibus
2850 3185 3059 3225 summa
3096 3169 3401 3225 continetur
3445 3171 3514 3226 de
3555 3171 3809 3227 onmibus

2226 3267 2486 3339 epistolis,
2512 3283 2644 3336 quas
2671 3282 2766 3337 pro
2797 3265 2897 3320 ista
2919 3281 3079 3320 causa
3114 3265 3270 3320 nobis
3299 3265 3554 3329 omnibus
3578 3266 3811 3324 domnus

2182 3358 2551 3436 Lapostolicns
2578 3357 2743 3410 misit.
2788 3354 2853 3419 Et
2895 3370 3113 3409 necesse
3143 3354 3298 3408 vobis
3326 3354 3431 3408 erit
3477 3363 3540 3408 ut
3564 3355 3680 3424 ipsa
3713 3369 3806 3409 ca-

2215 3435 2395 3517 .pitnla
2443 3447 2577 3499 bene
2619 3444 2828 3515 cognita
2878 3442 3143 3507 habeatis,
3171 3452 3223 3496 et
3272 3442 3532 3496 memoria
3577 3442 3814 3498 teneatis

2174 3580 2185 3591 .
2229 3552 2349 3606 qua:
2375 3536 2603 3605 Sparsim
2640 3534 2691 3588 in
2723 3533 2853 3605 ipsis
2890 3532 3133 3602 epistolis
3172 3531 3541 3595 continentur,
3570 3540 3632 3585 ut
3663 3534 3708 3587 si
3739 3531 3812 3586 illi

2230 3643 2365 3698 quos
2401 3628 2551 3683 scitis
2589 3642 2739 3681 more
2773 3641 2870 3683 suo
2896 3641 2991 3680 sua
3037 3626 3178 3689 dicta
3207 3623 3482 3679 involvere
3512 3623 3810 3688 voluerint,

2232 3718 2476 3774 habeatis
2518 3719 2800 3772 veritatem
2829 3733 2992 3788 quam
3035 3715 3140 3773 illis
3186 3716 3519 3784 respondere
3567 3717 3811 3786 possitis.

2229 3807 2305 3865 Dc
2349 3807 2564 3880 scriptis
2590 3807 2820 3876 denique
2860 3821 2979 3880 quae
3018 3804 3234 3875 porrexi
3263 3805 3315 3857 in
3344 3805 3577 3874 synodo,
3605 3806 3676 3860 de
3700 3805 3817 3874 qui-

2228 3896 2329 3951 bus
2356 3876 2650 3949 mandastis
2672 3905 2730 3949 ut
2755 3876 3117 3949 discernerent
3147 3894 3193 3947 si
3216 3891 3367 3950 vobis
3387 3893 3455 3946 ad
3487 3895 3815 3964 portandum

2228 3988 2529 4042 necessaria
2560 3989 2751 4050 forent,
2780 4000 2885 4039 non
2911 3985 3039 4039 mihi
3074 3985 3242 4038 visum
3274 3992 3357 4038 est
3384 3999 3482 4038 vos
3507 3984 3676 4043 ullam
3723 3984 3816 4038 ha-

2226 4081 2355 4135 bere
2381 4081 2752 4135 necessitatem
2783 4097 2796 4134 :
2827 4080 2920 4133 sed
2952 4078 3334 4144 videturmihi,
3359 4079 3491 4148 quia
3523 4078 3570 4134 si
3597 4089 3817 4133 ostensa

2229 4168 2430 4227 fuerint
2456 4169 2750 4241 apostolico
2779 4178 2873 4223 aut
2913 4169 3201 4233 Romanis,
3231 4177 3297 4223 ut.
3318 4167 3561 4237 aliquam
3598 4167 3815 4224 dubita-

2182 4259 2211 4275 ’⁸
2245 4262 2443 4317 tionem
2494 4262 2703 4332 possint
2752 4260 2945 4323 all‘erre
2999 4260 3198 4316 damno
3261 4260 3609 4328 apostolico,
3661 4257 3817 4329 quasi

2229 4350 2758 4407 contentioncsintcr
2780 4366 2876 4404 nos
2900 4348 3101 4403 fuerint
3130 4348 3183 4402 in
3201 4348 3553 4403 restitutione
3580 4346 3816 4409 Vulfadi,

2231 4450 2283 4495 et
2310 4459 2414 4496 una
2442 4457 2564 4496 cum
2597 4449 2776 4493 vestro
2805 4438 3078 4493 missatico
3108 4445 3356 4506 suspecta
3380 4438 3577 4507 synodi
3609 4446 3667 4490 et
3699 4449 3817 4489 mea

2231 4530 2454 4601 epistola
2486 4531 2596 4593 liat,
2629 4529 2753 4583 inde
2798 4528 3014 4597 aliquod
3062 4527 3509 4597 impedimentum
3538 4536 3596 4581 et
3623 4525 3815 4580 dilatio

2232 4619 2298 4673 ad
2330 4634 2390 4672 ea
2415 4634 2535 4688 quae
2584 4619 2769 4683 senior
2805 4625 2989 4671 noster
3031 4616 3139 4670 cito
3184 4615 3431 4669 obtinere
3459 4616 3581 4668 vult
3606 4617 3675 4669 de
3703 4616 3819 4683 ipso

2232 4709 2478 4765 anfado.
2512 4708 2577 4763 Et
2604 4716 2731 4777 puto
2762 4724 2865 4760 non
2896 4706 3201 4777 displicebit
3239 4704 3592 4773 quibusdam,
3628 4706 3677 4758 si
3724 4703 3821 4756 ali-

2232 4817 2337 4872 qua
2357 4802 2569 4855 occasio
2593 4798 2948 4862 interciderit,
2994 4798 3136 4853 unde
3175 4798 3243 4850 ad
3270 4793 3389 4849 illos
3412 4795 3483 4849 sit
3510 4796 3563 4850 ei
3591 4810 3821 4849 necesse

2232 4907 2532 4956 recurrere,
2576 4899 2630 4944 et
2651 4889 2789 4949 sicut
2829 4889 2961 4943 mihi
2987 4887 3096 4957 jam
3148 4887 3461 4943 mandatum
3492 4895 3603 4951 est,
3646 4887 3821 4940 incre-

2233 4982 2333 5037 scit
2371 4980 2662 5050 apostolieo
2692 4988 2745 5033 et
2776 4979 3033 5033 Romanis
3071 4986 3215 5032 tanta
3259 4976 3457 5045 legere.
3513 4976 3572 5030 lu
3617 4977 3821 5044 scripto

2232 5072 2428 5145 quippe
2455 5071 2598 5142 quod
2638 5071 2870 5140 primum
2902 5068 3045 5132 dedi,
3087 5067 3218 5122 nihil
3264 5066 3407 5119 aliud
3437 5066 3678 5120 habetur
3716 5065 3818 5119 nisi

2234 5161 2357 5231 quia
2392 5174 2490 5228 ego
2532 5176 2637 5213 non
2689 5157 2940 5228 suspendi
2981 5156 3198 5217 eosdem
3244 5153 3445 5208 fratres
3489 5156 3562 5209 ab
3609 5153 3812 5217 ofﬁcio,

2234 5265 2406 5321 neque.
2448 5247 2708 5317 iudicavi,
2750 5263 2920 5323 neque
2947 5262 2977 5299 a
3025 5246 3281 5315 gradibus
3303 5245 3704 5300 ecclesiasticis
3726 5260 3819 5299 eos

2235 5339 2424 5409 deieci,
2458 5352 2631 5407 neque
2658 5352 2781 5391 cum
2825 5335 3096 5405 iudicibus
3137 5349 3323 5389 eorum
3363 5334 3691 5405 subscripsi,
3726 5335 3818 5390 sed

2234 5429 2471 5503 synodus
2521 5427 2899 5498 episcoporum
2963 5427 3203 5497 quinque
3274 5420 3713 5496 provinciarum,
3767 5436 3823 5479 et

2226 5521 2375 5597 quod
2415 5534 2507 5574 vos
2549 5518 2864 5589 regulariter
2893 5516 3016 5572 inde
3047 5516 3384 5582 inveniretis,
3415 5530 3518 5585 ego
3546 5517 3668 5570 sine
3690 5531 3822 5575 cuu-

2236 5610 2470 5664 ctatione
2520 5623 2776 5677 sequerer
2826 5606 3121 5663 secundum
3172 5605 3820 5674 tenoremepistolarum

2240 5700 2439 5759 domini
2465 5696 2746 5769 apostolici
2775 5716 2786 5753 :
2821 5698 2961 5754 unde
3001 5705 3055 5754 ct
3077 5697 3311 5769 synodus
3333 5704 3387 5753 et
3413 5708 3516 5764 ego
3548 5695 3822 5750 rationem
