4046 6284
298 317 369 372 65
1346 356 1347 361 η
1714 324 2091 385 ΕΡΙΒΤΟΙΛΕ.
3475 350 3544 405 66

294 431 573 488 reddimus
627 447 682 487 ιη
737 433 978 504 epistolis
1020 438 1220 492 nostris
1278 439 1475 493 domno
1541 440 1872 532 apostolico,
1902 443 1949 501 A
1976 443 2115 498 sedit
2139 442 2424 516 Rodulfus,
2441 452 2692 531 manibus
2713 469 2898 513 eorum
2916 457 3253 530 subscripta;
3274 461 3326 516 in
3351 476 3456 532 qua
3474 467 3542 523 ab

291 536 464 592 quare
496 536 592 577 eos
623 536 723 592 ego
776 540 881 579 non
920 526 1154 580 restitui.
1200 526 1443 582 Alterum
1505 537 1685 586 autem
1736 531 1872 585 scri-

288 622 446 685 ptum
476 611 597 665 ideo
628 611 768 675 dedi,
791 612 916 681 quia
931 613 1075 668 sicut
1099 614 1247 669 scitis
1271 631 1376 669 non
1398 619 1627 685 putabat
1645 632 1735 672 me
1749 617 1872 672 Vul-

290 679 450 753 fadus
483 699 554 753 ad
579 698 727 752 illum
769 679 1201 757 condescendere
1240 679 1415 770 velle;-
1433 714 1489 759 ct
1516 706 1642 761 licet
1667 719 1776 760 non
1813 706 1870 761 iu

289 805 423 845 mea
468 790 776 860 praesentia,
836 799 1015 848 tamen
1068 795 1352 850 audiebam
1398 812 1497 866 per
1534 796 1669 853 alios
1718 796 1869 852 illum

290 878 476 933 dicere
508 878 802 943 interdum,
827 879 1068 937 Ebouem
1095 898 1201 938 non
1229 883 1401 940 fuisse
1427 885 1750 957 regulariter
1777 888 1891 968 de-A

289 969 553 1037 positum,
610 967 881 1024 interdum
919 979 1100 1026 autem
1138 972 1476 1042 regulariter
1532 976 1863 1032 restitutum.

289 1055 359 1110 Et
402 1056 526 1110 ideo
573 1055 943 1113 demonstravi
971 1061 1220 1116 eumdem
1258 1062 1499 1119 Ebouem
1548 1068 1869 1138 regulariter

290 1146 617 1215 depositum,
645 1154 701 1201 et
742 1163 848 1203 nou
898 1151 1214 1220 regulariter
1260 1155 1605 1210 restitutum:
1635 1158 1727 1227 qui
1772 1158 1868 1214 da-

291 1248 510 1293 mnatus
531 1254 672 1307 anno
704 1238 1097 1299 Iucarnationis
1122 1244 1414 1302 Dominicae
1439 1248 1567 1315 855,
1599 1266 1651 1303 tv
1680 1250 1865 1308 Nonas

288 1324 533 1389 Martias,
564 1334 623 1380 et
662 1341 762 1395 per
791 1328 975 1385 decem
1016 1339 1072 1385 et
1118 1342 1320 1402 septem
1367 1350 1538 1391 annos
1580 1346 1765 1407 postea
1809 1340 1863 1394 in

288 1431 452 1471 carne
471 1417 681 1480 vivens,
714 1432 864 1472 suam
890 1420 1071 1474 sedem
1104 1422 1421 1492 regulariter
1443 1426 1496 1479 iu
1528 1429 1733 1498 synodo
1753 1445 1861 1485 non

287 1506 529 1576 repetiit,
566 1521 741 1576 neque
769 1507 1022 1574 obtinuit,
1048 1526 1148 1566 nec
1171 1514 1334 1567 etiam
1365 1530 1516 1570 suam
1545 1519 1860 1574 canonicam

287 1600 713 1666 restitutionem,
761 1609 856 1656 aut
885 1617 916 1656 a
954 1603 1083 1657 sede
1129 1606 1442 1674 apostolica,
1468 1617 1611 1664 auta
1656 1612 1862 1681 synodo

287 1691 610 1764 regulariter
654 1690 881 1758 factam,
928 1697 1221 1749 secundum
1265 1712 1503 1755 canones
1552 1709 1608 1755 et
1639 1701 1858 1757 decreta

1970 532 2100 620 ipsis
2131 536 2222 603 qui
2260 536 2644 608 interfuerunt,
2671 552 2729 598 et
2753 545 2820 600 ab
2847 547 3029 604 Aiull‘o
3061 550 3153 620 qui
3181 567 3318 607 unus
3344 550 3447 608 fuit
3475 554 3543 610 de

1962 619 2233 689 iudicibus
2258 626 2458 683 Ebouis
2483 630 2791 699 audierunt,
2816 619 3230 707 comprobatum
3255 640 3357 695 fuit
3385 657 3532 698 eums

1966 710 2087 766 dcm
2131 712 2369 771 Ebonem
2413 719 2736 789 regulariter
2764 724 2931 782 fuisse
2980 728 3303 799 depositum.
3336 728 3567 805 υοωιιρ

1965 809 2182 856 ostensa
2223 813 2352 858 sunt
2393 805 2673 879 privilegia
2704 812 2884 868 domui
2927 806 3204 873 Benedicti
3250 829 3305 876 et
3353 822 3478 877 dom
3513 825 3519 832 ’

1964 886 2191 979 l‘licolai,
2216 893 2306 961 qui
2338 895 2452 951 suis
2481 898 2970 969 subscriptionibus
2999 914 3055 973 et
3085 904 3288 964 Ebonis
3323 911 3539 979 deposi-

1965 975 2166 1031 tionem
2190 991 2245 1033 et
2267 981 2491 1039 istorum
2522 983 2876 1053 dejectionem
2907 975 3538 1067 confirmaveruntIQute

1965 1065 2012 1120 si
2054 1070 2234 1123 omnia
2280 1071 2432 1126 vobis
2478 1072 2694 1146 longum
2747 1077 2911 1134 fuerit
2949 1097 3248 1151 enarrare,
3298 1065 3538 1144 breviter

1962 1160 2210 1228 poteritis
2230 1161 2433 1228 dicere,
2456 1181 2579 1236 quae
2606 1169 2743 1223 bene
2765 1168 2919 1227 firma
2949 1182 3131 1231 tenere
3156 1177 3383 1246 debetis,
3406 1180 3534 1250 quia

1963 1249 2115 1305 scitis
2140 1252 2325 1320 quales
2354 1265 2481 1309 sunt
2522 1258 2774 1326 quidam;
2805 1271 2860 1317 et
2888 1266 3012 1333 peto
3039 1275 3227 1324 utnon
3256 1249 3534 1340 displiceat

1962 1340 2114 1394 vobis
2156 1343 2298 1410 quod
2331 1343 2456 1398 talia
2478 1349 2631 1403 vobis
2671 1351 2868 1407 mando
2896 1342 3079 1409 lirma~
3105 1366 3284 1413 tenere
3311 1359 3532 1429 debere,

1961 1431 2117 1499 quasi
2146 1446 2231 1485 me
2256 1443 2437 1502 putem
2470 1438 2621 1492 vobis
2651 1439 3055 1509 sapientiorem,
3085 1448 3212 1517 quia
3236 1465 3302 1505 ex
3349 1452 3531 1509 chari-

1960 1525 2073 1572 tate
2102 1520 2203 1575 hoc
2229 1522 2372 1588 dico,
2405 1532 2459 1578 et
2492 1523 2620 1581 talia
2645 1522 2777 1583 mihi
2802 1546 2832 1585 a
2858 1533 3010 1588 vobis
3038 1535 3277 1592 mandari
3314 1540 3527 1608 vellem,

1959 1605 2006 1662 si
2035 1608 2138 1662 tale
2159 1610 2489 1667 missaticum
2521 1615 2781 1672 haberem
2808 1616 2947 1674 sicut
2971 1637 3067 1677 vos
3090 1624 3320 1682 habetis.
3353 1605 3529 1686 Verba

1960 1704 2134 1751 autem
2188 1714 2308 1768 qua:
2362 1717 2458 1757 vos
2507 1703 2661 1759 firma
2713 1707 2913 1764 habere
2959 1706 3202 1779 debetis,
3257 1724 3312 1771 et
3363 1720 3529 1777 etiam

284 1783 433 1838 sedis
479 1781 738 1837 Romanae
783 1783 874 1838 ulli
902 1787 1108 1855 synodo
1143 1787 1196 1854 ip
1222 1787 1330 1842 vita
1375 1804 1473 1843 sua
1514 1792 1769 1856 ostendit,
1803 1800 1859 1847 et
1890 1779 2162 1852 B‘vestri,
2204 1790 2250 1844 si
2293 1790 2490 1862 aliquis
2538 1795 2661 1850 inde
2690 1797 2852 1853 fuerit
2903 1808 3175 1868 tentatus,
3209 1805 3311 1860 ista
3354 1818 3526 1864 sunt:

282 1883 500 1924 omnem
530 1871 878 1939 quaestionem
902 1870 968 1927 de
986 1872 1077 1926 illo
1106 1876 1400 1931 secundum
1427 1876 1574 1948 leges
1598 1879 1855 1936 ecclesia-

282 1961 450 2015 sticas
478 1969 534 2014 et
554 1961 821 2016 humanas
843 1961 957 2030 jam
985 1963 1278 2019 tricennalc
1300 1973 1354 2020 et
1378 1981 1442 2021 eo
1465 1968 1696 2039 amplius
1719 1978 1856 2024 tem-

279 2066 387 2121 pus
416 2051 673 2106 excludit.
697 2050 964 2119 Quoniam
986 2062 1047 2107 ut
1078 2052 1189 2110 Leo
1210 2056 1276 2111 ad
1301 2056 1643 2115 Theodorum
1666 2063 1855 2118 scribit

224 2127 241 2137 ’
279 2142 460 2211 (epist.
484 2141 575 2207 59,
609 2141 709 2197 sub
761 2143 1043 2215 medium),
1072 2147 1214 2216 quod
1267 2164 1490 2207 mancus
1537 2153 1590 2207 in
1627 2165 1885 2226 corpore‘

279 2245 399 2284 non
431 2233 648 2301 recepit,
674 2235 930 2304 consequi
960 2244 1152 2292 exutus
1175 2254 1341 2295 carne
1378 2258 1484 2297 non
1516 2247 1733 2313 poterit.
1774 2247 1851 2324 De

277 2318 442 2386 cujus
492 2320 817 2390 depositione
859 2325 1144 2381 admodum
1194 2328 1349 2398 plura
1398 2332 1570 2389 habeo
1607 2350 1768 2405 quam
1790 2318 1850 2394 in

276 2409 488 2477 synodo
525 2410 682 2464 modo
717 2413 1068 2480 ostenderim,
1089 2416 1239 2492 sicut
1266 2428 1321 2473 et
1346 2419 1400 2474 in
1431 2421 1542 2491 ipso
1562 2425 1767 2495 scripto
1794 2427 1851 2483 in

274 2498 486 2567 synodo
510 2508 595 2553 est
622 2499 898 2569 relectum,
924 2504 1013 2559 ubi
1039 2521 1125 2560 me
1149 2509 1409 2565 canonice
1432 2512 1663 2570 electum
1688 2525 1744 2573 et
1762 2533 1852 2572 ca-

274 2586 471 2640 nonice
497 2586 806 2644 ordinatum
841 2593 1157 2648 monstravi.
1203 2596 1261 2651 lu
1301 2598 1500 2668 quibus
1527 2602 1667 2659 sicut
1696 2606 1850 2662 scitis

272 2683 329 2730 et
358 2689 451 2728 rex
484 2686 538 2728 et
556 2692 747 2733 omnes
767 2680 1253 2752 concordaveruut,
1278 2687 1515 2745 scientes
1539 2705 1625 2745 me
1646 2708 1756 2749 non
1790 2695 1847 2751 in

270 2765 473 2821 duritia
498 2765 634 2821 velle
660 2775 849 2823 contra
884 2769 1170 2827 Vulladum
1202 2776 1516 2845 persistere,
1548 2780 1639 2849 qui
1680 2782 1850 2839 inter-

270 2857 403 2913 dum
440 2859 607 2913 etiam
634 2859 847 2915 dicebat
887 2862 1032 2931 quod
1078 2880 1231 2920 meus
1259 2882 1366 2923 non
1410 2879 1555 2925 esset
1595 2872 1844 2943 clericus,

270 2950 591 3019 augustians
611 2952 754 3007 sicut
788 2953 1022 3036 scitis.ut
1060 2957 1421 3029 qualicunque
1450 2963 1609 3017 modo
1646 2968 1847 3031 gradus

269 3050 457 3110 posset
482 3041 705 3099 habere.
747 3042 877 3110 Qua:
908 3045 1071 3099 etiam
1112 3047 1311 3118 scripta
1342 3050 1491 3105 vobis
1531 3067 1637 3106 non
1667 3054 1736 3108 ad
1759 3069 1846 3111 os-

269 3129 601 3185 tendendum
638 3129 732 3184 sed
765 3131 834 3185 ad
881 3131 1184 3187 habendum
1212 3134 1502 3201 mitterem,
1533 3138 1577 3191 si
1608 3141 1850 3197 notarius

269 3228 457 3274 noster
487 3218 737 3275 inﬁrmus
762 3218 853 3273 illa
881 3222 1244 3277 transcribere
1264 3225 1649 3281 concurrisset.
1713 3265 1719 3271 .
1754 3255 1758 3259 «

337 3307 532 3365 Postea
575 3319 757 3365 autem
798 3319 1014 3367 ostensa
1059 3321 1143 3368 est
1184 3316 1441 3385 synodus,
1472 3318 1556 3371 cui
1602 3334 1702 3390 ego
1740 3336 1849 3377 non

269 3399 587 3470 subscripsi;
614 3400 668 3455 in
704 3416 809 3470 qua
846 3402 915 3456 ab
955 3401 1106 3472 ipsis,
1131 3404 1223 3473 qui
1277 3404 1484 3462 Ebouis
1511 3407 1849 3467 damnationi

270 3489 656 3559 interfuerunt,
690 3500 749 3547 et
778 3492 954 3548 verbis
978 3501 1035 3548 et
1060 3495 1275 3565 scriptis
1314 3507 1475 3567 atque
1499 3502 1846 3559 auctoritati-

270 3578 398 3644 bus,
427 3594 611 3634 coram
650 3595 780 3653 rege
823 3583 1231 3650 comprobatum
1263 3584 1383 3651 fuit,
1413 3588 1644 3657 qualiter
1671 3592 1787 3649 Eho
1817 3608 1850 3648 a

270 3683 355 3734 se,
395 3666 549 3737 juxta
581 3670 797 3725 decreta
830 3670 1049 3736 Zosimi,
1098 3672 1314 3739 Leonis,
1362 3674 1587 3734 Joannis
1613 3690 1669 3735 et
1704 3681 1846 3738 Gre-

270 3746 436 3829 ἀοι-ἥ,
471 3772 569 3826 per
595 3757 829 3814 libellum
854 3760 1213 3829 professionis
1257 3780 1420 3821 manu
1468 3782 1566 3823 sua
1608 3769 1847 3826 subscri-

273 3857 457 3916 ptum,
487 3855 544 3903 et
576 3862 607 3901 a
630 3850 978 3922 quadraginta
1031 3854 1205 3908 tribus
1238 3855 1522 3926 episcopis,
1552 3861 1847 3916 secundum

270 3951 429 3992 suam
477 3936 863 4007 professionem
890 3952 946 3999 et
999 3944 1482 4014 subscriptionem,
1527 3950 1847 4018 regulariter

267 4028 550 4098 depositus
577 4030 696 4097 fuit,
725 4041 781 4087 et
807 4032 1127 4103 regulariter
1172 4036 1453 4093 restitutus
1488 4054 1591 4093 non
1622 4039 1760 4097 fuit:
1791 4053 1847 4099 et

266 4119 338 4174 ob
366 4118 444 4184 id,
474 4120 768 4175 secundum
795 4122 1012 4178 decreta
1042 4123 1359 4192 luuoceutii,
1383 4128 1474 4197 qui
1512 4129 1754 4187 scribens
1777 4132 1846 4188 ad

267 4207 591 4264 Martianum
640 4208 965 4265 Naxitauum
994 4214 1302 4283 episcopum
1334 4214 1505 4287 (epist.
1542 4218 1650 4287 28),
1679 4218 1847 4289 jussit

265 4312 360 4352 eos
381 4298 551 4367 recipi
581 4299 637 4353 iu
676 4300 790 4354 suis
816 4301 1093 4356 ordinibus
1121 4318 1256 4371 quos
1307 4306 1550 4362 Bonosus
1579 4320 1706 4364 ante
1746 4312 1845 4365 da-

267 4387 599 4443 mnationem
624 4403 774 4443 suam
798 4389 1087 4444 ordinavit.
1111 4390 1305 4447 Postea
1335 4394 1580 4451 scribens
1612 4397 1682 4452 ad
1729 4398 1843 4453 Ru-

1959 1875 2094 1943 Quia
2117 1880 2415 1935 secundum
2447 1891 2692 1939 tenorem
2722 1888 3071 1957 epistolarum
3103 1894 3282 1949 domui
3315 1908 3530 1967 aposto-

1956 1966 2064 2033 lici,
2090 1968 2232 2024 sicut
2256 1971 2309 2026 in
2356 1972 2437 2028 eis
2466 1976 2726 2044 scriptum
2756 1979 3007 2048 habetur,
3039 1988 3235 2040 cuncta
3266 1966 3364 2056 per
3384 1983 3528 2046 ordi-

1956 2069 2229 2125 nemque:
2255 2059 2308 2114 in
2336 2060 2456 2117 istis
2479 2063 2740 2121 fratribus
2777 2080 2925 2137 gesta
2956 2083 3081 2127 sunt
3120 2078 3378 2131 canonice
3400 2095 3526 2135 exa-

1954 2145 2255 2233 minantcs,
2308 2149 2590 2208 invenistis
2636 2154 2875 2213 Ebonem
2923 2159 3070 2229 juste
3114 2166 3168 2219 et
3210 2167 3529 2237 regulariter

1954 2224 2256 2305 depositum
2305 2248 2360 2321 et
2407 2257 2514 2296 non
2570 2246 2891 2316 regulariter
2924 2224 3361 2322 vrcstitutumiet
3394 2260 3527 2327 istos

1952 2324 2149 2380 fratres
2176 2343 2283 2382 non
2310 2346 2340 2382 a
2370 2346 2480 2398 me,
2498 2334 2593 2387 sed
2611 2349 2642 2387 a
2665 2339 2871 2407 synodo
2893 2343 3268 2413 episcoporum
3290 2324 3527 2421 quinque

1949 2417 2350 2484 provinciarum
2387 2419 2657 2488 judicatos
2704 2429 2994 2484 secundum
3042 2449 3229 2490 sacros
3267 2417 3521 2506 canon—cs,

1949 2512 2006 2558 et
2033 2504 2248 2560 decreta
2295 2505 2614 2576 Innocentii,
2640 2511 2866 2579 Zosimi,
2897 2524 2952 2570 et
2996 2516 3231 2587 Leonis,
3283 2524 3422 2581 sicut
3465 2504 3521 2583 iu

1950 2597 2190 2669 synodali
2219 2599 2448 2668 epistola
2479 2603 2809 2659 continetur.
2854 2607 2919 2661 Et
2950 2611 3073 2678 quia
3105 2612 3158 2665 in
3186 2613 3367 2670 domui
3393 2633 3524 2688 apo-

1949 2688 2121 2744 stolici
2151 2689 2394 2758 epistolis
2438 2691 2747 2749 continetur
2771 2703 2829 2750 ut
2868 2711 2986 2766 quae
3035 2707 3236 2757 statuta
3263 2716 3386 2760 sunt
3413 2723 3521 2764 non

1948 2777 2109 2832 ducat
2156 2778 2496 2860 dissolveuda
2528 2822 2544 2847 ,
2595 2783 2698 2840 nisi
2734 2788 2906 2843 sacris
2942 2788 3149 2860 legibus
3183 2794 3527 2854 inveniantur

1947 2866 2208 2933 adversa;
2247 2876 2303 2924 et
2331 2870 2384 2924 in
2400 2852 2621 2928 'eisdem
2663 2875 2906 2945 epistolis
2955 2852 3259 2954 iu-telligens
3287 2889 3522 2958 synodus

1949 2957 2118 3028 ipsius
2145 2961 2533 3033 benignitatem
2580 2979 2709 3036 erga
2754 2967 2854 3023 bos
2902 2967 3123 3039 fratres,
3174 2957 3391 3031 inventa
3438 2988 3523 3034 est

1950 3046 2053 3102 ista
2083 3050 2384 3105 auctoritas
2402 3051 2602 3107 Niczeni
2634 3055 2845 3110 concilii
2875 3055 2941 3111 de
2966 3059 3227 3116 ordinatis
3246 3077 3277 3116 a
3306 3062 3523 3121 Meletio

1876 3114 1920 3177 (ἶ
1951 3138 2222 3208 quondam
2263 3139 2520 3195 damnato
2546 3143 2820 3214 episcopo,
2853 3160 3014 3214 quam
3047 3114 3524 3225 episcopi

1948 3228 2123 3308 uqdali
2150 3229 2373 3298 epistola
2422 3230 2500 3285 illi
2546 3232 2878 3289 unanimiter
2914 3237 3194 3303 mandant,
3225 3249 3285 3293 ut
3305 3241 3520 3311 priscis,

1948 3317 2089 3372 sicut
2117 3318 2246 3373 dicit
2272 3319 2536 3387 Gelasius,
2569 3338 2668 3393 pro
2698 3325 2780 3380 sui
2828 3328 3134 3382 reverentia
3183 3332 3523 3389 manentibus

1949 3407 2279 3477 constitutis,
2304 3419 2361 3466 et
2381 3410 2544 3468 salvis
2566 3414 2876 3485 apostolicae
2892 3418 3037 3474 sedis
3058 3418 3375 3493 privilegiis,
3399 3438 3522 3481 cum

1947 3511 2134 3552 eorum
2158 3500 2322 3554 etiam
2347 3501 2680 3559 salvamento
2703 3506 2795 3575 qui
2823 3508 3027 3578 synodo
3053 3509 3518 3581 subscripserunt,

1947 3589 2133 3658 inqua
2172 3590 2371 3647 fratres
2399 3593 2463 3648 de
2503 3595 2700 3663 quibus
2739 3598 2916 3667 agitur
2956 3598 3106 3654 fuere
3140 3599 3335 3670 dejecti
3359 3643 3375 3668 ,
3426 3620 3527 3673 per

1948 3678 2336 3749 indulgentiam
2365 3690 2420 3735 et
2468 3684 2848 3739 auctoritatem
2899 3687 3066 3756 ipsius
3100 3689 3154 3743 iu
3183 3692 3294 3745 suis
3315 3692 3522 3747 ordini-

1946 3764 2049 3820 bus
2078 3768 2247 3837 recipi
2275 3779 2328 3822 et
2350 3771 2572 3838 provehi
2602 3772 2812 3839 possint
2840 3774 3044 3843 absque
3070 3775 3521 3843 contradictione.

1946 3857 2192 3927 migratis
2230 3857 2345 3926 jam
2395 3861 2648 3916 omnibus
2703 3862 2795 3932 qui
2836 3863 2889 3917 iu
2942 3863 3141 3919 Ebonis
3190 3867 3525 3935 depositione

1946 3943 2168 4001 fuerunt
2188 3949 2473 4020 cpiscOpis,
2511 3962 2739 4019 excepto
2766 3952 2884 4008 solo
2929 3952 3202 4011 Rothado.
3235 3956 3437 4012 Verum
3465 3967 3523 4015 et

1947 4034 2023 4090 illi
2053 4036 2289 4106 episcopi
2318 4079 2333 4104 ,
2388 4039 2480 4109 qui
2531 4040 2709 4094 eidem
2740 4041 2911 4096 Eboni
2963 4051 3085 4113 post
3130 4044 3524 4116 depositionem

1948 4138 2100 4179 suam
2152 4125 2473 4182 dicebantur
2522 4129 2973 4207 communicasse,
3021 4130 3132 4200 jam
3166 4134 3233 4188 ad
3281 4135 3521 4192 divinum

1940 4211 2203 4281 judicium
2243 4215 2635 4285 migraverunt,
2682 4226 2736 4272 et
2764 4217 2885 4273 aliis
2915 4218 2967 4272 in
3016 4234 3202 4274 corum
3233 4221 3365 4277 locis
3394 4225 3521 4279 sub-

1946 4300 2170 4367 stitutis,
2204 4317 2278 4357 ac
2298 4318 2395 4372 per
2419 4318 2532 4368 eos,
2566 4314 2624 4357 ut
2676 4305 2752 4359 ita
2784 4306 3047 4384 dicamus,
3079 4307 3377 4365 innumeris
3431 4326 3523 4366 or-

1947 4393 2181 4461 dinatis,
2204 4411 2235 4448 a
2261 4395 2405 4450 nullo
2447 4396 2674 4450 istorum
2726 4396 2954 4451 fratrum
2999 4401 3271 4455 restitutio
3307 4412 3523 4457 contra-

266 4476 379 4532 fum
407 4487 465 4532 et
513 4477 805 4535 Eusebium
848 4494 913 4534 ac
940 4491 1166 4536 caeteros
1210 4480 1538 4539 Macedonia:
1565 4486 1846 4558 episcopos
1873 4463 1925 4523 υ
1950 4484 2167 4539 dicitur.
2201 4484 2401 4539 Tamen
2435 4486 2479 4539 si
2503 4501 2598 4540 vos
2617 4502 2722 4540 non
2743 4492 3016 4556 gravaret,
3047 4488 3273 4543 multum
3306 4491 3518 4557 vellem,

267 4567 441 4639 (epist.
472 4569 589 4639 37),
613 4584 707 4625 eos
748 4586 884 4640 quos
925 4581 1045 4642 post
1085 4572 1487 4629 damnationem
1517 4592 1669 4632 suam
1701 4580 1842 4637 idem

265 4656 509 4713 Bonosus
557 4659 845 4724 ordinavit,
896 4674 1234 4730 nequaquam
1271 4664 1431 4735 recipi
1465 4665 1520 4719 in
1567 4667 1845 4723 ordinibus

263 4748 655 4803 ecclesiasticis
678 4750 959 4819 permisit,
986 4750 1054 4806 Et
1075 4753 1369 4808 secundum
1395 4753 1610 4810 decreta
1641 4755 1844 4812 Zosimi

263 4838 334 4892 ad
388 4839 671 4892 Aurelium
696 4849 750 4895 et
775 4839 843 4894 ad
890 4841 1171 4898 universos
1221 4845 1505 4915 episcopos
1557 4863 1654 4916 per
1699 4848 1843 4903 Afri-

263 4943 382 4983 cam
428 4939 485 4982 et
509 4937 735 4983 exteras
774 4932 1078 4999 provincias
1120 4934 1444 4990 constitutos
1491 4936 1657 5006 (epist.
1686 4937 1766 5008 6),
1793 4948 1847 4992 et

264 5019 333 5073 ad
359 5016 749 5074 Massiliensem
787 5020 1107 5089 Ecclesium,
1147 5034 1203 5079 et
1230 5026 1298 5079 ad
1321 5025 1628 5081 Patroclum
1657 5028 1845 5084 Arela-

266 5117 475 5163 tensem
503 5109 840 5179 episcopum,
892 5111 959 5165 de
992 5112 1078 5167 bis
1111 5127 1246 5181 quos
1275 5123 1397 5182 post
1439 5116 1843 5171 damnationem

262 5212 418 5253 suam
445 5197 710 5255 Proculus
736 5201 1032 5266 ordinavit,
1061 5203 1153 5271 qui
1184 5217 1244 5257 se
1270 5202 1449 5258 libello
1491 5205 1844 5275 professionis

261 5302 377 5344 suae
400 5290 712 5360 subscripto
756 5291 810 5346 iu
858 5292 1063 5361 synodo
1105 5292 1384 5362 deposuit;
1447 5302 1500 5349 et
1543 5297 1841 5351 secundum

260 5377 484 5433 decreta
513 5378 714 5435 Leonis
740 5387 794 5434 et
820 5394 1098 5435 sacrorum
1127 5395 1394 5436 canonum
1419 5421 1435 5449 ,
1486 5385 1578 5453 qui
1627 5400 1843 5441 excern—

259 5469 544 5525 muuicato
567 5469 1041 5525 communicarunt
1086 5471 1141 5525 in
1191 5470 1489 5540 dejectione
1521 5486 1844 5541 permanere

261 5562 355 5618 isti
388 5564 592 5621 fratres
608 5562 836 5633 judicati
867 5564 1104 5621 fuerunt.
1153 5563 1382 5622 Osteusa
1420 5575 1506 5621 est
1548 5565 1712 5620 etiam
1751 5580 1840 5637 sy-

260 5657 438 5716 nodus
461 5657 841 5729 episcoporum
864 5660 1156 5729 provinciae
1177 5658 1550 5728 Bituriceusis,
1579 5660 1664 5733 cui
1690 5675 1836 5731 prae-

1950 4583 2011 4628 ut
2051 4588 2267 4628 omnem
2315 4574 2702 4645 plenitudinem
2737 4576 3161 4646 suprascriptam
3210 4577 3277 4632 de
3319 4579 3522 4636 Ebonis

1950 4669 2322 4738 depositione,
2368 4677 2424 4723 et
2473 4669 2538 4723 de
2595 4668 2822 4724 istorum
2875 4668 3275 4738 adjudicatione
3322 4672 3520 4728 domno

1950 4757 2244 4826 apostolico
2273 4756 2552 4812 referretis
2592 4771 2606 4810 :
2653 4758 2795 4826 quod
2836 4758 3114 4828 sapientiae
3140 4769 3335 4814 vestra:
3366 4776 3517 4816 com-

1951 4848 2108 4901 mitto
2131 4848 2377 4912 arbitrio,
2415 4847 2502 4902 cui
2532 4846 2724 4903 melius
2749 4849 2931 4914 credo,
2963 4855 3123 4917 quam
3153 4850 3198 4904 si
3238 4849 3353 4919 ipsa
3385 4850 3519 4904 scri-

1949 4946 2040 5006 pta
2077 4939 2516 4992 transmitterem.
2566 4937 2661 4992 Est
2692 4938 2854 4993 etiam
2881 4979 2895 5004 ,
2952 4940 3209 5008 quoniam
3259 4941 3303 4995 si
3337 4941 3516 5009 aliqua

1948 5026 2148 5096 scripta
2171 5041 2265 5097 per
2287 5042 2382 5081 vos
2407 5026 2701 5092 mitterem,
2724 5035 2780 5080 et
2806 5041 2902 5082 vos
2929 5027 3018 5082 illa
3048 5027 3384 5098 portassetis,
3411 5028 3518 5084 nisi

1951 5126 2158 5172 tantum
2206 5117 2488 5187 epistolam
2534 5118 2867 5189 synodalem,
2927 5127 2982 5174 et
3029 5134 3203 5174 meam
3235 5118 3517 5187 epistolam

1948 5208 2370 5263 concordantem
2403 5207 2577 5263 eidem
2608 5207 2868 5278 epistolze,
2901 5209 3053 5264 scitis
3072 5206 3257 5277 quales
3283 5220 3467 5260 sumus
3499 5224 3511 5259 :

1944 5309 2128 5369 posset
2166 5298 2282 5352 ﬁeri
2310 5308 2369 5352 ut
2412 5298 2715 5369 aliquorum
2764 5308 2974 5353 mentes
3011 5297 3137 5352 inde
3180 5302 3369 5349 contra
3416 5310 3517 5352 nos

1945 5388 2255 5444 scandalum
2284 5397 2591 5452 sumerent;
2622 5388 2764 5458 quod
2791 5397 2845 5442 et
2871 5388 3027 5441 modo
3044 5385 3099 5439 in
3122 5384 3327 5455 synodo
3348 5400 3517 5456 quan-

1948 5487 2060 5534 tum
2089 5478 2237 5548 potui
2269 5479 2522 5545 devitavi,
2552 5479 2642 5535 ubi
2665 5479 2805 5534 sicut
2831 5476 3239 5546 comprobatum
3271 5488 3355 5533 est
3383 5478 3516 5533 istos

1946 5570 2143 5626 fratres
2174 5585 2277 5626 non
2323 5569 2579 5641 judicavi,
2612 5582 2709 5622 nec
2736 5566 2911 5621 eidem
2953 5566 3160 5636 synodo
3193 5561 3510 5636 subscripsi.

1947 5658 2013 5715 Et
2042 5667 2198 5716 erant
2229 5660 2576 5716 auctoritates
2608 5652 2899 5723 canonicos,
2922 5663 2977 5711 et
3005 5654 3343 5713 decretorum
3373 5654 3516 5712 sedis
