4046 6284
485 362 552 415 67
1435 357 1767 414 HINCMARI
1805 357 2197 415 BHEMENSIS
2231 360 2745 418 ARCHIEPISCOPI
3656 363 3724 419 68

486 481 738 534 Romanae
760 478 1090 549 pontiﬁcum,
1114 477 1308 547 quibus
1335 473 1436 546 ipsi
1456 475 1692 544 episcopi
1721 474 1818 528 hos
1859 472 2055 528 fratres
2085 477 2130 534 Α
2158 483 2342 541 postea
2368 475 2617 541 tractavi,
2652 476 2792 530 sicut
2814 489 2994 531 coram
3024 478 3150 546 ipsis
3173 478 3223 532 in
3254 479 3456 548 synodo
3481 493 3726 548 compro-

478 570 872 638 iudicaverunt,
903 578 956 623 et
983 569 1071 637 qui
1105 567 1277 620 cidem
1327 565 1531 635 synodo
1586 564 2047 633 subscripserunt,

486 678 568 715 me
603 670 810 716 tacente
841 673 1059 713 necesse
1090 656 1354 710 habebant
1385 655 1487 711 hoc
1529 663 1767 710 statuere
1793 655 1934 723 quod
1966 654 2054 723 ju-

483 739 799 806 dicaverunt
826 759 879 804 et
914 748 1369 815 subscripserunt,
1399 754 1492 800 aut
1523 753 1709 800 contra
1753 743 2050 814 professio-

485 859 604 897 nem
637 851 689 895 ct
711 837 1152 908 subscriptionem
1179 853 1330 891 suam
1366 844 1576 900 euntes,
1600 835 1895 889 secundum
1922 833 2054 888 Car-

487 933 800 1000 thaginense
849 928 1134 982 concilium
1179 943 1235 982 se
1261 928 1466 982 honore
1497 928 1806 996 privarent;
1855 934 1908 979 et
1938 925 2050 994 pri-

481 1024 669 1092 vih-gia
700 1022 841 1076 sedis
869 1021 1190 1090 ApOSlOIiCIB
1236 1020 1463 1073 duorutn
1511 1017 1826 1088 pontiﬁcum
1873 1017 2049 1086 qualia

482 1123 623 1171 sunt,
649 1121 701 1166 ct
732 1127 849 1180 qnze
887 1110 1347 1164 conﬁrmaverunt
1376 1109 1519 1178 quod
1569 1109 1668 1176 ipsi
1700 1107 1934 1176 episcopi
1960 1107 2046 1175 ju-

482 1203 814 1265 dieaverunt,
839 1201 934 1270 ipsi
964 1201 1172 1254 vidistis
1207 1207 1260 1252 et
1287 1197 1527 1251 audistis.
1563 1197 1762 1249 Tamen
1801 1211 1869 1250 ne
1897 1211 2054 1250 sean-

481 1294 656 1347 dalum
691 1292 874 1356 ﬁeret,
919 1299 1135 1346 secutus
1181 1287 1482 1357 exemplum
1529 1287 1739 1341 Domini
1772 1288 1863 1355 qui
1916 1287 2052 1341 dixit

481 1385 547 1437 ad
594 1384 810 1437 Petrum
851 1381 1006 1436 :Nos
1062 1396 1279 1435 censum
1339 1395 1443 1433 non
1507 1379 1784 1442 debemus,
1841 1381 1932 1433 sed
1984 1395 2051 1434 ne

481 1473 903 1527 scandalizemus
928 1487 1040 1533 eos,
1068 1463 1320 1523 videlicet
1353 1469 1443 1538 qui
1475 1483 1693 1524 censum
1723 1471 2048 1534 exigebant,

481 1565 548 1616 da
597 1573 835 1617 staterem
867 1563 929 1616 de
958 1577 1045 1614 ore
1074 1561 1227 1628 piscis
1266 1577 1358 1626 pro
1411 1576 1490 1612 me
1536 1570 1581 1612 et
1621 1576 1712 1627 pro
1745 1569 1793 1611 te
1832 1558 2047 1628 (Matth.

484 1671 613 1718 xvu,
644 1655 772 1725 9.6),
818 1654 983 1707 vitato
1007 1652 1260 1706 seandalo
1290 1659 1344 1704 et
1382 1650 1693 1720 prmjndicio
1737 1651 1880 1704 sedis
1924 1664 2052 1718 apo-

481 1747 700 1810 stolicrc,
731 1754 788 1798 ut
814 1761 918 1798 non
951 1760 1067 1807 nos,
1103 1744 1194 1797 sed
1217 1744 1384 1811 ipsius
1407 1743 1698 1796 auctoritas
1728 1743 1769 1797 si
1799 1743 2046 1807 voluerit,

2157 564 2300 628 bavi,
2331 578 2398 618 ne
2430 565 2589 618 talem
2623 580 2711 619 me
2739 567 2989 629 aestimet,
3031 569 3165 622 sicut
3205 583 3288 622 me
3310 568 3484 622 aemuli
3517 571 3620 623 mei
3647 569 3720 625 illi

2156 657 2472 724 depingunt.
2501 656 2566 708 Et
2609 657 2804 710 habete
2831 658 3161 726 exemplaria
3205 659 3270 711 de
3311 659 3534 727 cpistola
3567 676 3724 731 syno—

2155 744 2285 808 dali,
2322 753 2375 800 et
2408 746 2473 800 de
2510 761 2625 800 mea
2651 746 2873 815 epistola
2903 765 2915 799 ε
2953 756 3010 800 ut
3045 748 3086 802 si
3120 748 3284 817 aliqui
3321 749 3444 804 inde
3471 751 3723 819 quiddam

2155 838 2423 892 voluerint
2451 839 2649 904 dicere,
2675 850 2960 909 postquam
2983 841 3100 894 illas
3123 843 3418 910 apostolico
3445 845 3723 908 dederitis,

2156 928 2399 982 habeatis
2445 943 2630 982 earum
2681 931 3045 1000 exemplaria,
3083 941 3136 985 et
3184 935 3424 988 habeatis
3454 950 3544 990 eas
3591 936 3727 992 bene

2154 1018 2416 1083 cegnitas.
2455 1017 2716 1072 Similiter
2739 1021 3001 1088 satagite,
3044 1029 3102 1074 ut
3129 1021 3250 1076 illas
3283 1023 3562 1090 epistolas,
3590 1039 3725 1092 quas

2153 1107 2381 1162 domnus
2435 1111 2762 1177 apostoticus
2811 1113 2878 1166 de
2928 1113 3027 1166 ista
3061 1129 3222 1167 causa
3274 1113 3454 1169 facere
3497 1115 3723 1184 jubebit,

2154 1196 2345 1266 legatis
2381 1209 2667 1267 antequam
2702 1201 2805 1254 huc
2836 1203 3144 1266 mittantur,
3177 1219 3244 1257 ne
3284 1205 3515 1273 aliquem
3547 1207 3723 1260 dolum

2154 1287 2208 1340 in
2235 1289 2312 1341 eis
2339 1287 2650 1356 scriptores,
2678 1291 2815 1345 sicut
2833 1292 3086 1346 dicuntur
3109 1293 3304 1358 facere,
3326 1295 3532 1363 possint
3557 1298 3729 1365 impo-

2155 1389 2298 1428 nere.
2333 1376 2396 1428 Et
2419 1392 2521 1430 non
2545 1378 2935 1433 obliviscamini
2963 1391 3019 1433 ut
3042 1381 3252 1436 faciatis
3277 1392 3482 1437 certum
3513 1396 3728 1454 aposto-

2155 1463 2314 1517 licum
2343 1506 2356 1528 ,
2401 1467 2524 1534 quia
2575 1467 2662 1521 illa
2711 1469 2937 1537 epistola
2998 1473 3175 1538 quarti
3225 1473 3423 1530 Leonis
3471 1491 3622 1545 papa:
3662 1477 3727 1530 de

2156 1552 2379 1607 istorum
2433 1555 2659 1609 fratrum
2704 1558 3108 1625 reclamatione,
3163 1578 3324 1631 quam
3379 1573 3642 1617 memorat
3673 1565 3725 1616 in

2155 1646 2266 1698 suis
2309 1647 2576 1716 epistolis,
2611 1649 2730 1702 istis
2777 1649 3070 1719 Cisalpinis
3101 1654 3409 1722 regionibus
3441 1670 3544 1708 non
3576 1655 3730 1709 inno-

2158 1737 2275 1801 luit,
2312 1739 2409 1792 nisi
2435 1754 2528 1809 per
2557 1754 2682 1794 suas
2712 1756 2882 1810 nuper
2907 1743 3100 1796 missas
3131 1744 3419 1812 epistolas;
3454 1757 3507 1799 et
3543 1756 3728 1814 rogate

482 1837 650 1892 solvat
679 1844 733 1889 et
763 1835 1012 1888 immutet
1040 1849 1192 1888 suam
1224 1835 1544 1887 sententiam
1586 1849 1744 1902 quam
1788 1835 1971 1903 ligavit
1997 1842 2051 1888 et
2085 1810 2125 1867 Β
2160 1829 2389 1898 aliquem
2427 1833 2492 1885 de
2539 1835 2732 1885 vestris
2785 1847 3143 1887 memorosum
3180 1837 3471 1900 hominem.
3505 1839 3592 1904 qui
3634 1851 3729 1890 VOS

481 1926 854 1992 conﬁrmavit,
903 1927 1218 1980 servandam
1269 1925 1376 1978 vidi
1433 1925 1692 1979 unitatem
1729 1925 1949 1994 spiritus
1999 1926 2052 1978 in

481 2019 695 2073 vinculo
740 2019 902 2088 pacis,
938 2017 1183 2070 similiter
1212 2025 1265 2069 et
1309 2015 1359 2068 in
1408 2016 1510 2068 hoc
1560 2015 1698 2068 sicut
1742 2025 1795 2068 et
1850 2014 1957 2074 ibi,
1996 2021 2054 2066 ιιι

482 2109 683 2163 nullum
719 2123 816 2177 ego
840 2108 1097 2176 scriptum
1131 2107 1358 2167 mittam,
1391 2121 1487 2158 nec
1518 2120 1614 2158 vos
1636 2104 1774 2157 aliud
1803 2104 2049 2173 portctis,

483 2199 583 2252 nisi
611 2198 750 2268 quod
778 2213 897 2251 cum
922 2185 1045 2266 rege
1069 2205 1123 2249 et
1152 2211 1270 2248 cmn
1301 2195 1567 2262 episcopis
1592 2195 1743 2248 nobis
1776 2194 2048 2248 convenit.

489 2291 683 2345 Eamus
712 2290 1046 2359 simpliciter,
1079 2289 1201 2357 quia
1244 2289 1382 2342 sicut
1428 2287 1706 2356 Scriptura
1738 2289 1870 2342 dicit
1899 2305 1912 2342 :
1947 2288 2051 2354 Qui

483 2380 712 2434 ambulat
762 2381 1085 2449 simpliciter,
1127 2380 1358 2433 untbulat
1404 2382 1723 2448 conﬁdenter
1770 2378 1950 2452 (Prov.
1994 2397 2050 2442 Χ,

481 2473 568 2543 9).
596 2472 701 2527 Sed
737 2471 780 2525 si
813 2471 987 2525 locmn
1013 2473 1273 2536 videritis,
1301 2473 1496 2526 domno
1525 2472 1820 2542 apostolico
1842 2473 2051 2543 aperire

482 2559 708 2623 debetis,
732 2559 978 2628 quoniam
1008 2559 1156 2611 multi
1178 2558 1289 2627 jam
1317 2559 1523 2624 dicunt,
1553 2560 1597 2612 si
1642 2559 1730 2613 illa
1761 2560 1915 2613 ﬁrma
1945 2577 2050 2617 non

483 2647 702 2701 fuerunt
751 2662 868 2716 quae
918 2655 1043 2700 tunc
1089 2647 1212 2700 inde
1258 2646 1574 2700 conﬁrmata
1624 2656 1769 2709 sunt,
1801 2662 1900 2701 nec
1946 2648 2049 2702 ista

485 2752 602 2807 quae
628 2737 782 2791 modo
811 2737 941 2791 ﬁunt
967 2739 1115 2791 ﬁrma
1135 2745 1311 2791 erunt.
1346 2737 1408 2790 Et
1433 2738 1566 2792 nihil
1593 2747 1673 2792 est
1693 2737 1804 2806 jam
1837 2738 2049 2794 ﬁrmum

484 2826 623 2896 quod
647 2827 881 2895 episcopi
916 2836 970 2880 et
1016 2827 1303 2896 apostolica
1337 2828 1490 2881 sedes
1519 2829 1844 2893 decernunt;
1877 2845 2051 2899 neque

484 2916 548 2971 de
571 2916 767 2970 nostris
787 2916 1032 2986 judiciis,
1073 2933 1172 2970 nec
1197 2917 1360 2969 etiam
1393 2917 1458 2969 de
1493 2917 2049 2973 excommunicatione

482 3017 704 3069 curant;
735 3023 834 3060 nec
855 3007 1155 3077 presbyteri
1180 3022 1208 3060 a
1241 3006 1395 3060 nobis
1423 3007 1701 3075 degradati
1733 3024 1828 3078 pro
1863 3019 2049 3064 nostro

477 3095 680 3166 judicio
708 3111 862 3148 suum
897 3093 1252 3147 ministerium
1293 3095 1597 3159 dimittent,
1631 3096 1755 3163 quia
1787 3097 1921 3150 nihil
1969 3107 2050 3152 est

485 3183 696 3236 ﬁrmum
742 3182 883 3251 quod
923 3182 1131 3251 agimus
1174 3199 1186 3234 :
1221 3183 1315 3236 sed
1359 3184 1497 3237 sicut
1532 3183 1644 3236 vult
1670 3199 1794 3248 rex,
1828 3192 1884 3238 et
1914 3185 2051 3240 sicut

483 3287 582 3326 nos
610 3281 703 3324 aut
727 3271 909 3324 odium
952 3278 1148 3334 movet,
1174 3280 1266 3324 aut
1292 3271 1485 3340 gratia,
1514 3281 1607 3324 aut
1636 3273 1921 3341 cupiditas,
1961 3283 2052 3328 aut

485 3363 763 3425 timiditas,
800 3363 873 3416 ita
912 3371 967 3416 et
999 3372 1178 3416 nostra
1217 3371 1272 3416 et
1318 3363 1622 3431 apostolica:
1667 3364 1810 3418 sedis
1849 3366 2052 3419 vadunt

478 3451 701 3520 judicia.
743 3452 806 3504 Et
836 3452 1108 3504 recordari
1139 3452 1342 3505 debetis
1369 3452 1682 3520 apostolico,
1714 3453 1945 3520 qualiter
1984 3453 2049 3506 de

483 3527 1164 3594 suaexeommnnicatione
1207 3547 1260 3592 et
1289 3540 1518 3608 propriae
1543 3555 1733 3593 manus
1760 3539 2048 3592 conﬁrma-

485 3630 630 3683 tione
659 3629 788 3684 fecit
816 3628 1165 3682 Guntliarius.
1205 3627 1318 3694 Qua
1352 3629 1418 3682 de
1458 3643 1513 3681 re
1543 3628 1927 3697 providendum
1969 3634 2053 3682 est

485 3721 538 3774 in
585 3720 800 3785 talibus,
846 3720 968 3788 quia
997 3720 1106 3789 jam
1137 3720 1382 3773 homines
1411 3719 1528 3788 plus
1563 3718 1826 3787 proclives
1855 3727 1910 3773 et
1939 3721 2048 3788 'vo-

484 3811 699 3867 luntarii
723 3822 846 3865 sunt
873 3811 937 3864 ad
969 3813 1184 3881 impune
1207 3811 1565 3880 peccandum,
1597 3827 1756 3878 quam
1788 3809 1854 3863 ad
1886 3825 2049 3878 regu-

484 3903 650 3957 larem
693 3903 1030 3970 disciplinam
1081 3901 1476 3968 suscipiendam
1524 3909 1576 3954 et
1630 3900 2047 3955 observandam.

483 3993 549 4046 Et
579 3993 622 4046 si
653 3993 880 4064 domnus
924 3989 1247 4058 apostolicus
1302 4004 1332 4041 a
1383 3991 1532 4042 vobis
1575 3991 1852 4058 quaesierit
1907 3992 2052 4058 ipsas

485 4081 853 4145 auctoritates,
878 4079 1108 4148 qualiter
1136 4077 1222 4133 isti
1249 4077 1530 4147 dejiciendi
1557 4077 1779 4145 judicati
1810 4079 2049 4146 fuerunt,

481 4174 707 4244 potestis
736 4173 779 4226 si
808 4173 960 4227 vobis
987 4172 1194 4225 videtur
1223 4171 1294 4224 illi
1320 4171 1664 4238 respondere,
1693 4171 1819 4239 quia
1862 4172 2053 4225 unani-

484 4265 644 4318 miter
663 4263 897 4332 episcopi
936 4278 1089 4316 suum
1122 4262 1355 4316 studium
1389 4261 1452 4314 ad
1498 4261 1600 4314 hoc
1644 4271 2046 4328 converterunt,

482 4363 542 4409 ut
596 4355 685 4408 isti
721 4354 915 4408 fratres
969 4353 1426 4407 restituerentur:
1467 4350 1606 4406 unde
1657 4337 1735 4406 illi
1786 4354 2050 4408 miserunt

2157 1935 2296 1988 δευρί)
2343 1922 2647 1986 admoneat,
2694 1924 2942 1990 quoniam
2988 1927 3235 1994 occupati
3285 1927 3470 1991 eritis,
3509 1938 3568 1980 ut
3621 1942 3726 1980 non

2155 2012 2539 2065 obliviscamini
2570 2015 2856 2082 impetrare
2897 2025 3044 2084 gesta
3089 2017 3431 2084 pontiﬁcum,
3464 2018 3531 2071 ab
3573 2018 3726 2070 initio

2154 2112 2424 2170 gestorum
2455 2102 2630 2169 Sergii
2659 2105 2902 2172 paptn,in
2925 2106 3535 2173 quibusinveniturEbo
3565 2107 3728 2160 fuisse
3789 2157 3800 2167 ,

2154 2191 2462 2255 damnatus,
2497 2208 2666 2261 usque
2697 2193 2761 2246 ad
2792 2202 3110 2262 praesentem
3145 2211 3342 2248 annum
3396 2197 3546 2250 istius
3592 2211 3729 2264 pra:-

2154 2282 2380 2345 sulatns,
2403 2283 2526 2351 quia
2571 2299 2668 2338 nos
2699 2284 2750 2337 in
2800 2285 2919 2338 istis
2951 2287 3261 2354 regionibus
3291 2287 3423 2339 satis
3453 2287 3554 2339 hoc
3583 2287 3725 2339 indi-

2153 2387 2355 2440 gemus.
2387 2373 2520 2426 Nam
2552 2375 2779 2427 aliorum
2828 2376 3141 2443 pontiﬁcum
3197 2386 3365 2445 gesta,
3401 2377 3442 2430 si
3476 2392 3571 2430 vos
3621 2394 3723 2430 non

2155 2462 2388 2525 habetis,
2416 2476 2513 2530 per
2545 2477 2627 2516 me
2653 2473 2744 2516 aut
2771 2478 2869 2532 per
2889 2463 3192 2518 Fulcricum
3228 2465 3427 2519 habere
3455 2467 3722 2534 poteritis.

2157 2551 2231 2604 De
2283 2553 2532 2606 onmibus
2575 2554 2694 2607 istis
2745 2570 2863 2622 qua:
2908 2555 3179 2609 dilectioni
3235 2564 3430 2609 vestra:
3484 2557 3721 2621 mando,

2154 2643 2384 2710 qualiter
2432 2645 2582 2698 vobis
2625 2646 2907 2714 placeant,
2959 2655 3051 2698 aut
3104 2646 3336 2715 qualiter
3384 2647 3722 2716 displiceant,

2154 2743 2412 2800 quantum
2449 2735 2599 2789 vobis
2649 2736 2914 2804 placuerit
2946 2746 3001 2790 et
3048 2737 3282 2800 licuerit,
3312 2747 3367 2792 et
3411 2755 3528 2808 qua:
3574 2740 3726 2792 mitto

2153 2822 2386 2890 qualiter
2414 2823 2480 2876 ad
2520 2838 2614 2876 vos
2664 2815 2810 2877 salva
2862 2841 3007 2894 perv:
3029 2827 3226 2888 nerint,
3261 2842 3355 2894 per
3381 2827 3537 2880 istum
3594 2829 3725 2880 mis-

2154 2926 2270 2966 sum
2294 2920 2536 2965 nostrum
2567 2913 2695 2966 mihi
2727 2913 2920 2968 litteris
2944 2916 3274 2968 remandate.
3307 2915 3360 2968 ln
3384 2916 3726 2989 conclusione

2153 3007 2328 3052 autem
2366 3000 2517 3053 vobis
2547 3001 2746 3064 scribo,
2777 3003 2918 3069 quod
2954 3012 3174 3056 sanctus
3218 3003 3409 3058 Petrus
3455 3005 3727 3072 apostolus

2153 3088 2452 3158 Apollinari
2477 3090 2636 3152 dixit,
2668 3093 2881 3159 quando
2908 3107 3028 3144 eum
3071 3091 3386 3146 Ravennam
3433 3093 3728 3162 przedirare

2080 3143 2121 3206 Ε
2156 3179 2490 3242 transmisit,
2541 3178 2798 3232 Dominus
2853 3194 3001 3232 meus
3039 3178 3194 3233 .lesus
3247 3181 3494 3235 Christus
3547 3183 3727 3234 mittat

2154 3267 2397 3335 angelum
2447 3284 2600 3321 suum
2643 3283 2824 3322 coram
2860 3277 2910 3323 te
2940 3310 2954 3332 ,
3003 3271 3094 3337 qui
3145 3272 3414 3326 custodiat
3445 3273 3560 3326 vias
3608 3281 3732 3327 tuas

2153 3367 2276 3410 ante
2313 3366 2385 3419 te,
2419 3367 2473 3412 et
2495 3368 2697 3411 annuat
2727 3376 2844 3427 quae
2877 3361 3248 3428 postulaveris.

2712 3507 3044 3562 EPISTOLA
3080 3507 3172 3561 ΙΧ.

2388 3629 2455 3667 ΑΙ)
2484 3629 2746 3669 EGILONEM
2777 3631 2995 3668 EUMDEH
3023 3630 3484 3672 ARCHIEPISCOPUM.

2152 3721 2230 3777 De
2255 3721 2590 3778 Gothescalco
2613 3725 2825 3792 ejusque
2848 3726 3239 3785 assertionibus,
3275 3736 3321 3779 et
3352 3727 3414 3780 de
3441 3725 3725 3782 Prudentia

2487 3795 2746 3863 episcopo,
2773 3804 2826 3847 ut
2853 3805 3093 3864 suggerat
3123 3796 3376 3864 pontiﬁci.

2710 3894 2880 3956 (Apud
2905 3895 3186 3956 eumdem.)

2222 3999 2556 4054 Charissimo
2581 4007 2635 4052 ct
2661 3997 2920 4052 ﬁdissimo
2951 3999 3078 4051 mihi
3112 3998 3397 4066 plurimam
3431 3997 3481 4052 in
3514 3999 3724 4054 Christo

2155 4086 2403 4141 salutem.

2224 4177 2280 4230 ln
2309 4176 2426 4246 aliis
2457 4173 2648 4228 litteris
2679 4174 2798 4228 ideo
2821 4181 2966 4225 tanta
2996 4174 3147 4228 vobis
3177 4176 3389 4244 scripsi,
3416 4187 3472 4231 ut
3495 4177 3722 4232 habere-

2155 4267 2221 4320 tis
2251 4266 2326 4318 rei
2354 4265 2594 4319 ordinem
2623 4269 2676 4315 et
2702 4262 3084 4330 plenitudinem
3111 4304 3124 4327 ,
3155 4279 3217 4317 ac
3240 4267 3519 4319 veritatem
3552 4269 3616 4319 de
3643 4268 3726 4320 his

2155 4371 2272 4423 anc
2301 4353 2517 4406 fuerunt
2545 4361 2691 4419 gesta
2722 4351 2774 4402 in
2811 4351 3048 4420 synodo,
3091 4352 3216 4420 quia
3249 4353 3477 4408 domnus
3507 4365 3723 4422 aposto-

483 4445 857 4499 auctoritatem
910 4459 1068 4512 quam
1126 4443 1463 4497 invenerunt.
1510 4442 1576 4495 Et
1625 4443 1749 4512 quia
1801 4461 1905 4498 non
1953 4443 2052 4499 fuit
2076 4463 2127 4520 D
2155 4445 2288 4500 licus
2313 4484 2326 4507 ,
2355 4443 2493 4496 siettt
2523 4441 2573 4494 in
2603 4441 2755 4494 vobis
2781 4441 2982 4495 directa
3015 4440 3202 4511 legetis
3231 4442 3453 4511 epistola
3481 4483 3496 4507 ,
3530 4453 3724 4498 cuneta

483 4549 669 4588 eorum
699 4534 930 4588 studium
961 4541 1018 4586 ut
1063 4533 1114 4587 in
1163 4532 1459 4601 dejectione
1502 4543 1901 4603 permanerent,
1936 4534 2051 4590 illas

483 4624 829 4678 auctoritates
857 4637 1133 4677 sacrorum
1184 4638 1472 4686 canonum,
1502 4632 1556 4676 et
1593 4623 1931 4678 decretorum
1961 4624 2049 4677 ln-

482 4712 738 4775 nocentii,
763 4711 986 4776 Zozimi,
1017 4711 1236 4774 Leonis,
1267 4725 1386 4779 qua:
1431 4727 1590 4781 supra
1623 4713 1777 4766 dicta:
1822 4722 1964 4774 sunt,
1997 4721 2053 4766 et

484 4803 559 4856 illi
604 4810 729 4856 sunt
777 4802 1024 4870 cognitae,
1070 4800 1118 4853 ei
1174 4801 1536 4854 transmittere
1602 4803 1918 4856 omiserunt.
1978 4800 2049 4855 De

482 4907 708 4962 quorum
749 4892 1105 4956 restitutione,
1134 4891 1177 4945 si
1200 4891 1454 4945 anfadns
1487 4893 1536 4945 in
1563 4907 1721 4945 causa
1753 4907 1857 4944 non
1889 4891 2048 4957 foret,

482 4985 614 5040 satis
645 4983 885 5040 Ecclesia
921 4983 1170 5036 indurare
1212 4982 1495 5051 potuisset,
1522 4982 1611 5051 qui
1655 4982 1793 5034 inter
1821 4982 2047 5034 canoni-

482 5088 575 5128 cos
595 5082 649 5127 et
675 5073 988 5133 monachos,
1022 5071 1256 5124 urbanos
1279 5078 1333 5124 et
1363 5071 1722 5139 parochianos
1743 5110 1756 5133 ,
1785 5087 1890 5122 una
1925 5085 2046 5124 cum

481 5161 709 5217 Vulfado
757 5177 860 5215 non
913 5168 1036 5214 sunt
1065 5159 1291 5228 amplius
1317 5176 1476 5228 quam
1529 5176 1737 5213 novem.
1791 5161 1900 5229 Ego
1929 5161 2048 5214 dico

483 5253 624 5321 quod
654 5251 786 5304 mihi
814 5251 1026 5304 videtur
1069 5250 1350 5303 eharilatis
1380 5248 1605 5311 affectu;
1659 5258 1836 5302 vestra
1869 5259 2047 5302 autem

482 5341 786 5408 prudentia,
816 5349 870 5393 et
912 5341 976 5394 ad
1008 5341 1121 5393 haec
1165 5349 1218 5392 et
1244 5339 1309 5390 ad
1346 5339 1496 5406 plura
1548 5339 1671 5403 alia,
1715 5340 1822 5393 Deo
1849 5341 2049 5409 gratias

485 5430 618 5484 satis
662 5429 906 5483 subiciet.
941 5427 1072 5483 Peto
1103 5430 1262 5483 etiam
1293 5437 1352 5480 ut
1396 5429 1462 5480 ad
1509 5429 1610 5483 hoc
1640 5431 1781 5499 quod
1821 5431 2050 5485 domnus

486 5516 809 5585 apostolicus
831 5517 958 5571 mihi
987 5517 1203 5587 scripsit
1248 5516 1312 5570 de
1339 5514 1536 5569 duritia
1566 5518 1882 5583 Pharaonis,
1909 5520 2050 5573 sicut

488 5607 543 5686 (in
575 5607 800 5677 epistola
841 5610 972 5663 mihi
1009 5611 1173 5665 missa
1203 5609 1401 5681 legitis,
1435 5609 1484 5663 ei
1530 5622 1594 5662 ex
1643 5612 1831 5665 ordine
1861 5613 2049 5670 condi-

485 5701 622 5755 catis
664 5715 825 5770 quam
875 5701 1103 5772 benigne
1155 5704 1369 5758 eosdem
1429 5700 1624 5757 fratres
1674 5709 1726 5758 et
1783 5712 1939 5759 antea
1993 5713 2047 5761 et

2154 4549 2272 4604 qua:
2303 4533 2373 4586 ibi
2405 4540 2551 4600 gesta
2583 4531 2799 4585 fuerunt
2836 4531 2990 4601 plena
3027 4533 3278 4602 ﬁdelique
3320 4533 3628 4588 narratione
3658 4535 3724 4588 ad

2153 4638 2210 4677 se
2240 4621 2427 4675 referri
2459 4622 2732 4690 praecepit,
2763 4630 2817 4676 et
2843 4622 3054 4676 animus
3080 4634 3277 4687 vester,
3307 4625 3372 4677 ad
3401 4625 3503 4679 iter
3527 4626 3727 4678 subita-

2154 4729 2312 4768 neum
2334 4721 2387 4767 et
2407 4713 2621 4767 dillicile
2641 4723 2956 4781 occupatus,
2985 4715 3260 4769 intendere
3286 4714 3421 4768 forte
3441 4717 3508 4770 ad
3531 4727 3724 4771 cuncta

2153 4820 2257 4858 non
2288 4803 2496 4873 potuit,
2529 4804 2654 4858 licet
2683 4804 2805 4857 inde
2835 4805 2886 4858 in
2928 4805 3151 4873 epistola
3182 4805 3364 4876 synodi
3398 4803 3726 4859 sufﬁcienter

2153 4893 2220 4946 sit
2248 4892 2498 4961 positum,
2523 4899 2574 4944 et
2597 4891 2755 4945 etiam
2785 4892 2850 4945 de
2877 4891 2996 4946 aliis
3025 4909 3141 4961 qua:
3164 4893 3362 4957 scribo,
3391 4892 3520 4945 mihi
3543 4894 3725 4947 verbis

2149 4985 2424 5038 vobiscum
2455 4983 2700 5036 conferre
2724 4999 2828 5036 non
2856 4983 3032 5047 licuit,
3072 4999 3190 5052 quae
3222 4991 3342 5051 peto
3363 5023 3375 5045 ,
3408 4984 3500 5037 sed
3527 4993 3579 5036 et
3622 4983 3722 5036 ista

2149 5090 2269 5144 qua:
2290 5082 2611 5143 sequuntur,
2643 5075 2764 5127 utin
2787 5074 2969 5127 talium
2994 5090 3184 5128 manus
3201 5089 3304 5126 non
3323 5074 3556 5138 veniant,
3585 5073 3724 5128 unde

2151 5163 2458 5216 scandalum
2491 5163 2658 5231 possit
2688 5163 2839 5215 oriri.
2874 5163 2997 5215 Post
3025 5162 3141 5214 illas
3173 5173 3349 5216 autem
3380 5165 3610 5232 scriptas
3638 5163 3725 5216 lit-

2154 5261 2317 5314 teras,
2352 5252 2650 5304 nuntiatum
2681 5261 2764 5305 est
2795 5251 2944 5314 mihi,
2975 5250 3038 5303 de
3065 5250 3195 5303 cella
3223 5260 3438 5314 nostra,
3483 5268 3601 5321 quae
3632 5266 3723 5304 vo-

2159 5355 2314 5398 catur
2357 5344 2768 5409 Altumuillare,
2827 5343 3147 5397 monachum
3201 5354 3441 5400 nostrum
3508 5345 3723 5398 nomine

2157 5433 2510 5489 Guntbertum
2542 5434 2810 5503 aufugisse
2838 5447 2961 5486 cum
2993 5431 3171 5498 libris,
3196 5444 3251 5486 et
3277 5435 3636 5497 vestimentis,
3668 5440 3725 5486 et

2156 5524 2407 5589 caballis,
2447 5533 2503 5580 et
2547 5525 2664 5579 aliis
2701 5524 2863 5577 etiam
2893 5539 3012 5592 quae
3041 5522 3205 5577 furari
3232 5524 3422 5594 potuit.
3455 5524 3554 5590 Qui
3583 5537 3722 5592 sche

2156 5629 2251 5683 pro
2280 5614 2392 5668 suis
2434 5614 2771 5683 negligentiis
2797 5614 3116 5682 regulariter
3153 5624 3433 5682 correptus
3459 5613 3560 5667 fuit
3603 5631 3614 5665 :
3666 5620 3722 5667 et

2155 5704 2277 5773 quia
2303 5720 2440 5774 saepe
2471 5702 2820 5760 Gothescalco
2851 5703 3030 5759 furtim
3061 5719 3119 5762 se
3144 5705 3511 5774 coniunxerat,
3541 5714 3596 5760 et
3635 5703 3720 5758 lit-
