4018 5392
219 407 288 465 συ
1515 370 1521 379 ’
1669 386 2046 445 εριδτοωιξ.
3405 395 3475 448 -ιο

222 528 365 573 teras
390 515 441 571 ei
472 515 730 580 dederat,
760 522 815 571 et
843 516 911 571 ab
938 530 1005 570 eo
1033 517 1346 584 acceperat,
1378 507 1676 564 secundum
1705 521 1791 560 re-
1817 507 1864 564 Α
1896 502 2193 573 Baptismi,
2227 502 2423 573 inquit,
2455 514 2796 561 sacramento
2829 521 2925 562 eos
2971 508 3122 572 emit.
3154 524 3260 565 non
3292 516 3475 568 tamen

219 605 395 677 gulam
441 604 494 657 in
535 604 871 674 gravioribus
894 602 1065 674 culpis
1095 603 1293 656 missus
1320 598 1459 663 fuit,
1507 604 1563 651 et
1590 595 1790 649 dicitur

220 695 362 750 illius
389 706 642 763 perversa
690 692 935 746 doctrina
977 693 1319 760 depravatus.
1367 687 1434 741 Et
1482 686 1625 740 sicut
1657 684 1788 738 mihi

218 785 419 839 dictum
454 793 567 845 est,
595 782 749 850 quasi
782 782 949 850 ipsius
976 778 1317 835 Gotliescalci
1348 774 1789 831 reclamationem

220 875 331 928 vult
359 871 602 943 perferre
637 872 703 925 ad
731 872 986 925 domuum
1013 868 1366 939 apostolicum
1387 906 1402 930 ,
1443 865 1630 919 videns
1655 877 1789 932 qua-

219 965 344 1018 liter
363 963 451 1017 illa
474 963 761 1015 adversum
783 974 889 1021 me,
919 974 1038 1029 quae
1058 959 1124 1012 de
1149 957 1267 1012 istis
1284 955 1528 1026 partibus
1552 953 1618 1007 ad
1639 951 1788 1006 illum

218 1054 474 1117 veniunt,
506 1067 663 1107 suum
697 1065 912 1105 cursum
953 1049 1242 1118 accipiunt.
1278 1047 1345 1101 Et
1372 1046 1617 1110 audiens,
1649 1044 1791 1112 quod

221 1143 450 1196 domnus
495 1140 823 1210 apostolicus
851 1139 1048 1193 domno
1082 1136 1191 1205 regi
1218 1134 1415 1190 Carolo
1441 1134 1509 1188 de
1539 1148 1626 1187 me
1659 1133 1792 1188 scri-

220 1231 350 1300 psit,
374 1230 499 1299 quia
528 1244 743 1298 semper
758 1242 843 1281 me
860 1236 1040 1296 tegere
1067 1241 1172 1279 non
1195 1224 1355 1278 debet
1380 1238 1409 1276 a
1442 1222 1659 1285 talibus,
1690 1236 1791 1277 nec

220 1321 406 1375 valet:
449 1327 508 1373 ut
550 1319 887 1389 providerem
917 1331 985 1370 ne
1014 1331 1111 1386 pro
1139 1316 1221 1369 eis
1257 1315 1469 1368 tandem
1505 1312 1792 1381 aliquando

219 1411 493 1465 incurram
508 1423 627 1474 qua:
652 1423 757 1461 non
784 1416 941 1476 opto,
976 1414 1031 1460 et
1049 1406 1161 1475 ipse
1186 1404 1353 1458 frater
1372 1412 1425 1457 et
1455 1402 1542 1456 alii
1569 1402 1794 1456 licenter

220 1511 340 1565 qua:
374 1495 559 1552 volunt
600 1502 694 1548 aut
737 1492 1052 1555 moliuntur,
1097 1498 1192 1544 aut
1238 1490 1464 1543 faciunt.
1508 1487 1643 1541 Nam
1692 1501 1793 1556 ego

219 1584 406 1640 nescio
441 1583 496 1638 in
537 1581 735 1652 quibus
773 1582 1003 1636 domnus
1047 1578 1370 1648 apostolicus
1414 1586 1523 1630 tam
1558 1590 1701 1645 smpe
1734 1588 1795 1629 se

220 1677 421 1731 texisse
446 1688 534 1730 me
552 1673 715 1731 dicat.
745 1671 803 1726 Si
826 1671 972 1727 enim
1000 1670 1069 1726 de
1094 1668 1343 1725 Rothado
1369 1667 1519 1731 dicit,
1552 1682 1659 1721 non
1682 1666 1796 1721 sin-

219 1766 485 1837 gulariter
528 1777 648 1819 mea
703 1762 1025 1826 auctoritas,
1075 1759 1171 1816 sed
1218 1758 1591 1828 episcoporum
1639 1756 1791 1825 regni

1891 608 1990 663 pro
2010 594 2091 650 eis
2112 608 2329 650 crucem
2348 595 2536 661 subiit,
2568 610 2741 664 neque
2769 605 2998 653 mortem
3024 600 3264 668 pertulit,
3290 616 3475 670 neque

1890 684 2206 756 sanguinem
2237 684 2391 741 fudit.
2423 685 2579 742 Unde
2602 686 2764 742 latius
2807 687 2947 742 dicta
2985 690 3038 743 in
3088 690 3202 744 suis
3250 690 3473 759 scriptis

1891 772 2259 838 inveniuntur,
2291 788 2412 844 quae
2443 773 2497 828 in
2537 773 2703 829 altera
2742 775 2999 830 schedula
3025 776 3178 832 vobis
3205 780 3382 842 mitto,
3414 787 3479 834 ut

1890 864 1936 919 si
1981 862 2145 918 fuerit
2171 863 2324 918 vobis
2346 862 2548 929 visum,
2578 864 2774 920 domno
2822 865 3117 934 apostolico
3148 882 3268 922 eam
3311 883 3472 922 mon...

1890 953 2073 1008 stretis
2103 968 2135 1007 a
2162 967 2251 1007 me
2271 953 2426 1009 vobis
2451 952 2745 1017 directam,
2765 969 2872 1009 non
2895 955 2962 1009 ad
2988 955 3064 1009 illi
3086 970 3153 1009 ex
3180 971 3294 1011 mea
3317 966 3471 1026 parte

1889 1042 2298 1106 ostendendam,
2342 1042 2436 1097 sed
2463 1041 2531 1097 ad
2559 1042 2714 1097 vobis
2750 1042 3075 1098 habendam.
3101 1042 3240 1100 Sunt
3280 1055 3335 1100 et
3360 1047 3468 1103 alia

1890 1146 2011 1200 qua:
2040 1130 2328 1200 dicit,quze
2351 1130 2484 1185 mibi
2518 1130 2768 1185 videntur
2794 1144 2914 1186 esse
2934 1132 3235 1200 perniciosa
3264 1143 3317 1186 et
3340 1134 3465 1189 fidei

1892 1220 2173 1276 catholica:
2201 1222 2498 1287 contraria,
2514 1237 2633 1291 quae
2655 1221 2701 1276 si
2723 1222 2789 1276 ad
2818 1213 2921 1277 hoc
2942 1224 3151 1277 venerit
3170 1226 3471 1295 probabunt

1892 1309 2163 1378 sapientes
2194 1320 2358 1380 atque
2402 1312 2674 1366 catholici.
2718 1312 2848 1367 Mihi
2880 1313 2946 1368 de
2986 1314 3153 1368 tantis
3179 1330 3243 1369 ac
3272 1316 3468 1370 talibus

1894 1398 2074 1454 taliter
2100 1400 2344 1471 impetito
2375 1401 2570 1457 sufﬁcit
2596 1404 2783 1457 sedere
2820 1403 2873 1457 in
2916 1404 3110 1474 angulo
3141 1405 3389 1470 domatis,
3413 1415 3468 1464 ct

1895 1505 1999 1544 non
2047 1506 2334 1562 conserere
2385 1492 2790 1547 contentionum
2835 1509 3025 1547 manus
3084 1510 3204 1550 cum
3247 1497 3468 1552 muliere

1892 1577 2127 1649 litigiosa
2157 1580 2211 1634 in
2235 1582 2394 1636 domo
2433 1574 2707 1636 communi
2752 1600 2765 1635 :
2815 1591 2868 1636 et
2893 1584 3084 1639 sutlicit
3126 1594 3183 1638 ut
3228 1586 3298 1640 sit
3336 1587 3447 1641 mih

1894 1670 2074 1723 anima
2096 1684 2214 1725 mea
2243 1686 2342 1740 pro
2373 1671 2564 1742 spolio.
2604 1670 2739 1727 Nam
2768 1673 2911 1729 idem
2941 1673 3350 1741 Golhescalcus,
3382 1674 3467 1729 vel

1894 1760 2023 1830 quia
2043 1758 2156 1828 iam
2189 1769 2401 1831 tempus
2429 1769 2512 1816 est
2543 1771 2604 1817 ut
2654 1763 2835 1818 veniat
2884 1764 3025 1833 quod
3053 1764 3250 1818 Paulus
3278 1767 3468 1834 puelli-

218 1855 400 1911 ἀοιιιηί
428 1854 598 1911 nostri
627 1852 826 1917 Caroli.
860 1852 927 1907 ad
957 1865 1093 1920 quos
1122 1858 1308 1905 contra
1340 1862 1428 1902 me
1448 1847 1791 1917 provocavit,
1825 1844 1870 1903 Β
1898 1852 1977 1905 xit
2024 1850 2299 1920 apostolus
2339 1851 2405 1906 de
2452 1851 2656 1909 ultimis
2702 1852 3032 1921 temporibus
3057 1892 3071 1916 ,
3131 1852 3213 1907 vel
3269 1854 3466 1908 invidia

217 1958 343 2000 eum
364 1943 576 2012 deiecit,
597 1943 738 1997 sicut
754 1938 1178 2009 subscriptiones
1193 1952 1378 1994 eorum
1400 1938 1790 1993 demonstrant.

218 2031 278 2088 Si
302 2032 373 2087 de
409 2031 530 2089 istis
555 2030 820 2086 ordinatis
848 2030 1000 2094 dicit,
1028 2029 1170 2084 sicut
1195 2029 1356 2084 modo
1382 2027 1797 2096 comprobatum

214 2125 433 2179 vidistis
455 2132 513 2178 et
537 2120 765 2177 audistis
786 2160 803 2185 ,
833 2135 935 2189 ego
962 2132 1058 2175 eos
1087 2134 1195 2173 non
1215 2117 1474 2188 iudicavi,
1504 2130 1679 2186 neque
1701 2114 1796 2170 de-

209 2212 355 2283 ieci,
386 2225 563 2281 neque
589 2225 714 2264 cum
753 2207 1027 2278 indicibus
1066 2221 1251 2262 eorum
1282 2204 1601 2274 subscripsi.
1633 2203 1692 2258 Si
1729 2204 1797 2259 de

212 2301 574 2357 Gotlicscalco
601 2300 765 2365 dicit,
804 2299 872 2354 de
897 2313 1027 2368 quo,
1057 2298 1151 2353 sed
1176 2297 1322 2355 etde
1358 2294 1600 2365 prmfatis
1642 2292 1795 2348 ordi-

214 2395 384 2458 natis,
408 2393 475 2447 ab
498 2391 727 2447 Arsenio
754 2389 960 2460 scripto
990 2389 1355 2455 interrogatus
1385 2385 1602 2453 scriptis
1629 2384 1798 2438 ratio-

211 2499 341 2539 nem
371 2483 601 2547 reddidi,
624 2481 872 2537 eumdem
903 2477 1317 2533 Gotbescalcum
1343 2491 1374 2531 a
1397 2476 1608 2530 duabus
1637 2487 1797 2544 syno-

211 2572 302 2627 dis
330 2572 644 2627 damnatum
666 2609 683 2637 ,
704 2567 1019 2640 iubentibus
1046 2566 1317 2636 episcopis
1344 2571 1628 2633 postquam
1652 2560 1798 2629 judi-

209 2669 369 2715 catus
394 2658 498 2714 fuit
516 2658 922 2715 custodiendum
950 2655 1154 2725 accepi,
1179 2668 1248 2708 ne
1271 2653 1412 2713 alios
1427 2667 1524 2709 sua
1540 2663 1796 2721 perversa

209 2749 464 2805 doctrina
503 2757 725 2804 noceret
760 2748 852 2819 qui
884 2746 986 2803 sibi
1013 2743 1273 2816 prodesse
1301 2743 1541 2800 nolebat.
1575 2740 1653 2797 De
1688 2755 1796 2810 quo

206 2839 383 2894 etiam
413 2838 607 2893 litteris
631 2837 828 2894 domno
851 2835 1144 2909 apostolico
1169 2833 1433 2905 suggessi,
1469 2830 1645 2902 qualis
1679 2831 1809 2901 eius

206 2932 281 2989 sit
318 2932 591 2998 doctrina,
620 2942 675 2987 et
701 2939 882 2986 utrum
916 2930 1080 2985 vellet
1108 2938 1167 2985 ut
1189 2928 1241 2984 ei
1269 2927 1541 2983 licentiam
1573 2926 1637 2981 ad
1668 2939 1794 2980 eum

205 3024 381 3081 eundi
426 3024 616 3078 darem
640 3061 656 3086 ,
701 3036 769 3077 an
800 3019 955 3075 alteri
997 3032 1122 3074 eum
1159 3032 1260 3088 per
1307 3031 1460 3071 suam
1497 3013 1795 3083 iussionem

205 3110 689 3175 commendarem,
721 3124 789 3165 ne
814 3109 933 3163 sine
957 3106 1278 3162 auctoritate
1306 3106 1533 3161 duarum
1556 3102 1795 3174 synodo.

1896 1941 2025 2006 mei,
2048 1941 2204 2009 quasi
2243 1956 2330 1996 mc
2363 1948 2547 2009 tangat
2573 1941 2716 2009 quod
2733 1940 2889 2007 iussu
2912 1942 3282 2010 episcoporum
3316 1942 3465 1995 illum

1895 2030 2160 2096 custodio,
2183 2030 2381 2085 dicitur
2398 2030 2592 2086 multos
2614 2031 2815 2086 habere
2840 2030 3105 2096 fautores,
3125 2032 3261 2087 sicut
3284 2032 3471 2086 habuit

1894 2120 2149 2175 domuum
2176 2120 2551 2186 Prudentium,
2578 2121 2721 2176 sicut
2749 2122 2948 2189 scripta
2976 2121 3141 2190 ipsius
3178 2129 3462 2186 testantur,

1894 2226 2015 2281 quae
2042 2226 2073 2265 a
2093 2211 2339 2281 pluribus
2367 2213 2459 2283 qui
2482 2213 2572 2267 illa
2602 2214 2805 2268 habent
2832 2222 3057 2283 possunt
3079 2213 3330 2284 proferri.
3364 2214 3468 2279 Qui

1894 2301 2080 2367 etiam,
2138 2302 2389 2357 videlicet
2436 2303 2669 2358 domnus
2722 2304 3048 2359 Prudentius
3084 2344 3101 2369 ,
3156 2305 3211 2358 in
3271 2305 3469 2359 Annali

1895 2401 2171 2463 gestorum
2224 2402 2532 2449 nostrorum
2583 2408 2767 2463 regum
2795 2432 2810 2456 ,
2865 2409 2987 2462 quae
3034 2394 3353 2462 composuit,
3400 2394 3471 2448 ad

1894 2482 2322 2539 confirmandum
2348 2485 2885 2548 suamscntentiam,
2937 2484 3104 2554 gestis
3131 2485 3255 2536 anni
3289 2483 3473 2543 Domi-l

1895 2574 2031 2631 uicae
2058 2574 2451 2630 incarnationis
2480 2574 2585 2629 859
2607 2574 2802 2628 indidit
2828 2575 3036 2639 dicens,
3064 2573 3314 2630 Nicolaus
3338 2589 3472 2643 pon-t

1895 2660 2027 2716 tifex
2073 2661 2351 2717 Romanus
2380 2662 2446 2717 de
2473 2662 2646 2732 gratia
2674 2662 2767 2716 Dei
2796 2670 2854 2716 et
2897 2661 3069 2730 libero
3116 2662 3358 2724 arbitrio,
3405 2663 3475 2716 de

1893 2745 2123 2808 veritate
2163 2751 2392 2822 gemina:
2429 2751 2950 2821 praedestinatiouis,
3006 2758 3064 2804 et
3106 2751 3172 2805 de
3209 2750 3473 2817 sanguine

1893 2839 2118 2905 Christi,
2149 2849 2207 2894 ut
2227 2854 2325 2909 pro
2361 2839 2710 2895 credentibus
2738 2839 2991 2894 omnibus
3024 2837 3179 2892 fusus
3212 2839 3305 2903 sit,
3338 2836 3470 2892 lide-

1894 2929 2020 2985 liter
2042 2929 2331 2986 confirmat
2354 2937 2411 2984 et
2429 2928 2695 2986 catholica
2718 2928 2980 2984 decernit.
3012 2928 3164 2995 Quod
3187 2943 3282 2997 per
3307 2928 3473 2983 alium

1895 3038 2001 3079 non
2039 3023 2366 3086 audivimus,
2394 3037 2500 3078 nec
2541 3021 2669 3077 alibi
2710 3021 2958 3092 legimus.
3019 3021 3172 3077 Unde
3217 3023 3473 3091 quoniam

1897 3113 2012 3182 ipsa
2041 3124 2212 3184 gesta,
2243 3112 2443 3182 quibus
2472 3126 2587 3167 tunc
2616 3113 2920 3182 conscripta
2953 3120 3101 3176 sunt,
3132 3112 3242 3182 iam
3274 3115 3327 3167 in
3361 3114 3478 3182 p|u~
3566 3104 3569 3107 ’

203 3217 337 3258 rum
385 3198 761 3256 dilllnitionem
813 3195 1183 3253 dissolverem.
1237 3193 1297 3248 Si
1348 3192 1422 3246 illi
1470 3191 1649 3261 placet
1698 3205 1796 3261 per

1904 3205 2162 3259 rimorum
2195 3218 2388 3259 manus
2413 3204 2764 3268 devenerunt,
2801 3217 3026 3259 necesse
3064 3215 3146 3258 est
3193 3213 3275 3259 ut,
3299 3204 3478 3257 taliter

203 3294 455 3363 seipsum
485 3281 693 3355 audire,
723 3288 960 3352 mandet,
990 3297 1044 3341 et
1064 3299 1164 3356 ego
1186 3285 1334 3339 illum
1356 3284 1623 3338 dimittam
1648 3289 1706 3335 ut
1725 3281 1794 3336 ad

201 3399 340 3440 eum
370 3381 572 3437 vadat:
605 3381 731 3450 quia
758 3379 802 3435 si
833 3392 926 3433 rex
957 3378 1104 3432 illum
1136 3391 1242 3434 non
1274 3375 1520 3440 miserit,
1548 3389 1649 3444 ego
1689 3388 1795 3429 non

200 3478 395 3533 habeo
425 3482 604 3529 tantos
633 3472 884 3528 custodes
917 3470 1008 3539 qui
1036 3482 1160 3524 eum
1200 3468 1483 3522 deducant.
1536 3466 1594 3521 Si
1633 3466 1796 3520 etiam

199 3564 279 3619 illi
312 3564 502 3633 placet
530 3570 586 3616 ut
610 3561 749 3616 alius
777 3575 901 3615 cum
932 3558 1188 3627 recipiat,
1230 3565 1285 3612 et
1311 3571 1464 3611 suam
1495 3556 1796 3610 doctrinam

198 3655 336 3711 sive
381 3652 651 3723 synodus,
693 3650 806 3705 sive
840 3647 1064 3718 quilibet
1091 3648 1375 3715 episc0pus
1409 3645 1625 3707 audiat,
1665 3651 1720 3698 et
1752 3641 1800 3696 si

198 3742 358 3798 bona
387 3749 475 3793 est
501 3746 780 3806 sequatur,
810 3738 854 3791 si
885 3751 1048 3804 prava
1079 3743 1194 3797 est,
1238 3734 1306 3788 ab
1332 3733 1410 3787 eis
1435 3733 1527 3800 qui
1557 3746 1679 3785 eum
1709 3746 1809 3784 eum

202 3830 426 3888 dierint
452 3826 751 3882 refellatur.
785 3825 854 3878 Et
878 3824 950 3877 illi
975 3823 1170 3892 quibus
1198 3823 1299 3875 hoc
1325 3818 1801 3883 commendaverit,

206 3922 427 3978 facient
452 3917 518 3972 de
540 3916 631 3971 illo
658 3914 800 3985 quod
826 3912 998 3968 sacris
1022 3910 1221 3982 regulis
1242 3908 1471 3964 viderint
1494 3907 1801 3972 convenire,

208 4014 365 4069 sicut
393 4007 469 4063 illi
500 4006 568 4063 de
604 4020 671 4061 eo
703 4003 952 4059 fecerunt
982 4002 1073 4072 qui
1102 4016 1163 4056 se
1188 4013 1368 4056 sacras
1395 3999 1609 4070 regulas
1640 3998 1801 4053 intel-

208 4101 425 4157 lexisse
473 4102 771 4167 putarunt,
839 4092 973 4147 nihil
1026 4104 1145 4145 mea
1195 4091 1440 4145 interest.
1498 4087 1701 4142 Tamen
1756 4088 1801 4142 si

212 4189 422 4261 aliquis
444 4202 538 4243 vos
569 4183 985 4256 interrogaverit
1011 4182 1075 4238 de
1102 4197 1199 4237 sua
1225 4181 1492 4246 doctrina,
1521 4181 1659 4236 hanc
1682 4195 1802 4235 esse

213 4282 293 4336 illi
351 4278 677 4350 respondere
710 4275 981 4345 potestis,
1027 4274 1168 4329 sicut
1212 4282 1267 4328 et
1311 4274 1473 4329 verba
1512 4281 1566 4328 et
1600 4272 1801 4341 scripta

213 4369 373 4423 illius
402 4368 789 4422 demonstrant.

292 4458 349 4511 l.
384 4455 525 4509 Dicit
553 4455 698 4509 enim
720 4453 974 4508 deitatem
1023 4459 1223 4506 sanctae
1267 4450 1552 4506 Trinitatis
1602 4450 1799 4504 trinam

1898 3296 1965 3351 de
1988 3296 2091 3351 hoc
2138 3295 2337 3350 domno
2369 3294 2662 3373 apostolico
2689 3296 3028 3364 suggeratis,
3056 3310 3124 3349 ne
3164 3295 3478 3349 scandalum

1898 3381 2024 3437 inde
2053 3382 2107 3436 in
2141 3381 2382 3436 Ecclesia
2422 3382 2622 3445 veniat,
2655 3383 2806 3451 quasi
2855 3382 2969 3451 ipse
3008 3383 3148 3452 quod
3180 3382 3321 3438 absit
3349 3383 3475 3437 talia

1898 3471 2038 3527 sicut
2061 3471 2450 3527 Gotbescalcus
2470 3472 2686 3527 sentiat.
2718 3472 2780 3526 Et
2802 3487 2994 3542 precor
3014 3483 3073 3527 ut
3096 3475 3164 3528 de
3185 3488 3303 3528 mea
3326 3482 3479 3543 parte

1899 3562 2030 3618 nihil
2077 3562 2128 3617 ei
2177 3562 2413 3628 dicatur,
2463 3564 2590 3631 quia
2639 3572 2966 3617 commotum
3022 3564 3223 3618 dicitur
3280 3563 3479 3619 habere

1899 3667 2054 3707 suum
2085 3651 2324 3707 animum
2366 3666 2493 3719 erga
2539 3663 2645 3713 me,
2697 3650 2881 3707 multis
2898 3651 2972 3704 ad
3011 3666 3134 3705 eum
3164 3660 3351 3705 contra
3385 3660 3479 3704 me‘

1900 3738 2283 3798 scribentibus,
2308 3745 2373 3790 et.
2398 3737 2528 3790 mihi
2558 3736 2961 3803 derogantibus,
2992 3751 3061 3790 ne
3083 3736 3392 3790 scandalum
3424 3737 3479 3790 in

1901 3838 1988 3878 me
2019 3824 2142 3877 inde
2170 3830 2483 3890 retorqueat
2510 3822 2650 3874 unde
2677 3822 2891 3889 culpam
2924 3835 3030 3874 non
3059 3823 3251 3874 habeo.
3301 3820 3481 3889 Ipsum

1902 3922 2081 3969 autem
2102 3913 2312 3968 Annale
2340 3912 2485 3982 quod
2509 3912 2629 3966 dico
2659 3926 2753 3966 rex
2787 3912 2967 3975 liabet,
3003 3921 3058 3966 et
3105 3912 3219 3981 ipse
3258 3920 3341 3966 est
3388 3912 3480 3966 ille

1901 4004 2059 4068 liber,
2086 4015 2247 4072 quem
2276 4016 2461 4057 coram
2510 4000 2662 4057 vobis
2688 4000 2744 4054 in
2772 3999 3030 4063 Ecclesia,
3082 4000 3170 4054 ubi
3204 4014 3298 4055 vos
3324 4001 3480 4056 nobis

1900 4091 2319 4156 commendavit,
2342 4105 2528 4147 coram
2550 4090 2705 4145 vobis
2733 4088 2802 4144 ab
2827 4088 2920 4143 illo
2946 4088 3079 4142 mihi
3104 4088 3400 4158 praestitum
3428 4089 3481 4145 ei

1902 4182 2130 4238 reddidi.
2176 4180 2336 4236 Plura
2388 4181 2618 4249 denique
2664 4178 2822 4234 vobis
2849 4178 2915 4233 de
2963 4178 3080 4248 ipso
3126 4176 3482 4234 Gotbescalco

1900 4273 2142 4329 scribere
2176 4280 2440 4341 poteram,
2473 4284 2634 4339 quam
2686 4268 3023 4337 perniciosus
3053 4268 3151 4334 sit,
3200 4277 3255 4323 et
3312 4268 3481 4325 multo

1898 4363 2073 4435 magis
2109 4363 2304 4417 noxius
2330 4362 2437 4416 erit
2465 4359 2671 4423 multis,
2708 4361 2752 4413 si
2785 4360 2850 4414 ab
2878 4359 2991 4429 ipsa
3024 4358 3271 4413 custodia
3320 4357 3484 4414 fuerit

1903 4451 2219 4506 absolutus:
2254 4449 2379 4517 quia
2408 4463 2507 4517 pro
2555 4456 2707 4502 certo
2749 4446 2875 4501 talia
2917 4447 3049 4501 dicit
3084 4456 3141 4501 et
3175 4446 3302 4500 talia
3328 4445 3482 4512 facit,

216 4560 375 4610 esse.
429 4544 569 4599 sicut
616 4551 745 4599 sunt
785 4553 895 4599 tres
955 4550 1155 4597 sanctae
1208 4541 1490 4597 Trinitatis
1534 4555 1800 4612 personae.
1829 4528 1880 4586 ι)
1907 4543 1961 4596 in
1982 4538 2466 4611 quibusevidenter
2486 4536 2829 4606 cognoscitur
2850 4536 3321 4591 autdauuoniacus
3340 4549 3483 4600 esse,

215 4640 273 4694 9..
303 4637 453 4693 Dicit
480 4636 552 4690 ita
580 4636 846 4708 geminam
876 4648 995 4689 esse
1027 4632 1120 4688 Dei
1145 4632 1706 4702 przedestiuatiouem,
1744 4638 1806 4685 ut

220 4731 376 4785 sicut
395 4730 537 4783 Deus
559 4727 818 4797 quosdam
855 4725 921 4780 ad
949 4725 1112 4779 vitam
1130 4730 1409 4789 :eternam,
1441 4723 1516 4776 ita
1541 4721 1805 4792 quosdam

221 4817 697 4893 praedestinaverit
724 4817 791 4870 ad
813 4823 1041 4869 mortem
1088 4823 1369 4869 aeternam.
1416 4814 1470 4867 5.
1498 4811 1807 4882 Dicitquod

221 4926 338 4966 non
371 4908 492 4962 vult
518 4907 657 4962 Deus
678 4920 867 4961 omnes
891 4905 1136 4959 homines
1180 4903 1358 4958 salvos
1386 4902 1528 4968 ﬁeri,
1560 4902 1655 4957 sed
1692 4910 1809 4954 tan-

227 5010 346 5055 tum
380 5013 476 5051 cos
504 4997 592 5066 qui
620 4996 937 5052 salvantur:
967 5007 1154 5048 omnes
1196 5001 1374 5046 autem
1417 4993 1613 5049 salvari
1645 5004 1810 5059 quos-

226 5099 454 5156 cunque
496 5087 606 5154 ipse
637 5085 845 5140 salvare
872 5081 1121 5144 voluerit,
1147 5095 1211 5134 ac
1247 5094 1340 5149 per
1366 5081 1469 5135 hoc
1502 5080 1812 5149 quicunque

230 5193 343 5234 non
381 5176 680 5240 salvantur,
710 5175 921 5245 penitus
949 5186 1057 5227 non
1091 5186 1211 5226 esse
1261 5169 1552 5223 voluntatis
1584 5168 1727 5222 illius
1755 5174 1814 5221 ut

231 5266 618 5322 salventurJ.
669 5264 805 5318 Dicit
832 5263 973 5331 quod
1029 5276 1135 5315 non
1181 5272 1280 5329 pro
1310 5258 1471 5313 totius
1498 5256 1681 5312 mundi
1728 5268 1815 5309 re-

1302 5349 1526 5368 ρμε----..-
1562 5345 1732 5368 ..-ἱ-.ιΑ
1763 5352 1811 5368 Αι

1906 4638 1999 4685 aut
2043 4627 2364 4683 maniatieus
2397 4643 2410 4679 :
2462 4636 2517 4681 et
2546 4627 2699 4681 scitis
2719 4626 2978 4695 quoniam
3021 4626 3200 4680 mania
3229 4640 3349 4681 esse
3377 4640 3486 4679 non

1906 4719 2039 4775 solet
2067 4719 2268 4786 absque
2293 4715 2553 4777 daemone.
2600 4716 2669 4771 Et
2698 4715 2743 4769 si
2771 4715 2967 4785 aliquis
2996 4730 3095 4770 vos
3122 4715 3487 4785 interrogave-

1910 4811 1977 4863 rit
2005 4811 2071 4864 de
2100 4808 2270 4878 ipsius
2317 4807 2582 4872 custodia,
2610 4806 2773 4861 talem
2823 4818 2942 4860 csse
2980 4803 3248 4859 veraciter
3292 4803 3368 4857 illi
3396 4815 3488 4855 re-

1909 4899 2172 4968 spondere
2200 4896 2428 4967 potestis
2478 4913 2492 4950 :
2522 4895 2793 4964 Quidquid
2823 4894 3023 4949 fratres
3054 4892 3107 4946 in
3137 4893 3260 4947 cibo
3285 4899 3339 4947 et
3362 4899 3489 4960 potu

1912 4990 2130 5053 habent,
2158 4989 2260 5041 hoc
2281 4987 2330 5041 ei
2347 4986 2589 5055 quotidie
2618 4986 2737 5040 sine
2760 4982 2862 5036 ulla
2883 4980 3208 5053 negligentia
3223 4980 3493 5032 ministra-

1915 5078 2377 5143 tur;vestimenta
2412 5074 2486 5129 illi
2531 5077 2595 5130 ad
2647 5071 3027 5130 sufﬁcientiam
3077 5067 3397 5127 olferuntur,
3445 5064 3494 5118 si

1914 5170 2033 5222 vult
2051 5168 2136 5221 ille
2156 5168 2439 5234 accipere:
2471 5166 2613 5237 ligna
2644 5164 2712 5218 ad
2738 5162 2912 5215 focum
2945 5156 3249 5215 faciendum
3275 5153 3357 5206 illi
3380 5150 3495 5207 suf-

1914 5255 2160 5310 ﬁcienter
2189 5255 2408 5308 dantur.
2446 5253 2502 5306 In
2528 5251 2811 5309 mansione
2840 5248 2893 5300 in
2937 5261 3043 5316 qua
3084 5239 3231 5306 degit
3259 5240 3499 5291 caminu-

1916 5354 2029 5390 tnm
2050 5345 2212 5390 habet
2273 5354 2323 5368 λι
2370 5345 2741 5368 -ιιι-ι--υ-ει--η
2794 5338 3030 5368 lamna-on
3078 5330 3154 5368 illi
3204 5341 3310 5368 nnn
3339 5330 3501 5368 Anno.

2273 5354 2323 5368 ΑΒ
2370 5345 2741 5368 κΑΑΑ-.--αιξιοσυὶ
