4018 5392
551 383 612 436 ’11
1533 372 1855 430 HINCMARI
1894 373 2104 430 RHEMI

2205 376 2284 432 ilS
2317 375 2830 434 ABCHIEPISCOPI
3717 378 3788 431 72

550 500 806 565 quantum
841 501 1015 562 potest
1043 493 1095 546 in
1122 506 1214 545 sua
1246 487 1570 556 turpitudine
1599 494 1798 540 manet.
1831 487 1895 540 Et
1926 487 2110 542 sciatis
2155 551 2161 558 ,

551 586 674 654 quia
705 584 934 636 maxima
965 596 1162 636 nausea
1199 580 1251 632 in
1274 579 1372 632 ista
1403 577 1639 631 Ecclesia
1668 577 2106 642 commovebitur,

552 673 594 726 si
618 673 682 726 ad
711 673 968 742 synodum
1007 669 1189 723 venire
1221 667 1402 736 jussus
1433 667 1621 730 fuerit,
1663 676 1755 720 aut
1781 668 1846 720 de
1882 667 1993 736 ipsa
2019 683 2112 721 cu-
2141 667 2155 680 '

551 763 721 816 studia
760 761 1034 814 absolutus
1075 757 1360 811 exstiterit.
1387 758 1514 822 Quae
1556 773 1662 810 non
1704 772 1801 826 pro
1842 772 1928 811 me
1955 757 2107 822 dico,

552 854 673 920 quia
704 850 840 904 nulla
865 851 994 903 mihi
1039 851 1162 903 inde
1200 857 1282 903 est
1320 862 1446 902 cura
1471 847 1575 901 nisi
1601 863 1698 917 pro
1727 847 1868 913 aliis,
1892 849 1983 902 sed
2016 847 2113 904 vos

549 940 842 1010 probabitis
870 955 954 994 me
984 954 1164 995 rerum
1189 939 1387 994 dicere.
1413 938 1566 994 Tales
1591 939 1734 993 enim
1771 949 1995 1010 surgent
2019 939 2110 1010 qui

549 1029 720 1085 adhuc
747 1028 933 1084 latent.

1115 1156 1444 1220 EPISTOLA
1481 1152 1547 1218 Χ.

761 1313 828 1351 ΑΒ
864 1307 1126 1352 εοιιοκειι
1164 1310 1380 1350 εωωειι
1420 1308 1888 1349 ADCBIEPIHJOPUM.

549 1429 868 1484 Gothescalci
897 1427 1123 1497 ejusdem
1151 1427 1400 1497 doctrina?
1431 1425 1636 1497 uberior
1656 1424 1927 1497 erpositio,
1956 1440 2108 1494 quant

859 1493 1165 1566 pra'cedeuti
1204 1495 1418 1565 epistola
1449 1493 1797 1563 promittebat.
1835 1569 1844 1580 .

1092 1629 1253 1692 (Apud
1297 1627 1562 1689 eumdem.)

613 1751 938 1811 ῐῐικωιλῐωε,
986 1747 1198 1801 nomine
1237 1763 1342 1799 non
1388 1747 1582 1799 merito
1629 1745 1952 1798 Rhemornm
1997 1744 2110 1814 cpi-

545 1855 736 1908 scapus
759 1880 772 1902 ,
805 1853 867 1891 ac
893 1837 1064 1906 plebis
1097 1835 1187 1890 Dei
1220 1835 1475 1899 famulus,
1511 1834 1846 1888 sanctissimo
1873 1845 1926 1886 et
1967 1848 2115 1888 reve-

544 1931 848 1984 rentissimo
882 1929 1094 1983 EctLoxI
1121 1928 1540 1995 archiepiscopo.

615 2021 671 2075 Si
731 2020 922 2088 aliquis
958 2034 1054 2074 vos
1089 2017 1498 2087 interrogaverit
1541 2015 1606 2069 de
1645 2013 1978 2068 Gothescalci
2021 2015 2113 2068 do-

545 2113 745 2175 ctrina,
779 2112 919 2164 unde
943 2110 1092 2163 vobis
1126 2110 1239 2177 jam
1269 2107 1510 2176 qumdam
1552 2107 1771 2174 scripsi,
1819 2107 1957 2160 hanc
1993 2120 2113 2160 esse

545 2201 892 2270 interroganti
933 2200 1259 2268 respondere
1299 2198 1550 2268 potestis,
1598 2197 1738 2250 sicut
1777 2206 1831 2250 et
1870 2196 2031 2251 verba
2059 2205 2113 2251 et

542 2291 740 2358 scripta
785 2289 926 2343 illius
972 2291 1358 2343 demonstrant.
1401 2288 1452 2340 1.
1499 2287 1634 2339 Dicit
1678 2287 1818 2341 enim
1857 2287 2108 2340 deitatem

539 2389 740 2434 sancta;
767 2379 1047 2432 Trinitatis
1091 2380 1283 2431 trinam
1327 2391 1474 2438 esse,
1513 2377 1654 2430 sicut
1681 2384 1804 2430 sunt
1846 2387 1953 2430 tres
1988 2391 2110 2430 san-

539 2479 641 2523 cta:
669 2469 947 2522 Trinitatis
989 2482 1250 2538 personae.
1296 2467 1348 2520 2.
1399 2465 1536 2520 Dicit
1576 2466 1644 2519 ita
1685 2466 1951 2535 geminam
1989 2481 2110 2520 esse

541 2560 632 2613 Dei
677 2559 1228 2627 prtedestinationem,
1278 2566 1336 2610 ut
1383 2557 1522 2611 sicut
1567 2556 1706 2610 Deus
1751 2557 2009 2624 quosdam
2039 2558 2106 2610 ad

541 2651 707 2702 vitam
754 2657 1044 2711 aeternam,
1100 2648 1171 2700 ita
1221 2646 1478 2715 quosdam
1529 2647 1990 2714 praedestinavcrit
2041 2647 2108 2700 ad

541 2745 768 2790 mortem
813 2745 1090 2789 atternam.
1132 2737 1184 2788 5.
1222 2735 1360 2788 Dicit
1384 2735 1522 2803 quod
1550 2750 1654 2786 non
1678 2733 1787 2787 vult
1828 2735 1967 2788 Deus
1993 2752 2107 2789 om-

544 2840 640 2878 nes
671 2825 915 2879 homines
935 2823 1110 2878 salvos
1134 2823 1269 2888 ﬁeri,
1301 2823 1393 2878 sed
1425 2832 1631 2877 tantum
1651 2838 1744 2878 eos
1775 2825 1866 2892 qui
1897 2825 2107 2879 salvan-

543 2927 630 2969 tur
658 2928 672 2967 t
699 2930 886 2969 omnes
920 2923 1095 2968 autem
1121 2913 1348 2976 salvari,
1374 2927 1718 2982 quoscunque
1758 2915 1869 2982 ipse
1898 2916 2104 2968 salvare

544 3005 790 3060 Voluerit.
825 3005 900 3058 Ac
929 3018 1022 3073 per
1066 3005 1167 3059 hoc
1211 3005 1514 3073 quicunque
1549 3019 1653 3058 non
1694 3004 1988 3068 salvantur,
2017 3021 2105 3074 pe-

541 3096 684 3149 nitus
712 3110 814 3148 non
845 3108 967 3148 esse
991 3093 1276 3148 voluntatis
1302 3093 1447 3147 illius
1487 3102 1544 3147 ut
1569 3093 1857 3148 salventur.
1891 3095 2102 3160 Omnia,

544 3184 721 3250 inquit
745 3181 1058 3250 Scriptura,
1096 3199 1410 3251 quwcuuque
1437 3182 1596 3236 voluit
1626 3183 1876 3238 Dominus
1906 3185 2024 3252 fecit
2050 3186 2103 3239 in

537 3273 662 3326 caelo
691 3282 735 3324 et
760 3273 812 3324 in
839 3280 998 3337 terra,
1030 3273 1083 3324 in
1113 3274 1245 3324 mari
1271 3282 1316 3326 et
1347 3273 1399 3325 in
1427 3273 1663 3326 omnibus
1691 3275 1888 3342 abyssis
1929 3272 2098 3342 (Psal.

536 3379 756 3426 cxxxtv,
786 3362 861 3430 6),
894 3373 1020 3426 etc.;
1070 3363 1137 3416 lu
1177 3363 1437 3417 voluntate
1473 3374 1594 3430 tua,
1642 3364 1885 3427 Domine,
1917 3376 2101 3418 cuncta

537 3460 655 3504 sunt
679 3451 866 3518 posita,
895 3460 941 3502 et
970 3466 1071 3502 non
1101 3459 1172 3502 est
1207 3451 1296 3518 qui
1331 3451 1494 3517 possit
1520 3461 1623 3504 tua:
1651 3451 1886 3504 resistere
1923 3453 2103 3505 rolun-

539 3538 634 3590 tati
691 3537 900 3607 (Est/ter
941 3553 1060 3601 xui,
1108 3538 1182 3606 9).
1234 3538 1373 3608 Ergo
1417 3553 1522 3592 non
1563 3539 1671 3593 vult
1713 3555 1898 3595 omnes
1927 3541 2102 3597 salvos

535 3626 688 3691 ﬁeri,
734 3627 827 3680 sed
866 3634 1068 3680 tantum
1111 3641 1203 3680 eos
1233 3627 1322 3695 qui
1372 3627 1675 3692 salvantur,
1724 3630 1847 3697 quia
1899 3631 1944 3683 si
1987 3632 2102 3686 vult

535 3715 676 3782 quod
708 3729 810 3767 non
841 3723 1041 3782 potest,
1067 3715 1406 3783 omnipotens
1434 3730 1537 3768 non
1573 3725 1676 3770 est.
1708 3717 1762 3769 4.
1794 3717 1933 3771 Dicit
1957 3719 2097 3787 quod

534 3818 638 3856 non
671 3817 766 3869 pro
803 3801 966 3855 totius
994 3801 1174 3854 mutuli
1207 3802 1604 3869 redemptione,
1647 3803 1700 3856 id
1746 3811 1828 3857 est
1871 3819 1974 3858 non
2000 3819 2099 3874 pro

533 3890 772 3944 omnium
814 3890 1087 3943 hominum
1122 3889 1291 3942 salute
1331 3898 1386 3944 et
1417 3891 1812 3959 redemptione,
1843 3891 2098 3948 Dominus

531 3988 587 4033 et
617 3977 863 4032 Salvator
887 3987 1072 4030 noster
1091 3975 1245 4030 Jesus
1272 3977 1518 4031 Christus
1547 3979 1617 4032 sit
1647 3979 1940 4034 cruciﬁxus
1960 4021 1974 4044 ,
2003 3981 2098 4035 sed

534 4077 743 4122 tantum
767 4083 862 4136 pro
887 4068 970 4120 his
991 4067 1078 4134 qui
1110 4067 1404 4120 salvantur.
1435 4067 1487 4121 5.
1515 4068 1654 4122 Dicit
1677 4083 1950 4138 exponens
1971 4087 2095 4126 sen-

535 4157 757 4212 tentiam
799 4155 1024 4225 apostoli
1055 4155 1230 4220 Petri,
1263 4173 1379 4210 eum
1408 4158 1495 4225 qui
1529 4159 1651 4210 emit
1693 4174 1778 4211 eos
1817 4158 2094 4214 Dominum

533 4257 774 4316 negantes
805 4245 888 4315 (11
929 4244 1075 4300 Petr.
1106 4262 1177 4308 ιι,
1211 4246 1294 4316 1),
1337 4245 1626 4314 Baptismi,
1671 4247 1873 4316 inquit,
1915 4264 2096 4303 sacra-

533 4344 713 4390 mento
743 4352 833 4390 eos
860 4337 1019 4400 emit,
1053 4353 1156 4390 non
1186 4345 1362 4389 tamen
1401 4351 1496 4404 pro
1534 4337 1612 4392 eis
1644 4353 1857 4393 crucem
1887 4341 2048 4395 subiit
2077 4380 2093 4407 ,

531 4440 706 4493 neque
745 4426 1055 4501 sanguinem
1083 4426 1332 4494 pertulit,
1365 4441 1537 4495 neque
1581 4429 1892 4498 sanguinem
1937 4431 2091 4488 fudit.

534 4513 685 4568 Unde
729 4515 888 4568 latius
929 4516 1068 4569 dicta
1120 4515 1170 4568 in
1217 4516 1586 4584 suisseriptis
1628 4518 1986 4575 inveniuntur.
2015 4524 2093 4577 Ex

533 4605 724 4673 quibus
751 4604 1042 4658 mortiferis
1063 4605 1310 4673 capitulis
1337 4614 1530 4673 quanta
1562 4606 1788 4660 exitiosa
1813 4610 2090 4678 prodeant,

531 4693 828 4746 catholicus
888 4703 943 4746 et
1008 4693 1278 4746 litteratus
1332 4695 1558 4763 quisque
1621 4697 1933 4764 conspicere
1989 4714 2088 4768 po-

531 4790 654 4838 ιοει.

517 4903 520 4910 -
597 4873 647 4924 1.
701 4871 834 4924 Hinc
877 4871 1021 4924 enim
1081 4871 1455 4927 adinventione
1503 4873 1699 4928 diaboli
1749 4876 1973 4932 dicentis
2024 4880 2090 4932 ad

527 4963 696 5016 Adam
727 4980 739 5015 :
779 4962 938 5014 Eritis
964 4963 1095 5015 sicut
1136 4962 1212 5015 dii
1249 4961 1399 5032 (Gen.
1431 4979 1513 5028 Ill,
1541 4963 1618 5032 5),
1657 4964 1937 5032 pluralitas
1965 4969 2092 5021 deo-

528 5065 646 5103 rum
678 5049 969 5111 inducitur,
992 5049 1243 5116 quoniam
1281 5050 1324 5102 si
1359 5050 1497 5102 trina
1526 5058 1609 5104 est
1637 5051 1818 5105 Deitas
1838 5091 1854 5116 ,
1880 5061 1989 5107 tres
2013 5054 2086 5107 dii
2113 5039 2128 5050 ’

526 5146 702 5191 erunt.
754 5137 1020 5193 Unitatem
1060 5137 1258 5205 quippe
1301 5138 1352 5189 in
1399 5135 1696 5203 Trinitate,
1753 5155 1859 5192 non
1902 5141 2088 5194 eadem

2215 491 2484 558 seraphim
2513 507 2526 543 ι
2555 487 2802 554 Sanctus,
2830 498 3060 552 sanctus,
3086 497 3297 542 sanctus
3348 487 3600 542 Dominus
3640 489 3784 544 Deus

2215 578 2443 632 Sabaoth
2463 577 2596 641 (Isa.
2623 594 2696 641 vt,
2725 577 2800 636 5).
2826 577 2891 630 Et
2920 577 3236 632 concinente
3259 578 3464 632 David:
3501 577 3786 632 Benedicti:

2214 687 2306 722 nos
2337 669 2473 722 Deus
2497 669 2634 722 Deus
2665 678 2867 731 noster;
2894 658 3156 723 benedicat
3185 685 3278 722 nos
3302 669 3458 731 Deus,
3481 669 3528 722 et
3552 681 3782 724 Metuant

2212 775 2328 811 eum
2354 774 2529 812 omnes
2553 760 2682 827 ﬁnes
2723 767 2874 812 terra:
2896 757 3066 829 (Psal.
3099 774 3243 823 LXVI,
3266 758 3341 826 8).
3393 757 3461 813 Et
3493 759 3786 813 conﬁtente

2213 847 2379 902 Paulo
2404 866 2418 902 :
2451 847 2533 900 Ex
2563 849 2692 916 ipso,
2723 858 2767 901 et
2788 865 2878 918 per
2894 851 3078 917 ipsum,
3110 859 3156 902 et
3183 849 3258 918 _in
3283 849 3392 917 ipso
3433 858 3552 902 sunt
3581 851 3781 903 omnia.

2213 937 2324 1005 Ipsi
2347 936 2513 1006 gloria
2535 936 2692 1006 (Rom
2734 953 2810 1001 xt,
2833 938 2942 1003 '56).
2971 938 3103 992 Cum
3133 952 3252 992 esse
3302 939 3444 993 Deus
3474 955 3612 993 unus
3647 941 3786 993 dici-

2217 1034 2322 1090 tur,
2347 1037 2402 1079 et
2441 1026 2494 1079 in
2520 1025 2754 1090 nomine,
2783 1041 2888 1080 non
2937 1027 2989 1080 in
3023 1027 3346 1091 nominibus,
3379 1028 3606 1083 credens
3654 1031 3782 1096 qui—

2213 1129 2317 1183 que
2351 1114 2608 1183 baptizari
2639 1115 2963 1184 praecipitur,
2997 1126 3051 1170 et
3083 1131 3112 1168 a
3137 1117 3408 1184 seraphim
3441 1125 3522 1170 ter
3549 1116 3782 1171 Sanctus

2213 1212 2478 1267 cantatur,
2512 1213 2567 1260 et
2590 1221 2726 1259 unus
2754 1205 3011 1259 Dominus
3038 1207 3176 1260 Deus
3203 1206 3438 1262 Sabaoth
3471 1209 3780 1272 conﬁtetur,

2214 1304 2270 1348 et
2299 1311 2326 1348 a
2358 1295 2523 1349 David
2555 1305 2635 1348 ter
2665 1297 2804 1350 Deus
2840 1297 3166 1361 nominatur,
3197 1305 3252 1350 et
3283 1299 3446 1352 metui
3469 1313 3564 1366 per
3582 1314 3781 1354 omnes

2215 1386 2348 1440 ﬁnes
2378 1397 2534 1440 terra:
2575 1391 2712 1441 unus
2746 1396 2954 1452 oratur,
2983 1396 3035 1442 et
3071 1404 3101 1441 a
3140 1388 3306 1443 Paulo
3329 1399 3446 1457 post
3491 1391 3805 1448 Trinitatis

2214 1477 2604 1532 confessionem
2647 1493 2785 1532 unus
2831 1478 2969 1532 Deus
2997 1477 3346 1548 gloriﬁcatur,
3377 1481 3539 1534 trium
3587 1497 3782 1549 perso-

2213 1580 2402 1619 narum
2445 1575 2643 1620 sancta:
2673 1566 2950 1621 Trinitatis
2977 1583 3081 1620 una
3122 1569 3312 1634 deitas,
3341 1585 3462 1638 quae
3494 1571 3781 1627 Trinitatis

2211 1662 2294 1707 est
2318 1653 2513 1716 unitas,
2544 1655 2963 1708 demonstratur.
3012 1656 3089 1708 Ac
3117 1671 3212 1724 per
3241 1659 3372 1721 hoc,
3407 1669 3669 1727 quantum
3711 1679 3780 1718 ex

2213 1757 2272 1796 se
2317 1750 2416 1805 est,
2449 1743 2546 1796 ista
2597 1745 3046 1812 perniciosissima
3093 1747 3305 1813 haeresi,
3333 1749 3644 1804 idololatrite
3702 1753 3781 1804 vi-

2212 1832 2406 1886 delicet
2433 1842 2621 1896 matre,
2651 1849 2680 1885 a
2712 1834 2936 1901 mystica
2972 1833 3183 1888 Niczena
3206 1839 3412 1905 synodo
3438 1839 3619 1905 gladio
3650 1855 3774 1895 ver-

2211 1922 2264 1974 bi
2296 1922 2383 1974 Dei
2422 1932 2717 1990 perentpta,
2747 1933 2800 1976 et
2827 1923 2894 1976 ab
2916 1924 3018 1977 isto
3048 1939 3218 1994 nuper
3264 1928 3604 1991 resuscitata,
3642 1928 3777 1984 ﬁdes

2213 2009 2266 2062 in
2295 2026 2398 2078 qua
2445 2011 2700 2079 baptizati
2731 2027 2934 2069 sumus.
2967 2021 3021 2066 et
3065 2029 3170 2081 qua
3202 2017 3364 2070 corde
3413 2018 3651 2072 creditur
3706 2020 3778 2071 ad

2205 2099 2515 2168 justitiam,
2562 2110 2616 2154 et
2663 2114 2758 2154 ore
2811 2101 3098 2156 conﬁtetur
3172 2103 3239 2156 ad
3313 2105 3538 2160 salutent
3611 2121 3775 2162 ever-

2214 2189 2366 2242 titur.

2279 2279 2334 2332 2.
2379 2278 2554 2334 Liberi
2609 2277 2816 2334 arbitrii
2865 2294 3066 2349 opera,
3112 2282 3223 2336 sive
3265 2281 3401 2337 bona
3450 2283 3563 2336 sive
3611 2283 3774 2345 mala,

2212 2367 2342 2420 nihil
2369 2367 2544 2422 valere
2569 2369 2635 2422 ad
2683 2369 2955 2434 metitum,
2987 2371 3079 2424 sed
3107 2371 3219 2423 sive
3247 2372 3311 2424 ad
3337 2373 3498 2424 vitam
3545 2373 3660 2426 sive
3708 2375 3774 2426 ad

2212 2469 2460 2522 mortem,
2487 2469 2677 2512 cuncta
2708 2459 2799 2512 Dei
2824 2459 3343 2526 praedestinationem
3377 2476 3552 2530 agere,
3579 2463 3645 2516 ab
3668 2463 3770 2516 ista

2209 2562 2373 2614 prava
2398 2547 2643 2600 doctrina
2670 2547 3001 2600 enucleatur.
3028 2548 3070 2601 A
3095 2563 3199 2616 qua
3221 2559 3276 2603 et
3300 2549 3540 2618 reprobis
3569 2551 3774 2605 tollitur

2209 2637 2456 2689 meritum
2490 2637 2878 2701 damnationis,
2909 2646 2968 2692 et
3011 2636 3170 2706 justis
3228 2640 3476 2694 meritum
3529 2639 3774 2695 aufertur

2208 2729 2417 2784 salutis.
2462 2730 2540 2782 Ac
2565 2745 2662 2798 per
2687 2730 2789 2784 hoc
2825 2743 2924 2783 nec
2974 2729 3047 2784 illi
3090 2728 3235 2797 juste
3281 2729 3625 2796 damnantur,
3675 2732 3770 2800 qui

2203 2820 2334 2889 justi
2363 2834 2482 2873 esse
2525 2835 2632 2873 non
2665 2828 2887 2888 possunt
2917 2833 3056 2872 :nee
3109 2818 3197 2872 isti
3232 2819 3379 2888 juste
3425 2834 3772 2873 remuneran-

2210 2921 2315 2975 tur,
2343 2912 2467 2980 quia
2499 2911 2640 2966 aliud
2675 2927 2834 2980 quam
2879 2909 3008 2979 justi
3057 2926 3178 2966 esse
3231 2926 3337 2966 non
3367 2920 3611 2981 possunt.
3659 2912 3772 2977 Nec

2208 3000 2420 3068 injustis
2441 3017 2570 3070 ergo
2591 3001 2881 3070 quidquam
2903 3001 3134 3069 acquirit
3163 3001 3432 3065 meritum,
3458 3015 3556 3054 nec
3579 3001 3632 3055 in
3661 3003 3771 3055 ele-

2206 3091 2308 3143 etis
2336 3088 2534 3156 aliquid
2583 3089 2756 3158 gratia
2803 3097 3058 3157 eperatur
3088 3105 3102 3140 :
3135 3088 3227 3142 sed
3260 3089 3315 3142 in
3352 3098 3580 3158 utraque
3620 3098 3774 3158 parte

2205 3186 2258 3230 et
2282 3178 2506 3246 perditio
2543 3185 2598 3231 et
2635 3177 2782 3232 salus
2818 3193 2922 3232 non
2955 3189 3036 3232 est
3073 3195 3138 3232 ex
3181 3178 3380 3248 judicio
3423 3182 3652 3250 propriae
3680 3198 3771 3237 ac-

2205 3269 2385 3330 tionis,
2416 3269 2508 3322 sed
2536 3283 2600 3322 ex
2631 3269 2939 3337 przejudicio
2969 3270 3173 3324 Domini
3211 3273 3528 3337 voluntatis,
3575 3282 3770 3328 lotum-

2203 3372 2306 3426 que
2334 3357 2423 3410 Dei
2464 3358 2681 3426 opilicio
2724 3359 3078 3426 reputabitur.
3123 3359 3237 3415 Non
3283 3365 3425 3416 enim
3469 3372 3646 3432 potest
3677 3347 3772 3418 ldi-

2201 3462 2322 3502 cere
2362 3447 2670 3516 ﬁgmentum
2715 3447 2764 3500 ei
2805 3449 2894 3516 qui
2940 3463 2997 3503 se
3029 3450 3194 3513 ﬁnxit,
3245 3451 3420 3514 Quare
3465 3467 3552 3506 me
3594 3453 3768 3506 fecisti

2202 3537 2323 3590 sic?
2361 3536 2473 3590 Non
2520 3537 2685 3604 igitur
2727 3537 2921 3606 aliquis
2965 3537 3132 3590 libero
3171 3538 3394 3592 arbitrio
3441 3539 3769 3594 condemna-

2199 3625 2366 3689 bitur,
2399 3642 2498 3680 nec
2525 3627 2808 3694 quisquam
2834 3641 2930 3694 pro
2959 3625 3123 3694 gratia
3165 3626 3556 3680 misericordias
3586 3626 3768 3682 Domi-

2199 3712 2254 3766 ni
2295 3714 2349 3767 in
2393 3723 2651 3768 :eternum
2695 3717 2954 3768 cantabit.
3002 3714 3056 3768 Si
3088 3713 3252 3777 enim,
3282 3716 3421 3782 quod
3450 3730 3626 3770 caecus
3666 3719 3768 3772 iste

2197 3799 2251 3854 in
2297 3801 2520 3855 meridie
2563 3801 2784 3870 palpans
2826 3819 2932 3855 non
2979 3802 3150 3865 videt,
3199 3802 3421 3856 liberum
3469 3814 3767 3858 non.esset

2197 3889 2503 3956 arbitrium,
2536 3892 2676 3946 unde
2722 3900 2865 3945 totus
2909 3891 2961 3944 in
3007 3906 3184 3946 massa
3235 3891 3548 3960 perditionis
3591 3891 3764 3948 Adam

2195 3983 2467 4053 perditus,
2500 3999 2621 4038 cum
2663 3984 2776 4036 suis
2811 3983 2973 4037 etiam
3016 3983 3210 4036 additis
3249 3982 3396 4049 juste
3431 3983 3766 4050 judicaretur

2196 4074 2467 4129 mundus?
2504 4073 2569 4128 Et
2591 4090 2828 4138 rursum,
2869 4071 2970 4126 nisi
2996 4071 3087 4126 Dei
3113 4071 3285 4140 gratia
3310 4081 3471 4136 esset,
3498 4075 3764 4142 quomodo

2195 4180 2262 4219 ex
2302 4163 2486 4218 eadem
2517 4179 2688 4217 massa
2733 4161 3050 4232 perditionis
3089 4161 3312 4226 electus,
3354 4161 3409 4215 id
3452 4169 3563 4226 est,
3594 4163 3763 4232 gratia

2201 4251 2370 4306 lectus
2403 4251 2702 4305 salvaretur
2726 4249 2992 4304 mundus?
3022 4249 3405 4313 Misericordia,
3431 4250 3602 4319 inquit
3622 4251 3764 4318 psal-

2199 4357 2338 4405 mus,
2373 4350 2421 4393 et
2450 4341 2635 4394 veritas
2663 4341 2989 4393 obviaverunt
3026 4340 3144 4404 sibi,
3165 4340 3373 4408 justitia
3405 4348 3453 4392 et
3478 4357 3584 4409 pax
3610 4357 3763 4394 oscu-

2197 4428 2318 4482 latw
2361 4438 2480 4482 sunt
2517 4425 2700 4497 (Psal.
2741 4443 2957 4492 Lxxxw,
2990 4427 3108 4498 ll).
3149 4426 3510 4482 Misericordia
3546 4430 3762 4497 quidem

2193 4528 2300 4582 est,
2346 4535 2450 4588 qua
2494 4519 2768 4572 salvantur
2809 4518 3002 4573 electi:
3040 4517 3242 4572 veritas
3288 4530 3467 4572 autem
3507 4529 3621 4583 est,
3657 4537 3761 4590 qua

2193 4611 2247 4664 in
2278 4625 2453 4665 massa
2483 4611 2800 4678 perditionis
2828 4609 3146 4664 deseruntur
3171 4610 3366 4664 relicti.
3392 4611 3606 4666 .lnstitia
3637 4614 3760 4682 qui-

2191 4700 2312 4754 dem
2353 4709 2453 4765 est,
2483 4701 2608 4768 quia
2654 4715 2758 4753 non
2806 4710 3152 4752 assumuntur
3194 4702 3446 4769 reprobi:
3493 4718 3593 4771 pax
3630 4717 3761 4758 vero

2191 4791 2276 4845 his
2304 4801 2403 4855 est,
2430 4807 2534 4862 qua
2557 4793 2622 4846 de
2649 4807 2750 4843 una
2778 4791 3074 4858 eademque
3101 4806 3276 4846 massa
3303 4794 3616 4861 perditionis
3639 4809 3760 4863 gla-

2192 4884 2262 4936 tia
2297 4884 2425 4936 ﬁunt
2460 4883 2632 4952 probi.
2678 4881 2830 4936 Unde
2865 4881 3060 4937 Paulus
3110 4883 3275 4937 dicit:
3317 4881 3586 4952 Stipendia
3623 4887 3758 4938 enim

2188 4970 2384 5037 peccati
2430 4987 2597 5036 mors,
2637 4969 2810 5039 gratia
2853 4981 3023 5025 autent
3065 4971 3164 5026 Dei
3203 4973 3304 5026 vita
3335 4981 3528 5026 (eterna
3571 4970 3753 5043 (Rom.

2189 5072 2264 5120 Vl,
2291 5057 2414 5125 25).

2221 5141 2224 5144 ’
2254 5144 2308 5196 5.
2343 5145 2448 5197 Sed
2477 5153 2531 5198 et
2555 5148 2692 5202 male
2722 5148 3120 5217 interpretando
3148 5146 3482 5217 Scripturam
3509 5165 3523 5202 :
3566 5149 3754 5204 Omnia
