4018 5392
197 365 272 423 rs
1184 333 1232 346 ”
1667 357 1798 416 EPIE

1901 357 2048 414 MO
2781 334 2788 342 .
3415 349 3492 415 ﬂ

197 479 318 550 ejus
348 477 549 537 salvari
581 491 688 533 non
725 483 970 547 possunt,
1020 486 1075 530 et
1115 477 1200 530 his
1235 477 1326 545 qui
1372 475 1573 539 alieno,
1607 474 1660 528 id
1706 483 1788 529 est
1817 477 1868 536 Α
1895 473 2010 526 bris
2047 479 2394 528 remanentes
2429 477 2683 543 pereunt,
2711 469 3053 540 pereuntium
3087 479 3173 526 est
3208 459 3488 530 meritum.

197 571 366 647 primi
408 571 654 642 parentis
698 580 923 640 pecca:o
972 569 1171 623 vcnditi
1203 576 1350 630 sunt,
1390 577 1443 623 et
1469 583 1571 638 pro
1599 567 1796 637 quibus

200 678 311 720 non
332 670 420 718 est
438 661 565 717 data
594 660 915 731 redemptio.
947 661 1017 716 ab
1067 658 1158 715 illo
1201 670 1562 715 asscveratur.
1614 660 1678 714 Et
1711 659 1795 713 vel

201 772 316 814 non
346 754 679 825 intelligens,
726 752 811 809 vel
849 754 1085 808 scienter
1137 753 1473 808 mendaciter
1524 753 1791 823 interpr-ev

204 857 332 906 tans
359 863 430 904 es
480 847 782 918 Scripturis
815 845 959 916 quod
1008 846 1146 901 bene
1185 855 1240 900 et
1270 859 1396 900 vere
1446 843 1648 899 dictum
1688 853 1794 909 est,

201 942 334 998 dum
379 939 550 994 Deum
589 938 864 1004 inﬁrmum
920 937 1101 994 dicere
1146 937 1302 1000 vitat.
1350 936 1594 1006 iniquum
1641 935 1793 1002 facit,

200 1034 523 1104 dedignans,
567 1047 698 1088 usus
740 1031 975 1102 pessimo
997 1039 1336 1102 praeceptore
1361 1030 1560 1101 seipso,
1595 1029 1664 1084 ab
1688 1029 1798 1084 alio

197 1125 412 1181 discere
448 1124 686 1196 qualiter
715 1124 909 1180 debeat
953 1123 1281 1195 intelligere,
1311 1122 1437 1194 quia
1467 1130 1595 1178 sunt
1645 1138 1797 1193 qua:-

202 1218 334 1273 dam
379 1231 498 1287 quin
541 1212 753 1270 dicitut'
788 1230 895 1271 non
949 1229 1110 1286 posse
1155 1215 1534 1284 omnipotens,
1567 1213 1799 1270 docente

202 1306 396 1370 Paulo,
423 1305 562 1361 Deus
583 1305 757 1376 ﬁdelis
782 1317 1074 1376 permanet,
1099 1305 1332 1376 seipsum
1368 1321 1557 1377 negare
1572 1321 1676 1359 non
1696 1321 1793 1376 po-

202 1404 304 1451 test
331 1395 418 1468 (II
470 1395 608 1450 Tim.
645 1411 707 1462 ιι,
738 1396 850 1467 15).
911 1395 1015 1464 Qui
1061 1397 1228 1452 etiam
1277 1395 1499 1461 mutari,
1555 1396 1796 1464 mentiri,

201 1489 340 1555 falli,
377 1505 626 1560 peccare,
654 1489 823 1545 miser
865 1490 1010 1558 fieri,
1041 1490 1185 1545 vinci
1217 1505 1282 1546 ac
1303 1489 1441 1545 mori
1465 1505 1572 1545 non
1593 1498 1791 1560 potest.

202 1583 337 1652 Quae
362 1592 415 1637 et
436 1583 524 1638 his
545 1581 742 1638 similia
768 1582 812 1638 si
853 1593 1058 1655 posset,
1088 1583 1173 1638 vel
1202 1583 1248 1637 si
1288 1583 1407 1638 haec
1428 1581 1566 1637 velle
1593 1591 1796 1652 posset,

203 1675 549 1745 omnipotens
595 1689 702 1728 non
730 1682 896 1729 esset.
932 1673 1085 1729 Unde
1113 1689 1258 1729 nunc
1297 1672 1516 1745 longum
1550 1681 1633 1728 est
1659 1673 1796 1728 scri-

203 1765 363 1829 bere,
395 1773 452 1820 et
500 1763 546 1819 si
580 1764 671 1820 hic
697 1764 895 1820 nebulo
943 1765 997 1819 in
1029 1763 1114 1819 his
1146 1779 1339 1819 sanum
1375 1778 1594 1818 sensum
1635 1764 1799 1819 habe-

1900 562 2169 617 Universae
2207 564 2342 617 enim
2383 565 2483 618 νεα»
2508 563 2720 618 Domini
2767 563 3131 620 misericordia
3178 573 3228 618 et
3269 563 3490 621 veritas-

1900 655 1970 709 Ut
2015 657 2160 711 enim
2210 672 2337 711 reus
2379 657 2690 723 damnetur,
2742 656 3087 726 inculpabilis
3134 655 3231 712 Dei
3275 656 3490 728 justiti:

1898 759 2015 814 est;
2049 759 2108 804 ut
2134 759 2317 804 autem
2349 765 2474 805 reus
2501 749 2852 820 justiticetur,
2887 748 3172 805 ineﬂ'ahilis
3199 749 3293 806 Dei
3315 750 3492 821 gratia

1899 849 2003 895 est.
2028 840 2094 895 Et
2123 841 2424 911 redemptio
2448 840 2666 895 humani
2697 840 2910 911 generis
2937 841 3189 896 omnibus
3213 840 3492 912 proposita

1900 940 2004 993 est,
2036 931 2129 986 sed
2161 931 2416 986 ﬁdelibus
2437 931 2528 985 dat
2557 931 2804 986 salutem.
2851 931 2943 985 Sic
2976 930 3114 984 enim
3140 930 3324 984 dilexit
3347 929 3491 984 Deus

1901 1022 2180 1086 mundum,
2201 1031 2258 1077 ut
2282 1020 2481 1076 Filium
2507 1039 2660 1076 suum
2683 1023 3007 1092 unigenitum
3029 1023 3214 1087 daret;
3241 1032 3297 1076 ut
3321 1024 3491 1078 omnis

1899 1114 1991 1184 qui
2021 1114 2186 1168 credit
2211 1114 2266 1168 in
2300 1131 2418 1169 eum
2443 1131 2546 1168 non
2581 1123 2783 1185 pereat,
2804 1115 2895 1168 sed
2921 1115 3108 1169 habeat
3145 1115 3306 1169 vitam
3337 1126 3492 1168 ater-

1903 1221 2059 1272 nam;
2087 1207 2178 1277 qui
2212 1215 2384 1261 autem
2427 1223 2530 1261 non
2559 1207 2745 1271 credit,
2762 1207 2880 1277 jam
2903 1207 3178 1277 judicatus
3206 1217 3280 1262 est
3307 1207 3492 1277 (Joan.

1902 1294 2009 1366 ιιι).
2053 1295 2207 1363 Quod
2237 1306 2293 1352 et
2317 1296 2582 1353 Dominus
2619 1297 2857 1351 ostendit
2895 1297 3114 1366 quando
3152 1308 3495 1353 sacramenta

1903 1389 2176 1459 passionis
2217 1406 2329 1445 suae
2374 1391 2654 1462 discipulis
2696 1401 2754 1446 et
2797 1390 3058 1461 apostolis
3105 1392 3220 1446 suis
3271 1393 3497 1448 tradidit

1903 1480 2094 1537 dicens
2124 1499 2137 1536 :
2169 1481 2282 1537 Hoc
2307 1493 2380 1537 est
2414 1500 2604 1554 corpus
2642 1499 2836 1548 meum,
2864 1483 3005 1554 quod
3025 1499 3120 1552 pro
3147 1483 3288 1538 vobis
3319 1484 3496 1537 trade-

1903 1583 1991 1628 tur
2017 1573 2168 1646 (Luc.
2187 1589 2330 1640 amt,
2358 1576 2477 1646 l9);
2507 1584 2563 1631 et
2588 1593 2600 1628 :
2630 1575 2733 1630 Hic
2761 1587 2836 1631 est
2862 1577 3077 1647 sanguis
3104 1592 3268 1641 meus,
3291 1577 3380 1646 qui
3401 1591 3497 1646 pro

1901 1665 2043 1720 vobis
2065 1676 2113 1720 et
2137 1683 2232 1737 pro
2262 1666 2440 1721 multis
2461 1667 2764 1738 eﬁ'undetur
2791 1667 2986 1739 (ibid.).
3025 1665 3326 1736 Utrumque
3348 1665 3494 1722 enim

1905 1757 1961 1813 in
1984 1758 2279 1830 Evangelio
2306 1757 2600 1815 invenitur.
2646 1760 2794 1815 Inter
2821 1775 2976 1830 quos,
3013 1759 3211 1830 quibus
3236 1759 3352 1816 haec
3378 1768 3492 1814 tra-

202 1864 310 1919 rei,
347 1855 402 1909 in
427 1855 530 1910 hac
556 1854 829 1910 sententia
873 1869 979 1909 non
1006 1863 1236 1918 erraret,
1267 1854 1360 1925 qui
1389 1853 1515 1908 dum
1543 1853 1801 1926 dedigna-
1828 1840 1879 1901 B
1905 1849 2062 1916 didit,
2092 1860 2212 1906 erat
2244 1859 2297 1906 et
2323 1849 2514 1916 Judas,
2545 1852 2901 1923 reproborum
2947 1861 3136 1907 tenens
3160 1861 3393 1922 partem,
3420 1852 3496 1907 si-

203 1954 297 2002 tur
328 1944 446 1999 ﬁeri
475 1944 776 2016 discipulus
798 1944 1067 2011 veritatis,
1105 1945 1152 1999 si
1180 1945 1230 2000 ei
1278 1944 1487 2010 liceret,
1535 1944 1800 2016 magister

201 2033 324 2089 ﬁeri
349 2034 510 2090 vellet
537 2034 760 2090 erroris.

274 2135 330 2190 ι.
362 2135 585 2191 Necnon
613 2143 670 2190 et
706 2134 960 2206 loquente
988 2133 1054 2189 de
1083 2148 1260 2204 sclpso
1291 2134 1346 2189 in
1375 2149 1572 2206 magno
1593 2133 1788 2191 Petro:

203 2233 334 2292 Non
373 2234 552 2289 tardat
582 2233 842 2289 Dominus
885 2233 1159 2304 promissis
1206 2235 1355 2300 suis,
1411 2233 1501 2288 sed
1541 2235 1802 2304 patienter

199 2334 312 2406 agi.
339 2342 553 2404 propter
591 2349 700 2391 vos.
726 2331 907 2388 nolens
949 2332 1156 2404 aliquos
1184 2334 1373 2404 perire,
1409 2334 1499 2387 sed
1532 2349 1709 2388 omnes
1731 2335 1800 2388 ad

199 2437 562 2510 penitentiam
605 2437 791 2492 reverti
835 2435 920 2508 (11
962 2435 1111 2490 Petr.
1140 2453 1236 2502 ιιι,
1281 2437 1371 2509 9);
1419 2445 1475 2492 et
1519 2437 1574 2492 in
1619 2439 1800 2495 divino

198 2538 380 2596 Paulo
415 2555 429 2592 :
475 2535 665 2593 Omnes
709 2537 944 2593 homines
986 2537 1094 2593 vult
1137 2537 1311 2592 salvos
1348 2537 1488 2608 ﬁeri,
1527 2537 1619 2608 qui
1658 2537 1802 2594 dedit

201 2643 618 2713 redemptionem
661 2642 996 2714 semetipsum
1027 2658 1124 2713 pro
1155 2641 1396 2696 omnibus
1419 2639 1475 2713 (I
1501 2639 1634 2706 Tim,
1658 2659 1720 2709 ιι,
1743 2642 1796 2708 4,

196 2746 373 2818 etii);
417 2743 726 2801 et:Gratia
746 2744 845 2800 Dei
890 2761 986 2816 pro
1027 2745 1269 2800 omnibus
1309 2747 1535 2817 gustavit
1579 2755 1800 2801 mortem

195 2835 400 2911 (Hebr.
431 2852 494 2902 ιι,
516 2835 607 2910 9);
637 2845 695 2894 et
721 2853 738 2892 :
767 2835 832 2893 Si
855 2853 993 2892 unus
1035 2853 1131 2906 pro
1155 2838 1398 2892 omnibus
1433 2847 1674 2893 mortuus
1699 2847 1800 2906 est,

189 2952 330 3008 ergo
366 2952 545 2992 omnes
575 2934 773 2992 mortui
809 2945 952 3003 sunt,
986 2945 1036 2992 et
1062 2953 1156 3006 pro
1189 2937 1431 2992 omnibus
1461 2948 1701 2992 mortuus
1724 2947 1800 2993 est

189 3031 452 3089 Christus
478 3031 568 3105 (ιι
589 3029 714 3090 Cor.
742 3047 799 3098 v,
823 3030 946 3104 id);
993 3039 1050 3087 et
1089 3031 1144 3086 in
1181 3032 1444 3103 propheta
1488 3048 1611 3088 cum
1649 3033 1802 3103 jura-

194 3135 397 3181 mento
417 3134 639 3197 propter
663 3123 971 3180 incredulos
1002 3142 1014 3177 :
1052 3121 1181 3178 Vivo
1209 3139 1329 3194 ego,
1361 3123 1488 3177 dicit
1518 3123 1795 3192 Dominus,

1902 1949 1995 1995 cut
2036 1950 2093 1996 et
2129 1942 2315 1996 caeteri
2349 1941 2598 2013 discipuli
2639 1942 2935 1998 electorum
2963 1951 3174 2013 partem
3223 1943 3494 1998 ferebant.

1900 2029 2048 2086 ldem
2074 2031 2276 2103 quippe
2317 2048 2424 2087 non
2459 2049 2558 2102 pro
2586 2033 2839 2088 omnibus
2865 2035 2962 2088 sed
2991 2049 3087 2102 pro
3114 2032 3294 2088 multis
3331 2033 3495 2102 dixit,

1901 2122 2032 2192 quia
2077 2137 2185 2176 non
2215 2137 2408 2179 omnes
2441 2123 2702 2178 credituri
2739 2133 2917 2179 erant.
2947 2122 3152 2179 Eﬂusio
3187 2124 3332 2179 enim
3363 2140 3496 2180 san-

1902 2214 2083 2286 guinis
2109 2213 2334 2279 Christi,
2370 2215 2502 2287 justi
2532 2233 2631 2286 pro
2671 2215 2912 2286 iujustis,
2943 2226 3057 2272 tam
3104 2216 3208 2272 fuit
3242 2218 3397 2274 dives
3422 2219 3494 2276 ad

1902 2308 2156 2378 pretium,
2189 2318 2250 2361 ut
2283 2309 2326 2362 si
2359 2308 2687 2364 universitas
2725 2309 3061 2378 captivorum
3103 2309 3158 2364 in
3190 2311 3498 2380 redempto-

1903 2412 2023 2452 rem
2054 2413 2210 2452 suum
2253 2398 2527 2463 crederet,
2561 2399 2766 2453 nullum
2797 2399 2997 2454 diaboli
3034 2399 3248 2455 vincula
3290 2401 3494 2456 retine-

1903 2497 2047 2544 rent.
2085 2488 2187 2556 Qui
2233 2498 2415 2544 autem
2463 2504 2569 2543 non
2624 2489 2874 2554 credunt,
2913 2488 3017 2558 ipsi
3059 2489 3161 2544 sibi
3193 2489 3502 2544 damnatio-

1904 2595 2030 2634 nem
2080 2581 2390 2650 acquirunt.
2445 2581 2578 2636 Nam
2621 2581 2763 2637 sicut
2805 2580 3128 2646 inearnatio,
3160 2580 3500 2651 praedicatio,

1905 2669 2189 2732 miracula,
2242 2671 2315 2725 ita
2361 2678 2416 2724 et
2455 2686 2604 2725 mors
2628 2670 2850 2732 Christi,
2899 2669 3048 2724 salus
3089 2677 3144 2725 et
3191 2670 3368 2726 honor
3414 2679 3502 2727 est

1904 2762 2278 2828 credentibus,
2310 2777 2418 2816 non
2459 2761 2808 2816 credentibus
2845 2769 3027 2816 autem
3075 2760 3210 2831 lapis
3243 2759 3500 2818 odensio-

1906 2851 1993 2906 nis
2021 2859 2075 2906 et
2099 2859 2256 2921 petra
2293 2849 2558 2914 scandali,
2591 2849 2758 2903 veluti
2806 2850 2860 2904 in
2889 2849 3191 2920 Scripturis
3218 2851 3497 2907 multoties

1905 2952 1958 2998 et
1985 2945 2186 3014 passim
2213 2943 2304 3012 qui
2341 2942 2528 3013 legunt
2561 2941 2861 3006 inveniunt,
2891 2951 2947 2996 et
2976 2942 3030 2997 in
3055 2951 3250 2999 natura
3283 2951 3501 2998 creatuo

1901 3053 2090 3092 rarum
2121 3035 2478 3106 conspicitur,
2509 3049 2608 3105 per
2633 3049 2771 3105 quas
2795 3033 3089 3089 invisibilia
3116 3033 3211 3090 Dei
3241 3033 3500 3106 cognosci

1905 3143 1936 3182 a
1968 3127 2134 3182 Paulo
2181 3128 2440 3182 dicuntur
2489 3124 2668 3196 (Rom.
2704 3140 2742 3190 ι,
2783 3123 2897 3194 20).
2955 3122 3108 3180 Unus
3145 3140 3382 3196 namque
3429 3140 3497 3181 ac

191 3219 332 3276 nolo
357 3228 577 3273 mortem
606 3215 930 3288 peccatoris,
963 3214 1054 3268 sed
1089 3224 1146 3268 ut
1187 3224 1520 3269 convertatur
1553 3225 1601 3270 et
1639 3217 1798 3268 vivat.
1829 3217 1877 3281 C
1907 3217 2051 3273 idem
2079 3216 2161 3272 sol
2189 3216 2359 3270 lutum
2389 3215 2626 3286 stringit,
2659 3223 2715 3269 et
2742 3228 2926 3271 ceram
2951 3214 3143 3285 liquat,
3171 3222 3228 3269 et
3247 3215 3497 3271 conditor

192 3310 278 3367 Et
325 3310 381 3364 in
421 3307 568 3364 omni
613 3304 883 3363 catholica
926 3304 1202 3371 Ecclesia,
1243 3319 1363 3374 quae
1404 3320 1502 3374 pro
1545 3305 1796 3361 omnibus

190 3402 524 3460 hominibus
567 3415 636 3457 ex
666 3398 959 3454 traditione
1006 3397 1303 3470 apostolica
1336 3397 1411 3453 illi
1463 3398 1795 3470 supplicans,

189 3493 382 3565 legem
432 3491 564 3548 hinc
633 3488 889 3547 credendi
947 3487 1065 3560 lege
1132 3488 1290 3544 nobis
1358 3489 1548 3543 statuit
1592 3488 1796 3560 suppli-

187 3584 364 3642 candi
391 3623 408 3650 ,
455 3582 744 3640 veritatem
792 3580 1111 3638 mendacem
1159 3580 1517 3652 dogmatizat.
1563 3580 1632 3637 Et
1672 3598 1796 3639 cum

188 3677 464 3736 Christus
500 3676 568 3732 de
600 3675 815 3732 diabolo
853 3675 1034 3730 dicat:
1065 3673 1298 3729 Mendax
1335 3683 1411 3729 est
1447 3674 1512 3727 ab
1539 3674 1713 3739 initio,
1747 3685 1798 3730 et

187 3781 358 3843 pater
403 3767 518 3837 ejus
564 3765 1031 3837 (Joan.vm,-M),
1087 3766 1134 3820 si
1185 3765 1327 3820 idem
1354 3764 1603 3820 Christus
1642 3763 1799 3832 juxta

188 3865 368 3922 istius
398 3859 702 3916 doctrinam
733 3857 966 3914 mendax
994 3864 1099 3921 est,
1130 3857 1244 3911 suis
1268 3856 1400 3925 ipsis
1427 3856 1627 3919 verbis,
1655 3856 1798 3925 quod

189 3955 365 4014 nefas
391 3959 478 4008 est
507 3951 708 4018 dicere,
743 3949 939 4007 similis
976 3948 1049 4015 ei,
1080 3947 1133 4003 id
1173 3955 1258 4002 est
1292 3947 1532 4013 diabolo,
1564 3949 1798 4004 mendax

190 4060 333 4103 esse
361 4041 723 4099 convincitur.
771 4039 869 4096 Est
890 4046 1073 4095 autem
1098 4039 1242 4094 Deus
1269 4053 1456 4104 verax,
1482 4048 1538 4092 et
1561 4039 1797 4094 Gothes-

189 4137 399 4196 caicus
441 4136 714 4192 mendax:
761 4132 890 4205 quia
937 4147 1078 4188 unus
1125 4131 1375 4202 idemque
1423 4130 1516 4186 Sol
1569 4129 1797 4200 justitize

194 4227 480 4292 Christus,
497 4234 559 4282 ut
573 4232 850 4297 repararet
865 4225 1106 4280 omnium
1123 4223 1315 4288 vitam,
1334 4222 1536 4293 recepit
1551 4222 1796 4278 omnium

200 4335 464 4386 causam,
505 4317 630 4374 inde
671 4318 724 4374 in
765 4331 955 4373 omnes
1000 4322 1259 4370 manante
1296 4313 1530 4386 justitia,
1577 4313 1669 4370 ubi
1712 4321 1799 4370 est

199 4413 395 4472 omnis
436 4414 672 4469 humana
721 4419 968 4481 suscepta
1015 4418 1210 4464 natura
1241 4449 1256 4474 ,
1309 4423 1416 4464 non
1468 4408 1646 4479 culpa,
1701 4407 1796 4480 qui

199 4505 466 4564 ornnibus
497 4514 652 4560 ortus
679 4513 783 4569 est,
818 4501 1071 4559 omnibus
1105 4501 1276 4566 venit,
1316 4509 1370 4555 et
1406 4516 1506 4571 pro
1542 4499 1796 4556 omnibus

1905 3325 1970 3365 ac
2001 3309 2330 3378 redemptor,
2359 3317 2523 3376 atque
2557 3305 2796 3362 salvator
2822 3314 3030 3372 noster,
3061 3321 3168 3362 non
3207 3305 3310 3360 alia
3346 3306 3494 3379 cogi-

1906 3403 2108 3459 tatione
2143 3402 2325 3471 justus
2361 3398 2605 3469 adjuvat,
2634 3409 2798 3470 atque
2835 3399 2940 3454 alia
2983 3399 3210 3472 injustos
3236 3399 3486 3455 damnat:

1901 3500 1998 3555 sed
2029 3513 2136 3553 una
2166 3496 2467 3565 eademque
2497 3494 2551 3550 vi
2581 3502 2789 3549 naturae
2804 3492 3118 3565 singularis,
3149 3491 3253 3548 sibi
3279 3506 3495 3563 semper

1902 3587 2267 3654 indissimilis,
2299 3586 2583 3642 dissimilia
2610 3585 2848 3656 disponit
2879 3600 2986 3640 una
3017 3585 3497 3655 praedestinatioue

1901 3696 2025 3746 sua,
2056 3695 2178 3750 qua:
2215 3693 2430 3749 semper
2477 3678 2532 3733 in
2572 3678 2716 3732 bono
2752 3685 2858 3741 est,
2903 3684 2960 3731 et
3006 3675 3214 3731 sicest
3255 3677 3494 3747 gemina,

1902 3772 2046 3827 sicut
2085 3785 2225 3825 unus
2269 3777 2490 3824 sanctus
2533 3767 2772 3837 Spiritus
2813 3775 2870 3822 et
2911 3767 3020 3821 duo
3065 3765 3306 3834 ejusdem
3344 3767 3496 3833 data,

1904 3877 2010 3918 una
2041 3861 2280 3916 charitas
2314 3867 2368 3913 et
2392 3859 2500 3914 duo
2542 3858 2712 3928 ipsius
2749 3866 3040 3930 praecepta.
3083 3856 3201 3912 Una
3237 3858 3331 3914 Dei
3361 3874 3498 3930 prta-

1903 3953 2214 4020 destinatio,
2253 3960 2347 4007 aut
2393 3952 2461 4006 ad
2505 3951 2705 4006 donum
2749 3951 3026 4022 pertinens
3055 3951 3266 4024 gratiae,
3303 3961 3397 4007 aut
3426 3952 3496 4008 ad

1901 4045 2318 4103 retributionem
2359 4043 2607 4114 justitiaa.
2637 4041 2758 4099 Non
2788 4053 2847 4098 ut
2875 4044 3018 4099 Deus
3067 4043 3326 4113 reprobus
3355 4058 3498 4114 pra:-

1900 4139 2205 4198 destinasse
2253 4139 2529 4205 credatur,
2579 4137 2725 4208 quod
2775 4137 2934 4199 absit,
2970 4138 3036 4192 ad
3079 4151 3319 4206 poenam,
3350 4136 3498 4193 sicut

1900 4234 2143 4292 creditur
2183 4233 2386 4289 electos
2429 4231 2846 4302 praedestinasse
2895 4230 2962 4285 ad
3011 4231 3260 4303 gloriam,
3311 4238 3366 4284 et
3411 4229 3496 4285 eis

1899 4325 2130 4400 gloriam
2158 4337 2496 4395 praeparasse
2526 4337 2854 4393 perennem;
2906 4322 3001 4376 sed
3051 4321 3169 4392 ejus
3210 4321 3494 4393 praedesti-

1902 4418 2142 4482 natione,
2169 4414 2337 4470 veluti
2379 4414 2427 4469 ei
2456 4413 2672 4468 canitur
2713 4429 2742 4467 a
2779 4413 3081 4483 propheta:
3118 4411 3491 4468 Misericordia

1900 4518 1948 4564 et
1971 4508 2162 4564 veritas
2182 4503 2478 4576 pracedent
2501 4503 2688 4572 faciem
2709 4513 2858 4558 tuam
2883 4501 3059 4572 (Psal.
3083 4519 3350 4568 Lxxxvm,
3374 4504 3486 4574 l5),

204 4613 409 4672 passus
432 4606 536 4663 est,
562 4606 619 4652 et
647 4609 838 4653 omnes
863 4596 980 4650 vult
1023 4593 1203 4651 salvos
1228 4593 1347 4650 ﬁeri
1371 4595 1462 4664 qui
1489 4609 1588 4664 pro
1617 4595 1793 4650 omni-
1823 4586 1879 4650 D
1901 4614 2000 4669 per
2032 4593 2464 4651 misericordiam
2499 4589 2854 4647 conferantur
2878 4607 3000 4662 qua:
3042 4593 3112 4647 ad
3137 4594 3335 4649 donum
3368 4608 3496 4662 per-

201 4694 315 4750 bus
341 4705 538 4762 passus
565 4699 679 4756 est;
710 4687 803 4746 sed
825 4703 932 4743 non
957 4687 1028 4742 ab
1052 4686 1304 4741 omnibus
1346 4685 1578 4749 videtur,
1609 4694 1664 4741 et
1689 4701 1799 4742 non

203 4797 408 4843 omnes
427 4782 726 4840 salvantur.
765 4779 885 4835 Lua:
906 4779 1053 4836 enim
1081 4777 1218 4833 lucet
1248 4778 1303 4832 in
1323 4777 1573 4844 tenebris,
1595 4787 1643 4831 et
1665 4787 1801 4834 tene-

203 4875 321 4931 brae
357 4891 479 4930 eam
513 4891 617 4930 non
649 4872 1145 4944 comprehenderunt
1179 4885 1198 4924 :
1227 4869 1372 4938 quod
1416 4885 1524 4924 non
1560 4869 1801 4940 pertinet

205 4969 281 5026 ad
316 4967 534 5039 culpam
572 4967 730 5031 lucis,
778 4962 875 5020 sed
913 4963 981 5016 ad
1031 4961 1399 5016 tenebrarum.
1447 4960 1566 5015 Lux
1595 4961 1796 5032 quippe

205 5059 364 5119 venit
401 5059 457 5114 in
498 5059 756 5115 mundum
791 5055 1019 5111 dicens:
1045 5052 1160 5123 Ego
1187 5067 1303 5105 sum
1332 5050 1425 5106 lua:
1452 5052 1640 5108 mundi
1663 5068 1681 5107 :
1704 5053 1794 5124 qui

207 5151 452 5223 sequitur
485 5165 566 5203 me
595 5140 699 5202 non
727 5143 960 5200 ambulat
990 5144 1047 5197 in
1079 5140 1326 5205 tenebris,
1353 5141 1443 5194 sed
1475 5141 1682 5195 habebit
1721 5141 1799 5196 lu-
1835 5197 1848 5214 ,

210 5258 335 5298 men
359 5242 478 5297 vitat
512 5238 692 5312 (Joan.
725 5252 846 5301 vui,
870 5235 981 5306 l2).
1035 5232 1142 5289 Sed
1192 5230 1501 5287 dilexerunt
1545 5233 1796 5292 homines

447 5348 469 5354 -
519 5331 683 5354 ..-ι-ξ..
734 5342 892 5356 annm
934 5327 1108 5356 Ιηιιηηη
1185 5323 1354 5356 Ποσιηθ
1401 5324 1546 5356 Anim
1604 5341 1792 5358 nurum

1903 4689 2080 4744 tinent
2119 4684 2332 4756 gratiae,
2363 4692 2418 4738 et
2449 4683 2518 4739 ad
2547 4682 2834 4738 veritatem
2860 4680 2993 4752 justi
3025 4683 3214 4754 judicii
3249 4683 3496 4742 referan-

1907 4792 1995 4836 tur
2030 4793 2153 4850 quae
2179 4777 2482 4832 redduntur
2524 4775 2882 4832 retributione
2917 4774 3166 4846 justitiae.
3201 4776 3379 4832 Bonus
3406 4785 3499 4832 est

1902 4878 2048 4934 enim
2085 4885 2141 4932 et
2168 4872 2349 4944 justus
2397 4873 2452 4927 in
2493 4873 2748 4927 omnibus
2779 4870 3076 4936 Dominus,
3107 4871 3363 4941 quoniam
3389 4869 3494 4925 bo-

1902 4983 2033 5024 num
2067 4975 2152 5022 est
2189 4980 2314 5022 cum
2338 4963 2581 5021 debitum
2624 4963 2891 5029 redditur,
2915 4971 2971 5019 et
2993 4964 3203 5036 justum
3231 4971 3336 5028 est,
3365 4977 3496 5018 cum

1861 5057 2205 5120 'iudebitum
2255 5060 2374 5116 sine
2419 5061 2743 5133 cujusquam
2801 5058 2991 5116 fraude
3037 5057 3294 5121 donatur,
3355 5054 3502 5111 sicut

1901 5157 2162 5227 scriptum
2191 5162 2309 5209 est:
2335 5151 2430 5208 Cui
2448 5155 2868 5216 vultmiseretur,
2890 5161 2941 5206 et
2961 5163 3116 5224 quem
3138 5144 3245 5200 vult
3278 5143 3500 5202 indurat

1901 5245 2079 5317 (Rom.
2108 5263 2186 5312 ιχ,
2214 5243 2325 5312 18).
2362 5243 2646 5302 Miseretur
2691 5242 2952 5299 nimirum
2980 5243 3146 5300 Deus,
3185 5235 3355 5304 gratis
3390 5234 3496 5290 im-

1899 5339 2180 5362 ---.:-_,s-
2234 5337 2658 5360 ...:---:--_J:-e.-
2730 5343 2781 5360 ..ο
2823 5328 3120 5360 ...Λδηηηηδη
3163 5326 3366 5362 nonnisi

2027 5339 2180 5362 2-..,‘A
2234 5337 2658 5360 -ΑΑῘαΑυῘΑΑ-λξαμ-
2730 5343 2781 5360 Α.
2823 5328 3120 5360 η-οθΑ-ιηηδη
3163 5328 3495 5362 ηΩΙΙιιίίίαωο
