4046 6284
554 316 660 375 £05

1509 304 1842 368 HINCMABI
1878 303 2278 362 RHEMENSIS
2317 305 2844 368 ARCIIIEPISCOPI

3282 285 3327 293 ν..
3367 292 3408 303 δ’.

3707 323 3806 384 ιοι

553 437 697 495 sicut
724 429 984 487 Dominus
1006 426 1145 483 dixit
1177 425 1245 482 de
1273 424 1545 496 baptismo
1571 425 1716 494 quod
1747 425 1928 480 nullus
1960 435 2142 496 potest
2166 434 2216 490 Α
2247 441 2370 481 nem
2399 427 2466 481 ab
2498 429 2582 483 his
2613 428 2768 484 malis
2792 445 2896 485 non
2924 431 3159 488 cessavit
3177 433 3246 490 ad
3269 437 3691 498 communionem
3705 459 3806 500 non

555 529 674 585 fieri
701 525 902 589 salvus,
928 521 1028 576 nisi
1047 519 1163 590 quis
1194 526 1402 570 renatus
1423 516 1583 584 fuerit
1605 531 1668 568 ea:
1703 533 1840 586 aqua
1865 526 1910 569 et
1932 517 2136 586 Spiritu

551 631 735 679 sancto
761 620 943 689 (Joan.
979 632 1062 681 nt,
1087 615 1166 684 5),
1198 614 1271 668 ita
1303 613 1369 667 de
1395 612 1502 666 hac
1527 622 1714 667 sancta
1749 613 2136 667 communione

555 713 734 770 dixit:
770 709 890 764 Nisi
928 703 1367 761 manducaveritis
1410 719 1622 756 carnem
1657 702 1758 772 ﬁlii
1797 703 2048 767 hominis,
2089 711 2138 757 et

555 802 788 860 biberitis
814 799 928 870 ejus
961 795 1290 866 sanguinem,
1320 810 1422 848 non
1451 793 1705 846 habebitis
1733 793 1888 847 vitam
1917 793 1968 845 in
1996 792 2135 847 vobis

553 895 738 969 (Joan.
762 908 836 957 vr,
862 889 976 960 54).
1000 887 1068 943 Et
1096 886 1238 942 sicut
1265 886 1431 941 dixit:
1452 885 1556 952 Qui
1579 883 1858 940 crediderit
1886 895 1933 939 et
1961 885 2136 956 bapti—

551 997 704 1043 zatus
729 984 888 1056 fuerit
911 981 1087 1037 salvus
1116 980 1213 1034 erit
1238 978 1430 1050 (Marc.
1458 994 1572 1044 χιιι,
1597 975 1718 1048 16);
1746 975 1798 1031 id
1823 986 1908 1032 est
1930 977 1975 1032 si
1995 977 2138 1046 quod

551 1077 807 1152 promisit
843 1075 900 1130 in
934 1072 1280 1145 baptismate,
1313 1067 1525 1127 diabolo
1551 1077 1606 1123 et
1628 1067 1744 1137 ejus
1767 1066 2021 1138 operibus
2045 1068 2140 1123 ab-

552 1168 931 1231 renuntiando,
962 1173 1018 1222 et
1046 1164 1102 1219 in
1125 1162 1293 1218 Deum
1330 1161 1434 1215 ﬁde
1478 1175 1599 1230 quae
1648 1173 1746 1228 per
1790 1158 2138 1213 dilectionem

554 1269 640 1320 est
672 1257 961 1321 credendo,
994 1254 1139 1325 quod
1165 1261 1248 1308 est
1274 1260 1334 1306 ut
1363 1251 1416 1305 in
1465 1250 1570 1305 ﬁde
1595 1258 1650 1305 et
1692 1248 1851 1305 bonis
1879 1249 2139 1318 operibus

551 1358 883 1426 permaneat,
933 1356 991 1404 et
1031 1345 1077 1403 si
1120 1352 1243 1416 post
1269 1343 1601 1414 baptismum
1657 1340 1988 1411 peccaverit,
2040 1355 2141 1408 per

552 1443 950 1504 confessionem
1001 1446 1058 1494 et
1104 1437 1323 1506 dignam
1375 1431 1750 1506 paenitentiam
1796 1430 1903 1485 illis
1943 1432 2032 1499 qui
2085 1430 2139 1485 in

551 1555 677 1598 eum
705 1540 1072 1609 peccaverunt
1099 1529 1437 1591 dimittendo,
1480 1536 1536 1583 et
1565 1525 1723 1581 bonis
1767 1524 2023 1596 operibus
2053 1523 2140 1577 in-

550 1633 809 1695 sistendo,
847 1630 952 1684 hoc
993 1624 1137 1696 quod
1175 1622 1316 1677 male
1346 1620 1476 1676 fecit
1531 1618 1805 1674 emendet.
1859 1616 1937 1672 Ita
1975 1616 2141 1672 etiam

551 1725 623 1782 de
668 1723 770 1779 hac
812 1726 994 1775 sancta
1025 1712 1407 1772 communione
1455 1710 1640 1766 dixit:
1703 1708 1809 1776 Qui
1857 1707 2141 1762 manducat

2241 520 2482 584 accedat,
2514 521 2691 576 sciens
2720 523 2812 592 qui
2844 524 3346 581 condemnationem
3373 529 3612 598 accipiet.
3651 533 3715 590 Et
3743 551 3803 592 ex

2238 613 2406 666 verbo
2435 613 2526 666 Dei
2557 614 2850 680 mandabo,
2883 623 2943 670 ut
2972 617 3150 672 nullus
3178 621 3459 691 presbyter
3487 623 3539 676 in
3576 640 3688 680 mea
3714 643 3806 698 pa-

2241 703 2428 758 rochia
2459 704 2524 758 de
2553 703 2657 758 alia
2688 707 2946 775 parochia
2975 710 3197 764 veniens
3245 710 3349 765 illis
3396 713 3611 769 missam
3641 727 3810 774 cantet

2239 797 2331 868 qui
2361 811 2420 852 se
2449 799 2517 853 ab
2548 799 2668 854 istis
2705 800 2862 855 malis
2891 816 2997 855 non
3030 804 3387 868 correxerint,
3422 806 3560 860 sicut
3581 807 3640 862 in
3658 807 3808 867 Chri-

2238 887 2311 943 sti
2337 903 2525 943 amore
2553 905 2649 944 vos
2680 891 2962 962 deprecor.
3009 893 3076 947 Et
3098 908 3258 948 nemo
3290 894 3556 964 despiciat
3589 897 3768 956 dicens
3795 919 3808 956 :

2239 982 2382 1050 Quid
2426 983 2472 1037 si
2501 983 2603 1039 iste
2631 984 2917 1056 episcopus
2961 985 3088 1041 talia
3142 987 3648 1044 commendaverit?
3674 990 3815 1048 Sciat

2238 1089 2339 1144 pro
2368 1083 2517 1130 certo
2544 1075 2669 1144 quia
2698 1076 3091 1147 qualiscunque
3120 1093 3221 1148 ego
3251 1078 3379 1144 sim,
3416 1078 3561 1134 Deus
3584 1075 3745 1136 verax
3764 1091 3816 1138 et

2239 1165 2584 1237 omnipotens
2607 1175 2691 1222 est
2720 1168 2810 1238 qui
2845 1168 2981 1223 dixit
3008 1169 3165 1224 nobis
3198 1186 3212 1223 :
3247 1169 3588 1241 Quwcuuque
3635 1171 3814 1244 ligave-

2240 1259 2357 1312 ritis
2395 1273 2554 1328 super
2593 1267 2814 1323 terram,
2852 1269 3007 1314 erunt
3051 1259 3216 1330 ligata
3251 1270 3300 1314 et
3338 1260 3397 1314 iit
3441 1259 3571 1315 caelo
3598 1260 3810 1333 (Matth.

2240 1365 2399 1417 xvm,
2430 1351 2542 1422 i8).
2578 1350 2645 1406 Et
2679 1351 2724 1405 si
2756 1352 2954 1421 aliquis
2980 1351 3180 1407 dixerit
3207 1370 3220 1407 :
3252 1351 3333 1406 Ad
3363 1351 3486 1408 illos
3523 1351 3640 1408 dies
3669 1353 3719 1407 in
3744 1353 3816 1408 al-

2240 1450 2414 1498 teram
2444 1443 2535 1498 ibo
2560 1444 2902 1512 parochiam,
2934 1445 3072 1499 sciat
3104 1444 3446 1515 quiscunque
3478 1444 3569 1501 ille
3594 1460 3699 1500 non
3723 1445 3814 1502 bo-

2240 1537 2405 1592 minis
2434 1537 2529 1592 sed
2555 1535 2652 1590 Dei
2682 1535 2871 1592 illusor
2907 1546 2962 1592 et
3003 1552 3132 1593 suus
3162 1538 3278 1608 ipse
3307 1537 3584 1609 deceptor,
3616 1537 3737 1608 quia
3776 1537 3819 1592 si

2240 1627 2298 1683 in
2323 1627 2552 1684 alteram
2581 1627 2894 1697 parochiam
2922 1613 3329 1685 communicare
3350 1629 3431 1685 sic
3456 1629 3823 1685 excommuni-

2243 1728 2395 1774 catus
2435 1719 2771 1791 perrexerit,
2816 1719 3076 1790 quoniam
3127 1719 3301 1791 majus
3348 1721 3518 1776 etiam
3565 1720 3822 1792 judicium

551 1829 763 1871 carnem
788 1825 960 1865 meam
1002 1816 1052 1862 et
1098 1805 1223 1860 bibit
1266 1817 1440 1856 meum
1476 1799 1806 1871 sanguinem,
1835 1799 1891 1852 in
1918 1813 1999 1852 me
2021 1813 2136 1849 ma-

2242 1787 2920 1877 coram—Deo-sustinebit,
2964 1811 3090 1883 quia
3120 1787 3275 1882 putat
3321 1828 3382 1869 se
3414 1787 3827 1884 illum’eﬁugere

553 1915 637 1963 net
670 1913 718 1960 et
753 1919 844 1975 ego
877 1902 935 1956 in
969 1916 1028 1954 eo
1069 1898 1250 1971 (Joan.
1285 1910 1364 1960 v1,
1398 1891 1522 1964 57);
1567 1899 1625 1946 et
1663 1908 1677 1943 :
1718 1889 1782 1946 Si
1827 1889 1944 1960 quis
1988 1904 2138 1941 man-

553 1996 817 2055 ducauerit
860 2008 924 2047 ea:
961 1991 1237 2060 hoc'pane,
1265 1986 1392 2040 vivet
1422 1984 1479 2038 in
1525 1991 1802 2046 a'ternum,
1840 1989 1887 2034 et
1913 1994 2007 2049 ego
2051 1994 2135 2032 re-

551 2087 815 2148 suscitabo
860 2099 978 2139 eum
1033 2082 1089 2136 in
1143 2078 1421 2135 novissimo
1474 2075 1558 2128 die
1615 2072 1816 2144 (ibid.,
1870 2070 1960 2136 52,
1999 2069 2132 2141 55).

552 2183 847 2252 Propterea
896 2173 1178 2235 attendite,
1224 2184 1414 2225 omnes
1461 2164 1790 2252 Christiani,
1845 2162 1975 2234 quia
2020 2162 2138 2217 sine

554 2251 671 2331 ista
705 2267 1228 2327 communione.nec
1255 2251 1630 2316 remissionem
1669 2263 2012 2327 peccatorum
2039 2269 2139 2323 po-

553 2366 708 2424 testis
719 2362 984 2432 accipere,
1006 2371 1108 2414 nec
1129 2356 1193 2412 de
1210 2352 1423 2410 inferno
1436 2349 1682 2415 liberari,
1697 2362 1799 2405 nec
1822 2348 1889 2403 ad
1914 2361 2138 2420 regnum

554 2457 649 2514 Dei
681 2454 909 2526 potestis
940 2448 1241 2522 pervenire.
1282 2445 1348 2500 Et
1373 2444 1465 2515 qui
1508 2443 1666 2498 istam
1701 2439 2140 2496 communionem

552 2563 680 2604 cum
711 2546 836 2600 odio
864 2550 920 2597 et
944 2539 1108 2595 corde
1138 2538 1298 2608 pleno
1329 2537 1396 2590 de
1422 2532 1734 2602 iniquitate,
1759 2530 1900 2585 sicut
1925 2528 2055 2593 dixi,
2087 2536 2142 2582 et

554 2655 678 2697 cum
699 2637 978 2692 voluntate
1001 2629 1258 2701 peccandi
1287 2625 1616 2696 acceperint,
1639 2621 1903 2691 judicium
1930 2629 1980 2675 et
2013 2635 2141 2674 con-

556 2732 957 2792 demnationem
985 2724 1086 2780 sibi
1117 2720 1405 2790 accipient.
1453 2717 1520 2771 Et
1547 2717 1667 2770 ideo
1711 2714 1917 2768 nullum
1962 2710 2142 2765 consi-

556 2827 687 2884 lium
721 2821 865 2880 aliud
893 2824 1063 2874 restat
1096 2815 1145 2869 ei
1172 2811 1481 2884 quicunque
1507 2808 1620 2862 vult
1642 2806 1824 2864 salvus
1857 2804 2000 2869 ﬁeri,
2031 2803 2136 2858 nisi

557 2927 617 2975 ut
639 2919 706 2973 ab
737 2909 1113 2984 iniquitatibus
1135 2913 1331 2968 cesset,
1354 2911 1408 2956 et
1432 2900 1556 2956 inde
1581 2899 1841 2970 paeniteat
1863 2907 1919 2952 et
1945 2896 2139 2952 offerat

556 3013 668 3069 Ι)εο
689 3005 1083 3064 confessionem
1121 2999 1186 3054 de
1216 2994 1504 3068 praeteritis
1535 2991 1772 3064 peccatis
1825 2998 1882 3044 et
1927 2988 2140 3059 profes—

558 3104 787 3164 sionem,
816 3104 876 3151 ut
922 3094 976 3148 in
1009 3090 1275 3159 reliquum
1306 3093 1482 3142 cesset
1511 3100 1539 3138 a
1571 3082 1833 3154 peccatis,
1875 3089 2136 3151 quantum

2237 1917 2403 1975 posse
2436 1903 2530 1974 qui
2562 1903 2762 1972 ubique
2787 1910 2894 1969 est,
2925 1912 2982 1958 et
3009 1901 3166 1972 cuius
3193 1905 3383 1971 verbo,
3412 1921 3522 1961 non
3567 1920 3689 1961 mea
3730 1920 3823 1975 po-

2240 2004 2435 2052 testate
2463 1996 2762 2052 secundum
2789 1995 3086 2062 hominem,
3119 1997 3215 2052 sed
3248 1996 3551 2052 secundum
3582 1997 3824 2052 divinum

2240 2086 2624 2152 ministerium,
2653 2085 2802 2141 illum
2828 2086 3327 2142 excommunicabo.
3378 2087 3447 2142 Et
3488 2102 3596 2144 non
3639 2087 3828 2143 irasci-

2241 2177 2397 2243 mini,
2429 2177 2610 2234 dilecti
2654 2175 2855 2232 fratres
2883 2187 2938 2232 et
2968 2177 3088 2242 ﬁlii,
3117 2178 3246 2246 quia
3273 2186 3502 2248 paterna
3542 2177 3826 2233 dilectione

2241 2286 2340 2326 vos
2364 2285 2579 2324 moneo.
2607 2268 2712 2325 Sed
2737 2269 2994 2340 corrigite
3020 2284 3136 2334 vos,
3165 2269 3509 2324 attendentes
3530 2269 3822 2325 commina-

2243 2361 2444 2416 tionem
2492 2360 2588 2418 Dei
2633 2371 2689 2416 et
2728 2361 2797 2416 ad
2842 2376 2928 2415 me
2970 2369 3026 2416 et
3068 2361 3136 2414 ad
3164 2375 3260 2414 vos
3296 2360 3522 2414 factam.
3563 2359 3656 2413 Ait
3683 2359 3821 2414 enim

2244 2453 2504 2510 Dominus
2545 2451 2840 2522 unicuique
2871 2451 2962 2520 qui
2989 2451 3223 2506 officium
3268 2449 3613 2506 sacerdotale
3639 2464 3818 2505 susce-

2241 2544 2357 2614 pit:
2397 2543 2459 2599 Si
2502 2544 2934 2599 annuntiaveritis
2979 2544 3158 2614 iniquo
3201 2544 3535 2615 iniquitatem
3565 2561 3737 2609 suam,
3776 2551 3820 2598 et

2243 2648 2520 2686 conversus
2549 2633 2708 2700 fuerit
2736 2631 2826 2687 ille
2847 2631 3058 2703 iniquus
3079 2631 3144 2685 ab
3169 2633 3437 2702 impietate
3463 2649 3587 2698 sua,
3618 2633 3705 2686 ille
3725 2632 3822 2686 vita

2242 2722 2390 2788 vivet,
2417 2732 2465 2776 et
2493 2732 2551 2776 tu
2585 2721 2818 2777 animam
2849 2733 2996 2777 tuam
3024 2722 3282 2778 liberaui.
3322 2722 3395 2776 Et
3419 2724 3464 2777 si
3491 2739 3598 2778 non
3626 2738 3822 2777 annun—

2243 2813 2453 2866 tiaveris
2479 2813 2658 2883 iniquo
2681 2811 3014 2884 iniquitatem
3034 2829 3208 2880 suam,
3233 2823 3281 2867 et
3308 2830 3418 2869 non
3440 2813 3601 2884 fuerit
3623 2827 3823 2868 conuer-

2241 2921 2331 2959 sus
2359 2904 2448 2959 ille
2481 2906 2674 2975 impius
2702 2905 2766 2960 ab
2805 2906 3073 2975 itnpietate
3095 2923 3213 2972 sua,
3249 2906 3358 2977 ipse
3406 2907 3620 2978 iniquus
3657 2905 3709 2960 in
3736 2904 3826 2958 iui-

2241 2994 2437 3065 quitate
2458 3011 2556 3049 sua
2583 2995 2856 3060 morietur,
2886 2995 3196 3066 sanguinem
3218 3007 3400 3052 autem
3426 2998 3545 3068 ejus
3580 2997 3645 3051 de
3675 3009 3825 3049 manu

2243 3093 2334 3137 tua
2363 3084 2624 3155 requiram
2653 3084 2871 3153 (Ezech.
2899 3099 2978 3150 Ill,
3011 3085 3123 3157 59).
3155 3085 3524 3157 Quapropter,
3552 3085 3746 3141 fratres
3775 3091 3826 3138 et

817 3147 1145 3254 adjutoriuni
1171 3176 1398 3240 dederit,
1431 3183 1486 3230 et
1513 3147 1670 3230 bdnis
1706 3147 1922 3228 insistat
1960 3171 2138 3241 operi-
2166 3147 2212 3211 Ο
2245 3175 2365 3242 ﬁlii,
2399 3147 2684 3242 attendite“,
2722 3176 2849 3245 quia
2893 3147 3035 3232 Deus
3085 3147 3435 3248 bmhipotens
3481 3147 3566 3234 est
3597 3177 3691 3249 qui
3728 3177 3826 3232 ista

554 3283 683 3347 bus,
703 3287 757 3335 et
780 3275 1016 3333 conlisus
1041 3271 1109 3327 de
1132 3267 1502 3325 misericordia
1529 3265 1646 3330 Dei,
1681 3265 1881 3318 mundo
1911 3276 2138 3331 corpore

555 3379 626 3431 ct-
640 3384 771 3442 pura
798 3363 1127 3423 conscientia
1157 3369 1214 3417 et
1253 3358 1488 3416 contrito
1533 3356 1699 3412 corde
1729 3354 1963 3426 accipiat
1992 3369 2138 3409 com-

557 3461 868 3518 munionem
907 3452 1153 3525 corporis
1193 3459 1249 3506 et
1302 3446 1580 3519 sanguinis
1611 3444 1843 3500 Domini.
1903 3444 1971 3498 Et
2012 3452 2138 3499 tunc

557 3568 665 3612 non
693 3551 800 3607 erit
822 3549 872 3605 ei
907 3547 961 3602 in
989 3541 1518 3606 condemnationem,
1551 3539 1646 3594 sed
1675 3538 1729 3592 in
1757 3536 2137 3592 remissionem

555 3643 802 3703 omnium
843 3645 1212 3712 peccatorum,
1261 3641 1318 3688 et
1361 3632 1415 3686 in
1447 3629 1840 3694 fortitudinem,
1873 3637 1933 3682 ut
1971 3626 2141 3697 possit

555 3738 812 3797 resistere
840 3730 1075 3793 diabolo,
1111 3735 1167 3782 et
1190 3725 1258 3780 ad
1286 3737 1514 3796 regnum
1542 3720 1636 3777 Dei
1664 3719 1972 3790 pervenire.
1999 3716 2140 3786 Quo-

554 3828 702 3887 niam
727 3827 868 3882 sicut
892 3821 981 3893 qui
1011 3819 1240 3873 adhazret
1265 3811 1523 3868 meretrici
1554 3826 1717 3865 unum
1748 3824 1935 3879 corpus
1978 3808 2136 3878 efﬁci-

556 3932 662 3984 tur,
695 3919 769 3973 ita
798 3913 892 3984 qui
933 3911 1093 3982 digne
1132 3903 1498 3962 communicat
1525 3902 1591 3957 de
1618 3901 1723 3956 ista
1753 3898 2138 3955 communione

556 4027 696 4068 unus
718 4006 942 4078 spiritus
965 4009 1049 4056 est
1078 4014 1200 4054 eum
1225 3996 1454 4051 Domino
1491 3992 1542 4064 (Ι
1581 3991 1705 4047 Cor.
1728 4007 1808 4057 vt,
1853 3989 1966 4060 16),
2001 3998 2054 4044 et
2083 3989 2138 4044 in

555 4118 663 4175 quo
697 4101 839 4154 Deus
868 4094 1079 4150 habitat
1103 4099 1158 4146 et
1179 4091 1292 4160 ipse
1314 4088 1367 4142 in
1395 4086 1528 4151 Deo,
1556 4093 1610 4140 et
1633 4085 1686 4138 in
1713 4082 1803 4137 tali
1835 4081 2137 4175 hominem

554 4171 664 4268 quo
683 4194 825 4248 Deus
845 4186 1076 4250 habitat,
1105 4190 1160 4238 et
1184 4181 1275 4251 qui
1312 4180 1364 4233 in
1394 4178 1504 4233 Deo
1525 4175 1754 4268 habitat,
1788 4189 1899 4268 non
1908 4171 2142 4268 habebit

553 4260 836 4360 peccatum
863 4287 918 4334 et
941 4272 1150 4349 peccati
1176 4279 1374 4360 auctor
1400 4275 1561 4360 atque
1589 4265 1837 4320 hortator
1869 4260 2136 4360 diabolus,

556 4355 938 4434 damnabiliter
969 4367 1188 4429 locum;
1229 4369 1285 4416 et
1334 4358 1380 4414 si
1416 4359 1491 4414 ita
1518 4355 1966 4428 perseveraverit,
2015 4361 2140 4424 post

555 4476 788 4528 mortem
831 4463 886 4517 in
924 4455 1206 4528 refrigerio
1255 4452 1382 4517 erit,
1421 4458 1475 4504 et
1520 4455 1643 4520 post
1681 4444 2136 4502 resurrectionem

553 4565 612 4620 in
642 4566 953 4618 sanctorum
980 4549 1290 4619 angelorum
1324 4541 1596 4600 consortio
1621 4555 1744 4595 cum
1771 4539 1990 4594 Christo
2020 4538 2137 4594 sine

557 4659 666 4712 ﬁne
690 4645 958 4722 regnabit.
991 4642 1060 4697 Et
1083 4639 1249 4696 nolite
1275 4648 1495 4707 sperare
1525 4632 1650 4703 quia
1684 4638 1894 4686 tantum
1929 4629 1996 4722 ad
2027 4639 2136 4685 ter-

553 4759 734 4803 rorem
761 4720 1058 4799 vvestrum,
1108 4740 1164 4785 et
1214 4743 1322 4782 non
1367 4741 1436 4780 ex
1489 4723 1720 4779 veritate
1767 4722 1870 4777 hoc
1934 4720 2133 4776 dicam.

553 4838 732 4897 Testis
751 4841 836 4890 est
853 4831 997 4887 Deus
1018 4825 1143 4898 quia
1173 4822 1314 4878 sicut
1333 4835 1401 4874 ex
1426 4811 1522 4873 ore
1564 4817 1659 4872 Dei
1688 4831 1784 4887 per
1824 4814 2133 4885 Scripturas

554 4925 764 4998 accepi,
807 4923 882 4977 ita
906 4927 960 4974 et
1006 4916 1096 4970 hic
1128 4912 1194 4967 ad
1239 4909 1464 4966 salutem
1499 4915 1556 4962 et
1602 4905 1998 4998 correctionem
2039 4920 2132 4998 ve-

551 4997 724 5078 stram
749 5008 964 5083 scripsi.
1005 5007 1072 5062 Et
1117 5002 1302 5059 sciatis
1347 5000 1470 5070 quia
1514 4997 1620 5053 nisi
1652 5012 1745 5052 vos
1786 4997 2134 5053 correxeritis

554 5121 614 5169 ut
648 5111 753 5166 ista
785 5102 925 5160 mala
957 5095 1266 5159 dimittatis,
1307 5106 1498 5146 omnes
1527 5088 1620 5159 qui
1652 5089 1706 5143 in
1743 5088 1847 5142 ista
1890 5102 2007 5141 mea
2037 5102 2132 5157 pa—

551 5202 738 5263 rocbia
761 5198 865 5254 ista
905 5191 1046 5248 mala
1075 5186 1255 5243 tacitis
1284 5179 1788 5244 excommunicabo,
1830 5187 1885 5233 et
1911 5179 2134 5250 presby-

553 5295 686 5352 teris
709 5286 978 5346 mandabo
995 5291 1053 5336 ut
1067 5278 1194 5335 nulli
1212 5274 1644 5331 communionem
1661 5271 1895 5326 scienter
1910 5270 2129 5336 donent,

553 5387 647 5459 qui
676 5385 778 5439 ista
808 5377 948 5436 mala
977 5381 1100 5446 post
1127 5371 1288 5425 istam
1335 5363 1760 5420 admonitionem
1788 5361 2043 5416 reiectam
2075 5361 2129 5414 in

553 5452 676 5536 mea
704 5471 958 5546 parochia
989 5465 1198 5528 fecerit,
1231 5473 1407 5530 neque
1436 5457 1512 5512 illi
1541 5456 1632 5526 qui
1676 5454 1894 5508 facienti
1936 5452 2131 5546 volun-

555 5571 692 5627 taric
709 5544 1158 5622 communicavit,
1191 5563 1284 5610 aut
1310 5549 1528 5606 facienti
1561 5547 1701 5602 mala
1735 5546 2028 5601 consensit.
2064 5544 2133 5600 Et

553 5659 804 5717 omnibus
833 5653 901 5709 ad
940 5647 1374 5704 communionem
1422 5637 1803 5695 accedentibus
1847 5637 2132 5707 presbyter

555 5751 890 5827 quiscunque
917 5739 1221 5802 denuntiet,
1254 5745 1314 5790 ut
1338 5733 1429 5806 qui
1465 5742 1589 5804 post
1616 5731 1772 5785 istam
1803 5728 2127 5784 admonitio-

1289 5997 1315 6022 ο

2245 3267 2403 3332 dixit,
2434 3276 2487 3322 et
2512 3267 2626 3336 ipse
2656 3282 2756 3322 nos
2801 3265 2951 3333 fecit,
2979 3275 3036 3322 et
3062 3267 3176 3338 ipse
3204 3283 3304 3323 nos
3334 3270 3595 3336 redemit,
3627 3278 3683 3326 et
3708 3276 3824 3324 ante

2241 3358 2386 3414 illius
2403 3358 2667 3429 judicium
2697 3373 2890 3415 omnes
2914 3359 3235 3425 astabimus,
3264 3369 3320 3415 et
3345 3359 3424 3416 ibi
3456 3359 3688 3430 judicati
3729 3357 3826 3414 eri-

2242 3466 2365 3506 mus
2404 3467 2503 3506 nos
2539 3451 2875 3518 sacerdotes,
2902 3459 2957 3507 et
3002 3452 3274 3522 principes
3322 3467 3389 3508 ac
3433 3455 3706 3519 seniores,
3741 3449 3822 3522 qui

2240 3557 2338 3598 vos
2371 3543 2663 3598 admonere
2700 3551 2756 3598 et
2795 3543 3063 3616 castigare
3089 3543 3383 3610 debemus,
3421 3553 3478 3599 et
3504 3560 3606 3614 pro
3637 3543 3826 3600 nostris

2241 3647 2306 3687 ac
2333 3632 2528 3688 vestris
2554 3632 2830 3704 peccatis;
2870 3642 2925 3688 et
2951 3649 3047 3689 vos
3076 3633 3238 3688 etiam
3261 3633 3496 3704 judicati
3527 3637 3706 3702 eritis,
3727 3650 3824 3691 non

2240 3722 2414 3779 solum
2449 3724 2516 3778 de
2562 3725 2801 3795 peccatis
2832 3740 2954 3796 qua:
2975 3724 3197 3791 fecistis,
3232 3733 3288 3782 et
3317 3742 3428 3782 non
3473 3728 3824 3799 ptenituistis,
3893 3718 3902 3727 ’

2239 3815 2334 3871 sed
2362 3817 2528 3872 etiam
2558 3817 2626 3873 de
2651 3818 3109 3876 admonitionibus
3134 3830 3191 3875 et
3217 3819 3681 3893 castigatiOuibus
3700 3837 3826 3892 quas

2240 3908 2666 3979 contempsistis.
2733 3911 2874 3965 Deus
2909 3910 3274 3982 omnipotens,
3324 3913 3424 3982 qui
3456 3927 3556 3984 per
3602 3928 3690 3969 me
3729 3912 3822 3967 ista

2238 3999 2474 4072 loquitur
2503 4003 2558 4058 in
2599 4001 2822 4060 auribus
2850 4003 3068 4070 vestris,
3099 4019 3194 4076 per
3235 4006 3444 4063 se.haec
3480 4006 3739 4078 loquatur
3774 4007 3824 4061 in

2239 4092 2492 4149 cordibus
2517 4094 2730 4150 vestris.

2747 4248 3082 4308 EPISTOLA
3117 4249 3300 4308 XVIII.

2506 4379 2539 4420 D
2569 4379 2937 4421 PRESBYTEROS
2966 4379 3257 4420 RBEIENSIS
3282 4380 3593 4423 PABOCBI£.

2837 4474 2918 4530 De
2945 4475 3221 4545 baptismo.

2706 4587 2834 4650 (Act.
2862 4598 2998 4650 prov.
3023 4588 3145 4639 ecel.
3171 4586 3374 4654 Rheni.)

2311 4713 2624 4770 ﬂtucnnus
2649 4713 2935 4786 episcopus
2960 4731 3023 4772 ac
3047 4715 3220 4787 plebis
3232 4716 3327 4772 Dei
3351 4717 3598 4776 famulus
3621 4719 3828 4776 dilectis

2239 4805 2500 4863 fratribus
2523 4807 2682 4877 hujus
2710 4805 3032 4864 Rhemensis
3063 4809 3338 4879 parochias
3367 4810 3826 4884 comnresbyteris

2236 4899 2440 4956 nostris

2308 4991 2543 5061 Cupiens
2563 5003 2660 5045 vos
2685 4989 2739 5045 in
2778 4990 2928 5045 omni
2967 5005 3130 5047 sensu
3157 4997 3212 5047 et
3239 4989 3491 5048 doctrina
3516 5000 3683 5063 atque
3699 5005 3822 5062 ope-

2237 5081 2315 5138 ris
2339 5082 2668 5153 perfectione
2696 5083 2870 5153 gratia
2897 5081 2990 5137 Dei
3013 5097 3134 5137 esse
3163 5083 3385 5149 ditatos,
3418 5100 3523 5156 pro
3575 5085 3823 5157 imposito

2237 5174 2516 5246 exiguitati
2570 5187 2703 5228 mea:
2754 5173 3058 5228 ministerio
3100 5173 3327 5245 singulis
3351 5183 3409 5230 et
3456 5177 3512 5232 in
3538 5189 3821 5233 commune

2236 5268 2391 5322 vobis
2413 5267 2658 5336 quaedam
2691 5267 2758 5322 de
2778 5268 2989 5322 actione
3025 5268 3166 5322 sacri
3196 5268 3542 5339 baptismatis
3590 5272 3820 5327 breviter

2236 5375 2303 5416 ex
2331 5360 2678 5432 plenitudinis
2725 5359 3006 5415 latitudine
3050 5369 3356 5418 sanctarum
3390 5361 3814 5434 Scripturarum,

2237 5460 2292 5508 et
2329 5452 2574 5507 doctrina
2601 5449 2986 5505 catholicorum
3020 5460 3232 5522 patrum
3290 5455 3477 5508 curavi
3528 5466 3818 5524 excerpere

2235 5554 2290 5602 et
2338 5545 2543 5601 notitiae
2598 5552 2790 5597 vestra:
2831 5543 3096 5611 ingerere,
3146 5555 3206 5598 ut
3264 5545 3564 5601 secundum
3607 5561 3813 5602 sacram

2237 5638 2572 5708 Scripturam
2618 5633 2930 5703 intelligetis
2963 5636 3014 5691 in
3046 5649 3234 5692 sancto
3283 5637 3589 5694 ministerio
3625 5646 3813 5695 cuncta

2233 5744 2352 5798 quae
2377 5729 2557 5801 agitis,
2587 5738 2642 5784 ct
2669 5735 2725 5781 ut
2757 5729 2808 5782 in
2837 5738 3021 5800 aperto
3067 5744 3310 5784 sermone
3341 5741 3455 5784 non
3485 5728 3560 5783 sit
3583 5729 3642 5786 in
3663 5726 3814 5785 vobis
