4018 5392
531 221 556 274 εί
567 217 633 274 07

1489 201 1812 271 IllNCti’ARl
1850 213 2244 272 RilEMENSlS
2281 215 2805 274 ARCHlEPlSCOPl

3687 219 3794 275 108

534 329 750 402 (Matth.
782 328 904 398 vu),
939 335 993 383 ct
1017 327 1242 396 reliqua.
1264 324 1412 380 inter
1432 333 1625 380 caetera
1672 325 1868 396 quippe
1915 340 2108 381 conse—
2138 327 2184 388 Α
2215 326 2436 384 cedant.
2471 327 2577 382 Sed
2607 329 2747 385 sicut
2783 337 3089 385 nostrarum
3133 330 3409 400 regionum
3456 333 3797 386 consuetudo

532 419 793 476 cretionis
813 418 1054 483 exordia,
1075 423 1141 472 de
1167 415 1335 472 saliva
1361 415 1472 471 oris
1521 415 1603 470 sui
1664 416 1917 472 sacerdos
1943 426 2104 473 nares

536 511 726 582 tangit,
764 517 820 565 et
848 522 1004 564 aures
1031 506 1407 572 consecrandi,
1439 515 1494 562 et
1524 506 1658 562 dicit
1684 521 1699 561 :
1731 504 1928 576 Effera,
1961 508 2103 578 quod
2147 499 2154 506 ’

529 613 605 657 est
631 602 926 672 adaperire.
954 599 1244 655 Obsurduit
1267 599 1410 656 enim
1434 600 1598 660 homo
1610 599 1678 654 ab
1696 599 1964 656 audiendo
1981 601 2104 656 vita:

528 693 714 754 verbo,
768 698 1049 760 postquam
1087 689 1362 746 mortifera
1408 692 1676 762 serpentis
1701 694 1864 748 verba
1915 701 2102 748 contra

527 785 694 839 Deum
721 783 939 838 timidus
977 783 1210 848 audivit;
1241 791 1298 837 et
1329 782 1642 838 surditatem
1691 799 1852 853 quam
1897 784 2104 855 primus

532 875 694 930 homo
721 873 998 944 peccando
1022 873 1341 944 promeruit,
1386 873 1564 930 omnis
1592 888 1690 944 per
1721 875 1996 930 traducem
2026 874 2104 928 vi-

529 966 645 1020 rilis
685 964 906 1021 seminis
943 973 1232 1035 generatus
1285 965 1473 1020 abillo
1507 965 1795 1019 contraxit.
1827 964 1930 1019 Per
1977 965 2102 1020 sali-

526 1071 649 1110 vam
684 1056 902 1126 quidem
931 1055 1044 1111 oris
1073 1049 1389 1117 sacerdotis,
1431 1064 1619 1125 gustus
1661 1071 1767 1125 quo
1806 1055 2103 1112 initiandus

526 1155 610 1201 est
638 1161 886 1216 superna:
909 1146 1190 1216 sapientia)
1215 1146 1528 1215 designatur
1553 1164 1570 1198 ι
1591 1146 1716 1214 quia
1747 1160 1814 1200 ex
1851 1147 2026 1216 capite
2047 1147 2101 1201 in

526 1252 634 1306 quo
669 1249 858 1292 omnes
882 1251 1072 1296 sensus
1098 1235 1331 1291 hominis
1346 1237 1677 1300 sunt,saliva
1701 1236 1982 1292 descendit
2010 1254 2024 1290 :
2047 1244 2105 1292 et

522 1327 812 1397 Apostolus
835 1342 854 1381 :
885 1325 1073 1396 Caput,
1107 1325 1512 1396 inquit,CItristi
1532 1326 1670 1382 Deus
1698 1328 1750 1397 (Ι
1772 1326 1896 1383 Cor.
1925 1328 2027 1400 xi),
2048 1337 2105 1383 et

523 1419 778 1476 divinitas
835 1418 1113 1474 hominem
1141 1431 1448 1483 assumens,
1488 1417 1760 1489 quoddam
1792 1433 1855 1474 ex
1903 1433 2102 1474 conne-

529 1513 688 1569 sione
715 1512 942 1574 (latarum
972 1511 1395 1566 substantiarum
1424 1510 1478 1565 in
1512 1526 1616 1566 una
1663 1511 1756 1566 Dei
1782 1511 1900 1566 Filii
1925 1525 2104 1582 perso-

526 1621 594 1658 na
619 1602 899 1674 collyrium
929 1600 1078 1668 fecit,
1107 1601 1250 1657 unde
1276 1615 1446 1671 genus
1469 1600 1786 1666 humanum,
1816 1603 1959 1671 quod
1985 1616 2098 1657 cte-

2209 419 2277 472 ab
2299 420 2379 474 eis
2403 434 2510 473 non
2536 428 2622 475 est
2675 421 3144 490 reprehendenda,
3175 422 3249 476 ita
3285 437 3384 478 nec
3418 437 3450 475 a
3475 423 3633 478 nobis
3668 423 3791 478 illa-

2194 524 2326 563 .rum
2349 509 2702 575 consuetudo,
2731 511 2858 581 quia
2887 527 2994 567 non
3024 510 3318 567 abhorrere
3347 528 3378 567 a
3407 511 3510 567 fide
3553 513 3792 578 videtur,

2205 601 2423 672 penitus
2444 611 2528 665 est
2557 603 2855 659 abdicanda
2889 621 2903 657 :
2941 619 3062 658 cum
3084 603 3137 658 in
3179 601 3340 658 unius
3367 601 3488 656 fidei
3517 601 3797 658 soliditate

2207 691 2260 745 in
2300 693 2622 762 quibusdam
2651 695 2811 750 rebus
2831 694 3022 750 obesse
3052 709 3158 749 non
3184 692 3353 748 soleat
3402 693 3613 754 diversa
3662 708 3796 749 con-

2206 783 2450 839 suetudo.
2487 783 2638 840 Sicut
2663 793 2720 840 et
2745 794 3082 841 sacramenta
3122 786 3328 840 Veteris
3347 800 3410 840 ac
3433 785 3568 840 Novi
3594 785 3791 840 Testa-

2208 877 2396 943 menti,
2422 875 2548 932 licet
2577 893 2676 949 pro
2703 887 3005 949 temporum
3036 879 3248 936 ratione
3295 879 3623 948 discrepent,
3657 879 3794 934 tides

2207 977 2388 1024 tamen
2413 985 2544 1034 una,
2583 970 2884 1040 eademque
2927 973 3262 1026 concordat:
3295 971 3419 1039 quia
3473 985 3636 1040 quam
3693 985 3794 1024 nos

2205 1073 2304 1128 per
2351 1059 2622 1128 apostolos
2670 1058 2892 1126 factam,
2942 1061 3190 1116 eamdem
3235 1069 3418 1130 patres
3457 1049 3792 1114 Tcstamenti

2208 1149 2416 1204 Veteris
2454 1150 2910 1220 dispensationem
2938 1149 3140 1206 Christi
3170 1165 3269 1221 per
3303 1150 3598 1220 prophetas
3642 1148 3794 1205 didi-

2205 1249 2393 1294 cerant
2418 1256 2536 1296 esse
2557 1248 2857 1296 venturam.

2277 1328 2410 1383 Vill.
2450 1329 2698 1386 Posthzec
2720 1339 2912 1386 vocato
2937 1346 3003 1386 ex
3035 1332 3252 1386 nomine
3286 1332 3677 1397 consecrando,
3705 1332 3792 1387 in-

2207 1429 2450 1493 terrogat
2499 1437 2622 1477 eum
2673 1425 2946 1486 sacerdos,
2995 1425 3039 1479 si
3080 1425 3422 1480 abrenuntiet
3471 1419 3690 1480 Satanae
3733 1431 3788 1478 et

2204 1513 2462 1567 omnibus
2483 1511 2740 1582 operibus
2762 1512 2898 1581 ejus,
2923 1523 2976 1568 et
3000 1514 3224 1584 reliqua.
3241 1513 3371 1570 Post
3391 1514 3545 1585 cuius
3573 1528 3793 1583 resimi.

2205 1604 2414 1659 sionem
2465 1603 2620 1675 ungit
2670 1620 2794 1660 eum
2851 1605 2972 1659 oleo
3023 1605 3362 1671 exercitato,
3404 1605 3457 1658 in
3492 1613 3796 1674 pectoreet

527 1709 650 1749 cum
693 1710 721 1748 a
769 1693 961 1764 primis
991 1691 1308 1763 parentibus
1368 1699 1554 1746 natum
1583 1701 1723 1758 erat,
1752 1691 2100 1748 illuminaret.
2134 1683 2182 1744 Β
2210 1696 2349 1752 inter
2383 1696 2652 1766 scapulas,
2690 1696 2877 1752 dicens
2908 1715 2920 1750 :
2957 1716 2976 1748 s
3014 1697 3080 1751 Et
3102 1713 3201 1768 ego
3229 1696 3362 1751 linio
3389 1696 3582 1752 teoleo
3602 1696 3798 1752 salutis

525 1782 642 1838 Non
691 1782 759 1838 ab
807 1796 866 1837 re
893 1790 1049 1852 sputo
1071 1795 1234 1836 aures
1266 1787 1562 1850 tanguntur
1587 1790 1642 1837 et
1671 1796 1831 1836 nares
1861 1799 1874 1835 :
1909 1790 1968 1836 ut
2009 1783 2102 1853 qui

524 1887 794 1942 exspuens
817 1872 1055 1940 linguam
1083 1871 1217 1927 muti
1255 1872 1529 1942 tetigerat,
1563 1880 1618 1926 et
1645 1879 1804 1943 sputo
1833 1872 2003 1928 lutum
2025 1872 2103 1926 fe-

523 1971 694 2037 cerat,
725 1973 783 2021 et
800 1964 985 2022 oculos
1005 1964 1134 2019 cneci
1164 1965 1280 2020 nati
1307 1973 1616 2036 aperuerat,
1646 1979 1788 2020 nunc
1813 1980 1910 2034 per
1941 1965 2103 2020 mini-

523 2055 747 2110 sterium
778 2054 1137 2118 sacerdotum,
1165 2061 1220 2108 et
1265 2053 1504 2109 auditum
1559 2053 1856 2126 spiritalem
1890 2054 1976 2111 his
2009 2055 2101 2126 qui

519 2145 830 2217 baptizandi
859 2152 1007 2211 sunt,
1037 2131 1279 2210 tribuat;
1315 2151 1372 2200 et
1398 2153 1545 2200 recte
1598 2145 1870 2215 loquendi,
1911 2145 1963 2202 id
2017 2153 2104 2201 est

519 2254 661 2296 verte
689 2238 812 2295 fidei
840 2236 1134 2294 dbntlteadi
1181 2235 1492 2294 facultatem
1521 2236 1788 2307 praebeat;
1822 2247 1878 2292 et
1920 2250 2095 2298 nares.

521 2334 718 2404 quibus
747 2334 947 2390 bonum
969 2331 1169 2388 Christi
1198 2331 1420 2387 odorem
1475 2331 1712 2400 capiant,
1740 2330 1966 2402 aperiat.
1997 2328 2104 2384 Per

525 2431 729 2479 tactum
757 2437 884 2477 vero
931 2420 1164 2486 narium,
1187 2428 1247 2474 ut
1271 2419 1496 2488 abjectis
1526 2420 1973 2481 delectationibus
2007 2436 2102 2476 no-

519 2515 645 2580 xiis,
677 2514 848 2569 solum
896 2513 1097 2569 Christi
1128 2527 1343 2585 semper
1367 2513 1724 2584 amplectatur
1761 2516 2006 2580 odorem,
2037 2517 2102 2572 de

521 2621 629 2676 quo
659 2605 1092 2676 dicitApostolus
1131 2603 1364 2660 :Cltristi
1393 2604 1558 2659 bonus
1603 2605 1734 2658 odor
1773 2621 1952 2660 sumus
1990 2605 2099 2660 Deo

522 2695 580 2751 in
611 2696 752 2752 omni
811 2695 925 2750 loco
955 2693 1041 2765 (II
1065 2692 1188 2753 Cor.
1218 2694 1300 2769 tt).
1351 2695 1417 2750 Et
1451 2703 1509 2750 ut
1535 2695 1843 2750 meminerit
1865 2710 1923 2752 se
1946 2694 2100 2766 juxta

521 2783 826 2855 exetnplum
857 2783 1136 2851 beatiJob,
1161 2784 1333 2840 donec
1356 2793 1607 2855 superest
1634 2785 1832 2842 halitus
1859 2785 1914 2842 in
1951 2800 2018 2843 eo
2044 2796 2101 2844 et

522 2877 748 2949 spiritus
774 2875 872 2932 Dei
912 2875 965 2930 in
994 2875 1218 2932 naribus
1255 2874 1395 2946 eius,
1436 2889 1542 2931 non
1569 2875 1715 2946 loqui
1758 2877 2100 2948 iniquitatem

523 2968 704 3034 labiis,
737 2982 839 3024 nec
862 2967 1044 3038 lingua
1073 2966 1411 3025 mendacium
1440 2967 1686 3024 meditari
1715 2967 1932 3025 debere.
1965 2968 2099 3025 Por-

525 3052 590 3114 ro
617 3073 716 3131 per
763 3065 966 3114 tactum
991 3057 1228 3123 aurium,
1254 3065 1316 3111 ut
1348 3056 1538 3114 relicto
1576 3057 1758 3114 auditu
1781 3057 1977 3130 linguze
2007 3073 2099 3114 ne-

527 3163 690 3220 quam
716 3188 733 3214 ,
784 3147 966 3206 audiat
1019 3147 1184 3205 verba
1231 3145 1456 3212 Christi,
1487 3155 1542 3202 et
1569 3146 1730 3202 faciat
1772 3162 1836 3202 ea
1864 3163 1878 3202 :
1909 3147 2102 3204 similis

521 3257 653 3304 vero
701 3241 975 3312 prudenti.
1011 3241 1102 3311 qui
1134 3239 1424 3296 aedificavit
1465 3240 1684 3295 domum
1730 3255 1883 3295 suam
1935 3256 2099 3312 supra

519 3343 729 3405 petram
765 3351 781 3390 :
823 3334 916 3403 qui
976 3334 1351 3404 incorporatus
1388 3331 1677 3399 Ecclesiae,
1729 3347 1849 3402 qum
1903 3348 2102 3404 corpus

520 3433 604 3482 est
671 3424 905 3489 Christi,
956 3424 1088 3480 dicit
1139 3439 1261 3480 cum
1304 3423 1590 3480 Psalmista
1624 3440 1637 3476 :
1680 3421 2012 3492 Sacriﬁcium
2053 3433 2102 3478 et

520 3515 834 3572 oblationem
869 3555 884 3581 ,

523 3607 670 3662 luisti
715 3621 734 3662 :
791 3621 947 3662 aures
1015 3614 1192 3661 auum
1244 3603 1505 3676 perfecisti
1580 3603 1743 3670 mihi,
1787 3613 1845 3658 ut
1894 3621 2102 3660 annun-

525 3697 648 3753 ticm
694 3713 872 3753 omnes
937 3695 1266 3753 laudationes
1312 3706 1431 3751 tuas
1481 3697 1536 3750 in
1586 3696 1750 3767 portis
1792 3694 1920 3764 ﬁlia:
1970 3694 2101 3752 Sion

431 3823 435 3827 -
523 3787 698 3858 (Psal.
735 3788 952 3859 χχχιχ),
985 3797 1080 3842 et:
1115 3786 1183 3842 In
1211 3803 1292 3842 me
1323 3799 1468 3852 sunt,
1502 3788 1662 3854 Deus,
1699 3797 1818 3843 vota
1843 3796 1956 3850 tua,
1985 3803 2102 3857 qua:

525 3879 744 3936 reddant
771 3879 1100 3935 laudationes
1140 3879 1232 3934 tibi
1261 3879 1432 3951 (Psal.
1465 3879 1574 3949 LV).
1606 3879 1860 3949 Legimus
1887 3894 2102 3949 quoque

525 3970 584 4024 in
639 3969 962 4040 quibusdam
1020 3969 1329 4041 regionibus
1371 3984 1494 4026 esse
1542 3969 2010 4035 consuetudinem,
2045 3977 2102 4024 ut

521 4060 687 4120 etiam
713 4059 856 4120 labia
885 4060 1238 4119 consecrandi
1259 4061 1324 4116 de
1341 4059 1516 4118 saliva
1539 4059 1838 4117 sacerdotis
1876 4067 2101 4132 tangam

522 4160 629 4218 tur,
660 4153 982 4210 auctoritate
1011 4154 1154 4209 sacri
1181 4153 1456 4224 Evangelii
1490 4172 1502 4208 :
1530 4153 1658 4224 quia
1679 4163 1967 4226 postquam
1995 4155 2101 4210 Do-

519 4245 702 4302 minus
746 4244 800 4300 in
855 4258 1015 4300 aures
1060 4244 1209 4303 surdi
1262 4253 1317 4300 et
1361 4246 1492 4300 nimi
1527 4245 1676 4301 misit
1724 4245 1924 4316 digitos
1949 4261 2099 4312 suos,

953 3523 1196 3571 veterum
1251 3515 1458 3571 scilicet
1501 3514 1967 3580 caeremoniarum,
2010 3531 2104 3569 no-

2207 1785 2261 1840 in
2294 1784 2514 1841 Christo
2537 1783 2668 1841 Jesu
2699 1785 2929 1840 Domino
2961 1793 3146 1841 nostro
3176 1786 3228 1839 in
3259 1786 3420 1840 vitam
3449 1793 3726 1840 aeternam.
3768 1803 3789 1838 ι

2204 1873 2628 1945 Pectus'quippe
2654 1875 2976 1946 perungitur
2997 1875 3135 1939 oleo,
3167 1884 3225 1930 ut
3246 1876 3402 1945 signo
3436 1885 3638 1932 sanette
3663 1891 3794 1931 crn-

2204 1966 2286 2019 cis
2329 1963 2547 2020 diabolo
2583 1965 2870 2021 claudatur
2919 1966 3213 2037 ingressus.
3266 1966 3523 2036 Signatur
3547 1975 3603 2020 et
3648 1967 3793 2020 inter

2203 2054 2477 2126 scapulas,
2530 2064 2591 2109 ut
2643 2056 2882 2127 undique
2934 2056 3232 2111 muniatur.
3289 2056 3422 2111 Item
3472 2057 3525 2111 in
3552 2057 3793 2126 pectoris

2201 2153 2258 2198 et
2288 2144 2430 2198 inter
2460 2144 2711 2214 scapulas
2741 2145 2996 2200 unctione
3023 2143 3266 2216 signatur
3307 2142 3429 2199 fidei
3459 2141 3714 2209 firmitas,
3737 2153 3792 2199 et

2203 2249 2429 2305 operum
2492 2236 2756 2292 bonorum
2815 2236 3243 2306 perseverantia.
3304 2235 3563 2307 Signatur
3624 2239 3789 2293 etiam

2202 2325 2568 2395 baptizandus
2581 2334 2800 2396 pectore
2819 2335 2875 2382 et
2900 2326 3043 2382 inter
3063 2327 3309 2398 scapulas
3333 2327 3400 2383 de
3413 2327 3542 2384 .oleo
3562 2338 3786 2384 sancto:

2203 2427 2262 2472 ut
2290 2419 2435 2474 illius
2455 2418 2562 2474 olei
2585 2420 2784 2484 sancti,
2821 2419 3069 2475 videlicet
3097 2418 3334 2490 Spiritus
3352 2419 3606 2476 unctione
3635 2419 3790 2474 liniao

2203 2517 2309 2574 tur,
2345 2510 2411 2566 de
2439 2525 2544 2580 qua
2596 2510 2884 2581 Apostolus
2913 2511 3028 2566 ait:
3060 2510 3208 2568 Sicut
3260 2512 3433 2567 unctio
3477 2513 3593 2582 ejus
3637 2513 3788 2566 docet

2201 2621 2290 2660 ros
2335 2605 2399 2659 de
2425 2604 2668 2658 omnibus
2694 2603 2747 2675 (I
2775 2603 2935 2658 locu.
2987 2605 3085 2675 tt);
3117 2611 3242 2660 ante
3266 2614 3322 2660 et
3349 2611 3496 2659 retro
3545 2604 3790 2658 munitus

2201 2702 2390 2750 contra
2449 2694 2655 2759 omnia,
2716 2708 2975 2764 prospera
3037 2693 3150 2750 sive
3215 2694 3464 2758 adversa,
3530 2693 3602 2748 sit
3671 2694 3783 2749 cir-

2200 2793 2565 2857 cumspectus.
2615 2787 2974 2842 Abrenuntiat
3020 2796 3200 2844 autem
3245 2786 3604 2857 baptizandus
3663 2788 3782 2843 dia-

2203 2876 2348 2942 bolo,
2377 2876 2430 2932 id
2457 2884 2563 2942 est,
2593 2876 2819 2941 resistit,
2863 2875 3003 2932 sicut
3037 2875 3190 2945 jubet
3236 2875 3434 2932 Petrus
3483 2875 3785 2946 apostolus,

2204 2967 2424 3022 dicens:
2451 2966 2689 3032 Resiatite
2713 2967 2946 3033 diabolo,
2972 2976 3018 3021 ct
3050 2967 3211 3038 fugiet
3238 2985 3271 3021 α
3297 2967 3438 3022 vobis
3463 2966 3514 3038 (Ι
3542 2965 3688 3021 Petr.
3709 2969 3783 3037 v).

2203 3058 2566 3114 Abrenuntiat
2595 3059 2835 3129 quidem,
2867 3058 2919 3112 id
2947 3067 3050 3124 est,
3105 3060 3372 3130 repudiat,
3403 3060 3630 3130 spernit,
3654 3059 3785 3128 reji-

2203 3149 2300 3215 cit,
2326 3150 2666 3215 contradicit,
2701 3151 2955 3222 abnegat,
3005 3150 3284 3222 relinquit,
3329 3151 3440 3208 sive
3476 3149 3622 3206 aliud
3657 3151 3786 3221 quid

2203 3239 2347 3309 quod
2377 3240 2482 3294 hoc
2507 3239 2672 3296 verbo
2701 3239 2754 3294 in
2781 3241 2886 3296 hoc
2908 3255 3068 3304 senisu
3097 3241 3327 3311 exprimi
3358 3249 3554 3311 potest.
3579 3241 3784 3312 Quam-

2202 3331 2285 3386 vis
2306 3330 2450 3385 enim
2497 3329 2640 3386 illius
2686 3330 2836 3385 verbi
2886 3332 3032 3402 quod
3079 3341 3164 3387 est
3215 3333 3418 3399 nuntio,
3475 3347 3671 3390 sensus
3728 3335 3785 3389 in

2200 3431 2454 3495 promptu
2503 3424 2595 3488 sit,
2639 3439 2762 3479 cum
2791 3424 2909 3479 sine
2932 3424 3316 3495 praepositione
3340 3422 3615 3501 profertur
3647 3443 3662 3478 :
3688 3440 3780 3481 ac-

2202 3520 2356 3583 cepta
2379 3512 2756 3584 prmpositione
2776 3513 3044 3570 interdum
3073 3529 3104 3570 a
3133 3530 3230 3570 sua
3261 3515 3660 3587 significatione
3677 3532 3784 3572 non

2201 3605 2360 3677 longe
2383 3605 2589 3661 recedit
2616 3624 2629 3660 :
2656 3611 2718 3660 ut.
2733 3613 2819 3661 est
2845 3605 2996 3674 illud,
3023 3608 3210 3663 nuntio
3236 3616 3293 3662 et
3314 3608 3591 3672 renuntio;
3619 3608 3784 3664 inter-

2201 3698 2328 3753 dum
2351 3711 2482 3753 vero
2503 3697 2557 3752 in
2587 3697 2752 3752 alium
2777 3712 2998 3754 sensum
3021 3699 3270 3765 vertitur,
3297 3705 3458 3754 etest
3489 3697 3618 3754 illud
3649 3715 3664 3752 :
3697 3697 3787 3753 Sic

2201 3802 2322 3856 ergo
2349 3786 2518 3840 omnis
2545 3801 2610 3840 ea:
2637 3786 2776 3842 vobis
2814 3787 2904 3859 qui
2933 3803 3038 3842 non
3087 3789 3352 3842 renuntiat
3401 3787 3644 3844 omnibus
3668 3803 3784 3858 qua:

2201 3877 2450 3946 possidet,
2484 3892 2590 3932 non
2618 3886 2780 3947 potest
2807 3894 2954 3933 meus
2976 3894 3086 3934 esse
3134 3877 3424 3949 discipulus
3463 3876 3613 3949 (Luc.
3645 3878 3780 3950 xw).

2203 3969 2376 4038 Quam
2429 3971 2756 4026 sententiam
2815 3971 3006 4027 beatus
3059 3970 3352 4042 Gregorius
3397 3985 3675 4040 exponens
3728 3971 3782 4023 in

2204 4061 2422 4118 homilia
2448 4062 2746 4134 Evangelii,
2769 4063 3080 4119 renuntiare
3103 4065 3393 4134 abnegare,
3430 4061 3658 4134 intelligi
3686 4061 3782 4120 de-

2202 4156 2352 4220 bere,
2367 4155 2627 4211 ostendit.
2654 4154 2896 4224 Denique
2913 4153 3268 4225 baptizandus
3288 4164 3410 4226 post
3434 4152 3783 4208 abrenuntia-

2203 4247 2406 4304 tionem
2433 4247 2670 4314 Satanae,
2693 4245 3060 4318 interrogatur
3079 4247 3126 4304 si
3153 4246 3498 4304 abrenuntiet
3523 4247 3778 4302 omnibus

519 4345 682 4406 sputo
708 4336 882 4409 tetigit
919 4335 1368 4436 linguam-illius,
1419 4344 1476 4392 et
1523 4336 1812 4392 subintulit
1844 4354 1857 4390 :
1891 4336 2092 4407 Eﬁ‘cta,
2124 4375 2178 4436 Β
2201 4338 2457 4408 operibus
2481 4337 2618 4408 ejus.
2648 4337 2778 4404 Quae
2805 4345 2934 4393 sunt
2955 4347 3140 4394 autem
3165 4352 3328 4409 opera
3369 4337 3608 4402 Satanat,
3647 4338 3782 4392 divi-

519 4427 658 4500 quod
715 4436 790 4492 est
843 4427 1134 4498 «ἀοικήτῳ.
1166 4426 1233 4486 Et
1284 4427 1475 4487 statim.
1517 4434 1715 4497 aperta!
1753 4435 1882 4485 sunt
1937 4441 2097 4486 aures
2124 4426 2168 4436 "
2203 4445 2306 4484 nus
2359 4428 2636 4500 apostolus
2688 4427 2908 4491 Paulus,
2961 4429 3017 4486 in
3069 4445 3176 4499 quo
3223 4429 3462 4500 loquitur
3505 4427 3780 4498 Christus,

521 4517 656 4588 eius,
689 4517 995 4584 etsolutum
1025 4526 1111 4574 est
1135 4517 1410 4576 vinculum
1439 4517 1634 4589 linguae
1655 4518 1792 4588 ejus,
1825 4527 1881 4575 et
1911 4518 2098 4590 loque-

519 4613 681 4670 batur
706 4619 878 4668 reete.
906 4609 974 4666 Et
1011 4609 1065 4664 in
1111 4608 1435 4679 quibusdam
1494 4610 1802 4681 regionibus
1849 4610 1943 4667 alii
1975 4609 2097 4668 oleo

518 4707 711 4759 sancto
757 4706 987 4770 tangunt
1036 4697 1544 4763 catechumeuorum
1595 4713 1756 4758 aures
1789 4706 1846 4758 et
1888 4712 2052 4756 nares
2079 4717 2098 4756 :

2203 4519 2539 4576 demonstrat
2581 4517 2828 4576 scribens
2855 4518 2926 4572 ad
2962 4516 3269 4573 Corinthios
3298 4537 3311 4572 :
3342 4517 3403 4574 Si
3453 4519 3572 4588 quis
3616 4516 3785 4586 frater

2199 4621 2278 4666 est
2325 4610 2632 4680 fornicator,
2677 4619 2771 4664 aut
2827 4626 3038 4673 auarus,
3080 4621 3172 4665 aut
3210 4609 3363 4665 idolis
3388 4611 3642 4675 seruiens,
3690 4619 3780 4663 aut

2202 4701 2513 4765 maledicus,
2554 4709 2646 4754 aut
2671 4700 2928 4764 ebriosus,
2969 4711 3062 4755 aut
3087 4717 3271 4770 rapax,
3305 4717 3424 4755 cum
3475 4700 3780 4771 hujusnwdi

520 4795 649 4865 quia
672 4806 829 4862 nemo
853 4799 1031 4862 potest
1052 4805 1154 4860 per
1181 4791 1413 4858 gratiam
1462 4791 1638 4848 sancti
1684 4790 1940 4860 Spiritus.
1977 4805 2104 4861 quae
2203 4807 2295 4846 nec
2333 4791 2505 4846 cibust
2548 4805 2753 4846 sumere
2795 4790 2846 4862 (1
2875 4789 2998 4846 Cor.
3029 4792 3104 4862 v).
3139 4792 3208 4845 Et
3246 4792 3373 4846 item
3405 4809 3420 4846 :
3449 4792 3533 4845 An
3574 4792 3780 4848 nescitis

516 4885 637 4944 oleo
661 4883 995 4953 designatur,
1050 4881 1172 4947 fidei
1221 4890 1558 4944 sacramenta
1607 4894 1952 4952 cognoscere,
1991 4881 2099 4936 nisi

521 4974 710 5029 audiat
737 4971 1138 5044 praedicantem,
1167 4970 1379 5026 dicente
1401 4969 1662 5039 Apostolo
1689 4984 1704 5022 :
1739 4967 1902 5028 Fides
1918 4985 1986 5024 ea:
2002 4984 2098 5028 aur-

517 5065 654 5139 ditu,
711 5062 926 5129 auditus
962 5071 1139 5122 autem
1183 5077 1277 5130 per
1311 5061 1520 5114 verbum
1575 5059 1770 5116 Christi
1811 5060 1985 5131 (Rom.
2018 5061 2095 5130 ι).

521 5153 699 5210 Nares
723 5169 938 5225 quoque
967 5153 1137 5220 simili;
1160 5159 1308 5212 tactu
1339 5149 1750 5212 sanctificantur
1781 5170 1796 5205 :
1824 5161 1887 5206 ut
1922 5153 1975 5206 hi
2003 5153 2098 5221 qui

525 5243 598 5306 ad
627 5243 950 5309 baptismum
984 5242 1206 5310 ueniunt
1234 5239 1627 5302 admoneamur
1668 5241 1803 5294 tanti
1853 5240 2099 5308 mysterii

523 5338 923 5386 sacramentum
959 5344 1052 5392 per
1081 5330 1312 5392 gratiam
1345 5329 1517 5388 sancti
1562 5327 1796 5392 Spiritus
1833 5343 2004 5392 usque
2029 5331 2100 5384 ad

2197 4881 2325 4951 quia
2378 4879 2548 4951 iniqui
2601 4895 2827 4952 regnum:
2871 4878 2971 4936 Dei
3022 4896 3127 4936 non
3177 4879 3552 4950 possidebunt?
3600 4879 3780 4934 Nolite

2198 4983 2409 5026 errare:
2430 4986 2592 5043 neque
2620 4969 2915 5040 fornicarii,
2939 4985 3100 5040 neque
3117 4970 3273 5026 idolis
3297 4971 3594 5036 seruientes,
3621 4985 3779 5040 neque

2199 5061 2447 5127 adulteri,
2500 5078 2659 5129 neque
2692 5059 2890 5122 molles,
2934 5077 3098 5130 neque
3132 5060 3486 5115 masculorum
3533 5061 3780 5118 concubi-

2199 5161 2356 5216 tores,
2385 5167 2546 5220 neque
2581 5151 2752 5221 fures,
2779 5166 2940 5220 neque
2975 5150 3144 5214 auari,
3184 5165 3346 5220 neque
3378 5149 3593 5213 ebriosi,
3620 5165 3780 5220 neque

2199 5241 2461 5306 maledici,
2517 5257 2680 5310 neque
2739 5254 2976 5308 rapaces,
3034 5254 3247 5309 regnum
3297 5237 3397 5298 Dei
3441 5237 3784 5306 possidebunt

2201 5332 2252 5392 (1
2277 5332 2400 5386 Cor.
2435 5323 2530 5392 tv),
2566 5333 2634 5386 Et
2681 5333 2750 5388 ad
2794 5330 3011 5392 Galatas
3062 5348 3075 5383 :
3125 5329 3411 5392 Manifesta
3447 5340 3571 5384 sunt
3621 5344 3779 5392 opem
