4018 5392
261 415 366 476 169

1683 413 2060 470 liPISTOLA'I.

3403 419 3504 475 110

259 529 562 592 homicidia,
615 529 906 593 ebrietates,
950 529 1346 583 comessationes
1395 537 1441 582 et
1493 528 1572 581 his
1613 525 1832 590 similia,
1862 528 1909 587 Α
1938 532 2103 578 ctum.
2147 522 2292 590 Quas
2320 539 2537 579 necesse
2583 533 2665 582 est
2713 524 3038 580 inconvulsa:
3083 525 3277 581 mentis
3322 525 3500 582 inten—

257 637 379 692 qme
401 620 630 689 pra’dico
673 619 833 684 vobis,
863 620 998 673 sicut
1031 619 1275 688 pra-dixi,
1303 619 1552 688 quoniam
1593 618 1682 688 qui
1705 616 1836 670 talia

259 723 441 784 agunt,
475 729 689 783 regnum
713 713 807 767 Dei
829 731 930 768 non
952 723 1329 784 consequentur
1356 712 1555 784 (Galat.
1581 712 1666 782 nt)
1694 729 1706 764 :
1732 711 1834 766 nisi

255 817 360 873 per
385 803 595 858 debitos
617 804 950 873 paenitentiae
972 804 1204 868 fructus,
1234 813 1520 874 antequam
1548 814 1743 858 exeant
1769 803 1837 858 de

258 909 509 964 corpore,
537 909 597 949 ea
624 895 957 965 cooperiant,
983 904 1035 951 et
1072 897 1280 951 devotis
1306 896 1575 966 precibus,
1597 895 1835 950 eleemo-

257 984 432 1054 synis,
461 983 701 1054 jejuniis,
726 985 1050 1055 ﬂeti-hasque
1103 995 1158 1041 et
1197 987 1384 1040 hostire
1412 986 1670 1041 salutaris
1689 985 1837 1040 obla-

261 1073 518 1137 tionibus,
552 1072 772 1130 abluere
809 1074 897 1128 illa
921 1075 1246 1130 curaverint.
1291 1074 1649 1129 Abrenuntiat
1691 1074 1835 1129 enim

256 1163 620 1232 baptizandus
648 1165 899 1220 omnibus
926 1165 1122 1220 diaboli
1171 1165 1403 1236 pompis,
1454 1165 1505 1218 id
1536 1173 1621 1220 est
1673 1165 1834 1234 spiri-

261 1255 494 1311 tualibus
542 1256 710 1321 vitiis,
763 1264 822 1310 ut
870 1264 997 1310 sunt
1043 1256 1284 1318 ambitio,
1317 1253 1644 1326 arrogantia,
1693 1269 1833 1308 vana

256 1343 453 1414 gloria,
479 1345 774 1400 ostentatio
819 1353 874 1400 et
899 1356 1093 1400 caetera
1119 1344 1451 1416 hujusmodi,
1481 1357 1602 1412 quas
1647 1343 1713 1398 de
1742 1356 1834 1396 su-

252 1435 457 1502 perbiae
483 1434 634 1490 fonte
661 1436 984 1504 procedunt.
1010 1435 1213 1503 Pompa
1240 1435 1439 1504 quippe
1467 1433 1685 1504 proprie
1705 1432 1836 1487 dici-

257 1527 346 1574 tur
360 1523 572 1592 puhlica
597 1523 892 1579 ostentatio
913 1539 1035 1578 cum
1060 1523 1228 1578 multa
1258 1522 1572 1577 ambitione.
1595 1521 1837 1577 Ambitio

254 1614 453 1684 quippe
477 1615 762 1684 phantasia
788 1616 987 1670 dicitur
1020 1615 1208 1671 Graece
1237 1632 1250 1668 :
1289 1629 1395 1685 quo
1445 1614 1666 1668 nomine
1693 1613 1837 1668 desi-

253 1712 450 1771 gnatur
480 1705 758 1774 multiplex
790 1714 1080 1776 apparatus
1103 1714 1161 1760 et
1195 1719 1390 1775 pompa
1424 1704 1622 1774 regalis
1651 1701 1831 1758 ollicii.

253 1791 323 1847 Et
352 1793 451 1848 hac
487 1796 795 1852 conditione
839 1806 966 1868 post
1014 1795 1562 1860 abrenuntiationem,
1611 1802 1671 1849 ut
1699 1810 1836 1864 prac-

253 1884 525 1952 misimus,
547 1887 666 1942 oleo
693 1898 884 1944 sancto
905 1890 1112 1944 linitur.

323 1975 412 2030 IX.
458 1977 526 2032 Et
569 1979 650 2033 sic
699 1977 847 2056 fqnte
889 1979 1070 2035 verbis
1124 1977 1456 2033 solemnibus
1495 1983 1834 2041 consecrato,

253 2064 506 2122 adstante
530 2066 855 2138 baptizando
879 2068 1031 2139 juxta
1079 2067 1306 2132 fontem,
1355 2067 1690 2136 obsequente
1740 2080 1838 2135 pa-

167 2173 174 2178 ·
253 2161 410 2211 trono
444 2157 746 2229 interrogat
792 2174 915 2214 eum
962 2158 1237 2222 sacerdos,
1273 2158 1318 2212 si
1346 2157 1522 2213 credit
1571 2157 1627 2211 in
1667 2156 1836 2212 Deum

249 2244 469 2302 Patrem
493 2251 941 2321 omnipotentem,
972 2263 1027 2306 et
1052 2251 1255 2320 reliqua
1278 2251 1572 2306 secundum
1602 2265 1832 2304 morem.

251 2336 318 2390 Et
368 2343 731 2408 respondente
778 2341 871 2398 illo
921 2342 1219 2398 secundum
1242 2340 1676 2397 ecclesiasticam
1707 2355 1836 2396 con-

248 2429 627 2497 suetudinem;
679 2440 802 2502 post
862 2433 1226 2504 supradictam
1285 2431 1486 2486 trinam
1528 2430 1726 2486 diaboli
1781 2440 1838 2486 et

247 2531 591 2588 pomparum,
645 2536 710 2576 ac
752 2537 977 2592 operum
1024 2519 1577 2586 abrenuntiationem,
1607 2527 1836 2590 postque

249 2609 456 2664 trinam
492 2627 633 2667 verte
678 2614 800 2670 ﬁdei
851 2615 1269 2678 confessionem,
1323 2615 1447 2684 quia
1503 2629 1610 2668 non
1657 2622 1837 2684 potest

249 2700 483 2770 quisque
511 2704 614 2758 nisi
663 2707 799 2760 trina
845 2707 1320 2762 abrenuntiatione
1371 2715 1427 2760 et
1453 2705 1592 2760 trina
1625 2704 1836 2760 confes-

248 2790 406 2846 sione
432 2795 686 2864 purgari;
719 2797 856 2849 trina
883 2797 1154 2852 mersione
1181 2797 1492 2866 baptizatur
1530 2797 1583 2850 in
1617 2796 1834 2849 nomine

247 2879 453 2948 Patris,
489 2895 541 2938 et
567 2885 714 2950 Filii,
741 2895 796 2941 et
827 2887 1061 2957 Spiritus
1091 2891 1261 2944 sancti
1297 2907 1310 2942 :
1342 2898 1402 2944 ut
1436 2889 1579 2944 sicut
1607 2888 1836 2944 interior

250 2968 432 3037 homo,
467 2974 559 3042 qui
596 2976 662 3030 ad
690 2976 976 3046 imaginem
1007 2988 1207 3033 sancta:
1255 2977 1537 3034 Trinitatis
1585 2980 1834 3036 conditus

246 3071 352 3127 est,
389 3078 487 3132 per
517 3065 910 3121 invocationem
937 3077 1138 3124 sanctae
1169 3067 1451 3125 Trinitatis
1483 3072 1548 3124 ad
1587 3070 1834 3126 eamdem

252 3165 546 3210 revocatur
572 3157 896 3228 imaginem;
927 3167 982 3212 et
1000 3161 1089 3229 qui
1122 3160 1282 3215 tertio
1307 3161 1475 3230 gradu
1519 3161 1748 3232 peccati,
1779 3160 1833 3214 id

1941 617 2086 670 tione
2113 630 2330 670 servare
2358 616 2628 680 ﬁdelibus,
2668 623 2722 669 ct
2776 624 2835 668 ut
2877 616 3194 670 intemerato.
3240 618 3506 673 custodiri

1935 706 2163 775 possint,
2196 705 2340 760 illius
2386 721 2598 776 seraper
2637 705 2962 776 adiutorium
3010 709 3308 778 requirere,
3345 712 3502 782 cujus

1936 798 2104 866 gratia
2129 798 2182 853 in
2208 799 2528 866 baptismate
2549 807 2676 852 sunt
2704 800 2898 853 renati.

2464 908 2791 963 EPISTOLA
2838 908 2975 962 XIX.

2100 1007 2110 1017 ’
2145 1020 2213 1060 AD
2247 1022 2543 1061 ωυονιεωί
2577 1022 2634 1060 111
2671 1023 2864 1070 REGE],
2905 1025 3054 1064 BALBI
3092 1025 3294 1066 FILIUM.

1939 1085 2005 1146 L't
2030 1093 2244 1148 liberam
2268 1096 2492 1168 episcopi
2514 1095 2811 1168 electionem
2824 1097 2876 1150 in
2895 1096 3244 1154 Bellovacensi
3269 1100 3512 1155 Ecclesia

2502 1166 2618 1234 ﬁeri
2644 1168 2925 1235 permittat.

2523 1255 2682 1318 (Apud
2707 1256 2976 1317 Sirmond.)

2011 1336 2238 1392 Domino
2265 1336 2534 1392 Lunovtco
2559 1338 2670 1408 regi
2703 1338 2934 1408 glorioso
2956 1339 3266 1396 UlNCttARUS
3295 1344 3504 1413 cpisco-

1937 1441 2038 1495 pus
2064 1441 2128 1482 ac
2154 1427 2324 1496 plebis
2356 1429 2446 1484 Dei
2477 1428 2727 1483 famulus.

2007 1515 2132 1571 CAP.
2151 1515 2190 1569 Ι.
2215 1517 2461 1588 Episcopi
2483 1519 2571 1587 qui
2596 1519 2734 1588 apud
2759 1521 3072 1591 martyrium
3095 1533 3292 1579 sanctae
3314 1525 3509 1582 Macra:

1938 1606 1993 1660 in
2018 1606 2234 1662 nomine
2255 1607 2452 1664 Christi
2480 1610 2852 1676 convenimus,
2879 1628 2982 1666 non
3004 1628 3102 1682 pro
3132 1616 3236 1670 ulla
3267 1617 3509 1673 indebita

1936 1696 2234 1760 voluntate,
2254 1697 2345 1752 sed
2371 1715 2468 1770 pro
2491 1711 2690 1756 sanctae
2713 1702 2967 1758 Ecclesia:
2991 1720 3055 1760 ac
3080 1716 3258 1762 vestro
3280 1719 3334 1764 et
3355 1711 3507 1781 regni

1937 1787 2090 1844 vobis
2116 1790 2392 1846 commissi
2416 1790 2619 1846 honore
2646 1806 2710 1846 ac
2736 1793 3089 1863 salvamento,
3137 1799 3278 1854 sicut
3305 1803 3508 1872 scripta

1866 1892 1913 1952 Β
1941 1879 2334 1946 demonstrant,
2367 1897 2485 1951 quae
2514 1881 2666 1937 vobis
2693 1897 2790 1952 per
2838 1889 3247 1944 consacerdotes
3295 1901 3510 1948 nostros

1943 1970 2362 2037 transmisimus,
2412 1971 2612 2027 reiecta
2640 1975 3060 2046 praesumptione
3087 1977 3219 2034 cleri
3261 1988 3315 2036 et
3341 1980 3512 2050 plebis

1936 2059 2193 2117 Ecclesia).
2220 2061 2582 2128 Bclvacensis,
2630 2063 2722 2134 qui
2752 2079 3041 2134 personam
3094 2069 3295 2140 regulis
3341 2073 3513 2128 sacris

1939 2149 2318 2222 incongruam,
2344 2168 2464 2208 cum
2489 2153 2709 2208 decreto
2731 2154 3060 2225 singulorum
3083 2158 3329 2214 manibus
3356 2159 3514 2216 robo-

1937 2248 2080 2305 rato,
2109 2241 2266 2297 nobis
2295 2250 2762 2310 prtesentaverunt
2809 2243 2861 2297 in
2918 2247 3144 2313 synodo,
3187 2247 3353 2302 veluti
3397 2247 3511 2317 jam

1936 2328 2038 2383 fuit
2095 2339 2298 2397 actum,
2348 2333 2566 2402 quando
2611 2331 2957 2387 Fromoldum
3003 2337 3288 2404 quemdam
3337 2339 3513 2409 elege-

1938 2428 2084 2485 runt,
2112 2429 2167 2476 et
2201 2420 2406 2490 rejecto
2455 2423 2546 2477 illo
2574 2433 2794 2493 propter
2837 2425 3208 2496 insipientiam
3237 2437 3291 2483 et
3317 2430 3517 2500 impro-

1935 2510 2182 2577 bitatem,
2211 2510 2327 2567 Odo
2350 2525 2417 2566 ex
2442 2511 2617 2566 vicina
2643 2513 2899 2583 parochia
2922 2514 3122 2569 ibidem
3146 2531 3270 2586 cum
3298 2519 3515 2576 decreto

1937 2601 2200 2657 canonico
2233 2601 2336 2656 fuit
2363 2601 2590 2669 electus,
2637 2603 2852 2659 rclectis
2909 2620 3093 2661 coram
3138 2608 3392 2664 omnibus
3422 2611 3516 2680 qui

1937 2689 2228 2743 adfuerunt
2277 2690 2449 2745 sacris
2475 2691 2795 2758 canonibus,
2828 2695 3122 2749 secundum
3154 2697 3372 2752 easdem
3422 2714 3515 2754 sa-

1936 2793 2058 2833 cras
2104 2778 2248 2850 leges
2291 2780 2673 2836 constituimus
2701 2781 3014 2853 designatos
3040 2799 3107 2838 ex
3136 2785 3354 2842 nomine
3381 2787 3516 2844 dile-

1936 2877 2052 2923 ctos
2075 2868 2270 2924 fratres
2296 2877 2352 2924 et
2379 2870 2714 2926 venerabiles
2755 2872 3106 2942 coepisc0pos
3154 2884 3394 2943 nostros,
3417 2893 3514 2947 per
3557 2879 3560 2882 ’

1936 2976 2072 3032 quos
2097 2971 2290 3017 vestra:
2318 2963 2672 3018 dominationi
2704 2964 2911 3019 litteras
2936 2965 3254 3035 direximus,
3287 2969 3341 3025 in
3389 2973 3512 3042 qui-

1936 3054 2049 3110 bus.
2067 3055 2211 3111 inter
2236 3066 2431 3112 caetera
2460 3057 2578 3112 hac
2606 3058 2952 3114 continentur
2985 3074 2999 3113 :
3028 3079 3045 3112 ι
3080 3060 3151 3116 Ut
3180 3063 3318 3120 sicut
3347 3082 3516 3124 sacra:

1937 3145 2084 3216 leges
2104 3156 2160 3202 et
2179 3146 2378 3218 regula:
2397 3148 2734 3219 praecipiunt,
2763 3149 3183 3224 archiepiscopis
3209 3162 3264 3210 et
3301 3158 3512 3227 episco-

246 3253 358 3310 ρει,
407 3247 758 3317 cogitatione,
811 3249 1082 3304 ιοουιίοηε
1132 3261 1189 3304 ει
1213 3249 1526 3319 operatione
1553 3250 1753 3306 cecidi;
1776 3250 1831 3305 in
1860 3238 1908 3303 C
1937 3237 2021 3309 pis
2041 3238 2529 3296 collimitanearum
2551 3239 2855 3298 dioeceseon
2871 3242 3188 3302 electionem
3212 3253 3512 3308 concedere

245 3346 505 3404 mortem,
531 3340 689 3394 tertio
717 3339 956 3395 elevatus
983 3339 1051 3396 de
1077 3340 1227 3396 fonte
1275 3355 1372 3410 per
1392 3341 1620 3411 gratiam
1651 3355 1832 3396 resur-

245 3436 342 3497 gat
391 3429 460 3484 ad
509 3430 697 3484 vitam.
721 3430 789 3485 Et
817 3431 1203 3486 sicutinterior
1230 3432 1391 3486 homo
1416 3433 1467 3484 in
1501 3431 1606 3486 ﬁde
1631 3440 1832 3488 sancite

247 3522 538 3577 Trinitatis
569 3524 635 3576 ad
667 3523 954 3595 imaginem
987 3525 1069 3580 sui
1119 3524 1412 3580 conditoris
1456 3523 1833 3579 reformandus

243 3622 356 3679 est,
390 3614 462 3668 ita
491 3623 546 3669 et
573 3615 811 3670 exterior
863 3616 1004 3670 trina
1062 3616 1334 3671 mersione
1378 3615 1676 3670 abluendus
1698 3624 1781 3670 est
1815 3634 1828 3670 :

240 3711 306 3756 ut
338 3703 482 3772 quod
512 3703 852 3758 invisibiliter
875 3703 1110 3774 Spiritus
1145 3713 1402 3774 operatur
1428 3704 1482 3758 in
1505 3704 1708 3768 anima,
1731 3705 1835 3759 hoc

241 3794 545 3850 visibiliter
571 3793 824 3849 sacerdos
849 3794 1093 3848 imitetur
1130 3794 1184 3848 in
1217 3786 1374 3862 aqua.
1406 3794 1539 3848 Nam
1569 3793 1836 3863 originale

240 3893 538 3960 peccatum
571 3885 744 3939 tribus
769 3885 945 3940 modis
970 3893 1149 3940 actum
1170 3891 1273 3950 est,
1299 3883 1674 3948 delectatione,
1700 3898 1834 3940 con-

243 3991 415 4033 sensu
449 3983 502 4030 et
548 3989 743 4045 opere;
798 3975 868 4030 ita
897 3984 950 4031 et
987 3990 1150 4030 omne
1178 3983 1479 4044 peccatum,
1514 3981 1608 4028 aut
1634 3976 1834 4046 cogita-

247 4068 422 4130 tione,
457 4074 549 4120 aut
598 4065 887 4130 locutione,
922 4075 1016 4120 aut
1053 4066 1366 4135 operatione
1409 4064 1672 4132 eﬂicitur;
1713 4067 1834 4122 ideo

248 4157 453 4228 triplici
479 4157 662 4228 generi
695 4165 1040 4227 peccatorum
1071 4158 1214 4212 trina
1243 4157 1454 4213 videtur
1479 4159 1684 4214 ablatio
1704 4175 1831 4215 con-

248 4248 470 4312 venire;
512 4247 592 4302 \el
629 4257 845 4318 propter
871 4246 1134 4318 originale
1161 4256 1464 4318 peccatum,
1489 4248 1632 4319 quod
1657 4250 1710 4304 in
1742 4249 1828 4305 in-

247 4341 496 4395 fantibus
523 4339 666 4394 valet
703 4342 770 4395 ad
812 4341 1199 4411 perditionem,
1230 4340 1315 4396 vel
1339 4351 1560 4413 propter
1591 4342 1681 4397 illa
1707 4359 1830 4414 quae

248 4433 304 4486 in
337 4431 699 4500 provectioris
740 4432 915 4486 atatis
947 4431 1295 4496 hominibus,
1338 4432 1634 4499 voluntate,
1663 4437 1827 4492 verbo

243 4520 337 4577 vel
396 4519 540 4575 facto
589 4521 883 4576 adduntur.
939 4522 1005 4576 Et
1057 4521 1184 4591 quia
1245 4523 1540 4577 secundum
1583 4534 1826 4579 sanctam

1935 3329 2249 3401 dignemini,
2282 3332 2736 3403 utundecunque,
2760 3335 3055 3390 secundum
3099 3338 3325 3396 formam
3357 3359 3516 3417 regu-

1935 3425 2106 3482 larem
2131 3425 2434 3492 electionis,
2465 3427 2702 3498 episcopi
2744 3427 2904 3484 talem
2937 3429 3155 3501 eligant,
3185 3434 3276 3504 qui
3306 3445 3360 3491 et
3386 3453 3512 3493 san-

1933 3526 2032 3586 ctae
2062 3517 2316 3574 Ecclesiae
2338 3519 2504 3586 utilis,
2534 3527 2588 3575 et
2617 3534 2786 3592 regno
2807 3520 3101 3590 proﬁcuus,
3120 3532 3176 3578 et
3194 3526 3347 3582 vobis
3375 3527 3505 3584 iide-

1931 3608 1998 3664 lis
2021 3625 2085 3664 ac
2107 3609 2336 3664 devotus
2357 3620 2676 3681 cooperator
2702 3611 2900 3667 existat
2925 3631 2938 3667 :
2969 3621 3024 3668 et
3045 3619 3507 3675 consentientibus

1933 3699 2080 3755 clero
2127 3708 2182 3754 et
2209 3700 2365 3769 plebe
2403 3715 2529 3755 eum
2583 3701 2735 3756 vobis
2781 3701 3068 3767 adducant,
3119 3712 3178 3757 ut
3215 3709 3510 3763 secundum

1936 3792 2296 3848 ministerium
2348 3801 2588 3848 vestrum
2642 3809 2730 3850 res
2780 3803 2833 3848 et
2890 3793 3179 3851 facultates
3234 3798 3509 3868 Ecclesite,

1934 3899 2068 3952 quas
2097 3883 2163 3938 ad
2195 3882 2587 3940 defendendum
2635 3893 2692 3939 et
2733 3885 2990 3940 tuendum
3046 3885 3199 3942 vobis
3247 3888 3509 3947 Dominus

1935 3973 2349 4039 commendavit,
2379 3989 2491 4030 sua:
2541 3974 2878 4046 dispositioni
2909 3980 3280 4049 committatis,
3311 3995 3363 4041 et
3383 4001 3507 4042 cum

1933 4079 2196 4121 consensu
2227 4082 2291 4122 ac
2323 4066 2518 4122 litteris
2544 4069 2740 4124 vestris
2770 4085 2893 4125 eum
2937 4072 3004 4126 ad
3035 4077 3509 4146 metropolitanum

1931 4156 2242 4226 episcopum
2269 4171 2335 4212 ac
2360 4158 2708 4228 coepiscopos
2731 4160 2898 4227 ipsius
2926 4163 3243 4232 dioeceseos,
3270 4169 3360 4238 qui
3381 4185 3504 4225 eum

1929 4249 2182 4309 ordinare
2229 4250 2449 4316 debent,
2502 4253 2900 4320 transmittatis,
2934 4264 2988 4312 et
3014 4257 3096 4312 sic
3123 4259 3240 4332 sine
3268 4264 3508 4319 scandali

1929 4341 2254 4397 maculaad
2301 4353 2552 4399 sanctum
2611 4347 2974 4404 sacerdotium
2999 4353 3347 4420 provehatur.
3385 4377 3404 4410 ›
3438 4359 3506 4414 Et

1929 4433 2138 4504 reliqua
2170 4449 2291 4503 qua:
2316 4435 2443 4490 inde
2467 4435 2539 4491 ibi
2561 4449 2879 4507 sequuntur.

2007 4523 2133 4580 Car.
2173 4526 2235 4580 ll.
2267 4526 2324 4580 In
2347 4527 2542 4595 quibus
2569 4529 2748 4585 verbis
2778 4531 2920 4586 nulla
2949 4533 3188 4590 indebita
3213 4539 3503 4607 cujuscun-

247 4612 596 4682 Scripturam
629 4628 768 4669 unus
794 4615 954 4679 Deus,
987 4585 1093 4667 una
1128 4612 1283 4678 ﬁdes,
1331 4629 1496 4668 unum
1540 4615 1823 4685 baptisma,
1859 4585 1908 4643 D
1934 4631 2039 4686 que
2063 4615 2332 4681 voluntas,
2362 4585 2496 4672 nihil
2521 4627 2716 4673 contra
2754 4585 3503 4695 pomi",,’,,.],',;;,;eg";ﬁ:i1

246 4710 338 4756 ter
363 4701 730 4772 baptizandus
755 4703 1018 4773 mergitur
1057 4703 1110 4756 in
1137 4703 1358 4757 nomine
1376 4702 1577 4770 Patris,
1608 4713 1664 4760 et
1685 4705 1827 4774 Filii,

244 4801 307 4848 et
337 4791 580 4863 Spiritus
601 4794 794 4860 sancti,
821 4802 878 4847 ut
909 4792 1150 4848 Trinitas
1173 4807 1337 4847 unum
1367 4803 1627 4864 appareat
1647 4811 1830 4852 sacra-

244 4892 536 4949 mentum;
568 4894 621 4940 et
646 4899 756 4940 non
786 4885 1094 4955 baptizetur
1124 4885 1179 4938 in
1221 4885 1531 4941 nominibus
1573 4886 1754 4942 Patris
1776 4897 1831 4942 et

241 4972 372 5027 Filii
405 4981 464 5027 et
515 4971 751 5044 Spiritus
800 4975 999 5040 sancti,
1047 4975 1142 5030 sed
1187 4975 1237 5029 in
1269 4990 1380 5030 uno
1421 4977 1660 5042 nomine,
1683 4977 1829 5047 quod

242 5063 576 5135 intelligitur
603 5065 768 5133 Deus,
809 5065 962 5135 juxta
1014 5066 1351 5136 Apostolum.
1393 5066 1560 5137 Igitur
1581 5083 1723 5123 unus
1748 5077 1836 5124 est

241 5157 418 5218 Deus,
460 5169 563 5208 una
609 5157 762 5220 ﬁdes,
808 5173 970 5211 unum
1017 5157 1282 5226 baptisma
1329 5173 1342 5210 :
1399 5158 1494 5212 sed
1539 5157 1659 5212 duae
1706 5169 1832 5213 sunt

239 5245 533 5316 pactiones
560 5261 675 5315 quas
705 5248 757 5302 in
791 5247 1113 5315 baptismate
1157 5247 1524 5318 paciscuntur,
1557 5265 1691 5319 quas
1733 5266 1826 5319 pa-

1057 5357 1080 5364 -
1097 5340 1124 5364 ,ι
1176 5339 1565 5364 ςκηιιεηειάιλ...
1613 5351 1824 5376 -.-μη

238 5347 393 5364 ...ηυδε
440 5347 548 5364 ιιι-εἰη
578 5347 842 5364 ⁸....ΑΑ-κιίη
897 5355 1011 5364 ’.ο-,ιι

1931 4715 2119 4762 contra
2166 4714 2406 4762 vestrum
2447 4707 2733 4775 honorem,
2781 4711 2911 4766 nihil
2942 4723 3129 4770 contra
3162 4719 3311 4788 regni
3354 4721 3508 4775 vobis

1931 4799 2202 4854 commissi
2258 4809 2477 4854 resonat
2502 4800 2931 4873 salvamentum:
2961 4806 3057 4862 sed
3094 4808 3302 4864 ordinis
3331 4809 3504 4878 pleni-

1933 4889 2102 4955 tudo,
2158 4889 2392 4959 qualiter
2438 4891 2643 4948 electus
2699 4892 2823 4948 vitae
2874 4883 3068 4959 merito
3121 4903 3177 4950 et
3231 4898 3508 4967 sapientia:

1930 4983 2172 5037 doetrina
2200 4997 2230 5036 a
2271 4985 2689 5054 metropolitano
2737 4993 2794 5040 et
2832 4987 3123 5056 provinciae
3167 4988 3502 5057 coepiscopis

1931 5073 2125 5129 debeat
2140 5070 2293 5140 juxta
2341 5071 2615 5132 Nicaeuum
2669 5085 2917 5131 sanctum
2945 5085 2999 5130 et
3027 5090 3281 5145 magnum
3327 5079 3510 5132 conci-

1932 5164 2061 5217 lium
2111 5162 2436 5233 regularitcr
2457 5165 2723 5230 ordinari,
2779 5165 2871 5220 ubi
2922 5165 3064 5219 inter
3105 5161 3210 5215 alia
3244 5164 3508 5232 scriptum

1931 5261 2010 5310 est
2042 5254 2182 5321 (can.
2216 5252 2270 5322 6)
2298 5269 2314 5318 ;
2357 5273 2374 5304 t
2407 5253 2562 5322 Illud,
2594 5253 2788 5324 inquit,
2815 5251 3139 5323 generaliter
3187 5249 3394 5305 clarum
3421 5264 3511 5310 est

1933 5347 2070 5376 ιιι-ΛΑ
2097 5347 2140 5376 με
2170 5363 2200 5376 η
2245 5349 2258 5361 ⁹
2441 5358 2453 5364 -
2651 5358 2662 5364 ε
2747 5347 2806 5364 ο⁸κ
2839 5362 2866 5363 γέ
2924 5359 2985 5364 ..-ν
3010 5339 3314 5364 ...ΑσκΑΙῖιιμε
