4046 6284
500 342 599 396 Hl

1474 350 1802 406 llllVCMARl
1843 353 2235 413 llllEMENSIS
2270 317 2784 421 ARCHIEPISCOI'!

3645 375 3744 430 ιιι

481 478 562 529 ep.
595 461 686 525 56',
710 464 779 516 ad
808 463 1042 535 Anatol.)
1068 480 1081 518 :
1116 483 1132 516 ι
1165 464 1298 532 Quia
1336 474 1484 521 tanto
1513 467 1766 523 divinitus
1793 471 2072 542 privilegio
2098 473 2145 533 Α
2175 481 2226 524 et
2259 489 2539 530 munerum
2571 482 2904 549 acceptione,
2935 483 3006 536 ob
3036 484 3154 538 vitae
3183 484 3432 538 meritum
3455 495 3510 540 et
3533 489 3741 556 sapien-

478 562 561 607 est
591 565 930 619 consecrata,
957 566 1014 611 ut
1038 559 1150 612 sive
1172 573 1267 627 per
1291 559 1592 626 pauciores,
1624 563 1736 617 sive
1759 579 1853 632 per
1874 564 2053 633 plures

2159 563 2246 616 tiae
2275 565 2470 619 donum
2499 568 2787 637 eligantur,
2819 580 2875 624 ut
2907 574 3156 643 exemplo
3202 585 3256 630 et
3295 577 3457 632 verbo
3489 578 3588 632 sibi
3615 581 3744 637 sub.

473 645 779 716 episcopos,
836 647 1201 703 ecclesiastica
1257 649 1457 719 judicia
1509 653 1868 718 celebrentur,
1906 658 2053 710 omni
2147 652 2314 720 jeCtis
2352 672 2752 729 usquequaque
2799 663 3054 730 prodesse
3097 666 3323 720 valeant.
3354 669 3394 733 ξι
3441 669 3742 726 Notandum

470 735 682 802 penitus
731 737 1054 791 auctoritate
1106 738 1177 792 sit
1229 755 1454 794 vacuum
1505 743 1765 813 quidquid
1813 747 1878 800 ab
1910 747 2052 801 illius

469 823 629 880 fuerit
673 827 1055 883 constitutione
1101 828 1400 886 diversum.
1443 853 1460 884 ι
1498 835 1716 890 Debetis
1763 837 1926 907 igitur
1965 839 2048 891 in-

466 925 785 971 cunctanter
841 919 1142 985 advertere,
1178 921 1320 976 sicut
1373 931 1592 978 sanctus
1645 941 1778 995 papa
1826 926 1932 982 ιιρο
1981 929 2047 982 ad

465 1004 698 1060 Leonem
747 1005 1049 1076 Augustum
1081 1010 1298 1079 scripsit
1329 1011 1500 1082 (epist.
1552 1014 1667 1081 8t),
1698 1017 1899 1086 regiam
1956 1033 2046 1086 po—

467 1106 712 1153 testatem
752 1099 902 1155 vobis
950 1117 1055 1155 non
1099 1103 1165 1156 ad
1196 1103 1366 1158 solum
1399 1106 1583 1160 mundi
1639 1098 1880 1177 regimen
1908 1149 1921 1173 ,
1953 1110 2047 1164 sed

463 1192 696 1247 maxime
741 1193 807 1246 ad
839 1194 1092 1249 Ecclesia:
1142 1197 1451 1265 prasidium
1480 1214 1605 1254 esse
1654 1200 1940 1264 collatam,
1989 1210 2048 1256 ut

459 1298 622 1337 ausus
679 1280 914 1337 nefarios
965 1286 1373 1354 comprimendo
1403 1325 1416 1348 ,
1472 1294 1527 1340 et
1559 1303 1680 1356 qua:
1736 1289 1871 1342 bene
1920 1299 2043 1343 sunt

459 1381 654 1428 statuta
688 1374 1014 1440 defendatis,
1069 1385 1124 1430 et
1172 1392 1356 1431 veram
1401 1392 1586 1445 pacem
1644 1380 1728 1434 his
1775 1395 1894 1449 qum
1921 1391 2045 1436 sunt

464 1467 677 1521 turbata
708 1469 1023 1523 restituatis.
1057 1469 1210 1535 Quod
1241 1478 1294 1524 et
1320 1479 1507 1540 optare
1536 1481 1591 1526 et
1614 1488 1855 1542 quaerere
1878 1483 2043 1547 atque

458 1573 676 1613 servare
707 1559 934 1625 debetis,
953 1560 1090 1614 sicut
1111 1570 1480 1617 antecessores
1505 1565 1666 1618 vestri
1693 1565 2041 1634 imperatores

455 1659 508 1701 et
541 1665 692 1720 reges
750 1651 1015 1706 fecerunt.
1072 1653 1135 1706 Et
1167 1669 1273 1708 non
1308 1654 1514 1710 debetis
1570 1656 1914 1713 inflexibilem
1946 1659 2038 1715 Dei

453 1740 806 1807 voluntatem,
863 1743 1030 1812 quisi
1091 1752 1262 1798 mutat
1316 1747 1659 1811 sententiam,
1713 1739 1817 1803 non
1867 1758 2038 1804 mutat

2154 756 2236 798 est
2263 760 2394 802 sane
2421 750 2560 816 quod
2589 751 2816 805 dicitur:
2850 773 2867 804 (
2902 753 3209 809 Secundum
3237 765 3435 812 statuta
3475 775 3741 817 canonum

2153 834 2457 905 eligantur,
2515 857 2538 890 ι
2589 848 2646 894 ut
2702 843 2949 911 exemplo
3001 852 3058 897 et
3100 847 3266 899 verbo
3322 847 3425 900 sibi
3481 847 3739 917 subjectis

2155 941 2541 997 usquequaque
2595 931 2850 998 prodesse
2905 933 3136 990 valeant.
3195 936 3260 989 Et
3309 937 3451 991 sacri
3504 953 3742 995 canones

2151 1015 2337 1071 dicunt
2370 1019 2745 1088 (leestinus,
2773 1022 2974 1076 Decret.
3007 1025 3088 1095 18)
3117 1043 3130 1078 :
3170 1043 3188 1075 ι
3217 1026 3458 1081 Primum
3491 1028 3636 1083 enim
3661 1029 3739 1084 illi

2153 1106 2304 1177 (quin
2357 1110 2535 1166 clerici
2590 1113 3018 1184 uniuscujusque
3058 1117 3350 1188 Ecclesia?)
3407 1121 3737 1189 reprobandi

2149 1208 2291 1260 sunt,
2319 1206 2376 1251 nt
2409 1199 2573 1268 aliqui
2603 1202 2667 1256 de
2698 1202 2890 1257 alienis
2917 1204 3170 1267 Ecclesiis
3214 1207 3410 1276 merito
3438 1208 3740 1276 praeferano

2151 1297 2255 1340 tur.
2296 1307 2313 1338 ι
2349 1287 2414 1342 Ει
2438 1289 2564 1344 item
2598 1309 2610 1344 :
2645 1312 2662 1342 ι
2701 1291 2766 1346 Ut
2798 1295 3030 1363 episcopi
3055 1294 3260 1362 judicio
3285 1299 3736 1368 metropolitano-

2150 1393 2267 1430 rum
2319 1389 2588 1435 eteorum
2616 1383 2989 1452 episcoporum
3039 1385 3128 1455 qui
3179 1386 3529 1443 circumcirca
3582 1402 3731 1454 sunt,

2148 1470 2515 1537 provehantur
2541 1472 2608 1526 ad
2633 1474 3056 1530 ecclesiasticam
3083 1485 3407 1544 potestatem
3437 1496 3450 1532 :
3491 1480 3545 1534 hi
3572 1483 3726 1536 vide-

2143 1559 2266 1615 lieet
2295 1563 2387 1631 qui
2417 1563 2651 1633 plurimo
2681 1574 2918 1636 tempore
2958 1568 3256 1636 probantur
3281 1578 3388 1623 tam
3413 1572 3578 1626 verbo
3608 1573 3730 1629 ﬁdei

2141 1667 2302 1721 quam
2334 1663 2496 1709 rcctze
2519 1658 2945 1712 conversationis
2973 1659 3239 1727 exemplo.
3276 1679 3295 1712 ι
3327 1660 3732 1718 Attendendum

2141 1752 2224 1796 est
2273 1744 2434 1814 igitur
2460 1744 2692 1814 qualiter
2728 1747 2830 1802 hoc
2878 1747 3158 1817 imperiale
3206 1751 3501 1819 capitulum
3555 1755 3728 1810 sacris

451 1831 772 1895 consilium,
831 1809 897 1887 ad
955 1835 1242 1889 hu-nanam
1297 1845 1353 1891 et
1409 1836 1653 1908 fragilem
1702 1840 2031 1897 voluntatem
2065 1809 2335 1904 Bregulis
2357 1844 2410 1890 et
2431 1838 2775 1907 antiquorum
2799 1825 3186 1908 imperatorum
3207 1841 3416 1913 legibus
3440 1855 3726 1916 congruat.

451 1931 685 1976 vestram
721 1923 852 1976 velle
885 1923 1178 1985 inflectere.
1209 1927 1353 1995 quod
1400 1928 1518 1982 fieri
1552 1943 1655 1982 non
1694 1939 1893 1998 potest,
1937 1932 2030 1986 sed

449 2023 680 2068 vestram
731 2015 1061 2070 voluntatem
1115 2018 1208 2072 Dei
1257 2019 1518 2073 voluntati
1568 2021 1838 2086 subdere,
1892 2022 2032 2077 sicut

447 2105 696 2160 Christus
727 2108 878 2162 nobis
915 2117 969 2161 et
997 2109 1244 2164 omnibus
1289 2108 1630 2174 Christianis,
1686 2127 1753 2166 ex
1781 2113 2028 2167 humani-

448 2205 557 2251 tate
611 2214 704 2252 sua
757 2199 1024 2267 loquens,
1083 2201 1417 2269 sequendum
1469 2202 1617 2257 dedit
1674 2204 1976 2274 exemplum
2009 2245 2024 2270 ,

445 2290 630 2345 dicens
654 2306 668 2344 :
701 2289 820 2344 Non
843 2292 955 2345 veni
978 2290 1298 2346 voluntatem
1325 2308 1491 2346 meum
1517 2294 1712 2362 facere,
1735 2295 1824 2349 sed
1846 2297 2026 2349 volun-

443 2390 599 2436 tatem
627 2383 740 2454 ejus
759 2384 850 2454 qui
872 2384 1009 2438 misit
1038 2401 1117 2438 me
1143 2381 1321 2440 Patris
1343 2385 1525 2457 (Joau.
1550 2402 1604 2452 v,
1629 2387 1718 2452 30,
1743 2397 1790 2441 et
1813 2403 1884 2450 vr,
1911 2388 2021 2457 58);

442 2472 510 2527 Et
537 2489 552 2526 :
586 2473 705 2528 Fiat
739 2492 841 2529 non
885 2477 1018 2528 sicut
1051 2493 1144 2546 ego
1183 2477 1317 2543 volo,
1352 2479 1440 2532 sed
1472 2479 1606 2533 sicut
1636 2489 1693 2534 tu
1723 2481 1796 2534 vis
1818 2521 1832 2546 ,
1867 2481 2026 2535 Pater

441 2561 654 2633 (Matth.
690 2581 837 2630 xxvr,
867 2564 977 2637 59).
1010 2565 1068 2620 Si
1102 2566 1246 2622 enim
1277 2583 1307 2620 a
1331 2569 1512 2622 divina
1540 2569 1811 2624 voluntate
1832 2571 2023 2625 huma-

439 2665 510 2703 na
545 2651 791 2705 voluntas
821 2662 1001 2706 vestra
1025 2663 1460 2723 perseveranter,
1492 2657 1632 2724 quod
1663 2672 1768 2711 non
1799 2659 2021 2726 pennit-

439 2749 516 2795 tat
540 2741 816 2806 Dominus,
866 2742 1296 2807 discordaverit,
1348 2745 1715 2814 respondenda
1746 2755 1870 2801 sunt
1923 2749 2021 2802 mi-

436 2831 662 2886 nisterio
731 2832 1024 2902 episcopali
1081 2834 1468 2903 apostolorum
1518 2837 1680 2891 verba
1728 2855 1740 2890 :
1798 2835 2020 2892 Obedire

435 2932 634 2994 oportet
660 2923 768 2978 Deo
813 2925 979 2996 magis
1009 2942 1167 2994 quam
1201 2926 1496 2980 hominibus
1525 2926 1660 2997 (Act.
1691 2944 1742 2990 v,
1771 2927 1885 2996 29);
1919 2936 1972 2982 et
2001 2946 2014 2983 :

436 3014 498 3070 Si
521 3017 725 3084 justum
769 3027 843 3070 est
891 3018 942 3069 iu
993 3027 1267 3087 conspectu
1332 3016 1428 3072 Dei
1484 3033 1570 3071 vos
1617 3019 1787 3087 potius
1835 3018 2018 3072 audire

434 3123 590 3176 quam
622 3107 822 3181 Deum,
840 3106 1098 3176 judicate.
1136 3107 1256 3161 Non
1282 3107 1416 3163 enim
1442 3125 1716 3178 possumus
1743 3125 1860 3179 qua:
1886 3110 2016 3163 vidi.

433 3213 550 3250 mus
579 3206 626 3250 et
655 3196 951 3250 audivimus
979 3213 1078 3251 non
1105 3196 1244 3268 loqui
1267 3198 1400 3268 (Act.
1432 3212 1504 3262 Iv,
1540 3197 1644 3267 lit).

505 3287 632 3344 Car.
675 3287 759 3342 lll.
797 3288 930 3342 Nam
985 3288 1030 3342 si
1063 3289 1206 3359 quod
1242 3304 1271 3342 a
1324 3289 1644 3359 quibusdam
1692 3289 1905 3355 dicitur,
1959 3298 2018 3344 ut

433 3379 632 3444 audivi,
659 3380 876 3449 quando
903 3380 1127 3450 petitam
1177 3381 1318 3450 apud
1347 3395 1440 3436 vos
1465 3381 1784 3436 electionem
1822 3396 2018 3436 conce—

435 3471 582 3535 ditis,
607 3469 754 3524 illum
779 3470 974 3525 debent
999 3472 1233 3541 episcopi
1257 3480 1312 3525 et
1334 3471 1512 3526 clerus
1539 3486 1603 3526 ac
1627 3471 1776 3541 plebs
1793 3472 2012 3542 eligere,

439 3578 600 3632 quem
633 3577 728 3616 vos
755 3562 936 3626 vultis,
961 3570 1013 3617 et
1035 3577 1195 3632 quem
1228 3562 1428 3632 jubetis
1460 3562 1602 3635 (quae
1630 3579 1738 3617 non
1767 3573 1851 3618 est
1878 3564 2014 3619 divi-

432 3667 516 3707 me
546 3652 677 3724 legis
699 3653 911 3717 electio,
939 3653 1032 3708 sed
1082 3653 1330 3707 human-.1:
1361 3655 1644 3724 potestatis
1663 3654 1944 3726 extorsio),
1969 3655 2014 3710 si

431 3745 506 3797 ita
537 3752 638 3807 cst,
672 3752 730 3798 ut
781 3745 886 3798 dici
939 3759 968 3797 a
1017 3745 1336 3814 quibusdam
1378 3745 1580 3812 audivi,
1612 3744 1702 3799 ille
1752 3745 2016 3816 malignus

435 3832 676 3904 spiritus,
709 3833 799 3903 qui
829 3849 924 3903 per
951 3843 1256 3903 serpentem
1285 3836 1490 3904 primos
1520 3843 1776 3904 parentes
1802 3843 2014 3892 nostros

431 3925 485 3977 in’
511 3923 764 3993 paradiso
819 3925 1029 3993 decepit
1075 3933 1128 3978 et
1183 3926 1306 3978 inde
1337 3924 1456 3979 illos
1504 3925 1682 3992 ejecit,
1741 3941 1840 3994 per
1881 3926 2014 3981 tales

429 4013 740 4075 adulatores
768 4014 819 4067 in
847 4029 1007 4069 aures
1047 4023 1253 4069 vestras
1280 4015 1394 4068 hmc
1418 4015 1598 4069 sibilat
1630 4031 1644 4080 ;
1674 4017 1798 4084 quia
1827 4017 1929 4070 hoc
1958 4017 2012 4069 in

431 4103 730 4173 Scripturis
757 4112 864 4157 tam
893 4102 1098 4158 Veteris
1148 4117 1310 4172 quam
1355 4101 1488 4157 Novi
1520 4103 1856 4159 Testamenti
1904 4119 2011 4159 non

429 4195 757 4257 continetur,
820 4210 994 4262 neque
1020 4194 1072 4248 in
1097 4194 1492 4249 catholicorum
1521 4194 1698 4258 dictis,
1734 4196 1816 4249 vel
1843 4197 2012 4252 sacris

429 4281 748 4348 Curionibus,
781 4298 878 4338 nec
908 4285 1070 4338 etiam
1103 4285 1154 4338 in
1189 4284 1396 4354 legibus
1424 4300 1452 4339 a
1481 4285 1809 4341 Christianis
1839 4288 2010 4358 impe-

434 4377 706 4431 ratoribus
736 4385 789 4430 et
820 4377 1034 4445 regibus
1087 4377 1442 4446 promulgatis
1489 4377 1589 4430 hoc
1629 4377 1889 4446 scriptum
1930 4379 2010 4433 vel

429 4461 1030 4532 decretum'invenitur,
1047 4467 1139 4520 sed
1171 4467 1296 4519 talia
1315 4465 1458 4521 dicta
1487 4457 1728 4521 infernus
1748 4469 2007 4524 evomuit.

428 4555 674 4612 Christus
707 4557 848 4611 enim
886 4572 981 4626 per
1024 4556 1336 4626 Apostolum
1385 4557 1641 4626 loquens,
1672 4559 1832 4613 talem
1860 4559 2010 4627 jubet

375 4637 396 4646 ”
428 4647 664 4717 eligeret
693 4645 811 4712 Qui
829 4656 1007 4716 potens
1039 4647 1106 4699 sit
1127 4646 1394 4700 exhortari
1418 4647 1475 4700 in
1512 4647 1752 4701 doctrina
1780 4665 1934 4713 sana,
1960 4659 2009 4702 et

427 4755 512 4793 eos
537 4740 623 4810 qui
668 4739 1032 4792 contradicunt
1066 4739 1325 4798 revincere
1353 4739 1479 4809 (Tit.
1514 4756 1549 4802 ι,
1583 4740 1660 4809 9).
1705 4741 1771 4795 Et
1807 4743 1851 4796 si
1890 4743 2011 4812 quis

429 4840 619 4884 contra
653 4831 754 4884 hoc
804 4829 1071 4898 loquitur,
1121 4829 1456 4898 iniquitatem
1491 4841 1680 4886 contra
1725 4831 2007 4886 Dominum

429 4920 685 4989 loquitur,
719 4929 773 4974 et
802 4920 940 4973 inter
969 4918 1308 4988 blasphemas
1350 4935 1379 4973 a
1423 4931 1608 4976 sancto
1635 4921 1835 4991 Spiritu
1865 4940 2011 4978 com-

427 5010 785 5082 putatur.Sic
811 5011 956 5066 enim
1004 5022 1194 5065 atavus
1239 5022 1422 5066 vester
1455 5011 1678 5066 Carolus
1709 5022 1765 5066 et
1808 5015 2010 5068 abavus

427 5102 732 5159 Ludovicus
771 5105 1125 5172 imperatores
1147 5103 1552 5168 intellexerunt,
1580 5114 1633 5159 et
1664 5104 1784 5160 ideo
1813 5107 1864 5159 in
1895 5107 2007 5176 βτί-

430 5210 520 5251 mo
549 5196 683 5250 libro
707 5195 1075 5265 Capitulorum
1107 5212 1327 5250 suorum
1366 5196 1844 5266 promulgaverunt
1873 5199 2008 5252 scri-

425 5287 618 5344 bentes
643 5289 782 5358 (cap.
810 5289 898 5353 84,
930 5289 994 5341 de
1018 5289 1270 5357 episwpis
1299 5287 1602 5358 eligendis):
1645 5308 1660 5338 ε
1698 5287 2007 5356 Sacrorum,

425 5376 698 5446 inquiunt,
728 5393 992 5433 canonum
1041 5392 1147 5431 non
1191 5378 1396 5448 ignari,
1431 5385 1488 5430 ut
1536 5377 1589 5431 in
1642 5378 1736 5432 Dei
1789 5379 2007 5434 nomine

427 5477 613 5522 sancta
652 5468 891 5523 Ecclesia
921 5483 1019 5522 suo
1047 5468 1270 5521 liberius
1293 5467 1532 5536 potiatur
1565 5468 1786 5532 honore,
1814 5485 2004 5523 assen-

427 5573 546 5614 sum
573 5559 744 5612 ordini
768 5559 1136 5614 ecclesiastico
1157 5557 1475 5627 prmbemus,
1495 5567 1554 5610 ut
1573 5557 1782 5612 scilicet
1799 5559 2010 5628 episcoo

425 5650 478 5720 pi
506 5662 601 5719 per
617 5650 933 5704 electionem
964 5648 1092 5702 cleri
1134 5657 1188 5702 et
1233 5647 1433 5718 populi,
1483 5648 1774 5702 secundum
1805 5657 2004 5704 statuta

428 5757 716 5807 canonum,
747 5743 812 5798 de
840 5741 1056 5812 propria
1107 5741 1358 5806 dimcesi,
1400 5753 1604 5797 remota
1645 5754 2001 5812 personarum

2133 1930 2423 1986 ostendens
2449 1932 2722 2000 quoniam,
2757 1932 2900 1986 sicut
2927 1942 2983 1987 et
3022 1933 3165 2004 leges
3190 1936 3475 2024 et.regulce
3504 1936 3719 2002 dicunt,

2133 2021 2185 2074 in
2218 2021 2480 2076 electione
2505 2023 2743 2093 episcopi
2791 2025 3038 2080 assensio
3069 2026 3212 2096 regis
3239 2021 3331 2090 sit,
3363 2043 3468 2081 non
3505 2028 3723 2094 electio,

2132 2112 2188 2166 in
2225 2114 2602 2182 episcoporum
2626 2129 2779 2170 -vero
2825 2115 3174 2170 exsecutione
3210 2117 3280 2171 sit
3327 2117 3545 2183 electio,
3576 2119 3722 2174 sicut

2134 2210 2190 2255 et
2217 2203 2510 2258 ordinatio.

2199 2289 2328 2349 Cap.
2372 2292 2461 2346 ιν.
2505 2292 2643 2347 Sunt
2693 2295 2783 2363 qui
2834 2295 3058 2358 dicunt,
3091 2305 3150 2350 ut
3194 2297 3394 2363 audivi,
3449 2298 3574 2367 quia
3629 2313 3716 2354 res

2127 2378 2509 2436 ecclesiastica:
2531 2381 2928 2452 episcopiorum
2974 2383 3027 2437 in
3067 2394 3245 2439 vestra
3288 2387 3394 2440 sint
3423 2396 3712 2456 potestate,

2127 2478 2186 2520 ut
2213 2470 2516 2539 cuicunque
2545 2471 2828 2526 volueritis
2850 2488 2945 2528 eas
2974 2473 3208 2529 donetis.
3243 2476 3397 2543 Quod
3427 2477 3474 2532 si
3501 2478 3576 2532 ita
3601 2488 3711 2544 est,

2126 2555 2216 2611 ille
2262 2557 2528 2628 malignus
2575 2559 2821 2628 spiritus,
2863 2561 2975 2630 qui,
3009 2571 3068 2615 ut
3096 2564 3346 2633 superius
3375 2566 3709 2634 praemissum

2124 2654 2226 2710 est,
2261 2647 2465 2716 primos
2492 2657 2748 2717 parentes
2790 2659 3007 2706 nostros
3047 2653 3310 2721 perdidit,
3352 2655 3708 2724 perditione

2123 2741 2358 2788 vestram
2385 2735 2435 2789 in
2459 2750 2618 2792 aures
2644 2745 2854 2810 vestras
2881 2751 3154 2794 susurrat.
3204 2741 3443 2797 Sanctus
3478 2759 3709 2814 namque

2123 2823 2356 2894 Spiritus
2382 2841 2479 2895 per
2508 2841 2602 2882 eos
2628 2829 2718 2898 qui
2747 2844 2870 2884 cum
2916 2829 3133 2886 Christo
3175 2831 3229 2886 in
3269 2833 3406 2887 caelo
3456 2844 3708 2904 regnant,

2120 2924 2176 2970 et
2203 2916 2258 2970 in
2301 2917 2460 2973 terris
2511 2919 2786 2974 miraculis
2809 2931 3096 2977 coruscant
3125 2923 3276 2988 dixit,
3325 2933 3378 2979 et
3431 2941 3602 2996 usque
3640 2928 3707 2980 ad

2124 3021 2224 3061 nos
2253 3007 2472 3077 scriptis
2504 3011 2788 3078 pervenire
2809 3009 2937 3066 fecit
2957 3013 3180 3068 dicens:
3218 3034 3234 3066 ι
3269 3014 3374 3070 Res
3395 3025 3449 3070 et
3482 3015 3707 3072 faculta-

2131 3105 2211 3151 tes
2239 3097 2620 3154 ecclesiasticaa
2645 3100 2946 3158 oblationes
2975 3103 3340 3173 appellantur,
3368 3107 3494 3175 quia
3524 3107 3706 3162 Domi-

2039 3177 2088 3240 C
2124 3202 2193 3243 no
2217 3185 2534 3255 offeruntur,
2559 3198 2614 3245 et
2633 3200 2756 3247 vota
2780 3200 2906 3246 sunt
2931 3192 3190 3259 fidelium,
3218 3211 3282 3251 ac
3309 3197 3484 3266 pretia
3515 3213 3707 3268 pecca-

2129 3287 2304 3331 torum
2331 3315 2347 3344 ,
2397 3287 2560 3349 atque
2603 3281 2927 3349 patrimonia
2969 3297 3311 3353 pauperum:
3351 3287 3396 3340 si
3451 3288 3572 3357 quis
3614 3288 3706 3343 illa

2130 3369 2389 3438 rapuerit,
2429 3385 2552 3424 reus
2577 3379 2661 3425 est
2679 3371 3042 3428 damnationis
3076 3373 3297 3429 Ananite
3335 3383 3389 3451 et
3435 3376 3704 3446 Saphirae,

2122 3469 2176 3512 et
2222 3467 2434 3528 oportet
2479 3459 2783 3530 huiusmodi
2846 3464 3057 3518 tradere
3109 3463 3341 3529 Satanae,
3376 3476 3432 3519 ut
3482 3468 3708 3535 spiritus

2124 3551 2305 3606 salvus
2339 3551 2410 3605 sit
2445 3551 2497 3606 in
2519 3552 2606 3608 die
2624 3552 2854 3607 Domini.
2879 3574 2896 3604 ι
2925 3555 3078 3621 Quod
3108 3557 3320 3625 praelati
3357 3557 3574 3626 gloriosi
3606 3558 3707 3612 im-

2118 3651 2395 3713 peratores
2407 3643 2628 3698 Carolus
2655 3653 2706 3698 et
2720 3643 3021 3700 Ludovicus
3049 3648 3102 3700 in
3127 3647 3300 3716 primo
3325 3647 3459 3701 libro
3485 3649 3708 3718 Capitu-

2121 3734 2300 3789 lorum
2348 3749 2566 3789 suorum
2623 3734 2695 3789 ita
2745 3736 3097 3791 inseruerunt
3127 3737 3369 3792 dicentes
3397 3737 3536 3810 (cap.
3564 3739 3655 3811 83)
3686 3759 3700 3792 :

2124 3843 2142 3874 ι
2167 3825 2301 3890 Quia
2319 3823 2472 3891 juxta
2497 3834 2806 3880 sanctorum
2830 3825 3050 3902 Patrum
3077 3829 3440 3894 traditionem,
3457 3829 3706 3885 novimus

2123 3927 2209 3967 res
2239 3912 2494 3967 Ecclesia:
2525 3921 2645 3967 vota
2670 3929 2791 3968 esse
2820 3914 3079 3980 fidelium,
3108 3916 3278 3986 pretia
3329 3925 3702 3986 peccatorum,

2117 4013 2170 4058 et
2196 4005 2518 4074 patrimonia
2559 4020 2878 4076 pauperum,
2935 4000 3130 4077 cuiq'ue
3179 4024 3284 4063 non
3315 4008 3486 4063 solum
3519 4009 3705 4066 habita

2116 4109 2479 4160 conservare,
2530 4110 2719 4151 verum
2769 4097 2930 4151 etiam
2984 4097 3185 4162 multa,
3217 4098 3327 4152 Deo
3381 4098 3702 4170 opitulante,

2120 4184 2368 4240 conferre
2416 4195 2683 4257 optamus.
2718 4186 2920 4242 Tamen
2973 4196 3030 4240 ut
3077 4189 3145 4242 ab
3206 4189 3590 4244 ecclesiasticis
3636 4189 3707 4244 de

2120 4291 2227 4331 non
2256 4277 2558 4334 dividendis
2585 4280 2746 4334 rebus
2775 4279 3031 4334 Ecclesia:
3081 4281 3442 4349 suspicionem
3501 4281 3706 4336 dudum

2120 4379 2436 4440 conceptam
2472 4372 2685 4440 penitus
2713 4387 3108 4438 amoveremus,
3138 4374 3425 4429 statuimus
3450 4382 3508 4436 ut
3529 4388 3705 4443 neque

2117 4463 2340 4527 nostris,
2367 4478 2540 4532 neque
2572 4463 2825 4529 filiorum,
2857 4474 2932 4529 et,
2959 4466 3067 4519 Deo
3092 4465 3454 4536 dispensante,
3484 4481 3705 4520 succes-

2115 4569 2296 4607 sorum
2330 4564 2634 4608 nostrorum
2678 4556 3028 4625 temporibus,
3061 4557 3151 4626 qui
3184 4565 3427 4630 nostram
3462 4542 3542 4613 vel
3575 4572 3704 4626 pro-

2117 4644 2419 4710 genitorum
2471 4651 2782 4698 nostrorum
2858 4629 3190 4700 voluntatem
3248 4645 3332 4701 vel
3395 4644 3704 4714 exemplum

2116 4735 2314 4790 imitari
2367 4737 2674 4799 voluerint,
2733 4736 2895 4790 ullam
2955 4737 3168 4808 penitus
3223 4737 3546 4792 divisionem
3608 4745 3703 4791 aut

2106 4826 2375 4894 jacturam
2412 4828 2665 4896 patiatur.
2703 4848 2720 4878 ι
2755 4828 2907 4894 Quod
2959 4839 3012 4884 et
3061 4844 3157 4884 vos
3201 4843 3422 4884 servare
3463 4838 3701 4899 oportet,

2115 4919 2158 4972 si
2190 4917 2424 4972 feliciter
2449 4919 2613 4973 vultis
2658 4934 2906 4989 regnare,
2934 4921 3026 4991 qui
3068 4921 3293 4976 minoris
3327 4921 3609 4992 potestatis
3645 4929 3704 4975 et

2116 5009 2292 5063 tctatis
2346 5016 2505 5077 atque
2551 5009 2830 5079 sapientiae
2876 5011 3050 5065 adhuc
3097 5011 3265 5077 estis,
3316 5026 3481 5081 quam
3531 5019 3586 5064 et
3625 5010 3701 5064 illi

2118 5099 2468 5168 fuerunt,qui
2499 5101 2613 5154 haec
2659 5108 2716 5153 et
2761 5111 3120 5155 servaverunt
3165 5110 3221 5155 et
3263 5100 3527 5156 servanda
3570 5115 3696 5171 pro-

2115 5189 2508 5258 mulgaverunt.

2185 5283 2312 5337 Car.
2340 5283 2402 5338 γ.
2470 5281 2870 5344 Recordamini,
2933 5296 3150 5350 quaeso,
3201 5280 3555 5350 professionis
3601 5297 3728 5350 ve-_

2116 5382 2437 5442 straa,quam
2471 5374 2522 5427 in
2553 5375 2638 5428 die
2665 5373 3092 5430 consecrationis
3121 5383 3315 5428 vestra:
3345 5372 3694 5443 promisistis,

2117 5466 2257 5520 sicut
2290 5468 2358 5521 ab
2400 5467 2503 5520 illis
2529 5466 2620 5534 qui
2655 5464 3019 5519 interfuerunt
3062 5464 3393 5534 accepimus,
3427 5477 3694 5533 quamque

2118 5575 2274 5613 manu
2306 5558 2521 5628 propria
2557 5557 2972 5625 subscripsistis,
3013 5565 3066 5610 et
3094 5571 3257 5625 super
3295 5555 3465 5609 altare
3509 5569 3692 5608 coram

2114 5652 2383 5720 episcopis
2401 5649 2650 5704 omnibus
2677 5650 2767 5718 qui
2798 5649 3088 5703 adfuerunt
3130 5648 3358 5702 Domino
3387 5647 3687 5702 obtulistis:

2115 5755 2167 5800 et
2192 5745 2478 5814 diligenter
2506 5742 2665 5811 relegi
2694 5757 2813 5797 eam
2846 5741 3006 5798 facite
3032 5758 3216 5798 coram
3262 5731 3412 5794 vobis
3465 5749 3518 5794 et
3565 5740 3690 5795 fide-
