4018 5392
275 342 375 399 tis
460 326 473 334 '

1714 352 2094 410 EPISTOL/E.

3425 349 3527 407 iii

274 456 415 513 libus
440 459 651 522 vestris,
688 475 916 529 quorum
965 461 1192 516 consilio
1245 470 1298 517 et
1345 463 1547 518 auxilio
1597 472 1841 518 sanctam
1873 467 1922 524 Α
1951 465 2174 534 gregali,
2208 464 2599 519 constituerunt
2629 466 2769 535 (can.
2799 465 2889 536 25)
2915 475 2973 520 nt
3004 463 3144 520 ultra
3173 473 3283 519 tres
3312 479 3523 519 menses

278 550 569 605 Ecclesiam
609 560 664 606 et
695 565 918 620 regnum
950 554 1105 608 vobis
1150 555 1499 610 commissum
1548 555 1852 626 gubernare

272 641 503 707 debetis,
523 652 582 698 et
608 643 657 698 si
699 643 901 713 aliquid
951 662 1049 716 per
1078 648 1456 717 ignorantiam,
1504 647 1587 703 vel
1623 647 1852 702 aliorum

272 736 693 808 suggestionem,
720 737 792 791 ab
830 752 893 791 ea
938 739 1312 804 exorbitastis,
1365 739 1530 793 nolite
1583 737 1853 808 negligere

273 830 399 884 inde
429 829 655 886 Domino
692 832 1026 887 satisfacere.
1078 833 1146 888 Et
1188 835 1328 904 quod
1378 835 1431 888 in
1462 833 1687 904 cpistola
1720 833 1850 887 mihi

272 918 480 972 directa
518 928 576 974 et
605 919 658 975 in
682 922 887 993 synodo
917 923 1118 977 reiecta
1162 925 1482 994 scripsistis,
1523 924 1662 979 sicut
1701 925 1855 979 vobis

276 1011 491 1079 expedit
510 1013 796 1068 attendite.
830 1013 921 1069 Sic
945 1015 1088 1069 enim
1124 1016 1195 1071 ibi
1219 1024 1303 1071 est
1331 1019 1632 1086 scriptum:
1664 1037 1681 1069 ι
1717 1016 1851 1073 Jun-

260 1102 467 1170 gaiuur
490 1099 674 1166 simul,
700 1110 761 1157 ut
801 1118 901 1174 ego
930 1119 1047 1169 rex,
1076 1113 1131 1160 et
1158 1122 1251 1160 vos
1282 1107 1539 1162 sacerdos
1583 1108 1697 1174 Dei,
1752 1108 1853 1162 mi-

274 1189 557 1244 nisterium
580 1192 843 1263 condigne
882 1202 990 1248 tam
1023 1195 1075 1249 in
1099 1196 1297 1252 divinis
1324 1213 1486 1267 quam
1519 1198 1571 1251 in
1602 1198 1856 1253 humanis

262 1280 571 1351 adimplere
595 1282 875 1340 valeamus
902 1285 1113 1341 ciliciis.
1140 1306 1158 1339 ι
1189 1286 1467 1354 Quatenus
1490 1289 1772 1345 devotione
1798 1292 1857 1345 et

271 1371 588 1442 operatione
630 1373 951 1440 ostendatis,
984 1376 1109 1445 quia
1156 1376 1427 1442 Christus,
1450 1386 1492 1432 'a
1539 1393 1645 1448 quo
1676 1379 1852 1449 legiti—

272 1477 397 1517 mus
446 1464 622 1519 omnis
664 1465 1007 1535 episcopatus
1046 1468 1190 1537 cepit
1234 1469 1537 1534 exordium,
1590 1479 1645 1525 et
1678 1471 1854 1526 omnis

274 1550 612 1622 principatus
649 1553 859 1625 accepit
908 1564 1259 1624 provectum,
1319 1567 1509 1613 auctor
1565 1560 1637 1615 sit
1689 1561 1852 1616 vestri

275 1642 573 1712 tegiminis,
606 1656 660 1699 et
694 1653 972 1715 protector
1004 1647 1099 1702 ﬁat
1128 1657 1319 1703 vestra:
1345 1650 1711 1706 sublimitatis.
1748 1652 1855 1707 Per

277 1744 438 1797 quem
469 1746 562 1785 vos
587 1733 814 1790 obsecro
842 1736 1136 1805 episcopali
1168 1738 1489 1804 ministerio,
1521 1741 1647 1794 talia
1672 1752 1851 1796 vestro

1954 554 2321 611 ordinationes
2352 557 2725 626 episcoporum
2754 574 2859 612 non
2898 556 3238 620 ditl'erantur,
3268 572 3390 609 cutn
3435 555 3522 609 de-

1954 651 2103 699 creto
2124 644 2348 713 judicio,
2380 655 2437 701 ut
2464 649 2553 717 qui
2587 649 2702 703 ausi
2736 646 2953 712 fuerint,
3002 656 3123 716 post
3156 645 3528 700 ditllnitionem

1954 752 2163 807 magna:
2191 746 2246 792 et
2279 738 2599 793 universalis
2623 739 2781 809 hujus
2810 738 3021 810 synodi,
3045 737 3339 809 quidquam
3359 750 3427 789 ex
3447 733 3531 789 his

1953 844 2073 897 qua:
2098 838 2222 883 sunt
2252 829 2518 898 prohibita
2549 838 2879 900 perpetrare,
2909 828 3146 884 decrevit
3167 834 3350 882 sancta
3365 840 3529 896 sync-

1954 918 2055 973 dus
2091 934 2121 972 a
2160 920 2379 988 proprio
2427 919 2728 989 hujusmodi
2759 919 2927 989 gradu
2954 919 3223 974 recedere.
3259 917 3323 971 Et
3345 915 3528 971 Domi-

1953 1028 2055 1068 nus
2084 1012 2138 1067 in
2170 1012 2457 1083 Evangelio
2500 1012 2631 1068 dicit
2659 1031 2671 1066 :
2707 1011 2807 1066 Ubi
2837 1013 3032 1083 fuerint
3081 1010 3380 1081 congregati
3425 1008 3529 1061 duo

1954 1112 2046 1158 aut
2072 1085 2176 1160 tres
2199 1106 2254 1159 in
2274 1106 2479 1159 nomine
2506 1120 2639 1168 meo,
2666 1103 2738 1157 ibi
2767 1120 2893 1165 sum,
2911 1104 2965 1157 in
2990 1101 3163 1162 medio
3195 1116 3397 1155 eorum.
3429 1098 3527 1152 Et:

1955 1194 2013 1251 Si
2032 1195 2139 1250 duo
2166 1212 2231 1250 ex
2259 1196 2398 1251 vobis
2428 1195 2492 1250 de
2511 1195 2654 1249 omni
2684 1211 2738 1248 re
2763 1193 3112 1249 consenserint
3133 1206 3290 1261 super
3314 1200 3531 1251 terrain,

1951 1286 2061 1355 ﬁet.
2106 1287 2207 1341 Et:
2238 1285 2573 1357 Qutrcunquc
2598 1284 2929 1357 alligaveritis
2953 1299 3109 1353 super
3133 1292 3346 1344 terram,
3380 1289 3533 1334 erunt

1953 1376 2114 1449 ligata
2140 1386 2188 1431 et
2219 1377 2273 1431 in
2301 1375 2676 1447 caelis(Hatth.
2710 1391 2867 1440 xvm,
2908 1374 2993 1439 iit,
3029 1375 3115 1439 l9,
3154 1373 3268 1443 20).
3315 1372 3372 1426 Si
3403 1386 3535 1443 ergo

1954 1466 2145 1521 adesse
2188 1466 2497 1535 dignabitur
2532 1465 2625 1520 ubi
2669 1464 2775 1521 duo
2804 1463 2884 1519 vel
2916 1472 3025 1519 tres
3069 1462 3288 1527 fuerint,
3331 1473 3533 1531 quanto

1954 1553 2128 1623 magis
2159 1554 2249 1608 ubi
2288 1554 2421 1608 tanti
2449 1568 2513 1609 ex
2541 1554 2742 1609 sanctis
2784 1551 3035 1607 Patribus
3063 1549 3371 1622 congregati
3416 1549 3563 1607 haec.

1954 1640 2403 1713 irret‘ragabiliter
2425 1642 2712 1697 decrevere
2733 1639 3031 1696 servanda?

2022 1732 2151 1788 Car.
2188 1732 2275 1788 Vl.
2309 1732 2385 1787 De
2407 1747 2473 1788 eo
2498 1733 2641 1804 quod
2665 1733 2715 1786 in
2740 1731 2937 1786 litteris
2959 1729 3174 1795 vestris,
3203 1743 3336 1797 quas
3361 1727 3534 1798 pridie

278 1828 523 1889 tempore
550 1821 601 1875 in
627 1832 869 1879 sanctam
901 1826 1195 1881 Ecclesiam
1226 1828 1569 1885 introducere
1598 1846 1705 1885 non
1739 1841 1853 1887 ten-

1962 1821 2136 1878 Nonas
2168 1823 2425 1877 transacti
2460 1822 2661 1877 mensis
2696 1820 2843 1886 Maii,
2874 1818 3151 1875 deferente
3198 1817 3396 1873 clerico
3427 1832 3525 1870 no-

277 1909 407 1963 tetis
437 1951 451 1972 ,
505 1910 685 1979 qualia
735 1914 918 1983 magni
974 1915 1329 1985 imperatores
1380 1925 1436 1971 ct
1484 1927 1853 1975 antecessores

278 2001 447 2055 vestri
476 2001 588 2056 suis
622 2006 954 2072 temporibus
978 2007 1317 2063 introducere
1349 2025 1455 2063 non
1501 2026 1853 2082 prmsumpse-

276 2100 427 2147 runt.
483 2093 547 2147 Et
575 2097 830 2164 quoniam
860 2098 977 2152 sine
1024 2110 1211 2154 sancto
1262 2099 1466 2171 Spiritu
1497 2102 1852 2157 ministerium

279 2181 585 2252 episcopale
609 2200 715 2239 non
747 2186 945 2257 agitur,
960 2203 1066 2243 non
1095 2190 1165 2244 sit
1186 2191 1339 2246 vobis
1368 2191 1484 2246 leve
1510 2193 1562 2247 in
1587 2194 1854 2264 episcopis

277 2273 606 2330 contristare
652 2275 913 2347 Spiritum
944 2289 1207 2347 sanctum,
1242 2299 1362 2336 cum
1412 2284 1670 2340 Dominus
1702 2285 1857 2339 terri-

279 2360 465 2416 biliter
492 2365 829 2420 comminans
858 2366 1042 2422 dicat:
1077 2367 1180 2434 Qui
1214 2371 1648 2427 scandalizaverit
1692 2390 1855 2428 unum

278 2451 348 2506 de
369 2452 574 2521 pusillis
601 2453 738 2520 istis,
767 2456 969 2525 expedit
1016 2458 1062 2511 ei
1111 2468 1165 2511 ut
1195 2462 1544 2530 suspendatur
1578 2462 1715 2517 mola
1754 2464 1859 2517 nsi-

281 2543 437 2596 naria
460 2540 517 2597 in
542 2543 676 2599 collo
716 2546 853 2614 ejus,
886 2556 933 2601 et
960 2548 1291 2619 demergatur
1324 2553 1377 2605 in
1402 2552 1719 2622 profundum
1746 2569 1859 2608 ma-

282 2635 358 2688 ris
386 2634 602 2705 (Matth.
621 2651 778 2701 xvm,
805 2636 883 2707 6).
906 2638 972 2693 Et
998 2639 1284 2708 Apostolus
1309 2659 1322 2695 :
1359 2639 1536 2695 Nolite
1550 2644 1859 2698 contristare

260 2722 546 2792 Spiritum
577 2734 818 2779 sanctum
844 2725 938 2781 Dei
965 2726 1181 2798 (Ephes.
1210 2745 1284 2795 Iv,
1311 2731 1423 2801 50).
1469 2730 1535 2785 Et
1561 2731 1687 2787 item
1715 2732 1856 2787 idem

279 2813 571 2883 Apostolus
598 2815 730 2871 dicit
753 2834 767 2870 :
798 2813 903 2872 Per
922 2818 1079 2887 [idem
1106 2820 1342 2875 habitare
1369 2818 1637 2876 Christum
1660 2823 1715 2877 in
1750 2840 1860 2878 cor-

281 2906 439 2961 dibus
476 2909 668 2963 nostris
700 2908 914 2980 (Ephes.
966 2926 1045 2975 ιιι,
1100 2913 1209 2982 l7),
1256 2914 1346 2982 qui
1394 2912 1508 2983 jam
1548 2915 1742 2970 sedens
1793 2915 1860 2970 ad

278 2997 562 3053 dexteram
602 2998 778 3055 Patris
828 3001 894 3056 de
939 3002 1077 3057 ccelo
1128 2994 1293 3060 Sa'ulo
1341 3004 1576 3059 intonuit
1630 3006 1856 3082 dicens:

282 3084 474 3151 Saule,
502 3085 682 3150 Saule,
715 3087 840 3157 quid
872 3105 954 3143 me
980 3091 1298 3160 persequeris
1322 3093 1347 3145 Ρ
1370 3092 1508 3161 (Act.
1541 3108 1616 3158 ιχ,
1643 3093 1723 3164 4.)
1753 3093 1857 3150 De-

284 3185 599 3232 monstrans
624 3178 877 3247 quoniam
929 3180 982 3233 in
1023 3181 1280 3236 membris
1313 3182 1430 3238 suis
1458 3182 1710 3239 Christus
1739 3199 1855 3255 per—
1887 3170 1933 3233 C

284 3269 537 3336 sequitur
568 3279 621 3324 et
644 3269 1063 3337 scandalizatur,
1099 3280 1155 3327 et
1185 3271 1237 3325 in
1267 3274 1525 3329 membris
1550 3274 1664 3330 suis
1689 3277 1861 3331 susci-

285 3360 459 3429 pitur,
492 3360 639 3416 velnt
679 3376 738 3416 se
766 3362 1032 3417 dicturum
1077 3362 1268 3419 electis
1301 3364 1355 3418 in
1398 3363 1606 3433 judicio
1646 3366 1863 3437 pollice-

287 3460 420 3502 tur:
455 3449 704 3515 Quandiu
745 3452 836 3505 uni
880 3452 944 3505 de
985 3453 1274 3508 minoribus
1317 3456 1445 3509 meis
1472 3455 1691 3525 fecistis,
1737 3457 1863 3511 mihi

286 3539 487 3607 fecistis
511 3537 727 3609 (Matth.
755 3557 879 3607 xxv,
919 3541 1030 3609 40).
1064 3544 1132 3599 Et
1158 3553 1379 3602 sanctus
1407 3546 1643 3617 Spiritus
1687 3547 1740 3602 in
1788 3548 1866 3604 eis

286 3629 348 3682 in
386 3629 581 3698 quibus
630 3630 837 3686 habitat
891 3635 1281 3699 contristatur,
1329 3638 1471 3691 sicut
1508 3652 1576 3691 ex
1623 3639 1863 3708 Apostoli

284 3718 477 3771 verbis
499 3733 661 3787 supra
692 3721 1046 3776 ostendimus.
1064 3723 1133 3776 Et
1171 3727 1297 3792 quia
1318 3725 1429 3793 jam
1458 3734 1666 3795 tempus
1694 3736 1867 3782 trans-

288 3804 380 3866 iit,
433 3802 570 3856 ultra
598 3806 739 3872 quod
770 3808 911 3861 sacri
942 3823 1177 3864 canones
1211 3798 1414 3880 Spiritu
1462 3812 1558 3866 Dei
1590 3814 1790 3868 conditi
1818 3824 1871 3869 et

288 3891 468 3950 totius
492 3893 675 3948 mundi
696 3896 994 3950 reverentia
1022 3899 1325 3954 consecrati
1364 3901 1663 3957 decernunt
1690 3912 1750 3957 ut
1787 3919 1871 3959 or-

289 3983 598 4041 dinationes
637 3986 1011 4057 episcoporum
1042 4004 1147 4044 non
1179 3989 1515 4057 diﬂ'erantur,
1548 3992 1686 4047 sicut
1711 4007 1871 4065 syno-

290 4076 396 4130 dus
423 4076 565 4144 apud
590 4077 902 4147 martyrium
926 4088 1127 4134 sanctae
1156 4079 1346 4135 Macra:
1385 4083 1679 4138 secundum
1725 4084 1871 4156 leges

287 4174 348 4219 et
401 4164 615 4234 regulas
660 4164 927 4232 diﬂlnivit,
968 4168 1283 4225 electionem
1328 4171 1726 4242 episcoporum,
1776 4176 1869 4246 qui

291 4254 560 4322 designati
590 4259 656 4310 ad
689 4257 792 4311 hoc
823 4259 1095 4328 negotium
1145 4264 1546 4332 exsequendum
1592 4282 1694 4320 una
1746 4283 1867 4322 cum

294 4354 563 4395 consensu
596 4351 778 4398 vestro
806 4343 1025 4401 fuerunt
1050 4347 1103 4401 in
1135 4350 1360 4419 synodo,
1386 4352 1531 4406 sicut
1558 4353 1612 4407 in
1643 4354 1868 4423 epistola

291 4432 452 4486 vobis
490 4433 693 4488 directa
735 4436 804 4490 ab
847 4436 1039 4492 eadem
1069 4441 1275 4510 synodo
1308 4443 1568 4512 scriptum
1618 4445 1865 4512 habetur,

1958 1913 2105 1969 mine
2124 1912 2418 1969 Teutberto
2446 1912 2627 1983 relegi,
2656 1911 2961 1966 voluntarie
2993 1925 3088 1966 vos
3110 1907 3374 1978 subjicere
3400 1907 3535 1962 velle

1957 2002 2270 2074 exiguitatis
2294 2015 2426 2057 meae
2451 2002 2779 2067 consiliis,et
2799 2000 3095 2056 secundum
3119 2000 3257 2068 quod
3286 1999 3533 2053 hortatus

1958 2092 2130 2159 luero,
2160 2106 2320 2165 agere
2347 2100 2403 2149 et
2426 2092 2709 2164 disponere
2740 2092 2793 2146 in
2825 2090 3212 2146 ecclesiasticis
3241 2084 3530 2144 etsaacula-

1961 2183 2111 2238 ribus
2132 2183 2387 2255 negotiis,
2409 2192 2465 2240 et
2492 2199 2626 2238 meae
2652 2182 2860 2238 ﬁduciae
2892 2181 3245 2249 vosmetipsos
3271 2176 3536 2248 subjicere

1959 2277 2185 2340 velle,et
2209 2277 2505 2332 secundum
2527 2275 2711 2330 datum
2727 2291 2756 2329 a
2779 2289 2864 2329 me
2887 2272 3168 2328 consilium
3195 2268 3340 2340 regni
3368 2267 3531 2323 vestri

1953 2363 2076 2433 jura
2123 2379 2486 2435 componere:
2536 2373 2729 2419 vestrae
2768 2361 3119 2417 dominationi
3170 2357 3426 2422 rescribo,
3475 2367 3533 2410 ut

1961 2456 2172 2512 Domini
2202 2457 2529 2513 voluntatem
2577 2464 2772 2511 vestra:
2809 2454 3071 2509 voluntati
3123 2465 3434 2523 praeponere
3481 2450 3533 2503 in

1960 2549 2212 2606 omnibus
2256 2548 2541 2613 studentis,
2589 2548 2742 2618 cujus
2795 2546 3123 2600 voluntatem
3166 2557 3265 2613 per
3321 2548 3537 2596 sanctas

1962 2645 2293 2715 Scripturas,
2315 2652 2372 2699 et
2399 2657 2497 2716 per
2517 2657 2610 2699 eos
2635 2642 2727 2711 qui
2752 2642 2866 2712 jam
2898 2640 2951 2694 in
2988 2638 3127 2694 ctelo
3163 2652 3286 2693 cum
3314 2635 3405 2689 illo
3445 2650 3532 2689 re-

1961 2743 2147 2805 gnant,
2175 2741 2229 2788 et
2255 2733 2308 2787 in
2344 2732 2503 2787 terris
2524 2729 2800 2786 miraculis
2825 2733 3135 2791 coruscant,
3157 2734 3212 2779 et
3237 2738 3333 2795 per
3352 2738 3538 2778 sacras

1963 2824 2109 2895 lcges
2129 2839 2158 2878 a
2179 2821 2501 2878 Christianis
2531 2818 2945 2889 imperatoribus
2973 2823 3031 2871 et
3052 2815 3268 2882 regibus
3296 2810 3535 2883 promul-

1962 2921 2134 2986 gates,
2163 2914 2302 2969 sicut
2329 2912 2445 2982 ipse
2476 2910 2607 2966 dicit
2633 2928 2645 2963 :
2674 2906 2780 2963 Per
2802 2923 2886 2961 me
2914 2923 3055 2976 reges
3079 2912 3315 2975 regnant,
3341 2911 3389 2955 et
3412 2917 3535 2955 con-

1963 3005 2156 3059 ditores
2188 3002 2359 3075 legum
2405 3002 2553 3073 justo
2595 3001 2877 3054 decernunt
2920 2994 3103 3068 (Prov.
3128 3009 3245 3057 vut,
3292 2992 3400 3060 l5),
3437 3005 3537 3061 po—

1965 3094 2119 3150 testis
2145 3106 2515 3165 cognoscere:
2554 3090 2648 3146 sed
2695 3097 2751 3145 et
2795 3103 2895 3160 per
2940 3087 3142 3157 scripta
3190 3100 3220 3139 a
3271 3082 3425 3138 nobis
3469 3095 3535 3134 ex

1964 3185 2169 3257 synodo
2197 3183 2337 3254 apud
2378 3182 2695 3252 martyrium
2736 3187 2942 3235 sanctae
2986 3176 3183 3231 Macra:
3227 3173 3435 3235 habita,
3485 3180 3539 3225 et

1964 3289 2061 3345 per
2098 3272 2516 3330 consacerdotes
2566 3277 2781 3325 nostros
2833 3267 2987 3323 vobis
3033 3265 3259 3327 directa,
3313 3260 3539 3333 potestis

1964 3375 2276 3434 agnoscere.
2302 3359 2409 3415 Sed
2433 3359 2565 3415 satis
2595 3358 2773 3423 doleo,
2803 3365 2858 3412 et
2897 3355 3123 3411 multum
3160 3354 3347 3418 timeo,
3387 3350 3535 3421 quia,

1964 3460 2026 3507 ut
2048 3467 2171 3507 cum
2204 3450 2361 3505 venia
2401 3456 2579 3505 vestra
2612 3448 2813 3512 dicam,
2862 3453 3119 3515 quantum
3152 3443 3203 3497 in
3234 3443 3338 3497 hac
3374 3456 3536 3497 causa

1965 3544 2032 3599 de
2050 3558 2155 3613 qua
2183 3543 2361 3614 agitur
2391 3550 2563 3611 paret,
2605 3540 2728 3610 plus
2760 3538 3043 3594 intenditis
3075 3537 3226 3606 sequi
3266 3535 3537 3607 prepriam

1964 3636 2298 3691 voluntatem
2333 3648 2497 3703 quam
2534 3630 2772 3686 divinam
2818 3630 3216 3692 auctoritatem,
3246 3634 3301 3680 et
3348 3638 3536 3681 eorum

1967 3726 2143 3795 quise
2175 3724 2484 3793 importune
2513 3722 2769 3790 ingerunt
2792 3719 3136 3787 cupiditatem
3163 3732 3321 3786 quam
3344 3723 3541 3770 sancta:

1968 3811 2225 3867 Ecclesiae
2250 3809 2569 3872 utilitatem;
2604 3815 2660 3861 et
2685 3821 2873 3861 eorum
2902 3805 2971 3859 de
2998 3804 3191 3873 quibus
3216 3802 3346 3857 dicit
3397 3803 3535 3870 Apo-

1971 3901 2163 3966 stolus,
2206 3900 2453 3972 quoniam
2501 3900 2735 3955 nesciunt
2776 3915 2893 3967 qua:
2936 3902 3240 3969 loquuntur,
3273 3912 3434 3967 neque
3476 3898 3540 3949 de

1968 3996 2156 4068 quibus
2184 3995 2439 4067 afﬁrmant
2467 3992 2521 4067 (1
2552 3993 2689 4048 Tim-
2733 4010 2771 4057 ι,
2804 3994 2881 4064 7),
2932 3990 3252 4047 adulationis
3298 3990 3535 4045 favorem

1968 4100 2131 4157 quam
2183 4094 2421 4140 vestram
2478 4084 2649 4155 ipsam
2700 4084 2949 4139 salutem.
3004 4082 3159 4150 Quod
3206 4079 3536 4149 scripsistis,

1966 4183 2093 4229 vota
2121 4174 2361 4228 omnium
2403 4174 2494 4243 qui
2537 4181 2943 4229 commorantur
2981 4171 3034 4225 in
3075 4169 3387 4226 Belvacensi
3434 4167 3538 4223 Ec‘

1966 4264 2158 4329 clesia,
2207 4263 2261 4318 in
2293 4262 2561 4319 Odacrum
2593 4263 2945 4326 concordare,
2975 4277 3083 4316 non
3112 4269 3197 4315 est
3247 4260 3441 4314 mirum
3494 4260 3539 4313 si

1970 4353 2120 4408 stulti
2145 4361 2200 4407 et
2241 4352 2471 4423 improbi
2507 4367 2570 4407 ac
2593 4352 2889 4421 cupiditate
2928 4351 3115 4407 caecati
3170 4350 3328 4406 toties
3358 4349 3539 4404 taliter

1970 4451 2159 4513 agunt,
2185 4455 2292 4495 non
2320 4440 2551 4495 correcti
2581 4441 2653 4496 de
2699 4439 2990 4509 reiectione
3049 4454 3229 4509 prava:
3273 4454 3382 4493 sua:
3429 4436 3540 4492 ele-

289 4520 592 4576 dominatio
626 4532 802 4580 vestra
833 4529 1151 4594 consentiat,
1180 4538 1235 4585 et
1266 4547 1370 4585 non
1413 4511 1674 4590 dit'feratis
1712 4511 1865 4592 accc?
1895 4511 1945 4570 υ
1972 4511 2168 4589 ctionis
2198 4533 2252 4587 in
2278 4531 2646 4599 Fromoldum,
2669 4531 3031 4602 etreprobato
3054 4528 3303 4593 Bodulfo,
3339 4538 3393 4582 et
3419 4544 3447 4580 a
3480 4542 3539 4582 se

289 4608 494 4673 lerare,
522 4620 579 4666 ut
604 4615 754 4670 vobis
779 4619 1163 4687 suggessimus,
1192 4630 1458 4690 quatenus
1497 4624 1611 4694 ipsa
1640 4626 1865 4683 ecclesia

272 4696 385 4759 diu
402 4709 592 4754 contra
610 4706 780 4760 sancti
808 4705 1044 4777 Spiritus
1066 4710 1552 4781 promulgationem
1578 4729 1684 4770 non
1714 4726 1869 4773 vacet

283 4794 544 4853 pastore,
570 4799 623 4845 et
649 4807 765 4859 vos,
797 4797 940 4864 quod
960 4797 1124 4863 absit,
1146 4814 1257 4854 non
1279 4802 1552 4859 mediocre
1577 4805 1867 4864 incurratis

278 4874 617 4963 periculum.
649 4882 781 4949 Quia
828 4887 972 4941 enim
1016 4890 1155 4944 sacri
1187 4905 1424 4947 canones
1471 4894 1639 4962 (conc.
1679 4896 1864 4963 Antia,

273 4972 417 5012 can.
466 4961 552 5032 l6)
595 4967 889 5033 perfectum
916 4973 1098 5029 dicunt
1125 4989 1246 5031 esse
1274 4979 1583 5046 concilium,
1612 4983 1700 5037 ubi
1742 4961 1864 5039 cum

264 5046 405 5140 suis
438 5050 792 5123 sull‘raganeis
818 5060 1121 5118 interfuerit
1150 5066 1865 5140 metropolitanusantistes,

261 5130 464 5186 multo
490 5142 661 5188 magis
690 5154 864 5188 rallam
894 5153 1060 5188 Ιοηωιί
1091 5151 1247 5188 Animi
1293 5130 1435 5188 nium!
1465 5130 1863 5188 mnam..-lts-_;

1969 4622 2144 4678 electo
2178 4620 2453 4677 Honorato
2495 4636 2650 4676 sacro
2673 4620 3164 4691 episcopaliordini
3195 4620 3371 4675 adhuc
3415 4617 3539 4671 ﬁdei

1969 4712 2216 4768 doctrina
2266 4712 2584 4782 incongrua,
2629 4711 2982 4783 perdiderunt
3023 4712 3363 4775 electionem,
3398 4707 3541 4762 sicut

1970 4812 2247 4861 ostensum
2276 4809 2360 4857 est
2392 4801 2499 4857 illis
2524 4802 2577 4856 in
2621 4803 2842 4873 synodo,
2874 4810 2931 4857 et
2954 4816 3052 4873 per
3094 4815 3276 4856 sacras
3319 4797 3534 4867 regulas

1970 4906 2081 4947 non
2105 4889 2331 4945 ulterius
2367 4889 2599 4956 illorum,
2626 4889 2719 4945 sed
2744 4891 3118 4960 episcoporum
3148 4903 3268 4944 esse
3313 4886 3539 4941 electio-

1968 4996 2119 5048 nem,
2143 4993 2306 5050 quam
2335 4994 2439 5033 non
2470 4981 2663 5051 praeire
2687 4980 2783 5036 sed
2821 4979 3095 5049 subsequi,
3129 4985 3183 5031 et
3229 4989 3332 5028 non
3368 4988 3429 5028 se
3469 4975 3541 5031 ab

1966 5089 2031 5129 ea
2059 5074 2258 5129 debere
2284 5071 2554 5139 excidere,
2586 5082 2640 5127 et
2673 5088 2815 5127 nunc
2853 5081 3041 5127 contra
3076 5066 3367 5136 regulaset
3395 5063 3546 5134 leges

2992 5156 3300 5182 -.-Ασίαν-ΑΜ

1968 5167 2079 5188 -2..-
2130 5167 2411 5186 ..ζοζίιιίιιιιιι
2463 5170 2915 5186 ...θμ---..η-..-ρ.---..ι
