4046 6284
500 252 608 308 H5

1467 267 1796 322 HINCSIARI
1833 269 2227 331 RHEMENSIS
2262 277 2785 339 ARCHIEPISCOPI

3645 288 3746 346 116

503 365 984 470 derelicto‘antore
1003 374 1283 470 sapientia:
1305 375 1836 470 emlestis,qu;edicit
1869 399 1881 434 :
1919 380 2073 451 Leges
2103 390 2146 447 Α
2177 395 2404 442 mortem
2433 392 2674 460 corporis
2700 392 2824 457 mei,
2848 392 2900 447 in
2924 393 3142 448 dioecesi
3172 392 3462 450 Rbemensi
3494 395 3548 451 in
3572 397 3745 470 gradu

503 471 644 508 meas
673 457 927 511 custodite
970 458 1152 530 (Leuit.
1191 477 1321 515 xvm
1366 472 1413 516 et
1463 465 1596 534 xx),
1647 465 1712 520 ad
1765 468 2070 537 amplexum

501 545 682 614 potius
725 549 978 604 amicitiae
1011 553 1296 607 mundialis
1348 569 1466 610 esse
1523 555 1758 612 deﬂexos
1806 559 2069 630 increpat.

502 634 839 706 QuaprOptcr
865 641 1042 709 potius
1065 653 1342 696 merentur
1363 649 1923 705 exeommunicatione
1951 667 2074 705 cor-

501 725 621 796 rigi,
649 743 809 797 quam
833 732 1070 800 corrupti
1100 732 1150 785 in
1174 733 1537 792 voluntatibus
1580 739 1694 794 suis
1721 742 1918 796 audiri.
1965 743 2072 798 Sed

501 814 640 874 forte
665 835 769 874 non
808 829 890 875 est
921 821 991 876 ita
1035 831 1093 875 ut
1123 823 1276 879 vobis
1304 834 1386 885 est
1431 827 1654 890 dictum,
1708 829 2073 888 Dominationi

501 919 681 964 autem
714 920 904 966 vestrae
937 916 1162 972 ostendo
1214 917 1356 986 quod
1404 920 1667 988 scriptum
1713 931 1819 988 est,
1870 922 2072 994 Spiritu

500 1007 691 1053 sancto
711 999 969 1067 dictante,
999 1003 1052 1058 in
1089 1003 1328 1063 Decretis
1369 1011 1674 1079 apostolicae
1707 1014 1887 1070 sedis:
1920 1016 2073 1082 Quod

500 1089 546 1142 si
575 1101 630 1144 et
655 1103 844 1146 omnes
874 1095 1200 1163 sacerdotes,
1230 1107 1285 1152 et
1307 1101 1538 1156 inundus
1562 1105 1764 1159 erroris
1790 1107 2070 1172 assentiat,

499 1183 777 1238 damnatio
800 1188 1199 1244 consentientes
1221 1191 1466 1258 involvit,
1485 1209 1590 1248 non
1615 1196 2074 1264 przevaricationis

499 1274 894 1333 damnationem
924 1294 1217 1342 consensus
1258 1282 1508 1339 absolvit.
1539 1284 1656 1341 Non
1687 1287 1832 1342 enim
1866 1289 2070 1344 crimen

498 1365 780 1433 minuitur,
807 1369 900 1423 sed
933 1373 1214 1434 accrescit,
1240 1390 1360 1428 cum
1389 1377 1640 1444 generale
1670 1378 1730 1432 ﬁt
1754 1393 1818 1434 ex
1839 1381 2068 1450 privato.

497 1456 610 1513 Hoc
632 1460 775 1515 enim
811 1462 948 1517 Deus
979 1463 1256 1531 indicavit,
1303 1468 1393 1538 qui
1446 1470 1706 1525 mundum
1755 1481 2070 1540 peccantem

496 1550 731 1620 generali
762 1552 961 1607 diluvio
995 1555 1286 1612 interemit.

567 1642 695 1698 Car.
721 1643 830 1698 ΥΠ.
862 1646 1012 1713 Quod
1040 1649 1350 1718 scripsistis,
1385 1662 1440 1705 ut
1463 1653 1600 1707 sicut
1625 1669 1838 1724 semper
1861 1655 2074 1728 regibus

2175 479 2544 536 ecclesiastico
2573 482 2748 538 valeat
2777 484 3107 538 ministrare.

2252 571 2381 626 CAP.
2411 573 2503 628 IX.
2546 575 2621 629 De
2669 591 2734 631 eo
2764 577 2904 645 quod
2943 576 3256 645 scripsistis,
3287 578 3412 647 quia
3460 580 3506 634 si
3556 591 3748 640 vestra

2174 661 2457 726 voluntati,
2500 665 2882 720 ecclesiasticis
2908 666 3158 721 videlicet
3197 669 3396 737 regulis
3435 675 3744 735 contrariae.

2177 748 2464 806 obsecutus
2486 752 2659 817 fuero,
2682 770 2778 809 eos
2805 769 2939 823 quos
2973 756 3102 810 mihi
3131 757 3410 813 ehariores
3435 768 3489 813 et
3515 760 3748 816 familia-

2179 840 2351 895 riores
2371 847 2753 914 cognoveritis,
2782 846 3048 901 honorare
3092 847 3146 902 in
3185 847 3434 903 omnibus
3462 852 3748 919 curabilis,

2177 935 2546 990 tantummodo
2576 944 2633 990 ut
2658 937 2710 991 in
2736 938 2836 992 hac
2859 933 3316 1007 petitionevestra
3341 942 3492 998 vobis
3521 960 3751 1001 consen-

2179 1022 2329 1090 tiam,
2359 1040 2464 1081 non
2497 1027 2652 1093 meis,
2683 1028 2779 1083 sed
2815 1045 3091 1084 sacrorum
3136 1046 3405 1088 canonum
3439 1034 3618 1089 verbis
3637 1043 3749 1093 're-

2179 1118 2435 1185 spondeo,
2485 1120 2612 1188 quia
2667 1121 2958 1176 secundum
2999 1123 3213 1178 eosdem
3261 1139 3444 1181 sacros
3490 1141 3748 1194 canones,

2176 1225 2276 1279 pro
2304 1211 2681 1282 indigentibus,
2732 1221 2787 1271 et
2831 1215 2959 1268 mihi
3013 1216 3334 1286 conjunctis,
3383 1227 3438 1272 et
3480 1233 3580 1288 pro
3607 1220 3751 1286 aliis,

2177 1299 2318 1354 sicut
2362 1302 2700 1371 praecipiunt,
2744 1302 2812 1356 ad
2869 1303 3055 1358 salutis
3084 1313 3275 1360 vestra:
3324 1317 3668 1377 augmentum
3698 1319 3757 1364 et

2176 1391 2463 1458 potestatis
2513 1391 2814 1456 honorem,
2882 1394 3083 1463 regiam
3136 1403 3458 1464 potestatem
3517 1405 3753 1452 vestram

2176 1479 2524 1548 petitionibus
2553 1481 2702 1535 adire
2741 1479 2966 1546 curabo,
3007 1483 3243 1552 quandiu
3290 1483 3548 1540 Dominus
3583 1501 3670 1542 me
3700 1487 3759 1544 in

2179 1584 2404 1638 corpore
2441 1573 2641 1627 morari
2691 1572 3026 1644 praeceperit.
3080 1574 3301 1640 Verum,
3345 1576 3485 1631 sicut
3539 1586 3761 1632 sanctus

2177 1660 2521 1717 Innocentius
2575 1677 2710 1733 papa
2760 1663 2892 1718 dicit
2923 1681 2936 1716 :
2968 1662 3242 1720 Sollicitos
3286 1681 3380 1722 vos
3433 1682 3530 1736 pro
3582 1668 3761 1722 salute

496 1736 982 1803 praedecessoribus
1011 1742 1205 1796 vestris
1233 1743 1284 1796 in
1316 1745 1462 1798 omni
1493 1745 1724 1800 utilitate
1769 1749 1919 1819 regni
1949 1765 2075 1819 pro-
2103 1737 2153 1797 Β
2179 1753 2410 1810 libenter
2435 1755 2623 1820 audio;
2653 1765 2840 1810 contra
2862 1765 3024 1824 caput
3053 1765 3232 1811 autem
3261 1772 3366 1812 non
3394 1758 3624 1813 libenter
3655 1758 3757 1812 ad-

497 1829 668 1884 ticuus
712 1839 766 1884 et
811 1831 1034 1887 devotus
1074 1833 1146 1888 fui
1173 1875 1188 1899 ,
1234 1836 1309 1890 ita
1338 1836 1492 1892 vobis
1530 1836 1706 1893 ﬁdelis
1750 1848 1805 1894 et
1849 1840 2077 1895 devotus

497 1924 748 1978 existam.
785 1923 936 1990 Quod
973 1935 1026 1979 et
1073 1926 1332 1982 hactenus
1376 1929 1657 1986 observavi
1696 1939 1750 1986 et
1788 1932 2077 1989 observare

498 2014 674 2084 cupio.
706 2013 816 2070 Vos
845 2025 1022 2072 autem
1055 2027 1254 2073 sanctae
1284 2020 1539 2077 Ecclesia)
1559 2061 1574 2086 ,
1607 2029 1662 2076 et
1701 2021 1820 2090 ejus
1855 2026 2077 2080 rectori—

495 2106 619 2166 bus,
649 2115 810 2178 atque
836 2109 966 2163 mihi
999 2117 1210 2164 servate
1240 2113 1380 2181 quod
1411 2113 1487 2166 illi
1519 2125 1999 2182 conservaverunt;
2024 2126 2080 2171 et

495 2214 595 2268 pro
621 2199 920 2256 devotionis
951 2201 1222 2266 ﬁdelitate,
1256 2218 1417 2273 quam
1441 2205 1594 2260 vobis
1620 2221 1743 2261 cum
1773 2208 1987 2262 caneris
2017 2207 2078 2262 ﬁ-

497 2291 705 2348 delibus
735 2293 930 2348 vestris
961 2294 1014 2348 in
1041 2294 1304 2351 electione
1332 2306 1511 2352 vestra
1536 2340 1550 2366 ,
1584 2315 1688 2354 non
1720 2299 1837 2355 sine
1882 2315 2078 2370 magno

493 2381 699 2449 labore,
726 2383 792 2439 ad
817 2385 1219 2454 provectionem
1245 2387 1543 2456 regimiuis,
1569 2403 1676 2458 quo
1695 2387 1808 2456 jam
1837 2391 2076 2456 nomine,

494 2473 582 2528 det
613 2474 875 2531 Dominus
905 2476 1065 2530 etiam
1089 2476 1288 2531 virtute
1316 2478 1470 2548 potiti
1505 2479 1670 2545 estis,
1718 2479 1884 2534 nolite
1921 2481 2079 2535 retri-

493 2566 661 2622 buere
690 2568 822 2623 mihi
855 2567 990 2622 mala
1021 2583 1120 2638 pro
1154 2568 1309 2624 bonis
1331 2610 1346 2635 ,
1389 2571 1676 2626 suadentes
1701 2610 1716 2636 ,
1750 2586 1856 2626 non
1900 2581 2076 2626 tamen
2122 2587 2126 2592 '

495 2658 791 2714 auxiliante
833 2659 1081 2724 Domino,
1115 2662 1520 2730 persuadentes,
1553 2671 1612 2716 ut
1641 2661 1694 2717 in
1717 2672 1935 2718 senecta
1959 2679 2076 2718 mea

499 2750 764 2806 declinem
794 2767 824 2805 a
855 2753 1026 2807 sacris
1055 2753 1272 2825 regulis,
1316 2756 1458 2824 quod
1495 2770 1594 2810 nec
1619 2770 1717 2826 pro
1741 2756 2035 2824 cupiditate
2058 2797 2072 2822 ,

497 2854 600 2895 nec
626 2855 724 2910 pro
753 2855 938 2896 amore
966 2841 1050 2897 vel
1081 2842 1274 2899 timore
1305 2844 1568 2899 hactenus
1597 2842 1722 2910 feci,
1762 2852 1822 2898 ut
1849 2859 1877 2898 a
1909 2845 2076 2916 gradu

497 2936 816 3014 episcopali,
851 2951 956 3005 quo
984 2951 1082 3007 per
1113 2938 1330 3008 triginta
1358 2947 1413 2992 et
1453 2953 1545 2993 sex
1585 2953 1754 2993 annos
1777 2938 1950 3008 gratia
1982 2937 2076 2992 Dei

2181 1847 2360 1902 mitto.
2393 1846 2461 1902 Et
2488 1856 2709 1902 sanctus
2739 1847 3035 1918 Gregorius
3059 1863 3336 1918 exponens
3375 1849 3535 1915 (hom.
3574 1849 3668 1915 57,
3704 1851 3763 1902 in

2183 1937 2411 2009 Evang.)
2440 1939 2763 1994 sententiam
2793 1939 3068 2008 Evangelii
3095 1955 3108 1992 :
3141 1938 3201 1994 Si
3227 1941 3342 2009 quis
3389 1941 3521 1992 t-enit
3548 1940 3617 1993 ad
3652 1955 3761 2004 me,

2180 2039 2354 2084 etnon
2379 2031 2486 2085 odit
2529 2040 2729 2100 patrem
2767 2048 2941 2097 suum,
2969 2042 3016 2086 et
3043 2041 3282 2093 matrem,
3322 2041 3370 2084 et
3418 2047 3658 2095 uxorem,
3707 2040 3766 2085 et

2178 2118 2342 2188 filios,
2368 2130 2414 2175 et
2449 2121 2658 2191 fratres,
2691 2133 2740 2176 et
2773 2139 3003 2187 sorores,
3043 2123 3213 2176 adiuta
3256 2133 3429 2176 autem
3452 2133 3499 2176 et
3521 2123 3764 2176 animum

2181 2227 2353 2274 suam,
2395 2227 2498 2264 non
2519 2220 2681 2280 potest
2708 2228 2851 2266 meus
2879 2229 2986 2267 esse
3012 2211 3296 2281 discipulus
3322 2211 3472 2280 (Luc.
3492 2226 3605 2276 xlv,
3632 2209 3760 2278 26),

2180 2302 2353 2358 dicit:
2389 2321 2407 2354 ι
2444 2301 2707 2371 Quoniam
2751 2303 2994 2373 quisquis
3016 2303 3128 2373 jam
3157 2313 3357 2357 aeterna
3402 2301 3762 2371 concupiscit,

2181 2397 2237 2452 in
2283 2411 2348 2451 ea
2391 2411 2553 2465 quam
2601 2397 2909 2466 aggreditur
2931 2411 3096 2451 causa
3147 2395 3262 2459 Dei,
3316 2403 3468 2448 extra
3523 2401 3760 2463 patrem,

2179 2494 2335 2542 extra
2361 2494 2608 2547 matrem,
2639 2494 2792 2540 extra
2820 2500 3064 2550 uxorem,
3103 2493 3256 2541 extra
3289 2485 3448 2548 ﬁlios,
3483 2493 3635 2538 extra
3664 2497 3762 2538 co-

2179 2587 2392 2651 gnatos,
2419 2589 2573 2634 extra
2613 2579 2966 2647 semetipsum
3011 2576 3124 2631 ﬁeri
3173 2578 3352 2642 debet,
3393 2585 3453 2630 ut
3482 2590 3546 2630 eo
3575 2573 3761 2629 verius

2179 2678 2470 2740 cognoscat
2499 2667 2688 2733 Deum,
2720 2682 2826 2737 quo
2869 2667 2923 2721 in
2954 2666 3070 2734 ejus
3101 2682 3264 2721 causa
3308 2665 3578 2720 neminem
3605 2677 3760 2718 reco-

2179 2759 2410 2830 gnoscit.
2450 2781 2469 2813 »
2512 2758 2664 2814 Unde
2698 2759 2750 2812 in
2783 2760 2884 2814 hoc
2913 2758 3198 2828 episcopali
3228 2758 3528 2812 ministerio
3561 2770 3762 2811 carna-

2181 2850 2284 2905 lem
2313 2850 2691 2920 propinquum,
2725 2864 2826 2904 nec
2863 2848 3096 2903 amicum
3127 2847 3380 2902 videlicet
3407 2847 3571 2900 animi
3600 2844 3760 2902 fami-

2181 2942 2392 3006 liarem,
2424 2940 2626 2996 carnali
2655 2939 2850 2995 affectu
2889 2954 3239 3008 recognosco,
3283 2938 3378 2992 sed
3431 2935 3758 2992 sententiam

495 3043 667 3098 usque
692 3029 853 3085 modo
887 3030 1104 3086 functus
1132 3029 1232 3097 tui,
1267 3031 1463 3085 merito
1489 3031 1752 3086 decidam.
1786 3029 1902 3086 Non
1929 3031 2074 3084 enim
2108 3083 2148 3101 η
2182 3033 2394 3088 Domini
2418 3033 2654 3092 attendo,
2673 3032 2766 3101 qui
2792 3030 2963 3085 dicit:
2997 3029 3100 3096 Qui
3129 3046 3232 3083 non
3256 3030 3417 3081 intrat
3447 3043 3537 3097 per
3564 3027 3759 3080 ostium

496 3119 700 3174 excidit
729 3121 859 3176 mihi
886 3136 916 3174 a
946 3130 1128 3177 mente
1153 3121 1419 3176 sententia
1450 3120 1770 3184 Salvatoris,
1803 3135 1907 3191 qua
1940 3121 2074 3175 dici-

497 3217 590 3264 tur
615 3228 628 3264 :
665 3211 805 3278 Quid
834 3213 971 3266 enim
999 3212 1204 3282 proﬁcit
1228 3215 1380 3266 homo
1401 3253 1416 3278 ,
1446 3214 1491 3266 si
1520 3212 1752 3266 lucretur
1781 3213 2080 3266 universum

496 3301 770 3364 mundum,
801 3318 857 3356 se
883 3313 1055 3356 autem
1079 3304 1247 3373 ipsum
1276 3305 1478 3372 perdat,
1505 3313 1551 3357 et
1575 3305 1764 3358 animae
1785 3321 1895 3358 sum
1921 3304 2079 3356 detri-

495 3402 729 3448 mentum
756 3394 956 3462 faciat?
980 3403 1069 3447 aut
1097 3410 1253 3464 quam
1274 3394 1418 3448 dabit
1446 3395 1599 3448 homo
1625 3393 2082 3447 commutationem

496 3496 592 3551 pro
617 3481 792 3535 anima
810 3483 950 3535 sua?
978 3481 1130 3552 (Luc.
1156 3497 1232 3548 lx,
1251 3482 1338 3548 i5;
1356 3482 1546 3536 Matth.
1576 3497 1685 3547 xvt,
1709 3481 1823 3553 25.)
1851 3482 1915 3536 Et
1939 3481 2080 3536 sacri

498 3587 738 3638 canones
784 3572 987 3644 Spiritu
1037 3585 1225 3631 sancto
1275 3576 1475 3633 decreti
1525 3575 1732 3646 (concil.
1775 3573 1957 3630 Carth.
2007 3592 2077 3637 ιι,

498 3681 622 3722 can.
655 3666 754 3737 15)
781 3684 794 3720 :
832 3686 849 3719 ι
881 3667 936 3722 Si
966 3669 1087 3738 quis
1112 3710 1126 3734 ,
1160 3669 1441 3740 inquiunt,
1469 3677 1655 3723 contra
1683 3683 1835 3724 suam
1865 3668 2076 3738 profes-

500 3759 714 3819 sionem
737 3757 820 3813 vel
852 3759 1304 3828 subscriptionem
1330 3759 1542 3815 venerit
1566 3759 1618 3812 in
1646 3758 1847 3828 aliquo,
1881 3758 1996 3827 ipse
2020 3772 2079 3812 se

499 3848 706 3904 honore
730 3835 990 3918 privabit.‘
1016 3869 1033 3900 ι
1069 3850 1136 3903 Ει
1163 3850 1209 3904 si
1240 3849 1392 3904 vobis
1417 3863 1770 3914 consensere,
1799 3856 1858 3903 ut
1887 3856 2077 3903 contra

499 3941 712 3996 divinas
763 3949 818 3993 et
869 3941 1133 3994 lunuanas
1180 3939 1364 4010 leges,
1413 3949 1469 3994 et
1516 3947 1703 3995 contra
1751 3948 1987 4000 vestram
2025 3947 2080 3994 et

500 4044 717 4094 meam,
767 4043 951 4083 coram
998 4027 1242 4097 pluribus
1278 4028 1330 4081 in
1361 4029 1566 4099 synodo
1615 4029 1883 4097 episcopis
1932 4029 2080 4084 cohi-

499 4117 784 4181 bentibus,
816 4117 1208 4186 professionem
1239 4116 1448 4172 faciatis
1468 4157 1482 4183 ,
1514 4131 1600 4171 me
1625 4116 1869 4186 perdam,
1900 4127 1955 4170 et
1985 4131 2080 4170 vos

499 4222 608 4261 non
647 4207 888 4272 salvabo,
920 4208 1134 4268 dicente
1162 4207 1458 4278 Apostolo:
1493 4203 1618 4260 Non
1652 4204 1823 4260 solum
1868 4206 1956 4276 qui
1998 4204 2080 4274 fa-

503 4299 668 4364 ciunt,
697 4299 786 4352 sed
807 4300 1239 4369 quicousentiunt
1255 4297 1586 4369 facientibus,
1613 4297 1756 4367 digni
1779 4306 1899 4351 sunt
1917 4307 2082 4350 morte

2181 3125 2235 3179 in
2270 3123 2401 3178 ovile
2451 3125 2642 3186 ovium,
2690 3122 2778 3175 sed
2809 3120 3038 3175 ascendit
3087 3118 3321 3182 aliunde,
3353 3117 3437 3170 hic
3486 3116 3575 3184 fur
3601 3125 3676 3169 est
3708 3125 3761 3170 et

2184 3214 2320 3269 latro
2354 3212 2536 3284 (Joan.
2571 3230 2623 3278 κ,
2657 3212 2728 3283 t).
2757 3211 2818 3265 Et
2844 3211 2963 3265 ideo
2985 3209 3256 3265 neminem
3283 3208 3444 3278 eligo,
3486 3208 3758 3262 neminem

2184 3320 2533 3376 recognosco,
2566 3303 2834 3358 neminem
2881 3301 3106 3370 recipio,
3148 3299 3250 3355 nisi
3280 3299 3369 3368 qui
3399 3299 3508 3353 vita
3557 3304 3613 3352 et
3641 3311 3760 3350 mo-

2183 3395 2350 3459 ribus,
2407 3402 2462 3449 et
2510 3393 2750 3449 scientia:
2791 3390 3072 3445 catholicae
3123 3389 3389 3452 doctrina,
3437 3401 3534 3457 per
3579 3385 3761 3440 claves

2183 3483 2436 3540 Ecclesiae
2462 3484 2529 3538 ad
2570 3485 2675 3538 hoc
2713 3481 3020 3552 episcopale
3048 3479 3406 3534 ministerium
3438 3475 3666 3539 accedit,
3703 3484 3763 3534 et

2182 3577 2320 3633 sciat
2361 3585 2416 3633 et
2459 3574 2623 3631 faciat
2663 3576 2804 3644 quod
2843 3588 3058 3629 sacrum
3104 3571 3464 3627 ministerium
3498 3567 3756 3639 postulat.

2184 3669 2250 3723 Et
2277 3667 2530 3738 quoniam
2567 3682 2671 3721 non
2708 3674 2780 3719 est
2827 3664 2967 3718 Deus
3007 3677 3346 3733 personarum
3381 3669 3637 3730 acceptor,
3667 3657 3759 3712 sed

2184 3764 2238 3817 in
2268 3760 2408 3816 omni
2438 3768 2604 3829 gente,
2650 3757 2740 3827 qui
2767 3757 2910 3809 timet
2937 3770 3055 3808 eum
3101 3763 3148 3808 et
3195 3761 3441 3822 operatur
3468 3749 3760 3819 justitiam,

2184 3861 2423 3921 acceptus
2452 3860 2525 3904 est
2565 3847 2645 3902 illi
2673 3847 2810 3918 (Act.
2843 3862 2898 3909 x,
2928 3845 3040 3914 54),
3092 3843 3144 3897 in
3191 3842 3294 3896 hac
3340 3854 3503 3895 causa
3560 3835 3764 3892 nullius

2184 3954 2471 4011 personam
2523 3938 2762 4007 accipio,
2821 3938 2960 3991 sicut
3004 3943 3224 3990 sanctus
3271 3931 3532 4003 propheta
3583 3929 3762 3984 virum

2178 4030 2384 4098 justum
2414 4030 2726 4084 describens
2753 4027 2883 4081 dicit
2909 4042 2923 4080 :
2955 4027 3060 4092 Qui
3082 4025 3276 4079 excutit
3323 4038 3510 4076 manus
3538 4036 3664 4074 suas
3694 4017 3765 4072 ab

2184 4119 2325 4174 onmi
2371 4135 2582 4172 munere
2630 4117 2766 4187 (Isa.
2801 4115 3138 4187 xxxrtl,15).
3194 4113 3377 4184 Neque
3427 4112 3574 4166 enim
3625 4110 3766 4165 dixit

2185 4217 2394 4264 tantum
2425 4223 2455 4262 a
2501 4221 2744 4273 munere,
2784 4207 2878 4260 sed
2933 4205 3138 4260 addidit
3185 4205 3248 4257 ab
3289 4201 3453 4266 omni,
3493 4201 3559 4255 vid
3599 4208 3683 4254 est
3731 4215 3763 4253 a

2185 4313 2408 4354 munere
2431 4313 2644 4363 manus,
2668 4312 2698 4352 a
2726 4311 2949 4352 munere
2974 4296 3189 4366 linguae,
3209 4309 3238 4347 a
3256 4307 3478 4348 munere
3491 4290 3760 4360 obsequii,

503 4393 522 4460 (
541 4389 689 4446 Πονη-
720 4407 764 4461 Ῑι
793 4390 914 4464 52).
948 4391 1015 4446 Ει
1043 4391 1182 4446 sicut
1209 4391 1261 4448 in
1288 4388 1672 4450 ecclesiasticis
1693 4396 1748 4443 et
1778 4388 1830 4442 in
1857 4387 2081 4441 munda-
2111 4427 2160 4487 Β
2185 4393 2328 4446 sicut
2373 4389 2485 4461 jam
2529 4389 2681 4444 vobis
2731 4388 2946 4458 scripsi,
2997 4387 3043 4441 si
3099 4393 3281 4440 mente
3316 4382 3627 4439 voluissetis
3672 4393 3761 4433 re<

502 4482 591 4536 nis
615 4481 822 4551 legibus
849 4483 1108 4552 scriptum
1140 4481 1397 4543 habetur:
1429 4479 1602 4538 Prava
1633 4479 1894 4537 facientes
1917 4486 2080 4547 atque

505 4576 908 4644 consentientes
936 4593 1038 4647 par
1057 4576 1381 4647 judiciorum
1409 4588 1568 4645 paena
1592 4573 1949 4644 constringit:
1980 4586 2081 4628 nec

507 4681 704 4736 expers
741 4666 1000 4722 facinoris
1047 4668 1366 4730 aestimatur,
1403 4665 1493 4734 qui
1527 4664 1652 4719 licet
1691 4664 1805 4732 ipse
1844 4677 1945 4716 non
1999 4661 2080 4717 fe-

508 4760 667 4826 cerit,
713 4759 976 4815 facientes
1018 4769 1194 4814 tamen
1246 4760 1298 4812 in
1347 4756 1766 4812 familiaritatem
1799 4754 2080 4824 fmdusque

506 4850 792 4920 receperit.

579 4939 709 4994 (In.
739 4940 872 4996 Vill.
903 4939 1055 5006 Quod
1090 4942 1384 5010 scripsistis
1407 4982 1422 5006 ,
1467 4951 1524 4995 ut
1553 4956 1649 5015 per
1692 4956 1869 4996 meam
1902 4939 2085 4994 volun-

512 5040 678 5086 tatem
708 5039 763 5085 et
785 5016 1140 5085 miniSterium
1167 5030 1510 5087 Belvaceusis
1537 5030 1790 5086 Ecclesiae
1813 5030 2083 5100 episcopa-

510 5132 623 5176 tum
650 5122 847 5178 dilecto
875 5121 983 5177 ﬁlio
1005 5136 1123 5176 meo
1145 5130 1198 5175 et
1228 5121 1368 5176 ﬁdeli
1401 5130 1580 5177 vestro
1607 5121 1818 5178 Odacro
1851 5121 2086 5175 tribuere

511 5212 765 5276 valeatis,
799 5213 843 5268 si
875 5222 1068 5268 vestrae
1091 5211 1444 5270 dominationi
1481 5213 1547 5268 de
1577 5213 1667 5269 illo
1689 5222 1772 5273 est
1799 5227 1952 5277 cura,
1985 5213 2088 5266 hoc

515 5303 820 5360 nullatenus
851 5303 1085 5371 faciatis,
1117 5318 1186 5358 ne
1208 5303 1348 5357 forte
1379 5304 1423 5358 si
1454 5303 1718 5366 feceritis,
1752 5312 1807 5358 et
1837 5303 1951 5373 ipse
1974 5300 2087 5371 epi-

513 5394 755 5462 scopium
796 5396 943 5461 illud,
972 5406 1026 5451 et
1057 5404 1270 5466 pastore
1299 5404 1576 5460 vacantem
1605 5395 1925 5458 Ecclesium,
1956 5409 2055 5449 con

519 5496 601 5542 tra
639 5502 823 5542 sacras
851 5488 1106 5544 Ecclesia:
1137 5488 1349 5559 regulas
1375 5487 1630 5542 invadere
1659 5486 2086 5556 praesumpserit,

517 5577 691 5638 sacris
721 5576 925 5644 legibus
949 5589 1005 5633 ct
1031 5579 1228 5648 regulis
1246 5578 1606 5651 exigentibus,
1637 5577 1780 5645 quod
1807 5589 1914 5630 non
1942 5581 2089 5644 epto,

517 5667 791 5745 Wutingat
836 5677 893 5721 ut
937 5667 1199 5734 ulterius,
1251 5685 1348 5726 nec
1397 5671 1448 5723 in
1492 5669 1600 5724 vita.
1635 5681 1751 5722 mea
1778 5706 1793 5735 ,
1845 5681 1941 5721 nec
1976 5674 2095 5736 post

2185 4485 2438 4541 condere.

2254 4576 2381 4633 CAP.
2410 4575 2478 4630 Χ.
2511 4575 2756 4628 Vestram
2781 4569 3011 4638 denique
3033 4569 3253 4623 charum
3282 4564 3412 4620 mihi
3437 4558 3766 4619 dominatio-

2183 4684 2308 4725 nem
2332 4668 2557 4724 solerter
2577 4676 2740 4734 atque
2764 4673 2969 4718 attente
2987 4671 3111 4717 ante
3134 4658 3328 4714 mentis
3347 4655 3531 4712 oculos
3551 4659 3767 4724 oportet

2189 4760 2409 4824 habere,
2446 4758 2608 4828 quod,
2653 4757 2795 4811 sicut
2831 4755 2944 4825 jam
2986 4753 3140 4808 vobis
3187 4749 3398 4818 scripsi,
3438 4746 3533 4816 qui
3576 4753 3766 4799 contra

2187 4865 2372 4906 sacros
2400 4863 2635 4905 canones
2659 4847 3000 4909 ordinantur,
3025 4853 3081 4898 et
3100 4843 3437 4897 ordiuatores
3457 4847 3513 4892 et
3533 4833 3769 4892 ordinati

2190 4940 2431 4998 lueretici
2461 4947 2606 5003 sunt,
2638 4937 2776 4991 sicut
2809 4942 3029 4992 sanctus
3053 4931 3344 5002 Gregorius
3373 4936 3428 4984 et
3461 4926 3639 4982 caeteri
3668 4938 3766 4979 ca-

2191 5031 2373 5088 tholici
2399 5029 2652 5085 Ecclesiae
2678 5035 2877 5082 sancta:
2905 5026 3154 5082 doctores
3179 5031 3340 5092 atque
3361 5027 3598 5074 rectores
3625 5014 3768 5069 mul-

2189 5125 2346 5182 toties
2368 5125 2420 5180 in
2445 5122 2598 5177 libris
2619 5119 2732 5176 suis
2751 5117 3060 5175 ostendunt.
3085 5115 3255 5180 Quam
3280 5111 3525 5167 haeresim
3549 5116 3770 5164 sanctus

2188 5216 2380 5272 Petrus
2405 5213 2636 5283 primum
2679 5210 2732 5264 in
2760 5209 3036 5264 Simonem
3085 5205 3292 5275 Magum
3321 5211 3522 5258 artemo
3548 5198 3770 5253 anathe«

2193 5315 2336 5360 mate
2361 5300 2736 5358 condemnavit
2771 5299 2905 5368 (Act.
2937 5293 3077 5365 vin).
3108 5292 3214 5348 Sed
3244 5299 3300 5347 et
3328 5286 3635 5361 huiusmodi
3664 5300 3771 5346 non

2192 5393 2573 5458 ordinationis,
2607 5390 2702 5446 sed
2731 5383 3157 5444 exordinationis
3195 5381 3539 5444 mediatores,
3573 5375 3773 5447 praefa-

2195 5494 2308 5539 tum
2353 5494 2604 5552 magnum
2637 5486 2694 5535 et
2733 5483 2976 5531 sanctum
3012 5471 3455 5527 'Clialeedonense
3483 5465 3774 5522 concilium

2198 5573 2340 5644 (can.
2375 5571 2454 5643 2),
2487 5570 2535 5626 si
2568 5567 2750 5623 clerici
2793 5571 2940 5628 sunt,
2984 5563 3202 5633 proprio
3235 5560 3403 5632 gradu
3449 5557 3672 5629 privari,
3727 5555 3773 5610 si

2200 5680 2329 5721 vero
2357 5663 2477 5718 laici
2505 5668 2598 5716 aut
2632 5656 2878 5714 monachi
2923 5655 3140 5721 fuerint,
3177 5654 3295 5710 sine
3320 5651 3429 5708 ulla
3457 5650 3778 5731 exceptione
