4018 5392
249 227 354 284 ιιτ

1665 226 2048 284 EPIS'I‘OLE.

3418 229 3517 282 us
3563 201 3566 208 ’

250 355 347 398 aut
376 347 620 410 respectu
658 337 882 408 alicujus
919 355 1184 411 persona,
1219 341 1664 397 anathematizari
1696 355 1832 410 pra-
1856 345 1906 402 Α
1935 351 2237 398 rumtameu
2269 343 2393 412 quia
2425 352 2478 398 et
2510 357 2576 398 ex
2607 343 2691 398 his
2723 359 2752 397 a
2784 356 2870 397 me
2899 341 3047 398 vobis
3083 341 3307 400 rescribi
3354 354 3514 409 roga-

253 433 404 503 cipit.
430 431 716 502 Propterea
743 431 934 486 hortor
969 433 1391 490 dominationem
1435 441 1672 488 vestram
1714 440 1831 486 uta

252 524 350 578 tali
406 523 731 578 mediatione
769 522 851 578 vel
894 522 1291 580 interventione
1333 539 1429 579 vos
1467 523 1722 578 caveatis.
1755 521 1834 578 Ne

251 629 385 671 vero
411 630 510 684 pro
527 612 754 683 alicujus
776 613 1053 683 temporali
1082 612 1388 683 placiditate
1408 623 1670 669 aeternum
1691 609 1834 682 peri-

249 704 434 760 culum
464 702 772 766 incurratis,
810 703 904 759 sed
938 712 996 758 et
1032 702 1260 758 dilectus
1286 703 1432 758 illius
1459 718 1630 766 meus,
1659 701 1832 756 ﬁdelis

250 808 454 862 vester,
483 811 582 866 pro
609 809 716 865 quo
745 795 1012 866 satagitis,
1045 811 1148 850 non
1180 794 1533 850 obliviscatur
1559 793 1698 862 quod
1717 791 1831 860 jam

252 887 310 942 in
337 885 563 957 epistola
592 885 745 939 vobis
781 884 1007 950 directa,
1039 884 1330 954 capellanis
1353 884 1550 938 vestris
1577 897 1662 937 me
1693 883 1834 938 inter

249 977 357 1032 alia
387 975 669 1046 scripsisse
715 975 990 1040 recordor,
1030 975 1346 1030 canonicam
1393 975 1666 1030 decretam
1703 989 1834 1029 sen-

253 1066 500 1129 tentiam,
539 1080 646 1134 qua
687 1065 885 1122 dicitur
918 1082 931 1118 :
963 1061 1116 1120 Sicut
1144 1065 1191 1119 is
1214 1062 1305 1133 qui
1338 1062 1594 1118 invitatus
1633 1061 1831 1126 renuit,

254 1157 515 1225 quaesitus
558 1154 775 1226 refugit,
827 1155 998 1210 sacris
1034 1164 1117 1210 est
1162 1153 1422 1209 altaribus
1447 1151 1831 1214 admovendus,

253 1247 333 1304 sic
365 1247 458 1316 qui
487 1245 631 1301 ultro
670 1246 858 1310 ambit,
906 1244 990 1300 vel
1029 1245 1122 1315 qui
1173 1245 1477 1314 importune
1524 1259 1582 1298 se
1615 1243 1834 1314 ingerit,

248 1349 336 1393 est
365 1336 550 1407 procul
587 1336 752 1392 dubio
783 1335 1143 1406 repellendus.
1180 1334 1309 1400 Quae
1351 1334 1531 1404 itaque
1559 1334 1831 1404 praemissa

251 1434 397 1489 sunt,
444 1440 549 1480 non
595 1440 737 1488 mea,
765 1440 939 1494 neque
981 1440 1012 1479 a
1055 1439 1141 1479 me
1165 1423 1467 1494 excogitata
1495 1431 1619 1478 sunt
1646 1422 1834 1489 verba,

250 1518 346 1572 sed
381 1532 413 1572 a
457 1516 691 1580 Christo,
745 1525 798 1571 et
838 1531 936 1586 per
983 1515 1280 1585 apostolos,
1327 1529 1390 1569 ac
1437 1512 1554 1582 ejus
1595 1525 1832 1579 sanctos,

1935 436 2053 498 stis,
2073 449 2193 504 qua:
2225 435 2296 489 ita
2328 435 2470 490 inter
2492 449 2550 490 se
2582 435 2926 500 dissentiunt,
2949 446 3013 489 ut
3036 448 3066 488 a
3090 433 3370 506 principiis
3403 447 3517 486 me-

1934 530 2043 594 dia,
2070 538 2125 584 et
2157 543 2186 582 a
2226 530 2415 584 mediis
2444 530 2628 584 ultima
2669 530 2977 594 dissonent,
3009 528 3148 584 sicut
3172 528 3239 584 de
3271 525 3516 599 quodam

1935 627 2176 674 monstro
2199 619 2452 688 antiquus
2475 627 2636 689 poeta
2665 617 2794 673 dicit
2821 636 2837 671 :

2057 781 2215 833 Prima
2241 782 2344 843 leo,
2366 787 2609 846 postrema
2635 782 2797 843 draco,
2821 784 2980 833 media
3009 782 3112 846 ipsa
3134 783 3383 845 chi-tera,

1935 923 2189 996 fatigatus
2232 926 2411 980 missis
2453 935 2508 980 et
2555 924 2750 980 litteris
2795 927 3013 989 vestris,
3060 940 3157 996 pro
3197 923 3511 982 Belvacensi

1934 1015 2173 1072 Ecclesia
2211 1017 2508 1071 rescribere
2549 1016 2702 1070 vobis
2737 1017 2803 1071 ad
2841 1017 3084 1086 quaedam
3111 1015 3246 1082 loca,
3286 1015 3514 1070 Domino

1935 1108 2241 1178 adiuvante,
2280 1107 2499 1170 curabo,
2525 1108 2817 1162 secundum
2857 1107 3220 1178 proverbium,
3270 1106 3415 1177 quod
3455 1105 3509 1162 in

1936 1199 2277 1267 antiquorum
2310 1196 2461 1253 libris
2496 1198 2710 1270 juvenis
2746 1197 2979 1272 legeram
3011 1217 3024 1252 :
3056 1195 3158 1253 Bos
3193 1197 3365 1253 lassus
3402 1197 3512 1272 forb

1934 1291 2038 1345 tius
2065 1289 2175 1362 ﬁgit
2201 1290 2398 1361 pedem.

2005 1403 2046 1458 l.
2077 1405 2152 1459 De
2185 1420 2252 1460 eo
2288 1406 2429 1476 quod
2474 1407 2526 1461 in
2569 1406 2839 1477 prioribus
2875 1406 3007 1460 mihi
3037 1405 3180 1461 datis
3212 1405 3408 1460 litteris
3441 1405 3509 1460 ad

1937 1495 2112 1551 locum
2157 1497 2414 1566 scriptum
2457 1496 2686 1551 habetur
2720 1515 2733 1552 :
2770 1516 2789 1552 ι
2827 1497 3143 1554 Petitionem
3188 1498 3280 1552 lilii
3329 1496 3512 1553 dilecti

251 1609 458 1680 Spiritu
492 1619 681 1664 sancto
711 1581 939 1679 prolata.
971 1581 1264 1677 Propterea
1307 1605 1380 1661 illi
1423 1607 1516 1677 qui
1555 1607 1744 1662 audire
1769 1620 1831 1660 ea
1930 1581 2131 1680 j"5_‘=’“_l
2170 1583 2315 1639 ηυΠο
2352 1585 2510 1680 modo
2537 1594 2752 1680 oportet
2798 1601 3051 1680 respuere
3081 1596 3309 1659 patrem,
3351 1587 3508 1680 sipho‘c

248 1677 360 1755 non
407 1677 826 1764 summum—vel
875 1699 1134 1754 obaudire
1182 1706 1558 1763 contemnunt,
1609 1698 1836 1752 timeant

1950 1677 2203 1744 exiguitas
2231 1692 2373 1743 mea,
2393 1679 2486 1733 sed
2513 1687 2565 1733 et
2591 1679 2846 1735 Dominus
2867 1679 3128 1750 approbat
3149 1680 3333 1735 dicens
3355 1677 3510 1734 disci.

250 1793 538 1850 Dominum
565 1791 856 1854 dicentem,
901 1806 1022 1860 qua:
1067 1805 1241 1861 nuper
1285 1790 1476 1860 quinto
1503 1789 1715 1845 decimo
1753 1789 1840 1844 die

247 1893 380 1938 ante
409 1892 655 1938 sanctum
700 1883 906 1938 Pascha
938 1883 1040 1954 legi
1077 1898 1266 1940 omnes
1295 1883 1349 1938 in
1380 1883 1608 1940 ecclesia
1636 1883 1840 1940 audivi-

249 1989 373 2030 mus
403 1991 416 2027 :
448 1972 552 2038 Qui
581 1982 654 2027 est
686 1989 752 2026 ea:
793 1972 898 2026 Deo
923 1973 1074 2026 verba
1103 1972 1196 2027 Dei
1226 1973 1377 2027 audit
1402 1986 1420 2024 :
1447 1981 1718 2044 propterea
1748 1989 1836 2026 eos

250 2079 355 2116 non
394 2061 610 2125 auditis,
640 2062 762 2132 quia
795 2077 860 2115 ea:
893 2061 1004 2116 Deo
1054 2078 1157 2116 non
1194 2063 1316 2116 estis
1343 2061 1524 2131 (Joan.
1567 2077 1688 2126 vm,
1723 2061 1836 2128 47).

253 2152 410 2210 Unde
445 2164 664 2210 sanctus
700 2153 995 2222 Gregorius
1042 2155 1208 2224 (hom.
1247 2155 1341 2216 18,
1385 2156 1440 2208 in
1477 2153 1700 2223 Evang.)
1734 2170 1748 2206 :
1782 2153 1838 2207 Si

249 2247 396 2303 enim
431 2248 543 2318 ipse
569 2247 733 2304 verba
765 2248 858 2304 Dei
889 2249 1036 2303 audit
1071 2249 1160 2316 qui
1198 2265 1260 2302 es
1294 2248 1404 2303 Deo
1429 2256 1531 2312 est,
1566 2257 1621 2303 et
1655 2247 1842 2303 audire

251 2338 418 2392 verba
446 2338 567 2405 ejus
615 2354 721 2393 non
773 2346 948 2408 potest
989 2338 1236 2408 quisquis
1262 2351 1327 2392 ex
1368 2337 1458 2392 illo
1486 2353 1593 2392 non
1623 2346 1729 2401 est,
1763 2337 1842 2390 in-

254 2437 494 2497 terroget
521 2444 580 2486 se
617 2428 987 2498 unusquisque
1029 2428 1074 2483 si
1104 2427 1268 2482 verba
1295 2427 1388 2482 Dei
1417 2427 1472 2482 in
1503 2442 1634 2481 aure
1664 2427 1845 2482 cordis

251 2520 507 2590 percipit,
537 2527 591 2575 et
633 2519 894 2589 intelliget
945 2517 1086 2573 unde
1131 2517 1220 2573 sit.
1268 2519 1336 2572 Et
1379 2525 1599 2572 sanctus
1645 2515 1843 2571 Paulus

251 2609 554 2678 apostolus,
575 2624 672 2678 per
691 2624 854 2680 quem
877 2608 992 2678 ipse
1015 2607 1226 2663 locutus
1246 2614 1331 2662 est
1355 2605 1602 2662 Christus
1627 2625 1640 2659 :
1666 2603 1843 2659 Nolite

251 2699 645 2758 communicare
673 2699 914 2768 operibus
945 2699 1285 2767 infructuosis
1319 2695 1648 2751 tenebrarum
1681 2714 1695 2750 :
1726 2711 1842 2749 ma-

251 2791 336 2859 gis
365 2799 540 2843 autem
568 2799 615 2843 et
648 2789 942 2860 redarguite
967 2788 1184 2860 (Ephes.
1207 2803 1274 2852 γ,
1306 2787 1415 2858 il).
1445 2787 1512 2842 Et
1544 2787 1672 2842 item
1702 2786 1842 2842 idem

253 2880 549 2951 Apostolus
593 2900 606 2934 :
649 2880 709 2937 Si
755 2881 870 2950 quis
915 2895 1021 2934 non
1075 2879 1289 2934 obaudit
1337 2878 1488 2932 uerbo
1534 2886 1711 2931 nostro
1752 2893 1845 2946 per

253 2972 566 3041 epistolam,
611 2972 748 3025 hunc
779 2979 981 3036 notate,
1015 2980 1064 3024 et
1109 2987 1215 3026 non
1251 2969 1689 3024 commisceamini
1723 2984 1839 3022 cuin

252 3062 374 3126 illo,
403 3072 458 3120 ut
503 3060 857 3130 confundatur
899 3057 983 3129 (11
1022 3058 1201 3114 Thess.
1241 3075 1334 3123 In,
1362 3058 1471 3129 M).
1505 3057 1658 3114 Unde
1703 3058 1840 3113 sacri

253 3169 498 3210 canones
522 3153 1002 3210 excommunicatis
1027 3152 1492 3210 communicantes
1527 3166 1843 3208 excommu-

253 3246 476 3308 nicatos
506 3261 627 3301 esse
662 3245 1037 3301 decreverunt.
1073 3243 1200 3300 Haec
1227 3245 1294 3300 de
1319 3243 1458 3300 ctelo
1495 3243 1763 3308 Christus,
1792 3252 1846 3298 et

255 3336 450 3394 sancti.
466 3335 582 3404 ejus
609 3335 861 3406 apostoli,
892 3345 1054 3405 atque
1097 3335 1271 3391 sancti
1300 3334 1470 3405 ipsius
1498 3349 1620 3389 cum
1647 3347 1714 3389 eo
1733 3331 1843 3402 jam

256 3429 316 3482 in
339 3425 480 3482 coelo
504 3434 791 3496 regnantes
814 3426 1061 3482 intonant
1084 3444 1097 3480 :
1122 3435 1178 3482 et
1201 3441 1320 3491 nos,
1341 3425 1468 3482 licet
1508 3435 1842 3496 peccatores,

257 3519 322 3573 in
352 3526 493 3572 terra
520 3516 780 3587 episcopi,
817 3526 873 3573 et
907 3517 1106 3574 Christi
1144 3516 1352 3582 vicarii,
1391 3524 1552 3585 atque
1575 3516 1845 3585 apostolo-

257 3625 386 3666 rum
425 3623 764 3665 successores
804 3609 859 3664 in
903 3619 1068 3672 terra,
1101 3608 1216 3677 eius
1249 3609 1446 3664 virtute
1469 3617 1525 3662 ct
1548 3608 1850 3663 ministerio

256 3701 453 3755 divino
491 3698 888 3767 prosequimur,
935 3699 1134 3752 imitari
1179 3699 1548 3754 desiderantes
1599 3699 1742 3766 quod
1784 3699 1850 3754 de

255 3797 463 3849 salicto
487 3788 608 3842 viro
637 3795 936 3852 cantamus,
967 3788 1092 3856 quia
1120 3802 1218 3857 pro
1243 3787 1360 3856 lege
1391 3787 1484 3842 Dei
1516 3787 1596 3842 sui
1627 3788 1854 3844 certavit

254 3895 442 3952 usque
472 3880 538 3935 ad
563 3886 794 3934 mortem
823 3896 838 3933 :
867 3875 1121 3933 fundatus
1145 3877 1287 3934 enim
1313 3884 1432 3932 erat
1454 3891 1616 3947 supra
1643 3875 1852 3931 firmam

260 3981 500 4043 petram.
525 3967 708 4032 Petra,
737 3968 910 4038 inquit
930 3966 1238 4037 Apostolus,
1259 3976 1369 4021 erat
1390 3966 1628 4030 Christus
1651 3965 1705 4037 (1
1727 3965 1849 4021 Cor.

264 4082 330 4125 χ,
362 4063 438 4132 4).
467 4059 800 4116 Conveniam
839 4075 972 4134 ergo
1000 4060 1053 4115 in
1088 4073 1220 4130 pace
1253 4058 1476 4124 Christi,
1503 4059 1644 4114 sicut
1679 4065 1850 4118 statu-

267 4165 389 4206 tum
430 4149 724 4206 secundum
760 4165 942 4208 sacros
991 4163 1229 4210 canones
1257 4149 1376 4215 fuit,
1399 4151 1472 4208 in
1505 4150 1713 4220 synodo
1735 4149 1854 4219 epi-

267 4243 424 4310 scopi
464 4250 520 4297 et
561 4241 738 4298 clerus
778 4258 842 4299 ac
876 4243 1028 4312 plebs
1065 4241 1406 4298 Belvacensis
1449 4241 1704 4300 Ecclesia:
1729 4255 1868 4296 cum.

1938 1775 2080 1845 pulis
2099 1776 2211 1830 suis
2243 1792 2257 1829 :
2286 1773 2346 1830 Si
2367 1775 2494 1845 quid
2521 1776 2770 1845 petieritis
2806 1774 3016 1829 Patrem
3053 1775 3105 1830 in
3137 1775 3344 1829 nomine
3375 1788 3512 1836 meo,

1937 1866 2080 1918 dabit
2103 1866 2244 1920 vobis
2272 1865 2455 1936 (Joan.
2489 1881 2608 1929 nvr,
2635 1865 2750 1935 25).
2779 1865 2980 1921 Nomen
3012 1867 3155 1920 enim
3184 1864 3391 1920 Domini
3417 1861 3508 1919 Je-

1938 1969 2048 2015 sus.
2079 1954 2130 2008 id
2153 1965 2235 2010 est
2261 1955 2490 2010 salvator
2519 1957 2922 2026 interpretatur,
2954 1964 3008 2010 et
3041 1955 3127 2010 illa
3158 1955 3343 2025 petitio
3368 1954 3513 2025 justa

1938 2053 2044 2106 est,
2069 2058 2188 2114 quae
2223 2043 2288 2098 ad
2318 2059 2500 2100 veram
2533 2045 2760 2100 salutem
2791 2043 3040 2116 pertinet.
3081 2043 3251 2111 Quam
3294 2043 3512 2114 petitio-

1938 2150 2063 2189 nem
2111 2135 2365 2204 quoniam
2415 2134 2673 2190 Dominus
2718 2150 2821 2190 non
2875 2137 3101 2207 respuit,
3151 2150 3250 2190 nec
3293 2133 3520 2203 quilibet

1939 2227 2278 2284 Christianus
2317 2229 2476 2283 debet
2503 2243 2777 2299 respuere.
2818 2227 2874 2283 Si
2904 2236 3081 2282 autem
3111 2237 3298 2282 contra
3333 2240 3516 2282 veram

1941 2321 2170 2379 salutem
2219 2321 2442 2390 quilibet
2484 2322 2760 2390 petierint,
2807 2321 3028 2374 audient
3073 2336 3102 2373 a
3145 2318 3348 2373 .lacobo
3390 2333 3519 2386 apo-

1943 2413 2080 2468 stolo
2113 2431 2125 2465 :
2162 2409 2344 2465 Petitis
2383 2419 2430 2464 et
2465 2426 2568 2463 non
2595 2410 2852 2479 accipitis,
2887 2425 2946 2462 eo
2974 2408 3111 2478 quod
3155 2407 3288 2460 male
3333 2407 3518 2476 petatis

1943 2503 2083 2575 (Jac.
2109 2519 2184 2566 ιν,
2210 2502 2287 2573 3).

2014 2615 2074 2672 ll.
2105 2616 2181 2671 De
2204 2630 2270 2670 eo
2295 2613 2438 2685 quod
2461 2613 2658 2668 ibidem
2690 2610 3072 2680 subsequitur:
3111 2627 3129 2658 ι
3150 2606 3360 2661 Nostrae
3383 2603 3524 2676 peti.-

1947 2707 2080 2762 tioni
2107 2721 2172 2762 ac
2199 2704 2463 2760 voluntati
2491 2703 2788 2760 clementer
2811 2701 3060 2764 faveatis,
3085 2707 3148 2757 et
3187 2695 3514 2754 desiderium

1944 2806 2191 2852 nostrum
2232 2797 2301 2851 ad
2325 2801 2566 2866 praesens
2591 2791 2952 2863 adimplestis,
2989 2809 3009 2843 ι
3045 2789 3287 2848 rescribo
3314 2796 3372 2842 ut
3393 2785 3522 2842 veli-

1945 2892 2016 2946 tis
2039 2899 2095 2946 ct
2120 2887 2442 2946 desideretis
2480 2887 2623 2958 quod
2652 2885 2912 2941 Dominus
2953 2882 3087 2949 vult,
3115 2880 3200 2936 cui
3227 2879 3515 2935 Psalmists

1948 2983 2119 3040 dicit:
2153 2979 2395 3046 Domine,
2421 2963 2541 3034 ante
2562 2988 2611 3033 te
2635 2993 2784 3032 omne
2805 2975 3120 3031 desiderium
3142 2987 3311 3028 meum
3338 2968 3514 3035 (Psal.

1952 3089 2158 3139 xxxvii,
2212 3073 2333 3144 l0):
2385 3085 2610 3128 securus
2657 3068 2919 3125 voluntati
2968 3075 3163 3123 vestra:
3201 3063 3416 3129 favebo,
3468 3071 3523 3117 et

1950 3175 2211 3235 quantum
2252 3171 2445 3234 potero
2462 3169 2702 3218 vestrum
2730 3157 3058 3216 desiderium
3099 3154 3394 3222 adimplere
3429 3166 3524 3208 cu-

1949 3260 2102 3314 rabo.
2157 3255 2266 3312 Vos
2311 3263 2491 3310 autem
2521 3251 2786 3308 attendite
2820 3248 2964 3319 quod
2998 3247 3143 3303 omni
3185 3243 3389 3302 homini
3433 3241 3525 3313 qui

1948 3346 2174 3402 Domino
2201 3345 2416 3416 placere
2443 3342 2578 3407 vult,
2637 3341 2767 3397 dicit
2816 3339 3136 3409 Scriptura:
3170 3336 3294 3391 Post
3334 3349 3526 3392 concu-

1948 3439 2229 3508 piscentitls
2268 3445 2412 3500 tuas,
2436 3434 2645 3491 scilicet
2691 3429 3096 3502 improbabiles,
3125 3443 3228 3482 non
3252 3442 3363 3492 eas,
3402 3435 3454 3481 et
3489 3443 3525 3482 ιι

1949 3537 2040 3581 tua
2056 3525 2341 3590 voluntate,
2364 3523 2567 3581 carnali
2589 3521 2858 3583 videlicet.
2880 3529 3108 3576 avertere
3143 3515 3332 3590 (Eccli.
3373 3529 3521 3580 svnt.

1949 3619 2075 3686 30);
2111 3627 2164 3674 et
2209 3636 2223 3672 :
2269 3617 2404 3673 Sunt
2459 3617 2556 3670 vite
2605 3630 2724 3684 qua:
2776 3613 3016 3666 uidentur
3084 3608 3380 3664 horninibus
3449 3621 3528 3661 ηε

1954 3717 2070 3770 cm,
2117 3721 2341 3777 quarunt
2389 3705 2511 3774 finis
2547 3717 2710 3771 usque
2754 3699 2823 3754 ad
2861 3699 3180 3770 profundum
3225 3697 3418 3766 inferni
3447 3697 3522 3749 de-

1956 3795 2142 3864 mergit
2171 3794 2351 3864 (Pros.
2390 3807 2505 3854 xvi,
2535 3791 2655 3861 $5).
3499 3809 3503 3812 ·

2026 3883 2112 3938 ill.
2154 3884 2230 3938 De
2251 3897 2317 3938 eo
2338 3881 2478 3952 quod
2499 3879 2696 3936 ibidem
2722 3877 3070 3946 subsequitur
3107 3891 3173 3932 ex
3212 3873 3440 3940 Odacro,
3467 3876 3520 3930 in

1953 3973 2378 4044 praecedentibus
2407 3971 2600 4026 litteris
2629 3968 2761 4026 satis
2790 3967 2941 4022 νδιιίε
2965 3965 3236 4036 respondi.

2025 4062 2113 4124 iV.
2156 4063 2232 4118 De
2265 4059 2500 4131 eosquod
2539 4073 2670 4116 mox
2707 4056 3082 4126 subsequitur,
3135 4072 3154 4105 ι
3183 4053 3318 4121 Quia
3367 4067 3522 4109 meus

1955 4155 2155 4210 missus
2183 4153 2496 4209 Aitramnus
2547 4149 2844 4205 monachus
2875 4147 3028 4202 vobis
3085 4146 3268 4200 retulit
3292 4161 3358 4199 ex
3408 4158 3526 4200 mea

1957 4255 2132 4324 parte,
2161 4244 2294 4300 nihil
2331 4241 2476 4297 aliud
2525 4255 2614 4298 me
2642 4239 2780 4301 velle
2801 4238 3002 4301 exime
3045 4249 3226 4306 agere,
3271 4235 3376 4290 nisi
3403 4234 3533 4288 illud

271 4331 450 4386 libero
498 4345 763 4394 consensu
812 4341 1014 4396 vestro.
1057 4332 1198 4388 sicut
1242 4331 1446 4401 regium
1489 4329 1848 4386 ministerium
1883 4366 1930 4425 υ
1956 4337 2099 4407 quod
2121 4347 2216 4394 vos
2257 4341 2314 4388 et
2350 4332 2504 4400 llugo
2549 4329 2716 4386 abbas
2752 4338 2809 4383 et
2828 4325 3194 4386 Theudoricus
3222 4337 3406 4379 comes
3427 4337 3548 4378 ωε

270 4423 458 4485 decet,
477 4430 531 4477 et
550 4420 704 4490 iuxta
730 4423 955 4492 legalem
983 4438 1047 4480 ac
1074 4422 1373 4494 regularem
1401 4421 1641 4483 formam
1659 4420 1866 4477 electio.

267 4519 604 4580 exsequatur
627 4521 680 4576 et
705 4512 972 4578 ordinatio
991 4521 1349 4584 prosequatur

821 4637 1150 4694 EPISTOLA
1195 4637 1305 4690 XX.

568 4751 632 4790 AD
668 4754 882 4796 ιτωιοειι
921 4751 1220 4794 ιυυογιουιι
1262 4751 1322 4790 111
1362 4748 1556 4824 Illi-1GB“.

465 4847 538 4902 De
562 4848 764 4905 Odacro
791 4853 1022 4904 iuvasore
1061 4848 1308 4902 Ecclesia:
1336 4835 1682 4901 Belvacensis.

837 4961 998 5022 (Apud
1031 4959 1302 5020 eumdem.)

351 5062 592 5119 Domino
619 5064 884 5126 Luoovrco
911 5065 1023 5135 regi
1052 5062 1288 5136 glorioso
1317 5059 1624 5116 “incussus
1650 5059 1862 5128 cpisco.

260 5168 390 5224 pus
408 5168 483 5209 ac
506 5154 674 5224 plebis
694 5158 785 5214 Dei
819 5157 1070 5214 famulus.

344 5244 442 5303 Ex
473 5244 668 5304 litteris
686 5249 855 5320 sigillo
877 5262 1056 5308 vestro
1076 5251 1268 5308 subter
1293 5244 1539 5314 signatis,
1567 5255 1704 5313 quas
1727 5245 1858 5300 mihi

262 5332 560 5392 Warinus
592 5338 814 5392 clericus
848 5341 1024 5392 Idibus
1068 5337 1358 5392 nmsentis
1393 5333 1536 5390 Junii
1565 5335 1766 5388 mensis
1795 5350 1868 5390 ex

1960 4427 2169 4495 terique
2199 4423 2362 4478 vestri
2389 4420 2575 4476 ﬁdeles
2603 4420 2980 4481 decernerent,
3008 4435 3027 4468 ι
3062 4415 3176 4469 scio
3207 4413 3348 4467 istud
3379 4427 3532 4466 mau-

1958 4515 2148 4569 datum
2177 4527 2243 4568 ex
2274 4524 2361 4565 me
2389 4525 2492 4563 non
2541 4506 2898 4577 processisse,
2922 4516 3023 4557 nec
3047 4504 3163 4572 ipse
3206 4499 3378 4554 frater
3401 4496 3538 4552 mihi

1961 4603 2091 4662 talia
2127 4616 2188 4657 se
2211 4599 2413 4655 dixisse
2441 4594 2722 4668 professus;
2743 4602 2845 4650 est.
2879 4591 3117 4648 Remitto
3168 4598 3350 4644 autem
3379 4587 3530 4643 illum

1959 4694 2028 4748 ad
2055 4707 2173 4756 vos,
2199 4699 2258 4746 ut
2278 4704 2459 4744 curam
2483 4684 2733 4742 ﬁdelibus
2761 4683 2976 4748 vestris,
3001 4690 3094 4737 aut
3116 4679 3436 4750 profiteatur
3479 4689 3541 4732 so

1961 4784 2036 4839 ita
2066 4781 2286 4844 dixisse,
2319 4777 2704 4841 autveraciter
2730 4775 2960 4844 deneget
2983 4771 3109 4827 talia
3133 4771 3285 4826 vobis
3313 4783 3382 4824 ex
3417 4779 3538 4820 mea

1963 4883 2117 4944 parte
2144 4887 2251 4927 non
2300 4869 2680 4924 ambasciasse.
2728 4865 2881 4922 Unde
2906 4872 3037 4934 puto
3079 4871 3138 4916 ut
3180 4861 3328 4915 sicut
3358 4857 3542 4944 inuno-

1965 4941 2112 5026 iuinc
2139 4958 2488 5028 interprisutn
2513 4965 2618 5024 est,
2647 4955 2723 5012 ita
2747 4955 2819 5010 sit
2841 4962 2897 5008 et
2937 4952 2990 5006 in
3015 4947 3368 5006 ambasciatu.
3405 4941 3542 5000 Nam

1966 5052 2069 5108 istc
2109 5052 2278 5116 frater
2300 5057 2484 5106 noster
2509 5063 2541 5104 a
2583 5048 2740 5106 vobis
2766 5046 2832 5101 ad
2869 5059 2954 5100 me
2998 5043 3214 5098 rediens
3241 5034 3545 5096 ambasciao

1969 5144 2049 5204 vit
2072 5141 2294 5198 mihiea
2342 5148 2521 5194 vestra
2545 5146 2722 5210 parte,
2753 5146 2812 5190 ut
2837 5135 3029 5205 pedem
3056 5141 3236 5186 meum
3279 5125 3523 5182 basiaret

1970 5242 2256 5306 ctpcterct
2279 5239 2336 5285 ut
2364 5231 2432 5284 ad
2459 5246 2595 5300 opus
2623 5227 2816 5283 Odacri
2844 5226 3164 5278 honorarem
3190 5231 3288 5272 vos
3340 5216 3406 5270 de
3429 5217 3546 5287 cpi.

1972 5329 2156 5392 δεονίο
2185 5324 2524 5381 Beivacensis
2554 5318 2830 5378 Ecciesiae.
2854 5313 2949 5368 Cui
2984 5307 3256 5378 respondi,
3289 5306 3547 5378 quoniam
