4018 5392
553 221 614 325 εἰ
626 274 656 321 9

1487 257 1827 339 illNCMAM
1868 255 2270 316 RIIEMENSIS
2297 257 2820 318 ARCHIEPISCOPI

3705 257 3804 314 (ΞΟ

550 400 704 439 more
746 381 1204 453 praedecessorum
1255 384 1555 432 vestrorum
1612 374 1890 431 honoretis
1937 373 2130 436 Deum,
2159 371 2208 431 A
2235 383 2422 429 contra
2451 375 2664 431 illorum
2693 371 3182 445 consuetudinem),
3217 373 3348 429 nihil
3377 373 3608 444 amplius
3641 373 3804 429 facie-

549 463 939 529 coitsenticndo
969 469 1038 534 ei,
1072 465 1439 524 conservando
1461 472 1661 520 sanctae
1683 463 1936 524 Ecclesia:
1953 479 2016 518 ac
2044 463 2122 533 ip-

546 575 666 618 s.us
700 561 1001 618 rectoribus
1038 559 1182 630 leges
1228 555 1343 624 ejus
1373 555 1464 625 qui
1496 554 1668 610 dixit:
1694 553 2122 623 'I-Ionoriﬁcnntes

552 667 638 707 me
690 648 1049 718 honoriﬁcabo
1118 647 1166 717 (1
1194 644 1320 714 Reg.
1353 661 1416 710 ιι,
1464 644 1580 717 ΖΟ),
1632 643 1778 698 velut
1828 643 1882 697 in
1931 643 2123 697 litteris

550 740 810 812 scriptum
859 740 1087 797 habetur
1112 753 1248 806 quas
1293 751 1388 806 per
1412 751 1535 790 eum
1565 735 1718 789 vobis
1743 734 1937 789 direxi.
1979 733 2124 788 Dixit

552 832 716 887 etiam
771 830 902 884 mihi
955 828 1082 898 quid
1113 827 1178 882 de
1205 826 1484 880 voluntate
1525 825 1765 896 llugonis
1795 824 2008 880 abbatis
2056 837 2123 878 ex

551 921 655 976 hoc
685 920 951 984 dixeritis,
1009 925 1062 972 et
1100 932 1260 988 quam
1303 915 1578 972 moderate
1627 915 1693 977 ad
1741 914 2124 983 interrogatio-

549 1029 671 1070 nem
720 1013 915 1070 exinde
969 1020 1208 1067 vestram
1255 1009 1623 1065 Theodericus
1661 1008 1854 1065 Comes
1902 1022 2125 1078 restion-

543 1105 705 1162 derit.

485 1249 489 1253 .
621 1195 685 1249 V.
728 1194 782 1249 lu
835 1211 899 1250 eo
941 1193 1083 1265 quod
1134 1193 1186 1246 in
1238 1190 1549 1262 primordiis
1602 1191 1904 1244 litterarum
1935 1231 1947 1254 ,
1992 1205 2127 1259 quas

472 1276 478 1281 ’
548 1300 672 1362 post
691 1290 996 1360 praemissas
1048 1287 1339 1357 praedictus
1365 1285 1596 1341 clericus
1639 1284 1768 1340 mihi
1794 1284 1958 1347 dedit,
1991 1283 2126 1338 scri-

542 1391 694 1452 ptum
729 1380 989 1435 habetur:
1017 1398 1033 1430 ι
1073 1378 1129 1432 Si
1160 1378 1312 1432 vobis
1341 1378 1393 1430 in
1421 1376 1762 1431 ordinatione
1792 1375 1990 1430 Odacri
2017 1390 2123 1430 non

529 1459 892 1537 leonsensero,
923 1486 1022 1540 pro
1046 1477 1194 1525 certo
1237 1467 1422 1523 scietis
1451 1482 1556 1521 non
1589 1481 1674 1520 me
1719 1465 1855 1520 velle
1883 1474 2124 1520 vestrum

529 1547 780 1633 Iheuigne
811 1569 1042 1616 tractare
1069 1562 1352 1624 honorem,
1411 1572 1511 1613 nec
1561 1557 1726 1612 decus
1780 1557 2020 1612 debitum
2069 1565 2126 1612 et

542 1655 824 1734 privilegia
869 1653 1330 1724 praedecessorum
1377 1659 1682 1706 vestrorum
1715 1650 1868 1706 vobis
1896 1663 2124 1705 consen-

2227 463 2296 516 tis
2320 473 2515 532 pra-ter
2539 467 2683 536 quod
2707 466 2905 521 factum
2921 465 3153 532 habetis,
3171 465 3344 521 donec
3363 464 3518 520 fratri
3539 473 3728 520 vestro
3753 474 3807 520 et

2225 555 2640 624 consanguineis
2654 555 2849 610 vestris
2872 555 3088 626 regibus
3101 553 3227 608 illud
3243 553 3528 618 mandetis,
3546 563 3806 609 eteorum

2217 641 2554 710 jussionibus
2607 647 2691 703 vel
2739 646 2964 717 imperio
2997 663 3061 702 ac
3107 655 3307 712 vestro,
3361 661 3549 702 omnes
3600 663 3805 702 convo-

2225 745 2417 791 centur
2441 738 2830 810 archiepiscopi
2854 749 2909 795 et
2931 739 3169 810 episcopi
3211 755 3275 794 ex
3298 754 3486 794 eorum
3517 740 3708 810 regnis
3750 747 3806 793 et

2224 840 2427 896 vestro,
2470 839 2524 885 et
2548 832 2626 886 sic
2654 847 2720 887 ex
2752 833 2855 887 hoc
2885 832 3270 888 auctoritativa
3298 831 3593 886 dilliniatur
3641 832 3805 896 ratio,

2223 921 2391 976 vestri
2436 922 2654 977 honoris
2683 924 2940 993 dignitate
2966 924 3143 993 plena,
3182 942 3200 975 ι
3249 939 3344 978 vos
3384 924 3563 978 videte
3607 940 3678 980 ne
3707 941 3806 995 pm

2224 1012 2329 1068 hoc
2355 1012 2544 1068 illicito
2591 1013 2734 1068 facto
2791 1015 3083 1070 canonicas
3123 1015 3436 1070 sustinentis
3479 1015 3802 1080 sententias,

2225 1102 2306 1158 vel
2337 1103 2390 1155 in
2435 1103 2536 1158 hoc
2566 1104 2787 1171 saeculo,
2834 1105 2918 1160 vel
2946 1105 2996 1158 in
3048 1104 3249 1160 futuro.
3307 1105 3440 1160 Nam
3466 1121 3567 1161 nos
3601 1121 3671 1161 ex
3704 1109 3808 1162 hoc

2224 1192 2367 1260 quod
2392 1193 2605 1263 egimus
2632 1209 2738 1248 non
2779 1195 3032 1251 timemus
3072 1211 3258 1252 coram
3285 1196 3712 1268 archiepiscopis
3749 1209 3805 1252 et

2225 1281 2490 1351 episcopis
2522 1281 2747 1338 reddere
2797 1286 3061 1340 rationem
3082 1326 3098 1350 ,
3123 1287 3248 1355 quia
3278 1301 3375 1341 nos
3401 1301 3504 1343 non
3536 1287 3804 1342 habemus

2227 1369 2361 1425 alias
2382 1372 2722 1442 evangelicas
2758 1374 2841 1430 vel
2866 1376 3191 1444 apostolieas
3235 1376 3464 1444 litteras,
3499 1378 3594 1433 sed
3626 1393 3805 1448 neque

2226 1459 2360 1516 alios
2384 1476 2618 1517 canones
2647 1463 2729 1518 vel
2756 1464 2976 1520 decreta
3002 1467 3145 1522 sedis
3175 1467 3429 1524 Romana:
3457 1469 3800 1538 pontiﬁcum,

2226 1567 2326 1606 nec
2352 1553 2517 1607 etiam
2548 1553 2682 1608 alias
2707 1569 2894 1611 sacras
2916 1555 3083 1626 leges,
3108 1559 3307 1627 quibus
3327 1574 3431 1612 una
3457 1573 3581 1613 cum
3602 1560 3806 1614 sanctis

2225 1643 2528 1699 eanonibus
2554 1645 2819 1702 catholica
2856 1649 3168 1704 moderatur
3195 1649 3461 1718 Ecclesia,
3493 1666 3657 1720 quam
3706 1651 3802 1706 illi.

540 1721 644 1800 {ire
674 1721 830 1809 velle,
861 1721 955 1799 sed
985 1743 1036 1798 in
1066 1743 1318 1798 omnibus
1345 1750 1540 1798 vestrae
1574 1741 1734 1795 reniti
1761 1739 2048 1804 voluntati,
2091 1759 2110 1793 ι
2146 1721 2194 1782 Β
2224 1732 2358 1788 Nam
2381 1751 2502 1790 cum
2531 1736 2634 1792 illis
2653 1736 2794 1805 jam,
2821 1748 2876 1794 et
2904 1741 3067 1796 etiam
3091 1742 3144 1795 in
3171 1742 3371 1798 domini
3395 1759 3547 1814 papae
3572 1745 3800 1814 synodo,

543 1837 776 1906 scriptor
827 1843 1006 1890 vester
1052 1843 1105 1890 et
1155 1849 1316 1905 sensu
1380 1841 1435 1888 et
1493 1833 1803 1887 litteratura
1860 1832 2115 1887 mentitus

541 1936 644 1982 est.

615 2019 702 2075 Vl.
745 2020 820 2074 De
849 2019 1050 2074 honore
1108 2019 1558 2090 praedecessorum
1613 2025 1918 2074 vestrorum
1950 2017 2119 2086 impe-

548 2119 788 2164 ratorum
811 2118 865 2163 et
897 2124 1106 2180 regum,
1127 2117 1182 2164 et
1221 2109 1452 2179 qualiter
1479 2107 1758 2178 privilegia
1791 2115 1991 2162 sancta:
2020 2105 2120 2158 Ee-

542 2201 722 2256 clesiae
756 2215 819 2256 ac
852 2211 1121 2256 rectorum
1169 2209 1225 2256 et
1269 2201 1640 2255 ministrorum
1671 2197 2116 2268 ipsiusdecreve-

537 2301 667 2347 runt
697 2299 750 2348 et
775 2301 1252 2358 conservaverunt,
1282 2292 1336 2346 in
1383 2291 1501 2346 aliis
1548 2291 1744 2346 litteris
1793 2288 2120 2346 sufﬁcienter

537 2385 693 2446 vobis
718 2383 955 2448 scribere
985 2383 1163 2439 studui
1188 2400 1202 2437 :
1235 2398 1353 2453 quae
1382 2383 1426 2438 si
1476 2381 1629 2438 vobis
1654 2397 1762 2438 non
1792 2379 2115 2452 profuerint,

538 2491 637 2531 nec
667 2476 821 2544 plura
847 2476 1164 2548 proderunt.

612 2566 720 2621 V.l.
764 2568 841 2626 De
887 2583 952 2624 eo
987 2568 1130 2636 quod
1179 2569 1373 2625 ibidem
1415 2568 1780 2639 subsequitur,
1820 2587 1837 2618 ι
1877 2565 2122 2633 Qualiter

537 2667 728 2712 contra
753 2658 985 2712 similem
1018 2666 1258 2714 vestrum
1286 2660 1546 2715 honorem
1581 2668 1818 2713 vestrum
1847 2655 2120 2711 evludiean

545 2751 682 2804 retis
708 2766 807 2820 pro
835 2750 1059 2812 viribus,
1085 2758 1284 2818 quanto
1309 2750 1480 2821 magis
1502 2757 1712 2818 oportet
1740 2763 1863 2802 eum
1889 2755 2123 2801 eontem-

540 2851 694 2902 nere,
718 2852 804 2892 me
825 2836 1094 2903 videlicet,
1119 2837 1210 2907 qui
1235 2846 1426 2893 vestrae
1447 2836 1636 2894 ditioni
1674 2836 1997 2893 commissus
2036 2850 2122 2890 ve-

538 2933 713 2981 strum
749 2925 984 2995 abjieere
1041 2936 1228 2996 satago
1259 2941 1326 2980 ne
1374 2926 1582 2997 pollens
1628 2924 1918 2996 praevaleat
1948 2926 2118 2981 hono-

539 3032 680 3080 rem,
721 3036 738 3070 ι
788 3017 880 3087 qui
929 3016 1082 3072 vobis
1138 3017 1242 3072 hoc
1297 3017 1538 3073 scribere
1569 3018 1700 3072 mihi
1758 3016 2117 3087 qualicunque

535 3107 787 3163 ministro
814 3106 1014 3162 Christi
1041 3109 1330 3178 persuasit,
1359 3124 1464 3164 non
1494 3109 1630 3164 bene
1656 3109 1964 3173 Dominum,
2017 3123 2111 3163 ne-

538 3212 646 3266 que
676 3195 986 3266 Scripturas
1017 3197 1134 3267 ejus
1161 3198 1430 3269 cognovit.
1461 3197 1615 3254 Sicut
1635 3198 1780 3253 enim
1804 3198 1916 3268 jam
1960 3198 2114 3254 vobis

538 3302 608 3343 ex
639 3286 933 3357 Scripturis
958 3287 1214 3348 divinitus
1259 3289 1531 3360 inspiratis
1575 3289 1829 3355 innotuit,
1859 3289 1966 3346 duo
1991 3297 2117 3344 sunt

540 3379 737 3450 quibus
761 3379 1134 3450 principaliter
1177 3381 1411 3436 mundus
1432 3381 1520 3436 hic
1547 3381 1771 3452 regitur,
1817 3381 2115 3437 auctoritas

539 3484 698 3525 saera
745 3470 1086 3541 pontiﬁcum,
1130 3479 1187 3525 et
1241 3471 1435 3543 regalis
1485 3481 1768 3543 potestas:
1818 3473 1870 3526 in
1920 3473 2116 3542 quibus

541 3571 694 3617 tanto
719 3563 940 3633 gravius
966 3561 1174 3634 pondus
1201 3571 1284 3619 est
1307 3564 1668 3630 sacerdotum,
1700 3573 1904 3634 quiante
1949 3564 2116 3618 etiam

539 3667 641 3722 pro
671 3652 806 3723 ipsis
830 3653 1048 3721 regibus
1070 3653 1351 3709 hominum
1399 3654 1452 3709 in
1481 3655 1664 3711 divino
1703 3654 1964 3711 reddituri
1989 3662 2117 3710 sunt
2167 3705 2169 3708 .

541 3744 790 3812 examine
819 3744 1116 3810 rationem;
1143 3755 1197 3799 et
1225 3743 1508 3815 pontiﬁces
1532 3760 1686 3815 reges
1712 3744 1965 3800 ordinare
1994 3759 2116 3814 pos-

491 3833 498 3839 ’
539 3843 686 3901 sunt,
718 3849 870 3906 reges
918 3845 1098 3890 autem
1144 3837 1428 3904 pontiﬁces
1475 3851 1798 3893 consecrare
1844 3851 1950 3891 non
1989 3850 2115 3906 pos-

541 3934 697 3992 sunt;
748 3935 802 3981 et
831 3925 1176 3995 pontiﬁcibus
1211 3927 1349 3981 dixit
1377 3927 1518 3982 Deus
1542 3942 1557 3980 :
1593 3927 1696 3991 Qui
1726 3945 1813 3982 vos
1835 3928 2005 3992 audit,
2034 3943 2115 3981 me

545 4015 721 4080 audit,
751 4025 797 4068 et
824 4017 913 4085 qui
933 4032 1022 4069 ros
1045 4017 1259 4084 spernit,
1282 4015 1333 4070 id
1358 4026 1440 4070 est
1468 4017 1767 4071 contemnit
1789 4025 1842 4070 et
1864 4017 2112 4086 despicit,

539 4121 624 4159 me
649 4107 930 4161 contemnit
952 4107 1104 4178 (Luc.
1137 4123 1193 4173 x,
1229 4107 1349 4176 lli);
1399 4116 1488 4163 et:
1522 4105 1626 4172 Qui
1651 4117 1984 4161 contemnunt
2011 4123 2114 4171 me,

541 4207 696 4252 erunt
725 4197 975 4268 ignobiles
1006 4196 1056 4269 (1
1087 4197 1211 4267 Reg.
1240 4213 1300 4263 ll,
1330 4197 1443 4268 50).
1475 4196 1592 4252 Non
1650 4212 1779 4268 ergo
1809 4195 2118 4253 debueratis

544 4289 621 4342 ita
671 4287 1030 4343 inverecunde
1067 4289 1427 4358 qualicunque
1464 4289 1704 4357 pontifici
1733 4288 1988 4350 scribere,
2021 4304 2115 4344 ve-

2221 1825 2287 1880 de
2324 1827 2529 1881 sanctis
2565 1827 2864 1898 Scripturis
2911 1838 2966 1885 et
3019 1832 3192 1887 sacris
3229 1831 3430 1901 regulis
3477 1847 3542 1887 ac
3597 1831 3806 1903 legibus

2220 1916 2555 1984 probabilem
2595 1919 2886 1976 habuimus
2921 1922 3209 1978 rationem.

2293 2007 2382 2062 IX.
2427 2008 2578 2074 Quod
2613 2011 2939 2076 mandastis,
2979 2015 3107 2084 quia
3145 2015 3277 2069 nihil
3304 2016 3448 2070 aliud
3475 2030 3543 2071 ex
3569 2016 3663 2071 illo
3693 2017 3795 2071 illi-

2222 2096 2331 2152 cito
2359 2095 2500 2154 facto
2529 2098 2740 2156 facietis
2788 2102 2889 2156 nisi
2935 2105 3078 2172 quod
3128 2103 3327 2160 factum
3357 2105 3568 2161 habetis
3590 2146 3606 2171 ,
3633 2107 3681 2160 si
3713 2122 3802 2161 vos

2222 2205 2328 2246 non
2365 2189 2607 2257 facietis,
2647 2190 2808 2247 faciet
2859 2193 3119 2250 Dominus
3152 2195 3367 2264 quando
3400 2197 3472 2250 illi
3517 2196 3798 2267 placuerit.

2221 2281 2336 2336 Non
2363 2282 2501 2336 vixit
2529 2290 2606 2337 tot
2635 2298 2807 2340 annos
2849 2283 3150 2342 Ludovicus
3178 2287 3470 2356 imperator
3497 2299 3628 2358 quot
3651 2299 3804 2359 pater

2223 2389 2354 2430 suus
2397 2371 2657 2440 Carolus;
2717 2391 2822 2430 non
2872 2377 3007 2431 vixit
3054 2386 3130 2432 tot
3183 2394 3355 2432 annos
3402 2379 3628 2434 Carolus
3675 2395 3802 2434 avus

2222 2472 2402 2518 vester
2431 2474 2564 2533 quot
2588 2480 2760 2520 annos
2789 2475 2945 2536 pater
2982 2481 3112 2522 suus
3140 2469 3307 2535 vixit;
3338 2483 3442 2522 non
3484 2469 3621 2522 vixit
3652 2477 3803 2538 pater

2222 2561 2403 2609 vester
2433 2563 2510 2609 tot
2540 2571 2712 2612 annos
2753 2565 2883 2626 quot
2928 2566 3084 2626 pater
3120 2573 3249 2612 suus
3279 2577 3291 2612 :
3323 2567 3379 2612 et
3407 2559 3626 2628 quando
3650 2559 3803 2613 statis

2225 2645 2278 2699 in
2303 2645 2395 2699 illo
2419 2655 2562 2701 statu
2592 2647 2680 2701 ubi
2709 2662 2844 2701 avus
2873 2657 3052 2702 vester
3078 2656 3131 2702 et
3156 2659 3311 2719 pater
3332 2659 3514 2704 vester
3537 2659 3805 2706 steterunt

2225 2739 2366 2809 apud
2396 2738 2788 2812 Compendium
2809 2781 2823 2806 ,
2858 2741 3115 2798 inclinate
3145 2744 3330 2798 oculos
3357 2745 3445 2799 ubi
3468 2743 3617 2813 jacet
3654 2755 3806 2816 pater

2223 2839 2424 2896 vester,
2457 2839 2512 2885 et
2559 2833 2603 2886 si
2651 2833 2874 2888 nescitis
2899 2875 2913 2900 ,
2946 2834 3274 2906 interrogate
3303 2835 3391 2888 ubi
3424 2845 3672 2891 mortuus
3706 2837 3806 2892 fuit

2199 2934 2202 2938 '
2225 2929 2281 2976 et
2301 2920 2386 2975 ubi
2403 2921 2548 2990 jacet
2571 2939 2703 2979 avus
2724 2934 2926 2991 vester,
2946 2934 3002 2981 et
3023 2941 3128 2980 non
3155 2926 3424 2981 exaltetur
3445 2942 3540 2981 cor
3562 2934 3803 2984 vestrum

2226 3022 2354 3070 ante
2393 3029 2517 3070 eum
2567 3016 2660 3087 qui
2705 3026 2950 3074 mortuus
2977 3018 3078 3073 fuit
3121 3034 3219 3090 pro
3246 3020 3396 3074 vobis
3424 3028 3480 3074 et
3516 3035 3618 3090 pro
3650 3022 3806 3077 nobis

2223 3107 2504 3172 omnibus,
2537 3116 2592 3162 et
2622 3110 2920 3164 resurrexit
2949 3125 2978 3163 a
3018 3111 3248 3165 mortuis
3273 3119 3326 3165 et
3347 3111 3459 3180 jam
3504 3127 3612 3166 non
3641 3115 3805 3168 mori-

2219 3204 2310 3250 tur
2339 3214 2352 3250 :
2386 3205 2440 3253 et
2472 3197 2605 3253 certi
2635 3207 2811 3254 estote
2833 3198 2962 3268 quia
2994 3201 3301 3255 moriemini
3330 3201 3554 3257 nescitis
3581 3218 3690 3272 qua
3719 3203 3804 3258 die

2219 3287 2303 3341 vel
2331 3303 2435 3356 qua
2466 3297 2630 3354 hora;
2663 3296 2719 3343 et
2746 3289 2867 3344 ideo
2908 3303 3130 3345 necesse
3156 3299 3240 3345 est
3269 3299 3323 3345 et
3368 3290 3519 3345 vobis
3548 3300 3605 3346 et
3649 3292 3803 3346 nobis

2219 3379 2475 3434 omnibus
2520 3379 2814 3434 secundum
2860 3380 3267 3435 advocationem
3331 3381 3540 3436 Domini
3587 3390 3805 3450 paratos

2217 3483 2370 3534 esse,
2399 3469 2527 3539 quia
2557 3469 2828 3524 nescimus
2858 3485 2965 3540 qua
2992 3470 3126 3525 hora
3158 3472 3340 3526 veniet
3369 3471 3524 3526 nobis
3563 3472 3685 3526 ﬁnis
3714 3479 3805 3525 :et

2219 3557 2340 3614 ideo
2359 3574 2463 3614 non
2493 3557 2763 3613 exaltetur
2785 3574 2880 3613 cor
2901 3568 3141 3614 vestrum
3166 3570 3357 3614 contra
3383 3575 3504 3614 eum
3525 3601 3540 3624 ,
3567 3560 3621 3614 in
3651 3562 3804 3630 cujus

2218 3664 2383 3708 manu
2411 3649 2521 3703 vita
2565 3649 2788 3720 diesque
2836 3651 3009 3704 nostri
3049 3650 3371 3706 consistunt.
3405 3651 3511 3706 Vos
3536 3650 3646 3705 cito
3675 3651 3803 3706 deﬁ—

2219 3742 2407 3808 cietis,
2434 3751 2491 3798 et
2523 3751 2712 3798 saneta
2761 3742 3001 3797 Ecclesia
3045 3759 3168 3798 cum
3215 3745 3327 3798 suis
3373 3745 3676 3800 rectoribus
3707 3745 3804 3799 sub
3857 3761 3866 3763 -

2219 3831 2437 3888 Christo
2485 3842 2698 3888 rectore
2733 3832 3028 3888 secundum
3075 3834 3492 3904 promissionem
3539 3835 3659 3904 ejus
3685 3850 3805 3905 per-

2219 3924 2461 3979 manebit
2516 3925 2651 3978 sicut
2703 3923 2830 3977 luna
2883 3924 3114 3993 perfecta
3184 3926 3239 3978 in
3307 3935 3558 3980 (uernum
3627 3925 3798 3997 (Psal.

2219 4029 2460 4068 Lxxxvm
2477 4053 2492 4079 ,
2523 4014 2637 4085 58).

2292 4105 2358 4159 X.
2387 4105 2460 4160 De
2479 4121 2544 4162 eo
2565 4104 2708 4176 quod
2732 4105 2930 4162 ibidem
2951 4107 3324 4178 subsequitur:
3353 4126 3371 4160 ι
3401 4107 3627 4177 Insuper
3657 4108 3801 4163 aliud

2221 4196 2418 4252 exinde
2458 4196 2507 4259 si
2537 4196 2838 4252 necessitas
2879 4196 3043 4252 fuerit
3074 4197 3217 4266 quod
3261 4205 3470 4252 rectum
3515 4206 3601 4252 est
3630 4196 3794 4252 facie-

2221 4304 2373 4354 mus,
2409 4307 2428 4340 ›
2464 4296 2524 4343 ιιι
2554 4288 2794 4359 intelligo
2816 4328 2831 4354 ,
2864 4288 2933 4342 ad
2967 4289 3215 4344 timorem
3242 4289 3374 4343 mihi
3408 4289 3796 4353 incutiendum,

547 4390 675 4436 stne
723 4381 912 4437 ditioni
945 4383 1313 4460 commissum,
1353 4383 1476 4450 quia
1527 4381 1668 4437 sicut
1697 4381 1830 4437 dixit
1855 4381 2112 4437 Dominus
2142 4418 2190 4476 Ι)
2221 4388 2486 4450 quatenus
2505 4376 2735 4445 jussioni
2760 4387 2958 4433 vestrm
2983 4378 3108 4433 licet
3132 4379 3338 4434 invitus
3355 4378 3636 4443 obediam,
3668 4378 3799 4433 scri-

544 4472 803 4542 apostolis
837 4473 970 4538 suis,
1023 4488 1252 4542 quorum
1285 4472 1543 4527 minimus
1573 4487 1691 4526 sum
1738 4471 1955 4537 merito,
1990 4486 2111 4526 suc—

525 4553 736 4618 cessor
760 4573 941 4618 autem
968 4562 1144 4620 cilicio
1174 4580 1186 4616 :
1226 4563 1350 4618 Non
1379 4579 1465 4618 vos
1491 4578 1572 4620 me
1613 4560 1861 4632 elegistis,
1903 4561 1994 4616 sed
2019 4578 2112 4631 ego

549 4652 682 4721 elegi
721 4669 808 4707 vos
839 4652 1016 4724 (Joan.
1041 4669 1131 4715 xv,
1182 4653 1294 4723 16),
1325 4653 1400 4706 ita
1432 4661 1486 4706 et
1512 4667 1610 4721 ego
1651 4649 1807 4719 juxta
1837 4651 2114 4705 modulum

540 4757 722 4796 meum
749 4743 938 4798 humili
965 4745 1130 4799 corde
1152 4759 1214 4798 ae
1235 4757 1366 4798 voce
1391 4743 1570 4798 dicere
1595 4758 1812 4813 possum
1841 4760 1853 4796 :
1882 4741 1998 4797 Non
2020 4758 2116 4798 vos

547 4845 638 4886 me
683 4831 920 4903 elegistis
966 4832 1020 4886 in
1054 4831 1368 4901 prmlatione
1396 4831 1670 4895 Ecclesiae,
1720 4831 1814 4886 sed
1861 4847 1962 4902 ego
1989 4846 2113 4886 cum

548 4922 772 4992 collegis
796 4923 929 4978 meis
957 4931 1012 4976 et
1039 4921 1249 4976 caeteris
1274 4921 1366 4976 Dei
1383 4936 1448 4975 ac
1475 4921 1880 4993 progenitorum
1911 4930 2116 4978 vestro-

539 5028 658 5067 rum
681 5012 946 5078 ﬁdelibus,
982 5029 1080 5069 vos
1101 5013 1236 5083 elegi
1265 5013 1331 5066 ad
1365 5015 1603 5082 regimen
1640 5013 1812 5082 regni,
1843 5014 1944 5068 sub
1985 5028 2115 5068 con-

535 5105 746 5161 ditione
769 5105 978 5160 debitas
998 5104 1140 5176 leges
1162 5105 1432 5160 servandi.

606 5204 738 5259 Vili.
771 5205 848 5260 De
890 5221 954 5260 eo
1003 5207 1146 5275 quod
1203 5204 1399 5260 ibidem
1426 5204 1793 5273 subsequitur,
1831 5221 1850 5254 ι
1886 5203 1963 5257 Ex
2011 5204 2114 5258 hoc

541 5297 708 5360 iacto;
753 5296 804 5350 id
832 5306 914 5350 est
961 5299 1086 5366 quia
1124 5297 1336 5352 Odacro
1377 5296 1676 5350 Ecclesiam
1726 5293 2108 5349 Belvacensem

2217 4476 2346 4529 bere
2370 4473 2636 4528 voluistis.
2670 4471 2822 4527 Unde
2851 4471 3153 4541 respondeo
3185 4490 3199 4525 :
3237 4471 3492 4527 Dominus
3535 4471 3666 4524 mihi
3712 4469 3800 4522 ad-

2212 4565 2381 4634 jutor,
2409 4579 2512 4617 non
2536 4563 2721 4617 timebo
2750 4561 2877 4637 quid
2899 4561 3062 4630 faciat
3085 4562 3213 4616 mihi
3240 4562 3394 4621 homo
3423 4559 3597 4632 (Psal.
3617 4577 3761 4616 cxvu
3781 4599 3796 4625 ,

2217 4655 2294 4726 6).
2325 4656 2389 4710 Et
2420 4673 2432 4708 :
2465 4654 2720 4710 Dominus
2745 4653 3059 4708 illuminatio
3088 4671 3201 4708 mea
3230 4663 3279 4708 et
3306 4653 3449 4709 salus
3480 4671 3614 4720 mea,
3645 4670 3794 4724 quem

2216 4747 2443 4801 timebo?
2464 4745 2720 4804 Dominus
2741 4754 2998 4812 protector
3016 4746 3132 4799 vita:
3155 4761 3302 4816 mete,
3319 4763 3351 4799 a
3365 4761 3467 4815 quo
3491 4745 3761 4815 trepidabo
3777 4745 3801 4798 .’

2223 4835 2394 4908 (Psal.
2423 4850 2550 4889 xxvr
2571 4873 2586 4899 ,
2619 4834 2691 4902 l.)
2733 4833 2799 4887 Et
2821 4834 2922 4887 alia
2950 4833 3229 4904 Scriptura
3257 4837 3385 4890 dicit
3416 4853 3430 4888 :
3468 4835 3648 4900 Sortes
3681 4836 3802 4889 mit-

2225 4936 2406 4979 tuntur
2433 4926 2488 4978 in
2522 4924 2727 4989 sinum,
2771 4924 2860 4976 sed
2907 4941 2939 4977 a
2982 4916 3205 4978 Ι)ωηὶηο
3229 4934 3584 4994 temperantur
3615 4922 3795 4996 (Prov.

2225 5031 2348 5080 xvi,
2381 5013 2504 5082 '55);
2541 5022 2598 5068 et
2621 5013 2733 5082 ipse
2761 5013 3020 5067 Dominus
3060 5014 3126 5067 ad
3169 5013 3454 5082 prtesidem
3483 5021 3610 5068 ante
3637 5027 3794 5083 quem

2225 5113 2375 5161 stetit
2400 5089 2419 5158 i:
2451 5102 2576 5158 Non
2611 5104 2859 5168 haberes,
2889 5103 3094 5172 inquit,
3124 5103 3177 5157 in
3205 5119 3286 5156 me
3322 5111 3665 5172 potestatem,
3697 5101 3795 5156 nisi

2222 5197 2312 5252 tibi
2338 5197 2521 5250 datum
2542 5197 2724 5266 [uisset
2747 5197 2968 5266 desuper
2987 5195 3166 5267 (Joan.
3192 5212 3306 5260 tux,
3332 5197 3452 5266 ll);
3481 5203 3536 5250 et
3555 5209 3794 5251 summus

2222 5287 2491 5356 quondam
2521 5285 2880 5356 archangelus
2906 5302 3006 5340 nec
3037 5301 3204 5339 unam.
3235 5285 3501 5340 oviculam
3525 5283 3626 5340 Job
3655 5283 3791 5339 servi

2999 5375 3036 5392 l‘
3135 5375 3147 5388 ο
3203 5389 3210 5392 .
3275 5389 3330 5392 .--
3430 5375 3518 5392 ⁸..-
3570 5384 3611 5392 Α-
3691 5373 3792 5392 “gl
