4046 6284
199 327 317 382 121

1659 321 2040 381 EPlSTOLA'I.

3393 333 3498 386 ηρ

199 440 487 512 largiente
509 453 575 494 ex
604 445 718 494 toto
741 436 904 495 corde
931 438 1180 496 desidero
1206 437 1516 504 videndum,
1541 453 1648 492 non
1671 438 1808 492 meis
1836 443 1882 499 Λ
1914 455 2012 492 nec
2041 439 2450 510 quibuscunque
2481 440 2560 496 vel
2593 455 3040 512 quorumcunque
3083 446 3378 503 terroribus
3409 449 3492 503 vel

202 531 438 585 meritis
460 571 474 594 ,
507 546 628 599 qute
658 530 804 585 nulla
835 531 937 585 nisi
967 530 1105 585 mala
1138 539 1293 595 sunt,
1325 530 1417 583 sed
1447 543 1544 584 sua
1574 527 1809 582 indebita

199 623 598 678 misericordia
626 633 681 678 et
709 624 946 694 gratuita
1000 623 1194 695 gratia.
1230 622 1336 677 Sed
1366 630 1420 677 et
1451 622 1517 676 de
1561 636 1626 676 eo
1665 621 1809 690 quod

199 713 474 779 dixistis,
516 732 535 764 ι
578 713 715 782 Quia
750 714 970 783 insuper
1019 723 1073 770 et
1119 713 1335 794 aliudsi
1373 724 1598 768 necesse
1647 710 1809 766 fuerit

195 805 361 873 quod
395 814 606 860 rectum
635 813 720 859 est
745 803 989 870 facietis,
1032 825 1049 856 ι
1087 806 1387 874 amplector
1416 803 1557 874 quod
1585 803 1810 873 promit-

199 896 353 959 titis,
373 895 519 966 quod
547 905 754 950 rectum
775 904 857 950 est
878 910 1004 965 erga
1031 910 1116 948 me
1138 893 1369 950 facietis.
1401 894 1567 964 lgltur
1605 902 1808 950 rectum

196 993 292 1037 est
312 1025 328 1046 ,
381 993 443 1036 ut
473 982 754 1054 Scriptura
785 985 1051 1049 ostendit,
1083 987 1140 1038 ut
1168 1000 1260 1052 per
1287 1000 1407 1054 qua:
1447 985 1564 1056 quis
1591 995 1804 1054 peccat,

195 1087 300 1140 per
330 1073 445 1125 ha'c
468 1081 515 1124 et
540 1083 844 1142 torqueatur
871 1072 1020 1143 (Sap.
1052 1085 1134 1138 χι,
1164 1072 1274 1142 l7).
1300 1070 1434 1126 Nam
1459 1073 1584 1142 quia
1616 1081 1808 1126 contra

194 1162 575 1232 plurimorum
611 1162 916 1218 voluntates
938 1204 952 1229 ,
983 1172 1038 1219 et
1065 1164 1268 1227 minas,
1309 1173 1472 1232 atque
1502 1164 1807 1234 suggestio-

197 1269 309 1308 nes
329 1293 344 1316 ,
378 1253 433 1307 in
481 1252 750 1309 electione
777 1262 958 1308 vestra
991 1254 1278 1318 consensi,
1321 1261 1450 1323 opto
1481 1262 1535 1307 et
1564 1253 1802 1322 gaudeo,

195 1351 263 1396 ut
322 1342 370 1397 si
425 1342 552 1397 inde
602 1343 856 1411 peccavi,
889 1343 1119 1397 Domino
1157 1344 1534 1411 permittente,
1567 1343 1655 1396 hic
1706 1357 1802 1411 per

197 1448 307 1488 vos
326 1442 383 1488 et
408 1449 516 1488 non
538 1433 590 1487 in
621 1432 803 1488 futuro
825 1449 921 1504 per
943 1434 1226 1488 Dominum
1251 1434 1500 1488 talionem
1521 1435 1799 1504 recipiam,

197 1525 351 1578 sicut
378 1524 614 1595 legimus
641 1525 707 1579 de
736 1535 928 1580 sancto
951 1525 1274 1592 Paschasio,
1305 1527 1394 1596 qui
1427 1541 1523 1596 per
1549 1528 1800 1598 ignoran-

197 1617 344 1670 tiam
395 1631 592 1671 errans
629 1616 680 1670 in
713 1616 992 1687 cujusdam
1026 1618 1290 1674 electione
1320 1621 1614 1675 consensit.

273 1708 372 1762 XI.
403 1709 472 1762 Et
501 1711 756 1780 quoniam
788 1721 1069 1781 tant0pere
1093 1711 1341 1782 satagitis
1364 1713 1429 1765 de
1455 1713 1796 1767 ordinatione

1913 529 2212 594 blanditiis,
2236 546 2300 585 ex
2328 533 2430 586 hac
2451 546 2614 586 causa
2645 533 2782 587 unde
2811 536 3006 604 agitur,
3035 552 3064 590 a
3086 537 3254 592 sacris
3281 537 3491 610 legibus

1911 631 1963 674 et
1992 621 2192 691 regulis
2219 622 2464 678 deviabo.

2433 751 2764 808 EPlSTOLA
2809 752 2928 809 XXI

1910 877 2139 918 CONCILII
2201 878 2546 918 TUSIACENSIS
2608 881 2676 919 Αἰ)
2741 882 2920 922 Βεῆυὶί
2970 884 3490 929 Εοειεειλετιειλιιωι

2018 950 2356 988 ιιιίιινλδοιιεδ
2403 951 2472 989 ΕΤ
2507 951 2575 989 ΔΙ)
2616 951 2892 992 PAUI‘EBUII
2933 955 3294 995 PBEDATORES
3333 956 3382 996 ⁸.

1912 1073 2061 1150 Unde
2106 1086 2153 1150 et
2194 1078 2407 1150 quando
2443 1097 2508 1134 ac
2547 1082 2773 1150 qualiter
2812 1083 3058 1138 acciderit
3100 1093 3154 1137 ut
3202 1101 3281 1138 res
3329 1085 3490 1139 eccle-

1976 1149 2205 1224 siastica:
2244 1148 2470 1204 Domino
2515 1148 2618 1206 sint
2653 1163 2986 1224 consecratur,
3035 1165 3081 1208 et
3126 1164 3381 1224 quantum
3422 1157 3489 1209 sit

1977 1217 2268 1285 periculum
2295 1236 2549 1290 pauperes
2581 1221 2896 1292 depra'dari.

2268 1332 2430 1395 (Apud
2459 1331 2633 1396 Labb.,
2659 1333 2803 1385 Cone.
2832 1342 2947 1383 tom.
2971 1333 3123 1396 Vill.)

1974 1440 2132 1495 Anno
2197 1441 2592 1498 lucarnationis
2654 1445 2947 1500 Dominicze
2995 1446 3132 1510 860,
3193 1446 3487 1503 indictione

1902 1546 1988 1593 Ix,
2047 1548 2099 1586 xu
2140 1532 2406 1588 Kalendas
2451 1533 2820 1600 Novembres,
2863 1547 3050 1592 sancta
3087 1539 3325 1610 synodus
3358 1556 3487 1594 con-

1902 1631 2122 1690 gregata
2157 1621 2210 1676 in
2239 1621 2363 1676 villa
2395 1623 2625 1679 Tusiaco
2659 1625 2928 1680 Tullcnsis
2959 1628 3238 1696 parmene,
3277 1631 3486 1698 episco-

1898 1728 2090 1782 porum
2126 1730 2215 1769 xw
2254 1716 2688 1784 provinciarum,
2722 1717 3160 1786 Lugdunensium
3200 1721 3481 1786 videlicet,

194 1795 405 1852 Odacri
426 1838 439 1859 ,
473 1799 729 1854 mandate
757 1800 886 1854 mihi
917 1810 1128 1870 tempus
1157 1801 1510 1856 constitutum
1531 1843 1544 1866 ,
1579 1803 1796 1872 quando
1829 1789 1874 1850 Β
1903 1805 2440 1878 Rothomagensium,
2495 1807 2910 1874 Turonensiam,
2969 1810 3272 1877 Senonum,
3321 1813 3482 1868 Vien-

196 1887 447 1956 episeopi
480 1886 814 1943 Rbemorum
846 1891 1174 1956 dimceseos,
1223 1893 1317 1947 sed
1363 1902 1420 1946 et
1460 1891 1795 1948 venerabiles

199 1981 448 2051 episcopi
479 1997 542 2034 ac
573 1982 752 2063 dilecti
783 1983 980 2038 fratres
1007 1985 1174 2039 nostri
1201 2027 1214 2050 ,
1245 1987 1336 2055 qui
1366 2002 1394 2041 a
1427 1989 1630 2058 synodo
1655 1988 1796 2057 apud

194 2075 530 2145 martyrium
565 2083 769 2131 saneta:
801 2076 994 2132 Macrte
1044 2078 1226 2133 habita
1257 2079 1323 2133 ad
1355 2096 1452 2136 vos
1481 2097 1602 2135 cum
1640 2081 1792 2136 litte—

194 2165 277 2220 ris
311 2166 508 2221 directi
550 2165 800 2234 fuerunt,
832 2169 1050 2224 valeant
1095 2173 1384 2228 convenire
1429 2174 1494 2228 ad
1543 2176 1793 2231 eumdem

193 2257 390 2312 locum
413 2300 428 2322 ,
461 2269 516 2314 et
557 2259 749 2314 faciam
784 2278 868 2315 me
890 2302 904 2325 ,
938 2262 1045 2315 vita
1078 2272 1132 2317 et
1168 2263 1530 2332 possibilitate
1561 2267 1788 2330 comite,

195 2350 334 2405 illuc
365 2352 577 2406 obviam
622 2354 704 2407 eis
747 2355 985 2422 portari,
1015 2365 1068 2410 et
1101 2356 1281 2410 veniat
1323 2367 1499 2411 vester
1551 2357 1793 2412 0.!acrus

195 2459 322 2497 cum
358 2444 694 2499 electoribus
723 2447 836 2500 suis
882 2447 1000 2502 sive
1046 2447 1339 2516 palatinis,
1386 2449 1500 2502 sive
1539 2449 1792 2504 Ecclesire

192 2532 551 2589 Belvacensis
572 2575 585 2598 ,
616 2544 669 2589 et
713 2537 760 2590 si
807 2537 960 2590 vobis
991 2537 1198 2607 placet,
1231 2538 1392 2592 etiam
1428 2538 1552 2593 illuc
1577 2539 1788 2605 venite,

194 2631 288 2675 aut
316 2623 476 2676 missi
509 2625 705 2687 vestri,
734 2633 789 2678 et
819 2625 1048 2680 Domino
1075 2626 1287 2680 dicente
1322 2645 1334 2678 :
1376 2627 1478 2692 Qui
1504 2644 1604 2680 non
1630 2629 1789 2681 intrat

192 2727 286 2780 per
314 2711 515 2764 ostium
546 2712 600 2765 in
626 2712 757 2767 ovile
783 2714 991 2778 ovium,
1025 2715 1116 2767 sed
1151 2715 1386 2768 ascendit
1426 2715 1671 2781 aliunde,
1703 2716 1788 2771 hic

194 2802 282 2870 fur
311 2812 387 2855 est
411 2814 462 2855 et
491 2801 627 2857 latro
655 2804 836 2875 (Joan.
874 2822 905 2859 Χ
927 2847 940 2870 ,
978 2807 1060 2875 l);
1092 2817 1144 2862 et
1181 2825 1194 2861 :
1233 2807 1337 2874 Qui
1385 2810 1547 2862 intrat
1573 2827 1666 2880 per
1707 2827 1791 2866 os-

195 2892 324 2944 tium
351 2892 407 2945 in
448 2893 584 2946 ovile
615 2896 806 2961 ovium,
849 2897 971 2950 huic
1005 2899 1251 2952 ostiarius
1286 2900 1449 2969 aperit
1492 2901 1669 2972 (ibid.,
1709 2900 1784 2973 '5).

199 2981 347 3053 Ego,
380 2985 563 3056 inquit
585 3026 599 3050 ,
643 3005 758 3042 sum
788 2991 1011 3055 ostium;
1043 3008 1134 3060 per
1164 3009 1244 3046 me
1273 2994 1317 3047 si
1345 2993 1459 3064 quis
1489 2995 1783 3062 introierit,

195 3075 489 3130 satrabitur
529 3078 720 3148 (ibid.,
771 3079 858 3149 9).
923 3080 989 3133 Et
1040 3081 1249 3147 videte,
1295 3092 1390 3136 aut
1432 3097 1529 3152 per
1589 3084 1787 3140 missos

1900 1898 2170 1961 nensium,
2203 1898 2626 1964 Arelatensium,
2670 1898 3080 1968 Vesontionum,
3115 1903 3484 1972 Mogontiacu-

1899 1987 2061 2053 sium,
2111 1988 2623 2059 Agrippinensium,
2672 1990 3057 2057 Trevirorum,
3115 1993 3480 2057 libemorum,

1898 2079 2334 2151 Biturigensium,
2365 2078 2854 2148 Burdigalensium,
2884 2081 3332 2147 Narbonensinm,
3364 2099 3481 2138 etn-

1897 2172 2058 2228 nibus
2088 2173 2181 2227 Dei
2215 2172 2461 2228 ﬁdelibus
2486 2182 2538 2227 ct
2568 2184 2769 2228 sancta:
2799 2174 3055 2231 Ecclesite
3084 2176 3230 2240 ﬁliis,
3261 2177 3324 2230 ad
3347 2192 3482 2245 quos

1897 2264 2014 2319 haec
2038 2265 2232 2319 divina:
2258 2266 2660 2321 constitutionis
2685 2268 2875 2322 notitia
2910 2269 3143 2336 potuerit
3169 2270 3476 2337 pervenire,

1895 2369 2082 2424 pacem
2120 2363 2175 2410 et
2211 2355 2438 2411 salutem
2480 2365 2632 2426 optat
2671 2358 2723 2411 in
2770 2359 3016 2412 Domino.

1965 2443 2108 2500 Deus
2158 2448 2535 2515 omnipotens,
2579 2462 2821 2502 summus
2865 2457 2920 2501 et
2970 2463 3165 2511 verus,
3219 2464 3358 2502 unius
3411 2464 3476 2503 ae

1895 2534 2070 2596 solus,
2109 2535 2269 2589 Pater
2301 2535 2538 2598 scilicet,
2573 2545 2630 2590 et
2665 2535 2852 2600 Filius,
2885 2537 2974 2606 qui
3009 2545 3089 2591 est
3129 2537 3456 2592 consubstan

1894 2625 2023 2682 tiale
2067 2626 2298 2680 Verbum
2340 2626 2456 2695 ejus
2481 2667 2495 2691 ,
2543 2635 2599 2680 et
2643 2627 2922 2695 utriusque
2949 2625 3182 2694 Spiritus
3222 2635 3473 2692 sanctus,

1891 2715 2110 2785 utrique
2136 2727 2436 2770 ceteternus
2462 2729 2526 2768 ac
2555 2715 2873 2783 cozequalis,
2909 2713 3152 2769 Trinitas
3183 2714 3470 2771 inconfusa

1892 2815 2057 2877 atque
2113 2806 2517 2877 inseparabilis,
2577 2806 2668 2876 qui
2726 2807 2873 2861 solus
2925 2806 3088 2859 habet
3140 2807 3463 2862 immortali-

1893 2905 2098 2962 tatem,
2155 2907 2210 2952 et
2267 2897 2442 2952 lucem
2503 2897 2711 2952 habitat
2775 2897 3240 2959 inaecessibilem,
3311 2915 3472 2968 quem

1891 3004 2051 3044 nemo
2085 2988 2362 3043 hominum
2408 2988 2574 3053 vidit,
2610 3003 2708 3044 nec
2737 2988 2920 3043 videre
2947 2998 3160 3057 potest,
3199 3004 3300 3043 nec
3325 2989 3472 3044 loco-

1893 3096 2013 3135 rum
2065 3079 2149 3135 vel
2189 3079 2340 3134 ﬁnito
2385 3079 2469 3133 vel
2513 3078 2723 3133 inﬁnito
2766 3079 2942 3148 spatio
2977 3079 3326 3142 continetur,
3373 3094 3472 3133 nec

195 3174 407 3221 vestros
458 3169 677 3234 audite,
735 3170 779 3222 si
823 3179 1004 3224 vestro
1052 3171 1264 3226 Odacro
1292 3172 1549 3227 ostiarius
1582 3165 1860 3243 aperietC
1897 3177 2201 3238 tempomm
2248 3168 2331 3222 vel
2379 3168 2529 3222 linito
2583 3167 2665 3222 vel
2719 3167 2930 3223 inﬁnito
2985 3168 3258 3243 volumine
3297 3168 3471 3221 varia-

197 3257 400 3311 ostinm
431 3259 591 3313 ovilis
620 3259 733 3324 sui,
759 3268 813 3314 et
835 3261 1000 3315 intret
1033 3277 1257 3316 securus
1279 3304 1292 3327 ,
1322 3271 1381 3317 ut
1407 3263 1629 3318 audiant
1659 3279 1788 3320 oves

193 3362 380 3402 vocem
411 3347 532 3416 ejus
554 3389 568 3413 ,
607 3357 662 3402 et
704 3365 809 3403 non
841 3350 910 3404 sit
939 3352 1323 3412 mercenarius.
1359 3353 1452 3407 sed
1481 3362 1689 3424 pastor,
1733 3365 1787 3410 et

193 3435 440 3492 Et-elesia
470 3439 821 3496 Belvacensis
847 3442 948 3496 sub
981 3446 1319 3500 mercenario
1351 3463 1455 3500 non
1488 3458 1686 3517 gemat.
1721 3448 1787 3502 Et

193 3537 380 3581 notum
413 3529 485 3582 sit
512 3530 688 3593 nobis,
712 3533 806 3585 sed
835 3541 889 3586 et
917 3532 1030 3604 ipse
1055 3533 1296 3590 Odacrus
1317 3551 1416 3606 pro
1439 3547 1593 3592 certo
1619 3539 1779 3604 sciat,

117 3695 126 3700 _
190 3617 315 3686 quia
349 3618 397 3672 si
433 3619 499 3670 ad
533 3635 629 3674 nos
656 3636 762 3677 non
795 3623 1035 3687 venerit,
1073 3633 1127 3679 et
1174 3625 1227 3680 in
1270 3627 1638 3682 obstinatione
1669 3642 1783 3682 sua:

188 3709 664 3776 praevaricationis
691 3727 910 3768 manere
936 3714 1225 3786 delegerit,
1256 3717 1469 3772 dicente
1497 3719 1778 3788 Apostolo,

192 3796 340 3858 Quia
375 3797 586 3849 verbum
622 3798 832 3854 Domini
875 3819 977 3857 non
998 3814 1072 3857 est
1101 3803 1377 3875 alligatum
1411 3806 1500 3877 (II
1531 3807 1662 3861 Tim.
1695 3824 1731 3860 ll
1762 3848 1777 3872 ,

193 3883 254 3951 9)
300 3882 356 3936 in
389 3899 635 3942 sermone
685 3889 933 3958 Domini,
975 3893 1064 3962 qui
1096 3903 1180 3948 est
1221 3895 1362 3949 vivus
1397 3905 1448 3949 et
1479 3896 1662 3965 eﬂicaa:
1686 3937 1700 3961 ,
1731 3906 1778 3951 et

187 3974 571 4041 penetrabilior
594 3982 734 4034 omni
754 3981 932 4051 gladio
960 3984 1178 4054 ancipiti
1206 3983 1392 4056 (Hebr.
1421 4001 1492 4049 tv,
1523 3985 1610 4056 l2)
1630 4027 1643 4051 ,
1679 4002 1778 4041 nos

189 4064 258 4117 ad
287 4079 416 4119 eum
457 4067 683 4136 ibimus,
712 4072 1019 4144 ubicunque
1047 4073 1211 4128 fuerit
1241 4076 1292 4129 in
1325 4075 1618 4132 Rbemensi
1645 4091 1774 4146 pro-

189 4154 369 4209 vincia
395 4196 410 4220 ,
440 4160 659 4228 etquod
683 4163 822 4216 sacri
849 4178 1086 4220 canones
1103 4165 1170 4219 de
1193 4175 1565 4238 contemptore
1595 4183 1696 4224 suo
1721 4178 1778 4226 et

188 4245 449 4304 Ecclesiae
484 4261 674 4306 contra
723 4253 866 4325 leges
895 4266 950 4309 et
977 4256 1194 4326 regulas
1222 4257 1470 4314 invasere
1491 4261 1734 4331 judicant
1755 4301 1769 4325 ,

190 4340 242 4392 in
270 4340 423 4394 illum
447 4343 590 4411 quod
613 4343 678 4397 ad
706 4361 802 4399 nos
825 4347 1062 4418 pertinet
1087 4349 1307 4417 exsequi
1339 4351 1770 4418 procurabimus,

189 4438 246 4483 ut
275 4447 558 4501 nunquam
586 4434 670 4489 vel
700 4417 975 4506 nusquani
1000 4440 1052 4491 in
1084 4438 1377 4494 llhemensi
1404 4441 1685 4512 provincia
1717 4443 1770 4496 in

188 4520 564 4578 ecclesiastico
599 4528 764 4594 gradu
816 4528 1119 4594 ministret,
1164 4539 1218 4584 et
1267 4546 1454 4586 omnes
1483 4533 1548 4587 de
1578 4541 1773 4588 caetero

189 4608 242 4662 in
274 4610 377 4664 hoc
408 4612 482 4666 illi
509 4617 948 4682 eomunicantes,
992 4618 1284 4673 secundum
1327 4635 1513 4675 sacros
1538 4636 1775 4677 canones

190 4699 395 4769 Spiritu
430 4703 643 4759 Domini
666 4709 943 4773 conditos,
976 4718 1030 4763 et
1059 4710 1260 4766 Christi
1287 4711 1547 4780 sanguine
1577 4713 1774 4767 conﬁro

189 4803 402 4858 malos,
434 4799 890 4853 exeommunieati
939 4817 1111 4870 usque
1147 4802 1213 4854 ad
1252 4800 1508 4857 Ecclesia:
1561 4802 1773 4858 satisfa-

188 4886 426 4941 ctionem
457 4898 636 4943 erunt.
683 4889 788 4944 Sed
819 4902 872 4946 et
921 4892 1011 4961 qui
1057 4906 1244 4947 contra
1285 4895 1662 4950 auctoritatem
1710 4911 1774 4950 ac

179 4979 488 5044 rationem,
521 4988 818 5049 contraque
861 4981 1033 5051 ipsam
1081 4999 1234 5038 suam
1280 4984 1540 5051 salutem,
1570 4985 1624 5039 in
1671 4986 1773 5041 hac

188 5084 347 5123 causa
399 5086 498 5124 vos
548 5073 788 5126 stimulat
815 5115 829 5138 ,
867 5075 1004 5129 sicut
1034 5074 1166 5130 dicit
1192 5076 1509 5146 Apostolus,
1545 5079 1770 5147 pertulit

180 5157 443 5224 judicium
468 5161 759 5232 quicunque
789 5172 863 5216 est
890 5163 978 5217 ille
1003 5161 1148 5232 (Gal.
1173 5180 1226 5229 v,
1258 5165 1367 5236 10).
1416 5165 1616 5220 Paulus
1645 5182 1772 5236 apo-

187 5247 357 5301 stolus
411 5250 735 5305 necessitate
783 5251 1127 5321 compulsus,
1177 5253 1393 5322 scripsit
1439 5253 1767 5310 Corinthiis:

188 5331 388 5389 Factus
429 5354 547 5391 sum
593 5340 862 5410 insipiens,
891 5358 979 5397 tos
1008 5358 1088 5396 me
1113 5343 1347 5413 coegistis
1379 5342 1464 5409 (Il
1497 5343 1620 5397 Cor.
1661 5361 1767 5410 xu,

186 5422 305 5491 ll);
352 5434 410 5479 et
437 5442 506 5480 ex
535 5440 738 5497 quanto
767 5431 953 5487 dolore
994 5433 1149 5488 vobis
1179 5433 1627 5503 eompellentibus
1654 5437 1770 5492 haec

186 5516 412 5585 scripsi,
448 5518 540 5575 ille
563 5521 709 5577 videt
737 5523 823 5578 cui
855 5524 1091 5593 gemitus
1120 5539 1274 5578 meus
1299 5539 1404 5578 non
1435 5533 1520 5580 est
1543 5525 1770 5582 abscon-

185 5607 346 5663 ditus.
382 5610 449 5664 Et
480 5613 672 5669 scitote
695 5617 997 5672 certissime
1023 5617 1173 5688 quia,
1200 5616 1429 5672 Domino
1462 5617 1767 5688 adjuvante,

255 5730 275 5756 θ
305 5718 459 5776 tlane
490 5723 768 5792 epistolam
801 5726 1020 5797 scripsit
1047 5725 1368 5784 llincuiarus
1398 5737 1598 5794 noster.

1891 3267 2017 3322 tur;
2090 3273 2268 3328 neque
2325 3259 2470 3311 enim
2526 3264 2610 3312 est
2675 3257 2726 3311 in
2785 3257 2901 3327 ejus
2963 3256 3292 3321 substantia,
3363 3272 3469 3326 qua
3555 3327 3562 3336 Ὁ

1887 3349 2030 3404 Dens
2083 3358 2186 3411 est,
2241 3348 2383 3418 quod
2440 3347 2658 3401 brevius
2704 3347 2777 3400 sit
2828 3348 2879 3401 in
2926 3357 3080 3418 parte
3113 3363 3272 3418 quam
3324 3355 3466 3413 toto;

1887 3439 1977 3510 qui
2010 3439 2126 3492 sine
2154 3437 2308 3492 initio
2357 3446 2442 3490 est
2485 3446 2540 3491 et
2587 3446 2868 3506 permanet
2915 3437 3034 3492 sine
3075 3437 3217 3502 ﬁne,
3258 3437 3466 3492 incom—

1885 3529 2133 3584 mutabili
2175 3529 2479 3584 teternitate
2526 3528 2742 3594 vivens;
2797 3529 3003 3583 creavit
3057 3529 3238 3601 omnia
3285 3527 3464 3592 simul,

1883 3635 1949 3674 ex
1986 3618 2183 3688 quibus
2209 3625 2492 3672 currerent
2523 3628 2762 3687 tempora
2781 3657 2796 3682 ,
2827 3627 2881 3671 et
2920 3618 3274 3686 implerentur
3307 3616 3422 3670 loca
3445 3656 3462 3680 ,

1885 3709 2380 3780 temporalibusque
2403 3716 2458 3762 et
2487 3707 2748 3763 localibus
2779 3721 2957 3762 rerum
2993 3708 3228 3761 motibus
3265 3707 3462 3762 secula

1882 3801 2242 3856 volverentur.
2296 3801 2351 3853 ln
2402 3798 2596 3868 quibus
2646 3797 2808 3852 rebus
2855 3797 3101 3867 quaedam
3152 3797 3453 3866 spiritalia,

1881 3894 2127 3964 quaedam
2181 3891 2520 3962 corporalia,
2569 3889 2805 3945 visibilia
2856 3889 3120 3958 siquidem
3171 3898 3227 3943 et
3271 3888 3460 3944 invisi-

1879 3985 2005 4038 bilia
2035 3983 2276 4038 condidit
2311 4001 2324 4036 :
2362 3982 2603 4037 formans
2640 3982 2943 4045 materiem,
2967 3996 3130 4050 quam
3161 3994 3260 4035 nec
3289 3980 3451 4048 alius,

1878 4088 1981 4128 nec
2026 4068 2224 4137 nullus,
2257 4073 2351 4128 sed
2392 4071 2614 4127 omnino
2668 4070 2782 4140 ipse
2812 4070 3096 4125 informem
3137 4086 3202 4126 ac
3247 4068 3456 4125 forma~

1878 4161 2040 4216 bilem
2071 4160 2326 4226 instituit,
2356 4167 2414 4214 ut
2459 4158 2840 4214 formationem
2869 4173 3023 4212 suam
3054 4173 3160 4212 non
3189 4165 3454 4228 tempore,

1877 4253 1972 4308 sed
2021 4253 2229 4324 origine
2275 4249 2630 4322 praeveniret;
2690 4256 2923 4305 testante
2965 4247 3243 4319 Scriptura
3289 4267 3302 4302 :
3353 4248 3460 4314 Qui

1877 4345 1994 4399 vivit
2023 4345 2078 4399 in
2105 4335 2388 4408 (uernum,
2433 4343 2626 4397 creauit
2659 4342 2838 4396 omnia
2871 4341 3031 4395 simul
3058 4341 3245 4412 (Eccli.
3283 4342 3460 4412 xvm).

1878 4436 1981 4492 Et:
2016 4435 2081 4489 In
2112 4436 2367 4506 principio
2392 4433 2513 4503 fecit
2537 4433 2680 4488 Deus
2705 4433 2888 4488 caelum
2909 4443 2956 4486 et
2983 4444 3175 4487 terram
3201 4431 3353 4504 (Gen.
3385 4433 3460 4504 1);

1877 4536 1933 4582 et
1975 4527 2155 4582 omnia
2185 4540 2349 4595 opera
2391 4540 2488 4580 sua
2527 4525 2666 4579 bona
2695 4524 2877 4588 valde,
2915 4540 3036 4592 qua:
3078 4524 3130 4577 in
3163 4523 3302 4578 cmlo
3338 4533 3464 4578 sunt

1879 4627 1934 4672 et
1971 4633 2091 4686 qua:
2122 4618 2174 4670 in
2220 4626 2384 4670 terra.
2427 4615 2568 4670 Duas
2599 4629 2815 4684 quoque
2856 4615 3047 4670 harum
3081 4616 3454 4668 creaturarum

1879 4722 2102 4762 suarum
2153 4705 2442 4760 rationales
2476 4715 2786 4767 creaturas,
2830 4705 3035 4759 scilicet
3070 4705 3367 4776 angelicam
3400 4713 3457 4759 et

1881 4805 2172 4858 humanam
2194 4842 2208 4864 ,
2244 4799 2494 4871 imaginis
2526 4807 2582 4853 et
2621 4799 2995 4854 similitudinis
3023 4815 3136 4854 suae
3163 4799 3286 4854 dote
3313 4799 3456 4852 dita-

1881 4903 1995 4957 tas,
2043 4907 2164 4946 cum
2219 4890 2390 4945 libero
2439 4889 2667 4945 arbitrio
2718 4889 2988 4953 condidit;
3045 4897 3106 4943 ut
3155 4889 3296 4944 sicut
3345 4887 3458 4956 ipse

1877 5001 1983 5039 non
2009 4984 2355 5047 necessitate,
2384 4982 2476 5037 sed
2519 4990 2709 5035 natura
2741 4989 2826 5035 est
2852 4981 3028 5035 bonus
3051 4988 3104 5035 et
3131 4976 3452 5043 voluntarie,

1875 5086 1931 5132 et
1953 5077 2026 5131 ita
2053 5077 2181 5145 ipsa:
2210 5074 2500 5130 rationales
2522 5082 2784 5128 creatura:
2807 5087 2915 5127 non
2936 5073 3244 5128 constricta:
3268 5083 3454 5124 neces-

1873 5169 2054 5233 sitate,
2079 5167 2172 5222 sed
2207 5165 2361 5220 bona:
2389 5174 2594 5231 essent,
2627 5173 2686 5218 ut
2707 5174 2922 5230 natura,
2948 5164 3019 5218 ita
3042 5173 3097 5218 et
3125 5159 3446 5216 voluntarie.

1872 5259 2008 5326 Quia
2057 5258 2101 5312 si
2151 5257 2288 5312 tales
2334 5264 2518 5312 essent
2559 5263 2618 5310 ut
2657 5255 2841 5310 libera:
2889 5253 3180 5308 voluntatis
3225 5248 3451 5304 arbitrio

1876 5351 2079 5406 malum
2128 5350 2302 5405 vitare
2330 5357 2385 5404 et
2415 5347 2613 5403 bonum
2647 5362 2755 5402 non
2785 5353 3004 5416 possent
3039 5357 3217 5412 agere,
3254 5340 3448 5410 lapidi—

1875 5441 1976 5497 bus
2001 5449 2057 5497 et
2084 5440 2299 5495 caeteris
2333 5439 2495 5494 rebus
2529 5436 2928 5493 insensibilibus
2959 5442 3119 5501 atque
3160 5431 3448 5486 irrationa-

1876 5529 2074 5586 bilibus
2111 5527 2290 5602 potius
2321 5543 2482 5600 quam
2524 5529 2634 5582 Deo
2665 5523 2869 5590 similes
2905 5530 3118 5586 essent,
3163 5530 3218 5576 et
3259 5521 3454 5576 merito
3534 5600 3536 5602 ν

1879 5627 2023 5699 illius
2079 5625 2432 5683 retributione
2481 5627 2761 5683 carerent,
2822 5631 2920 5672 nec
2967 5626 3107 5673 esset
3158 5617 3300 5682 unde
3355 5631 3453 5697 pm
