4046 6284
598 298 700 365 Ιὶὸ

1549 293 1880 354 HINCMARI
1923 286 2315 348 RHEMENSIS
2353 287 2867 344 ABCHIEPISCOPI

3748 290 3854 345 1⁵26

595 424 858 496 qualium
904 419 1194 477 νοιυηωιίε
1235 426 1292 471 ει
1334 414 1564 468 actionis
1611 414 2090 466 remunerare-titur
2137 419 2166 456 a
2195 403 2245 462 A
2274 403 2414 457 bono
2434 403 2906 496 perseverandum,
2929 402 3156 458 liberum
3178 403 3483 471 arbitrium,
3510 407 3682 477 gratia
3709 407 3853 465 libe-

599 515 731 568 Deo.
759 512 860 580 Qui
889 512 1009 566 ideo
1035 510 1208 566 bonus
1231 515 1314 562 est
1337 502 1461 573 quia
1483 503 1614 563 vult,
1640 515 1746 555 non
1770 500 1896 569 quia
1918 497 2162 568 cogitur;

594 602 796 671 quique
834 600 1030 654 bonum
1083 595 1218 650 velle
1273 609 1376 648 non
1420 608 1486 648 ex
1529 590 1828 653 accidenti,
1884 590 1978 645 sed
2024 596 2083 642 ut
2111 597 2168 646 et

597 704 772 749 bonus
797 701 852 746 et
872 691 1211 760 omnipotens
1264 696 1410 741 esset
1435 685 1794 741 essentialiter
1817 683 1999 738 habet.
2033 681 2163 746 Cui,

594 785 886 841 secundum
927 784 1282 852 quorumdam
1323 779 1661 849 opinionem,
1716 776 1997 830 sententiae
2057 789 2162 828 non

595 884 861 948 repugnat
907 873 1048 944 quod
1112 873 1244 928 dicit
1287 871 1576 941 Apostolus
1625 889 1637 924 :
1685 869 1923 938 Seipsum
1977 883 2166 938 negare

590 983 695 1020 non
727 974 892 1035 potest
933 964 990 1034 (1
1039 964 1172 1018 Tim.
1218 964 1307 1034 ll).
1353 963 1523 1018 Porro
1577 978 1677 1018 nec
1712 976 1981 1031 peccare,
2063 975 2166 1040 nec

588 1057 727 1112 mori
759 1066 956 1127 potest.
997 1053 1064 1110 Et
1102 1065 1278 1110 tamen
1325 1069 1428 1108 non
1468 1054 1604 1109 falso
1641 1054 1862 1124 angelus
1884 1063 1940 1107 et
1969 1055 2160 1116 hamo,

587 1146 678 1216 qui
715 1155 940 1215 potuere
976 1161 1235 1214 peccare,
1273 1145 1520 1214 imaginis
1559 1153 1614 1198 et
1654 1143 2021 1199 similitudinis
2047 1145 2164 1214 ejus

589 1237 852 1306 dignitate
878 1236 1062 1291 donati
1101 1236 1371 1305 leguntur.
1405 1235 1540 1303 Quia
1573 1237 1716 1290 aliud
1745 1245 1831 1291 est
1869 1236 2164 1291 similitudo

587 1334 644 1380 et
673 1325 817 1379 aliud
857 1324 1191 1395 signaculum
1234 1325 1633 1390 similitudinis,
1681 1333 1737 1380 et
1781 1326 1924 1380 aliud
1975 1325 2160 1396 imagi-

592 1431 717 1472 nem
757 1431 876 1472 esse
903 1423 958 1470 et
985 1415 1127 1471 aliud
1169 1416 1236 1470 ad
1279 1416 1565 1486 imaginem
1599 1418 1799 1471 factum
1827 1429 1964 1471 esse.
2006 1415 2163 1471 Solus

587 1504 786 1575 quippe
825 1505 1304 1560 consubstantialis
1354 1504 1522 1559 Filius
1574 1504 1937 1560 essentialiter
1984 1505 2162 1574 imago

585 1596 872 1651 invisibilis
922 1604 977 1650 et
1017 1595 1273 1666 splendor
1318 1603 1372 1649 et
1398 1595 1565 1666 ﬁgura
1601 1605 1683 1651 est
1722 1597 2038 1652 substantiae
2066 1598 2158 1652 Dei

583 1683 782 1740 Patris.
837 1684 928 1740 Sic
978 1686 1044 1740 ad
1093 1683 1492 1755 Omnipotentis
1546 1685 1649 1740 hoc
1695 1686 1780 1740 vel
1824 1687 1996 1757 magis
2045 1701 2160 1741 om-

2274 501 2468 559 ratum,
2494 502 2548 547 et
2576 493 2748 565 gratia
2769 494 2834 547 de
2851 504 3104 564 corrupto
3119 504 3389 560 sanatum,
3411 499 3584 568 gratia
3600 514 3848 569 praeven-

2271 591 2415 647 tum,
2457 583 2695 652 adjutum
2725 590 2780 640 et
2808 584 3195 640 coronandum.
3222 584 3268 638 Α
3307 589 3449 642 bono
3491 593 3669 641 autem
3710 587 3848 645 deﬁ-

2268 673 2438 737 ciens,
2465 683 2519 728 et
2548 673 2601 726 in
2629 672 2772 727 malo
2797 673 3082 742 proticiens
3113 676 3290 738 homo,
3321 686 3441 746 post
3467 693 3651 733 casum
3677 679 3842 748 primi

2267 767 2504 822 hominis
2544 766 2705 821 habet
2733 765 3018 821 arbitrium
3067 767 3319 833 liberum,
3362 769 3574 825 scilicet
3612 768 3850 838 justitia:

2267 857 2517 918 liberum,
2571 859 2777 926 peccati
2809 865 3024 912 servum
3067 875 3220 929 :quo
3264 861 3355 930 qui
3401 876 3461 916 se
3504 862 3757 934 elongant
3809 879 3845 918 ι

2249 947 2376 1010 Deo
2421 947 2632 1001 volente
2673 960 3002 1018 congregare
3050 947 3189 1003 filios
3233 949 3463 1005 nolentis
3511 949 3839 1016 Jerusalem,

2263 1036 2534 1106 peribunt.
2571 1033 2724 1092 Unde
2749 1038 2872 1107 quia
2921 1038 3093 1108 gratia
3139 1037 3232 1093 Dei
3260 1047 3365 1104 est,
3412 1039 3651 1096 salvetur
3680 1058 3842 1097 mun-

2265 1126 2401 1190 dus;
2448 1135 2504 1180 et
2540 1127 2663 1196 quia
2704 1127 2844 1182 inest
2885 1128 3112 1184 liberum
3155 1131 3438 1186 arbitrium
3483 1133 3708 1195 homini,
3745 1133 3841 1202 ju-

2265 1215 2530 1270 dieabitur
2555 1217 2805 1272 mundus.
2835 1217 2913 1270 Ex
2937 1218 3021 1272 his
3048 1233 3282 1290 namque
3311 1220 3664 1277 rationalibus
3685 1237 3842 1277 crea-

2265 1306 2418 1365 turis.
2453 1304 2693 1374 angelica
2729 1306 2974 1361 videlicet
3017 1317 3071 1362 et
3119 1309 3375 1374 humana,
3421 1309 3638 1379 angelos
3666 1311 3734 1366 ad
3777 1326 3842 1365 se

2262 1396 2693 1466 cognoscendum
2758 1404 2922 1466 atque
2973 1407 3232 1466 perpetuo
3309 1399 3724 1455 collaudandum
3781 1402 3840 1455 iu

2262 1485 2468 1542 caelesti
2491 1486 2660 1557 gloria
2687 1486 2986 1542 collocavit.
3019 1488 3170 1544 Unde
3193 1503 3321 1559 pars
3347 1491 3592 1561 quadam
3619 1492 3844 1562 angelo-

2261 1594 2382 1634 rum
2401 1594 2468 1650 e‘x
2484 1579 2728 1650 superbia
2753 1579 2997 1634 debriata
3020 1596 3114 1648 per
3137 1580 3365 1636 liberum
3387 1582 3669 1636 arbitrium
3695 1583 3840 1637 ceci-

2265 1669 2362 1734 dit,
2388 1668 2478 1740 qui
2525 1669 2862 1738 appellantur
2904 1669 3139 1737 diaboli;
3169 1679 3224 1726 et
3245 1671 3378 1726 tales
3408 1687 3506 1727 suo
3541 1673 3672 1727 vitio
3704 1681 3834 1727 sunt

581 1773 934 1841 ηεροιοηιίωη
982 1775 1248 1842 pertinet,
1286 1774 1412 1842 quia
1456 1773 1598 1829 aliud
1628 1791 1736 1830 ηοη
1773 1755 1951 1846 ροιεεί
1993 1789 2158 1846 quam
2189 1755 2234 1815 B
2261 1759 2460 1826 allecti,
2484 1759 2669 1828 utjam
2685 1775 2792 1815 non
2819 1760 2987 1816 velint
3005 1776 3105 1816 nec
3118 1762 3519 1832 possintmeriti
3541 1779 3659 1819 esse
3681 1763 3833 1818 boni.

583 1865 784 1917 bonum
822 1865 975 1928 velle,
1019 1875 1074 1920 et
1121 1865 1264 1920 aliud
1303 1882 1467 1936 quam
1508 1867 1681 1922 bonus
1721 1877 1778 1923 et
1819 1870 2162 1939 omnipotens

581 1969 730 2018 esse,
787 1964 843 2008 et
897 1957 1132 2025 seipsum
1188 1973 1426 2028 negare,
1486 1974 1715 2028 peccare
1767 1975 2017 2031 quoque,
2076 1961 2164 2016 vel

585 2047 742 2108 mori,
793 2049 1010 2113 mutari,
1060 2048 1192 2112 falli,
1240 2051 1408 2105 miser
1453 2051 1590 2116 fieri,
1623 2067 1717 2106 seu
1748 2053 1894 2108 vinci
1923 2069 2028 2108 non
2063 2071 2160 2124 po-

581 2144 706 2191 test.
758 2135 880 2192 Hmc
913 2147 1075 2208 atque
1137 2139 1441 2208 hujusmodi
1488 2143 1629 2196 absit
1667 2151 1726 2196 ut
1773 2145 1941 2211 possit
1975 2143 2161 2200 Omni-

579 2233 790 2292 potens.
847 2225 950 2290 Se;.l
1003 2229 1126 2298 quia
1179 2244 1285 2283 non
1334 2229 1480 2294 vult,
1528 2243 1633 2285 non
1672 2240 1883 2301 potest,
1943 2233 2068 2302 quia
2105 2242 2161 2288 et

579 2314 712 2368 velle
762 2331 867 2370 non
909 2327 1104 2387 potest.
1155 2318 1270 2373 Non
1328 2321 1473 2374 enim
1532 2330 1710 2390 potest
1758 2323 1969 2392 justitia
2022 2324 2158 2380 velle

575 2402 755 2460 facere
784 2407 926 2475 quod
957 2406 1212 2474 mjustum
1259 2417 1370 2473 est,
1423 2421 1516 2463 aut
1546 2411 1811 2480 sapientia
1844 2411 1982 2468 velle
2011 2415 2155 2482 quod

577 2495 802 2550 stultum
853 2506 968 2563 est,
1028 2507 1122 2553 aut
1176 2501 1380 2556 veritas
1424 2502 1562 2556 velle
1615 2503 1757 2572 quod
1813 2501 2008 2558 falsqu
2048 2513 2150 2561 est.

574 2590 652 2645 Ac
678 2607 776 2660 per
813 2593 916 2647 hoc
946 2608 1050 2647 non
1079 2595 1254 2650 solum
1281 2598 1519 2652 ostendit
1550 2599 1752 2654 veritas
1795 2599 2152 2669 Omnipotenv

574 2686 682 2731 tem
714 2693 820 2732 non
851 2695 972 2735 esse
1013 2684 1154 2751 quod
1181 2685 1280 2738 ista
1313 2701 1418 2740 non
1445 2687 1647 2754 possit,
1689 2688 1782 2742 sed
1811 2689 1974 2743 etiam
2004 2689 2151 2760 cogit

574 2769 778 2824 veritas
833 2771 1260 2841 omnipotentem
1310 2783 1414 2829 non
1472 2792 1593 2831 esse
1641 2778 1734 2847 qui
1787 2779 1903 2833 lucc
1955 2779 2144 2849 possit.

579 2855 771 2913 Volens
807 2860 950 2914 enim
980 2870 1065 2916 est
1102 2863 1244 2918 Deus
1269 2864 1528 2934 quidquid
1555 2875 1639 2921 est
1668 2885 1680 2920 :
1722 2875 1958 2923 aeternus
1995 2884 2146 2940 ergo,

572 2958 629 3005 et
667 2951 1138 3017 incommutabilis,
1185 2962 1242 3009 et
1276 2970 1461 3022 verax,
1486 2964 1542 3011 et
1567 2956 1794 3024 beatus,
1839 2966 1894 3014 et
1929 2959 2149 3030 insupe-

573 3041 763 3096 rabilis
794 3043 982 3098 volens
1031 3053 1132 3100 est.
1185 3043 1244 3100 Si
1281 3061 1411 3117 ergo
1449 3056 1630 3117 potest
1675 3063 1796 3103 esse
1849 3049 1990 3118 quod
2038 3065 2144 3104 non

2266 1849 2417 1906 Sicut
2452 1859 2506 1906 et
2529 1850 2600 1904 illi
2627 1851 2719 1919 qui
2764 1865 2862 1919 per
2885 1850 3110 1905 liberum
3157 1851 3444 1906 arbitrium
3471 1852 3525 1905 in
3557 1851 3836 1906 voluntate

2263 1943 2570 2001 Conditoris
2585 1952 3022 2014 permanserunt,
3039 1943 3205 2012 ipsius
3217 1944 3388 2013 gratia
3409 1952 3464 1998 et
3477 1943 3839 2000 retributione

2250 2034 2478 2105 justitite
2497 2042 2822 2105 acceperunt
2843 2034 2896 2088 in
2918 2049 3138 2090 munere
3153 2035 3292 2105 quod
3313 2034 3556 2099 Creator,
3583 2034 3741 2104 cujus
3759 2037 3834 2090 si-

2262 2125 2546 2196 gnaculum
2577 2124 2945 2180 similitudinis
2972 2132 3112 2188 sunt,
3142 2126 3305 2180 habet
3348 2127 3585 2180 essentia
3629 2137 3690 2180 ut
3728 2142 3836 2182 non

2260 2215 2426 2270 velint
2454 2230 2552 2269 nec
2586 2213 2800 2269 valeant
2829 2230 2948 2269 esse
2990 2215 3135 2268 mali.
3163 2214 3443 2270 Hominem
3480 2232 3610 2271 vero
3651 2216 3833 2286 opifex

2261 2307 2402 2360 Deus
2425 2320 2650 2374 corpore
2672 2307 2737 2360 de
2756 2305 2884 2359 limo
2910 2313 3066 2360 terra:
3099 2304 3370 2370 formavit,
3395 2306 3480 2360 cui
3510 2307 3745 2361 animam
3769 2309 3838 2363 de

2258 2395 2785 2466 incomprehensibili
2848 2395 3002 2450 nobis
3075 2411 3187 2450 suae
3238 2396 3454 2451 virtutis
3509 2411 3718 2466 opere,
3777 2398 3832 2453 in

2257 2487 2498 2542 moribus
2524 2496 2578 2541 et
2608 2488 2908 2542 aeternitate
2938 2487 3003 2541 ad
3041 2486 3325 2558 imaginem
3357 2495 3411 2542 et
3428 2487 3832 2542 similitudinem

2255 2593 2407 2634 suam
2439 2579 2731 2642 conditam,
2764 2577 2818 2630 in
2843 2591 2970 2645 qua,
3003 2576 3260 2632 interiore
3289 2576 3543 2632 videlicet
3590 2575 3833 2641 homine,

2254 2684 2353 2740 per
2381 2669 2537 2724 tidem
2586 2671 2638 2722 in
2676 2667 2831 2722 nobis
2877 2667 3103 2731 habitat,
3138 2665 3444 2722 insufllavit.
3474 2667 3531 2722 In
3579 2682 3686 2736 quo
3729 2668 3831 2721 etsi

2254 2765 2492 2817 exterior
2542 2761 2702 2814 homo
2738 2767 2924 2830 noster
2965 2759 3362 2828 corrumpitur,
3394 2773 3715 2813 renovamur
3747 2757 3832 2810 in-

2253 2852 2480 2908 duentes
2527 2867 2723 2907 novum
2773 2851 3045 2905 hominem
3076 2891 3091 2915 ,
3149 2849 3241 2919 qui
3304 2850 3598 2906 scentulum
3665 2849 3831 2904 Deum

2252 2951 2468 2998 creatus
2510 2949 2596 2998 est
2634 2942 2687 2996 in
2710 2940 2944 3010 justitia,
2979 2949 3037 2994 et
3061 2940 3369 3005 sanctitate,
3407 2950 3462 2994 et
3494 2941 3738 2996 veritate.
3769 2941 3836 2996 Et

2254 3031 2452 3088 factum
2499 3034 2747 3089 eumdem
2778 3032 3010 3102 primum
3059 3032 3326 3086 hominem
3369 3031 3424 3087 in
3472 3033 3706 3087 animam
3755 3032 3835 3086 vi-

572 3135 717 3199 vult,
759 3137 1102 3206 omnipotens
1135 3152 1239 3192 non
1267 3109 1399 3194 estw;
1449 3109 1532 3195 ὲει
1557 3149 1734 3195 autem
1780 3109 2143 3210 οηιξιίροιρηε,
2174 3109 2219 3171 C
2253 3134 2486 3190 ventem,
2520 3125 2573 3178 id
2602 3133 2686 3180 est
2733 3123 2933 3178 factam
2975 3124 3211 3178 animam
3259 3123 3594 3187 rationalem,
3635 3123 3836 3182 factam

463 3287 468 3294 ,
570 3239 700 3295 ergo
739 3227 998 3296 quidquid
1029 3228 1140 3283 vult
1169 3237 1384 3299 potest:
1431 3237 1486 3285 et
1528 3231 1648 3285 ideo
1687 3233 1830 3301 quod
1883 3247 1990 3286 non
2033 3232 2149 3286 vult

573 3330 694 3369 esse
723 3331 826 3371 non
855 3325 1053 3386 potest,
1091 3320 1183 3387 qui
1215 3328 1500 3389 propterea
1535 3321 1735 3375 dicitur
1763 3321 2141 3392 Omnipotens,

573 3406 825 3474 quoniam
856 3407 1116 3476 quidquid
1161 3409 1275 3462 vult
1320 3418 1516 3479 potest.
1562 3411 1637 3466 De
1664 3427 1770 3480 quo
1816 3417 1871 3467 et
1909 3412 2148 3480 psalmus

574 3493 702 3547 dicit
747 3511 760 3547 :
794 3493 860 3548 In
886 3495 1011 3550 caelo
1051 3507 1098 3550 et
1144 3498 1199 3551 in
1235 3510 1376 3552 terra
1413 3501 1589 3553 omnia
1629 3516 1948 3570 quacunque
1985 3501 2148 3555 voluit

583 3583 706 3653 fecit
733 3583 902 3654 (Ptol.
934 3589 1174 3660 cxxxtv).
1202 3587 1346 3644 Nihil
1373 3590 1516 3645 enim
1555 3591 1609 3645 in
1642 3589 1780 3646 cmlo
1807 3591 1892 3645 vel
1922 3591 1972 3645 in
2005 3599 2149 3646 terra

571 3677 652 3744 llt,
680 3679 782 3734 nisi
809 3681 953 3751 quod
995 3682 1110 3752 ipse
1137 3689 1233 3736 aut
1260 3682 1526 3753 propitius
1554 3681 1703 3749 facit,
1735 3691 1831 3738 aut
1865 3681 1981 3738 fieri
2005 3683 2150 3752 juste

571 3769 860 3839 permittit.
911 3771 1013 3840 Qui
1067 3773 1180 3827 vult
1226 3787 1419 3830 omnes
1473 3774 1723 3831 homines
1769 3775 1946 3832 salvos
1993 3774 2145 3839 fieri,

571 3867 627 3913 et
665 3863 933 3916 neminem
964 3863 1079 3917 vult
1125 3865 1321 3932 perire.
1363 3865 1469 3920 Sed
1513 3865 1696 3935 justus
1744 3867 2003 3922 Dominus
2037 3866 2150 3935 jus-

576 3950 751 4002 titiam
783 3950 1043 4020 diligens,
1075 3959 1131 4006 et
1159 3952 1495 4020 iniquitatem
1527 3971 1634 4009 non
1669 3956 1876 4019 volens,
1911 3957 1989 4011 eis
2013 3969 2150 4026 quos

574 4041 642 4094 ad
704 4041 991 4110 imaginem
1045 4049 1100 4094 et
1133 4040 1563 4097 tsimilitudinem
1615 4059 1771 4098 suam
1827 4044 1990 4109 fecit,
2048 4059 2150 4099 nec

573 4137 696 4198 post
746 4129 905 4199 primi
954 4129 1186 4184 hominis
1236 4145 1419 4186 casum
1475 4131 1590 4185 vult
1643 4132 1832 4186 tollere
1879 4132 2150 4186 violenter

571 4233 684 4273 sua:
719 4219 1010 4274 voluntatis
1037 4219 1320 4275 arbitrium
1368 4221 1638 4285 liberum;
1688 4222 1884 4290 quibus
1925 4223 2150 4280 reddere

574 4318 798 4379 paratus
849 4319 934 4365 est
984 4310 1273 4376 meritum,
1323 4321 1385 4366 ut
1432 4311 1709 4381 Scriptura
1764 4313 2145 4368 demonstrat:

575 4398 705 4464 Quis
731 4408 824 4462 est,
844 4399 1107 4469 inquiens,
1129 4401 1381 4471 homoqni
1399 4400 1505 4455 vult
1521 4402 1675 4456 vitam
1695 4399 1904 4473 ?(Psal.
1924 4405 2144 4476 xxxm.)

576 4489 646 4542 Et
680 4505 744 4544 ac
779 4490 824 4544 si
872 4491 1218 4560 respondenti
1259 4511 1272 4546 :
1317 4492 1452 4564 Ego,
1512 4493 1770 4548 Dominus
1815 4494 1990 4550 dicit:
2045 4495 2143 4549 Di-

572 4587 710 4632 verle
750 4596 783 4632 a
828 4579 998 4645 malo,
1049 4592 1098 4635 et
1142 4581 1227 4651 {ac
1277 4583 1484 4638 bonum.
1515 4583 1690 4656 (ibid.)
1738 4585 1804 4639 Et
1849 4601 1882 4640 e
1929 4588 2146 4658 regione

570 4669 761 4725 volens
807 4669 1004 4725 salvari
1063 4673 1194 4727 dicit
1246 4688 1261 4726 :
1325 4673 1633 4729 Voluntaria
1684 4677 1994 4746 sacriﬁcabo
2051 4679 2145 4733 tibi

571 4759 754 4831 (Ptol.
800 4762 950 4832 un).
990 4761 1055 4817 Et
1105 4781 1117 4817 :
1169 4763 1255 4817 Ea:
1291 4765 1556 4820 voluntate
1599 4781 1713 4822 mea
1754 4768 2040 4838 confitebor
2067 4771 2146 4826 illi

569 4850 744 4924 (Psal.
773 4853 966 4924 xxvii).
993 4854 1068 4908 De
1092 4869 1198 4924 quo
1228 4856 1487 4925 scriptum
1517 4866 1600 4912 est
1629 4875 1644 4912 :
1679 4857 1818 4923 Quia
1838 4876 1940 4914 non
1975 4863 2147 4930 priva-

571 4942 640 4995 bit
658 4942 802 4997 benis
820 4959 908 4996 eos
922 4945 1011 5013 qui
1027 4943 1297 4998 ambulant
1311 4945 1364 4999 in
1383 4945 1678 5002 innocentia
1693 4946 1862 5018 (Ptol.
1890 4956 2140 5021 Lxxxm).

571 5032 642 5088 Ut
682 5045 862 5089 autem
905 5034 1243 5090 ambulantes
1285 5036 1558 5092 ambulent
1602 5047 1657 5093 et
1698 5049 2046 5108 perseverent
2089 5042 2142 5096 in

570 5125 902 5190 innocentia,
945 5131 1100 5178 sanat
1133 5132 1190 5178 et
1219 5122 1438 5194 adjuvat
1480 5141 1665 5181 eorum
1711 5128 1992 5184 arbitrium
2023 5147 2146 5201 gra-
2189 5183 2198 5199 ,

571 5215 644 5269 tia
670 5257 684 5279 ,
723 5224 1013 5270 attestante
1054 5216 1310 5285 Apostolo
1341 5235 1354 5271 :
1389 5214 1574 5272 Gratia
1625 5219 1720 5273 Dei
1766 5221 1820 5275 in
1858 5237 1938 5276 me
1983 5239 2146 5278 vacua

573 5323 676 5360 non
712 5307 833 5375 fuit,
878 5309 968 5363 sed
1013 5307 1369 5362 abundantius
1415 5309 1523 5364 illis
1569 5312 1809 5366 omnibus
1856 5313 2090 5369 laboravi
2126 5328 2145 5367 :

571 5412 674 5450 non
701 5408 874 5452 autem
919 5415 1032 5470 ego,
1065 5399 1154 5454 sed
1189 5401 1361 5470 gratia
1406 5399 1504 5456 Dei
1530 5413 1729 5457 mecum
1773 5403 1824 5473 (I
1874 5405 1997 5460 Cor.
2030 5407 2139 5477 xv).

641 5487 845 5552 Quibus
865 5500 922 5544 et
952 5491 1072 5546 aliis
1103 5491 1394 5562 Scripturae
1423 5495 1724 5561 sententiis,
1749 5497 2004 5566 quoniam
2019 5508 2140 5568 post

571 5591 754 5631 casum
771 5580 928 5647 primi
947 5581 1179 5638 hominis
1201 5583 1336 5639 inest
1369 5583 1573 5640 homini
1591 5585 1658 5639 ad
1681 5584 1818 5641 bene
1835 5587 2141 5653 volendum,

573 5677 628 5721 et
649 5668 714 5722 ad
757 5667 954 5726 bonum
979 5671 1360 5742 incipiendum,
1394 5683 1449 5729 ct
1476 5674 1860 5745 perliciendum
1889 5685 2048 5748 atque
2089 5677 2140 5732 in

2251 3231 2467 3271 carnem
2491 3217 2876 3281 vivificantem,
2908 3226 3070 3286 atque
3096 3218 3148 3271 in
3193 3217 3402 3272 duabus
3429 3227 3483 3272 et
3509 3233 3576 3272 ex
3601 3219 3833 3283 duabus,

2249 3310 2458 3365 scilicet
2499 3309 2723 3380 spiritus
2767 3325 2833 3365 ac
2879 3309 2995 3374 luti,
3033 3309 3350 3365 substantiis
3379 3310 3431 3364 in
3465 3312 3671 3365 unitate
3706 3327 3822 3381 per-

2249 3416 2395 3456 sonae
2443 3401 2850 3466 subsistentem,
2894 3401 2947 3456 in
3003 3401 3258 3472 paradiso
3299 3402 3637 3468 deliciarum,
3667 3419 3833 3475 quem

2249 3491 2582 3560 plantaverat
2620 3493 2688 3548 ab
2730 3492 2916 3553 initio.
2963 3494 3176 3562 posuit,
3226 3501 3285 3547 ut
3323 3501 3639 3564 operaretur
3682 3509 3832 3560 eum,

2251 3586 2334 3640 vel
2382 3586 2436 3639 in
2461 3599 2548 3650 eo,
2578 3585 2719 3640 sicut
2760 3593 2816 3639 et
2857 3599 2978 3654 qua:
3024 3585 3075 3639 ei
3125 3586 3404 3655 praecepit,
3449 3593 3506 3640 et
3537 3586 3836 3642 custodiret

2253 3692 2320 3732 ne
2347 3676 2437 3730 illa
2466 3676 2777 3731 admitteret
2825 3692 2945 3747 quae
2972 3684 3027 3730 et
3074 3676 3216 3731 sicut
3267 3677 3339 3730 illi
3389 3677 3684 3746 prohibuit.
3733 3676 3830 3733 Cui

2253 3783 2319 3824 ex
2370 3769 2538 3824 latere
2603 3767 2888 3822 fabricavit
2953 3767 3276 3832 mulierem,
3335 3768 3464 3822 dum
3520 3768 3573 3824 in
3639 3782 3834 3824 somno

2252 3861 2496 3929 corporis
2540 3859 2885 3924 obdormivit,
2932 3861 3074 3914 unde
3119 3866 3176 3914 et
3221 3859 3400 3914 dixit:
3439 3859 3607 3913 Erunt
3641 3859 3833 3916 ἀκοὴ

2253 3967 2407 4004 carne
2439 3967 2543 4003 una
2573 3947 2724 4020 (Cen.
2763 3951 2858 4018 ll);
2889 3951 3069 4020 itaque
3099 3951 3210 4020 jam
3257 3965 3363 4006 non
3397 3960 3524 4006 sunt
3568 3950 3712 4018 duo,
3738 3950 3830 4007 sed

2253 4059 2358 4097 una
2383 4057 2532 4107 caro,
2577 4041 2872 4098 secundum
2903 4043 3298 4112 pmsrientiam
3325 4057 3496 4105 suam,
3529 4056 3636 4112 qua
3680 4040 3832 4096 novit

2251 4131 2430 4185 omnia
2477 4130 2641 4186 etiam
2691 4138 2979 4200 antequam
3036 4131 3169 4186 fiant
3202 4172 3217 4197 ,
3271 4147 3399 4187 vero
3453 4132 3832 4186 demonstrans

2255 4221 2451 4276 indicio
2479 4221 2734 4290 quoniam
2771 4221 2888 4277 sine
2931 4220 3296 4277 transfusione
3347 4221 3571 4277 seminis
3614 4220 3717 4274 viri
3763 4234 3828 4274 ex

2253 4311 2451 4366 femina
2492 4311 2607 4380 ipse
2649 4321 2910 4367 venturus
2937 4320 3082 4368 esset
3109 4312 3162 4367 in
3190 4327 3428 4376 carnem,
3459 4311 3525 4365 ad
3563 4309 3832 4365 redimen-

2254 4403 2380 4457 dum
2407 4402 2700 4466 hominem,
2726 4403 2816 4472 qui
2865 4402 2918 4456 in
2948 4417 3109 4458 carne
3143 4403 3383 4458 condidit
3427 4400 3722 4456 hominem.
3756 4401 3825 4456 Et

2247 4493 2339 4561 qui
2384 4507 2506 4547 eum
2549 4491 2835 4547 fabricavit
2879 4508 2947 4547 ex
3002 4493 3242 4561 pulvere,
3289 4507 3398 4560 quo
3437 4492 3555 4546 sine
3602 4489 3832 4545 seminis

2190 4593 2198 4600 '
2251 4582 2610 4637 transfusione
2655 4583 2930 4637 hominem
2981 4581 3110 4637 fecit
3156 4596 3218 4636 ex
3271 4581 3527 4643 homine,
3580 4581 3836 4635 homines

2247 4687 2462 4744 quoque
2488 4672 2780 4727 fabricetur
2805 4687 2872 4727 ex
2895 4673 3120 4727 semine.
3152 4671 3364 4741 Quique
3390 4671 3632 4742 corporis
3657 4679 3833 4726 morte

2249 4763 2304 4816 in
2351 4778 2510 4818 cruce
2555 4777 2655 4832 pro
2700 4763 2951 4817 omnibus
2999 4762 3189 4828 mortis
3259 4762 3590 4818 debitoribus
3621 4800 3638 4827 ,
3682 4759 3847 4817 solus.

2250 4853 2392 4906 inter
2421 4862 2662 4907 mortuos
2704 4852 2839 4908 liber
2869 4868 2898 4907 a
2933 4853 3122 4924 mortis
3150 4852 3333 4908 debito
3364 4853 3658 4916 dormiens,
3693 4867 3832 4921 pra:-

2253 4943 2552 4998 destinatus
2589 4941 2755 4997 Filius
2785 4943 2880 4998 Dei
2928 4943 2982 4998 in
3012 4943 3209 4997 virtute
3244 4944 3536 4998 secundum
3567 4941 3830 5011 Spiritum

2252 5033 2713 5099 sanctificationis,
2757 5044 2812 5088 et
2841 5034 3340 5104 prmdestinatorum
3375 5032 3615 5086 omnium
3643 5039 3842 5100 caput,

2253 5144 2318 5183 ac
2339 5129 2541 5192 lumen,
2568 5136 2730 5196 atque
2751 5127 3054 5195 exemplum
3085 5125 3260 5179 factus
3285 5139 3352 5179 ex
3394 5123 3635 5187 muliere,
3669 5123 3834 5194 legis-

2254 5233 2359 5286 que
2387 5217 2527 5271 lator
2551 5216 2643 5285 qui
2671 5216 2770 5286 legi
2802 5215 2934 5270 nihil
2961 5215 3199 5277 deberet,
3232 5216 3406 5270 factus
3442 5213 3542 5270 sub
3574 5213 3832 5270 obedien—

2259 5311 2335 5364 tia
2360 5309 2512 5380 legis,
2541 5316 2722 5363 ut-eos
2749 5307 2840 5378 qui
2864 5307 2964 5361 sub
2993 5306 3110 5378 lege
3140 5308 3344 5377 peccati
3366 5315 3422 5362 et
3445 5306 3636 5362 mortis
3660 5304 3830 5359 futuri

2255 5409 2432 5465 erant,
2459 5399 2770 5464 redimeret,
2796 5406 2858 5452 ut
2880 5397 3222 5466 adoptionem
3260 5397 3490 5453 ﬁliorum
3511 5436 3528 5463 ,
3562 5410 3728 5466 quam
3777 5395 3842 5451 in.

2253 5493 2422 5548 Adam
2457 5490 2715 5562 perdituri
2755 5504 2992 5556 eramus,
3018 5489 3381 5560 reciperemus
3408 5506 3422 5542 :
3455 5489 3522 5544 de
3545 5489 3631 5544 his
3653 5488 3749 5558 qui
3777 5487 3830 5543 in

2251 5601 2372 5641 eum
2401 5583 2623 5640 credere
2660 5581 2952 5645 voluerint,
2978 5581 3090 5636 sive
3112 5581 3399 5637 adventum
3427 5579 3548 5648 ejus
3577 5579 3632 5635 in
3662 5593 3830 5634 carne

2253 5677 2647 5748 praecesserint,
2680 5675 2793 5731 sive
2823 5673 2983 5733 etiam
3035 5673 3210 5730 forent
3235 5673 3390 5728 sicuti
3423 5671 3568 5742 (nam
3591 5687 3684 5742 per
3708 5687 3828 5742 gra-
