4046 6284
185 323 289 378 £35

1583 346 1590 352 ·
1620 324 1998 382 ΕΡΙΞΤΟΙΑΕ.

3343 336 3438 392 116

188 435 340 498 tiens,
373 432 569 504 inquit,
601 430 810 488 Domini
830 433 959 490 Jesn
985 434 1179 489 salvari
1217 435 1494 500 credimus,
1519 437 1762 506 quemad-
1792 444 1834 500 Α
1867 447 2089 505 parente
2134 442 2451 508 meruimus,
2491 453 2865 514 proinerentes
2909 463 3130 519 mgnum
3173 451 3284 515 Dei,
3315 455 3442 522 quia

186 526 403 580 modum
429 535 475 580 et
503 526 582 579 illi
608 528 741 597 (Act.
769 526 880 597 xv),
925 525 1289 582 aediﬁcaturus
1327 537 1444 581 erat
1472 528 1765 582 Ecclesium

185 624 378 686 aperto
400 615 588 671 lancea
614 615 800 680 latere,
830 617 896 671 de
918 631 1026 686 quo
1064 618 1319 686 produxit
1345 633 1540 686 aquam
1561 627 1616 672 et
1641 633 1770 672 san-

184 707 447 774 guinem,
500 707 697 775 quibus
746 721 891 762 nunc
944 708 1160 764 lavacro
1210 711 1414 779 rigatur
1456 717 1510 764 et
1555 710 1767 780 poculo,

185 793 241 847 id
267 802 356 847 est
404 797 698 850 mundatur
722 811 860 866 aqua
900 797 1256 867 baptismatis,
1297 806 1352 852 et
1378 813 1475 866 per
1505 798 1662 853 ﬁdem
1695 799 1771 854 illi

186 881 570 953 incorporatur
610 894 793 953 potato
833 886 1093 957 sanguine
1138 887 1542 955 redemptionis,
1569 888 1770 957 justiﬁ-

186 982 308 1026 cata
341 973 536 1042 spiritu
575 975 1032 1031 sanctilicationis.
1081 975 1199 1046 Hoc
1243 989 1625 1031 sacramentum
1654 995 1770 1040 ma-

184 1079 350 1132 gnum
381 1074 456 1118 est
507 1065 561 1117 in
587 1063 796 1119 Christo
835 1075 883 1119 et
926 1066 980 1118 in
1019 1064 1252 1120 Ecclesia
1285 1066 1500 1137 (Ephes.
1527 1073 1578 1137 ν)
1612 1088 1623 1119 ;
1654 1083 1774 1136 qua:

185 1156 379 1211 eodem
428 1155 629 1224 Spiritu
674 1165 862 1212 sancto
914 1157 983 1211 ab
1031 1157 1374 1212 immaculato
1404 1158 1570 1213 divini
1607 1157 1772 1214 fontis

188 1255 348 1301 utero
376 1261 508 1301 suos
539 1255 819 1317 regenerat
873 1255 1053 1313 natos,
1081 1261 1189 1316 quo
1217 1257 1273 1302 et
1307 1246 1375 1303 de
1419 1248 1620 1302 illibata
1659 1249 1770 1302 vir-

188 1336 315 1406 gine
388 1335 640 1391 Christus
695 1347 780 1391 est
841 1345 1023 1392 natus.
1092 1337 1234 1392 Idem
1283 1353 1516 1408 namque
1567 1340 1773 1408 primus

186 1426 374 1490 homo,
400 1427 528 1496 quia
573 1436 629 1481 ct
672 1426 782 1480 Eva
824 1428 937 1498 ipsa
985 1437 1070 1483 est
1097 1427 1288 1494 Adam,
1317 1429 1563 1485 conditus
1593 1438 1652 1483 ut
1677 1427 1774 1483 do-

189 1518 496 1572 minaretur
538 1522 802 1572 creaturaa
830 1534 862 1572 a
890 1517 1146 1575 Creatore
1171 1521 1349 1588 t'actze,
1379 1529 1433 1577 et
1459 1521 1772 1590 disponeret

187 1607 374 1664 orbem
408 1617 675 1664 terrarum
722 1610 776 1664 in
813 1609 1023 1678 justitia
1052 1619 1107 1666 et
1133 1613 1386 1681 aequitate
1414 1653 1429 1678 ,
1458 1623 1514 1667 et
1544 1615 1597 1669 in
1629 1615 1771 1670 dire-

189 1698 373 1755 ctione
402 1699 586 1754 cordis
607 1699 869 1770 judicium
905 1700 1191 1770 judicaret,
1242 1703 1288 1757 si
1323 1703 1378 1757 in
1405 1711 1626 1773 accepta
1655 1704 1770 1774 lege

189 1796 317 1850 vita:
371 1805 428 1850 et
484 1796 783 1866 disciplina:
847 1795 1017 1851 libero
1064 1796 1290 1853 arbitrio
1350 1799 1768 1868 permansisset;
1801 1777 1848 1836 Β

191 1887 441 1942 videlicet
485 1887 531 1942 si
571 1888 628 1941 in
659 1887 960 1942 Conditoris
988 1887 1260 1944 voluntate
1288 1899 1688 1959 perseverasset
1712 1898 1772 1945 ut

191 1991 298 2030 non
341 1984 634 2045 peccaret;
690 1991 788 2030 nec
832 1975 949 2046 ipse
976 1986 1303 2042 moreretur,
1353 1993 1452 2033 nec
1498 1978 1770 2044 mortales,

189 2081 366 2136 neque
387 2068 578 2121 mortis
599 2082 662 2121 ac
685 2067 942 2136 gehennae
964 2066 1102 2122 ﬁlios
1123 2078 1427 2139 generaret.
1451 2067 1555 2126 Sed
1583 2070 1775 2124 merito

192 2156 354 2226 hujus
400 2156 823 2228 permansionis,
867 2165 922 2211 et
968 2157 1325 2214 retributione
1353 2156 1598 2226 justitia,
1633 2157 1776 2214 sicut

188 2255 247 2301 et
273 2247 453 2300 sancti
498 2246 666 2317 angeli
714 2255 1070 2316 acceperunt,
1102 2247 1402 2318 accepisset
1445 2249 1498 2302 in
1527 2263 1772 2313 munere,

190 2337 342 2406 quod
383 2335 621 2403 Creator,
647 2336 714 2391 ad
750 2335 904 2405 cujus
941 2337 1227 2408 imaginem
1273 2347 1328 2394 et
1369 2337 1775 2392 similitudinem

191 2426 448 2482 conditus
474 2436 579 2492 est,
631 2427 794 2482 habet
835 2428 1070 2483 essentia
1094 2467 1109 2494 ,
1139 2437 1198 2483 ut
1235 2443 1336 2484 nec
1361 2443 1592 2498 peccare
1618 2426 1777 2483 vellet

189 2534 290 2574 nec
313 2518 432 2588 jam
459 2519 659 2574 cadere
688 2527 890 2588 posset.
921 2519 1027 2588 lpsi
1055 2527 1236 2575 autem
1268 2519 1485 2576 diabolo
1513 2520 1774 2575 invidenti

189 2611 315 2680 quia
346 2611 478 2666 illuc
505 2621 624 2666 erat
657 2612 818 2668 homo
848 2619 1095 2668 terrenus
1120 2627 1219 2682 per
1246 2612 1480 2668 debitam
1519 2612 1776 2667 obedien-

192 2702 319 2757 tiam
348 2715 699 2765 ascensurus,
751 2701 893 2756 unde
939 2701 1057 2778 ipse
1101 2701 1296 2758 cecidit
1341 2715 1439 2771 per
1470 2701 1780 2770 superbiam

189 2791 471 2863 angelicas
517 2791 762 2861 spiritus,
805 2799 862 2846 et
903 2791 1184 2848 mendacia
1227 2792 1471 2847 suadenti
1501 2791 1621 2862 plus
1659 2805 1777 2847 cre-

190 2883 345 2950 dens,
376 2897 542 2952 quam
574 2881 836 2937 voluntati
863 2882 1158 2937 conditoris
1200 2881 1284 2938 sui
1333 2881 1616 2945 obediens,
1646 2883 1778 2938 abu-

189 2987 282 3026 sus
311 2971 544 3026 arbitrio
586 2971 756 3026 libero
779 2970 1021 3026 deseruit
1060 2970 1250 3038 Deum,
1280 2980 1336 3026 et
1365 2971 1613 3026 desertus
1632 2969 1778 3040 juste

193 3079 224 3120 a
259 3063 395 3129 Deo,
431 3064 677 3134 peccavit
705 3079 768 3118 ac
791 3063 1014 3129 cecidit;
1047 3074 1101 3119 et
1121 3077 1224 3134 per
1261 3063 1462 3119 malum
1491 3064 1626 3121 velle
1648 3079 1775 3134 per-

192 3153 330 3209 didit
371 3154 574 3210 bonum
622 3168 801 3222 posse,
844 3153 935 3224 qui
966 3168 1062 3224 per
1110 3167 1270 3224 posse
1309 3152 1509 3208 bonum
1547 3154 1770 3209 vincere

192 3248 373 3316 potuit
427 3246 570 3302 velle
615 3246 836 3301 malum.
890 3247 1007 3314 Qua
1057 3247 1124 3302 de
1170 3261 1229 3301 re
1273 3246 1414 3302 facta
1460 3255 1544 3302 est
1592 3262 1773 3302 massa

191 3338 518 3408 perditionis
554 3338 720 3393 totius
745 3338 967 3392 humani
1002 3337 1234 3408 generis.
1265 3338 1342 3393 De
1371 3353 1478 3408 qua
1509 3338 1554 3394 si
1593 3338 1774 3393 nullus

193 3429 264 3482 ad
309 3427 541 3483 salutem
585 3427 906 3498 eriperetur,
950 3428 1441 3498 irreprehensibilis
1493 3437 1637 3484 esset
1681 3428 1772 3482 Dei

183 3517 432 3586 justitia;
485 3517 609 3586 quia
667 3533 795 3572 vero
827 3517 979 3573 multi
1027 3519 1326 3584 salvantur,
1359 3518 1646 3575 inell‘abilis
1693 3528 1777 3575 est

193 3609 292 3664 Dei
319 3611 517 3680 gratia,
542 3610 636 3679 qui
669 3611 737 3666 ab
761 3611 879 3680 ipso
922 3613 1107 3666 mundi
1149 3613 1467 3681 primordio,
1513 3612 1774 3681 incipiens

190 3701 265 3755 ab
313 3701 450 3756 Abel
486 3701 653 3768 justo,
682 3701 871 3757 salutis
892 3703 1139 3757 humana:
1174 3717 1449 3772 praecones
1495 3703 1694 3756 mundo
1717 3701 1773 3756 in

191 3806 298 3845 sua
326 3790 639 3845 inﬁrmitate
674 3791 971 3862 languenti,
993 3801 1048 3846 et
1088 3793 1139 3847 in
1175 3803 1515 3863 peccatorum
1553 3808 1771 3848 suorum

192 3880 452 3936 tenebris
477 3880 779 3950 tabescenti,
804 3883 977 3938 donec
999 3884 1111 3952 ipse
1140 3883 1232 3938 lux
1259 3884 1442 3938 mundi
1474 3883 1772 3949 adveniret,

191 3987 302 4042 per
328 3972 667 4042 patriarchas
686 3983 741 4029 et
765 3974 899 4043 legis
921 3974 1192 4038 doctores,
1215 3983 1377 4044 atque
1400 3973 1690 4044 prophetas
1711 3987 1775 4028 ac

189 4064 393 4133 justas,
437 4065 616 4121 verbis
657 4075 712 4122 et
754 4067 1015 4138 prodigiis
1066 4067 1390 4138 praedicans,
1443 4067 1774 4123 consolando

193 4155 482 4224 praemisit.
513 4157 750 4213 Tandem
779 4159 912 4230 ipse,
936 4160 1028 4230 qui
1053 4174 1268 4229 semper
1298 4173 1465 4214 unum
1491 4167 1545 4215 et
1576 4159 1775 4230 ubique

197 4250 279 4296 est
305 4259 432 4298 cum
468 4244 628 4300 Patre
656 4255 710 4301 et
740 4247 948 4318 Spiritu
977 4257 1164 4304 sancto
1188 4249 1422 4304 essentia
1454 4249 1770 4319 maiestatis,

198 4342 420 4403 propter
463 4351 566 4392 nos
600 4338 848 4395 homines
891 4352 948 4395 et
984 4349 1207 4410 propter
1245 4347 1485 4395 nostram
1519 4339 1770 4406 salutem,

196 4437 366 4491 opere
412 4436 704 4497 conceptus
753 4426 993 4496 ejusdem
1024 4429 1257 4500 Spiritus
1278 4431 1472 4493 sancti,
1510 4441 1670 4484 natus
1706 4446 1772 4485 ex

196 4508 368 4566 Maria
424 4512 655 4584 virgine,
691 4514 745 4569 id
789 4524 874 4571 est
916 4531 982 4572 ex
1023 4517 1260 4589 virginea
1295 4526 1553 4572 materna:
1589 4518 1770 4574 carnis

198 4603 524 4670 substantia,
572 4605 626 4661 in
671 4608 877 4664 duabus
904 4617 960 4664 et
1003 4622 1071 4663 ex
1111 4609 1324 4664 duabus
1357 4609 1567 4664 naturis
1609 4619 1772 4680 atque

198 4697 539 4762 substantiis,
583 4699 879 4754 divinitatis
901 4699 1106 4757 scilicet
1129 4708 1184 4754 et
1209 4701 1582 4766 humanitatis,
1611 4715 1774 4756 verus

200 4800 296 4856 per
317 4788 500 4841 omnia
536 4787 697 4854 Deus,
719 4797 774 4845 et
801 4805 960 4845 verus
1007 4789 1171 4845 homo
1197 4789 1376 4844 anima
1426 4788 1680 4844 rationali
1719 4796 1775 4844 et

199 4876 438 4933 humana
459 4894 624 4935 carne
649 4881 702 4934 in
732 4881 938 4936 unitate
965 4895 1210 4950 persona!
1235 4881 1556 4944 subsistens,
1585 4881 1651 4936 ad
1675 4896 1775 4936 nos

198 4980 298 5035 per
321 4971 663 5037 priesentiam
691 4980 980 5040 assumpta
1017 4972 1242 5026 veniens
1271 4972 1473 5038 carnis,
1518 4971 1684 5027 factis
1720 4979 1776 5027 et

200 5054 360 5110 dictis
377 5058 449 5112 ad
477 5057 622 5114 aliud
651 5060 703 5113 in
727 5075 786 5115 se
811 5063 1096 5116 credentes
1125 5060 1379 5116 saeculum
1417 5061 1686 5127 invitavit,
1723 5061 1775 5116 id

197 5153 282 5199 est
311 5146 379 5200 ad
426 5147 649 5218 gloriam
702 5149 1110 5220 sempiternam,
1158 5165 1321 5219 quam
1370 5150 1544 5220 angeli
1600 5151 1777 5206 sancti

201 5233 404 5289 habent
455 5237 510 5290 in
540 5237 696 5302 casio,
733 5246 788 5292 et
828 5239 896 5294 ad
923 5254 1087 5308 quam
1132 5238 1484 5294 obtinendam
1525 5233 1802 5298 conditus.

199 5326 378 5382 fuerat
399 5330 607 5396 primus
632 5330 813 5385 homo.
847 5329 913 5385 Et
937 5330 1192 5400 quoniam
1221 5330 1290 5392 ad
1319 5329 1465 5384 illam
1489 5329 1775 5400 pervenire

198 5432 307 5472 non
342 5432 652 5488 possumus,
674 5420 778 5476 nisi
805 5421 945 5476 sicut
963 5437 1064 5480 nos
1085 5421 1275 5477 docuit
1294 5422 1360 5476 dc
1380 5435 1488 5490 quo
1511 5420 1772 5490 scriptum

197 5516 328 5561 est:
359 5507 500 5573 Quia
553 5509 626 5562 sic
674 5510 898 5579 oportuit
938 5511 1049 5579 pati
1098 5508 1383 5574 Christum,
1407 5518 1456 5565 et
1483 5509 1680 5563 intrare
1718 5510 1774 5568 in

195 5596 421 5666 gloriam
447 5616 598 5654 suam
625 5599 776 5670 (Luc.
809 5599 985 5670 xnv),
1009 5602 1115 5657 dux
1139 5609 1193 5656 et
1213 5600 1400 5655 doctor
1421 5597 1582 5666 hujus
1617 5599 1774 5655 itine-

196 5689 292 5755 ris,
325 5691 535 5750 scilicet
578 5705 678 5763 per
725 5691 937 5754 labores
978 5707 1042 5748 ac
1085 5691 1312 5756 dolores,
1347 5704 1483 5770 quos
1512 5690 1564 5744 in
1596 5689 1772 5767 prima

1801 3118 1846 3180 C

1802 4460 1852 4522 ι)

1876 547 1979 584 ηοη
2004 541 2127 585 sunt
2154 534 2425 604 condigna
2449 539 2718 604 passiones
2742 540 2901 608 hujus
2928 543 3174 610 temporis
3201 542 3271 596 ad
3302 543 3447 612 futu-

1875 637 1988 674 ram
2013 621 2235 691 gloriam
2263 641 2380 694 qua
2407 626 2720 681 revelabitur
2757 631 2811 682 in
2835 630 2980 684 nobis
3005 629 3184 700 (Rom.
3209 631 3361 703 vm);
3391 642 3448 688 et

1873 710 1929 764 in
1957 711 2114 766 istius
2134 714 2323 782 agonis
2349 725 2643 772 scammate
2663 727 2952 783 certantes,
2976 720 3094 774 sine
3114 719 3308 776 viatico
3333 736 3440 776 non

1873 801 2113 858 valemus
2135 805 2448 861 subsistere.

1944 893 2224 948 Primitiva
2249 897 2510 962 Ecclesia,
2527 897 2580 952 id
2604 907 2690 954 est
2709 900 2892 956 ﬁdeles
2915 900 2967 955 in
2991 903 3212 957 exordio
3227 918 3446 959 nascen-

1876 983 1945 1037 tis
1973 985 2227 1041 Ecclesiir
2259 987 2565 1042 vendebant
2609 990 2789 1060 omnia
2837 1006 2956 1058 qua:
3000 993 3364 1061 possidebant,
3391 1002 3450 1048 et

1874 1072 2191 1128 deferebant
2223 1075 2623 1144 possessionum
2668 1091 2888 1132 suarum
2923 1080 3151 1147 pretium
3177 1082 3245 1135 ad
3284 1082 3450 1150 pedes

1871 1164 2261 1232 apostolorum,
2283 1167 2538 1221 docentes
2561 1182 2664 1221 non
2686 1167 2883 1224 debere
2903 1185 2932 1222 a
2959 1171 3202 1225 rationali
3229 1172 3450 1228 homine

1872 1254 2090 1320 serviri,
2117 1256 2211 1312 sed
2233 1257 2500 1311 dominari
2525 1257 2746 1321 divitiis,
2775 1267 2830 1312 et
2855 1261 2928 1313 uti
2955 1261 3034 1314 eis
3064 1261 3115 1314 in
3139 1263 3445 1328 transitum,

1874 1360 1980 1400 non
1997 1360 2089 1400 eas
2109 1360 2294 1401 amare
2315 1361 2413 1416 pro
2439 1357 2642 1403 interna
2661 1350 3028 1416 perventione.
3053 1351 3128 1407 De
3147 1366 3254 1422 quo
3273 1355 3448 1422 pretio

1874 1436 2215 1492 dividebatur
2257 1439 2499 1509 singulis,
2535 1447 2696 1508 prout
2721 1441 2918 1511 cuique
2960 1457 3096 1514 opus
3130 1454 3266 1500 erat.
3310 1443 3445 1500 Cum

1847 1537 2054 1582 autem
2115 1529 2289 1599 gratia
2342 1531 2433 1585 Dei
2486 1530 2654 1600 cmpit
2701 1531 3050 1602 multiplicari
3109 1535 3444 1590 credentium

1873 1634 2153 1687 numerus,
2188 1623 2253 1678 ad
2284 1637 2513 1692 quorum
2541 1625 2989 1680 sustentationem
3017 1638 3122 1681 non
3151 1627 3448 1683 sudiciebat

1873 1713 2034 1780 pretii
2067 1713 2292 1780 reditus,
2321 1716 2573 1784 quoniam
2601 1731 2790 1771 omnes
2825 1719 2891 1772 ad
2941 1719 3043 1773 hoc
3083 1733 3186 1774 non
3224 1720 3446 1784 dabant,

1876 1816 2052 1872 neque
2072 1802 2325 1857 valebant
2345 1803 2614 1872 compelli,
2662 1813 2723 1859 ut
2759 1821 2788 1858 a
2815 1804 3063 1876 conjugio
3094 1815 3149 1862 et
3193 1808 3244 1862 in
3274 1815 3445 1862 totum

1877 1909 1909 1948 a
1939 1895 2226 1950 mundanis
2259 1905 2516 1951 vacarent
2540 1896 2769 1960 actibus,
2795 1912 2865 1952 ne
2886 1898 3138 1953 secutum
3160 1900 3446 1970 deperiret,

1876 1983 2048 2040 donec
2076 2001 2264 2040 omnes
2293 1987 2382 2056 qui
2410 1987 2650 2041 sal-vandi
2675 1997 2816 2051 sunt,
2843 1989 2895 2042 id
2921 1998 3004 2044 est
3031 2004 3219 2046 omnes
3245 1991 3450 2059 praede-

1875 2073 2081 2140 stinati,
2132 2075 2294 2130 veluti
2323 2076 2584 2145 scriptum
2611 2085 2713 2141 est,
2748 2077 2840 2132 lilii
2867 2077 2982 2141 Dei,
3022 2079 3112 2148 qui
3141 2088 3297 2133 erant
3335 2079 3449 2133 dis-

1876 2167 2044 2235 persi,
2076 2167 2128 2221 id
2153 2176 2235 2222 est
2274 2167 2328 2220 in
2354 2183 2546 2222 massae
2573 2168 2900 2237 generaliter
2925 2167 3152 2238 perdita:
3175 2186 3241 2224 ex
3270 2170 3451 2227 debito

1877 2257 2158 2313 relictione
2206 2260 2515 2329 conspersi,
2566 2269 2619 2314 et
2655 2274 2720 2313 ex
2767 2274 2852 2323 ea,
2887 2268 3173 2329 antequam
3218 2261 3449 2315 mundus

1878 2345 2051 2409 ﬂeret,
2104 2347 2576 2416 przrdestinatione
2625 2347 2744 2412 Dei,
2794 2348 2878 2402 cui
2931 2348 3063 2401 nihil
3111 2349 3443 2416 praeteritum

1878 2435 2093 2491 transiit
2106 2435 2410 2506 acciditque
2423 2435 2681 2500 futurum,
2701 2436 2876 2499 electi,
2894 2436 3108 2490 scilicet
3129 2437 3302 2506 gratia
3328 2436 3445 2500 Dei,

1879 2529 2272 2596 congregemur
2319 2526 2373 2580 in
2423 2541 2610 2592 unum,
2664 2526 2716 2580 in
2768 2525 3156 2595 plenitudinem
3197 2526 3449 2580 videlicet

1877 2615 2114 2671 celestis
2141 2631 2204 2671 ac
2239 2616 2584 2686 sempiternis
2623 2615 2900 2680 Ecclesiae,
2929 2617 2996 2669 ad
3022 2631 3182 2684 quam
3215 2617 3348 2671 tanti
3379 2631 3446 2671 ex

1879 2705 2188 2763 hominibus
2213 2707 2433 2763 salvatis
2455 2715 2512 2762 et
2530 2708 2705 2762 eidem
2735 2706 3005 2763 sociandis
3025 2715 3149 2762 sunt
3170 2708 3446 2762 ascensnri

1879 2795 2021 2850 unde
2048 2795 2290 2851 diabolus
2323 2811 2448 2851 cum
2480 2796 2593 2852 suis
2645 2797 2970 2865 sequacibus
3013 2796 3232 2860 cecidit,
3259 2796 3446 2865 quanti

1880 2882 1989 2937 illic
2053 2882 2208 2938 electi
2257 2883 2436 2950 angeli
2494 2890 2870 2938 remanserunt
2922 2898 2936 2937 :
2995 2891 3055 2937 ut
3103 2899 3266 2937 unum
3309 2882 3451 2937 ovile

1880 2975 2038 3030 unius
2063 2975 2296 3044 pastoris
2342 2974 2569 3038 scilicet,
2598 2983 2654 3029 et
2695 2961 2985 3029 individuae
3025 2974 3305 3028 Trinitatis
3332 2988 3451 3042 per-

1880 3073 2041 3134 petua
2070 3064 2276 3119 visione
2325 3071 2382 3119 et
2431 3063 2668 3134 perfecta
2709 3064 3038 3135 cognitione,
3089 3072 3314 3134 quaeest
3339 3078 3446 3117 non

1876 3155 2048 3212 solum
2101 3152 2402 3218 hominum,
2431 3153 2525 3210 sed
2566 3162 2622 3207 et
2663 3153 2972 3224 angelorum
3016 3153 3145 3217 vita,
3195 3153 3312 3207 sine
3341 3151 3447 3206 line

1877 3245 2126 3317 gaudeat,
2183 3246 2444 3300 societate
2491 3244 2726 3314 gloriosa
2780 3244 3044 3314 repletum
3096 3261 3110 3297 :
3165 3243 3448 3300 constituit

1865 3339 2018 3408 idem
2046 3336 2306 3392 Dominus
2332 3345 2389 3391 et
2416 3337 2672 3405 magister
2703 3335 2897 3389 salutis
2925 3350 3022 3404 per
3054 3341 3272 3389 sanctos
3295 3346 3444 3397 suos,

1875 3428 1928 3482 in
1959 3427 2152 3498 quibus
2192 3435 2249 3482 et
2287 3440 2411 3482 cum
2444 3426 2641 3495 quibus
2686 3425 3026 3494 loquebatur,
3078 3431 3134 3479 et
3183 3439 3280 3494 per
3309 3438 3446 3494 quos

1875 3534 2028 3576 suam
2055 3518 2411 3588 gubernabat,
2437 3525 2493 3572 et
2520 3531 2690 3586 usque
2710 3515 2869 3571 hodie
2893 3515 3101 3570 meritis
3120 3522 3175 3569 et
3198 3513 3447 3584 precibus

1874 3611 2138 3682 gubernat
2177 3609 2497 3672 Ecclesiam,
2542 3616 2604 3662 ut
2643 3607 2931 3663 credentes
2969 3621 3076 3661 non
3095 3605 3209 3675 jam
3233 3619 3299 3658 ex
3327 3618 3448 3658 asse

1873 3701 2245 3772 possessiones
2288 3708 2346 3755 et
2386 3698 2588 3768 priedia
2626 3699 3019 3760 venundarent,
3069 3697 3164 3751 sed
3201 3697 3272 3751 de
3316 3696 3448 3765 ipsis

1873 3788 2306 3859 possessionibus
2328 3785 2554 3841 Domino
2579 3793 2981 3839 consecrarent.
3009 3783 3158 3838 Unde
3179 3784 3268 3851 qui
3291 3784 3447 3852 quasi

1867 3877 2180 3950 ,specialiter
2200 3875 2374 3932 eidem
2421 3874 2762 3930 dominorum
2792 3874 3019 3928 Domino
3058 3873 3356 3937 adhirrent,
3393 3880 3449 3927 et

1873 3968 2110 4024 ministri
2135 3965 2423 4030 sermonis,
2448 3975 2504 4020 ct
2532 3965 2794 4020 donorum
2815 3971 3030 4018 aeterna:
3051 3961 3262 4027 salutis,
3287 3969 3448 4031 atque

1873 4060 2206 4116 mediatores
2232 4057 2376 4112 inter
2400 4056 2568 4110 Deum
2598 4063 2654 4110 et
2677 4053 2923 4110 homines
2944 4067 3046 4122 ope
3065 4051 3202 4105 ﬁunt
3219 4049 3450 4105 assidua

1875 4147 2301 4211 intercessionis,
2353 4145 2562 4210 vivant;
2593 4151 2648 4198 et
2700 4144 2752 4197 in
2801 4141 3052 4197 omnibus
3101 4138 3446 4203 necessariis,

1873 4243 1992 4297 sine
2011 4240 2206 4311 quibus
2234 4240 2471 4294 humana
2500 4234 2765 4306 fragilitas
2793 4249 2900 4288 non
2926 4241 3104 4302 potest
3124 4231 3444 4295 subsistere,

1875 4333 2032 4386 eisin
2060 4330 2430 4400 eleemosynas
2460 4341 2671 4391 eorum,
2711 4325 2801 4394 qui
2831 4323 3049 4378 easdem
3077 4321 3449 4392 possessiones

1878 4423 2108 4478 Domino
2137 4427 2547 4482 consecrarunt,
2585 4416 2920 4472 ministretur
2953 4431 2966 4467 :
3007 4421 3070 4468 ut
3095 4413 3220 4466 dum
3247 4410 3449 4476 Christi

1874 4526 2145 4583 pauperes
2173 4519 2334 4579 atque
2363 4507 2597 4564 ministri
2619 4505 2874 4560 Ecclesiae
2894 4518 2963 4558 ex
3003 4503 3088 4558 his
3115 4503 3168 4558 in
3194 4503 3451 4572 presenti

1877 4601 2178 4658 subsistunt
2221 4597 2440 4663 saeculo,
2496 4595 2781 4665 largitores
2828 4592 3229 4662 possessionum
3259 4592 3324 4646 de
3352 4605 3451 4652 sua

1879 4691 2021 4751 ﬁdeli
2070 4689 2430 4757 eleemosyna,
2474 4684 2617 4738 sicut
2659 4691 2716 4738 et
2763 4682 2819 4740 in
2872 4683 3216 4751 baptismate,
3247 4693 3277 4735 a
3305 4680 3450 4736 malo

1878 4783 2120 4839 funditus
2165 4779 2433 4841 conversi.
2459 4786 2517 4834 et
2551 4791 2671 4831 cum
2716 4775 2820 4836 fide
2856 4782 3004 4830 recta
3041 4781 3451 4846 perseverantes

1880 4874 1935 4930 in
1976 4871 2134 4927 bonis
2167 4868 2443 4941 operibus,
2475 4865 2803 4926 mandentur
2825 4880 2854 4920 a
2881 4874 3105 4934 peccato
3133 4874 3188 4920 et
3209 4862 3448 4920 eﬂlcian-z

1879 4972 1964 5016 tur
1988 4961 2225 5024 Christo,
2257 4959 2341 5014 cui
2387 4973 2482 5014 eas
2520 4958 2870 5020 devoverant,
2898 4964 3180 5012 consortes
3206 4956 3260 5010 in
3288 4953 3447 5017 enato,

1879 5051 2021 5106 sicut
2047 5050 2164 5119 ipse
2209 5047 2340 5102 dicit
2367 5047 2420 5101 in
2446 5045 2738 5116 Evangelio
2766 5063 2779 5103 ς
2815 5045 2946 5100 Date
2978 5044 3372 5112 eleemosynam,
3399 5049 3447 5106 et

1878 5158 1992 5197 ecce
2016 5140 2194 5194 omnia
2224 5137 2422 5192 munda
2459 5147 2578 5190 sunt
2628 5137 2770 5192 vobis
2801 5135 2951 5207 (Luc.
3009 5134 3122 5201 x1);
3175 5139 3232 5188 et
3267 5131 3398 5186 item
3430 5146 3445 5184 i

1883 5231 2037 5300 Quod
2061 5231 2153 5284 uni
2173 5246 2238 5285 ea:
2268 5229 2498 5284 minimis
2526 5227 2653 5282 meis
2681 5227 2900 5296 fecistis,
2930 5225 3058 5279 milii
3094 5221 3309 5292 fecistis.
3356 5217 3444 5274 Ve-

1884 5323 2010 5388 nite,
2035 5321 2288 5380 benedicti
2313 5317 2491 5383 Patris
2517 5317 2639 5383 mei,
2673 5317 2918 5386 percipite
2957 5327 3170 5382 regnum
3197 5309 3335 5379 quod
3362 5326 3449 5375 ca..-

1882 5412 1959 5467 bis
1983 5419 2231 5481 paratum
2253 5407 2411 5463 estalt
2434 5407 2632 5477 origine
2669 5405 2849 5460 mundi
2877 5401 3092 5473 (Matth.
3126 5397 3274 5468 xxv).
3301 5395 3447 5464 ρων

1881 5509 2105 5572 propter
2127 5499 2268 5555 sicut
2288 5486 2366 5554 illi
2395 5498 2487 5568 qui
2509 5497 2714 5568 seipsos
2747 5510 2808 5561 ac
2838 5491 3052 5548 divitias
3076 5497 3134 5546 et
3155 5490 3452 5560 possessio~

1880 5608 1978 5648 nes
2005 5606 2134 5648 suas
2154 5588 2380 5648 Domino
2407 5588 2551 5645 ﬁdeli
2580 5597 2760 5644 mente
2783 5589 3256 5647 consecraverunt,
3281 5582 3451 5638 ιιωτθ.

1881 5688 1973 5750 des
2025 5687 2120 5753 Dei
2179 5695 2234 5748 ct
2282 5683 2589 5749 coheredes
2653 5677 2853 5744 Christi
2918 5692 3014 5749 per
3063 5676 3353 5750 prophetas,
3396 5685 3450 5740 et
