4018 5392
672 303 806 358 ,127

1665 305 1992 361 ΙΙΙΝΟΜΛΒΙ
2036 306 2263 361 RHEME

2307 306 2429 362 iSlS
2466 308 2980 365 ARCHIEPISCOPI
3814 318 3872 374 ei
3933 305 3935 386 i

700 416 993 488 apostolos,
1025 426 1083 472 et
1111 420 1179 474 ab
1211 421 1326 489 ipso
1365 419 1588 473 Domino
1625 418 1961 488 appellantur
2007 429 2065 473 et
2109 419 2341 484 liuut,.A
2371 436 2474 474 non
2551 421 2722 474 solum
2794 437 2887 477 cos
2915 462 2928 486 ,
3005 421 3095 476 sed
3168 431 3222 476 et
3298 438 3492 476 omnes
3557 427 3874 486 consentientes

699 510 776 564 ita
804 515 859 564 et
887 509 1020 564 tales
1046 511 1418 580 possessiones
1440 517 1603 579 atque
1626 507 1932 574 facultates,
1974 511 2199 565 Domino
2221 511 2274 564 in

700 601 816 656 suis
836 600 1080 656 ecclesiis
1103 611 1155 656 et
1181 604 1232 655 in
1260 601 1582 672 specialibus
1606 618 1885 658 servorum
1907 603 2072 673 ipsius
2092 604 2277 660 usibus

700 699 1044 753 consecratio,
1070 699 1291 762 propter
1313 692 1501 747 ﬁdeles
1527 692 1754 756 Christi,
1781 695 1871 762 qui
1897 693 1976 747 eis
2001 703 2054 748 et
2080 694 2276 748 exinde

700 779 938 844 aluntur,
968 780 1059 834 Dei
1085 781 1395 846 Increditas,
1424 798 1546 836 cum
1569 783 1721 837 orbis
1744 791 2010 836 terrarum
2030 791 2085 837 et
2109 783 2275 852 pleni-

702 870 829 923 tudo
882 869 1000 939 ejus
1041 871 1207 941 ipsius
1239 871 1330 935 sit,
1374 873 1526 942 quasi
1563 872 1873 943 specialiter
1915 874 2266 942 appellantur.

699 957 850 1012 Sicut
899 960 1067 1025 enim,
1121 962 1337 1030 quando
1391 963 1567 1028 omnis
1615 965 1806 1019 domus
1850 964 2012 1019 Israel
2061 965 2273 1020 Domini

695 1049 985 1105 haereditas
1005 1052 1322 1119 vocabatur,
1354 1055 1526 1109 tribus
1557 1062 1734 1110 tamen
1766 1056 1914 1120 Levi,
1939 1057 2091 1124 quasi
2119 1055 2271 1111 deci-

695 1141 861 1195 matio
887 1141 1064 1197 adhuc
1103 1143 1269 1197 etiam
1317 1145 1370 1198 in
1416 1145 1612 1201 lumbis
1637 1145 1871 1201 Abrahae
1891 1162 1920 1200 a
1949 1148 2057 1202 Deo
2078 1147 2268 1212 electa,

630 1213 632 1215 ’
696 1245 818 1284 cum
888 1231 1114 1288 decimis
1165 1241 1219 1286 et
1264 1234 1550 1302 primitiis,
1595 1235 1816 1290 urbibus
1867 1244 1923 1290 et
1975 1236 2268 1301 suburbiis,

692 1318 921 1377 villabus
950 1328 1111 1389 atque
1132 1323 1563 1390 possessionibus
1589 1331 1640 1378 et
1666 1323 2014 1379 facultatibus
2041 1325 2268 1390 cunctis,

693 1406 944 1475 specialis
993 1409 1201 1462 Domini
1257 1410 1579 1476 haereditas,
1629 1427 1779 1481 pars,
1838 1412 1922 1466 vel
1975 1415 2271 1482 assumptio

694 1496 1004 1552 dicebatur:
1041 1499 1113 1552 ita
1144 1508 1200 1554 et
1229 1501 1342 1566 isti,
1367 1502 1458 1571 qui
1481 1502 1676 1568 cleros,
1703 1504 1754 1557 id
1784 1513 1866 1559 est
1891 1519 2011 1560 sors
2039 1505 2123 1559 vel
2147 1521 2271 1575 pars

694 1586 905 1642 Domini
955 1592 1311 1660 appellantur,
1339 1609 1460 1649 cum
1503 1597 1753 1652 omnibus
1782 1599 2046 1666 ecclesiis,
2095 1601 2146 1654 id
2187 1611 2270 1657 est

671 1677 887 1742 divinis
908 1680 1138 1736 ovilibus
1165 1683 1230 1736 ad
1259 1697 1317 1736 se
1347 1686 1760 1752 pertinentibus,
1787 1689 2039 1758 specialis
2064 1689 2267 1747 Christi

2378 509 2497 573 eis,
2547 510 2670 579 quia
2721 527 2824 564 non
2869 512 3042 566 solum
3084 512 3174 581 qui
3235 511 3442 565 faciunt
3485 513 3560 567 rei
3614 515 3872 583 judicantur,

2375 599 2470 652 sed
2522 601 2683 653 etiam
2730 601 2822 668 qui
2875 600 3194 655 facientibus
3244 602 3608 655 consentiunt.
3645 602 3738 657 Par
3779 607 3874 663 enim

2373 702 2533 756 ptena
2562 698 2616 743 et
2660 699 2879 759 agentes
2922 700 2977 743 et
3023 690 3428 745 consentientes
3457 696 3872 762 comprehendi”

2375 791 2478 846 qua
2529 774 2684 848 poena
2735 795 3032 834 consensus
3082 781 3234 834 liberi
3271 797 3394 836 esse
3445 797 3552 836 non
3600 795 3792 853 possunt
3830 787 3874 841 illi

2323 867 2329 874 ’
2376 884 2605 938 quorum
2637 871 2996 925 ministerium
3039 880 3122 926 est
3152 911 3167 935 ,
3205 879 3260 925 et
3299 872 3395 940 qui
3433 872 3552 926 talia
3583 885 3777 942 possunt
3799 893 3873 945 pro

2374 957 2577 1023 bibere,
2611 960 2965 1028 comprimere
2994 969 3048 1014 et
3073 961 3381 1024 emendare,
3433 970 3489 1014 et
3519 976 3578 1015 ea
3607 977 3702 1015 non
3725 964 3875 1016 student

2373 1049 2662 1118 corrigere.
2697 1069 2714 1100 ι
2743 1048 2809 1103 Et
2833 1057 3050 1104 sanctus
3070 1048 3364 1119 Gregorius
3391 1050 3445 1103 in
3463 1050 3679 1120 epistola
3701 1051 3756 1104 ad
3775 1051 3874 1105 Salii-

2373 1155 2500 1194 num
2518 1139 2899 1194 subdiaconum
2926 1158 2937 1191 :
2965 1123 3370 1208 aSacrilegium,
3390 1141 3872 1209 inquit,ctcontrale-

2373 1247 2466 1301 ges
2507 1239 2608 1294 est,
2643 1230 2687 1283 si
2723 1230 2844 1299 quis
2866 1232 3005 1298 quod
3039 1231 3438 1285 venerabilibus
3460 1231 3590 1286 locis
3611 1231 3872 1300 relinquitur,

2372 1334 2556 1388 pravae
2587 1318 2875 1374 voluntatis
2913 1319 3103 1373 studiis
3147 1320 3260 1374 suis
3302 1319 3593 1373 tentaverit
3619 1319 3874 1388 compendiis

2374 1409 2626 1464 retinere.
2662 1429 2680 1458 ι
2710 1409 3004 1464 Etsanctus
3027 1409 3356 1478 Augustinus
3375 1409 3428 1462 in
3454 1423 3690 1464 sermone
3705 1408 3873 1476 Evange-

2373 1500 2428 1555 lii
2445 1501 2618 1556 sancti
2640 1499 2862 1556 Joannis
2883 1502 3040 1556 dicit:
3064 1520 3080 1552 ‹
3102 1500 3210 1555 Fur
3234 1501 3534 1570 sacrilegus
3562 1501 3872 1556 loculorumsa-

2373 1606 2589 1646 crorum
2618 1599 2671 1644 et
2702 1590 3101 1647 Dominicorum
3126 1601 3208 1646 est
3231 1593 3432 1660 ludas;
3469 1602 3523 1646 et
3552 1593 3635 1661 qui
3660 1592 3871 1660 aliquidde

2373 1682 2609 1737 Ecclesia
2634 1681 2846 1736 furatur
2859 1691 2913 1736 et
2935 1683 3091 1753 rapit,
3117 1682 3268 1737 Juda:
3295 1685 3513 1753 perdito
3541 1691 3840 1751 comparatur.
3856 1701 3865 1732 ι

692 1768 979 1824 haereditas
1029 1771 1226 1826 dicitur
1254 1783 1309 1829 et
1341 1775 1546 1842 existit,
1591 1793 1712 1834 cum
1757 1795 1951 1837 omnes
1978 1784 2260 1839 credentes
2291 1766 2336 1825 Β
2363 1769 2430 1824 Ει
2449 1772 2576 1824 item
2607 1771 2659 1824 in
2682 1771 2853 1825 sacris
2884 1772 3178 1826 canonibus
3205 1787 3234 1825 a
3257 1781 3448 1826 sancto
3476 1771 3667 1840 Spiritu
3700 1769 3867 1829 dictatis,

691 1871 758 1912 ac
787 1861 1067 1926 credituri,
1107 1871 1214 1916 tam
1260 1882 1328 1919 ex
1377 1867 1791 1925 circumcisione
1844 1888 2005 1941 quam
2060 1875 2150 1944 qui
2195 1891 2264 1930 ex

690 1949 974 2016 prmputio,
1030 1950 1231 2007 Christi
1281 1956 1567 2014 haereditas
1618 1959 1990 2030 appellentur,
2053 1965 2265 2023 dicente

690 2033 1006 2106 Propheta:
1049 2041 1214 2105 Deus,
1271 2059 1516 2100 venerunt
1571 2059 1744 2118 gentes
1798 2053 1853 2104 in
1906 2053 2263 2110 Itazreditatem

691 2135 836 2179 tuam
867 2126 1036 2197 (Psal.
1069 2134 1329 2204 Lxxvnt);
1364 2144 1457 2189 et:
1491 2134 1707 2192 Postulo
1735 2157 1766 2192 a
1798 2157 1897 2206 me,
1932 2153 1978 2196 et
2011 2144 2145 2198 dabo
2173 2147 2264 2200 tibi

689 2226 866 2286 gentes
903 2219 1260 2276 Itwreditatem
1302 2234 1468 2289 tuam,
1509 2237 1555 2280 et
1589 2231 1963 2297 possessione»:
1990 2243 2130 2288 tuam
2164 2246 2266 2289 ter-

689 2308 858 2363 minos
888 2319 1038 2366 terrae
1060 2312 1233 2383 (Psal.
1271 2316 1353 2388 ιι).
1385 2317 1458 2372 De
1479 2320 1674 2388 quibus
1705 2324 2008 2394 quicunque
2032 2327 2265 2384 indebite

688 2401 923 2468 quodam
971 2405 1232 2472 abutitur,
1271 2409 1387 2463 sine
1430 2411 1535 2466 ulla
1569 2414 1903 2472 dubitatione
1932 2417 2019 2472 illa
2047 2420 2262 2475 maledi-

690 2490 869 2545 ctione
907 2494 1185 2562 multatur,
1218 2507 1276 2552 et
1319 2501 1674 2569 ipsa'tenelur
1697 2507 1982 2573 obnoxius,
2015 2495 2175 2578 quam
2210 2521 2266 2564 et

689 2579 927 2635 ccelestis
953 2592 1007 2636 et
1039 2587 1217 2640 omnis
1241 2597 1454 2643 terrena
1481 2593 1737 2647 continue
1761 2595 1991 2650 Domino
2012 2598 2264 2652 decantat

690 2666 930 2722 Ecclesia
962 2688 975 2722 :
1011 2670 1115 2735 Qui
1142 2673 1408 2741 dixerunt,
1444 2679 1711 2746 inquiens,
1755 2682 2062 2738 htereditate
2097 2687 2265 2753 possi-

689 2757 908 2812 deamus
933 2764 1294 2816 sanctuarium
1343 2765 1464 2821 Dei.
1493 2767 1633 2823 Deus
1663 2786 1826 2836 meus,
1877 2789 2010 2842 pone
2053 2775 2168 2828 illos
2209 2787 2264 2830 ut

691 2857 878 2911 rotam,
934 2860 981 2904 et
1034 2853 1166 2906 sicut
1206 2855 1454 2924 stipulam
1497 2869 1618 2914 ante
1666 2862 1856 2930 faciem
1902 2868 2058 2919 veriti.
2118 2866 2265 2922 Sicut

688 2944 825 3012 ignis
848 2946 938 3014 qui
967 2948 1221 3008 comburit
1252 2951 1456 3018 silvam,
1485 2964 1532 3007 et
1560 2956 1693 3009 sicut
1714 2957 1931 3026 ﬂamma
1959 2961 2264 3017 comburens

2368 1869 2421 1915 et
2451 1861 2648 1916 Christi
2680 1861 2958 1916 sanctione
2991 1861 3323 1916 confirmatis
3342 1902 3356 1926 ,
3390 1862 3644 1931 scriptum
3669 1867 3739 1915 est
3769 1859 3867 1928 (can-

2367 1950 2454 2006 cil.
2489 1951 2650 2004 Tolct.
2681 1967 2719 2015 ι,
2753 1968 2869 2004 can.
2906 1952 2991 2022 ll)
3025 1969 3038 2004 :
3072 1971 3088 2002 ι
3121 1951 3177 2006 Si
3208 1952 3329 2022 quis
3359 1954 3425 2007 de
3453 1951 3737 2022 potentibus
3758 1949 3864 2002 cleri-

2366 2058 2489 2098 cum
2570 2052 2661 2096 aut
2729 2043 3020 2114 quemlibet
3079 2059 3373 2114 pauperum
3466 2052 3557 2097 aut
3627 2042 3866 2111 religiosum

2367 2131 2769 2202 exspoliavcrit,
2821 2141 2871 2186 et
2903 2132 3236 2186 mandaverit
3263 2133 3326 2187 ad
3357 2132 3532 2202 ipsum
3569 2131 3806 2200 cpiscOpus
3826 2135 3861 2179 ut

2369 2237 2491 2276 eum
2519 2221 2732 2287 audiat;
2765 2221 2809 2275 si
2855 2223 3258 2290 contempserit,
3303 2222 3534 2276 invicem
3572 2236 3683 2276 mox
3723 2217 3861 2285 scripta

2366 2323 2684 2381 percurraut
2746 2327 2843 2381 per
2899 2327 3087 2367 omnes
3143 2312 3436 2381 provincia:
3494 2311 3778 2380 episcopos,
3825 2315 3858 2358 et

2366 2415 2714 2470 quoscunque
2768 2402 2918 2456 adire
2972 2402 3205 2471 potuerit
3235 2443 3250 2467 ,
3317 2410 3378 2455 ut
3448 2397 3863 2456 excommunicatus

2374 2491 2660 2557 habeatur,
2695 2491 2866 2545 donec
2892 2493 3074 2546 audiat
3099 2500 3154 2546 et
3193 2493 3380 2547 reddat
3422 2491 3612 2546 aliena.
3646 2509 3663 2540 ι
3704 2487 3756 2541 Et
3777 2486 3862 2538 item

2369 2581 2629 2651 scriptum
2677 2590 2760 2635 est
2813 2580 3039 2651 (concil.
3106 2582 3295 2652 Agat/3.
3338 2598 3464 2637 can.
3514 2581 3588 2650 4)
3617 2597 3627 2631 :
3660 2599 3675 2629 ι
3720 2573 3856 2630 Clerici

2367 2672 2553 2737 etiam,
2584 2672 2668 2726 vel
2695 2673 2998 2738 saecularcs,
3035 2673 3125 2742 qui
3167 2674 3469 2728 oblationes
3504 2680 3770 2742 parentum,
3804 2671 3861 2718 aut

2365 2765 2616 2830 donatas,
2645 2774 2736 2818 aut
2771 2773 3096 2820 testamento
3136 2765 3372 2831 relictas,
3415 2767 3638 2820 retinere
3662 2769 3855 2830 pursuin-

2366 2855 2590 2926 pseriut,
2645 2863 2739 2910 aut
2786 2857 2838 2910 id
2869 2857 3009 2925 quod
3061 2857 3159 2926 ipsi
3191 2857 3529 2913 donaverunt
3569 2850 3778 2910 ecclesiis
3805 2844 3858 2898 vel

2369 2943 2714 2998 monasteriis
2767 2943 3091 2998 crediderint
3145 2945 3535 3008 auferendum,
3600 2942 3723 2996 sicut
3757 2948 3863 3005 syno-

688 3046 910 3101 moutes,
951 3037 1024 3090 ita
1049 3044 1371 3109 persequeris
1400 3043 1520 3098 illos
1559 3046 1612 3099 in
1655 3055 1956 3118 tempestate
1985 3059 2099 3115 tua,
2128 3062 2174 3107 et
2210 3053 2277 3106 in
2300 3107 2334 3118 Α
2370 3034 2471 3090 dus
2531 3043 2716 3089 sane”
2786 3034 3066 3089 consum"
3096 3075 3110 3100 ν
3187 3036 3332 3090 velut
3403 3044 3674 3092 “calores
3725 3039 3862 3118 pavpe-

693 3123 775 3177 ira
794 3134 884 3178 tua
913 3127 1144 3181 turbabis
1166 3146 1272 3184 eos.
1299 3130 1464 3202 Imple
1485 3134 1645 3202 facies
1666 3153 1844 3190 eorum
1874 3140 2178 3208 ignominia,
2206 3153 2261 3195 ut

687 3222 931 3282 quwrant
959 3231 1142 3270 nomen
1163 3226 1330 3283 tuum,
1358 3220 1591 3277 Domine.
1617 3223 1941 3281 Erubescant
1976 3226 2025 3282 et
2050 3240 2262 3285 contur-

693 3306 876 3361 bentur
897 3308 950 3360 in
976 3309 1226 3364 sa'culnm
1247 3313 1448 3380 siccati,
1474 3326 1522 3369 et
1544 3317 1938 3387 confundantur
1954 3331 2002 3375 et
2029 3333 2261 3391 pereant,

684 3405 736 3449 et
771 3409 1083 3467 cognoscant
1113 3402 1236 3470 quia
1265 3419 1448 3458 nomen
1481 3406 1571 3458 tibi
1607 3407 1888 3474 Dominus,
1921 3420 1976 3463 tu
2002 3411 2146 3467 solus
2185 3413 2265 3467 al-

691 3487 924 3542 tissimus
951 3490 1002 3542 in
1026 3492 1165 3544 omni
1189 3499 1326 3546 terra
1351 3492 1521 3559 (Psal.
1539 3499 1767 3567 Lxxxu).
1794 3498 2026 3555 Sanctus
2050 3517 2262 3572 quoque

686 3573 980 3632 Anacletus
1021 3593 1176 3648 papa,
1221 3583 1288 3636 ab
1315 3583 1428 3652 ipso
1470 3586 1627 3640 beato
1657 3587 1816 3642 Petro
1839 3591 2080 3659 apostolo
2103 3608 2259 3662 pres-

689 3665 846 3736 byter
888 3669 1186 3736 ordinatus,
1213 3682 1398 3742 postea
1437 3676 1488 3730 in
1537 3677 1663 3733 sede
1693 3679 1936 3736 Romana
1983 3699 2264 3741 successor

685 3755 832 3822 illius
878 3757 1051 3816 factus
1107 3763 1410 3833 episcopus,
1443 3781 1564 3822 cum
1596 3770 1762 3826 totius
1797 3772 1978 3826 mundi
2010 3776 2263 3831 sacerdo-

683 3843 827 3899 tibus
870 3843 1175 3913 judicavit:
1209 3868 1230 3901 ι
1269 3852 1368 3919 Qui
1418 3855 1722 3922 abstulerit,
1757 3859 2027 3929 inquiens,
2060 3862 2262 3933 aliquid

682 3933 822 3999 patri
866 3935 952 3987 vel
995 3939 1179 4002 matri,
1214 3938 1498 3996 homicida:
1526 3947 1802 4015 particeps
1825 3958 1928 4002 est.
1972 3950 2134 4007 Pater
2161 3968 2260 4006 no-

683 4027 798 4073 ster
827 4021 945 4076 sine
997 4023 1160 4079 dubio
1211 4027 1353 4082 Deus
1402 4039 1506 4095 est,
1552 4035 1644 4101 qui
1688 4050 1788 4089 nos
1815 4039 2056 4104 creavit;
2092 4049 2263 4095 mater

684 4121 814 4162 vero
863 4119 1047 4165 nostra
1085 4113 1348 4182 Ecclesia,
1391 4132 1510 4186 quae
1554 4120 1606 4174 in
1651 4122 1921 4190 baptismo
1949 4127 2263 4196 spiritaliter

686 4203 1050 4269 regeneravit.
1099 4203 1241 4274 Ergo
1265 4209 1355 4276 qui
1394 4209 1599 4266 Christi
1639 4214 1896 4281 pecunias
1923 4224 1979 4271 et
2009 4217 2262 4276 Ecclesiae

686 4289 847 4356 rapit,
893 4291 1071 4346 aufert
1113 4295 1199 4350 vel
1251 4295 1547 4366 fraudator,
1583 4303 1852 4361 homicida
1882 4316 1984 4373 est,
2012 4317 2173 4379 atque
2200 4317 2260 4368 ut

687 4382 957 4439 homicida
987 4396 1112 4442 ante
1137 4401 1483 4458 conspectum
1520 4393 1649 4462 justi
1670 4395 1869 4464 judicis
1892 4400 2253 4470 deputabitur.

687 4471 789 4538 Qui
838 4475 979 4544 rapit
1023 4480 1307 4546 pecuniam
1346 4483 1578 4552 proximi
1622 4487 1703 4540 sui
1754 4489 2091 4560 iniquitatem
2135 4509 2258 4564 ope-

688 4572 872 4630 ratur;
919 4569 1009 4636 qui
1047 4580 1224 4625 autem
1260 4588 1347 4627 res
1385 4574 1639 4632 Ecclesiae
1686 4565 1987 4648 abstulerit,
2031 4586 2253 4641 sacrile-

687 4651 831 4722 gium
861 4653 989 4709 facit
1033 4669 1089 4712 et
1130 4669 1189 4714 ut
1235 4664 1522 4734 sacrilegus
1562 4666 1882 4736 iudicandus
1909 4679 2011 4726 est.
2049 4693 2067 4726 ι
2101 4674 2252 4741 item,

687 4757 911 4804 sanctus
949 4750 1200 4808 Urbanus
1227 4770 1364 4824 papa
1393 4765 1447 4812 et
1474 4768 1678 4831 martyr
1705 4776 1719 4814 :
1755 4783 1774 4814 ‹
1815 4763 1918 4818 Res
1943 4774 1998 4820 et
2023 4765 2252 4821 faculta-

689 4845 772 4893 tes
791 4841 1173 4898 ecclesiasticae
1215 4845 1513 4902 oblationes
1553 4851 1890 4920 appellautur
1918 4893 1933 4917 ,
1984 4857 2108 4924 quia
2154 4856 2256 4910 Da-

690 4929 836 4984 mino
884 4931 1212 4995 oli‘eruutur,
1269 4943 1324 4988 et
1373 4946 1496 4990 vota
1544 4950 1669 4995 sunt
1717 4941 1951 4998 ﬁdelium
1989 4954 2042 4999 et
2085 4947 2255 5015 pretia

686 5030 1037 5089 peccatorum
1088 5032 1250 5092 atque
1303 5027 1621 5095 patrimonia
1681 5046 1995 5102 pauperum.
2033 5033 2088 5086 Si
2137 5035 2257 5103 quis

688 5107 777 5162 illa
813 5109 1067 5178 rapuerit,
1106 5123 1230 5166 reus
1276 5122 1357 5168 est
1403 5114 1762 5173 damnationis
1807 5119 2026 5173 Ananiae
2071 5130 2126 5175 et
2158 5119 2257 5174 Sa-

689 5196 878 5264 pbirzc,
906 5206 962 5251 et
985 5208 1198 5270 oportet
1229 5201 1528 5272 Imjusmodi
1555 5205 1758 5259 tradere
1786 5204 1998 5260 Satana:
2016 5247 2030 5272 ,
2073 5220 2128 5262 ut
2152 5210 2258 5279 spi-

690 5288 820 5340 ritus
859 5289 1032 5343 salrus
1074 5291 1140 5344 sit
1184 5293 1349 5346 indie
1396 5293 1607 5346 Domini
1655 5293 1706 5363 (1
1738 5293 1859 5348 Cor.
1903 5295 1977 5364 v).
2032 5317 2050 5350 ι
2102 5299 2251 5364 item,

2292 3107 2337 3169 (ἶ
2369 3138 2487 3177 rum
2520 3163 2536 3190 ,
2590 3138 2874 3194 quousque
2917 3125 3190 3191 reddant,
3244 3125 3312 3179 ab
3370 3124 3609 3181 ecclesiis
3648 3117 3860 3174 excludan-

2373 3224 2479 3269 tur.
2528 3235 2558 3268 si

2442 3304 2593 3360 Unde
2650 3319 2992 3376 summopere
3043 3318 3273 3363 caveant
3323 3310 3647 3379 potentiores
3693 3301 3860 3372 quique:

2369 3394 2739 3465 unusquisque
2779 3396 2833 3449 in
2873 3397 3062 3452 ordine
3101 3407 3156 3453 et
3204 3399 3466 3469 dignitate
3490 3413 3602 3461 sua,
3635 3409 3694 3448 ne
3715 3399 3861 3459 pmll'

2366 3496 2520 3540 mant
2547 3487 2600 3540 in
2626 3487 3023 3542 damnationem
3052 3503 3202 3542 suam
3249 3505 3337 3544 res
3377 3491 3480 3544 sibi
3521 3479 3860 3575 ecclesiastica-fi

2367 3591 2543 3648 neque
2585 3577 2830 3648 fatigent,
2860 3579 2943 3634 vel
2967 3579 3202 3649 allligant
3243 3580 3569 3636 inconsuetis
3593 3567 3862 3632 consuetudiv

2364 3669 2525 3725 nibus
2573 3670 2669 3726 Dei
2705 3671 2983 3737 ecclesias,
3018 3681 3072 3727 et
3117 3672 3231 3727 loca
3281 3685 3586 3728 sanctorum
3634 3688 3644 3722 :
3691 3663 3863 3718 scient”

2364 3758 2511 3827 ίιιιῖιιν
2567 3767 2624 3813 ut
2671 3760 3026 3830 praemisimus
3051 3801 3065 3826 ,
3114 3776 3202 3816 res
3245 3761 3616 3816 ccclesiasticze
3652 3762 3751 3808 vota
3777 3751 3861 3802 sun!

2365 3851 2622 3916 ﬁdelium,
2670 3852 2994 3922 patrimonia
3023 3867 3337 3922 pauperum,
3362 3854 3530 3922 pretia
3554 3850 3857 3920 peccatorum;

2364 3947 2421 3994 et
2448 3940 2502 3995 in
2553 3941 2778 3996 tuitione
2805 3951 2966 4010 atque
3012 3942 3322 3997 defensione
3359 3941 3555 3998 Christi
3599 3931 3857 3993 consistunt.

2364 4029 2458 4097 Qui
2501 4043 2596 4085 eas
2639 4039 2796 4086 terra:
2823 4031 3150 4101 principibus
3185 4043 3346 4101 atque
3383 4029 3691 4102 primoribus
3713 4020 3767 4074 ad
3803 4012 3862 4065 de-

2365 4116 2690 4173 fendendum
2736 4129 2792 4174 et
2819 4122 3292 4187 conservandum,
3339 4139 3445 4177 non
3491 4120 3554 4175 ad
3591 4105 3859 4205 εηιῖὲεηίξυβ

2363 4208 2450 4263 vel
2477 4211 2840 4280 usurpandum
2868 4251 2884 4277 ,
2933 4212 3050 4267 sive
3102 4214 3558 4281 prrzesumentlum
3584 4249 3597 4273 ,
3635 4199 3858 4290 commisit.

2364 4298 2522 4367 Nam,
2581 4317 2911 4373 quaecunque
2959 4305 3322 4373 praetendatur
3365 4319 3395 4358 a
3456 4303 3747 4373 quocunque
3787 4289 3859 4337 utt-

2364 4389 2564 4459 litatis,
2608 4394 2721 4449 sive
2766 4395 3100 4450 necessitatis
3145 4397 3361 4451 occasio
3387 4437 3402 4461 ,
3458 4394 3540 4449 ille
3597 4383 3748 4479 corda.
3779 4386 3858 4479 οἷ’·

2365 4482 2514 4536 nium
2541 4483 2804 4552 conspicit
2831 4523 2844 4548 ,
2893 4485 2985 4554 qui
3039 4485 3188 4538 novit
3233 4486 3578 4556 cogitationes
3625 4472 3858 4530 hominum.

2364 4581 2419 4628 et
2449 4583 2758 4629 remunerat
2787 4575 3028 4630 actiones
3053 4586 3107 4630 et
3130 4577 3292 4630 etiam
3323 4574 3658 4647 cogitationes
3688 4563 3856 4658 ἱτιςεηξξξς

2361 4676 2579 4722 neratas
2622 4666 2923 4721 nullatenus
2947 4667 3303 4737 derelinquet.
3347 4665 3601 4733 Quocirca
3631 4651 3778 4746 orariis

2360 4757 2476 4810 vult
2517 4757 2697 4812 salvus
2749 4757 2887 4821 ﬁeri,
2937 4765 2994 4811 et
3023 4758 3092 4812 ab
3117 4768 3316 4812 aeterna
3364 4767 3534 4811 morte
3581 4731 3856 4826 liliernriif‘

2362 4850 2431 4904 ad
2479 4859 2736 4902 aeternam
2788 4849 2952 4902 vitam
3008 4849 3307 4917 pervenire,
3353 4840 3690 4902 attentissima
3725 4819 3860 4881 cordis

2363 4939 2491 4995 aure
2514 4941 2767 4996 exaudiat
2811 4942 2936 5010 quid
2980 4942 3213 5010 Spiritus
3239 4951 3456 4997 sanctus
3484 4953 3576 5011 per
3596 4945 3678 4986 eos
3701 4922 3858 4976 locutus

2360 5039 2463 5097 est,
2492 5032 2684 5102 quibus
2709 5033 2845 5086 dixit
2865 5033 3121 5088 Dominus
3151 5051 3164 5086 :
3199 5033 3333 5088 Ecce
3359 5049 3449 5102 ego
3499 5011 3854 5134 vobiscummmi;

2361 5098 2597 5175 omnibus
2653 5121 2832 5174 diebus
2887 5139 3049 5192 usque
3097 5122 3166 5174 ad
3211 5117 3684 5199 consummationem

2360 5210 2576 5282 (ιιαιιιι-
2619 5212 2842 5316 κινιιικ
2889 5189 2991 5265 εί
3036 5211 3276 5316 Itone?”
3323 5211 3443 5314 εξτίε
3477 5189 3851 5316 ,τινίιίῗῗέᾶῗῖἶῖἶ

2359 5275 2450 5354 sed
2478 5300 2706 5369 Spiritus
2731 5275 2908 5354 Patris
2934 5303 3084 5354 vestri
3107 5302 3193 5371 qui
3219 5301 3446 5370 loquitur
3471 5275 3524 5351 εί,
3543 5275 3852 5390 vomant-(inn.

3743 5381 3762 5388 α.
3770 5371 3827 5388 ιι..
