4046 6284
144 325 245 381 ηε)

1597 318 1977 376 ΕΙῚΞΤΟῙΛΕ.

3321 320 3423 378 I30

2476 384 2489 413 Ι

141 434 456 490 miseritis
498 440 735 503 peccata,
788 418 1122 484 remittuntur
1157 430 1252 494 eis,
1302 439 1349 483 et
1398 445 1619 500 quorum
1655 446 1741 482 re-
1767 436 1815 495 Α
1845 430 2052 486 studuit
2076 440 2288 486 secreta
2314 429 2524 484 Domini
2553 430 2738 495 verba,
2764 429 2905 485 inter
2927 431 3173 487 mortalia
3196 432 3425 490 crimina

141 524 439 587 tinueritis,
475 530 674 575 retenta
717 529 836 575 sunt
870 518 1052 591 (Joan.
1089 517 1347 590 xx);-et.:
1376 518 1481 585 (lui
1508 536 1595 574 vos
1641 536 1740 573 au-

140 613 240 677 dit,
260 628 347 666 me
374 610 562 675 audit;
588 619 636 665 et
667 609 755 680 qui
780 626 871 663 vos
905 610 1121 679 spernit,
1146 625 1227 664 me
1255 610 1450 675 spernit
1476 607 1626 681 (Luc.
1656 608 1733 680 ι).

210 700 418 755 Dicunt
449 700 594 753 enim
626 698 702 753 illi
731 698 821 768 qui
854 698 906 753 in
936 686 1080 752 caelo
1094 706 1151 753 et
1198 698 1252 753 in
1283 706 1423 753 terra
1460 697 1738 753 miraculis

143 801 482 857 coruscant,
506 791 599 861 qui
647 800 705 847 et
744 805 919 860 usque
959 790 1121 845 hodie
1145 791 1429 859 nobiscum
1479 790 1741 844 vivuntet

143 900 269 939 eum
322 882 736 938 snecessoribus
766 882 969 936 nostris
996 896 1170 951 usque
1217 882 1269 934 in
1302 889 1621 951 perpetuum
1660 879 1739 933 vi-
1772 892 1778 901 '

144 984 275 1029 vent
295 1015 311 1039 ,
344 973 605 1043 quoniam
640 972 781 1042 apud
810 972 1095 1027 Dominum
1133 980 1218 1026 est
1262 987 1472 1027 merces
1500 987 1687 1027 eorum
1720 988 1734 1025 τ

149 1086 167 1117 ο
206 1066 419 1135 Siquis
447 1063 751 1119 oblationes
779 1063 1033 1119 Ecclesia:
1074 1072 1225 1117 extra
1274 1062 1567 1118 Ecclesiam
1598 1064 1743 1118 acci-

144 1172 274 1229 pere
294 1156 383 1212 vel
416 1158 550 1213 dare
576 1155 827 1221 voluerit,
856 1165 1052 1226 praeter
1066 1155 1453 1211 conscientiam
1478 1156 1739 1227 episcopi,

146 1250 229 1307 vel
280 1248 400 1318 ejus
444 1249 532 1304 eui
562 1248 868 1320 huiusmodi
919 1248 1096 1304 ofﬁcia
1151 1249 1441 1305 commissa
1468 1258 1615 1316 sunt,
1641 1265 1742 1307 nec

148 1356 269 1395 eum
281 1339 405 1408 ejus
419 1339 654 1394 voluerit
673 1352 834 1411 agere
847 1339 1073 1395 consilio
1089 1379 1104 1405 ,
1120 1340 1408 1396 anathema
1436 1340 1507 1396 sit
1529 1341 1735 1414 (concil.

149 1425 349 1499 Gangr.
368 1469 386 1495 ,
424 1443 551 1484 can.
580 1427 656 1500 7).
688 1447 707 1480 ›
733 1430 1034 1485 Anathema
1062 1438 1239 1485 autem
1270 1431 1658 1501 interpretatur
1686 1432 1740 1487 in

151 1517 394 1573 Romana
437 1517 623 1589 lingua
643 1518 893 1573 alienatio
915 1536 935 1585 ;
965 1520 1093 1590 quia
1132 1520 1311 1575 omnis
1334 1520 1461 1575 talia
1487 1519 1697 1577 faciens
1722 1562 1738 1587 ,

151 1609 392 1679 quandiu
429 1609 485 1662 in
515 1608 621 1664 illis
648 1610 888 1680 peccatis
918 1619 1129 1675 manet,
1160 1611 1289 1666 licet
1315 1626 1414 1666 nos
1459 1612 1697 1684 episcopi
1722 1654 1737 1680 ,

150 1698 237 1767 qui
273 1700 331 1752 in
363 1697 629 1767 apostolis
675 1708 729 1753 et
772 1714 892 1753 cum
921 1699 1179 1769 apostolis
1202 1740 1217 1765 ,
1265 1715 1370 1754 non
1405 1711 1594 1756 nostro
1627 1716 1742 1756 me—

1840 538 1902 577 ea
1925 523 2105 594 posuit
2130 522 2354 578 dicens:
2386 521 2469 576 An
2492 523 2699 576 nescitis
2725 524 2851 593 quia
2879 523 3048 594 iniqui
3070 540 3287 595 regnum
3320 525 3418 582 Dei

1843 628 1948 665 non
1998 611 2338 682 possidebunt
2365 611 2390 665 ?
2418 610 2599 666 Nolite
2636 628 2815 667 errare
2848 626 2867 663 :
2896 611 3079 684 Neque
3102 613 3378 683 fornicarii
3406 654 3423 681 ,

1840 720 2004 775 neque
2021 703 2178 758 idolis
2205 703 2480 757 servientes
2500 742 2516 769 ,
2541 719 2703 774 neque
2732 702 2979 768 adulteri,
3008 720 3172 775 neque
3203 705 3384 761 molles
3408 747 3423 773 ,

1840 810 2004 864 neque
2047 793 2400 863 masculorum
2442 794 2831 860 concubitores,
2880 811 3043 865 neque
3093 794 3271 865 fures,
3329 814 3423 851 ne-

1840 908 1939 963 que
1995 891 2186 955 avari,
2234 905 2398 960 neque
2449 888 2673 953 ebriosi,
2721 906 2884 959 neque
2937 888 3212 957 maledici,
3264 907 3429 964 neque

1842 998 2094 1052 rapaces,
2148 996 2367 1052 regnum
2402 978 2500 1033 Dei
2552 978 2888 1048 possidebunt
2936 978 2991 1049 (1
3042 978 3165 1034 Cor.
3207 981 3324 1052 v1);
3373 991 3430 1036 et

1842 1074 2037 1129 iterum
2095 1071 2267 1127 dicit:
2301 1070 2360 1125 Si
2407 1071 2524 1142 quis
2570 1069 2859 1140 fornicator
2896 1078 3006 1136 est,
3051 1080 3144 1125 aut
3201 1088 3429 1139 avarus,

1841 1173 1932 1217 aut
1983 1161 2138 1217 idolis
2179 1160 2429 1227 serviens,
2451 1169 2543 1214 aut
2571 1159 2879 1226 maledicus,
2909 1171 2999 1214 aut
3031 1160 3265 1217 ebriosus
3285 1202 3302 1229 ,
3337 1171 3428 1216 aut

1842 1273 2031 1327 rapax,
2061 1272 2179 1310 cum
2215 1253 2523 1325 hujusmodi
2543 1269 2637 1308 nec
2656 1253 2825 1307 cibum
2847 1269 3050 1308 sumere
3085 1252 3139 1325 (Ι
3174 1250 3298 1308 Cor.
3327 1254 3382 1325 v)
3407 1271 3423 1321 ;

1843 1346 1896 1403 id
1926 1353 2009 1402 est
2035 1362 2158 1401 eum
2194 1346 2285 1399 tali
2324 1361 2428 1401 non
2460 1345 2699 1411 homine,
2740 1345 2836 1399 sed
2882 1360 3005 1400 cum
3051 1345 3141 1401 tali
3193 1345 3426 1409 diabolo,

1841 1453 1948 1492 non
1976 1436 2102 1491 licet
2127 1435 2333 1491 Christi
2364 1434 2650 1505 discipulo,
2676 1433 2727 1489 id
2750 1442 2833 1489 est
2854 1433 3165 1491 Christiano
3199 1436 3427 1500 homini,

1842 1536 1968 1582 ante
1988 1525 2441 1592 satisfactionem,
2464 1525 2517 1580 id
2540 1534 2624 1581 est
2644 1525 3039 1580 correctionem
3065 1536 3227 1596 atque
3246 1540 3432 1581 emen-

1841 1599 2137 1682 dationem,
2176 1626 2232 1671 et
2269 1615 2486 1687 dignam
2527 1614 2927 1686 paenitentiam,
2965 1614 3146 1671 cibum
3191 1631 3426 1671 sumere.

1851 1705 2088 1762 Sanetus
2134 1720 2350 1777 quoque
2391 1703 2629 1761 Joannes
2672 1704 2950 1775 apostolus
2999 1704 3204 1759 electus
3247 1714 3302 1760 et
3348 1704 3432 1761 di-

150 1790 275 1855 rito,
296 1791 395 1845 sed
418 1791 597 1862 gratia
618 1790 832 1857 divina,
860 1790 1059 1862 ligandi
1079 1800 1135 1847 et
1156 1791 1396 1847 solvendi
1419 1800 1740 1863 potestatem
1770 1795 1816 1855 Β
1843 1801 2019 1855 lectus
2045 1798 2273 1865 Christi,
2304 1798 2398 1869 qui
2444 1798 2498 1854 in
2538 1798 2693 1854 caena
2742 1812 2903 1867 supra
2948 1807 3140 1868 pectus
3180 1797 3298 1868 ejus
3342 1812 3434 1854 re-

149 1883 495 1952 aeeepimus,
530 1883 801 1938 interdum
828 1883 997 1948 tardi,
1044 1883 1315 1940 interdum
1356 1884 1522 1940 divini
1552 1900 1743 1941 sensus

150 1976 346 2046 ignari,
385 1977 661 2032 interdum
694 1992 813 2048 quae
841 1978 1253 2034 committantur
1285 1979 1619 2053 nescientes,
1647 1981 1745 2035 ali-

150 2066 371 2135 quando
410 2066 575 2122 etiam
607 2067 918 2132 commissa,
947 2077 1006 2123 ut
1047 2068 1283 2139 expedit,
1321 2071 1595 2141 corrigere
1637 2087 1741 2127 non

150 2158 421 2219 valentes,
475 2173 594 2227 quae
645 2167 851 2214 statuta
894 2169 1025 2215 sunt
1068 2162 1290 2231 exsequi
1343 2162 1743 2218 dissimulamus

148 2248 234 2305 vel
261 2249 439 2304 etiam
474 2249 833 2321 negligamus,
871 2260 929 2306 ut
967 2251 1128 2307 talem
1160 2254 1436 2309 hominem
1467 2255 1534 2308 ab
1558 2254 1744 2309 Eccle-

149 2340 224 2395 sia
241 2348 302 2394 et
325 2340 564 2395 ﬁdelium
590 2342 851 2398 societate
872 2345 1405 2400 exeommunicantes
1428 2360 1534 2399 non
1564 2361 1745 2416 segre-

152 2446 339 2501 gemus
372 2449 388 2483 :
410 2429 528 2499 jam
561 2440 740 2488 tamen
767 2448 799 2487 a
845 2435 1020 2489 sacris
1046 2434 1343 2491 canonibus
1375 2438 1744 2492 excommuni-

153 2531 303 2577 catus
329 2531 391 2576 et
417 2522 822 2592 praedamnatos
844 2531 955 2588 est,
988 2525 1157 2581 donec
1185 2535 1467 2596 peccatum
1499 2526 1628 2582 illud
1652 2528 1745 2584 de-

157 2621 336 2677 serat,
371 2622 428 2668 et
458 2629 558 2685 per
583 2613 1013 2672 satisfactionem
1037 2616 1459 2675 ecclesiasticam
1488 2629 1542 2675 et
1568 2634 1745 2675 sacer-

154 2702 389 2758 dotalem
411 2706 908 2763 reconciliationem
933 2709 1146 2765 Domini
1170 2711 1401 2781 gratiam
1427 2720 1483 2767 et
1504 2710 1741 2768 ﬁdelium

153 2795 471 2851 societatem
494 2797 741 2867 recipiat.
775 2798 845 2852 Et
868 2798 1177 2869 quicunque
1203 2801 1256 2855 in
1283 2802 1522 2872 peccatis
1555 2801 1668 2858 suis
1689 2810 1744 2856 et

154 2883 354 2939 talibus
404 2884 703 2941 sceleribus
755 2886 1097 2958 implicatus,
1150 2898 1275 2945 ante
1318 2890 1742 2948 satisfactionem

154 2977 522 3030 necessariam
552 2977 719 3033 vitam
750 2978 910 3033 istam
933 2978 1136 3035 ﬁnierit
1159 3021 1175 3046 ,
1222 2982 1660 3038 communionem
1688 2988 1745 3036 et

156 3066 476 3123 serietatem
503 3083 627 3123 cum
652 3069 840 3125 electis
864 3071 916 3125 in
947 3086 1115 3144 regno
1142 3071 1238 3128 Dei
1272 3072 1472 3129 habere
1505 3073 1738 3127 nullate-

1842 1880 2052 1958 cubuit,
2091 1891 2253 1946 talem
2299 1890 2577 1946 hominem
2621 1888 2787 1945 etiam
2827 1888 3065 1944 salutare
3099 1897 3283 1943 vetat:
3319 1888 3433 1944 Nec

1842 1999 1935 2037 are
1955 1983 2024 2047 ei,
2056 1981 2332 2052 inquiens,
2361 1981 2576 2043 dixeris,
2609 1996 2773 2052 neque
2801 1981 2855 2035 in
2897 1980 3111 2035 domum
3140 1997 3257 2035 eum
3288 1996 3431 2034 rece—

1840 2074 1997 2143 peris.
2032 2072 2138 2139 Qui
2186 2074 2325 2128 enim
2365 2072 2491 2126 dicit
2532 2071 2601 2137 ei,
2632 2074 2755 2137 Ave,
2797 2072 3145 2125 communicat
3191 2064 3432 2140 operibus

1841 2164 1955 2233 ejus
1994 2162 2239 2233 malignis
2279 2161 2365 2231 (ll
2406 2160 2571 2216 Joan.
2600 2159 2678 2234 ι).
2721 2161 2787 2215 Et
2823 2162 2951 2216 item
2985 2171 3206 2217 sanctus
3232 2159 3435 2216 Paulus

1843 2253 1974 2307 dicit
2028 2253 2323 2323 unicuique
2376 2251 2688 2307 Christiano
2740 2268 2752 2304 :
2806 2250 2917 2306 Nec
2968 2253 3432 2307 communicaveris

1842 2345 2068 2413 peccatis
2097 2342 2284 2397 alienis
2311 2341 2362 2413 (ι
2396 2342 2530 2396 Tim.
2559 2343 2635 2413 v).
2664 2341 2730 2396 Et
2752 2342 3031 2409 Dominus,
3061 2344 3280 2413 quando
3305 2360 3434 2399 ven-

1845 2445 1999 2488 turus
2028 2442 2110 2488 est
2136 2432 2388 2503 judicare
2413 2433 2568 2488 vivos
2595 2441 2650 2487 ct
2677 2441 2943 2498 mortuos,
2967 2443 3024 2488 et
3053 2433 3106 2489 in
3137 2435 3429 2489 adventum

1842 2508 1975 2593 ejus.
1992 2538 2182 2579 omnes
2211 2522 2462 2579 homines
2484 2532 2771 2595 resurgent
2791 2540 2914 2579 cum
2944 2524 3266 2594 corporibus
3293 2525 3430 2589 suis,

1844 2624 1899 2669 et
1930 2614 2158 2671 reddent
2190 2614 2256 2670 de
2286 2612 2450 2669 factis
2486 2615 2722 2684 propriis
2752 2616 3040 2681 rationem,
3065 2630 3124 2670 se
3153 2616 3205 2671 in
3225 2616 3433 2687 judicio

1846 2706 2119 2762 dicturum
2150 2707 2422 2777 promittit
2447 2705 2502 2760 in
2525 2704 2818 2777 Evangelia
2848 2706 2935 2762 liis
2965 2707 3056 2777 qui
3085 2715 3305 2777 peccata
3333 2721 3433 2762 sua

1845 2796 2203 2869 eleemosynis
2232 2797 2501 2852 redimere
2529 2812 2655 2853 eum
2689 2806 2907 2868 possent
2948 2798 3236 2853 noluerunt
3279 2817 3292 2852 :
3326 2798 3432 2866 Ite,

1846 2886 2130 2951 maledicti,
2157 2888 2210 2941 in
2241 2888 2410 2958 ignem
2444 2898 2719 2954 a'ternum,
2747 2888 2838 2957 qui
2868 2897 3087 2958 paratus
3113 2896 3186 2942 est
3222 2886 3433 2942 diabolo

1846 2987 1894 3032 et
1926 2978 2127 3048 anglis
2166 2977 2283 3047 ejus
2327 2977 2544 3049 (Matth.
2578 2979 2730 3049 xxv).
2770 2978 2923 3034 Unde
2970 2979 3315 3050 cogitandum
3349 2986 3434 3034 est

1846 3069 2180 3140 raptoribus,
2219 3083 2327 3139 quo
2366 3069 2521 3124 ibunt
2565 3069 2639 3124 illi
2686 3070 2777 3139 qui
2816 3069 2993 3125 aliena
3029 3070 3262 3141 rapiunt,
3292 3069 3336 3125 si
3376 3069 3430 3124 in

155 3170 254 3211 nus
290 3158 527 3228 poterit;
557 3173 660 3213 nec
681 3159 746 3214 de
786 3159 981 3215 inferni
1024 3162 1201 3233 plenis
1231 3172 1289 3219 et
1316 3163 1620 3219 daamonum
1650 3178 1739 3218 so.
1768 3160 1814 3221 C
1845 3161 2118 3216 infernum
2166 3162 2322 3217 ibunt
2369 3160 2461 3230 qui
2506 3160 2882 3233 eleemosynas
2918 3177 3028 3218 non
3067 3161 3331 3217 fecerunt.
3362 3161 3431 3217 Et

156 3249 351 3304 eietate
382 3266 625 3321 unquam
658 3251 876 3307 liberari
901 3252 1124 3309 valebit.
1152 3254 1259 3311 Sed
1283 3266 1410 3311 sunt
1438 3254 1578 3312 forte
1610 3256 1742 3312 tales

157 3344 249 3413 qui
295 3343 578 3414 privilegia
604 3345 673 3401 de
708 3345 841 3402 locis
870 3355 925 3403 et
954 3349 1116 3404 rebus
1143 3347 1254 3404 Deo
1283 3350 1497 3417 dicatis,
1526 3362 1744 3408 sancto-

155 3449 276 3490 rum
321 3437 575 3492 manibus
596 3436 937 3506 confirmata,
963 3442 1412 3514 parvipendentes
1446 3444 1571 3512 sibi,
1617 3445 1741 3515 quia

156 3525 345 3582 volunt
362 3567 377 3591 ,
403 3543 509 3583 non
530 3529 659 3599 quia
678 3539 941 3600 possunt,
971 3535 1561 3591 excommunicationes
1590 3552 1748 3591 usur-

153 3618 441 3687 patoribus
494 3634 676 3675 rerum
721 3628 775 3675 et
821 3620 1139 3678 facultatum
1191 3625 1680 3682 ecclesiasticarum
1712 3643 1742 3683 a

154 3712 370 3766 sanctis
398 3711 608 3768 Domini
649 3714 947 3771 intentatas
989 3715 1245 3773 alleviant
1295 3718 1535 3774 dicentes
1565 3734 1623 3774 se
1647 3734 1745 3790 pro

154 3802 270 3856 hoc
297 3800 451 3855 illata
500 3803 842 3862 damnatione
861 3848 875 3871 ,
909 3806 961 3861 id
989 3815 1074 3862 est
1094 3808 1459 3864 anathematis
1489 3808 1702 3863 vinculo
1725 3847 1741 3875 ,

153 3906 275 3947 non
312 3893 502 3948 teneri.
538 3894 611 3950 De
642 3897 837 3968 quibus
864 3904 1084 3954 sanctus
1109 3897 1406 3970 Gregorius
1433 3897 1489 3953 in
1518 3897 1744 3968 epistola

156 3984 231 4037 ad
258 3983 628 4041 Theoctistam
669 3986 953 4058 patriciam
979 3989 1109 4045 dicit
1137 4007 1150 4044 :
1205 4009 1224 4042 ‹
1256 3989 1383 4061 ipsi,
1436 3989 1695 4061 inquiens
1727 4030 1743 4057 ,

160 4074 264 4131 sibi
292 4086 459 4133 testes
490 4088 658 4144 sunt,
688 4080 813 4150 quia
847 4079 1144 4137 Christiani
1172 4097 1279 4136 non
1305 4089 1468 4147 sunt,
1500 4082 1591 4151 qui
1616 4081 1748 4152 liga-

163 4177 343 4223 menta
384 4179 587 4225 saneta:
608 4170 864 4228 Ecclesia:
888 4173 1043 4228 vanis
1077 4188 1135 4228 se
1158 4173 1430 4229 aestimant
1460 4174 1747 4230 conatibus

162 4258 403 4324 solvere;
436 4274 501 4315 ac
522 4275 620 4331 per
646 4263 748 4317 hoc
778 4279 878 4319 nec
901 4263 1299 4320 absolutionem
1328 4274 1532 4320 sanctae
1554 4264 1746 4320 Eccle-

162 4354 285 4418 siae,
316 4369 481 4424 quam
514 4365 737 4426 praestat
763 4356 1037 4425 fidelibus,
1064 4370 1252 4414 veram
1283 4367 1513 4429 putant,
1546 4360 1591 4415 si
1615 4348 1747 4432 liga-

166 4448 319 4496 turas
340 4440 459 4511 ejus
483 4444 666 4501 valere
693 4461 797 4500 non
839 4432 1129 4502 aestimant.
1156 4432 1358 4502 Contra
1384 4463 1518 4517 quos
1545 4448 1747 4504 diutius

1846 3256 1977 3311 item
2004 3254 2266 3311 Dominus
2293 3270 2392 3325 per
2431 3253 2625 3309 Isaiam
2668 3255 2990 3324 prophetam
3031 3255 3163 3310 dicit
3202 3242 3449 3326 raptori--

1846 3346 1988 3402 bus:
2024 3344 2231 3416 Rapina
2259 3347 2504 3416 pauperis
2549 3346 2605 3400 in
2637 3346 2791 3400 domo
2818 3355 2986 3401 vestra
3018 3345 3151 3418 (Isa.
3184 3345 3301 3418 ut);
3332 3354 3387 3401 et
3413 3363 3428 3401 :

1802 3514 1809 3520 .
1847 3439 2120 3511 Lacryma:
2160 3438 2334 3493 viduae
2378 3438 2449 3493 ad
2480 3437 2755 3494 maxillam
2796 3439 3113 3494 descendunt
3133 3455 3154 3506 ;
3180 3449 3225 3493 et
3253 3438 3433 3493 excla-

1844 3532 2008 3586 matio
2036 3531 2152 3603 ejus
2193 3548 2346 3602 super
2363 3531 2699 3586 deducentem
2727 3548 2849 3597 eas;
2871 3548 2903 3585 a
2925 3529 3141 3585 maxilla
3168 3531 3223 3584 in
3246 3528 3431 3584 caelum

1846 3639 2025 3677 coram
2068 3622 2175 3676 Deo
2212 3621 2519 3688 ascendunt,
2559 3631 2606 3675 et
2639 3621 2891 3675 Dominus
2941 3638 3043 3674 non
3088 3619 3432 3675 delectabitur

1845 3715 1901 3769 in
1936 3714 2041 3769 illis
2091 3711 2282 3784 (Eccli.
2315 3711 2504 3783 xxxv),
2542 3712 2749 3767 scilicet
2794 3712 2966 3766 vidua:
3017 3711 3295 3780 lacrymis,
3336 3709 3429 3779 qui

1848 3813 2005 3874 pater
2046 3803 2422 3873 orphanorum
2469 3811 2520 3857 et
2568 3801 2820 3857 defensor
2855 3801 3140 3855 viduarum
3186 3800 3433 3870 queritur

1847 3903 2039 3954 contra
2079 3894 2289 3965 iudices
2332 3894 2518 3950 (licens
2548 3911 2563 3949 :
2594 3892 2771 3948 Causa
2808 3893 2978 3949 vidua:
3009 3911 3112 3948 non
3144 3892 3436 3964 ingreditur

1850 3989 1919 4044 ad
1951 4006 2038 4044 eos
2072 3980 2207 4060 (lsa.
2234 3986 2300 4057 ι).
2335 3985 2674 4057 Quapropter
2700 3985 2875 4040 sciant
2904 3993 3167 4056 raptores,
3199 3985 3252 4037 in
3282 3981 3437 4052 cujus

1852 4082 2015 4138 domo
2043 4081 2157 4137 sive
2189 4080 2452 4152 corporis,
2483 4081 2596 4136 sive
2626 4080 2945 4146 mansionis,
2972 4080 3157 4150 rapina
3185 4088 3270 4134 est
3297 4094 3434 4149 pau-

1849 4175 2015 4245 peris,
2043 4173 2168 4244 quia
2194 4187 2301 4227 non
2323 4171 2532 4228 habitat
2556 4173 2610 4226 in
2637 4170 2727 4226 illa
2751 4171 2909 4226 domo
2935 4169 3169 4242 Spiritus
3188 4181 3432 4233 sanctus,

1852 4264 1948 4321 sed
1982 4264 2208 4335 spiritus
2235 4263 2523 4334 malignus.
2557 4263 2626 4318 Et
2665 4263 2711 4319 si
2750 4262 2959 4319 accedit
2999 4263 3065 4318 ad
3101 4263 3435 4319 communio-

1852 4372 1977 4411 nem
2025 4355 2272 4426 corporis
2298 4364 2354 4410 et
2396 4354 2674 4426 sanguinis
2704 4353 2905 4410 Christi
2943 4362 3069 4409 ante
3099 4354 3313 4425 dignam
3344 4369 3434 4410 sa-

1853 4444 2245 4510 tisfactionem,
2273 4459 2380 4500 non
2412 4443 2702 4499 mandatur
2721 4458 2817 4514 per
2837 4442 2978 4498 illam
3001 4443 3447 4513 communionem

163 4529 545 4600 disputandum
575 4548 680 4589 non
708 4544 814 4601 est,
839 4536 964 4606 quia
991 4551 1089 4607 per
1128 4536 1310 4592 omnia
1334 4536 1661 4607 despiciendi
1692 4546 1747 4592 et
1773 4520 1826 4582 D
1855 4551 1884 4591 a
1914 4543 2161 4608 peccato,
2193 4534 2286 4589 sed
2323 4534 2536 4605 plenius
2570 4535 2877 4604 possidetur
2917 4550 2949 4588 a
2994 4534 3208 4592 diabolo
3248 4553 3261 4589 :
3294 4535 3439 4590 sicut

165 4623 662 4680 anathematizandi
703 4634 858 4692 sunt;
894 4634 950 4681 et
979 4627 1120 4683 unde
1151 4642 1211 4682 se
1240 4626 1425 4682 fallere
1465 4627 1744 4683 veritatem

166 4712 425 4778 credunt,
458 4712 582 4769 inde
625 4715 677 4769 in
720 4717 956 4786 peccatis
983 4717 1096 4772 suis
1131 4718 1400 4773 veraciter
1426 4717 1681 4789 ligantur.
1721 4739 1740 4770 ι

167 4799 226 4856 Si
270 4801 365 4873 qui
414 4813 541 4861 sunt
568 4805 732 4876 igitur
755 4807 846 4877 qui
889 4808 989 4862 sub
1023 4808 1241 4864 nomine
1289 4807 1598 4864 Christiano
1631 4808 1747 4864 haec

167 4905 259 4952 aut
282 4898 584 4967 prmdicare
608 4901 833 4966 audent,
864 4910 959 4955 aut
990 4902 1137 4956 taciti
1162 4902 1304 4972 apud
1325 4902 1648 4973 semetipsos
1669 4912 1746 4961 te-

165 5002 323 5056 nere,
355 5005 451 5047 eos
468 4999 525 5047 et
550 5007 671 5064 ego,
715 5004 770 5050 et
800 5008 989 5050 omnes
1015 4994 1269 5051 catholici
1296 4996 1558 5066 episcopi,
1584 5005 1745 5066 atque

166 5080 419 5135 universa
452 5081 713 5151 Ecclesia,
747 5086 1272 5141 anathematizamus
1331 5126 1345 5151 ,
1379 5087 1505 5157 quia
1532 5087 1746 5143 veritati

163 5171 441 5227 contraria
473 5175 713 5230 sentiunt
740 5185 795 5231 et
824 5178 1096 5233 contraria
1124 5177 1439 5250 loquuntur.

232 5261 463 5333 Rapina:
492 5281 706 5338 quoque
729 5275 784 5325 et
817 5269 1252 5340 depraedationes
1280 5284 1399 5339 qua:
1425 5269 1479 5324 in
1521 5268 1640 5324 istis
1661 5285 1746 5324 re-

162 5354 283 5423 gnis
303 5355 421 5426 jam
442 5372 509 5413 ex
532 5360 919 5445 consuetudine
940 5361 1018 5417 sic
1038 5362 1106 5416 ab
1125 5361 1383 5433 omnibus
1402 5375 1540 5430 pene
1556 5369 1747 5449 teneo;

162 5453 271 5512 tur,
312 5449 470 5518 quasi
502 5460 720 5519 peccata
758 5467 862 5507 non
891 5453 1033 5518 sint,
1065 5461 1158 5529 aut
1179 5451 1332 5529 quasi
1360 5450 1495 5506 levia
1526 5458 1745 5520 peccata

161 5536 304 5604 sint,
346 5549 579 5613 sanctus
626 5541 825 5599 Paulus
849 5528 1161 5619 apostolus,
1194 5528 1297 5615 per
1347 5559 1507 5614 quem
1539 5530 1746 5621 locutus

159 5637 242 5683 est
272 5628 621 5715 Christushezt
646 5635 736 5705 qui
767 5644 1056 5718 antequam
1084 5637 1273 5718 mortis
1296 5633 1536 5718 debitum
1566 5620 1747 5718 solve-'-

160 5728 272 5788 ret,
307 5722 375 5777 ad
406 5710 626 5781 tertium
650 5710 932 5784 cu-luntet
952 5710 1261 5800 paradisum
1287 5714 1389 5786 fuit
1418 5738 1622 5809 raptus,
1655 5710 1747 5784 ubi

1850 4625 2041 4693 ludas,
2072 4626 2289 4696 quando
2319 4626 2371 4679 in
2405 4638 2617 4680 etenam
2645 4623 2979 4680 Dominicam
3006 4624 3194 4695 plenus
3223 4608 3432 4695 rapina”,

1850 4716 2249 4789 et‘iniquitate,
2274 4723 2329 4770 et
2373 4715 2603 4770 avaritia
2646 4723 2807 4784 atque
2847 4715 3162 4786 cupiditate,
3193 4730 3436 4771 eorumn-

1851 4809 2034 4864 nicare
2079 4792 2420 4879 praesumpsit
2448 4804 2516 4860 de
2547 4821 2709 4861 manu
2752 4806 2966 4862 Domini
3011 4805 3329 4861 Salvatoris.
3365 4803 3434 4859 Et

1849 4900 1989 4957 forte
2032 4899 2169 4955 tales
2215 4908 2394 4963 erunt,
2426 4914 2549 4954 eum
2593 4898 2711 4956 haec
2745 4899 3031 4965 audierint,
3068 4899 3161 4969 qui
3200 4898 3378 4954 dicant
3412 4909 3428 4950 :

1849 4997 1966 5055 Non
1996 4994 2539 5052 communicabimus.
2573 4992 2680 5050 Sed
2707 4994 2902 5059 sciant,
2929 4993 3057 5064 quia
3086 4992 3226 5047 sicut
3252 4990 3433 5046 Domi-

1847 5104 1953 5144 nus
1978 5086 2116 5142 dixit
2139 5104 2153 5141 :
2186 5085 2308 5155 Nisi
2332 5084 2449 5161 quis
2486 5094 2697 5139 renatus
2722 5071 2965 5161 fuerit'ex
2987 5099 3123 5155 aqua
3150 5091 3199 5137 et
3226 5079 3430 5150 Spiritu

1848 5187 2053 5242 sancto,
2085 5192 2188 5229 non
2235 5173 2453 5246 intrabit
2491 5173 2544 5226 in
2576 5188 2789 5242 regnum
2824 5160 3075 5227 'cazlorum
3106 5167 3295 5240 (Joan;
3320 5165 3427 5237 tu),

1850 5261 1927 5326 ita
1959 5269 2135 5325 dixit:
2173 5265 2292 5322 Nisi
2329 5248 2771 5343 manducaueritis
2805 5248 3018 5318 carnem
3047 5275 3234 5325 nteant,
3263 5268 3309 5313 et
3349 5258 3430 5312 lti—

1851 5342 2044 5438 beritis
2064 5342 2234 5437 meum
2265 5340 2588 5435 sanguinem,
2617 5373 2719 5438 non
2744 5353 2996 5433 habebitis
3020 5353 3175 5407 vitam
3205 5351 3259 5403 in
3286 5349 3427 5405 vobis

1850 5428 2044 5536 (.loa’p‘.’
2064 5428 2141 5522 vi)
2160 5430 2439 5535 ;"et‘sicut
2469 5428 2606 5533 dixit
2637 5430 2656 5502 τ’
2685 5428 2789 5536 Qui
2822 5428 3098 5515 crediderit
3121 5454 3167 5497 et
3193 5443 3431 5514 baptiza—

1848 5526 1931 5625 tus
1967 5526 2350 5625 [uterimsal‘uus
2381 5538 2479 5625 erit
2516 5526 2879 5625 (Harman);
2924 5534 3001 5601 ita
3035 5532 3198 5611 etiam
3243 5534 3427 5590 dixit:

1851 5608 2299 5707 b‘uimman‘tlucait
2342 5614 2558 5707 carnem,
2601 5610 2805 5707 meum,
2852 5616 3071 5706 et'bibit
3122 5624 3429 5701 sanguinem

1848 5714 2047 5792 meum,
2068 5702 2124 5780 iit
2169 5702 2252 5779 me
2284 5696 2482 5799 induet,
2505 5706 2551 5774 et
2572 5696 2763 5789 {ego'in
2791 5732 2883 5793 eo;
2913 5726 2963 5773 et
2982 5696 3081 5790 ego
3110 5716 3429 5811 resuscitaba
