4018 5392
595 362 690 418 151

1545 351 1870 408 lllNCMARI
1913 348 2318 405 RHEMENSIS
2359 347 2883 404 ARCHIEPISCOPI

3768 353 3865 406 {32

595 492 713 532 eum
758 475 808 528 in
860 473 1134 528 novissimo
1161 471 1265 535 die,
1295 479 1339 522 et
1379 484 1480 520 non
1517 468 1766 520 morietur
1818 467 1869 519 in
1919 476 2170 519 mternum
2200 465 2243 524 Λ
2277 469 2387 517 tate
2434 463 2503 517 sit
2556 465 2784 532 quisque
2831 462 3200 527 Christianus,
3246 465 3312 518 ad
3367 479 3460 520 vos
3509 479 3578 520 ex
3637 464 3865 521 Domino

525 597 536 606 ι
597 566 780 638 (Joan.
831 563 928 633 vr).
982 562 1271 632 Propterea
1324 557 1526 611 nullum
1579 556 1719 610 aliud
1770 564 1939 610 restat
1987 553 2178 608 salutis

598 655 888 726 refugium,
923 652 1024 708 nisi
1068 657 1126 703 ut
1174 647 1406 702 declinet
1434 646 1678 715 quisquis
1707 645 1822 699 vult
1850 645 2030 699 salvus
2058 641 2176 698 ﬁeri

602 743 670 798 ab
714 743 832 797 istis
871 739 1026 794 malis
1077 745 1132 792 et
1159 737 1226 792 ab
1256 735 1374 789 aliis
1401 734 1716 789 mortalibus
1752 733 2088 797 criminibus,
2121 740 2176 786 et

596 850 693 904 per
725 830 1096 902 paenitentiam
1129 825 1509 881 reconcilietur
1537 825 1672 889 Deo,
1709 831 1764 878 et
1810 821 2176 878 communicet

597 923 824 976 vivilicis
877 919 1179 990 mysteriis,
1227 926 1286 971 ut
1334 917 1520 971 vivere
1569 915 1746 969 valeat
1791 914 1844 968 in
1891 921 2173 969 aeternum.

598 1009 740 1066 Nihil
781 1011 924 1065 enim
965 1009 1185 1079 prodest
1216 1007 1304 1062 ulli
1343 1006 1545 1062 homini
1576 1008 1620 1060 si
1648 1006 1985 1060 Christianus
2012 1018 2175 1058 voca-

602 1111 708 1167 tur,
748 1101 791 1156 si
835 1115 998 1170 opera
1042 1097 1265 1162 Christi,
1300 1114 1417 1168 quae
1463 1097 1712 1168 przecepit
1742 1096 1856 1166 ipse
1901 1093 2173 1157 Christus,

601 1206 708 1246 non
760 1189 989 1244 fecerit:
1021 1190 1128 1243 imo
1169 1192 1330 1242 etiam
1385 1188 1555 1259 magis
1600 1190 1666 1242 ad
1719 1202 1872 1241 suum
1914 1185 2177 1257 judicium

599 1279 941 1337 Christianus
976 1288 1219 1343 vocatur,
1252 1278 1341 1348 qui
1393 1279 1492 1332 sub
1537 1277 1753 1332 nomine
1789 1275 1986 1330 Christi
2037 1273 2178 1328 idola

599 1369 728 1425 colit
761 1369 978 1424 diaboli.
1009 1368 1127 1438 Ipsa
1155 1367 1298 1422 enim
1333 1364 1567 1429 Veritas,
1596 1380 1715 1436 quae
1742 1364 1884 1419 Deus
1918 1372 2018 1426 est,
2048 1378 2176 1433 pro-

601 1470 851 1526 testatur,
885 1460 1009 1528 quia
1058 1458 1147 1528 qui
1195 1458 1362 1514 servit
1401 1471 1721 1510 mammona:
1762 1455 1863 1522 (sic
1894 1454 2038 1510 enim
2073 1454 2178 1507 da:-

599 1566 724 1604 mon
758 1549 1068 1604 divitiarum
1107 1547 1429 1616 praepositus
1457 1542 1776 1615 appellatur)
1809 1541 2021 1598 diabolo
2066 1557 2180 1597 ser-

598 1641 696 1707 vit,
730 1640 814 1695 vel
859 1639 996 1694 idola
1041 1637 1170 1692 colit
1216 1635 1409 1691 diaboli
1439 1653 1451 1690 :
1485 1636 1574 1706 qui
1611 1634 1776 1690 servit
1812 1633 2058 1698 lu'xurim,
2087 1647 2181 1686 vo-

599 1734 792 1789 luntati
842 1734 1021 1788 carnis
1055 1733 1152 1804 pro
1183 1732 1290 1786 Deo
1318 1731 1520 1798 servit;
1563 1729 1704 1785 unde
1748 1719 2010 1799 scriptum
2043 1737 2130 1783 est
2162 1746 2174 1782 :

603 1825 784 1879 Gloria
814 1842 994 1879 eorum
1023 1826 1077 1878 in
1108 1823 1410 1892 confusione
1438 1832 1510 1875 est
1540 1820 1756 1892 (Philip.
1790 1820 1896 1890 ιιι),
1929 1820 1980 1873 id
2013 1827 2094 1874 est
2122 1817 2177 1872 in
2209 1805 2252 1863 Β

603 1913 929 1984 genitalibus
975 1912 1253 1976 membris,
1293 1926 1412 1982 quae
1446 1910 1603 1981 vulgo
1644 1909 1947 1965 verecunda
1996 1907 2178 1978 appel-

603 2003 803 2058 lantur.
834 2001 1000 2057 Deum
1039 2000 1235 2071 quippe
1273 1999 1551 2068 Scriptura
1598 1997 1827 2069 gloriam
1871 1996 2176 2066 appellavit,

602 2109 724 2163 qua:
755 2092 887 2147 dicit
927 2091 993 2146 de
1030 2091 1231 2146 ludatis
1262 2109 1273 2142 :
1304 2088 1641 2142 Mutaverunt
1683 2086 1906 2158 gloriam
1937 2101 2087 2139 suam
2125 2085 2178 2138 in

603 2181 998 2236 similitudinem
1024 2179 1170 2234 vituli
1195 2178 1510 2233 romedentis
1534 2175 1710 2246 fenum
1742 2173 1914 2244 (Psal.
1940 2172 2044 2243 cv).
2073 2171 2179 2226 Sed

603 2284 658 2330 et
690 2275 757 2329 de
785 2274 864 2329 eis
894 2273 986 2344 qui
1013 2272 1315 2344 gloriantur
1340 2269 1556 2341 quando
1587 2283 1683 2324 sua
1709 2267 1929 2321 libidine
1958 2264 2178 2320 castita-

604 2377 712 2422 tem
740 2373 1068 2435 expugnant,
1095 2371 1151 2419 et
1175 2362 1400 2416 aliorum
1429 2368 1576 2416 toros
1604 2357 1895 2422 maculant,
1919 2357 2034 2411 haec
2061 2369 2182 2426 qua:

605 2469 768 2525 supra
801 2455 940 2509 idem
971 2453 1101 2509 dicit
1137 2451 1466 2523 Apostolus:
1497 2446 1680 2503 Gloria
1713 2449 1767 2501 in
1801 2445 2057 2517 pudendis
2091 2461 2179 2498 eo-

607 2561 722 2598 rum
745 2533 834 2616 qui
857 2555 1062 2598 terrena
1092 2542 1299 2612 sapiunt
1323 2539 1542 2613 (Philip.
1569 2539 1673 2606 In);
1705 2545 1759 2593 et
1787 2537 1914 2591 alibi
1941 2535 2185 2604 Scriptu-

607 2649 667 2688 ra
700 2650 717 2688 :
746 2634 1016 2688 Lretantur
1037 2649 1153 2686 cum
1178 2632 1312 2686 male
1337 2632 1570 2701 fecerint,
1595 2641 1641 2684 et
1664 2628 1924 2683 exsultant
1948 2629 2001 2682 in
2031 2627 2182 2680 rebus

606 2725 842 2796 pessimis
872 2721 1053 2792 (Prov.
1083 2724 1166 2793 ιι).
1201 2723 1400 2777 Contra
1431 2720 1573 2790 quod
1603 2719 1844 2790 praecipit
1870 2726 1927 2771 ut
1955 2717 2046 2787 qui
2065 2716 2179 2787 glo-

609 2819 801 2880 riatur,
850 2816 903 2869 in
945 2815 1170 2868 Domino
1220 2813 1470 2884 glorietur
1516 2811 1566 2881 (1
1606 2811 1728 2865 Cor.
1761 2811 1819 2881 ι).
1866 2808 1967 2876 Qui
2016 2808 2184 2864 servit

611 2909 873 2971 avaritize,
906 2907 1046 2961 idola
1093 2906 1238 2971 colit,
1272 2905 1413 2960 sicut
1444 2903 1640 2959 Paulus
1685 2903 1818 2958 dicit
1847 2901 1963 2969 :._Et
1997 2902 2183 2971 avari-

611 3001 738 3056 tiam
767 3016 883 3070 qua:
909 3008 981 3052 est
1011 2997 1275 3051 idolorum
1304 2997 1524 3051 servitus
1549 2994 1768 3068 (Coloss.
1802 2994 1906 3066 ιιι).
1933 2965 2034 3062 ch
2068 3009 2182 3048 ser-

609 3094 687 3147 vit
716 3092 850 3162 gula:
876 3099 930 3146 et
963 3090 1233 3152 ebrietati,
1263 3099 1508 3145 ventrem
1551 3103 1650 3158 pro
1691 3087 1803 3143 Deo
1844 3086 2001 3153 colit;
2041 3086 2182 3142 unde

611 3151 745 3238 item
763 3181 893 3236 dicit
923 3199 934 3235 :
964 3179 1200 3247 Quorum
1222 3151 1362 3234 Deus
1388 3151 1650 3234 venter-est
1674 3175 1893 3250 (Philip.
1924 3151 2030 3248 ιιι).
2055 3177 2184 3245 Qua:
2211 3151 2256 3213 C

613 3272 685 3324 ita
716 3286 822 3326 non
861 3271 1048 3340 utique
1086 3270 1151 3325 ad
1193 3271 1506 3342 dignitatem
1548 3270 1959 3336 dominantium,
1992 3270 2086 3325 sed
2117 3269 2185 3324 ab

612 3363 927 3420 infelicitate
965 3363 1360 3429 famulantium,
1390 3363 1468 3419 sie
1496 3363 1727 3433 appellat
1753 3361 2060 3433 Apostolus.
2084 3362 2184 3429 Qui

614 3454 862 3520 fratrem,
895 3455 948 3510 id
989 3462 1072 3510 est
1103 3455 1468 3511 Christianum
1521 3455 1817 3519 hominem,
1851 3455 2050 3525 injuste
2091 3470 2188 3524 per

613 3549 909 3621 potentiam
954 3548 1245 3618 opprimit;
1300 3556 1393 3601 aut
1436 3561 1534 3616 pro
1556 3547 1867 3616 acceptione
1902 3561 2186 3601 munerum

610 3638 874 3708 justitiam
903 3639 1051 3705 l‘acit,
1082 3638 1353 3694 diabolum
1384 3638 1644 3703 imitatur,
1675 3646 1729 3692 et
1758 3636 2026 3705 justitiam
2055 3651 2188 3691 ven-

615 3733 716 3797 dit,
741 3747 861 3802 quae
890 3717 1138 3787 Christus
1176 3739 1278 3797 est,
1324 3731 1508 3800 sicque
1546 3730 1737 3786 similis
1772 3729 1922 3786 Judae
1954 3740 2056 3786 est.
2088 3721 2191 3797 Qui

615 3824 899 3879 veritatem
930 3823 1190 3893 pervertit
1222 3838 1320 3892 pro
1351 3823 1570 3887 invidia,
1601 3831 1695 3877 aut
1734 3822 2018 3878 veritatem
2063 3824 2193 3877 reti-

617 3923 724 3980 cet,
757 3924 848 3968 aut
878 3915 1009 3968 dicit
1034 3929 1133 3982 pro
1175 3914 1506 3977 muneribus,
1539 3913 1807 3968 diabolum
1847 3913 2108 3977 imitatur,
2139 3923 2194 3968 et

615 4003 769 4058 Iuda:
797 4002 991 4056 similis
1019 4011 1121 4056 est.
1148 4001 1215 4054 Et
1244 4002 1322 4055 sic
1362 4002 1428 4056 de
1471 4004 1682 4057 caeteris
1705 4003 1852 4057 vitiis
1894 4003 2195 4071 intelligen-

617 4092 746 4149 dum
792 4105 895 4149 est.
947 4095 1014 4148 Et
1059 4094 1148 4148 cui
1193 4091 1328 4147 vitio
1377 4094 1603 4163 quisque
1646 4095 1832 4159 servit,
1863 4093 1939 4147 illi
1983 4093 2196 4149 diabolo

620 4186 896 4256 subjectus
927 4192 1011 4240 est
1037 4185 1128 4254 qui
1152 4183 1327 4240 eidem
1354 4184 1487 4239 vitio
1513 4185 1829 4254 praepositus
1857 4193 1960 4251 est,
1989 4194 2043 4240 et
2073 4201 2195 4241 cum

619 4289 685 4330 eo
709 4274 828 4328 sine
855 4273 959 4327 [ine
981 4272 1336 4343 torquebitur,
1364 4272 1468 4326 nisi
1497 4273 1651 4343 digne
1678 4281 1832 4328 antea
1859 4275 2192 4344 pmnituerit.

622 4365 689 4418 Et
731 4378 800 4418 ne
850 4362 1123 4433 principes
1170 4371 1348 4428 teme,
1380 4361 1462 4416 vel
1511 4361 1736 4431 quilibet
1773 4363 2085 4430 Christiani,
2116 4364 2197 4419 di-

623 4466 750 4514 cant
780 4476 793 4511 :
829 4457 1124 4529 Episcopis,
1159 4457 1486 4530 presbyteris
1514 4464 1568 4512 et
1597 4459 1878 4516 monachis
1921 4460 2194 4516 strictiora

624 4559 893 4618 pnecepta
929 4549 1074 4605 dedit
1114 4549 1286 4616 Deus;
1320 4563 1418 4604 nos
1461 4548 1553 4620 qui
1598 4549 1845 4604 homines
1867 4549 1986 4606 laici
2017 4559 2070 4605 et
2095 4567 2196 4607 sae-

626 4639 837 4693 culares
874 4655 1077 4702 sumus,
1109 4639 1225 4694 haec
1263 4641 1442 4694 omnia
1479 4641 1757 4695 attendere
1792 4656 1898 4696 non
1937 4642 2196 4710 valemus,

559 4747 572 4756 δ
627 4729 850 4784 audiant
891 4730 1018 4800 quid
1057 4730 1318 4784 Dominus
1354 4730 1409 4783 in
1449 4729 1738 4801 Evangelia
1775 4732 1917 4786 dicat
1946 4750 1958 4786 :
1986 4731 2090 4798 Qui
2127 4742 2199 4788 est

627 4837 692 4875 ea:
719 4821 852 4886 Deo,
885 4821 1038 4876 verba
1077 4821 1176 4875 Dei
1205 4821 1388 4885 audit;
1413 4831 1684 4892 propterea
1726 4839 1812 4877 vos
1843 4839 1948 4877 non
1983 4824 2199 4891 auditis,

626 4909 752 4979 quia
785 4925 850 4963 ea:
871 4908 982 4963 Deo
1011 4925 1112 4963 non
1143 4910 1264 4964 estis
1291 4909 1471 4980 (Joan.
1499 4909 1640 4980 γιιι).
1669 4911 1735 4964 Et
1762 4911 1855 4980 qui
1884 4927 1990 4966 non
2021 4919 2104 4966 est
2134 4927 2202 4966 ex

629 4998 759 5064 Deo,
785 5007 996 5052 certum
1041 5007 1126 5054 est
1165 4999 1396 5068 quia-ex
1436 4998 1631 5054 diaboli
1666 5009 1819 5069 parte
1849 5009 1951 5054 est.
1979 5001 2043 5054 Et
2071 5000 2202 5070 quid

629 5087 954 5153 lucrabitur,
999 5087 1045 5143 si
1093 5087 1257 5143 etiam
1301 5096 1472 5142 totum
1518 5089 1776 5142 mundum
1822 5089 2101 5154 habuerit,
2147 5097 2203 5144 et

630 5177 825 5232 anima:
867 5191 977 5233 sua:
1011 5176 1393 5232 detrimentum
1430 5178 1698 5246 patiatur?
1728 5177 1834 5232 Aut
1861 5193 2021 5249 quam
2054 5179 2204 5234 dabit

633 5267 795 5321 homo
822 5269 1298 5323 commutationem
1328 5283 1426 5338 pro
1454 5267 1634 5320 anima
1677 5268 1812 5320 sua?
1852 5268 2056 5323 ldcireo
2086 5269 2201 5338 qui-

635 5369 843 5392 mmnna
888 5366 966 5392 nat
1014 5357 1174 5392 hnmn
1235 5358 1411 5392 ηιηιίσιι
1460 5357 1727 5392 ("naniam
1770 5356 1868 5392 eihi
1918 5357 2200 5392 “nrninnm

2279 553 2526 607 mandata
2567 553 2873 622 dirigimus,
2898 554 2988 622 qui
3018 554 3083 609 de
3113 556 3362 610 omnibus
3396 557 3715 611 hominibus
3740 558 3866 612 dicit

2275 630 2421 696 omni
2463 644 2756 713 episcopo:
2792 643 2867 696 Tu
2895 654 3069 698 autem
3113 646 3331 700 audiens
3376 647 3648 700 nuntiabis
3692 648 3772 700 eis
3805 664 3865 701 ea:

2276 751 2357 788 me
2403 735 2619 806 (Ezech.
2669 743 2886 806 χχχιιι).
2931 732 3016 789 Ex
3047 753 3144 801 me,
3193 737 3386 807 inquit,
3414 746 3468 791 et
3499 755 3628 801 non,
3665 739 3753 793 Ex
3795 749 3862 794 te.

2277 823 2565 893 Propterea
2623 824 2740 880 lure
2789 826 2929 880 sicut
2977 825 3188 880 Domini
3242 828 3494 881 mandata
3542 828 3864 897 suscipite:

2275 913 2430 982 cujus
2455 915 2708 984 potentia:
2735 932 2840 970 non
2866 917 3111 985 potestis,
3145 927 3199 972 et
3226 917 3378 986 cujus
3403 918 3671 973 voluntati
3701 929 3868 988 atque

2277 1006 2531 1060 mandato
2586 1022 2694 1061 non
2751 1007 2956 1062 debetis
3008 1009 3290 1072 resistere,
3343 1009 3386 1065 si
3441 1026 3549 1064 non
3590 1009 3764 1064 vultis
3810 1019 3866 1064 ut

2277 1099 2441 1152 vestri
2479 1098 2683 1168 proprii
2736 1098 2938 1153 inimici
2985 1099 3147 1154 saluti
3185 1109 3378 1156 vestrae
3415 1102 3704 1157 obsistere.
3759 1100 3867 1156 Nos

2279 1198 2456 1244 autem
2499 1189 2623 1244 talia
2663 1190 2816 1245 vobis
2861 1198 3041 1246 tacere
3081 1207 3182 1248 nec
3219 1207 3502 1262 possumus
3542 1206 3644 1246 nec
3689 1191 3864 1246 aude-

2278 1294 2417 1340 mus.
2448 1281 2644 1351 quibus
2680 1281 2937 1336 Dominus
2976 1295 3074 1351 per
3111 1283 3430 1353 prophetam
3474 1283 3608 1337 dicit
3637 1283 3790 1352 quod
3819 1283 3862 1336 si

2279 1388 2385 1426 non
2423 1374 2922 1429 annuntiaverimus
2948 1375 3123 1439 vobis,
3160 1372 3477 1445 sanguinem
3507 1383 3756 1430 vestrum
3800 1376 3865 1431 de

2280 1477 2440 1516 manu
2488 1470 2673 1516 nostra
2718 1463 2976 1534 requiret.
3008 1463 3073 1516 Et
3112 1464 3180 1516 ah
3223 1463 3328 1517 illis
3361 1463 3612 1518 Patribus
3638 1470 3693 1517 et
3717 1477 3856 1532 pra:-

2281 1552 2663 1606 decessoribus
2725 1553 2955 1616 nostris,
3014 1567 3241 1621 quorum
3301 1553 3446 1607 vices
3503 1565 3754 1609 tenemus
3811 1555 3864 1609 in

2283 1643 2466 1708 terris,
2494 1657 2676 1697 coram
2708 1644 2934 1698 Domino
2963 1644 3318 1714 degradamur
3365 1646 3415 1699 in
3459 1645 3633 1711 caelis,
3665 1647 3711 1701 si
3753 1661 3863 1701 non

2281 1734 2627 1803 exsequimur
2654 1749 2772 1802 qua:
2805 1733 2879 1790 illi
2917 1743 3221 1789 statuerunt
3261 1735 3456 1804 regulis
3485 1737 3748 1791 divinitus
3779 1737 3863 1790 in-

2281 1823 2517 1893 spiratis.
2564 1824 2900 1896 Quapropter
2937 1826 2980 1882 si
3014 1841 3109 1880 vos
3137 1827 3205 1882 ab
3245 1829 3330 1882 his
3366 1828 3508 1882 unde
3551 1844 3865 1884 commone-

2282 1913 2410 1966 miui
2442 1914 2763 1982 quantocius
2787 1929 2893 1968 non
2923 1916 3292 1979 eorrexeritis,
3320 1916 3458 1972 sicut
3489 1916 3565 1970 illi
3602 1918 3655 1970 in
3697 1918 3859 1983 caelo,

2279 2010 2334 2057 et
2364 2017 2461 2058 nos
2505 2003 2559 2056 in
2599 2011 2762 2068 terra,
2791 2019 2900 2060 una
2943 2020 3066 2059 cum
3095 2005 3401 2073 apostolica:
3437 2005 3580 2060 sedis
3610 2007 3859 2075 praesule,

2281 2099 2336 2146 et
2379 2092 2524 2147 omni
2573 2094 2911 2148 sacerdotum
2956 2095 3326 2157 unanimitate,
3369 2111 3464 2150 vos
3499 2112 3529 2149 a
3561 2095 3766 2150 Christi
3808 2105 3862 2150 et

2284 2181 2521 2236 ﬁdelium
2561 2181 2675 2251 ejus
2703 2183 2977 2238 consortio
3009 2183 3427 2254 segregabimus.
3470 2183 3623 2251 Quod
3653 2199 3727 2239 ne
3762 2200 3862 2238 nos

2289 2287 2452 2344 agere
2479 2272 2834 2343 compellatis,
2866 2289 2960 2328 vos
3001 2289 3098 2344 pro
3125 2272 3340 2330 Christo
3378 2282 3432 2329 et
3477 2286 3655 2329 vestra
3689 2274 3861 2328 salute

2284 2363 2536 2418 obnixius
2561 2363 2934 2433 deprecamur.
2961 2365 3068 2419 Vos
3095 2374 3274 2420 autem
3303 2366 3347 2420 si
3378 2366 3652 2421 mandatis
3681 2367 3860 2420 Domi-

2282 2451 2419 2507 nicis
2459 2452 2681 2507 obedire
2717 2453 3054 2518 studueritis,
3089 2463 3142 2507 et
3169 2462 3406 2509 vestram
3433 2453 3687 2517 salutem,
3720 2469 3859 2523 pra:-

2283 2549 2490 2597 sentem
2528 2542 2738 2598 scilicet
2781 2551 2837 2598 et
2881 2541 3116 2597 futuram
3157 2544 3361 2615 agetis;
3404 2552 3458 2599 et
3487 2544 3658 2615 gloria
3699 2553 3860 2614 atque

2283 2648 2484 2689 corona
2513 2643 2696 2689 nostra
2721 2651 2906 2690 coram
2938 2635 3046 2690 Deo
3073 2636 3247 2703 eritis,
3279 2637 3369 2706 qui
3400 2639 3466 2691 de
3492 2637 3648 2692 vobis
3674 2637 3862 2692 redde-

2284 2740 2403 2780 mus
2430 2725 2504 2779 illi
2532 2725 2586 2780 in
2617 2727 2702 2781 die
2727 2725 2916 2796 judicii
2945 2727 3230 2793 rationem,
3257 2729 3396 2783 sicut
3422 2735 3475 2782 et
3498 2744 3596 2784 vos
3620 2729 3688 2784 de
3713 2729 3862 2782 vobis

2285 2815 2416 2885 ipsis
2442 2822 2497 2870 et
2523 2815 2588 2871 de
2632 2817 2882 2871 omnibus
2909 2817 3062 2872 vobis
3097 2818 3401 2874 commissis
3435 2818 3706 2872 rationem
3734 2818 3863 2872 estis

2285 2909 2402 2962 sine
2438 2907 2600 2964 dubio
2639 2909 2923 2964 reddituri.
2958 2909 3024 2964 Et
3063 2909 3184 2965 ideo
3217 2910 3386 2965 multo
3423 2910 3602 2965 studio
3636 2908 3862 2979 satagite

2284 3012 2344 3058 ut
2376 3003 2427 3057 in
2467 3002 2554 3058 illa
2593 3001 2866 3057 tremenda
2906 3001 2992 3058 die
3030 3002 3097 3058 ab
3131 3002 3437 3072 iniquorum
3474 3001 3758 3058 consortio
3785 3015 3865 3056 se-

2286 3092 2494 3164 gregati
2523 3091 2663 3157 sitis;
2696 3092 2838 3160 quod
2867 3101 2996 3147 tunc
3033 3092 3139 3146 erit
3166 3092 3212 3148 si
3243 3093 3401 3147 modo
3430 3108 3459 3146 a
3496 3092 3785 3147 diabolieis
3813 3099 3866 3145 et

2290 3184 2446 3238 malis
2476 3183 2731 3253 operibus
2770 3193 2932 3253 atque
2967 3199 2998 3238 a
3024 3184 3292 3255 perversis
3326 3184 3637 3240 hominibus
3661 3199 3762 3239 vos
3787 3198 3867 3238 se.

2287 3275 2609 3345 paraveritis
2643 3293 2656 3328 :
2694 3275 3031 3330 vindicantes
3074 3284 3262 3330 contra
3312 3275 3608 3343 diabolum,
3641 3288 3699 3332 et
3741 3276 3864 3331 vitia

2291 3378 2454 3438 atque
2497 3377 2735 3439 peccata,
2771 3369 3028 3424 honorem
3076 3364 3340 3433 ves'trum,
3383 3368 3472 3437 qui
3513 3369 3765 3424 homines
3804 3366 3870 3422 ad

2292 3459 2388 3514 Dei
2432 3457 2718 3529 imaginem
2766 3457 2894 3512 facti
2925 3457 3075 3513 estis.
3106 3457 3187 3512 Ad
3226 3458 3328 3513 hee
3367 3458 3530 3523 enim,
3556 3461 3702 3512 sicut
3741 3458 3869 3512 seri-

2290 3559 2440 3620 ptum
2470 3558 2573 3615 est,
2600 3557 2659 3603 ut
2688 3548 2856 3603 Deum
2887 3547 3074 3603 timeat
3102 3556 3157 3603 et
3183 3548 3433 3603 mandata
3459 3548 3578 3616 ejus
3603 3547 3873 3604 custodiat

2293 3639 2466 3694 factus
2493 3647 2577 3694 est
2596 3639 2774 3694 omnis
2798 3640 2977 3703 homo,
3001 3647 3224 3710 propter
3243 3654 3404 3708 quem
3431 3638 3607 3694 factus
3627 3647 3714 3694 est
3735 3638 3872 3694 Deus

2293 3730 2475 3794 homo,
2507 3728 2596 3799 qui
2629 3744 2753 3784 cum
2783 3729 2893 3784 Deo
2917 3727 3078 3784 Patre
3106 3730 3159 3782 in
3192 3729 3396 3785 unitate
3435 3729 3676 3800 Spiritus
3702 3728 3874 3785 sancti

2293 3819 2426 3874 vivit
2449 3827 2503 3874 et
2534 3828 2723 3890 regnat
2748 3819 2801 3873 in
2831 3818 3025 3874 saecula
3053 3819 3392 3874 szeculorum.

2810 3952 3145 4010 EPISTOLA
3183 3953 3348 4009 XXII.

2299 4078 2364 4118 AD
2395 4077 2678 4120 RODULFUI
2722 4078 3108 4120 BITUBICENSEM
3151 4080 3221 4120 ετ
3275 4079 3581 4120 FROTARIUII
3622 4080 3876 4123 ιςυιωιω·

2525 4150 2762 4200 ιειςεειι,
2799 4151 3273 4192 usrnorounuos
3308 4150 3638 4200 AQUITANIE.

2369 4245 2446 4300 De
2475 4246 2668 4316 nuptiis
2702 4243 2978 4316 Stephani,
3009 4255 3054 4299 et
3080 4244 3206 4314 ﬁlia.-
3237 4243 3550 4316 Regimundi
3579 4247 3808 4300 comitis.

2371 4357 2703 4422 HINCIARUS,
2726 4355 2944 4412 nomine
2974 4371 3079 4410 non
3108 4355 3320 4419 merito,
3344 4353 3677 4408 Rhemorum
3697 4355 3874 4408 archi-

2301 4448 2620 4518 episcopus,
2651 4462 2714 4501 ac
2761 4445 2934 4515 plebis
2977 4446 3071 4500 Dei
3128 4444 3388 4508 famulus,
3437 4443 3877 4498 reverentissimo

2227 4520 2278 4578 D
2303 4538 2717 4593 Bituricensium
2736 4536 3142 4606 archiepiscopo
3156 4545 3210 4592 et
3229 4535 3552 4591 charissimo
3579 4534 3739 4589 fratri
3771 4535 3874 4590 Ro-

2302 4645 2472 4687 DULro
2497 4639 2554 4684 et
2578 4629 2862 4684 Fnonmo
2910 4627 3063 4682 fratri
3095 4638 3150 4684 et
3198 4627 3497 4683 honorabili
3524 4627 3876 4695 Burdigalen-

2305 4722 2446 4778 sium
2480 4720 2910 4790 archiepisc0po,
2935 4735 3058 4775 cum
3089 4721 3341 4776 omnibus
3360 4720 3762 4790 provinciarum
3787 4733 3873 4772 ve-

2310 4821 2547 4868 strarum
2591 4810 2858 4881 episcopis
2877 4809 3293 4878 venerabilibus,
3326 4810 3613 4881 plurimam
3640 4815 3792 4878 optat
3826 4808 3876 4860 in

2307 4901 2586 4955 Salvatore
2623 4899 2870 4954 salutem.

2373 4993 2553 5064 Nuper
2595 4994 2799 5063 synodo
2855 4993 3230 5064 episcoporum
3293 4989 3703 5061 quatuordecim
3761 5001 3878 5058 pro-

2304 5084 2631 5149 vinciarum,
2682 5082 3123 5154 Lugdunensium
3153 5082 3436 5146 videlicet,
3486 5080 3873 5149 Rothomagen-

2303 5175 2440 5229 sium
2479 5214 2495 5239 ,
2534 5174 2952 5239 Turonensium,
2983 5175 3276 5238 Senonum,
3306 5174 3714 5238 Viennensium,
3746 5171 3873 5224 Are-

2304 5265 2588 5320 latensium
2600 5307 2614 5330 ,
2628 5267 3153 5332 Vesontionensium,
3173 5266 3681 5336 Moguntinensium,
3697 5264 3875 5332 Agrip—

2306 5357 2607 5392 ninnncinna

2715 5355 3058 5392 Trnvirnnnn
3156 5357 3482 5392 RIsnrnnrnm
3586 5353 3874 5392 Rimrionn-
