4046 6284
198 316 312 371 133

1669 309 2024 368 EPISTOLAE

3391 315 3492 369 Ιῦι

195 431 394 486 mundi
443 432 663 487 comitis
695 431 956 486 adversus
1004 432 1341 503 Stephanum
1375 431 1758 499 depromentes
1781 468 1796 490 ,
1826 431 1872 488 Α
1903 427 2229 494 desponsata
2255 425 2384 480 mihi
2415 424 2589 496 puella
2621 425 2719 480 sub
2758 426 3077 496 paenitentia
3122 428 3332 484 occulte
3374 445 3490 485 uta-

195 521 332 590 quia
359 521 614 577 videlicet
645 523 786 577 idem
814 521 1184 592 Regimundns
1211 522 1374 576 ﬁliam
1397 535 1550 576 suam
1574 517 1800 590 praefato

197 610 490 683 Stephano
523 612 773 683 legaliter
799 614 864 668 ad
891 613 1125 683 coujugii
1147 612 1394 684 copulam
1425 611 1636 666 dederit
1665 628 1676 664 :
1703 609 1800 665 sed

195 705 318 774 ipse
366 719 478 758 non
511 703 599 758 illa
634 713 820 760 utatur
847 712 905 760 ut
934 706 1163 776 conjuge
1185 745 1200 769 ,
1235 719 1299 759 eo
1326 703 1469 774 quod
1494 744 1508 767 ,
1555 712 1614 756 ιιι
1661 701 1800 758 fate—

198 806 310 862 tur,
353 811 480 851 cum
528 796 708 866 aliqua
747 797 988 868 ejusdem
1037 797 1230 867 puella:
1271 796 1571 867 propinqua
1627 810 1800 865 quon-

195 889 328 944 dam
358 889 567 943 carnali
601 891 934 945 commercio
960 905 1016 946 se
1038 890 1324 946 miscuerit
1350 908 1362 942 :
1399 889 1494 944 sed
1521 904 1643 943 eum
1668 904 1796 956 qua,

195 980 283 1036 vel
311 997 480 1051 quam
511 982 760 1052 proxima
791 981 1052 1038 afﬁnitate
1072 983 1384 1053 conjuncta,
1422 981 1664 1036 indicare
1687 995 1795 1034 non

194 1071 352 1127 velit.
402 1072 505 1128 Hic
551 1073 860 1134 litterarum
897 1089 1121 1138 sensus,
1153 1073 1197 1128 si
1224 1074 1328 1128 rite
1351 1073 1632 1136 remetior,
1663 1086 1799 1141 qua-

200 1180 320 1216 rum
349 1165 520 1219 verba
553 1179 660 1219 non
688 1173 870 1229 teneo,
900 1167 1150 1221 constitit
1182 1165 1234 1220 in
1265 1166 1474 1238 synodo
1513 1165 1792 1220 recitatus.

195 1254 354 1312 Unde
377 1257 508 1316 licet
545 1257 668 1314 talis
687 1258 966 1314 accusatio
995 1273 1100 1316 non
1135 1269 1437 1315 mereretur
1465 1259 1798 1329 synodaliter

194 1351 455 1406 obtinere
504 1367 876 1422 responsum,
925 1352 1051 1421 quia
1106 1367 1267 1406 nemo
1319 1366 1647 1421 quemquam
1699 1365 1798 1421 per

194 1444 532 1513 scripturam
570 1445 768 1501 absens
793 1453 974 1516 potest
1000 1444 1325 1516 regulariter
1348 1458 1607 1499 accusare
1635 1461 1648 1496 :
1675 1451 1729 1498 et
1748 1444 1793 1500 si

193 1531 454 1605 legaliter
491 1533 661 1590 ﬁliam
698 1550 851 1590 suam
883 1533 1038 1589 alteri
1071 1541 1293 1604 nuptum
1331 1534 1582 1594 tradidit,
1617 1547 1736 1587 eam
1763 1547 1794 1587 a

192 1638 289 1680 sua
310 1634 594 1694 potestate
616 1626 862 1692 dimisit;
895 1642 995 1697 pro
1017 1641 1125 1697 qua
1151 1642 1216 1681 ex
1249 1627 1350 1681 hoc
1380 1627 1594 1696 negotio
1613 1666 1627 1691 ,
1652 1627 1793 1695 quod

191 1712 334 1768 forte
370 1723 560 1769 utrum
591 1715 667 1770 ita
698 1729 767 1769 an
795 1731 905 1770 non
936 1716 1008 1770 sit
1034 1715 1205 1771 latere
1229 1724 1465 1784 p0terat,
1511 1724 1606 1769 aut
1633 1715 1796 1770 aliter

1905 529 2060 580 nens,
2083 514 2202 575 sine
2223 529 2339 568 mea
2367 524 2422 568 et
2447 514 2614 583 ipsius
2641 525 2844 570 aeterna
2880 517 3245 582 damnatione,
3277 517 3329 571 in
3362 534 3492 575 con-

1901 607 2066 664 nubio
2097 607 2239 664 illam
2272 609 2401 666 mihi
2438 608 2734 678 potuissem
2771 609 3118 680 conjungere.
3157 609 3260 677 Qui
3303 620 3490 668 estet.-

1901 698 1981 753 dit
2029 697 2159 753 mihi
2193 699 2387 754 librum
2441 717 2625 770 quem,
2679 713 2736 760 ut
2789 720 2968 774 spero,
3017 721 3254 762 canones
3302 705 3490 776 appel-

1901 789 2055 854 lavit,
2085 799 2139 845 et
2169 791 2298 864 legit
2327 809 2512 848 coram
2553 810 2661 861 me,
2717 798 2971 866 quoniam
3017 800 3257 868 quandiu
3309 806 3490 870 potest

1899 882 2176 939 afﬁnitatis
2223 888 2598 958 propinquitas
2646 892 2970 962 computari,
3018 894 3174 957 mihi,
3222 910 3324 951 nec
3361 897 3486 951 cui-

1899 989 2062 1044 quam
2111 975 2446 1044 Christiano,
2486 993 2609 1034 cum
2640 989 2868 1052 cognata
2906 998 3025 1047 sua,
3069 983 3152 1037 vel
3193 999 3357 1054 quam
3393 1003 3484 1046 co-

1902 1075 2096 1134 gnatus
2132 1067 2336 1132 habuit,
2370 1069 2456 1124 vel
2484 1085 2607 1126 cum
2657 1071 2866 1127 duabus
2895 1074 3141 1142 cognatis
3188 1075 3482 1134 salubriter

1899 1154 2089 1212 liceret
2113 1156 2400 1229 conjungi;
2430 1170 2484 1213 et
2510 1162 2749 1230 quandiu
2780 1162 2832 1216 in
2863 1163 2954 1216 tali
2987 1164 3197 1220 incestu
3231 1182 3483 1223 manere-

1900 1261 2044 1311 mus,
2094 1263 2194 1303 nec
2239 1263 2362 1320 ego.
2421 1265 2520 1306 nec
2576 1251 2684 1315 illa,
2726 1251 3056 1310 fructuosam
3109 1243 3488 1325 putuiteutiam

1901 1353 2061 1409 agere
2088 1355 2408 1410 possemus:
2446 1349 2622 1412 neque
2665 1343 2790 1400 talis
2820 1345 3078 1411 incestus,
3121 1348 3224 1402 nisi
3268 1365 3490 1419 separa-

1901 1431 2044 1486 tione
2073 1439 2258 1488 nostra
2292 1434 2360 1488 ab
2399 1434 2630 1491 invicem
2671 1438 2850 1492 sanari
2892 1439 3115 1495 valeret.
3157 1441 3366 1497 Interea
3394 1460 3489 1500 ac-

1898 1521 2031 1577 cidit
2091 1523 2364 1579 discordia
2429 1524 2571 1580 inter
2641 1527 2896 1583 domuum
2964 1545 3146 1597 regem
3209 1533 3483 1590 seniorem

1899 1628 2102 1680 meum,
2131 1625 2188 1671 et
2247 1633 2423 1673 meam
2458 1617 2820 1686 juventutem,
2869 1621 3136 1677 intantum
3186 1633 3244 1678 ut
3290 1625 3344 1680 in
3394 1626 3486 1682 illo

1899 1721 2066 1778 regno
2106 1709 2278 1765 solide
2323 1725 2430 1766 non
2474 1726 2690 1781 possem
2725 1713 3040 1770 subsistere.
3084 1715 3374 1786 Propterea
3413 1733 3486 1774 ex

193 1819 359 1872 quam
395 1806 468 1859 εει
499 1804 706 1866 dictum
746 1805 1132 1876 interpretari,
1163 1805 1315 1862 illum
1351 1806 1436 1859 cui
1463 1821 1583 1860 eam
1628 1806 1794 1861 tradi-
1826 1797 1868 1856 Β
1899 1806 2129 1868 utraque
2162 1807 2315 1869 parte
2347 1801 2698 1867 constrictus,
2727 1818 2827 1858 nec
2854 1802 3106 1874 frangere
3147 1806 3488 1875 desponsalia

191 1896 269 1950 dit
293 1897 570 1952 canonice
595 1911 852 1953 accusare
887 1913 991 1952 non
1023 1906 1255 1968 poterat.
1309 1879 1424 1965 Qua
1451 1899 1518 1954 de
1548 1914 1610 1954 re
1636 1915 1795 1955 accu-

188 1991 470 2045 sationem
525 1991 642 2046 sive
683 1991 1170 2060 interpellationem
1226 1992 1490 2049 adversus
1537 1993 1794 2049 maritum

187 2094 385 2142 suum,
421 2081 467 2135 si
494 2082 796 2138 necessitas
821 2081 1088 2152 postulat,
1122 2099 1262 2138 uxor
1293 2085 1455 2139 debet
1481 2100 1790 2152 conserere,

185 2171 496 2226 consilium
513 2181 685 2230 autem
711 2181 869 2245 pater
887 2173 1050 2229 debet
1069 2189 1170 2244 pro
1192 2175 1280 2229 illa
1305 2176 1499 2231 exinde
1527 2178 1789 2245 quterere,

183 2259 277 2314 vel
293 2261 692 2318 correctionem
713 2263 814 2318 viri
845 2264 984 2334 ejus,
1015 2266 1312 2332 suadendo,
1339 2267 1420 2322 vel
1453 2267 1794 2337 suggerendo

187 2352 380 2407 modis
407 2351 606 2422 quibus
630 2354 888 2422 potuerit,
912 2365 967 2409 et
1001 2357 1116 2426 ipse
1141 2372 1303 2428 agere
1339 2357 1493 2412 satis.
1525 2356 1630 2412 Sed
1659 2371 1794 2426 quo-

187 2443 335 2497 niam
369 2444 492 2498 hzec
543 2445 683 2499 ratio
715 2461 814 2515 per
859 2455 970 2502 tres
999 2447 1220 2504 circiter
1266 2462 1440 2504 annos
1466 2462 1496 2502 a
1537 2447 1792 2517 plurimis

188 2533 515 2599 ventilatur,
542 2543 598 2590 et
618 2536 779 2591 ambo
813 2537 916 2592 viri
951 2537 1160 2594 nobiles
1185 2546 1240 2592 et
1271 2537 1531 2603 illustres,
1553 2545 1610 2592 et
1630 2536 1790 2606 juxta

185 2629 377 2683 seculi
420 2629 740 2700 dignitatem
777 2639 1048 2701 potentes,
1082 2629 1126 2685 si
1151 2629 1292 2684 inter
1321 2644 1380 2684 se
1419 2629 1549 2686 hinc
1589 2629 1793 2686 diutius

186 2718 494 2784 dissident,
545 2719 838 2774 maximum
885 2718 1200 2776 scandalum
1237 2720 1290 2774 in
1322 2719 1565 2775 Ecclesia
1597 2729 1653 2775 et
1703 2721 1790 2776 de-

187 2810 514 2864 trimentum
556 2811 609 2866 in
636 2826 801 2881 regno
826 2812 896 2866 ob
920 2815 1026 2866 hoc
1049 2812 1298 2866 accidere
1319 2811 1550 2882 poterit,
1579 2818 1633 2866 et
1661 2811 1786 2881 quia

188 2900 368 2956 isdem
399 2901 709 2972 Stephanus
755 2903 955 2958 ibidem
982 2902 1036 2957 in
1066 2902 1249 2959 domui
1296 2895 1438 2974 regis
1469 2909 1585 2956 erat
1627 2903 1788 2957 obse-

187 2993 363 3061 quio,
400 2992 574 3046 visum
609 3001 694 3049 est
721 2994 927 3064 synodo
959 3003 1018 3048 nt
1060 3006 1183 3047 eum
1216 2997 1552 3058 accerseret”,
1584 3000 1638 3047 et
1659 2992 1788 3062 quid

188 3081 260 3135 de
309 3083 396 3137 his
423 3083 632 3138 diceret
678 3099 776 3154 per
834 3084 1008 3153 ipsum
1057 3083 1261 3139 rescire
1299 3092 1536 3139 curaret.
1587 3083 1789 3139 Vocato

1896 1891 2071 1956 potui.
2121 1907 2222 1947 nec
2270 1893 2517 1948 eamdem
2566 1910 2822 1965 sponsam
2869 1912 3047 1952 meam
3099 1898 3152 1952 in
3199 1899 3488 1972 conjugem

1895 1979 2096 2035 ducere
2139 1996 2306 2038 ausus
2351 1981 2426 2037 fui
2455 2002 2468 2038 :
2501 1999 2569 2040 ne
2599 2000 2724 2041 cum
2764 1986 3036 2042 discordia
3083 1990 3313 2046 senioris
3356 1992 3487 2059 mei,

1896 2069 2060 2124 etiam
2087 2069 2256 2139 ipsius
2286 2071 2634 2142 Regimundi,
2665 2082 2720 2130 et
2751 2075 3010 2131 nobilium
3034 2087 3322 2146 parentum
3343 2081 3485 2151 ejus,

1896 2159 2335 2216 accmnularetur
2355 2162 2626 2218 discordia
2650 2181 2665 2228 ;
2693 2172 2746 2219 et
2777 2165 2855 2219 sic
2883 2175 2976 2220 aut
2999 2167 3066 2222 de
3093 2182 3264 2238 regno
3306 2167 3490 2226 fundi-

1897 2256 1985 2304 tus
2026 2249 2283 2318 pelleret.
2337 2262 2432 2307 aut
2480 2253 2524 2308 si
2581 2253 2637 2308 in
2668 2269 2837 2324 regno
2877 2271 3099 2312 manere
3143 2259 3354 2322 vellent,
3387 2274 3486 2314 oc-

1893 2340 2226 2396 cutnberem.
2257 2341 2324 2396 Et
2375 2343 2580 2400 idcirco
2618 2359 2717 2413 per
2760 2345 2867 2399 duo
2900 2345 3101 2415 placita
3153 2349 3483 2420 subterfugi,

1894 2444 1962 2482 ne
1996 2445 2252 2498 sponsam
2284 2447 2459 2488 meam
2495 2433 2549 2488 in
2586 2435 2868 2505 conjugem
2911 2435 3188 2492 ducerem.
3239 2437 3484 2494 Tandem

1893 2529 2074 2584 autem
2121 2522 2441 2581 necessitate
2493 2525 2822 2594 compulsus,
2870 2526 2997 2596 quia
3040 2542 3203 2583 causa
3248 2527 3381 2583 mihi
3412 2529 3482 2584 de

1891 2611 2000 2666 vita
2043 2612 2302 2676 instabat,
2330 2614 2512 2670 dotavi
2547 2630 2691 2682 eam,
2725 2625 2783 2672 et
2809 2617 3041 2686 publicis
3077 2619 3282 2687 nuptiis
3311 2619 3481 2676 hono-

1891 2703 2065 2752 ratam
2092 2698 2296 2768 accepi.
2343 2698 2453 2754 Sed
2481 2699 2743 2767 ncillam,
2787 2717 2906 2772 quae
2951 2703 3129 2759 adhuc
3166 2720 3299 2762 sana
3339 2715 3481 2773 erat,

1890 2800 2101 2842 mecura
2130 2789 2437 2856 perderem,
2482 2798 2537 2845 et
2576 2791 2710 2852 mihi
2753 2792 3079 2849 cumulatius
3119 2796 3482 2866 perditionem

1889 2877 2256 2950 acquirerem,
2283 2879 2544 2937 intactam
2577 2883 2841 2941 hactenus
2865 2899 3192 2942 conservare
3213 2888 3477 2958 disposui.

1893 2967 1959 3026 Et
1983 2969 2241 3038 quoniam
2266 2970 2337 3025 ita
2368 2987 2428 3030 se
2456 2973 2685 3030 rationis
2705 2976 2908 3036 veritas
2931 2992 3031 3047 per
3049 2979 3233 3034 omnia
3257 2978 3480 3046 habeat,

1889 3067 1946 3113 et
1973 3075 2078 3115 non
2109 3061 2256 3128 dolo,
2295 3078 2470 3134 neque
2499 3065 2648 3132 odio,
2679 3066 2798 3124 sive
2820 3067 3079 3140 despectu
3110 3069 3358 3139 alicujus,
3387 3079 3482 3127 aut

189 3183 380 3230 autem
436 3185 496 3230 ιη
522 3176 641 3231 me
680 3149 869 3232 'mma'
893 3176 1080 3242 more,
1117 3185 1239 3246 post
1277 3176 1522 3246 quaedam
1551 3190 1661 3231 sum
1703 3190 1788 3229 γε,
1817 3151 1864 3214 C
1895 3165 2080 3205 amore
2107 3149 2602 3246 fetnitttegalterius,
2650 3157 2752 3212 nisi
2798 3159 2942 3214 sicut
2985 3160 3136 3220 vobis
3177 3162 3338 3218 modo
3363 3162 3480 3219 D‘co

190 3265 506 3334 sponsionis
528 3266 785 3339 obloquia
814 3308 830 3333 ,
859 3267 1016 3337 petiit
1044 3275 1101 3320 ut
1129 3267 1505 3322 tantummodo
1531 3281 1656 3322 cum
1681 3267 1788 3336 epi-

189 3359 376 3428 sc0pis
404 3360 506 3413 sibi
537 3359 684 3429 loqui
723 3359 930 3415 liceret.
981 3359 1051 3415 Et
1084 3359 1461 3416 recedentibus
1495 3358 1636 3423 aliis,
1669 3371 1790 3428 quae

189 3450 300 3505 sibi
328 3451 442 3504 visa
471 3450 688 3506 fuerunt
727 3437 1316 3524 episcopis‘intimavit.
1349 3449 1483 3504 Cum
1514 3449 1658 3504 inter
1684 3464 1788 3503 ca:-

193 3550 315 3596 tera
344 3542 598 3597 dixerunt
632 3542 868 3614 episcopi
895 3583 911 3609 ,
959 3541 1086 3611 quia
1113 3543 1178 3595 de
1215 3541 1411 3595 talibus
1434 3580 1448 3604 ,
1490 3555 1556 3595 ex
1589 3540 1786 3609 quibus

190 3633 524 3705 Regimundi
551 3636 744 3691 locuta:
771 3643 902 3692 sunt
943 3635 1165 3702 litterte,
1193 3644 1388 3705 etquze
1419 3650 1517 3704 per
1541 3633 1784 3689 muniunt

187 3741 344 3797 pene
375 3741 474 3781 ora
500 3728 555 3782 in
584 3729 761 3800 regnis
805 3729 1054 3800 plurimis
1082 3729 1428 3792 ventilentur,
1459 3729 1509 3782 ei
1539 3741 1643 3781 non
1697 3740 1786 3782 se-

189 3825 415 3873 cretum
447 3817 576 3873 dare
613 3819 919 3885 consilium,
963 3834 1140 3889 neque
1178 3817 1445 3888 privatum
1491 3815 1785 3872 decernere

186 3915 424 3977 possent
463 3908 740 3978 judicium.
789 3911 1128 3979 Quapropter
1173 3917 1232 3963 et
1278 3907 1414 3978 ipse,
1460 3906 1607 3976 quod
1657 3905 1783 3962 hinc

193 3999 342 4070 apud
363 4016 422 4057 se
441 4011 582 4064 erat,
615 4002 668 4056 in
695 4002 936 4057 omnium
963 4002 1100 4057 dixit
1129 4000 1266 4055 velle
1295 4000 1482 4055 venire
1507 3999 1778 4064 notitiam,

191 4101 250 4148 et
293 4096 662 4150 necessarium
696 4094 942 4150 obtinere
987 4092 1291 4155 consilium,
1326 4100 1382 4147 et
1415 4091 1634 4146 salubre
1676 4091 1778 4146 sibi

193 4186 411 4243 decerni
455 4189 720 4260 judicium
758 4207 769 4242 :
803 4188 939 4244 velle
980 4197 1158 4242 tamen
1211 4186 1382 4256 prius,
1436 4192 1493 4239 ut
1544 4185 1782 4256 synodus

193 4280 464 4350 patienter
489 4279 607 4351 ejus
648 4282 860 4337 audiret
911 4280 1259 4343 sententiam,
1289 4286 1345 4333 et
1380 4287 1508 4334 tunc
1562 4277 1779 4332 demum

194 4370 299 4426 sibi
330 4373 558 4429 donaret
595 4373 905 4437 consilium,
933 4380 990 4428 et
1012 4370 1382 4442 promulgaret
1408 4367 1696 4438 judicium.

262 4462 414 4519 Etut
437 4479 727 4534 personam
775 4463 918 4519 illius
962 4462 1286 4517 inducamus
1323 4459 1634 4529 loquentem
1665 4473 1678 4509 :
1710 4453 1782 4512 Ut

1896 3249 2032 3296 teste
2057 3244 2294 3310 narravi,
2333 3244 2436 3302 hoc
2469 3248 2676 3319 egerim
2702 3266 2716 3304 :
2750 3249 3116 3321 qualicunque
3142 3254 3303 3309 modo
3325 3254 3480 3312 vobis

1890 3329 2090 3400 placet,
2116 3347 2212 3402 per
2243 3336 2538 3406 meipsum,
2572 3347 2626 3394 et
2651 3353 2750 3409 per
2777 3349 3034 3410 parentes
3060 3351 3224 3414 atque
3250 3345 3479 3415 amicos,

1890 3440 1984 3494 seu
2018 3426 2202 3484 fideles
2230 3445 2400 3498 meos,
2436 3431 2540 3488 hoc
2567 3433 2720 3490 vobis
2744 3450 2933 3490 verum
2960 3450 3081 3493 esse
3109 3447 3478 3507 sacramento,

1888 3517 1972 3576 vel
2007 3519 2115 3574 alio
2153 3521 2399 3590 quolibet
2437 3525 2796 3582 conveniente
2851 3527 3011 3582 modo
3050 3528 3474 3584 demonstrabo:

1889 3620 1946 3666 et
1977 3612 2022 3668 si
2053 3613 2213 3669 vultis
2238 3630 2303 3669 ac
2332 3615 2598 3686 quarritis,
2631 3626 3080 3686 quantoscunque
3108 3633 3298 3675 servos
3325 3634 3477 3676 meos

1889 3702 2183 3759 decernitis
2215 3705 2339 3759 inde
2387 3705 2442 3758 iu
2481 3703 2747 3773 judicium
2784 3707 2960 3774 mitto,
2997 3719 3053 3762 et
3095 3709 3253 3779 quale
3297 3712 3477 3768 consi-

1888 3789 2018 3846 lium
2051 3793 2182 3848 mihi
2213 3793 2340 3852 inde
2365 3796 2662 3851 secundum
2695 3796 2862 3853 Deum
2907 3799 2975 3854 ad
3005 3813 3184 3854 meam
3219 3799 3476 3870 salutem,

1885 3890 1946 3937 et
1984 3883 2282 3940 secundum
2327 3886 2586 3942 saeculum
2631 3889 2700 3943 ad
2745 3898 3139 3960 competentem
3186 3893 3474 3962 honorem,

1886 3982 1946 4029 et
1963 3975 2032 4032 ad
2052 3975 2488 4045 pacificationem
2525 3979 2870 4050 Regimundi,
2906 3991 2961 4037 et
2987 3983 3056 4038 ad
3078 3984 3474 4044 salvamentutn

1885 4075 1938 4120 et
1965 4066 2226 4122 honorem
2258 4067 2431 4139 ipsius
2473 4068 2666 4138 puellae
2696 4070 2974 4139 dederitis,
3005 4083 3230 4144 paratus
3267 4091 3388 4132 sum
3417 4079 3476 4136 in

1885 4156 2154 4223 omnibus,
2186 4157 2385 4228 quibus
2416 4158 2658 4225 valuere,
2689 4162 2929 4218 obedire.

1951 4247 2210 4304 Auditum
2238 4259 2419 4310 autem
2447 4266 2570 4312 eum
2621 4255 2859 4324 synodus
2897 4255 3064 4326 jussit
3088 4261 3375 4328 secedere,
3415 4269 3475 4319 et

1884 4337 2189 4395 dicentibus
2214 4340 2439 4412 singulis
2456 4382 2469 4404 ,
2513 4352 2672 4412 prout
2696 4347 2894 4416 cuique
2920 4349 3093 4404 visum
3121 4351 3250 4417 fuit,
3279 4353 3473 4411 decre-

1883 4437 1998 4486 tum
2027 4440 2134 4497 est,
2165 4440 2223 4486 ut
2251 4447 2344 4488 vos
2367 4435 2852 4504 comprovinciales
2877 4439 3264 4515 archiepiscopi
3284 4484 3299 4508 ,
3348 4461 3473 4502 cum

193 4555 398 4612 assolet
419 4528 453 4622 ξ
478 4557 734 4629 inquiens
774 4555 1083 4626 stephanus
1103 4594 1117 4619 ,
1173 4553 1226 4608 in
1276 4528 1452 4621 fragili
1481 4548 1782 4620 jnventutis
1809 4533 1860 4594 D
1887 4528 2224 4600 coepiscopis
2250 4530 2475 4629 vestris,
2508 4531 2564 4588 in
2590 4532 2739 4629 regni
2771 4532 2916 4629 illius
2946 4535 3286 4629 convenieuti
3315 4539 3434 4595 loco
3455 4579 3470 4604 ,

191 4657 353 4705 aetate
379 4665 504 4705 cum
553 4652 789 4721 quadam
839 4648 1036 4704 femina
1079 4647 1277 4718 juvene
1325 4645 1457 4701 mihi
1505 4643 1778 4700 convenit.

195 4737 304 4792 Sed
332 4749 388 4793 et
412 4743 631 4809 quando
672 4750 885 4812 tempus
918 4741 1049 4797 mihi
1096 4738 1332 4804 advenit,
1355 4747 1416 4792 ut
1455 4751 1607 4792 more
1641 4750 1780 4806 prte-

111 4877 114 4881 .
193 4830 541 4886 decessurum
568 4849 811 4889 meorum
842 4833 1139 4903 legitimum
1174 4831 1484 4902 conjugium
1516 4837 1777 4900 peterem,

193 4938 298 4976 una
330 4937 455 4976 cum
485 4938 751 4979 consensu
779 4934 1065 4994 parentum
1095 4932 1148 4978 et
1179 4923 1477 4978 amicorum
1507 4935 1776 4986 meorum,

194 5011 364 5080 ipsius
393 5011 717 5084 Regimundi
758 5024 816 5069 ut
844 5015 1040 5070 nobilis
1069 5014 1194 5080 viri,
1235 5013 1400 5068 filiam
1443 5013 1581 5068 meis
1622 5020 1780 5066 nata—

192 5100 334 5156 libus
365 5113 761 5173 competentem
807 5107 948 5176 apud
981 5121 1103 5162 eum
1133 5105 1186 5160 in
1213 5105 1496 5177 conjugem
1536 5104 1783 5176 legaliter

191 5192 346 5260 petii,
371 5200 432 5247 et
451 5192 732 5250 obtentam
759 5193 1004 5266 legaliter
1028 5195 1371 5265 desponsavi.
1403 5195 1460 5250 In
1485 5211 1572 5250 me
1598 5204 1778 5250 autem

190 5297 464 5351 reversus,
513 5295 566 5341 et
619 5287 798 5343 sciens
841 5287 968 5358 quid
1008 5288 1255 5352 fecerim,
1297 5287 1366 5341 ad
1412 5285 1778 5342 confessorem

191 5389 373 5431 meum
413 5378 650 5447 perrexi,
681 5388 738 5434 et
760 5379 1044 5435 consilium
1085 5377 1204 5449 ejus
1245 5379 1508 5450 quaesivi:
1546 5387 1607 5433 ut
1646 5394 1780 5448 quo-

190 5467 336 5522 niam
360 5468 581 5538 juvenis
621 5469 841 5532 femina,
873 5485 996 5526 cum
1037 5485 1141 5540 qua
1195 5469 1399 5534 carnali
1451 5469 1779 5525 commercio

189 5561 398 5618 mistus’
423 5561 656 5631 fueram,
687 5564 985 5635 propinqua
1036 5563 1192 5619 istius
1230 5562 1422 5634 puellae
1460 5561 1692 5625 exstitit,
1721 5568 1779 5615 et

188 5654 470 5710 audieram
502 5654 644 5724 quod
671 5670 699 5708 a
726 5663 920 5725 quarto
945 5670 1106 5726 genu,
1145 5663 1200 5709 et
1249 5653 1304 5708 in
1333 5651 1600 5722 reliquum
1645 5665 1771 5720 per-

189 5744 428 5802 tinentes
456 5746 559 5803 sibi
590 5744 828 5816 copulari
855 5761 962 5801 non
998 5745 1259 5810 valerent,
1299 5751 1480 5798 utrum
1515 5756 1636 5796 cum
1668 5742 1771 5796 hac

1885 4631 1942 4683 et
1967 4632 2206 4692 tempore
2231 4622 2495 4694 synodum
2527 4623 2846 4690 condieatis,
2877 4633 2929 4681 et
2954 4625 3211 4697 placitum
3239 4629 3352 4696 fiat,
3380 4630 3470 4685 ubi

1884 4714 2136 4784 princeps
2161 4729 2285 4770 cum
2325 4712 2658 4784 primoribus
2689 4723 2848 4771 terrae
2890 4717 3147 4774 intersit:
3179 4733 3279 4783 ne,
3324 4721 3470 4789 quod
3503 4755 3511 4760 η

1883 4805 2046 4870 absit,
2073 4819 2140 4859 ex
2166 4814 2392 4875 utraque
2417 4813 2591 4876 parte,
2621 4820 2748 4862 cum
2771 4817 3057 4876 parentum
3084 4817 3140 4864 et
3168 4808 3467 4865 amicorum

1883 4895 2119 4961 auxilio,
2172 4895 2411 4952 illustres
2460 4897 2549 4952 isti
2591 4896 2694 4951 viri
2739 4898 3154 4963 convenientes,
3206 4907 3471 4969 operante

1885 4987 2100 5044 diabolo
2135 4989 2426 5045 seditiosus
2467 4988 2645 5045 valeat
2673 4990 2876 5045 exoriri
2915 4991 3190 5048 tumultus.
3231 4992 3299 5047 Et
3327 4993 3466 5047 hanc

1884 5095 2105 5136 causam
2128 5095 2252 5146 rex,
2280 5095 2404 5138 cum
2440 5081 2571 5138 viris
2601 5081 2890 5148 nobilibus,
2921 5082 3062 5137 inter
3087 5082 3232 5136 viros
3259 5081 3466 5137 nobiles

1883 5171 2170 5240 pacilicare
2209 5181 2480 5240 procuret.
2518 5171 2627 5227 Vos
2672 5181 2852 5230 autem
2895 5173 3186 5243 episcopali
3231 5173 3466 5230 auctori-

1883 5275 2016 5330 tate,
2045 5273 2101 5320 et
2126 5265 2729 5322 canonicadilﬁnitione
2749 5284 2869 5323 eam
2899 5268 3173 5333 dirimere,
3200 5275 3257 5322 et
3280 5269 3346 5322 ad
3373 5269 3467 5324 de-

1883 5357 2052 5414 bitum
2085 5366 2246 5426 atque
2287 5358 2563 5414 salubrem
2609 5360 2900 5414 terminum
2948 5357 3214 5413 studentis
3260 5360 3464 5430 perdu-

1881 5465 2026 5506 cere.
2075 5449 2350 5505 Bevocato
2380 5460 2562 5506 autem
2594 5451 2901 5519 Stephano,
2953 5448 3198 5503 conditio
3241 5450 3343 5505 ista
3385 5450 3462 5506 illi

1879 5541 2186 5612 proposita,
2230 5549 2286 5596 et
2317 5542 2490 5596 abeo
2519 5549 2604 5596 est
2649 5540 2959 5610 gratissime
3000 5548 3244 5609 accepta.
3296 5541 3466 5609 Hujus

1877 5647 2056 5694 autem
2089 5637 2163 5690 rei
2194 5635 2437 5700 modum,
2466 5643 2522 5688 et
2549 5633 2790 5688 ordinem
2818 5629 3177 5698 difﬁnitionis,
3210 5634 3463 5703 quoniam

1874 5734 2140 5806 pusillitas
2168 5728 2702 5802 intelligentiuncuhe
2737 5741 2888 5793 mem,
2919 5727 3048 5796 quid
3072 5729 3268 5784 exinde
3293 5725 3466 5784 Senti-
