4018 5392
546 353 646 408 ιόὕ

1451 395 1456 398 _
1498 341 1824 420 ιιιΝεΜΑιιι
1865 335 2264 396 RlIEMENSIS
2304 334 2824 392 ARCIIIEPISCOPI

3714 332 3819 387 156

548 474 668 531 ret,
700 462 848 533 jussa
876 461 1076 535 synodo
1107 472 1394 532 suggerere
1421 455 1655 521 studuit,
1687 453 1960 510 communi
1986 467 2119 507 con-
2152 455 2198 513 Α
2226 448 2298 502 ita
2330 457 2387 502 ut
2414 447 2718 518 Stephanus
2738 489 2753 513 ,
2792 457 2918 501 tunc
2947 447 2990 502 si
3023 461 3242 501 necesse
3286 445 3478 512 fuerit,
3519 444 3820 500 credulitas

548 569 711 610 sensu
741 561 939 608 sancta:
983 548 1322 605 unanimitati
1354 546 1707 618 complacuit,
1751 553 1810 599 ut
1839 559 1902 598 ea
1931 542 2127 596 litteris

550 643 986 707 commendaret,
1023 650 1077 695 et
1103 639 1380 710 sapientia:
1413 645 1640 697 vestrae.
1689 635 1831 690 sicut
1859 641 1985 687 tunc
2011 631 2126 686 fue-

551 735 762 804 runtuin
789 734 1016 790 concilio
1045 739 1343 802 acceptata.
1375 730 1784 785 transmitteret.
1829 728 1896 781 Et
1925 723 2126 780 idcirco

548 843 657 882 non
685 826 836 896 quasi
885 816 1246 878 nescientibus
1291 823 1407 875 haec
1458 834 1579 888 quae
1628 826 1929 888 sequuntur
1975 815 2127 869 vobis

550 916 882 975 necessaria,
937 927 1036 967 nec
1078 921 1136 966 ut
1182 924 1443 981 arrogans
1473 909 1851 964 auctoritatem
1880 905 2128 976 specialis

547 1005 818 1070 scientiae,
849 1003 933 1058 vel
962 1001 1176 1070 jactans
1207 1000 1550 1055 diftinitionis
1578 998 1860 1054 audaciam
1881 1036 1895 1062 ,
1943 997 2038 1052 sed
2071 1006 2128 1051 ut

549 1096 803 1152 Ecclesia:
832 1110 896 1149 ac
939 1103 1120 1149 vester
1147 1093 1386 1147 omnium
1424 1090 1673 1146 videlicet
1709 1104 1988 1144 servorum
2035 1089 2130 1142 do-

550 1189 680 1242 mini
711 1203 921 1250 servus,
950 1195 1004 1240 et
1034 1185 1203 1255 plebis
1229 1184 1508 1238 dominicm
1535 1181 1787 1247 famulus,
1820 1195 2128 1250 quanquam

549 1292 656 1331 non
691 1287 751 1330 ut
777 1275 962 1340 debui,
996 1285 1173 1329 tamen
1203 1282 1262 1327 ut
1288 1273 1458 1343 potui,
1492 1270 1796 1326 devotionis
1824 1269 2127 1324 obedientia

547 1368 835 1438 colligere,
881 1377 934 1424 et
964 1367 1190 1422 collecta
1231 1366 1384 1421 vobis
1414 1365 1782 1420 transmittere
1820 1362 2126 1433 procuravi.

548 1457 607 1512 ln
656 1459 853 1529 quibus
892 1457 1024 1512 nihil
1067 1457 1132 1512 de
1179 1456 1322 1511 civili
1345 1455 1579 1526 judicio,
1632 1451 1784 1521 cujus
1827 1453 2162 1524 cognitores~

551 1565 657 1604 non
686 1551 944 1604 debemus
977 1565 1095 1604 esse
1119 1549 1353 1619 epise0pi
1372 1589 1386 1613 ,
1417 1563 1618 1619 ponere
1638 1545 1654 1611 ,’
1683 1547 1776 1601 sed
1804 1561 1923 1615 quae
1951 1545 2130 1600 eccle—

549 1641 781 1697 siasticae
807 1640 1106 1696 definitioni
1139 1649 1436 1695 noscuntur
1466 1649 1775 1708 competere
1795 1677 1809 1702 ,
1866 1645 2128 1707 quantum

551 1731 790 1789 occurrit
817 1731 1123 1798 memoriae,
1169 1730 1407 1786 breviter
1432 1729 1611 1784 studui
1645 1729 1921 1782 adnotare.
1972 1725 2131 1782 Ordi-

2229 544 2424 598 rationi
2455 553 2508 598 et
2547 543 2858 598 auctoritati
2889 542 3219 596 conveniens
3245 548 3592 596 sacramento
3619 539 3822 594 exinde

2226 637 2574 705 suscipiatur,
2612 635 2695 690 vel
2717 651 2816 705 per
2840 635 3254 690 convenientem
3288 637 3578 704 personam
3603 631 3823 686 satisfa-

2227 730 2368 794 ctio,
2394 731 2437 784 si
2463 730 2535 784 ita
2560 730 2857 784 necessitas
2894 728 3084 799 exigit,
3105 727 3312 797 judicio
3345 737 3658 798 expetatur,
3691 726 3819 797 quia

2227 837 2332 875 non
2361 836 2459 891 pro
2481 820 2621 885 dolo,
2641 836 2815 890 neque
2844 837 2942 890 pro
2971 821 3077 874 alia
3107 820 3347 890 qualibet
3377 835 3563 885 causa,
3590 818 3824 888 Stepha-

2227 925 2331 965 nus
2360 925 2418 965 se
2435 926 2462 963 a
2487 911 2689 965 carnali
2705 911 2894 982 copula
2915 911 3105 981 puella:
3149 911 3308 982 hujus
3327 912 3683 974 subtraxerit,
3719 910 3822 965 nisi

2228 1015 2326 1070 pro
2370 1014 2431 1053 ea
2478 1016 2640 1070 quam
2679 1001 2790 1070 ipse
2820 1002 3024 1072 synodo
3055 1001 3311 1056 indicavit
3349 1019 3362 1054 :
3396 1001 3652 1056 videlicet
3691 1001 3821 1069 quia
3861 1023 3864 1026 η

2229 1103 2350 1142 cum
2379 1089 2568 1158 puella:
2593 1090 2695 1145 sibi
2727 1091 3064 1160 desponsata:
3088 1091 3509 1162 consanguinea,
3558 1099 3615 1146 et
3639 1091 3824 1145 carnis

2227 1177 2549 1246 cognatione
2570 1179 2889 1248 propinqua,
2917 1179 3212 1234 carnaliter
3234 1179 3612 1234 concubuerit.

2303 1267 2415 1324 Hoc
2442 1269 2599 1349 oenim
2625 1280 2848 1325 sanctus
2875 1269 2982 1324 Leo
3027 1285 3162 1340 papa
3185 1310 3200 1336 ,
3227 1277 3281 1325 et
3308 1271 3499 1325 beatus
3523 1269 3826 1341 Gregorius

2231 1359 2286 1415 in
2327 1376 2386 1416 re
2426 1361 2588 1416 dubia
2623 1377 2651 1415 a
2683 1361 3034 1432 presbytero,
3074 1363 3158 1416 vel
3201 1378 3230 1416 a
3263 1363 3504 1432 quolibet
3555 1372 3668 1416 tam
3709 1365 3828 1416 viro

2231 1465 2393 1519 quam
2430 1449 2653 1516 femina,
2680 1451 2842 1506 nobili
2876 1452 2958 1506 vel
2989 1451 3226 1521 ignobili,
3275 1468 3372 1522 per
3413 1462 3824 1508 sacramentum

2232 1541 2348 1594 fieri
2381 1539 2667 1596 manifeste
2697 1541 2997 1596 deecrmmt
3019 1582 3033 1606 ,
3079 1544 3214 1597 sicut
3251 1544 3341 1612 qui
3375 1543 3554 1612 legere
3589 1544 3827 1598 voluerit

2233 1633 2473 1688 invenire
2493 1633 2729 1698 valebit;
2770 1633 2909 1712 inter
2956 1645 3145 1688 cetera
3185 1636 3393 1689 dicente
3421 1636 3827 1711 beilleNDiOTe

2233 1721 2526 1792 Gregorio,
2576 1723 2628 1777 in
2659 1723 2884 1792 epistola
2932 1738 3028 1794 per
3076 1725 3408 1779 Denualdum
3439 1726 3826 1796 presbyterum

553 1838 675 1878 nem
697 1823 883 1893 judicii
913 1823 978 1878 de
1009 1822 1242 1877 nondum
1274 1831 1463 1892 sponte
1488 1820 1782 1885 confessis,
1830 1819 1915 1874 vel
1943 1828 2128 1888 aperte
2159 1816 2203 1876 Β
2230 1815 2434 1871 directa
2458 1816 2523 1868 ad
2553 1815 2885 1871 Bonifacium
2904 1857 2919 1882 ,
2972 1817 3340 1889 Moguntinum
3369 1819 3688 1889 episc0pum
3717 1835 3731 1872 :
3768 1818 3825 1872 In

553 1915 835 1981 convictis,
865 1915 1118 1984 quoniam
1148 1914 1305 1969 aliter
1338 1929 1520 1978 nemo,
1551 1924 1611 1968 ut
1635 1913 1744 1967 Leo
1773 1927 1909 1982 papa
1937 1911 2129 1966 decer-

553 2006 651 2068 nit,
680 2012 852 2075 potest
879 2004 1195 2076 regulariter
1220 2003 1476 2074 judicari,
1515 2013 1737 2059 sanctus
1759 2003 2051 2073 Gregorius
2079 2003 2131 2058 in

554 2096 970 2150 commonitorio
1011 2095 1076 2150 ad
1126 2094 1386 2150 Joannem
1431 2094 1768 2150 defensorem
1801 2095 2135 2149 demonstrat

556 2183 741 2240 dicens
766 2200 780 2240 :
809 2185 1050 2240 Primum
1082 2196 1140 2240 ut
1161 2186 1423 2257 judicium
1453 2185 1828 2241 ordinabiliter
1858 2186 1970 2250 fiat,
1994 2200 2133 2254 qua-

553 2282 710 2330 tenus
737 2276 846 2329 siut
873 2275 962 2328 alii
994 2283 1374 2342 accusatores,
1405 2284 1459 2329 et
1487 2274 1575 2330 alii
1610 2282 1819 2330 testes:
1853 2273 2048 2328 deinde
2075 2282 2136 2327 ut

554 2383 839 2424 causarum
869 2367 1131 2437 qualitas,
1162 2369 1207 2423 si
1249 2369 1409 2440 digna
1457 2366 1648 2425 exsilio
1688 2366 1770 2423 vel
1800 2368 2129 2422 condemna-

555 2461 700 2515 tione
727 2460 818 2526 sit,
848 2461 1159 2531 exploretur
1186 2478 1198 2513 :
1235 2471 1289 2515 et
1318 2469 1585 2530 praesente
1609 2475 1674 2516 eo
1700 2461 1790 2530 qui
1818 2469 2132 2523 accusatur,

553 2551 652 2606 sub
676 2549 1026 2621 jurejurando
1054 2560 1243 2606 contra
1268 2567 1391 2606 eum
1416 2551 1782 2606 testimonium
1805 2548 2132 2620 proferatur,

551 2653 606 2698 et
633 2644 848 2713 scriptis
873 2652 1088 2696 actuum
1121 2643 1388 2697 inseratur
1417 2660 1428 2694 :
1464 2652 1519 2696 et
1542 2649 1828 2696 accusatus
1859 2640 2134 2696 licentiam

554 2734 913 2802 respondendi
942 2742 997 2788 et
1019 2734 1340 2788 defendendi
1369 2749 1427 2788 se
1457 2735 1673 2788 habeat.
1705 2731 1811 2787 Sed
1837 2741 1893 2786 et
1921 2733 1988 2786 de
2015 2747 2136 2802 pcr-

553 2823 702 2878 sonis
749 2823 1118 2876 accusantium
1182 2832 1237 2877 et
1286 2822 1692 2877 testificantium
1742 2821 2009 2877 subtiliter
2055 2834 2135 2877 est

555 2912 933 2983 quaerendum,
978 2912 1133 2981 cujus
1180 2913 1537 2979 conditionis,
1585 2913 1805 2983 cujusve
1835 2913 2133 2984 Opinionis,

556 3011 647 3056 aut
678 3018 744 3056 ne
771 3002 961 3073 inopes
989 3003 1119 3067 sint,
1149 3013 1242 3056 aut
1273 3018 1340 3058 ne
1373 3002 1510 3059 forte
1535 3003 1741 3073 aliquas
1763 3013 1952 3060 contra
1978 3020 2139 3060 accu-

557 3099 734 3146 satum
766 3083 1077 3146 inimicitias
1099 3093 1331 3147 habeant
1357 3111 1369 3146 :
1400 3101 1453 3146 et
1475 3102 1656 3148 utrum
1686 3094 2047 3149 testimonium
2071 3111 2132 3149 ex

2229 1919 2427 1970 causa,
2477 1905 2767 1975 inquiens,
2817 1905 2870 1960 in
2901 1922 3006 1975 qua
3057 1908 3190 1962 certi
3224 1924 3328 1962 non
3365 1907 3570 1962 fuerint
3624 1917 3827 1973 testes,

2231 1997 2322 2067 qui
2349 1997 2593 2051 criminis
2622 1997 2751 2052 illati
2781 1998 3082 2068 approbent
3108 2001 3413 2064 veritatem,
3437 2000 3825 2069 jusjurandum

2233 2088 2337 2145 erit
2362 2087 2414 2142 in
2443 2089 2639 2154 medio,
2695 2098 2750 2144 et
2778 2090 2924 2144 illum
2957 2099 3144 2146 testem
3176 2092 3414 2160 proferat
3439 2101 3732 2149 accusatus
3758 2095 3828 2148 de

2234 2181 2555 2235 innocentia:
2599 2198 2710 2236 sua:
2739 2183 3006 2250 puritate,
3055 2184 3140 2239 cui
3187 2185 3327 2239 nuda
3376 2193 3431 2240 et
3479 2196 3668 2254 aperta
3700 2196 3826 2240 sunt

2233 2272 2445 2334 omnia,
2500 2272 2802 2342 habeatque
2849 2274 3199 2329 conscientia:
3239 2290 3350 2330 suae
3386 2284 3611 2341 testem,
3662 2291 3824 2344 quem

2234 2361 2449 2417 habebit
2475 2362 2803 2432 etjudicem.
2845 2363 2973 2431 QtltD
3002 2365 3325 2419 sacramenti
3370 2364 3651 2434 purgatio,
3685 2375 3740 2418 et
3767 2365 3825 2418 in

2234 2456 2650 2520 ecclesiasticis,
2701 2463 2756 2509 et
2786 2455 2837 2509 in
2870 2455 3073 2510 exteris
3097 2456 3304 2527 legibus
3329 2456 3682 2512 usitatissima
3706 2496 3721 2520 ,
3769 2467 3826 2508 et

2236 2546 2302 2600 de
2339 2545 2459 2600 fidei
2491 2545 2717 2600 veritate
2745 2545 2905 2599 etiam
2941 2562 2969 2599 a
2998 2546 3190 2616 primis
3218 2546 3430 2601 steculis
3455 2561 3577 2601 esse
3611 2555 3826 2600 constat

2235 2645 2445 2692 exorta.
2501 2624 2768 2692 Iudicium
2805 2646 3016 2702 autem,
3059 2637 3272 2691 nonnisi
3325 2652 3422 2706 pro
3457 2637 3606 2706 pacis
3649 2636 3827 2691 chari-

2240 2728 2474 2796 tatisque
2501 2728 2822 2792 concordia,
2872 2728 3013 2781 inter
3057 2727 3355 2797 coaequales
3383 2727 3498 2781 fieri
3539 2727 3714 2792 solet;
3763 2727 3827 2780 fit

2239 2825 2419 2871 autem
2453 2831 2483 2869 a
2512 2815 2768 2883 subjectis
2796 2817 2863 2870 ad
2894 2815 3319 2870 satisfactionem
3351 2815 3640 2886 majorum,
3684 2816 3825 2885 quod

2241 2907 2292 2962 in
2319 2907 2423 2962 hac
2448 2923 2614 2962 causa
2643 2909 2745 2962 nisi
2777 2923 2845 2962 ex
2873 2908 3069 2978 placito
3103 2908 3226 2973 fiat,
3259 2924 3364 2964 non
3410 2918 3589 2978 potest
3636 2924 3703 2964 ex
3733 2925 3824 2964 au-

2239 2997 2496 3052 ctoritate
2521 2997 2743 3066 requiri.
2779 2997 2914 3052 lline
2938 3007 3118 3054 autem
3145 2999 3357 3070 cognita
3388 3001 3650 3064 veritate,
3697 3015 3824 3071 quo-

2241 3088 2386 3141 niam
2420 3088 2619 3142 dictum
2647 3095 2731 3142 est
2761 3087 2936 3153 nobis,
2971 3089 3174 3158 requiri
3200 3106 3229 3143 a
3256 3089 3555 3159 Stephano,
3589 3099 3649 3143 ut
3680 3089 3824 3143 femi-

563 3181 749 3236 auditu
779 3182 1036 3249 dixerint,
1067 3194 1159 3238 aut
1182 3192 1331 3238 certe
1364 3184 1673 3254 specialiter
1701 3200 1759 3238 se
1787 3187 1926 3241 scire
1953 3188 2134 3241 testati
2165 3169 2208 3230 (ἶ
2242 3195 2365 3234 nam
2397 3179 2640 3251 designet
2679 3196 2743 3234 ex
2776 3181 3023 3247 nomine,
3059 3191 3114 3236 οι
3154 3190 3359 3237 certam
3409 3182 3826 3253 Propimlﬂilﬂlis

559 3273 669 3328 sint
713 3292 726 3327 :
777 3283 832 3328 et
861 3283 920 3328 ut
959 3275 1176 3345 scriptis
1216 3277 1457 3346 judicata
1501 3276 1745 3347 partibus
1783 3280 2139 3349 praesentibus

557 3363 823 3417 sententia
855 3364 1142 3428 recitctur,
1191 3373 1247 3418 et
1289 3365 1366 3419 sic
1395 3367 1577 3419 omnia
1629 3366 1942 3422 solemniter
1984 3367 2140 3422 robo-

557 3460 765 3506 rentur.
792 3452 867 3507 De
893 3452 1177 3507 manifesta
1205 3463 1408 3519 autem,
1445 3463 1502 3508 et
1529 3463 1652 3508 nota
1684 3455 1928 3525 plurimis
1953 3472 2138 3523 causa,

556 3541 642 3597 vel
667 3557 786 3612 quae
807 3543 879 3597 ita
901 3543 1209 3610 confitetur,
1254 3554 1312 3599 ut
1347 3547 1468 3611 ista,
1512 3547 1556 3601 si
1582 3555 1759 3600 tamen
1782 3546 1852 3600 ita
1876 3557 1930 3602 et
1965 3547 2141 3618 puclla

559 3634 758 3690 dixerit
816 3645 876 3689 ut
936 3636 1242 3705 Stephanus
1289 3639 1595 3706 profitetur,
1652 3639 1776 3707 quia
1825 3654 1967 3708 smpc
2002 3639 2144 3694 inter

564 3725 832 3781 masculos
859 3727 1109 3782 audimus
1138 3737 1190 3782 et
1217 3727 1462 3793 feminas,
1495 3729 1619 3800 quia
1651 3730 1792 3799 quod
1823 3729 1960 3785 alter
1989 3730 2140 3796 dicit,

558 3815 695 3872 alter
711 3831 1082 3888 stcpenumero
1111 3818 1368 3890 denegat:
1387 3836 1493 3874 non
1513 3830 1638 3875 sunt
1656 3821 1928 3892 quaerendi
1947 3830 2140 3892 testes,

558 3916 619 3962 ut
641 3916 858 3962 sanctus
885 3907 1206 3962 Ambrosius
1231 3907 1283 3961 in
1324 3909 1607 3978 epistolam
1640 3909 1706 3964 ad
1735 3909 2044 3965 Corinthios
2069 3912 2146 3966 di-

558 3996 650 4060 cit,
681 3997 745 4050 dc
762 3997 1088 4051 foruicatore
1102 4013 1377 4067 exponens
1393 4003 1718 4055 sententiam
1753 4004 1980 4071 apostoli
2008 4022 2020 4057 :
2045 4003 2142 4059 Ju—

562 4086 720 4152 dicis,
751 4088 943 4158 inquit,
963 4104 1069 4142 non
1095 4099 1198 4154 est,
1232 4089 1689 4149 sine'accusatore
1715 4096 1989 4162 damnare,
2019 4098 2143 4167 quia

564 4187 620 4233 et
648 4179 906 4235 Dominus
936 4179 1148 4247 ludam,
1181 4198 1303 4236 cum
1329 4182 1414 4238 fur
1441 4194 1619 4252 esset,
1649 4186 1774 4256 quia
1816 4203 1922 4242 non
1947 4197 2030 4243 est
2058 4205 2146 4245 ac-

565 4275 812 4332 cusatus,
866 4269 1088 4325 minime
1119 4270 1346 4339 alijecit,
1377 4275 1594 4346 cognito
1621 4290 1784 4344 opere
1814 4277 1916 4332 isto
1939 4277 2145 4347 pellen-

563 4356 691 4411 dum
720 4357 866 4412 illum
898 4359 1062 4416 fuisse
1087 4361 1154 4416 de
1183 4372 1328 4417 cmtu
1356 4363 1744 4431 fraternitatis,
1781 4383 1971 4424 omnes
2001 4371 2145 4425 enim

562 4453 768 4509 crimen
816 4453 931 4522 ejus
981 4457 1251 4524 sciebant,
1299 4468 1353 4513 et
1399 4475 1506 4514 non
1553 4462 1870 4532 arguebant.
1923 4463 2146 4521 Publice

563 4547 708 4601 enim
743 4563 1027 4604 novercam
1056 4565 1211 4606 suam
1241 4551 1359 4608 loco
1398 4555 1582 4609 uxoris
1612 4555 1882 4622 habebat;
1941 4557 1992 4611 in
2038 4573 2144 4627 qua

566 4654 626 4693 re
658 4654 830 4710 neque
862 4641 1088 4697 testibus
1131 4658 1266 4713 opus
1294 4654 1444 4711 erat,
1483 4661 1656 4716 neque
1699 4648 2143 4718 tergiversatione

566 4727 744 4798 aliqua
793 4739 1005 4798 poterat
1049 4733 1153 4801 tegi
1191 4733 1420 4787 crimen.
1467 4735 1534 4788 Et
1563 4737 1721 4806 paqu
1745 4746 1901 4806 post:
1934 4737 2145 4795 Absens

565 4819 727 4886 facie,
751 4837 988 4892 praesens
1016 4832 1194 4877 autem
1223 4826 1542 4882 auctoritate
1573 4827 1809 4898 Spiritus
1830 4871 1844 4895 ,
1894 4831 1982 4900 qui
2014 4847 2144 4886 nus-

567 4925 730 4991 qu.-.m
769 4911 953 4976 abest,
979 4909 1092 4979 jam
1116 4913 1353 4983 judicavi
1382 4924 1441 4968 ut
1469 4929 1707 4985 praesens
1744 4933 1867 4973 cum
1907 4921 1997 4989 qui
2043 4921 2146 4975 hoc

569 5001 804 5055 admisit.
837 5001 1178 5072 Quapropter
1207 5018 1427 5060 necesse
1457 5015 1541 5061 est
1567 5015 1626 5061 ιιι
1655 5007 1960 5077 Stephanus
2002 5010 2152 5078 puel—

571 5089 677 5144 lam
725 5091 957 5146 adducat
1001 5094 1068 5148 ad
1117 5095 1414 5167 synodum,
1461 5106 1516 5151 et
1550 5107 1704 5167 pater
1748 5099 1915 5168 ipsius
1961 5100 2150 5170 puellae

572 5185 792 5248 veniat,
841 5192 896 5238 et
926 5184 1285 5257 interrogetur
1311 5187 1521 5258 puella,
1568 5189 1613 5242 si
1658 5201 1973 5248 verumest
2011 5192 2152 5260 quod

571 5276 881 5338 Stephanus
925 5276 1088 5335 dicit.
1134 5294 1191 5334 se
1231 5279 1375 5332 illam
1423 5279 1688 5334 hactenus
1736 5281 1979 5337 servasse
2011 5285 2150 5336 inta-

2243 3268 2555 3324 aflinitatem
2587 3271 2953 3335 demonstret,
3009 3288 3106 3341 pro
3151 3271 3304 3342 cujus
3351 3275 3648 3329 concubitu
3705 3276 3821 3329 huic

2243 3360 2432 3431 puella:
2473 3377 2532 3416 sc
2563 3378 2667 3416 non
2709 3361 2851 3416 valet
2889 3363 3181 3419 salubriter
3221 3365 3423 3419 carnali
3460 3365 3654 3434 copula
3685 3382 3828 3420 com-

2244 3451 2512 3505 miscere:
2545 3452 2670 3520 quia
2715 3462 2905 3508 contra
2934 3454 3198 3509 rationem
3241 3465 3296 3510 et
3326 3458 3712 3512 auctoritatem
3743 3473 3830 3513 ec~

2244 3543 2634 3608 clcsiasticam,
2681 3553 2736 3598 et
2783 3544 3108 3602 Christianae
3137 3534 3438 3605 devotionis
3474 3566 3686 3606 morem
3709 3593 3726 3615 ,
3768 3551 3835 3606 ab

2244 3649 2310 3688 eo
2338 3635 2620 3704 quaeritur,
2669 3636 2714 3690 si
2763 3634 2902 3692 forte
2955 3639 3024 3694 ab
3052 3655 3117 3694 eo
3152 3642 3432 3710 quaeritur,
3485 3658 3607 3712 qua:
3640 3659 3706 3698 ει
3736 3646 3834 3699 hoc

2245 3727 2536 3797 apostolica
2591 3728 2831 3784 decrevit
2883 3733 3212 3798 auctoritas,
3261 3741 3316 3789 ct
3379 3735 3648 3790 catholica
3694 3745 3837 3792 tenet

2245 3822 2506 3888 Ecclesia,
2537 3823 2622 3878 hic
2645 3839 2844 3893 ponere
2866 3825 3082 3896 dignum
3108 3828 3362 3884 duximus
3387 3847 3399 3882 :
3428 3829 3538 3885 Leo
3567 3832 3836 3887 universis

2246 3914 2514 3984 episcopis
2554 3930 2650 3984 per
2688 3914 3076 3986 Campaniam,
3136 3917 3416 3975 Samnium
3455 3931 3510 3975 et
3543 3920 3834 3985 Picenum,

2248 4015 2410 4076 atque
2437 4006 2716 4060 universas
2745 4007 3054 4075 provincias
3085 4010 3334 4066 salutem.
3365 4011 3556 4083 Magna
3587 4014 3832 4086 indigna-

2248 4097 2393 4152 tione
2419 4111 2782 4161 commoveor,
2826 4109 2882 4153 et
2907 4100 3092 4155 dolore
3123 4102 3292 4158 multo
3321 4106 3638 4170 contristor,
3695 4109 3836 4176 quod

2248 4189 2511 4259 quosdam
2553 4203 2621 4243 ex
2666 4189 2816 4270 vobis
2844 4193 3116 4262 comperi,
3170 4197 3480 4266 apostolica:
3527 4200 3837 4256 traditionis

2249 4283 2470 4351 oblitos,
2518 4291 2573 4337 et
2615 4282 2793 4340 studio
2838 4286 2918 4339 sui
2954 4289 3156 4343 erroris
3193 4289 3446 4345 intentos.
3477 4291 3543 4345 Et
3573 4303 3698 4362 post
3741 4293 3835 4346 ali-

2249 4386 2450 4446 quanta
2481 4396 2493 4432 :
2528 4379 2603 4437 De
2629 4381 2953 4451 poenitentia
2982 4381 3210 4446 scilicet,
3259 4397 3379 4451 qua:
3408 4399 3438 4436 a
3469 4383 3722 4440 fidelibus
3748 4399 3839 4452 po-

2250 4470 2498 4538 stulatur,
2526 4487 2591 4527 ne
2615 4473 2680 4528 de
2706 4472 3038 4545 singulorum
3062 4482 3408 4543 peccatorum
3431 4487 3632 4543 genere
3659 4474 3836 4530 libello

2251 4564 2452 4634 scripta
2498 4564 2763 4633 professio
2803 4563 3127 4633 publicetur,
3179 4579 3303 4618 cum
3338 4576 3522 4620 reatus
3557 4565 3839 4624 conscien—

2255 4655 2452 4709 tiarum
2496 4654 2726 4712 sufficiat
2771 4655 2899 4710 solis
2945 4654 3319 4710 sacerdotibus
3368 4655 3594 4711 indicari
3625 4656 3838 4712 confes-

2253 4747 2403 4802 sione
2429 4754 2660 4802 secreta.
2691 4746 2948 4813 Quamvis
2971 4747 3117 4801 enim
3143 4747 3418 4816 plenitudo
3444 4747 3568 4802 tidei
3591 4749 3835 4803 videatur

2253 4852 2374 4891 esse
2402 4835 2686 4890 laudabilis
2707 4875 2720 4900 ,
2768 4851 2888 4904 qua:
2913 4847 3134 4904 propter
3163 4835 3257 4891 Dei
3289 4836 3537 4890 timorem
3566 4835 3711 4903 apud
3736 4835 3829 4890 bo-

2256 4925 2429 4978 mines
2472 4923 2793 4979 erubescere
2837 4941 2942 4979 non
2992 4932 3209 4979 veretur
3255 4942 3269 4977 :
3325 4933 3528 4988 tamen,
3555 4924 3681 4993 quia
3731 4940 3833 4978 non

2255 5013 2494 5068 omnium
2525 5012 2830 5082 huiusmodi
2852 5023 2976 5069 sunt
2997 5023 3218 5084 peccata
3239 5054 3252 5078 ,
3283 5023 3340 5068 ut
3366 5030 3429 5068 ea
3463 5016 3551 5084 qui
3580 5017 3834 5085 paeniten-

2257 5105 2386 5159 tiam
2429 5113 2658 5174 poscunt
2701 5121 2808 5162 non
2865 5105 3090 5160 timeant
3140 5105 3446 5174 publicare,
3495 5101 3870 5161 removeatur

2259 5197 2629 5266 improbabilis
2656 5199 3012 5260 consuetudo,
3059 5211 3126 5250 ne
3154 5198 3306 5252 multi
3338 5214 3368 5251 a
3395 5199 3727 5268 pmnitentiae
3754 5215 3833 5253 re-

2260 5287 2452 5338 mediis
2483 5299 2788 5338 arceantur.
2819 5289 2946 5338 dum
2967 5296 3068 5338 aut
3096 5288 3443 5338 erubescunt.
3473 5297 3566 5338 aut
3593 5299 3834 5338 metuunt
