4018 5392
231 238 347 304 ΔΜΠ

1692 229 2073 294 Εριετοιάῑ.

3399 239 3499 297 158

235 353 380 418 cari,
435 351 481 406 si
529 350 709 422 populi
756 351 978 406 auribus
1025 367 1130 406 non
1160 350 1464 422 publicetur
1492 349 1823 406 conscientia
1855 352 1900 410 A
1925 349 2137 419 juncta,
2165 348 2403 420 legitime
2427 349 2630 413 dotata,
2652 355 2702 404 el
2721 344 2948 418 publicis
2974 349 3174 418 nuptiis
3193 349 3498 416 honestata,

239 444 580 516 paenitentis.
629 443 696 497 Et
723 445 978 512 quoniam
1015 443 1249 511 qualiter
1277 443 1469 496 debeat
1511 440 1630 494 iniri
1685 455 1818 494 con—

233 535 473 605 jugium,
521 541 760 605 etvetus
806 543 863 587 et
911 549 1048 588 nova
1100 533 1181 587 lcx
1231 533 1440 597 edocet,
1473 530 1699 586 Domino
1724 545 1824 599 per

241 626 464 695 Moysen
500 625 878 694 pmcipicnte,
927 633 980 677 ct
1020 623 1310 693 Evangelio
1363 623 1764 676 demonstrante
1804 634 1820 672 :

240 718 379 772 Cum
428 727 600 782 esset,
648 717 861 786 inquit,
904 716 1215 785 desponsata
1257 724 1426 768 mater
1469 713 1597 767 Jesu
1648 712 1824 766 Maria

237 810 437 877 Joseph
467 819 746 877 antequam
778 808 1105 862 convenirent
1144 806 1358 876 (Matth.
1387 806 1450 875 ι),
1476 805 1527 859 id
1555 813 1641 860 est
1667 813 1824 858 ante-

239 918 409 971 quam
463 901 692 970 nuptiali
750 899 1114 955 celebratione
1153 898 1546 960 convenirent,
1589 897 1742 950 .sicut
1772 895 1825 949 in

233 993 449 1064 nuptiis
493 991 780 1047 celebratis
811 991 951 1046 idem
998 989 1267 1052 ostendit,
1297 1004 1435 1058 quas
1462 1003 1559 1043 sua
1591 1002 1828 1057 prasen-

230 1085 322 1136 -tia
377 1081 757 1146 sanctiﬁcare,
807 1090 862 1136 et
901 1081 1159 1134 miraculo
1207 1081 1404 1135 ibidem
1451 1089 1665 1151 patrato
1704 1079 1825 1133 illu-

239 1185 422 1229 strare
475 1176 726 1246 dignatus
774 1186 876 1228 est.
943 1172 1048 1227 Sed
1105 1184 1160 1227 et
1213 1181 1433 1227 sanctus
1502 1172 1826 1236 Evaristus,

234 1274 474 1333 quartus
527 1281 556 1318 a
613 1265 772 1319 beato
815 1263 976 1334 Petro
1022 1263 1280 1317 Romana:
1325 1263 1468 1317 sedis
1517 1263 1823 1331 episcopus.

235 1366 298 1408 et
345 1363 566 1410 sanctus
611 1353 870 1420 Siricius,
914 1362 971 1408 et
1015 1354 1210 1408 beatus
1255 1352 1388 1416 Leo,
1437 1361 1600 1422 atque
1644 1351 1826 1407 caeteri

237 1447 446 1516 quique
493 1447 744 1502 doctores
789 1446 1122 1509 ostendunt,
1185 1459 1304 1514 qua:
1350 1443 1531 1499 omnia
1575 1444 1664 1498 hic
1727 1458 1823 1513 po-

240 1556 377 1595 nere
425 1546 646 1610 propter
698 1537 1063 1608 pluralitatem
1116 1544 1172 1592 et
1233 1535 1624 1606 longitudinem
1679 1534 1829 1591 devi-

236 1639 444 1683 tamus.

1895 455 2147 504 .scxuum
2169 441 2544 495 commistione
2564 440 2922 511 conjungitur.
2941 439 3006 494 Et
3023 450 3148 496 tunc
3179 441 3379 496 habent
3405 459 3504 499 ηυ-

1923 532 2048 602 ptiae
2075 533 2126 585 in
2155 545 2215 585 se
2247 531 2447 586 Christi
2477 543 2531 587 et
2562 533 2814 587 Ecclesia:
2844 543 3264 598 sacramentum,
3290 545 3346 591 et
3373 544 3501 593 tunc

1924 622 2200 691 pertinere
2215 622 2457 677 noscitur
2483 623 2675 676 mulier
2692 623 2777 676 illa
2796 623 2859 676 ad
2883 625 3308 689 matrimonium,
3327 625 3378 681 in
3397 642 3501 698 qua
3562 615 3566 618 ’

1925 719 1978 764 et
1993 726 2216 764 sexuum
2234 712 2558 776 commistio,
2572 721 2626 766 et
2643 713 2879 782 nuptiale
2893 715 3115 769 docetur
3127 714 3292 772 fuisse
3309 727 3507 788 myste—
3532 769 3537 782 ,

1928 802 2088 855 rium.
2111 801 2186 855 De
2198 816 2303 870 quo
2318 804 2574 872 mysterio
2587 802 2753 858 Paulo
2769 804 3045 873 apostolus
3059 805 3125 860 ad
3144 806 3404 876 Ephesios
3422 805 3504 863 di-
3521 795 3536 826 ⁴

1926 890 2002 944 cit
2025 909 2038 944 :
2062 890 2169 957 Qui
2193 909 2344 946 suam
2369 909 2584 946 uxorem
2610 893 2802 965 diligit,
2841 896 3066 964 seipsum
3092 897 3283 968 diligit.
3334 898 3504 954 Nemo

1925 983 2063 1036 enim
2114 999 2344 1053 unquam
2370 1001 2581 1039 carnem
2611 1003 2762 1039 suam
2806 989 2926 1042 odio
2953 989 3157 1054 habuit,
3221 991 3312 1045 sed
3344 993 3511 1047 nutrit

1928 1083 1976 1127 et
2003 1073 2136 1142 {ovet
2159 1092 2298 1140 eam,
2331 1079 2464 1130 sicut
2505 1088 2555 1130 et
2580 1076 2822 1132 Christus
2845 1080 3168 1146 Ecclesium;
3196 1083 3320 1152 quia
3351 1100 3514 1138 mens-

1929 1165 2020 1218 bra
2038 1183 2229 1221 sumus
2253 1170 2486 1238 corporis
2507 1170 2645 1239 ejus,
2692 1170 2756 1223 de
2772 1186 2928 1223 carne
2950 1171 3082 1240 ejus,
3125 1182 3172 1226 et
3203 1173 3267 1227 de
3308 1173 3512 1228 ossibus

1929 1257 2063 1327 ejus.
2117 1258 2342 1328 PrOpter
2367 1262 2465 1313 hoc
2515 1260 2764 1330 relinquet
2801 1261 2954 1314 homo
2984 1271 3183 1331 patrem
3225 1275 3272 1317 et
3293 1275 3514 1319 matrem

1928 1364 2103 1413 suam,
2146 1358 2193 1402 et
2217 1350 2499 1404 adhaerebit
2520 1352 2674 1405 uxori
2714 1368 2844 1417 sure,
2883 1361 2934 1405 et
2969 1363 3120 1408 erunt
3144 1353 3249 1408 duo
3275 1355 3328 1408 in
3355 1370 3516 1410 carne

1929 1453 2057 1490 una.
2105 1438 2507 1493 Sacramentum
2529 1441 2626 1494 hoc
2653 1458 2898 1511 magnum
2913 1452 2992 1497 est
3015 1460 3034 1507 ;
3081 1460 3172 1514 ego
3199 1454 3370 1499 autem
3393 1447 3514 1500 dico

1930 1530 1987 1584 in
2028 1527 2235 1584 Christo
2271 1540 2327 1584 et
2352 1531 2407 1585 in
2432 1530 2670 1586 Ecclesia
2729 1532 2944 1600 (Ephes.
2980 1533 3055 1603 v).
3121 1533 3256 1590 Hinc
3287 1543 3512 1594 sanctus

1930 1618 2250 1674 Ambrosius
2283 1621 2524 1692 mysterii
2546 1631 2946 1676 sacramentum
2983 1623 3186 1693 grande
3226 1623 3279 1678 in
3303 1625 3513 1680 unitate

318 1717 550 1771 Tantum
597 1716 780 1771 dicere
825 1713 1192 1770 necessarium
1244 1713 1525 1779 duximus,
1579 1721 1635 1768 et
1678 1696 1900 1768 interB
1928 1708 2030 1763 viri
2085 1723 2149 1764 ac
2194 1708 2406 1764 feminae
2463 1726 2583 1766 esse
2639 1712 2911 1782 significat
2951 1730 2964 1766 :
3017 1727 3116 1768 nec
3158 1713 3261 1769 hoc
3300 1722 3508 1769 tantum

233 1808 478 1877 aequales
519 1807 760 1878 legitima
795 1806 932 1862 ﬁunt
969 1805 1237 1875 conjugia,
1266 1820 1388 1860 cum
1416 1820 1446 1858 a
1483 1804 1820 1873 parentibus,

237 1913 475 1970 quorum
510 1899 767 1963 interest,
791 1898 986 1968 petita,
1017 1906 1072 1952 et
1112 1883 1355 1966 legaliter
1397 1894 1745 1964 desponsata,
1773 1901 1828 1949 et

239 1994 453 2056 dotata,
484 1999 540 2046 et
568 1990 800 2061 publicis
838 1991 1039 2060 nuptiis
1065 1991 1329 2044 honorata
1362 1987 1558 2042 femina
1589 1985 1825 2055 conjugii

238 2081 450 2148 copula:
483 2081 743 2143 sociatur,
774 2089 829 2134 et
856 2093 924 2132 ex
953 2079 1162 2133 duobus
1192 2093 1354 2132 unum
1387 2091 1584 2146 corpus
1613 2089 1828 2144 unaque

237 2186 374 2225 caro
424 2170 672 2234 efﬁcitur,
727 2170 871 2224 sicut
922 2170 1185 2240 scriptum
1236 2176 1320 2223 est
1358 2185 1372 2221 :
1408 2167 1580 2220 Erunt
1628 2167 1734 2220 duo
1773 2167 1828 2220 in

235 2247 404 2316 carne
429 2279 536 2316 una
572 2261 724 2332 (Gen.
759 2263 853 2333 n);
877 2261 992 2330 jam
1036 2276 1142 2316 non
1200 2259 1338 2324 duo,
1395 2259 1490 2315 sed
1540 2273 1646 2312 una
1701 2265 1828 2312 sunt

237 2368 394 2407 caro.
423 2354 490 2406 Et
520 2371 532 2406 :
565 2351 717 2418 Quod
741 2352 882 2406 Deus
905 2351 1107 2420 junxit,
1133 2350 1286 2404 homo
1309 2365 1416 2402 non
1437 2358 1640 2418 separet
1665 2347 1831 2417 (Mat-

235 2446 322 2498 th.
357 2445 495 2512 xtx).
531 2444 604 2496 De
639 2459 744 2514 qua
777 2442 1159 2511 conjunctione
1205 2457 1431 2511 magnus
1456 2441 1566 2494 Leo
1596 2455 1733 2509 papa
1764 2438 1833 2493 ad

233 2533 655 2588 Narbonensem
703 2535 893 2589 scribit
938 2534 1246 2603 episcopum
1291 2549 1305 2584 :
1348 2531 1462 2584 Non
1506 2531 1702 2594 omnis,
1750 2531 1833 2584 in-

231 2627 462 2695 quiens,
505 2627 701 2680 mulier
744 2627 862 2681 viro
900 2625 1087 2696 juncta
1133 2641 1268 2679 uxor
1289 2633 1374 2680 est
1402 2624 1522 2687 viri,
1545 2624 1682 2692 quia
1731 2639 1834 2678 nec

229 2718 429 2772 omnis
458 2717 596 2772 ﬁlius
624 2719 798 2773 haeres
827 2728 912 2773 est
944 2719 1131 2787 patris.
1162 2718 1481 2787 Nuptiarum
1513 2726 1694 2771 autent
1733 2717 1835 2772 fce-

238 2808 378 2860 ilera
413 2808 552 2862 inter
579 2809 841 2879 ingenuos
870 2808 1288 2878 suntlegitima,
1320 2817 1374 2862 et
1406 2809 1548 2862 inter
1574 2807 1832 2878 aequales.

242 2896 316 2949 Et
341 2896 502 2964 paulo
529 2906 685 2965 post:
721 2897 872 2952 Unde
911 2911 1032 2950 cum
1059 2896 1289 2951 societas
1320 2899 1630 2966 nuptiarum
1656 2899 1728 2952 ita
1765 2898 1834 2952 ab

239 2986 406 3038 initio
428 2987 719 3040 constituta
741 2987 831 3050 sit,
854 2996 1122 3055 utpraater
1135 3001 1362 3039 sexuum
1377 2987 1830 3056 cdnjunctionem,

1930 1801 2125 1870 prodit,
2154 1800 2247 1856 sed
2273 1801 2433 1856 aliam
2461 1818 2707 1878 causam,
2757 1819 2878 1872 quae
2912 1819 3017 1858 non
3041 1805 3312 1860 discordet
3343 1820 3374 1859 a
3397 1821 3512 1860 me-

1929 1901 2142 1948 morato
2168 1895 2446 1965 mysterio,
2491 1894 2727 1966 ﬂagitat,
2779 1912 2938 1966 quam
2969 1899 3075 1952 scit
3111 1899 3176 1953 ad
3206 1899 3510 1968 profectum

1928 1975 2402 2057 humani'geueris
2421 1987 2718 2056 pertinere,
2759 1988 2861 2043 hoc
2898 1996 2984 2043 est
3018 1988 3273 2045 Ecclesiae
3313 1998 3368 2044 et
3395 1989 3515 2044 Sal-

1930 2075 2156 2138 vatoris,
2204 2085 2263 2130 ut
2314 2077 2455 2132 sicut
2492 2077 2695 2133 relictis
2764 2079 3077 2147 parentibus
3122 2081 3287 2135 homo
3351 2079 3510 2136 uxori

1928 2178 2041 2218 suae
2083 2164 2348 2228 adhaeret,
2401 2167 2474 2220 ita
2529 2175 2584 2220 et
2652 2167 2840 2222 relicto
2867 2168 3014 2222 omni
3051 2183 3238 2223 errore
3263 2170 3508 2226 Ecclesia

1930 2257 2223 2322 adhaereat,
2240 2267 2302 2312 et
2321 2257 2638 2326 subjiciatur
2659 2260 2820 2329 capiti
2843 2274 2940 2314 suo
2961 2259 3101 2327 quod
3129 2269 3211 2315 est
3237 2260 3510 2316 Christus.

1932 2347 2198 2414 Quoniam
2245 2366 2350 2404 una
2391 2359 2584 2406 natura
2631 2351 2685 2406 in
2732 2352 2850 2406 viro
2894 2363 2949 2406 et
2985 2352 3184 2407 femina
3239 2365 3320 2409 est
3368 2372 3380 2407 :
3435 2354 3517 2409 id-

1934 2439 2082 2494 circo
2105 2440 2189 2494 vir
2227 2441 2380 2510 quasi
2411 2442 2648 2512 seipsum
2679 2451 2731 2498 et
2771 2443 3052 2498 mulierem
3085 2443 3310 2516 diligere
3360 2461 3512 2502 com-

1936 2536 2208 2582 monetur.
2263 2528 2506 2584 Naturali
2556 2531 2770 2585 ratione
2824 2531 3016 2586 mulier
3051 2533 3228 2602 portio
3270 2535 3519 2605 corporis

1937 2619 2038 2675 viri
2068 2628 2152 2675 est
2177 2633 2192 2673 :
2217 2635 2281 2675 ac
2303 2635 2400 2690 per
2430 2621 2531 2675 hoc
2562 2621 2645 2675 vir
2674 2622 2726 2675 in
2758 2622 2983 2677 muliere
3008 2623 3247 2692 seipsum
3293 2624 3467 2694 diligit
3492 2642 3512 2690 ;

1937 2729 2045 2784 quo
2077 2715 2236 2770 modo
2259 2713 2305 2768 si
2328 2712 2630 2770 fornicetur
2655 2715 2709 2769 in
2741 2716 2976 2783 seipsum
3006 2725 3215 2786 peccat,
3251 2718 3376 2786 quia
3409 2718 3517 2774 duo

1938 2804 1992 2858 in
2043 2818 2207 2858 carne
2228 2818 2334 2858 una
2361 2811 2509 2858 sunt.
2568 2802 2685 2858 Non
2711 2819 2842 2876 ergo
2867 2820 3111 2874 persona-
3158 2805 3515 2863 substantiam

1938 2895 2201 2960 dividunt,
2231 2904 2292 2951 ut
2329 2913 2432 2967 per
2454 2911 2714 2966 personas
2743 2915 3001 2954 numerus
3029 2898 3122 2954 ﬁat
3147 2908 3383 2966 naturae;
3423 2900 3522 2956 sed

1939 2995 2064 3042 sunt
2113 2987 2170 3042 in
2202 2987 2410 3043 unitate
2460 2997 2688 3043 naturae.
2743 2989 2810 3044 Et
2838 2998 3056 3046 sanctus
3099 2991 3429 3062 Augustinus
3462 2990 3520 3046 in

241 3077 482 3130 haberet
523 3078 576 3130 in
627 3092 686 3132 se
733 3045 942 3130 Christi
990 3084 1046 3130 et
1095 3075 1351 3131 Ecclesia:
1398 3045 1829 3143 sacramentum;
1860 3045 1905 3108 C
1937 3077 2073 3133 libro
2104 3079 2171 3134 de
2208 3079 2420 3148 Nuptiis
2448 3091 2504 3135 et
2540 3080 2989 3151 Concupisceutia
3025 3083 3155 3138 dicit
3185 3045 3379 3140 :Sane
3408 3098 3519 3140 non

237 3165 475 3219 dubium
525 3180 629 3221 non
671 3174 756 3220 est
785 3181 905 3220 eam
958 3165 1236 3221 mulierem
1289 3182 1398 3220 non
1445 3168 1725 3237 pertinere
1768 3168 1837 3222 ad

231 3259 678 3324 matrimonium,
712 3258 766 3312 in
812 3274 918 3327 qua
955 3259 1179 3314 docetur
1219 3260 1464 3329 nuptiale
1511 3276 1616 3314 non
1670 3260 1836 3316 fuisse

231 3351 589 3420 mysterium.
639 3351 704 3403 Et
733 3365 830 3404 nos
858 3365 889 3404 e
916 3349 1136 3420 regione
1185 3349 1313 3405 hinc
1353 3351 1518 3404 etiam
1549 3350 1836 3406 ostendere

223 3457 555 3512 possumus,
584 3443 709 3512 quia
754 3457 861 3496 non
903 3456 1094 3498 omnes
1125 3442 1326 3510 nuptize
1365 3441 1700 3512 conjugalem
1733 3458 1832 3497 co-

223 3532 430 3601 pulam
475 3529 705 3596 faciunt,
762 3546 898 3600 quas
948 3546 1056 3585 non
1098 3533 1346 3600 sequitur
1396 3533 1704 3586 commistio
1751 3547 1836 3587 se-

221 3637 454 3676 xuum:
493 3622 636 3675 sicut
679 3637 780 3676 nec
814 3637 1029 3690 semper
1077 3621 1221 3675 illius
1261 3629 1345 3674 est
1385 3620 1526 3675 ﬁlius
1555 3621 1734 3675 omnis
1780 3628 1836 3676 et

223 3714 444 3771 Ιιωτοε.
466 3710 620 3776 cujus
645 3725 764 3764 esse
786 3711 1024 3763 noscitur
1053 3711 1242 3765 haeres.
1271 3709 1380 3765 Nec
1409 3710 1609 3764 habent
1629 3712 1832 3780 nuptiae

225 3805 289 3858 in
326 3817 390 3856 se
417 3799 620 3854 Christi
655 3808 710 3854 et
749 3798 1010 3852 Ecclesia:
1056 3809 1478 3864 sacramentum,
1519 3801 1661 3856 sicut
1707 3802 1835 3856 bea-

226 3901 328 3946 tus
355 3889 694 3958 Augustinus
722 3887 876 3952 dicit,
907 3887 951 3940 si
990 3902 1049 3941 se
1073 3888 1394 3956 .nuptialiter
1432 3906 1538 3946 non
1583 3900 1827 3957 utuntur,

226 3981 287 4035 id
324 3989 431 4042 est,
461 3979 504 4032 si
546 3994 638 4033 cas
668 3994 774 4034 non
821 3977 1170 4046 subsequitur
1217 3979 1526 4034 commistio
1577 3996 1828 4037 sexuum.

225 4069 353 4124 Nec
379 4067 655 4136 pertinere
686 4067 884 4143 poterit
927 4066 1018 4119 illa
1069 4066 1265 4135 mulier
1301 4068 1367 4121 ad
1395 4069 1825 4136 matrimonium,

227 4173 364 4215 cum
406 4173 514 4226 qua
560 4158 783 4212 docetur
835 4172 941 4211 non
991 4156 1158 4211 fuisse
1207 4159 1515 4213 commistio
1559 4174 1784 4214 sexuum
1804 4159 1824 4216 ἐ

228 4249 382 4302 sicut
410 4246 629 4300 dubiant
669 4262 776 4299 non
807 4255 889 4300 est
917 4261 1036 4300 eam
1084 4247 1367 4302 mulierem
1399 4263 1507 4302 non
1553 4249 1828 4319 pertinere

233 4338 308 4390 ad
342 4336 770 4401 matrimonium,
801 4337 981 4405 inqua
1010 4336 1234 4391 docetur
1265 4339 1502 4408 nuptiale
1530 4354 1636 4394 non
1659 4339 1827 4396 fuisse

229 4429 579 4497 mysterium.
610 4429 763 4496 Quod
797 4431 869 4484 ita
899 4445 1020 4485 esse
1049 4430 1317 4500 praefatus
1353 4431 1462 4487 Leo
1491 4433 1827 4490 demonstrat

229 4519 474 4572 dicens:
512 4520 661 4576 Unde
687 4537 810 4577 cum
848 4523 1082 4576 societas
1109 4524 1422 4592 nuptiarum
1456 4525 1529 4578 ita
1557 4527 1628 4580 ab
1667 4527 1823 4595 initio

227 4611 540 4665 constituta
599 4614 687 4678 sit,
741 4623 799 4668 ut
857 4623 1055 4684 prteter
1103 4630 1330 4670 sexuum
1379 4617 1823 4687 conjunctionem

226 4701 478 4755 haberet
507 4702 557 4757 in
603 4720 661 4758 se
689 4705 888 4760 Christi
920 4716 974 4760 et
1001 4706 1256 4762 Ecclesiae
1302 4718 1726 4765 sacramentum.
1755 4712 1824 4767 Et

224 4790 370 4843 item
410 4791 548 4844 idem
581 4811 593 4846 :
623 4795 807 4866 igitur,
858 4797 1130 4867 inquiens,
1161 4800 1458 4867 qui-ﬁliam
1501 4817 1654 4857 suam
1702 4803 1822 4860 viro

222 4876 471 4930 babenti
501 4885 848 4940 concubinam
899 4887 952 4939 in
991 4887 1399 4944 matrimonium
1443 4891 1675 4957 dederit,
1711 4909 1822 4950 non

218 4963 303 5016 ita
343 4967 720 5035 accipiendum
751 4987 854 5040 eSt,
887 4977 1039 5046 quasi
1089 4992 1209 5032 eam
1246 4980 1533 5050 conjugato
1561 4981 1774 5038 dederit
1802 5002 1818 5040 :

213 5050 339 5142 nisi
376 5051 518 5107 forte
565 5058 657 5115 illa
689 5065 883 5120 mulier
911 5074 964 5118 et
992 5067 1228 5138 ingenua
1274 5069 1439 5132 facta,
1478 5078 1534 5124 et
1581 5070 1821 5142 legitime

205 5135 448 5200 dolata.
563 5150 802 5237 publicis
851 5135 1074 5223 nuptiis
1095 5148 1380 5209 honestate
1415 5135 1676 5214 videatur.
1721 5162 1822 5217 Pa«

203 5231 396 5252 σοι-,ιη
431 5231 602 5252 ...1.ἷικ·
707 5231 766 5252 ι’.
830 5241 842 5252 ο
1332 5244 1344 5252 .
1503 5247 1514 5252 -
1642 5249 1649 5251 ξ

1938 3177 2146 3224 tantum
2199 3169 2522 3236 fecunditas,
2570 3171 2723 3240 cujus
2746 3173 2958 3229 fructus
3004 3173 3057 3229 in
3094 3174 3241 3245 prole
3272 3183 3379 3241 est,
3412 3190 3521 3232 nec

1938 3266 2148 3314 tantum
2184 3261 2465 3328 pudicitia,
2515 3261 2669 3330 cujus
2696 3263 2968 3318 vinculum
3002 3264 3134 3320 ﬁdes
3175 3273 3277 3330 est,
3327 3281 3518 3321 verum

1935 3349 2099 3403 etiam
2138 3350 2408 3420 quoddam
2445 3361 2849 3408 sacramentqu
2881 3355 3189 3425 nuptiarum
3231 3371 3514 3412 conamen-

1935 3441 2094 3494 datur
2139 3441 2382 3496 ﬁdelibus
2428 3443 2751 3513 conjugatis,
2817 3445 2958 3500 unde
3001 3446 3131 3501 dicit
3177 3446 3512 3516 Apostolus:

1942 3531 2074 3592 Viri,
2104 3531 2306 3602 diligite
2329 3549 2515 3597 uxores
2547 3545 2762 3599 vestras,
2805 3538 2937 3589 sicut
2983 3548 3029 3593 et
3052 3538 3290 3592 Christus
3331 3539 3517 3594 dilexit

1929 3621 2226 3685 Ecclesium
2253 3621 2467 3692 (Ephes.
2491 3627 2567 3695 v).
2598 3625 2768 3694 Hujus
2788 3627 2974 3695 procul
3001 3628 3164 3682 dubio
3193 3629 3523 3684 sacramenti

1939 3726 2026 3764 res
2055 3719 2158 3775 est,
2209 3721 2268 3766 ut
2295 3728 2411 3767 mas
2443 3722 2500 3767 et
2527 3714 2726 3769 femina
2756 3717 3026 3771 connubio
3045 3720 3303 3788 copulati,
3342 3736 3520 3789 quan-

1936 3803 2027 3856 diu
2076 3802 2278 3868 vivant,
2338 3804 2771 3874 inseparabiliter
2817 3807 3087 3877 conjuncti
3136 3820 3514 3881 perseverent;

1934 3886 2035 3947 nec
2060 3892 2239 3958 liceat,
2272 3905 2500 3966 excepta
2535 3911 2697 3951 causa
2727 3896 3118 3965 fornicationis,
3174 3903 3454 3973 conjugem
3485 3921 3520 3960 a

1935 3983 2163 4054 conjuge
2196 3984 2396 4040 dirimi.
2459 3986 2574 4042 Hoc
2601 3989 2744 4042 enim
2767 3991 3068 4046 custoditur
3109 3993 3160 4046 in
3207 3993 3424 4050 Christo
3463 4006 3521 4052 et

1931 4075 1986 4130 in
2019 4075 2282 4144 Ecclesia,
2316 4087 2374 4134 ut
2401 4079 2590 4135 vivens
2615 4096 2739 4136 cum
2772 4083 2984 4138 vivente
3009 4084 3064 4138 in
3086 4092 3347 4140 aeternum
3368 4088 3517 4145 nullo

1931 4166 2162 4224 divortio
2184 4181 2469 4238 separetur
2484 4173 2538 4227 in
2563 4173 2785 4229 civitate
2807 4174 3016 4230 Domini
3039 4177 3230 4243 nostri,
3261 4179 3312 4232 in
3335 4187 3518 4236 monte

1931 4264 2121 4310 sancto
2148 4257 2285 4326 ejus,
2340 4259 2442 4314 hoc
2467 4272 2552 4315 est
2599 4261 2654 4315 in
2683 4261 2922 4317 Ecclesia
2960 4264 3248 4320 catholica.
3301 4265 3368 4319 Et
3387 4282 3515 4322 san-

1930 4357 2051 4403 ctus
2074 4347 2369 4418 Gregorius
2399 4351 2452 4405 in
2481 4353 2709 4422 epistola
2740 4355 2807 4408 ad
2835 4353 3198 4410 Theoctistam
3225 4359 3510 4428 patriciam

1930 4436 2062 4492 dicit
2094 4454 2109 4490 :
2130 4437 2233 4493 Per
2256 4453 2316 4494 se
2336 4441 2481 4495 enim
2500 4443 2710 4498 Veritas
2732 4444 2862 4498 dicit
2892 4461 2905 4498 :
2931 4443 3085 4510 Quod
3113 4446 3364 4503 Dominus
3378 4450 3519 4520 jun—

1927 4530 2027 4592 atit,
2054 4530 2208 4584 homo
2239 4549 2343 4586 non
2365 4545 2567 4588 secaret
2597 4535 2814 4604 (Matth.
2845 4543 2982 4610 xix).
3014 4540 3146 4608 Quae
3189 4543 3352 4597 etiam
3396 4545 3513 4602 ait:

1930 4619 2054 4673 Νοη
2075 4619 2192 4674 licet
2211 4622 2474 4677 dimittere
2492 4641 2704 4680 uxorem
2721 4639 2934 4695 excepta
2949 4646 3111 4684 causa
3130 4632 3517 4701 fornicationis.

1927 4713 2141 4770 Scimus
2151 4717 2296 4770 enim
2313 4718 2432 4784 qnia
2447 4720 2708 4790 scriptum
2724 4730 2808 4776 est
2827 4741 2838 4775 :
2855 4721 3028 4778 Erunt
3042 4724 3148 4778 duo
3172 4727 3225 4779 in
3238 4742 3396 4780 carne
3413 4743 3520 4779 una

1927 4801 2083 4873 (Gen.
2116 4805 2200 4874 ιι).
2229 4803 2286 4858 Si
2315 4804 2479 4874 igitur
2503 4811 2586 4862 vir
2605 4821 2660 4866 et
2680 4826 2818 4868 uxor
2838 4828 2943 4866 una
2963 4827 3093 4869 caro
3123 4823 3267 4879 sunt,
3311 4823 3364 4868 et
3391 4813 3520 4869 reli-

1926 4895 2103 4965 gionis
2127 4911 2290 4951 causa
2314 4897 2395 4958 vjr
2419 4899 2640 4958 dimittit
2664 4919 2910 4968 uxorem,
2936 4906 3020 4960 vel
3044 4907 3236 4960 mulier
3258 4906 3432 4960 virum
3462 4908 3520 4965 in

1929 4984 2033 5037 hoc
2057 4984 2256 5037 mundo
2289 4997 2681 5056 remanentem,
2708 4991 2792 5046 vel
2819 4990 3052 5048 fortasse
3098 4993 3164 5046 ad
3197 4992 3378 5045 illicita
3411 4995 3520 5049 mi-

1927 5083 2191 5146 grantem,
2212 5089 2335 5142 qua:
2351 5087 2432 5132 est
2457 5078 2556 5134 ista
2573 5083 2856 5137 conversio
2896 5084 2931 5114 ε-

1928 5181 2057 5212 ΩΣΙΓΟ
2080 5182 2122 5196 η*
