4018 5392
582 341 685 398 159

1535 330 1866 393 HINCMARI
1907 324 2301 384 RIIEMENSIS
2338 325 2860 384 AllClllEPlSCOPl

3743 326 3846 384 MO

581 465 719 506 uxor
748 463 852 504 non
882 446 1127 517 sequitur
1153 461 1168 511 ;
1222 451 1314 499 aut
1343 458 1503 514 quam
1528 459 1664 497 uxor
1685 443 1910 512 appetit,
1958 441 2044 495 vir
2075 455 2156 493 re-
2187 443 2233 502 Α
2265 449 2346 494 ter
2374 448 2631 510 casteque
2661 439 2990 495 custodiant.
3025 437 3211 496 Solum
3227 446 3310 494 est
3331 439 3496 505 enim,
3521 440 3668 509 quod
3682 441 3845 495 etiam

580 551 758 607 cusat,
807 539 970 595 dividi
1015 537 1319 608 conjugium
1369 551 1476 589 non
1513 535 1682 589 licet:
1720 533 1845 602 quia
1891 533 2154 602 scriptum

579 640 662 686 est
690 649 704 684 :
736 628 931 684 Mulier
971 628 1053 680 sui
1079 626 1308 696 corporis
1348 632 1654 693 potestatem
1698 639 1802 677 non
1847 621 2019 684 habet,
2065 619 2155 674 sed

577 721 660 774 rir
685 735 702 772 :
728 716 972 772 similiter
989 716 1067 768 vir
1107 730 1210 769 non
1250 713 1403 767 habet
1441 721 1745 783 potestatem
1796 713 2028 781 corporis
2047 709 2153 776 sui,

575 809 666 863 sed
694 806 880 864 mulier
928 805 983 876 (1
1025 802 1149 859 Cor.
1193 803 1291 875 vi).
1345 803 1412 857 Et
1443 803 1496 857 in
1512 801 1740 872 epistola
1763 800 1830 856 ad
1859 800 2157 856 Adrianum

578 882 1017 954 Panormitanum
1051 914 1066 951 :
1098 895 1255 959 Nam,
1312 895 1506 965 inquit,
1563 903 1787 963 excepta
1840 891 2158 946 fornicatio-

579 989 666 1044 nis
709 1002 894 1053 causa,
949 986 1127 1041 virum
1175 1000 1401 1040 uxorem
1448 983 1776 1054 relinquere,
1832 981 2018 1037 divina
2070 979 2156 1035 lex

573 1079 718 1134 nulla
757 1079 965 1134 ratione
1006 1077 1254 1132 concedit
1279 1095 1292 1131 :
1317 1077 1442 1147 quia
1483 1089 1767 1147 pOStquam
1817 1073 2158 1144 copulatione

572 1169 808 1241 conjugii
847 1169 951 1224 viri
1003 1177 1166 1238 atque
1193 1168 1435 1224 mulieris
1483 1183 1648 1223 unum
1672 1181 1870 1237 corpus
1906 1165 2155 1232 eﬁicitur,

573 1276 680 1317 non
715 1269 900 1332 potest
931 1274 1000 1316 ex
1032 1269 1186 1330 parte
1205 1260 1467 1324 converti,
1510 1268 1566 1314 et
1593 1273 1660 1314 ex
1688 1267 1844 1330 parte
1885 1259 1937 1312 in
1961 1256 2157 1333 sagculo

573 1364 878 1405 remanere.
949 1350 1018 1404 Et
1067 1337 1288 1405 sanctus
1364 1351 1698 1422 Augustinus
1759 1351 1813 1404 in
1877 1349 2017 1404 libro
2089 1349 2156 1404 de

567 1441 724 1498 Bono
750 1441 988 1512 coniugii
1021 1458 1035 1496 :
1065 1441 1146 1496 Ad
1180 1442 1282 1497 hoc
1325 1443 1470 1497 enim
1517 1442 1720 1512 nuptiae
1763 1449 1912 1507 sunt,
1955 1449 2017 1496 ut
2066 1441 2153 1496 illa

563 1533 1044 1603 concupiscentia,
1107 1533 1330 1588 redacta
1392 1533 1460 1587 ad
1518 1533 1818 1604 legitimum
1855 1533 2154 1598 vinculum,

570 1642 681 1682 non
725 1624 986 1681 deformis
1032 1633 1090 1680 et
1131 1624 1395 1680 disSoluta
1426 1623 1684 1690 ﬁuitaret,
1735 1623 1940 1679 habens
1977 1625 2044 1678 de
2073 1639 2157 1679 sc-

563 1717 690 1787 ‘ipsa
742 1715 1174 1772 irrefrenabilem
1254 1715 1436 1772 carnis
1488 1714 1880 1780 inﬁrmitatem,
1943 1715 2010 1770 de
2052 1731 2154 1770 nu-

2263 532 2451 588 sterile
2476 533 2785 603 conjugium
2815 539 2962 586 tenet
2978 529 3100 600 jura
3127 531 3367 601 pietatis,
3394 529 3505 600 jam
3539 547 3638 602 spe
3662 531 3847 586 fecnnc

2259 625 2446 681 ditatis
2478 628 2700 691 amissa,
2728 635 2948 698 propter
2974 640 3135 695 quam
3173 623 3347 680 fuerat
3365 624 3700 694 copulatum.
3727 624 3850 678 Haec

2257 717 2400 772 bona
2445 717 2707 788 nuptialia
2753 715 2933 771 laudet
2963 716 3018 770 in
3049 716 3288 787 nuptiis:
3318 715 3410 785 qui
3450 716 3676 769 laudare
3741 714 3851 767 vult

2260 806 2497 876 nuptias.
2531 806 2598 860 Et
2627 807 2678 860 in
2705 805 2902 862 Genesi
2938 805 3006 859 ad
3031 806 3265 860 litteram
3298 823 3313 860 :
3341 805 3496 872 Quod
3522 806 3729 860 bonum
3755 805 3853 858 ha-

2257 896 2389 951 bent
2418 897 2636 967 nuptiaz,
2669 904 2726 952 et
2753 897 2896 966 quod
2921 894 3077 951 bonae
3125 905 3251 952 sunt
3291 895 3512 965 nuptiae,
3558 903 3849 964 peccatum

2259 999 2378 1041 esse
2404 1001 2680 1056 nunquam
2725 993 2924 1057 potest.
2975 985 3089 1042 Hoc
3133 995 3313 1040 autem
3366 985 3701 1055 tripertitum
3746 995 3848 1046 est,

2262 1074 2414 1140 ﬁdes,
2438 1075 2636 1146 proles,
2668 1083 3091 1132 sacramentum.
3151 1074 3208 1129 ln
3259 1073 3365 1129 ﬁde
3406 1074 3730 1140 attenditur,
3785 1089 3852 1128 ne

2261 1177 2458 1236 praeter
2486 1148 2760 1228 vinculum
2812 1167 3093 1239 coniugale
3119 1182 3240 1221 cum
3284 1166 3450 1220 altera
3479 1207 3495 1231 ,
3548 1165 3634 1220 vel
3677 1167 3853 1220 altero

2261 1259 2650 1312 concumbatur
2684 1277 2696 1312 :
2733 1259 2786 1312 in
2811 1259 2978 1330 prole,
3011 1267 3069 1312 ut
3097 1266 3343 1312 amanter
3365 1258 3719 1328 suscipiatur,
3757 1258 3850 1310 be-

2262 1349 2424 1418 nigne
2451 1349 2742 1414 nutriatur,
2777 1349 3028 1420 religiose
3052 1349 3315 1403 educetur
3348 1367 3360 1402 :
3395 1349 3448 1402 in
3476 1358 3852 1411 sacramento,

2259 1448 2318 1493 ut
2343 1440 2651 1511 conjugium
2677 1457 2782 1496 non
2805 1450 3104 1511 separetur,
3120 1451 3174 1495 et
3194 1441 3470 1505 dimissus,
3489 1451 3584 1494 aut
3601 1441 3854 1503 dimissa,

2257 1546 2360 1586 nec
2389 1547 2553 1587 causa
2591 1532 2760 1602 prolis
2787 1532 2942 1588 alteri
2988 1532 3397 1603 conjungatur.-
3426 1531 3552 1586 llaac
3599 1541 3686 1586 est
3736 1543 3856 1586 tau-

2259 1639 2421 1694 quam
2448 1623 2632 1695 rcgula
2685 1624 3015 1694 nuptiarum,
3050 1639 3156 1693 qua
3199 1622 3282 1676 vel
3307 1633 3518 1677 naturze
3561 1623 3858 1678 det-oratur

2261 1716 2582 1781 fecunditas,
2615 1717 2698 1771 vel
2730 1717 3132 1772 incontinentiae
3159 1716 3364 1788 regitur
3392 1716 3660 1785 pravitas.
3691 1715 3850 1770 Nunc

567 1807 696 1877 ptiis
757 1816 938 1862 autem
990 1806 1413 1862 indissolubilcm
1496 1806 1617 1862 ﬁdei
1673 1807 1989 1862 societatem
2034 1825 2046 1859 :
2090 1807 2156 1862 de
2189 1783 2232 1845 Β
2260 1825 2381 1865 cum
2415 1810 2499 1865 his
2519 1825 2640 1879 qua:
2677 1809 2850 1865 sancti
2876 1809 3127 1864 doctores
3159 1809 3345 1863 dicunt
3369 1808 3434 1862 de
3462 1809 3688 1878 nuptiis,
3714 1823 3854 1863 con-

569 1899 749 1968 seipsa
794 1913 1138 1968 progressum
1179 1897 1530 1952 immoderate
1551 1897 1801 1964 coeundi,
1844 1898 1912 1953 de
1959 1897 2159 1968 nuptiis

567 1991 788 2044 modum
825 1999 975 2046 caste
998 1989 1336 2060 procreandi.
1389 1989 1596 2045 Debent
1640 2005 1770 2061 ergo
1817 1990 1918 2046 sibi
1965 1991 2156 2061 conju-

570 2080 702 2151 gati,
731 2095 836 2135 non
867 2080 1038 2135 solum
1066 2080 1231 2150 ipsius
1253 2095 1415 2136 sexus
1443 2080 1526 2136 sui
1556 2081 1945 2137 commiscendi
1975 2080 2156 2147 ﬁdem,

569 2169 870 2226 liberorum
907 2170 1366 2241 procreandorum
1395 2186 1582 2238 causa,
1616 2187 1736 2242 quae
1755 2172 1928 2243 prima
1955 2181 2040 2227 est
2060 2173 2159 2226 hu-

568 2263 714 2317 mani
749 2263 963 2332 generis
1008 2263 1061 2317 in
1120 2263 1221 2317 ista
1276 2263 1605 2317 mortalitate
1651 2263 1911 2329 societas;
1965 2277 2159 2317 verum

565 2351 735 2405 etiam
759 2350 1093 2405 inﬁrmitatis
1134 2350 1366 2406 invicem
1419 2351 1772 2422 excipiendae,
1823 2352 1890 2405 ad
1941 2350 2159 2406 illicitos

567 2442 887 2498 concubitus
914 2441 1219 2506 evitandos,
1247 2452 1490 2497 mutuam
1542 2443 1941 2513 quodammodo
1987 2445 2159 2500 servi-

571 2544 739 2592 tutem
761 2553 773 2590 :
795 2544 855 2590 ut
876 2535 978 2591 etsi
1005 2535 1160 2590 alteri
1188 2550 1378 2590 eorum
1405 2544 1667 2606 perpetua
1699 2537 2030 2592 continentia
2051 2536 2158 2606 pla-

567 2634 714 2690 ceat,
743 2624 846 2680 nisi
877 2639 944 2678 ex
975 2624 1198 2679 alterius
1225 2639 1513 2689 consensu,
1563 2625 1845 2680 continere
1896 2641 2004 2680 non
2037 2641 2158 2695 pos:

567 2716 660 2773 sit.
691 2715 773 2770 Ad
806 2716 909 2770 hoc
936 2716 1083 2771 enim
1110 2730 1251 2769 tixor
1273 2730 1378 2770 non
1408 2715 1573 2770 habet
1602 2724 1923 2784 potestatem
1967 2730 2159 2785 corpo-

569 2808 648 2864 ris
667 2808 770 2873 sui,
793 2807 890 2864 sed
914 2807 1111 2862 mulier
1130 2825 1145 2862 :
1161 2816 1222 2862 ut
1239 2816 1295 2862 et
1313 2809 1457 2877 quod
1475 2823 1582 2862 non
1606 2807 1839 2863 ﬁliorum
1865 2822 2160 2878 procrean-

570 2901 783 2964 dorum,
808 2898 900 2955 sed
919 2897 1253 2954 inﬁrmitatis
1276 2907 1330 2954 et
1355 2900 1765 2954 incontinentiae
1791 2915 1952 2955 causa
1997 2915 2160 2970 expe-

570 2991 660 3054 tit,
690 2989 775 3044 vel
811 2989 899 3044 ille
933 2989 1002 3045 de
1028 2988 1394 3054 matrimonio,
1433 2989 1515 3043 vel.
1544 2988 1635 3042 illa
1684 2988 1752 3043 de
1789 2989 2008 3054 marito,
2050 3003 2157 3043 non

567 3080 672 3135 sibi
699 3079 1021 3135 alterutrum
1047 3087 1275 3147 negent;
1308 3093 1376 3132 ne
1400 3092 1498 3148 per
1518 3079 1622 3134 hoc
1649 3078 1886 3134 incidant
1927 3079 1979 3133 in
2011 3079 2158 3133 dam-

562 3172 777 3230 -nabiles
804 3171 1157 3242 corruptelas,
1191 3178 1436 3226 tentante
1475 3168 1695 3235 Satana,
1725 3179 1944 3240 propter
1977 3168 2160 3224 incon-

565 3265 852 3321 tinentiam
873 3263 958 3319 vel
988 3265 1290 3329 amborum,
1314 3263 1399 3319 vel
1423 3262 1740 3333 cujusquam
1764 3277 1978 3316 eorum.

636 3356 711 3410 Et
739 3357 864 3410 item
892 3354 946 3409 in
968 3354 1157 3408 eodem
1182 3353 1319 3408 libro
1351 3371 1366 3407 :
1397 3353 1776 3408 Generationis
1796 3352 1979 3422 itaque
1995 3367 2157 3406 causa

571 3446 691 3502 ﬁeri
716 3445 930 3515 nuptias
955 3443 1247 3514 Apostolus
1271 3441 1345 3496 ita
1395 3441 1551 3498 testis
1590 3450 1674 3497 est
1707 3459 1721 3496 :
1761 3441 1908 3507 Volo,
1961 3441 2154 3509 inquit,

565 3534 804 3603 juniores
825 3533 1021 3588 nubere
1036 3545 1060 3582 ς
1086 3539 1142 3585 et
1161 3532 1310 3600 quasi
1329 3531 1378 3588 ei
1405 3533 1675 3586 diceretur
1696 3546 1711 3586 :
1745 3529 1810 3586 Ut
1835 3530 1966 3600 quid
1983 3531 2008 3583 '3
2026 3543 2156 3584 cun-

569 3626 729 3680 tinuo
771 3623 1002 3693 subjecit
1053 3639 1069 3677 :
1119 3621 1290 3680 Filios
1333 3640 1628 3695 procreare,
1680 3633 1873 3678 matres
1923 3623 2157 3693 familias

571 3729 684 3769 esse
710 3713 762 3784 (1
791 3713 925 3771 Tim.
948 3715 1028 3785 v),
1056 3715 1123 3771 ad
1148 3715 1309 3770 ﬁdem
1351 3713 1620 3770 castitatis
1663 3711 1792 3768 illud
1840 3714 2152 3783 pertinere:

573 3802 720 3860 Uxor
739 3816 914 3862 autem
937 3822 1042 3863 non
1083 3805 1232 3862 habet
1281 3814 1588 3876 potestatem
1633 3804 1866 3875 corporis
1911 3806 2017 3871 sui,
2065 3808 2157 3860 sed

571 3898 651 3951 vir
673 3914 692 3952 :
717 3897 959 3952 similiter
985 3907 1032 3952 et
1055 3897 1133 3952 vir
1153 3913 1257 3950 non
1275 3896 1425 3950 habet
1450 3905 1755 3965 potestatem
1783 3897 2017 3965 corporis
2049 3899 2154 3964 sui,

570 3985 663 4040 sed
688 3986 875 4040 mulier
907 3984 958 4054 (1
982 3983 1104 4039 Cor.
1127 3988 1231 4055 νι),
1278 3985 1346 4038 ad
1396 3986 1725 4040 sacramenti
1773 3987 2153 4052 sanctitatem;

567 4083 629 4129 et
659 4073 788 4128 illud
822 4092 834 4126 :
862 4072 1091 4127 Uxorem
1112 4090 1146 4125 a
1166 4073 1280 4126 uiro
1301 4089 1404 4127 non
1424 4073 1687 4128 discedere
1703 4088 1718 4125 :
1734 4076 1874 4144 quod
1895 4077 1941 4128 si
1963 4077 2157 4130 disces-

571 4165 718 4228 serit,
744 4180 956 4218 manere
985 4164 1284 4233 innuptam,
1329 4173 1420 4217 aut
1447 4164 1556 4218 viro
1581 4180 1676 4218 suo
1709 4166 2040 4220 reconciliari
2082 4169 2099 4236 (
2125 4165 2152 4220 Ι

569 4253 694 4308 Cor.
740 4259 861 4325 vu),
912 4262 1014 4309 et:
1059 4253 1148 4307 Vir
1169 4269 1385 4308 uxorem
1414 4271 1476 4308 ne
1499 4255 1747 4310 dimittat.
1803 4257 1926 4312 l‘lzec
1969 4259 2153 4315 omnia

570 4347 710 4401 bona
733 4355 896 4411 sunt,
945 4355 1165 4416 propter
1189 4360 1310 4416 qua:
1334 4348 1533 4417 nuptiae
1559 4349 1711 4404 bonae
1753 4359 1899 4416 sunt,
1949 4351 2153 4421 proles,

572 4434 724 4503 ﬁdes,
754 4442 1171 4492 sacramentum.

642 4526 710 4580 Et
741 4525 795 4581 in
826 4525 966 4588 libro
997 4527 1064 4582 de
1091 4525 1306 4598 Nuptiis
1344 4536 1400 4582 et
1449 4530 1514 4584 de
1567 4529 2014 4602 Concupiscentia
2045 4550 2060 4589 :
2089 4536 2146 4592 In

572 4618 774 4688 nuptiis
799 4627 976 4674 tamen
1004 4620 1146 4674 bona
1167 4619 1454 4690 nuptibilia
1491 4621 1806 4694 diligantur,
1840 4627 2043 4696 proles,
2091 4629 2152 4683 ﬁ--

572 4711 691 4773 des,
714 4716 1113 4765 sacramentum
1143 4727 1158 4764 :
1189 4711 1286 4765 sed
1329 4711 1510 4780 proles
1532 4752 1548 4778 ,
1591 4729 1696 4769 non
1750 4725 1807 4770 ut
1861 4729 2154 4774 nascantur

574 4807 803 4863 tantum,
829 4814 1022 4855 verum
1039 4800 1203 4854 etiam
1235 4807 1294 4854 ut
1321 4813 1696 4858 renascantur.
1728 4804 1980 4861 Nascitur
2000 4824 2153 4862 nam-

572 4906 679 4961 que
702 4891 771 4946 ad
791 4905 1030 4961 poenam,
1070 4891 1173 4947 nisi
1201 4893 1516 4948 renascatur
1537 4896 1605 4949 ad
1632 4895 1821 4950 vitam.
1875 4899 2032 4954 Fides
2059 4915 2154 4953 au-

572 4991 708 5047 tem,
749 4997 853 5036 non
887 4981 1098 5051 qualem
1127 4982 1325 5038 habent
1349 4984 1489 5039 inter
1520 4999 1580 5040 se
1609 4987 1770 5040 etiam
1803 4987 2045 5042 inﬁdeles
2069 5003 2156 5042 ze-

2179 4488 2231 4552 D

2260 1901 2497 1958 feramus
2545 1901 2802 1970 Stephani
2859 1901 3094 1971 nuptias,
3141 1916 3246 1954 non
3293 1899 3558 1954 habentes
3603 1881 3854 1954 amorem

2257 1993 2446 2064 prolis,
2477 1993 2570 2048 sed
2600 1979 2980 2048 necessitatem
3009 1991 3218 2047 vitandi
3252 1992 3452 2056 exsilii,
3481 1991 3598 2047 sive
3620 1991 3851 2046 mortis:

2259 2098 2365 2138 non
2399 2083 2661 2138 habentes
2690 2083 2971 2138 servandae
3001 2081 3304 2155 conjugalis
3343 2083 3618 2137 castitatis
3668 2082 3853 2147 ﬁdem,

2259 2176 2354 2230 sed
2392 2174 2703 2230 incurrendi
2735 2175 2975 2230 incestus
3003 2174 3269 2230 mortiferi
3299 2190 3405 2229 non
3451 2175 3855 2245 parvipenden-

2259 2265 2384 2320 dum
2443 2265 2690 2320 timorem
2731 2281 2881 2320 :non
2913 2265 3178 2320 habentes
3217 2261 3676 2334 incorporationis
3727 2264 3853 2318 uni-

2259 2361 2370 2409 tate
2397 2353 2598 2410 Christi
2629 2364 2684 2409 et
2709 2354 2965 2410 Ecclesiae
2991 2363 3417 2420 sacramentum,
3439 2355 3533 2410 sed
3585 2353 3854 2424 superdu-

2258 2452 2446 2498 cenles
2476 2445 2792 2514 turpitudini
2817 2444 3183 2500 velamentum
3218 2461 3232 2499 :
3267 2454 3550 2514 totumque
3602 2446 3746 2514 quod
3793 2445 3851 2498 in

2258 2533 2338 2586 eis
2371 2540 2456 2587 est
2485 2544 2689 2596 actum,
2721 2534 3038 2603 ﬁgmentum
3063 2533 3429 2588 simulationis
3460 2533 3581 2599 fuit,
3618 2549 3727 2588 non
3760 2547 3852 2586 ve-

2259 2621 2562 2688 ritas.~Qua3
2583 2623 2803 2691 nuptiae,
2829 2622 2956 2677 licet
2975 2623 3118 2678 inter
3141 2624 3402 2693 ingenuos
3425 2633 3481 2677 et
3503 2623 3650 2678 inter
3667 2638 3849 2694 mqua-

2258 2710 2356 2776 les,
2386 2720 2611 2781 paterno
2633 2711 2862 2767 arbitrio
2887 2713 3364 2783 desponsationem
3399 2721 3564 2784 atque
3611 2714 3846 2769 dotatio—

2253 2816 2384 2856 nem
2431 2803 2794 2873 praecedente,
2845 2802 3065 2858 fuerunt
3110 2804 3416 2868 celebratae,
3472 2808 3691 2861 etiamsi
3734 2806 3848 2875 jam

2257 2907 2487 2948 sexuum
2542 2895 2854 2951 commistio
2905 2911 3001 2952 eas
3050 2899 3492 2967 subsequeretur,
3547 2897 3847 2969 legitimam

2257 2984 2492 3058 conjugii
2523 2988 2772 3058 e0pulam
2800 2989 3048 3044 obtinere
3071 3004 3178 3044 non
3224 3000 3464 3059 possent,
3516 3004 3620 3045 nec
3670 2999 3846 3044 ratum

2260 3078 2566 3150 conjugium
2589 3080 2832 3136 stabilire
2853 3081 3118 3147 valerent,
3139 3083 3270 3151 quin
3293 3082 3472 3152 potius
3489 3082 3646 3137 irrita
3668 3083 3848 3138 omnia

2265 3167 2495 3222 ﬁerent:
2528 3169 2781 3237 quoniam
2803 3183 2910 3224 non
2933 3169 3053 3225 sine
3091 3171 3454 3241 separatione,
3499 3181 3730 3243 propter
3769 3172 3849 3226 in-

2259 3270 2443 3312 cestus
2465 3259 2695 3324 crimen,
2723 3260 2866 3329 quod
2893 3261 3094 3317 habere
3149 3276 3256 3318 non
3307 3270 3485 3332 potest
3529 3263 3742 3318 Christi
3793 3273 3849 3316 et

2260 3347 2514 3402 Ecclesia:
2533 3355 2957 3417 sacramentum,
2985 3351 3208 3407 vulnera
3253 3366 3374 3422 qua:
3419 3355 3849 3409 concumbentes

2260 3437 2462 3492 inﬂicta
2496 3438 2859 3508 susciperent,
2887 3441 3284 3498 medicamento
3311 3444 3651 3513 pcenitentiae
3676 3444 3731 3498 in
3772 3443 3848 3498 eis

2259 3536 2438 3582 sanari
2463 3544 2567 3583 non
2592 3530 2855 3596 valerent,
2885 3531 3031 3587 sicut
3068 3533 3462 3603 subsequentes
3511 3535 3849 3589 orthodoxo-

2261 3635 2378 3672 rum
2407 3630 2462 3674 et
2489 3620 2744 3676 Ecclesia:
2769 3623 3156 3694 magistrorum
3197 3626 3474 3680 sententiae
3503 3625 3849 3680 demonstra-

2258 3708 2410 3764 bunt.
2443 3709 2783 3781 Quapropter
2806 3712 2942 3767 tales
2973 3729 3082 3770 non
3109 3715 3373 3786 mysticae,
3404 3729 3582 3786 neque
3643 3715 3848 3787 legales

2261 3800 2314 3854 in
2340 3801 2512 3856 oculis
2542 3802 2636 3856 Dei
2667 3811 2796 3856 sunt
2816 3803 3034 3873 nuptiae.

2265 3891 2271 3896 ’
2329 3893 2465 3960 Quia
2501 3893 2547 3948 si
2578 3907 2676 3964 per
2707 3893 2967 3964 Stephani
2993 3902 3049 3950 et
3097 3895 3312 3965 puellm,
3366 3911 3472 3954 non
3504 3906 3636 3954 ante
3675 3897 3848 3954 Deum

2259 3981 2506 4052 legaliter
2531 3982 2724 4048 ductae,
2756 3983 2850 4038 sed
2881 3984 3056 4055 magis
3085 3985 3354 4051 abductar,
3378 3988 3580 4042 coitum
3609 3987 3851 4042 carnalis

2257 4074 2653 4130 commistionis
2681 4090 2748 4129 ex
2781 4075 2866 4130 his
2892 4076 3100 4131 duobus
3127 4093 3294 4132 unum
3348 4093 3546 4147 corpus
3600 4077 3843 4134 efﬁcere-

2261 4175 2366 4231 tur,
2395 4180 2501 4220 non
2533 4166 2828 4221 secundum
2861 4167 3102 4236 nuptiale
3125 4167 3348 4235 bonum,
3398 4171 3492 4224 sed
3545 4170 3846 4224 secundum

2259 4257 2519 4314 incestale
2550 4259 2774 4326 malum,
2827 4269 3051 4330 propter
3075 4261 3340 4317 incestum
3388 4261 3650 4331 Stephani
3682 4279 3847 4318 unum

2257 4365 2452 4420 corpus
2475 4349 2773 4416 etiicerent,
2802 4351 2941 4405 sicut
2965 4351 3228 4422 scriptum
3281 4361 3367 4408 est
3401 4373 3413 4407 :
3454 4353 3560 4419 Qui
3614 4357 3847 4408 adha'ret

2255 4442 2537 4506 meretrici,
2565 4458 2728 4495 unum
2751 4457 2939 4511 corpus
2965 4443 3182 4512 e/ﬁcitur
3231 4443 3280 4514 (1
3319 4444 3443 4499 Cor.
3499 4446 3594 4514 vt).
3655 4446 3721 4500 Et
3767 4447 3848 4501 sic

2255 4531 2431 4601 puella
2461 4532 2529 4586 ab
2549 4531 2759 4586 incestu
2787 4545 2939 4597 sana,
2963 4547 3060 4602 per
3085 4533 3286 4588 coitum
3315 4534 3505 4604 juncta
3538 4537 3842 4607 Stephano,

2255 4621 2545 4676 incestuosi
2576 4636 2706 4677 caro
2730 4621 2885 4677 ﬁeret
2913 4639 2927 4678 :
2958 4630 3014 4678 et
3039 4622 3347 4693 Stephanus
3375 4625 3448 4680 illi
3473 4629 3716 4696 junctus,
3734 4628 3842 4680 sic-

2255 4721 2317 4766 ut
2367 4722 2526 4766 antea
2563 4712 2878 4778 fornicator,
2936 4713 3011 4768 ita
3044 4724 3099 4770 et
3137 4727 3259 4786 post
3306 4716 3745 4784 conjunctionem
3779 4719 3840 4772 il-

2256 4803 2379 4868 lius,
2411 4803 2665 4872 quoniam
2690 4819 2812 4858 cum
2842 4807 3140 4877 propinqua
3173 4807 3292 4876 ejus
3335 4810 3654 4875 concubuit,
3700 4813 3843 4879 quod

2257 4895 2494 4948 nondum
2521 4904 2658 4958 erat,
2708 4895 3049 4954 incestuosus
3100 4899 3378 4953 existeret.
3434 4899 3502 4954 Et
3553 4910 3841 4970 propterea

2257 4983 2474 5038 saniore
2506 4983 2755 5050 consilio,
2780 4994 2834 5038 et
2854 4988 3045 5054 puella:
3076 4989 3317 5052 sanitati,
3347 5003 3468 5052 quae
3497 4989 3729 5043 necdum
3762 4991 3840 5043 in-
