4018 5392
152 379 249 438 ιιι

1577 345 1582 349 ’
1604 378 1986 439 Eptsrous.

3317 393 3422 451 ας

145 489 432 562 paratione
447 488 778 545 sanaverint.
814 487 1158 544 lncestuosos
1179 503 1307 544 vero
1325 487 1470 543 nullo
1494 489 1729 560 coniugii
1758 495 1806 552 Α
1833 488 2085 548 Christus
2134 501 2190 548 et
2225 491 2486 561 Ecclesia,
2540 496 2670 551 huic
2690 498 2865 554 eidem
2895 498 3071 556 ordini
3095 501 3324 557 maritus
3364 512 3423 558 et

154 579 362 634 nomine
385 591 672 634 censemus
699 579 1055 647 deputandos,
1087 594 1222 648 quos
1253 579 1417 634 etiam
1443 579 1729 650 designare

152 668 419 722 funestum
446 669 550 722 est.
579 667 645 721 Et
673 665 730 721 S.
755 667 1046 740 Gregorius
1066 668 1118 722 in
1141 667 1366 738 epistola
1394 669 1460 724 ad
1489 667 1728 723 Felicem

148 755 493 811 Siciliensem
548 756 903 826 episcopum,
959 770 1120 825 quem
1181 756 1427 810 audierat
1476 767 1731 826 perverse

150 850 492 920 interpretari
522 851 666 919 quod
709 849 900 903 beatus
929 848 1221 919 Gregorius
1272 851 1566 919 Augustino
1619 847 1730 902 An-

149 937 629 1015 gloruxrrepiscopo
659 941 946 996 consilium
984 941 1280 995 secundum
1340 941 1726 1012 indulgentiam

149 1034 212 1087 de
236 1033 470 1104 Paganis
493 1047 520 1086 a
541 1040 734 1102 quarto
757 1047 917 1102 genu,
951 1041 1006 1086 et
1059 1033 1111 1085 in
1162 1031 1448 1100 reliquum,
1476 1047 1540 1086 ne
1566 1046 1595 1085 a
1622 1032 1727 1088 ﬁde

148 1123 476 1195 refugerent,
510 1123 750 1186 dederat,
805 1123 1056 1191 quodque
1108 1123 1210 1192 Ipsi
1241 1123 1547 1177 venerando
1577 1137 1729 1192 papae

149 1224 510 1284 suggesserat,
539 1214 604 1268 ad
628 1213 874 1267 eumdem
913 1212 1148 1279 Felicem
1197 1214 1504 1268 rescribens
1551 1214 1723 1269 dicit:

144 1306 482 1376 Progeniem,
513 1305 785 1374 inquiens,
817 1320 970 1359 suam
1002 1319 1472 1374 unumquemque,
1529 1305 1596 1360 de
1644 1306 1729 1361 bis

148 1398 231 1466 qui
270 1396 504 1450 ﬁdeliter
529 1395 704 1449 edocti
733 1435 746 1459 ,
799 1405 854 1448 et
893 1393 1008 1462 iam
1060 1393 1213 1447 ﬁrma
1270 1395 1452 1448 radice
1499 1394 1726 1464 plantati

142 1500 286 1548 stant
324 1489 644 1552 inconvulsi,
684 1503 853 1556 usque
884 1487 953 1542 ad
983 1488 1270 1556 septimam
1301 1488 1595 1542 observare
1636 1488 1729 1542 de-

142 1583 416 1638 cernimus
467 1573 875 1652 generationem
902 1619 918 1642 ,
966 1589 1022 1633 et
1069 1579 1308 1648 quandiu
1339 1595 1398 1634 se
1428 1589 1730 1651 agnoscunt

145 1672 398 1728 afﬁnitate
428 1671 778 1742 propinquos,
815 1669 883 1725 ad
911 1668 1219 1739 lntjusmodi
1248 1671 1458 1741 c0pulzc
1486 1687 1592 1726 non
1636 1687 1727 1728 ac-

145 1769 332 1822 cedere
358 1767 675 1821 societatem
710 1783 723 1818 :
760 1779 859 1818 nec
884 1778 1029 1827 eam,
1062 1778 1222 1832 quam
1253 1762 1452 1834 aliquis
1478 1779 1545 1819 ex
1594 1780 1721 1834 pro.

1835 597 1979 637 uxor
2022 585 2356 656 astringitur.
2407 585 2517 643 Sed
2562 589 2872 658 videndum,
2929 599 2987 646 ut
3041 592 3311 662 quomodo
3364 594 3423 650 in

1833 673 2054 732 Christo
2074 685 2126 732 et
2154 678 2206 731 in
2235 678 2473 736 Ecclesia
2503 690 2691 737 sancta
2723 680 3031 752 coniunctio
3061 685 3260 751 est,ita
3284 695 3334 742 et
3365 687 3420 742 in

1824 762 2057 820 muliere
2107 776 2291 822 sancta
2314 769 2384 824 sit
2418 771 2630 840 copula.
2687 772 2840 828 Sicut
2873 782 3052 828 autem
3096 790 3203 830 non
3237 777 3419 832 omnis

1831 857 2178 926 congregatio
2199 858 2575 915 lrzcreticorum
2595 861 2796 917 Christi
2827 856 3066 919 Ecclesia
3087 865 3192 920 dici
3215 875 3416 936 potest,

1831 958 1932 999 nec
1961 954 2124 1014 caput
2147 961 2334 1002 eorum
2364 948 2616 1006 Christus
2637 960 2758 1017 est;
2793 954 2872 1008 sic
2906 969 3011 1008 non
3041 970 3201 1010 omne
3231 957 3445 1029 matri-i

1832 1035 2092 1101 monium,
2142 1039 2283 1106 quod
2311 1055 2418 1094 non
2449 1041 2568 1095 viro
2594 1057 2693 1096 suo
2721 1045 3018 1100 secundum
3048 1045 3251 1102 Christi
3278 1061 3423 1117 pras-

1831 1136 1984 1196 cepta
2036 1129 2400 1199 coniungitur,
2432 1133 2533 1187 rite
2566 1134 2876 1204 coniugium
2917 1137 3176 1206 appellari
3211 1146 3418 1207 potest,

1831 1217 1927 1270 sed
1959 1218 2129 1288 magis
2154 1220 2496 1276 adulterium.
2537 1223 2613 1278 De
2643 1225 2838 1294 quibus
2861 1226 2936 1280 ita
2975 1229 3117 1284 sacri
3154 1229 3419 1286 deﬁniunt

1831 1325 2066 1366 canones
2095 1331 2106 1367 :
2133 1313 2275 1369 Sane
2295 1317 2491 1386 quibus
2515 1318 2824 1389 coniunctio
2844 1319 3029 1376 illicita
3052 1322 3417 1390 interdicitur,

1832 1401 2105 1458 habebunt
2154 1403 2370 1461 ineundi
2409 1407 2648 1464 melioris
2676 1410 2909 1481 coniugii
2973 1412 3300 1470 libertatem.
3348 1416 3419 1471 Et

1830 1491 1886 1546 in
1911 1495 2114 1564 synodo
2159 1496 2298 1568 apud
2344 1497 2585 1568 Liptinas
2620 1500 2730 1571 (an.
2773 1499 2898 1573 745)
2929 1502 3137 1570 habita,
3183 1506 3271 1561 cui
3315 1506 3416 1561 sub

1829 1580 2189 1641 Carlomanno
2237 1589 2479 1659 principe
2525 1589 2786 1662 Georgius
2830 1593 3133 1666 episcopus,
3167 1605 3222 1652 et
3253 1595 3417 1653 Joan-

1831 1689 1929 1728 nes
1957 1676 2288 1742 sacellarius,
2338 1695 2402 1734 ac
2426 1691 2644 1736 sanctus
2673 1682 2996 1749 Bonifacius,
3028 1703 3097 1740 ex
3146 1697 3416 1758 przecepto

1834 1768 2110 1824 Zachariae
2157 1786 2307 1840 papa:
2351 1774 2744 1843 praesederunt,
2791 1775 3004 1847 legitur,
3033 1787 3090 1832 ut
3120 1780 3164 1833 si
3195 1780 3278 1834 vir
3298 1796 3416 1834 mu-

143 1859 252 1926 pria
283 1857 760 1929 consanguinitate
810 1854 1096 1928 coniugem
1145 1857 1357 1924 habuit,
1407 1860 1492 1915 vel
1545 1859 1726 1931 aOiqua
1758 1845 1804 1906 Β
1832 1860 1946 1915 lieri
1993 1862 2352 1930 desponsatas,
2389 1863 2608 1928 dotata},
2638 1881 2701 1921 ac
2747 1845 2979 1936 publicis
3001 1869 3203 1938 nuptiis
3233 1875 3410 1926 ducta:

143 1951 322 2005 illicita
353 1949 651 2021 pollutione
680 1948 1004 2013 maculavit,
1062 1948 1117 2002 in
1166 1948 1480 2020 coniugium
1529 1951 1729 2007 ducere

141 2041 230 2095 ulli
255 2041 501 2110 profecto
540 2039 975 2096 Christianorum
1019 2039 1169 2105 licet,
1201 2041 1286 2097 vel
1313 2040 1565 2099 licebit:
1598 2045 1725 2116 quia

143 2131 480 2187 incestuosus
509 2140 593 2187 est
620 2131 744 2187 talis
766 2131 960 2198 coitus,
989 2141 1046 2186 et
1072 2133 1449 2190 abominabilis
1474 2136 1724 2201 Domino,

137 2233 192 2277 et
215 2224 428 2278 cunctis
450 2222 696 2277 ﬁdelibus
728 2241 741 2276 :
767 2223 1107 2278 incestuosos
1151 2239 1282 2279 vero
1312 2225 1458 2280 nullo
1484 2225 1725 2297 coniugii

138 2315 355 2370 nomine
383 2315 719 2385 deputandos
745 2330 777 2368 a
806 2313 1020 2369 sanctis
1067 2313 1312 2384 patribus
1343 2314 1543 2369 dudum
1598 2315 1724 2386 legi-

136 2423 251 2463 mus
283 2411 664 2464 constitutum.
1697 2395 1702 2400 ’

201 2497 315 2553 Nec
347 2499 450 2554 hoc
471 2513 684 2568 quoque
710 2499 764 2553 in
796 2499 900 2554 hac
945 2497 1319 2554 sollicitudinis
1350 2506 1504 2568 parte
1555 2497 1721 2552 relin-

134 2590 370 2661 quimus,
410 2590 555 2660 quod
602 2590 851 2645 homines
909 2589 1254 2645 incestuosia
1280 2589 1558 2644 liminibus
1599 2577 1722 2643 san-

133 2692 228 2737 ctae
252 2681 516 2737 Ecclesiae
556 2692 685 2736 sunt
713 2682 1023 2752 separandi,
1057 2695 1336 2751 usquequo
1360 2695 1461 2750 per
1498 2681 1718 2736 satisfa-

130 2774 366 2828 ctionem
399 2773 649 2844 precibus
695 2775 1037 2830 sacerdotum
1068 2773 1246 2828 eidem
1280 2782 1484 2826 sancta:
1523 2773 1716 2828 Eccle-

127 2865 218 2921 sia
253 2864 545 2920 catholicae
569 2865 1006 2920 reconcilientur.
1063 2864 1130 2918 Et
1155 2865 1206 2918 in
1229 2864 1408 2918 edicto
1453 2851 1718 2919 canonico

128 2967 248 3013 ante
260 2972 468 3028 corpus
482 2957 622 3012 beati
643 2957 789 3011 Petri
815 2956 1023 3026 prolato
1044 2973 1056 3009 :
1077 2954 1269 3024 Siquis
1291 2955 1357 3009 de
1379 2955 1593 3024 propria
1623 2970 1719 3010 co-

129 3051 411 3120 gnatione,
432 3049 511 3104 vel
525 3063 688 3119 quam
715 3056 976 3118 cognatus
998 3047 1209 3111 habuit,
1226 3047 1439 3101 duxerit
1464 3063 1713 3114 uxorem,

127 3145 418 3199 anathema
442 3144 528 3198 sit.
552 3141 618 3197 Et
640 3141 1039 3210 responderunt
1060 3153 1249 3194 omnes
1278 3138 1461 3204 tertio,
1491 3139 1716 3194 anathe-

126 3249 206 3287 ma
237 3236 340 3288 sit.
393 3233 459 3287 Et
484 3248 590 3288 non
621 3231 842 3287 dubium
867 3238 952 3286 est
978 3230 1102 3284 huic
1134 3228 1588 3284 anathematismo
1615 3245 1715 3284 nu-

123 3326 261 3394 ptias
288 3324 560 3394 Stephani
601 3320 888 3391 subiacere
913 3320 1188 3384 debuisse,
1221 3319 1266 3374 si
1297 3335 1419 3374 cum
1451 3320 1556 3374 ista
1586 3335 1716 3375 con-

124 3418 410 3471 cumberet
436 3457 450 3481 ,
492 3416 667 3486 quise
698 3430 821 3469 cum
844 3422 1073 3486 cognata
1107 3413 1605 3482 eiusconcubuisse
1636 3415 1716 3469 fa-

126 3517 286 3564 tetur.
317 3509 392 3562 Et
417 3508 542 3562 item
560 3507 613 3562 in
630 3507 928 3562 canonibus
942 3493 1206 3575 Scriptum
1235 3515 1319 3562 est
1350 3507 1516 3578 (conc.
1544 3505 1712 3560 Ilerd.

126 3616 235 3654 can.
250 3599 312 3670 4)
352 3617 366 3652 :
393 3597 566 3654 Dehis
581 3598 744 3666 quise
761 3597 952 3652 incesti
969 3596 1265 3666 pollutione
1287 3596 1708 3662 commaculant,

125 3691 328 3758 placuit
356 3730 372 3753 ,
416 3696 478 3741 ut
520 3701 800 3756 quousque
858 3687 912 3740 in
970 3687 1087 3755 ipso
1154 3687 1471 3741 detestanda
1513 3695 1569 3740 et
1613 3685 1716 3739 illi-

128 3775 225 3836 cito
255 3779 452 3836 carnis
477 3775 836 3832 contubernio
864 3784 1236 3845 perseverant,
1278 3791 1452 3844 usque
1480 3776 1548 3829 ad
1591 3775 1716 3830 mis-

128 3889 233 3928 sam
262 3878 480 3928 tantum
512 3867 1026 3922 cathecumenorum
1055 3866 1110 3918 in
1141 3865 1378 3920 Ecclesia
1421 3864 1716 3918 admittan-

127 3971 251 4029 tur;
301 3975 429 4016 cum
465 3957 662 4027 quibus
708 3956 896 4020 etiam,
940 3969 1041 4009 nec
1071 3955 1250 4010 cibum
1299 3969 1513 4011 sumere
1547 3955 1714 4008 ullum

125 4053 580 4114 Christianorum,
633 4046 776 4101 sicut
817 4045 1108 4114 Apostolus
1132 4045 1313 4115 iussit,
1358 4053 1591 4116 oportet.
1646 4044 1715 4098 Et

127 4142 249 4197 hinc
274 4140 431 4211 plura
479 4153 546 4192 ex
573 4135 870 4192 canonibus
915 4135 1279 4204 potuissemus
1311 4151 1625 4207 congerere,
1665 4135 1711 4191 si

127 4229 334 4285 incestu
364 4225 725 4282 intercedente
775 4225 918 4293 quod
975 4223 1282 4294 Stephanus
1333 4227 1610 4292 devitavit,
1652 4239 1712 4280 se

127 4313 426 4374 ttuxorem
448 4331 599 4372 suam
627 4323 848 4386 propter
870 4313 968 4370 hoc
1011 4329 1233 4370 necesse
1269 4314 1459 4371 fuisset
1507 4314 1710 4384 disiun-

126 4423 268 4478 gere.
312 4407 468 4462 Nunc
521 4417 721 4469 autem,
766 4420 834 4459 ne
864 4405 1089 4476 nuptiali
1144 4405 1475 4462 simulationi
1515 4421 1707 4476 super-
1759 4469 1771 4491 ί

126 4500 357 4554 addatur
411 4500 665 4566 incestus,
702 4501 956 4570 quoniam
992 4505 1208 4567 oportet
1253 4512 1369 4564 eos,
1418 4507 1474 4553 et
1519 4512 1705 4552 coram

125 4591 324 4646 divinis
350 4601 403 4646 et
425 4607 610 4647 coram
634 4593 886 4649 humanis
909 4590 1081 4646 oculis
1106 4590 1347 4661 legaliter
1381 4604 1447 4645 ac
1471 4590 1707 4643 rationa-

125 4679 304 4735 biliter
350 4681 600 4753 disjungi,
647 4682 740 4754 qui
766 4697 872 4736 non
902 4679 1146 4749 legaliter
1192 4680 1244 4732 in
1275 4679 1456 4733 divina
1494 4677 1706 4746 iustitia

128 4771 222 4826 visi
251 4771 406 4827 fuere
432 4773 700 4843 conjuncti
720 4783 746 4836 ς’
767 4773 890 4828 talia
923 4780 1237 4826 sanctorum
1281 4767 1506 4822 Patrum
1540 4767 1708 4822 done-

128 4877 243 4917 mus
269 4863 604 4929 testimonia,
635 4878 755 4932 quae
780 4863 850 4916 ad
878 4861 1143 4932 agendam
1174 4874 1391 4914 causam
1436 4859 1546 4914 sint
1588 4873 1706 4912 ma-

130 4951 474 5010 nifestissime
518 4955 861 5026 pertinentia.

197 5046 428 5101 Sanctus
478 5047 790 5102 Ambrosius
839 5044 892 5098 in
941 5039 1237 5114 Epistolam
1286 5040 1353 5095 ad
1392 5039 1703 5096 Corinthios

131 5137 256 5191 dicit
283 5152 299 5190 :
328 5137 443 5191 Non
469 5146 550 5192 est
573 5137 713 5192 enim
746 5135 930 5198 frater,
956 5141 1050 5189 aut
1077 5146 1250 5195 soror,
1304 5132 1546 5186 servituti
1568 5132 1700 5187 sub-

124 5223 296 5294 iectus
326 5228 379 5280 in
407 5226 682 5296 eiusimodi,
721 5226 826 5281 hoc
853 5233 958 5290 est,
1006 5237 1114 5278 non
1139 5221 1299 5276 debet
1338 5221 1701 5276 reverentiam

131 5317 386 5386 coniugii,
415 5318 464 5373 ei
482 5319 568 5387 qui
587 5318 800 5374 horruit
828 5327 1107 5371 auctorem
1128 5311 1380 5383 coniugii.
1412 5311 1527 5367 Non
1554 5314 1701 5368 enim

1821 1952 2126 2008 Secundum
2156 1953 2472 2024 Apostolum
2505 1955 2745 2011 debitum
2773 1958 3070 2030 coniugale,
3084 1975 3191 2016 non
3222 1969 3415 2032 potue-

1826 2043 1899 2096 rit
1948 2043 2195 2109 reddere,
2253 2047 2433 2102 ethoc
2471 2056 2564 2102 aut
2591 2049 2873 2104 amborum
2912 2051 3271 2118 confessione,
3316 2064 3413 2108 aut

1821 2141 1974 2188 certa
2016 2135 2256 2204 qualibet
2299 2138 2684 2209 approbatione
2717 2139 2883 2196 fuerit
2928 2143 3297 2211 manifestum,
3351 2154 3414 2200 ut

1825 2237 2160 2294 separentur,
2211 2237 2265 2283 et
2305 2229 2515 2294 mulier,
2566 2233 2611 2285 si
2647 2247 2706 2286 se
2753 2233 3035 2289 continere
3080 2235 3407 2304 nequiverit,

1824 2314 1978 2370 alteri
2007 2317 2123 2370 viro
2145 2317 2389 2388 legaliter
2413 2319 2598 2372 nnbat.
2635 2320 2919 2385 Videlicet,
2962 2323 3086 2391 quia
3108 2325 3407 2378 secundum

1823 2406 2190 2462 diliinitionem
2219 2407 2391 2462 sancti
2420 2408 2616 2462 Leonis
2640 2423 2813 2480 pap:e,
2854 2423 2910 2466 et
2934 2413 3278 2468 traditionem
3305 2415 3403 2469 do-

1818 2503 2033 2550 ctorum
2077 2496 2324 2566 superius
2373 2498 2818 2566 demonstratam,
2876 2501 3095 2557 dubium
3138 2518 3244 2558 non
3297 2514 3400 2569 est,

1819 2599 1940 2640 eam
1957 2586 2236 2641 mulierem
2257 2603 2362 2642 non
2377 2588 2653 2658 pertinere
2682 2591 2748 2645 ad
2770 2591 3194 2657 matrimonium,
3223 2594 3276 2648 in
3297 2611 3405 2664 qua

1820 2674 2200 2743 conjunctione
2257 2693 2482 2732 sexuum
2514 2695 2622 2733 non
2647 2681 2872 2736 docetur
2901 2682 3098 2738 Christi
3120 2693 3174 2740 et
3223 2685 3412 2741 Eccle-

1819 2763 2337 2831 sinesacramentum,
2369 2767 2472 2824 hoc
2498 2776 2582 2824 est
2611 2771 2852 2840 nuptiale
2875 2771 3040 2828 fuisse
3065 2777 3404 2844 mysterium.

1889 2853 2052 2910 Multo
2075 2857 2246 2928 magis
2281 2866 2461 2913 autem
2487 2857 2812 2927 huiusmodi,
2848 2862 2914 2916 de
2940 2878 3048 2932 quo
3081 2865 3284 2934 agitur,
3317 2881 3405 2932 se-

1816 2953 2006 3012 parato
2036 2945 2306 3016 coniugio,
2361 2947 2522 3001 aliam
2562 2948 2810 3019 legaliter
2831 2950 2982 3007 adire
3010 2951 3196 3009 licebit
3241 2971 3408 3027 copu-

1816 3032 1943 3098 lam,
2004 3037 2088 3091 cui
2120 3038 2466 3092 concubitum
2493 3055 2596 3094 non
2621 3041 2896 3095 contraxit
2925 3042 3244 3113 impotentia
3282 3061 3406 3101 car-

1818 3125 1923 3190 nis,
1955 3125 2047 3180 sed
2070 3128 2369 3182 reverentia
2393 3131 2608 3183 mentis.
2664 3129 2721 3184 ln
2749 3132 2939 3201 copula
2961 3149 3091 3189 vero
3113 3136 3408 3208 coniugali.

1742 3195 1787 3256 (ἶ
1820 3212 1876 3268 in
1907 3229 2012 3283 qua
2046 3213 2490 3286 desponsatione,
2549 3195 2831 3275 delatione
2867 3231 2923 3276 et
2951 3195 3262 3294 nuptiarum
3278 3195 3405 3281 Usa;

1819 3315 2118 3372 cramento,
2144 3309 2388 3378 corporis
2418 3309 2642 3374 scilicet,
2674 3311 2902 3378 unitate,
2925 3314 3125 3371 Christi
3153 3325 3208 3372 et
3226 3317 3410 3374 Eccle-

1817 3397 1912 3452 sia:
1955 3398 2178 3453 docetur
2224 3398 2391 3455 fuisse
2423 3401 2760 3472 mysterium,
2815 3405 2917 3459 nisi
2954 3418 3128 3463 morte
3159 3411 3406 3480 corporis

1816 3489 2209 3565 intercedente,
2239 3492 2474 3562 coniugii
2506 3508 2611 3547 non
2636 3494 2838 3562 poterit
2857 3496 3052 3553 solutio
3081 3499 3219 3567 ﬁeri,
3262 3503 3404 3557 sicut

1815 3586 2123 3658 evangelica
2165 3595 2221 3642 et
2243 3587 2537 3657 apostolica
2577 3596 2808 3642 testatur
2836 3592 3156 3657 auctoritas,
3207 3603 3263 3648 et
3288 3610 3405 3648 om-

1816 3677 1966 3729 nium
2001 3677 2392 3731 catholicorum
2427 3677 2708 3731 doctorum
2731 3678 2951 3733 chorus.
2979 3681 3046 3733 Et
3073 3681 3262 3737 beatus
3288 3684 3403 3737 Au-

1817 3765 2064 3834 gustinus
2120 3765 2173 3818 in
2218 3766 2359 3819 libro
2413 3765 2480 3819 de
2529 3765 2847 3821 adulterinis
2904 3767 3180 3838 Coniugiis
3225 3771 3397 3826 dicit:

1817 3852 2081 3919 Quoniam
2116 3853 2160 3908 si
2190 3853 2275 3908 vel
2313 3869 2411 3923 pro
2440 3853 2762 3909 intolerabili
2791 3871 2856 3911 ac
2890 3857 3145 3912 diuturna
3173 3859 3405 3916 inﬁrmi-

1815 3953 1928 4000 tate
1951 3944 2296 4000 concubitum
2325 3945 2409 3999 vir
2432 3960 2704 4009 exercere,
2748 3956 2841 4001 aut
2880 3946 3081 4004 femina
3129 3951 3402 4010 sustinere

1814 4037 2138 4108 nequiverit,
2184 4053 2286 4092 nec
2303 4038 2473 4092 etiam
2525 4052 2625 4106 pro
2658 4038 2961 4103 sterilitate,
2998 4055 3093 4096 seu
3124 4042 3403 4112 religionis

1813 4129 2166 4192 continentia,
2197 4137 2292 4182 aut
2316 4142 2415 4198 pro
2435 4127 2540 4182 alia
2568 4128 2810 4197 qualibet
2829 4139 3054 4201 excepta
3085 4134 3402 4190 fomicatioo

1813 4220 1899 4274 nis
1936 4234 2124 4284 causa,
2175 4219 2260 4273 vir
2285 4230 2341 4274 et
2363 4235 2519 4284 uxor,
2571 4217 2816 4290 legaliter
2849 4229 2905 4275 et
2924 4224 3130 4279 carnali
3173 4227 3402 4282 commi-

1753 4323 1758 4328 ‘
1812 4313 1990 4367 stione
2010 4311 2302 4382 conjuncti,
2335 4310 2578 4380 separari
2613 4325 2719 4364 non
2750 4310 3024 4367 valebunt.
3056 4303 3400 4387 Quapropter

1812 4402 1954 4457 hanc
1974 4401 2146 4473 legem
2182 4417 2213 4456 a
2239 4402 2468 4456 Domino
2506 4401 2790 4457 audientes
2821 4402 3070 4473 discipuli
3096 4407 3348 4464 dixerunt
3381 4428 3394 4462 :

1782 4476 1786 4568 ξ
1815 4495 1872 4551 Si
1895 4497 2005 4550 haec
2035 4511 2195 4548 causa
2224 4494 2297 4546 ita
2325 4509 2444 4547 cum
2470 4510 2633 4546 uxore
2656 4493 2897 4561 habetur,
2928 4513 3032 4550 non
3052 4500 3256 4568 expedit
3297 4518 3398 4556 nu-

1812 4588 1928 4642 bere
1953 4585 2166 4657 (Mault.
2198 4583 2335 4651 xxx).
2360 4583 2477 4638 Non
2507 4592 2686 4639 tamen
2710 4600 2808 4654 pro
2828 4587 2934 4642 hoc
2959 4590 3219 4646 Dominus
3243 4607 3397 4648 suam

1808 4686 2040 4735 mutavit
2066 4677 2410 4733 sententiam.
2445 4676 2599 4732 Unde
2622 4687 2677 4732 et
2703 4677 2811 4733 Leo
2840 4680 2907 4734 ad
2946 4679 3189 4736 Nicetam
3227 4683 3397 4752 Aqui-

1808 4771 2068 4826 leiensem
2099 4769 2410 4838 episcopum
2439 4768 2678 4837 scripsit,
2711 4777 2770 4823 ut
2796 4770 2838 4824 si
2867 4783 2966 4840 per
2995 4771 3248 4826 bellicam
3287 4772 3395 4826 cla-

1813 4863 1957 4924 dem,
2003 4868 2059 4914 et
2086 4857 2441 4930 gravissimos
2479 4859 2794 4914 hostilitatis
2836 4860 3105 4921 incursus,
3140 4860 3215 4913 ita
3243 4877 3396 4928 qua:-

1811 4952 1937 5006 dam
1969 4949 2168 5005 fuerint
2207 4949 2380 5003 divisa
2408 4949 2679 5020 coniugia,
2709 4957 2770 5002 ut
2798 4949 3047 5004 abductis
3076 4948 3130 5001 in
3159 4949 3391 5016 captivi-

1806 5047 1974 5094 tatem
2023 5039 2175 5104 viris,
2209 5036 2425 5092 feminae
2455 5052 2644 5094 eorum
2689 5039 3052 5094 remanserint
3097 5037 3396 5100 destitutae,

1807 5144 1929 5199 quae
1962 5129 2105 5183 viros
2132 5126 2402 5197 proprios,
2432 5135 2521 5182 aut
2552 5128 2906 5196 interemptos
2932 5123 3262 5196 putaverint,
3297 5132 3398 5178 aut

1806 5232 2081 5290 nunquam
2110 5235 2141 5274 a
2167 5218 2533 5274 dominatione
2555 5221 2792 5276 hostium
2813 5216 3143 5273 crediderint
3163 5211 3398 5269 liberant-

1807 5313 1934 5374 dos,
1986 5310 2042 5364 in
2087 5309 2319 5364 aliorum
2348 5308 2641 5380 coniugum
2668 5307 2951 5376 amplexus
2979 5299 3273 5358 solitudine
3299 5321 3394 5361 eoo
