4046 6284
618 361 721 414 H5

1568 353 1896 410 lllNCMARI
1939 319 2331 409 RHEMENSIS
2369 344 2888 440 ARCI—llEPISCOPl

3763 349 3869 409 1.ιέ

615 471 1057 541 (ιιιῃῐηίυάίρίιινί,
1087 473 1175 543 qui
1206 483 1489 541 personam
1523 468 1638 538 ejus
1666 469 1843 522 mariti
1876 467 1960 521 vel
1983 467 2187 529 uxoris,
2220 470 2265 525 Α
2293 463 2489 532 quippe
2520 479 2647 517 usus
2676 479 2732 518 se
2769 464 2838 516 ita
2871 462 3032 516 habet
3064 504 3076 526 ,
3104 470 3158 517 ut
3191 462 3235 517 si
3265 463 3392 534 quid
3426 463 3478 518 in
3509 464 3589 520 eis
3617 479 3713 535 per
3740 481 3863 521 car-

617 565 708 633 qni
745 565 825 618 vel
851 559 1098 634 quaejani
1128 578 1230 615 non
1276 559 1662 623 :estimahatur,
1715 559 2042 628 assumpsit;
2092 558 2186 611 sed

617 652 936 724 inculpabile
974 649 1321 719 judicandutn
1368 648 1510 718 quod
1541 649 1836 703 necessitas
1877 647 2088 712 intulit,
2137 655 2192 700 et

616 743 1006 802 restituendum
1033 741 1173 810 quod
1211 740 1340 794 ﬁdes
1385 739 1647 810 poposcit.
1682 738 1935 793 Mulieres
1983 748 2186 800 autem,

613 833 696 886 vel
725 833 888 898 viros,
911 831 1272 901 posteriorum
1301 830 1537 885 virorum
1572 827 1657 882 vel
1703 843 1931 882 uxorum
1959 828 2190 882 delecta-

614 924 756 977 tione
774 932 981 992 captos,
1010 932 1064 978 et
1091 925 1156 978 ad
1180 923 1417 992 priorum
1438 922 1722 992 conjugum
1748 935 1987 974 amorem
2013 921 2190 976 redire

543 1011 546 1014 ’
611 1015 874 1077 nolentes,
906 1014 1286 1068 communione
1310 1013 1511 1084 privari
1540 1012 1798 1067 decrevit.

681 1103 748 1158 Et
773 1105 898 1174 quia
924 1103 1305 1160 ecclesiasticae
1335 1101 1535 1173 regula:
1579 1103 1645 1156 de
1674 1102 1760 1156 his
1789 1101 1951 1156 etiam
1984 1101 2180 1156 delini-

611 1195 773 1254 tionis
786 1196 1110 1254 sententiam
1137 1195 1437 1266 proferunt,
1464 1194 1553 1263 qui
1572 1193 2009 1264 sponsalitiorum
2029 1193 2185 1247 fidem

607 1289 927 1359 infringunt,
955 1289 1169 1343 videtur
1199 1286 1370 1348 nobis,
1398 1301 1505 1340 non
1545 1288 1840 1339 secundum
1885 1285 2183 1339 auctorita-

609 1388 716 1435 tem
741 1380 1059 1445 prome’ndo,
1091 1379 1186 1433 sed
1213 1377 1520 1440 consilium,
1557 1377 1602 1430 si
1633 1376 1772 1431 forte
1804 1376 1956 1430 vobis
1987 1372 2072 1428 ita
2109 1375 2187 1428 vi-

607 1487 725 1527 sum
754 1470 936 1535 fuerit,
962 1469 1160 1533 dando,
1187 1477 1243 1522 ut
1264 1468 1388 1537 quia
1418 1467 1741 1537 Stephanus,
1776 1467 1820 1520 si
1847 1468 2188 1536 sponsalitio-

605 1557 898 1628 rumﬁdcm
930 1557 1201 1628 fregisset,
1227 1556 1524 1611 secundum
1543 1555 1717 1627 legem
1733 1553 1944 1610 civilem
1962 1555 2184 1609 multam

603 1625 915 1722 eerumdetn
952 1625 1387 1717 sponsalitiorum
1431 1647 1774 1718 judicaretur
1811 1661 2180 1717 componere:

603 1747 661 1790 et
699 1737 812 1806 ipsa
835 1718 1045 1814 puella,
1092 1746 1212 1807 post
1245 1737 1640 1807 ‘desponsalitia
1671 1738 1852 1792 dotem
1880 1748 2180 1807 acceptam,

2295 554 2379 607 nis
2406 554 2833 609 commistiouem
2864 554 2976 617 ﬁat,
3016 556 3158 623 quod
3197 557 3408 611 excedit
3449 559 3742 628 generandi
3775 573 3871 614 ne-

2294 645 2622 707 cessitatem,
2647 645 2895 714 quamvis
2925 647 3210 701 venialiter
3239 647 3439 702 factum
3476 650 3870 704 contaminatio

2291 733 2379 786 sit.
2416 734 2481 787 Et
2506 745 2623 802 post
2645 734 2914 803 paululum
2947 753 2959 787 :
2989 736 3191 791 Bonum
3225 738 3388 807 igitur
3415 738 3747 806 nuptiarum,
3772 755 3872 808 per

2291 838 2481 878 omnes
2501 834 2686 894 gentes
2714 835 2875 895 atque
2899 827 3142 882 homines
3167 829 3218 882 in
3248 844 3408 883 causa
3432 831 3730 898 generandi
3762 841 3868 894 est,

2291 923 2346 968 ct
2377 915 2429 968 in
2473 915 2575 968 ﬁde
2615 917 2910 982 castitatis;
2954 919 3095 987 quod
3136 929 3318 974 autem
3355 921 3421 973 ad
3464 922 3717 990 populum
3771 923 3867 975 Dei

2289 1006 2549 1076 pertinet,
2583 1008 2742 1061 etiam
2780 1009 2832 1062 in
2875 1011 3164 1064 sanctitate
3207 1013 3546 1074 sacramenti,
3578 1029 3676 1083 per
3705 1026 3871 1082 quam

2290 1096 2443 1151 nefas
2475 1109 2558 1152 est
2583 1099 2743 1152 etiam
2785 1101 3007 1171 repudio
3049 1101 3409 1156 discedentem
3441 1101 3596 1161 alteri
3625 1103 3834 1156 nubere
3856 1143 3872 1166 ,

2290 1187 2417 1241 dum
2453 1187 2650 1257 conjux
2691 1188 2807 1258 ejus
2847 1191 3007 1256 vivit,
3052 1207 3151 1246 nec
3194 1191 3386 1245 saltem
3430 1191 3543 1261 ipsa
3579 1207 3744 1245 causa
3776 1207 3871 1260 pa-

2291 1279 2484 1345 riendi,
2515 1297 2633 1350 qua:
2657 1297 2778 1335 cum
2803 1283 2914 1337 sola
2949 1284 3018 1337 sit
3047 1300 3153 1353 qua
3188 1284 3384 1353 nuptia:
3415 1282 3568 1347 ﬁunt,
3593 1299 3694 1337 nec
3721 1299 3786 1337 ea
3812 1299 3872 1339 re

2289 1384 2395 1422 non
2427 1371 2809 1440 subsequente,
2830 1382 3062 1442 propter
3090 1390 3249 1442 quam
3283 1374 3458 1439 ﬁunt,
3492 1374 3730 1428 solvitur
3754 1374 3872 1428 vin-

2288 1460 2468 1512 culum
2497 1461 2754 1530 nuptiale,
2788 1463 2889 1516 nisi
2919 1463 3161 1534 conjugis
3186 1474 3378 1518 morte.

2353 1545 2424 1600 Et
2444 1551 2625 1602 statim
2642 1551 2705 1604 de
2727 1552 3067 1606 ordinatione
3093 1553 3222 1606 cieri
3246 1555 3313 1607 ad
3336 1554 3541 1622 plebem
3560 1555 3869 1626 supposuit,

2289 1639 2389 1691 sub
2414 1655 2521 1708 quo
2552 1654 2711 1694 sensu
2751 1641 2802 1694 in
2835 1641 2974 1696 libro
3002 1643 3068 1696 de
3089 1639 3307 1714 Nuptiis
3340 1656 3392 1699 et
3417 1645 3870 1716 Concupiscentia

2291 1727 2420 1781 dicit
2447 1746 2458 1780 :
2495 1728 2570 1782 lta
2594 1740 2775 1784 manet
2804 1731 2968 1784 etiam
3007 1733 3154 1786 inter
3184 1734 3424 1788 viventes
3454 1735 3712 1804 quiddam
3745 1752 3872 1790 con-

604 1841 767 1895 quam
797 1827 864 1880 de
911 1815 1111 1895 seipsa,
1155 1827 1198 1881 si
1231 1827 1524 1882 carnaliter
1560 1825 1878 1897 jungeretdr
1898 1869 1912 1893 ,
1950 1829 2182 1882 mercari
2215 1813 2260 1872 Β
2283 1817 2488 1912 iusaje.
2523 1821 2664 1889 (11]οά
2701 1820 2802 1876 "ei:
2830 1824 3192 1892 separatione.
3218 1841 3314 1880 nec
3343 1843 3464 1881 cum
3497 1828 3668 1882 διιεΐο
3700 1845 3869 1898 COD"-

605 1914 884 1984 debuerat,
917 1927 975 1972 ut
1015 1919 1257 1992 eamdem
1283 1919 1464 1973 dotem
1529 1920 1728 1974 habere
1787 1936 1892 1975 non
1949 1921 2183 1984 debeat,

597 2023 711 2061 non
767 2009 902 2078 ipsa,
958 2012 1050 2064 sed
1094 2009 1417 2082 Stephanus,
1461 2021 1519 2065 ut
1567 2012 1821 2078 videtur,
1883 2015 2184 2079 commisit;

605 2101 800 2153 habeat
850 2101 963 2156 loco
1017 2103 1197 2157 multa:
1245 2103 1678 2173 sponsalitiorum
1735 2105 1914 2160 dotem
1968 2121 1999 2159 a
2061 2105 2186 2160 Ste-

601 2192 783 2260 phano
833 2193 931 2247 sibi
991 2195 1194 2259 datam,
1249 2204 1303 2249 et
1329 2211 1449 2250 cum
1477 2196 1663 2250 eadem
1691 2197 1814 2252 dote
1840 2197 1978 2266 patri
2028 2196 2185 2252 resti-

605 2291 805 2344 tuatur,
841 2293 896 2338 et
924 2285 1089 2338 nubat
1117 2295 1400 2356 parentum
1431 2287 1657 2341 consilio
1689 2287 1772 2341 cui
1807 2287 1942 2351 vult,
1974 2297 2181 2341 tantum

602 2361 656 2426 in
686 2372 936 2438 Domino,
961 2375 1137 2446 sitque
1167 2392 1268 2446 pax
1296 2379 1434 2433 inter
1455 2388 1708 2449 parentes
1728 2380 1844 2449 ejus
1870 2389 1925 2434 et
1954 2377 2183 2450 Stepha-

600 2449 748 2516 ntnn.
779 2460 855 2516 'Et
902 2479 967 2518 ne
1015 2465 1135 2535 quis
1170 2476 1362 2538 argute
1408 2469 1492 2523 bis
1522 2484 1641 2538 qua:
1683 2471 1963 2540 posuimus
1992 2468 2184 2524 volens
2223 2473 2229 2479 '

600 2549 854 2606 resistere
885 2551 1068 2606 dicat:
1105 2554 1163 2608 Si
1214 2557 1310 2611 dos
1360 2559 1629 2622 manebit,
1679 2569 1734 2614 et
1767 2560 2178 2630 desponsalilia,

594 2645 762 2707 atque
784 2640 1069 2696 celebrata:
1092 2645 1291 2713 nuptim
1316 2661 1420 2699 non
1449 2658 1731 2717 negantur,
1763 2646 2033 2715 quomodo
2059 2662 2180 2701 esse

594 2731 816 2798 poterit,
870 2739 928 2784 ut
973 2739 1028 2785 et
1058 2731 1365 2802 Stephanus
1397 2737 1643 2801 maritus,
1693 2747 1746 2791 et
1775 2736 1868 2790 illa
1901 2753 2038 2791 uxor
2071 2753 2177 2791 non

602 2821 894 2896 maneant?
941 2830 1036 2875 aut
1079 2824 1350 2890 quomodo
1383 2825 1472 2879 ille
1517 2827 1672 2881 alteri
1707 2827 1950 2894 feminae,
1989 2837 2042 2884 et
2087 2829 2177 2883 illa

602 2909 757 2988 alteri
809 2905 923 2965 viro
968 2927 1035 2966 se
1057 2912 1175 2968 sine
1222 2915 1486 2970 adulterio
1532 2919 2180 2992 conjungerepoterunt?

598 3007 897 3073 prresertim
928 3021 1051 3076 cum
1081 3007 1223 3062 idem
1252 3019 1471 3065 sanctus
1502 3011 1837 3083 Augustinus
1872 3015 2176 3084 inprtefato

599 3096 736 3151 libro
759 3095 825 3150 de
853 3097 1001 3152 Bono
1041 3096 1276 3167 conjugii
1319 3098 1466 3154 dicat
1493 3119 1505 3154 :
1536 3100 1592 3156 Si
1628 3103 1720 3158 ﬁat
1747 3105 2019 3159 ordinatio
2047 3106 2177 3160 cieri

2289 1898 2489 1966 latidne
2511 1912 2681 1982 possit
2707 1913 2929 1968 auferri.
2961 1914 3140 1969 Manet
3167 1927 3344 1972 autem
3367 1918 3431 1971 ad
3464 1934 3657 1972 noxam
3682 1921 3874 1976 crimi-

2289 2003 2393 2068 nis,
2417 2019 2522 2058 non
2544 2004 2914 2060 ad-vin‘cuhun
2943 2005 3194 2073 fmderis;
3220 2009 3361 2062 sicut
3381 2019 3640 2078 apostata:
3659 2012 3870 2076 anima,

2286 2108 2406 2161 qua:
2433 2093 2501 2148 de
2530 2095 2782 2164 conjugio
2807 2094 3007 2150 Christi
3039 2100 3317 2163 recedens,
3341 2099 3502 2154 etiam
3532 2101 3635 2155 ﬁde
3655 2104 3871 2171 perdita

2281 2190 2686 2236 ‘sacramentum
2716 2184 2838 2238 ﬁdei
2888 2201 2993 2239 non
3042 2183 3256 2252 amisit,
3288 2189 3428 2257 quod
3463 2190 3681 2245 lavacro
3714 2208 3871 2262 regeo

2288 2272 2582 2327 nerationis
2607 2283 2910 2342 acceperat.
2943 2275 3279 2332 Redderetur
3306 2279 3449 2333 enim
3479 2281 3664 2351 procul
3702 2282 3871 2336 dubio

2291 2362 2554 2429 redeunti,
2579 2365 2624 2418 si
2656 2365 2928 2420 amisisset
2959 2367 3278 2424 abscedens.

2355 2455 2422 2510 Et
2464 2457 2517 2510 in
2564 2460 2996 2527 prmcedentibus
3027 2462 3194 2531 ipsius
3234 2463 3355 2518 libri
3397 2463 3530 2519 dicit
3568 2462 3637 2520 de
3678 2479 3870 2522 sacra-

2285 2555 2472 2601 mento
2515 2549 2823 2617 nuptiarum
2853 2567 2865 2602 :
2893 2549 3208 2620 Propterea,
3240 2553 3487 2622 inquiens
3514 2595 3530 2620 ,
3567 2571 3874 2613 sacramen-

2287 2644 2397 2689 tum
2424 2637 2736 2706 nuptiarum
2773 2639 3033 2709 temporis
3063 2642 3254 2706 nostri,
3291 2643 3369 2696 sic
3393 2645 3460 2697 ad
3492 2660 3656 2698 unum
3686 2647 3868 2699 virum

2282 2732 2337 2778 et
2357 2739 2580 2778 uxorem
2611 2726 2886 2780 redactum
2918 2738 3020 2794 est,
3056 2741 3112 2784 ut
3144 2731 3400 2786 Ecclesiae
3427 2731 3865 2802 dispensatorem

2283 2831 2390 2869 non
2427 2816 2587 2871 liceat
2629 2819 2902 2886 ordinare,
2942 2821 3044 2875 nisi
3071 2824 3230 2877 unius
3261 2824 3445 2879 uxoris
3473 2826 3669 2879 virum.
3711 2825 3870 2893 Quod

2282 2908 2492 2964 acutius
2522 2911 2924 2979 intellexerunt,
2957 2914 3048 2983 qui
3079 2929 3178 2970 nec
3213 2930 3360 2982 eum,
3390 2917 3481 2985 qui
3516 2919 3872 2974 catechume-

2282 3020 2385 3058 nus
2414 3005 2494 3058 vel
2521 3021 2761 3076 paganus
2782 3007 3030 3062 habuerit
3061 3008 3310 3074 alteram,
3343 3012 3702 3066 ordinandum
3739 3025 3869 3068 esse

2282 3107 2637 3150 censuerunt.
2665 3097 2738 3152 De
2763 3107 3101 3153 sacramento
3122 3101 3264 3154 enim
3289 3101 3486 3171 agitur,
3511 3117 3616 3156 non
3647 3104 3716 3157 de
3736 3119 3867 3173 pec-

566 3184 663 3275 .a‘d
695 3187 900 3257 plebem
924 3190 1375 3260 congregandam,
1404 3192 1615 3249 etiamsi
1642 3196 1811 3266 plebis
1823 3200 2174 3270 congregatio

2284 3199 2422 3244 cato.
2449 3188 2582 3244 Nam
2621 3190 2676 3245 in
2714 3191 2980 3261 baptismo
3001 3201 3230 3260 peccata
3266 3195 3864 3274 omniavdimittuntur.

584 3269 702 3352 5non
730 3279 1114 3352 subsequatur,
1152 3290 1334 3336 manet
1363 3291 1540 3338 tamen
1570 3284 1620 3337 in
1656 3285 1761 3339 illis
1794 3269 2060 3343 ordinatis
2089 3305 2176 3344 sa-

597 3377 932 3444 cramentum
983 3370 1380 3426 ordinationis:
1413 3383 1469 3426 et
1515 3373 1558 3428 si
1606 3374 1787 3443 aliqua
1821 3376 1976 3446 culpa
2027 3379 2177 3447 quis-

594 3473 758 3530 quam
790 3459 858 3513 ab
886 3457 1062 3515 ofﬁcio
1092 3477 1189 3517 suo
1215 3472 1579 3528 removeatur,
1598 3477 1944 3521 sacramento
1963 3468 2174 3522 Domini

593 3536 760 3604 Semel
797 3548 1056 3621 imposito
1094 3569 1199 3608 non
1234 3555 1488 3618 carebit,
1527 3558 1774 3625 quamvis
1804 3560 1871 3613 ad
1908 3548 2173 3626 judicium

591 3651 945 3716 permanente
975 3662 988 3697 :
1023 3645 1100 3722 sic
1125 3655 1179 3700 et
1211 3647 1262 3700 in
1304 3646 1421 3701 istis
1465 3645 1904 3717 desponsatione,
1943 3652 2175 3706 dotatio-

591 3749 709 3810 ne,
736 3725 792 3790 et
837 3737 1040 3806 nuptiis
1067 3739 1508 3808 permanentibus
1533 3781 1548 3805 ,
1590 3742 1870 3816 conjugale
1902 3745 2172 3799 vinculum

555 3829 560 3834 ’
590 3825 929 3895 νρινιιιιιιιριιίι
954 3867 969 3894 ,
1022 3838 1075 3882 et
1125 3829 1283 3884 alteri
1314 3846 1470 3885 nemo
1499 3849 1727 3902 eorum,
1758 3835 1862 3888 nisi
1891 3837 2175 3907 cujuslibet

591 3931 660 3969 ex
685 3916 765 3970 eis
799 3927 973 3990 morte
1013 3918 1400 3988 intercedente,
1440 3924 1555 3978 sine
1583 3925 1848 3980 adulterio
1876 3942 1934 4002 se
1963 3930 2176 4002 poterit

587 3995 834 4086 jungere.
869 4010 1084 4072 Audiat,
1134 4012 1178 4064 si
1213 4014 1334 4082 quis
1364 4014 1476 4069 bmc
1525 4017 1684 4069 fuerit
1728 3995 2167 4090 conatusOppo-

593 4115 756 4166 nere,
807 4100 934 4170 quia
976 4101 1042 4156 de
1074 4103 1317 4157 dotalitio
1348 4103 1535 4172 pucllte
1576 4105 1858 4171 habendo,
1916 4125 2020 4162 non
2069 4110 2172 4164 nisi

589 4201 814 4262 propter
859 4192 1285 4266 paciﬁcationem
1327 4206 1608 4266 parentum
1638 4197 1756 4266 ejus
1785 4207 1839 4253 et
1886 4197 2170 4269 Stephani,

595 4282 714 4336 loco
739 4281 917 4336 inultte
947 4283 1238 4338 fractorum
1261 4285 1698 4354 sponsalitiorum
1727 4287 1984 4354 diximus,
2009 4305 2170 4360 quam

596 4369 819 4426 multam
851 4373 900 4428 si
929 4374 1190 4428 dissoluto
1215 4373 1460 4429 dotalitio
1483 4375 1672 4446 puclla)
1687 4386 1942 4446 parentes
1956 4379 2173 4446 exigere

598 4459 910 4530 maluerint,
940 4473 1033 4518 ant
1060 4475 1287 4536 utraque
1314 4465 1609 4537 indulgere,
1638 4467 1721 4520 vel
1747 4475 1971 4537 utraque
2005 4485 2162 4538 repo-

2284 3279 2390 3334 Scd
2434 3283 2524 3351 qui
2564 3280 2740 3336 dixit:
2766 3282 2833 3336 'Si
2867 3285 3126 3353 acceperis
3156 3301 3370 3338 uxorem
3401 3301 3502 3338 non
3540 3289 3792 3356 peccasti,
3825 3297 3871 3341 et

2280 3375 2325 3427 si
2357 3375 2586 3441 nupserit
2616 3376 2756 3446 virgo
2787 3391 2890 3428 non
2916 3386 3117 3445 peccat,
3157 3384 3205 3430 εἰ
3239 3377 3378 3446 quod
3409 3375 3513 3431 vult
3549 3377 3738 3446 faciat,
3765 3368 3871 3432 non

2293 3476 2467 3535 peccat
2512 3467 2556 3519 si
2584 3467 2741 3520 nubat
2771 3466 2822 3536 (I
2849 3467 2972 3522 Cor.
3005 3467 3136 3539 vn);
3170 3470 3300 3523 satis
3337 3469 3629 3524 declaravit
3653 3471 3871 3539 nuptias

2285 3555 2488 3609 nullum
2537 3571 2657 3610 esse
2692 3566 2993 3626 peccatum.
3040 3559 3267 3628 Propter
3303 3561 3630 3615 sacramenti
3681 3571 3868 3615 autem

2281 3645 2650 3709 Sanctitatem,
2679 3646 2820 3699 sicut
2850 3645 3070 3711 femina,
3097 3649 3311 3703 etiamsi
3340 3650 3726 3703 catechumena
3755 3649 3872 3703 fuc-

2277 3733 2349 3786 rit
2389 3734 2598 3800 vitiata,
2629 3746 2749 3806 post
2781 3737 3107 3806 baptismum
3153 3740 3205 3793 in
3239 3739 3333 3812 Dei
3368 3741 3630 3812 virginem
3669 3757 3868 3798 consc—

2279 3828 2419 3881 c'rari
2449 3868 2462 3892 ,
2492 3829 2566 3882 ita
2599 3844 2702 3882 non
2733 3830 2965 3885 absurde
2995 3831 3166 3885 visum
3199 3811 3310 3897 est,
3338 3848 3463 3886 eum
3493 3834 3585 3902 qui
3629 3837 3870 3890 excessit

2281 3934 2509 3971 uxorum
2555 3935 2841 3972 numerum
2883 3920 3209 3990 singularem
3237 3963 3250 3987 ,
3293 3938 3397 3976 non
3435 3933 3720 3992 peccatum
3771 3925 3868 3979 ali-

2281 4010 2424 4078 quod
2440 4008 2798 4075 commisisse,
2818 4012 2911 4065 sed
2936 4027 3178 4066 normam
3194 4014 3481 4083 quamdam
3508 4015 3756 4070 amisisse
3777 4032 3868 4070 sa-

2278 4115 2450 4162 cram,
2477 4115 2580 4153 non
2609 4099 2674 4152 ad
2701 4101 2824 4154 vita:
2849 4101 3003 4156 honre
3038 4103 3286 4157 meritum
3307 4144 3320 4165 ,
3348 4105 3442 4158 sed
3471 4105 3538 4158 ad
3567 4106 3870 4161 ordinatim

2278 4185 2362 4242 nis
2396 4188 2779 4243 ecclesiastica
2827 4190 3167 4260 signaculum
3201 4193 3582 4247 necessariam.
3623 4193 3696 4247 Et
3737 4195 3869 4248 hinc

2277 4280 2440 4343 dicat,
2473 4280 2515 4333 si
2547 4280 2668 4348 quis
2697 4281 2763 4333 ad
2792 4281 2906 4334 haec
2944 4297 3064 4352 qua:
3093 4283 3442 4351 prcediximus
3478 4301 3757 4356 opponere
3788 4291 3871 4340 a't—

2279 4372 2585 4435 tcntaverit,
2619 4382 2674 4426 ct
2704 4387 2847 4426 nunc
2873 4370 3185 4441 Stephanus
3216 4383 3390 4428 morte
3415 4385 3722 4443 praeventus
3742 4377 3865 4431 fue-

2278 4466 2437 4530 rit,et
2459 4464 2545 4517 illa
2569 4465 2792 4528 intacta,
2810 4465 2951 4518 sicut
2968 4466 3240 4520 hactenus
3263 4476 3458 4529 manet,
3473 4471 3864 4535 .permanserit,

595 4572 769 4621 scere,
809 4558 906 4627 ipsi
937 4551 1188 4624 viderint,
1233 4568 1286 4614 et
1319 4559 1526 4630 legibus
1557 4561 1802 4616 civilibus
1826 4562 2171 4616 eorumdem-

2284 4565 2334 4607 et
2378 4556 2582 4608 nubere
2616 4569 2721 4608 non
2767 4554 3018 4619 voluerit,
3047 4554 3176 4624 quia
3221 4557 3612 4609 catechumena
3643 4557 3863 4621 vitiata,

595 4662 700 4715 que
731 4648 1088 4718 paciﬁcationi
1113 4651 1305 4705 exinde
1332 4653 1637 4708 conveniat.
1658 4653 1766 4708 Nos
1794 4665 1997 4718 autem,
2029 4656 2169 4725 quod

595 4737 662 4790 ad
713 4751 813 4790 nos
857 4737 1126 4806 pertinet,
1171 4749 1348 4794 astute
1387 4741 1526 4795 forte
1565 4745 1827 4812 quaerenti
1874 4751 2169 4818 Γρενοιιιῐρ-

595 4841 754 4889 tuus,
809 4827 1064 4895 quoniam
1117 4828 1255 4882 hanc
1289 4834 1743 4900 comparationem
1793 4834 1858 4890 de
1916 4841 2170 4896 ordinan—

597 4921 681 4976 dis
727 4920 967 4992 positam
1016 4923 1206 4977 beatus
1258 4923 1630 4993 Augustinus,
1691 4943 1796 4982 non
1849 4927 1916 4984 de
1973 4933 2166 5006 imagi-

597 5012 750 5066 naria
815 5011 914 5066 viri
973 5022 1026 5067 et
1071 5014 1253 5068 uxoris
1277 5012 1691 5082 conjunctione,
1743 5019 1838 5074 sed
1880 5021 1944 5075 dc
2001 5025 2179 5080 incor-

594 5117 785 5176 porata
864 5119 960 5177 per
1033 5120 1255 5160 sexuum
1330 5108 1760 5163 commistionem
1835 5114 2174 5182 cepulatione

596 5196 806 5267 posuit,
838 5197 976 5252 sicut
1023 5195 1075 5249 in
1119 5197 1362 5266 proxime
1400 5199 1828 5266 praecedentibus
1863 5200 1982 5255 inﬁt
2015 5223 2028 5256 ;
2073 5205 2174 5261 Se-

597 5297 851 5356 quentur,
891 5288 1156 5358 inquiens,
1181 5304 1375 5360 agnum
1403 5291 1555 5358 pueri
1586 5302 1870 5348 cantantes
1902 5295 2173 5354 canticum

599 5395 834 5446 novum,
859 5381 1003 5434 sicut
1033 5380 1085 5434 in
1121 5379 1443 5450 Apocalypsi
1490 5381 1751 5451 scriptum
1789 5393 1901 5452 est,
1929 5386 2023 5455 qui
2049 5402 2172 5442 cum

600 5471 914 5526 mulieribus
941 5486 998 5526 se
1041 5488 1148 5526 non
1181 5471 1683 5528 contaminaverunt
1708 5514 1722 5538 ,
1755 5489 1854 5530 nec
1889 5477 1958 5532 ob
1996 5475 2171 5544 aliud,

601 5561 706 5617 nisi
734 5564 860 5634 quia
899 5565 1134 5633 virgines
1173 5575 1605 5634 permanserunt.
1647 5565 1758 5622 Nec
1790 5568 1908 5624 ideo
1935 5585 1993 5625 se
2025 5571 2172 5626 arbi-

605 5662 813 5708 trentur
848 5656 1096 5712 meliores
1137 5671 1257 5714 esse
1293 5658 1483 5728 primis
1525 5658 1766 5727 patribus
1809 5660 2041 5725 sanctis,
2081 5660 2172 5731 qui

599 5743 823 5814 nuptiis,
867 5754 924 5799 ut
972 5746 1041 5800 ita
1071 5747 1279 5817 dicam,
1316 5749 1624 5820 nuptialitcr
1671 5750 1750 5806 usi
1791 5759 1936 5806 sunt.
1974 5750 2169 5806 Earum

2283 4656 2403 4716 post
2431 4646 2753 4714 baptismum
2785 4645 2835 4698 in
2869 4645 2964 4699 Dei
2996 4645 3260 4716 virginem
3298 4648 3602 4702 consecrari
3635 4664 3741 4701 non
3770 4665 3864 4718 po-

2284 4740 2427 4802 terit,
2461 4746 2638 4789 utrum
2685 4737 2803 4789 haec
2849 4736 2900 4789 in
2932 4751 3142 4791 sacram
3180 4739 3442 4808 virginem
3493 4740 3560 4792 ab
3604 4741 3864 4810 episcopo

2278 4831 2585 4887 cotisccrari
2621 4829 2840 4894 valebit,
2863 4831 2953 4899 qui
2980 4847 3083 4884 non
3115 4832 3215 4885 nisi
3251 4833 3512 4902 virginem
3547 4835 3599 4888 in
3637 4839 3864 4909 virgini-

2280 4919 2407 4981 tatis
2450 4921 2807 4993 professione,
2857 4921 2942 4975 vel
2985 4923 3036 4974 in
3087 4922 3324 4992 legitima
3368 4925 3600 4994 conjugii
3642 4933 3860 4999 capula,

2283 5033 2502 5077 sacrare
2531 5015 2688 5072 debet
2716 5033 2727 5068 :
2769 5015 2908 5069 sicut
2937 5029 3036 5069 nec
3059 5017 3342 5085 episcopus
3366 5016 3504 5082 ﬁeri,
3536 5020 3626 5087 qui
3660 5034 3865 5090 pratici-

2283 5111 2544 5180 virgincm
2589 5113 2644 5161 et
2687 5121 2849 5160 unam
2903 5105 3055 5159 duxit
3090 5121 3335 5160 uxorem.
3383 5107 3535 5162 Dicat
3578 5110 3768 5176 etiam,
3814 5115 3859 5166 si

2282 5210 2402 5274 post
2428 5209 2655 5255 mortem
2680 5197 2940 5267 Stephani
2974 5197 3122 5267 virgo
3145 5207 3478 5266 permaneat,
3514 5207 3568 5252 et
3591 5216 3647 5253 se
3677 5204 3856 5255 couti-

2282 5307 2410 5348 nere
2432 5307 2536 5346 non
2567 5289 2834 5360 patuerit,
2870 5297 2926 5342 et
2953 5289 3155 5342 nubere
3188 5290 3357 5360 magis
3385 5305 3546 5359 quam
3574 5293 3860 5344 continere

2281 5384 2502 5455 elegerit
2532 5424 2546 5446 .
2591 5391 2771 5442 utrum
2809 5379 2963 5433 fratri
3014 5377 3256 5446 ejusdem
3305 5380 3564 5449 Stephani
3609 5380 3860 5448 copulari

2280 5475 2499 5530 valebit.
2528 5473 2736 5542 Quibus
2764 5489 2887 5528 cum
2936 5473 3316 5528 contradicere
3355 5488 3461 5527 non
3488 5471 3725 5538 valebit,
3763 5481 3860 5526 aut

2277 5571 2331 5625 in
2361 5567 2656 5639 quaestione
2689 5579 2782 5621 sua
2811 5563 3048 5630 deficiat,
3073 5573 3165 5619 aut
3190 5563 3238 5617 ei
3267 5565 3449 5618 nostra
3474 5563 3670 5618 solutio
3697 5563 3859 5618 satis-

2277 5663 2456 5716 faciat.
2491 5661 2556 5714 Et
2582 5661 2696 5714 haec
2728 5659 2780 5711 in
2818 5657 2926 5710 vita
2959 5656 3241 5727 Stephani,
3271 5657 3336 5711 de
3374 5655 3785 5710 consecratione
3808 5653 3856 5708 si

2279 5751 2555 5818 delegerit,
2579 5750 2664 5806 vel
2693 5748 2758 5805 de
2785 5748 3127 5802 t'naritatiune
3155 5749 3197 5802 si
3233 5747 3481 5802 maluerit
3511 5743 3707 5817 puclla,
3734 5742 3866 5824 ﬁcri.
