  <div class='ocr_page' id='page_1' title='image "/cluster/home/n/w/nwhite01/storage/ocr_20150623/126/hvd.32044015471675/078.png"; bbox 0 0 4018 5392; ppageno 0'>
   <div class='ocr_carea' id='block_1_1' title="bbox 213 254 304 329">
    <p class='ocr_par' dir='ltr' id='par_1_1' title="bbox 213 254 304 329">
     <span class='ocr_line' id='line_1_1' title="bbox 213 254 304 329; baseline -0.033 0"><span class='ocrx_word' id='word_1_1' title='bbox 213 254 304 329; x_wconf 72' lang='lat' dir='ltr'><strong>its</strong></span> 
     </span>
    </p>
   </div>
   <div class='ocr_carea' id='block_1_2' title="bbox 1632 262 2015 323">
    <p class='ocr_par' dir='ltr' id='par_1_2' title="bbox 1632 262 2015 323">
     <span class='ocr_line' id='line_1_2' title="bbox 1632 262 2015 323; baseline 0 -2"><span class='ocrx_word' id='word_1_2' title='bbox 1632 262 2015 323; x_wconf 63' lang='lat' dir='ltr'><strong>EPISTOLE.</strong></span> 
     </span>
    </p>
   </div>
   <div class='ocr_carea' id='block_1_3' title="bbox 3338 260 3437 319">
    <p class='ocr_par' dir='ltr' id='par_1_3' title="bbox 3338 260 3437 319">
     <span class='ocr_line' id='line_1_3' title="bbox 3338 260 3437 319; baseline -0.04 -1"><span class='ocrx_word' id='word_1_3' title='bbox 3338 260 3437 319; x_wconf 71' lang='lat' dir='ltr'><strong>iiii</strong></span> 
     </span>
    </p>
   </div>
   <div class='ocr_carea' id='block_1_4' title="bbox 213 362 3454 456">
    <p class='ocr_par' dir='ltr' id='par_1_4' title="bbox 213 362 3454 456">
     <span class='ocr_line' id='line_1_4' title="bbox 213 362 3454 456; baseline -0.003 -19"><span class='ocrx_word' id='word_1_4' title='bbox 213 396 355 456; x_wconf 87' lang='lat' dir='ltr'><strong>posse</strong></span> <span class='ocrx_word' id='word_1_5' title='bbox 387 377 586 433; x_wconf 80' lang='lat' dir='ltr'><strong>ratione</strong></span> <span class='ocrx_word' id='word_1_6' title='bbox 624 385 677 432; x_wconf 92' lang='lat' dir='ltr'><strong>et</strong></span> <span class='ocrx_word' id='word_1_7' title='bbox 705 375 1029 433; x_wconf 86' lang='lat' dir='ltr'><strong>auctoritate</strong></span> <span class='ocrx_word' id='word_1_8' title='bbox 1061 383 1398 432; x_wconf 70' lang='lat' dir='ltr'><strong>monstrante</strong></span> <span class='ocrx_word' id='word_1_9' title='bbox 1424 384 1715 447; x_wconf 72' lang='lat' dir='ltr'><strong>cognoscat</strong></span> <span class='ocrx_word' id='word_1_10' title='bbox 1741 393 1754 429; x_wconf 90' lang='lat'><strong>:</strong></span> <span class='ocrx_word' id='word_1_11' title='bbox 1791 362 1837 439; x_wconf 65' lang='grc' dir='ltr'><strong>Α</strong></span> <span class='ocrx_word' id='word_1_12' title='bbox 1863 390 1983 431; x_wconf 89' lang='lat' dir='ltr'><strong>esse</strong></span> <span class='ocrx_word' id='word_1_13' title='bbox 2007 375 2347 440; x_wconf 83' lang='lat' dir='ltr'><strong>servandam,</strong></span> <span class='ocrx_word' id='word_1_14' title='bbox 2374 373 2630 445; x_wconf 88' lang='lat' dir='ltr'><strong>quoniam</strong></span> <span class='ocrx_word' id='word_1_15' title='bbox 2660 388 2767 428; x_wconf 89' lang='lat' dir='ltr'><strong>non</strong></span> <span class='ocrx_word' id='word_1_16' title='bbox 2797 371 2968 428; x_wconf 84' lang='lat' dir='ltr'><strong>solum</strong></span> <span class='ocrx_word' id='word_1_17' title='bbox 2992 370 3186 426; x_wconf 81' lang='lat' dir='ltr'><strong>mulier</strong></span> <span class='ocrx_word' id='word_1_18' title='bbox 3211 385 3316 426; x_wconf 92' lang='lat' dir='ltr'><strong>non</strong></span> <span class='ocrx_word' id='word_1_19' title='bbox 3344 362 3454 429; x_wconf 61' lang='lat' dir='ltr'><strong>hau</strong></span> 
     </span>
    </p>
   </div>
   <div class='ocr_carea' id='block_1_5' title="bbox 212 467 1758 539">
    <p class='ocr_par' dir='ltr' id='par_1_5' title="bbox 212 467 1758 539">
     <span class='ocr_line' id='line_1_5' title="bbox 212 467 1758 539; baseline -0.006 -12"><span class='ocrx_word' id='word_1_20' title='bbox 212 473 427 539; x_wconf 83' lang='lat' dir='ltr'><strong>sciatque</strong></span> <span class='ocrx_word' id='word_1_21' title='bbox 468 478 525 521; x_wconf 95' lang='lat' dir='ltr'><strong>ut</strong></span> <span class='ocrx_word' id='word_1_22' title='bbox 567 468 853 522; x_wconf 82' lang='lat' dir='ltr'><strong>traditione</strong></span> <span class='ocrx_word' id='word_1_23' title='bbox 902 468 1162 538; x_wconf 88' lang='lat' dir='ltr'><strong>majorem</strong></span> <span class='ocrx_word' id='word_1_24' title='bbox 1213 467 1494 522; x_wconf 83' lang='lat' dir='ltr'><strong>docuimus</strong></span> <span class='ocrx_word' id='word_1_25' title='bbox 1536 475 1758 536; x_wconf 82' lang='lat' dir='ltr'><strong>propter</strong></span> 
     </span>
    </p>
   </div>
   <div class='ocr_carea' id='block_1_6' title="bbox 211 554 1758 626">
    <p class='ocr_par' dir='ltr' id='par_1_6' title="bbox 211 554 1758 626">
     <span class='ocr_line' id='line_1_6' title="bbox 211 554 1758 626; baseline -0.003 -12"><span class='ocrx_word' id='word_1_26' title='bbox 211 559 357 614; x_wconf 84' lang='lat' dir='ltr'><strong>talem</strong></span> <span class='ocrx_word' id='word_1_27' title='bbox 372 557 627 626; x_wconf 87' lang='lat' dir='ltr'><strong>desponsa</strong></span> <span class='ocrx_word' id='word_1_28' title='bbox 638 558 863 622; x_wconf 88' lang='lat' dir='ltr'><strong>tionem,</strong></span> <span class='ocrx_word' id='word_1_29' title='bbox 888 557 1241 621; x_wconf 89' lang='lat' dir='ltr'><strong>dotationem,</strong></span> <span class='ocrx_word' id='word_1_30' title='bbox 1268 565 1426 624; x_wconf 88' lang='lat' dir='ltr'><strong>atque</strong></span> <span class='ocrx_word' id='word_1_31' title='bbox 1439 570 1537 624; x_wconf 91' lang='lat' dir='ltr'><strong>pro</strong></span> <span class='ocrx_word' id='word_1_32' title='bbox 1561 554 1758 610; x_wconf 78' lang='lat' dir='ltr'><strong>talibus</strong></span> 
     </span>
    </p>
   </div>
   <div class='ocr_carea' id='block_1_7' title="bbox 209 645 1755 720">
    <p class='ocr_par' dir='ltr' id='par_1_7' title="bbox 209 645 1755 720">
     <span class='ocr_line' id='line_1_7' title="bbox 209 645 1755 720; baseline -0.005 -15"><span class='ocrx_word' id='word_1_33' title='bbox 209 650 411 720; x_wconf 90' lang='lat' dir='ltr'><strong>nuptiis,</strong></span> <span class='ocrx_word' id='word_1_34' title='bbox 460 649 597 703; x_wconf 83' lang='lat' dir='ltr'><strong>sicut</strong></span> <span class='ocrx_word' id='word_1_35' title='bbox 648 648 764 702; x_wconf 64' lang='lat' dir='ltr'><strong>istae</strong></span> <span class='ocrx_word' id='word_1_36' title='bbox 814 647 1070 707; x_wconf 84' lang='lat' dir='ltr'><strong>fuerunt.</strong></span> <span class='ocrx_word' id='word_1_37' title='bbox 1103 663 1210 701; x_wconf 90' lang='lat' dir='ltr'><strong>non</strong></span> <span class='ocrx_word' id='word_1_38' title='bbox 1259 662 1380 701; x_wconf 88' lang='lat' dir='ltr'><strong>esse</strong></span> <span class='ocrx_word' id='word_1_39' title='bbox 1408 645 1755 715; x_wconf 88' lang='lat' dir='ltr'><strong>eonjugium,</strong></span> 
     </span>
    </p>
   </div>
   <div class='ocr_carea' id='block_1_8' title="bbox 207 735 1759 810">
    <p class='ocr_par' dir='ltr' id='par_1_8' title="bbox 207 735 1759 810">
     <span class='ocr_line' id='line_1_8' title="bbox 207 735 1759 810; baseline -0.004 -17"><span class='ocrx_word' id='word_1_40' title='bbox 207 741 385 810; x_wconf 79' lang='lat' dir='ltr'><strong>quibus</strong></span> <span class='ocrx_word' id='word_1_41' title='bbox 409 737 575 792; x_wconf 76' lang='lat' dir='ltr'><strong>defuit</strong></span> <span class='ocrx_word' id='word_1_42' title='bbox 607 735 921 805; x_wconf 75' lang='lat' dir='ltr'><strong>coniunctio</strong></span> <span class='ocrx_word' id='word_1_43' title='bbox 947 753 1193 801; x_wconf 75' lang='lat' dir='ltr'><strong>sexuum,</strong></span> <span class='ocrx_word' id='word_1_44' title='bbox 1225 751 1435 790; x_wconf 84' lang='lat' dir='ltr'><strong>ac-cum</strong></span> <span class='ocrx_word' id='word_1_45' title='bbox 1474 735 1641 804; x_wconf 78' lang='lat' dir='ltr'><strong>prolis</strong></span> <span class='ocrx_word' id='word_1_46' title='bbox 1662 746 1759 804; x_wconf 88' lang='lat' dir='ltr'><strong>spe</strong></span> 
     </span>
    </p>
   </div>
   <div class='ocr_carea' id='block_1_9' title="bbox 208 825 1758 898">
    <p class='ocr_par' dir='ltr' id='par_1_9' title="bbox 208 825 1758 898">
     <span class='ocr_line' id='line_1_9' title="bbox 208 825 1758 898; baseline -0.001 -16"><span class='ocrx_word' id='word_1_47' title='bbox 208 829 318 884; x_wconf 74' lang='lat' dir='ltr'><strong>ﬁdei</strong></span> <span class='ocrx_word' id='word_1_48' title='bbox 342 836 732 883; x_wconf 85' lang='lat' dir='ltr'><strong>sacramentum</strong></span> <span class='ocrx_word' id='word_1_49' title='bbox 764 846 777 882; x_wconf 89' lang='lat'><strong>:</strong></span> <span class='ocrx_word' id='word_1_50' title='bbox 808 843 934 898; x_wconf 85' lang='lat' dir='ltr'><strong>quae</strong></span> <span class='ocrx_word' id='word_1_51' title='bbox 954 838 1012 881; x_wconf 93' lang='lat' dir='ltr'><strong>ut</strong></span> <span class='ocrx_word' id='word_1_52' title='bbox 1037 827 1329 897; x_wconf 89' lang='lat' dir='ltr'><strong>plurimum</strong></span> <span class='ocrx_word' id='word_1_53' title='bbox 1360 827 1415 881; x_wconf 91' lang='lat' dir='ltr'><strong>in</strong></span> <span class='ocrx_word' id='word_1_54' title='bbox 1435 827 1584 881; x_wconf 89' lang='lat' dir='ltr'><strong>omni</strong></span> <span class='ocrx_word' id='word_1_55' title='bbox 1611 825 1758 880; x_wconf 86' lang='lat' dir='ltr'><strong>salu-</strong></span> 
     </span>
    </p>
   </div>
   <div class='ocr_carea' id='block_1_10' title="bbox 208 916 1762 988">
    <p class='ocr_par' dir='ltr' id='par_1_10' title="bbox 208 916 1762 988">
     <span class='ocr_line' id='line_1_10' title="bbox 208 916 1762 988; baseline -0.001 -16"><span class='ocrx_word' id='word_1_56' title='bbox 208 919 298 972; x_wconf 74' lang='lat' dir='ltr'><strong>tari</strong></span> <span class='ocrx_word' id='word_1_57' title='bbox 324 918 556 981; x_wconf 84' lang='lat' dir='ltr'><strong>actione,</strong></span> <span class='ocrx_word' id='word_1_58' title='bbox 588 927 705 971; x_wconf 84' lang='lat' dir='ltr'><strong>tum</strong></span> <span class='ocrx_word' id='word_1_59' title='bbox 734 917 900 972; x_wconf 86' lang='lat' dir='ltr'><strong>etiam</strong></span> <span class='ocrx_word' id='word_1_60' title='bbox 931 918 984 971; x_wconf 92' lang='lat' dir='ltr'><strong>in</strong></span> <span class='ocrx_word' id='word_1_61' title='bbox 1021 918 1123 973; x_wconf 90' lang='lat' dir='ltr'><strong>hoc</strong></span> <span class='ocrx_word' id='word_1_62' title='bbox 1157 916 1373 988; x_wconf 88' lang='lat' dir='ltr'><strong>negotio</strong></span> <span class='ocrx_word' id='word_1_63' title='bbox 1395 957 1408 979; x_wconf 95' lang='lat'><strong>,</strong></span> <span class='ocrx_word' id='word_1_64' title='bbox 1441 917 1494 970; x_wconf 86' lang='lat' dir='ltr'><strong>in</strong></span> <span class='ocrx_word' id='word_1_65' title='bbox 1527 929 1636 986; x_wconf 89' lang='lat' dir='ltr'><strong>quo</strong></span> <span class='ocrx_word' id='word_1_66' title='bbox 1661 929 1762 985; x_wconf 88' lang='lat' dir='ltr'><strong>per</strong></span> 
     </span>
    </p>
   </div>
   <div class='ocr_carea' id='block_1_11' title="bbox 208 1006 1760 1077">
    <p class='ocr_par' dir='ltr' id='par_1_11' title="bbox 208 1006 1760 1077">
     <span class='ocr_line' id='line_1_11' title="bbox 208 1006 1760 1077; baseline 0 -17"><span class='ocrx_word' id='word_1_67' title='bbox 208 1007 420 1076; x_wconf 79' lang='lat' dir='ltr'><strong>nuptiale</strong></span> <span class='ocrx_word' id='word_1_68' title='bbox 448 1007 769 1077; x_wconf 83' lang='lat' dir='ltr'><strong>mysterium</strong></span> <span class='ocrx_word' id='word_1_69' title='bbox 799 1010 961 1061; x_wconf 81' lang='lat' dir='ltr'><strong>viret</strong></span> <span class='ocrx_word' id='word_1_70' title='bbox 986 1022 1255 1062; x_wconf 76' lang='lat' dir='ltr'><strong>uxor-una</strong></span> <span class='ocrx_word' id='word_1_71' title='bbox 1281 1021 1408 1061; x_wconf 88' lang='lat' dir='ltr'><strong>caro</strong></span> <span class='ocrx_word' id='word_1_72' title='bbox 1435 1006 1760 1072; x_wconf 75' lang='lat' dir='ltr'><strong>efﬁciuntur,</strong></span> 
     </span>
    </p>
   </div>
   <div class='ocr_carea' id='block_1_12' title="bbox 205 1098 1762 1170">
    <p class='ocr_par' dir='ltr' id='par_1_12' title="bbox 205 1098 1762 1170">
     <span class='ocr_line' id='line_1_12' title="bbox 205 1098 1762 1170; baseline 0.002 -20"><span class='ocrx_word' id='word_1_73' title='bbox 205 1099 287 1151; x_wconf 83' lang='lat' dir='ltr'><strong>sed</strong></span> <span class='ocrx_word' id='word_1_74' title='bbox 314 1098 363 1151; x_wconf 91' lang='lat' dir='ltr'><strong>in</strong></span> <span class='ocrx_word' id='word_1_75' title='bbox 397 1098 718 1167; x_wconf 80' lang='lat' dir='ltr'><strong>baptismate</strong></span> <span class='ocrx_word' id='word_1_76' title='bbox 750 1100 1032 1169; x_wconf 86' lang='lat' dir='ltr'><strong>operosius</strong></span> <span class='ocrx_word' id='word_1_77' title='bbox 1061 1108 1339 1169; x_wconf 80' lang='lat' dir='ltr'><strong>operatur,</strong></span> <span class='ocrx_word' id='word_1_78' title='bbox 1368 1115 1477 1169; x_wconf 91' lang='lat' dir='ltr'><strong>quo</strong></span> <span class='ocrx_word' id='word_1_79' title='bbox 1512 1113 1608 1170; x_wconf 89' lang='lat' dir='ltr'><strong>per</strong></span> <span class='ocrx_word' id='word_1_80' title='bbox 1638 1098 1762 1153; x_wconf 80' lang='lat' dir='ltr'><strong>ﬁdei</strong></span> 
     </span>
    </p>
   </div>
   <div class='ocr_carea' id='block_1_13' title="bbox 207 1188 1761 1258">
    <p class='ocr_par' dir='ltr' id='par_1_13' title="bbox 207 1188 1761 1258">
     <span class='ocr_line' id='line_1_13' title="bbox 207 1188 1761 1258; baseline 0 -18"><span class='ocrx_word' id='word_1_81' title='bbox 207 1196 602 1252; x_wconf 87' lang='lat' dir='ltr'><strong>sacramentum,</strong></span> <span class='ocrx_word' id='word_1_82' title='bbox 631 1203 738 1244; x_wconf 91' lang='lat' dir='ltr'><strong>non</strong></span> <span class='ocrx_word' id='word_1_83' title='bbox 768 1188 940 1243; x_wconf 88' lang='lat' dir='ltr'><strong>solum</strong></span> <span class='ocrx_word' id='word_1_84' title='bbox 973 1188 1300 1258; x_wconf 75' lang='lat' dir='ltr'><strong>generaliter</strong></span> <span class='ocrx_word' id='word_1_85' title='bbox 1319 1188 1497 1243; x_wconf 88' lang='lat' dir='ltr'><strong>omnis</strong></span> <span class='ocrx_word' id='word_1_86' title='bbox 1521 1188 1761 1244; x_wconf 84' lang='lat' dir='ltr'><strong>Ecclesia</strong></span> 
     </span>
    </p>
   </div>
   <div class='ocr_carea' id='block_1_14' title="bbox 204 1276 1764 1349">
    <p class='ocr_par' dir='ltr' id='par_1_14' title="bbox 204 1276 1764 1349">
     <span class='ocr_line' id='line_1_14' title="bbox 204 1276 1764 1349; baseline 0 -17"><span class='ocrx_word' id='word_1_87' title='bbox 204 1293 380 1346; x_wconf 85' lang='lat' dir='ltr'><strong>corpus</strong></span> <span class='ocrx_word' id='word_1_88' title='bbox 402 1277 624 1344; x_wconf 84' lang='lat' dir='ltr'><strong>Christi,</strong></span> <span class='ocrx_word' id='word_1_89' title='bbox 660 1288 721 1334; x_wconf 93' lang='lat' dir='ltr'><strong>ut</strong></span> <span class='ocrx_word' id='word_1_90' title='bbox 768 1280 902 1334; x_wconf 89' lang='lat' dir='ltr'><strong>dicit</strong></span> <span class='ocrx_word' id='word_1_91' title='bbox 929 1279 1255 1349; x_wconf 81' lang='lat' dir='ltr'><strong>Apostolus,</strong></span> <span class='ocrx_word' id='word_1_92' title='bbox 1298 1287 1353 1333; x_wconf 89' lang='lat' dir='ltr'><strong>et</strong></span> <span class='ocrx_word' id='word_1_93' title='bbox 1397 1276 1671 1349; x_wconf 90' lang='lat' dir='ltr'><strong>plenitudo</strong></span> <span class='ocrx_word' id='word_1_94' title='bbox 1702 1276 1764 1332; x_wconf 84' lang='lat' dir='ltr'><strong>lit</strong></span> 
     </span>
    </p>
   </div>
   <div class='ocr_carea' id='block_1_15' title="bbox 204 1368 1763 1447">
    <p class='ocr_par' dir='ltr' id='par_1_15' title="bbox 204 1368 1763 1447">
     <span class='ocr_line' id='line_1_15' title="bbox 204 1368 1763 1447; baseline 0.002 -26"><span class='ocrx_word' id='word_1_95' title='bbox 204 1368 324 1435; x_wconf 79' lang='lat' dir='ltr'><strong>ejus,</strong></span> <span class='ocrx_word' id='word_1_96' title='bbox 349 1385 531 1447; x_wconf 74' lang='lat' dir='ltr'><strong>rerum</strong></span> <span class='ocrx_word' id='word_1_97' title='bbox 546 1371 827 1441; x_wconf 86' lang='lat' dir='ltr'><strong>sigillatim</strong></span> <span class='ocrx_word' id='word_1_98' title='bbox 854 1371 1097 1441; x_wconf 78' lang='lat' dir='ltr'><strong>singulos</strong></span> <span class='ocrx_word' id='word_1_99' title='bbox 1113 1372 1342 1441; x_wconf 83' lang='lat' dir='ltr'><strong>quisque</strong></span> <span class='ocrx_word' id='word_1_100' title='bbox 1359 1370 1535 1426; x_wconf 76' lang='lat' dir='ltr'><strong>ﬁdelis</strong></span> <span class='ocrx_word' id='word_1_101' title='bbox 1547 1368 1763 1426; x_wconf 87' lang='lat' dir='ltr'><strong>Christo</strong></span> 
     </span>
    </p>
   </div>
   <div class='ocr_carea' id='block_1_16' title="bbox 206 1457 1319 1527">
    <p class='ocr_par' dir='ltr' id='par_1_16' title="bbox 206 1457 1319 1527">
     <span class='ocr_line' id='line_1_16' title="bbox 206 1457 1319 1527; baseline -0.001 -15"><span class='ocrx_word' id='word_1_102' title='bbox 206 1460 555 1526; x_wconf 86' lang='lat' dir='ltr'><strong>incorporatus</strong></span> <span class='ocrx_word' id='word_1_103' title='bbox 585 1460 893 1514; x_wconf 85' lang='lat' dir='ltr'><strong>membrum</strong></span> <span class='ocrx_word' id='word_1_104' title='bbox 917 1457 1038 1527; x_wconf 86' lang='lat' dir='ltr'><strong>ejus</strong></span> <span class='ocrx_word' id='word_1_105' title='bbox 1066 1457 1319 1514; x_wconf 51' lang='lat' dir='ltr'><strong>efﬁcitur;</strong></span> 
     </span>
    </p>
   </div>
   <div class='ocr_carea' id='block_1_17' title="bbox 269 1548 1765 1621">
    <p class='ocr_par' dir='ltr' id='par_1_17' title="bbox 269 1548 1765 1621">
     <span class='ocr_line' id='line_1_17' title="bbox 269 1548 1765 1621; baseline 0 -16"><span class='ocrx_word' id='word_1_106' title='bbox 269 1549 407 1605; x_wconf 89' lang='lat' dir='ltr'><strong>Unde</strong></span> <span class='ocrx_word' id='word_1_107' title='bbox 432 1550 487 1604; x_wconf 90' lang='lat' dir='ltr'><strong>S.</strong></span> <span class='ocrx_word' id='word_1_108' title='bbox 522 1550 670 1606; x_wconf 89' lang='lat' dir='ltr'><strong>Beda</strong></span> <span class='ocrx_word' id='word_1_109' title='bbox 695 1552 748 1604; x_wconf 90' lang='lat' dir='ltr'><strong>in</strong></span> <span class='ocrx_word' id='word_1_110' title='bbox 775 1552 997 1606; x_wconf 88' lang='lat' dir='ltr'><strong>bomilia</strong></span> <span class='ocrx_word' id='word_1_111' title='bbox 1026 1550 1300 1621; x_wconf 81' lang='lat' dir='ltr'><strong>Evangelii</strong></span> <span class='ocrx_word' id='word_1_112' title='bbox 1326 1549 1455 1606; x_wconf 88' lang='lat' dir='ltr'><strong>dicit</strong></span> <span class='ocrx_word' id='word_1_113' title='bbox 1484 1567 1509 1604; x_wconf 83' lang='lat'><strong>:~</strong></span> <span class='ocrx_word' id='word_1_114' title='bbox 1525 1548 1661 1604; x_wconf 82' lang='lat' dir='ltr'><strong>Nam</strong></span> <span class='ocrx_word' id='word_1_115' title='bbox 1683 1549 1765 1605; x_wconf 70' lang='lat' dir='ltr'><strong>vi-</strong></span> 
     </span>
    </p>
   </div>
   <div class='ocr_carea' id='block_1_18' title="bbox 201 1639 1761 1712">
    <p class='ocr_par' dir='ltr' id='par_1_18' title="bbox 201 1639 1761 1712">
     <span class='ocr_line' id='line_1_18' title="bbox 201 1639 1761 1712; baseline 0.001 -19"><span class='ocrx_word' id='word_1_116' title='bbox 201 1642 361 1704; x_wconf 89' lang='lat' dir='ltr'><strong>detur,</strong></span> <span class='ocrx_word' id='word_1_117' title='bbox 381 1640 654 1710; x_wconf 87' lang='lat' dir='ltr'><strong>inquiens,</strong></span> <span class='ocrx_word' id='word_1_118' title='bbox 676 1643 765 1711; x_wconf 85' lang='lat' dir='ltr'><strong>qui</strong></span> <span class='ocrx_word' id='word_1_119' title='bbox 784 1641 1158 1712; x_wconf 84' lang='lat' dir='ltr'><strong>baptizaturin</strong></span> <span class='ocrx_word' id='word_1_120' title='bbox 1187 1640 1389 1695; x_wconf 83' lang='lat' dir='ltr'><strong>fontem</strong></span> <span class='ocrx_word' id='word_1_121' title='bbox 1405 1639 1761 1705; x_wconf 69' lang='lat' dir='ltr'><strong>descendere,</strong></span> 
     </span>
    </p>
   </div>
   <div class='ocr_carea' id='block_1_19' title="bbox 1861 464 3436 537">
    <p class='ocr_par' dir='ltr' id='par_1_19' title="bbox 1861 464 3436 537">
     <span class='ocr_line' id='line_1_19' title="bbox 1861 464 3436 537; baseline -0.001 -16"><span class='ocrx_word' id='word_1_122' title='bbox 1861 466 1952 521; x_wconf 86' lang='lat' dir='ltr'><strong>bet</strong></span> <span class='ocrx_word' id='word_1_123' title='bbox 1976 473 2297 537; x_wconf 80' lang='lat' dir='ltr'><strong>potestatem</strong></span> <span class='ocrx_word' id='word_1_124' title='bbox 2319 467 2561 537; x_wconf 89' lang='lat' dir='ltr'><strong>corporis</strong></span> <span class='ocrx_word' id='word_1_125' title='bbox 2594 467 2701 531; x_wconf 84' lang='lat' dir='ltr'><strong>sui,</strong></span> <span class='ocrx_word' id='word_1_126' title='bbox 2732 466 2825 521; x_wconf 89' lang='lat' dir='ltr'><strong>sed</strong></span> <span class='ocrx_word' id='word_1_127' title='bbox 2851 465 2953 530; x_wconf 86' lang='lat' dir='ltr'><strong>vir,</strong></span> <span class='ocrx_word' id='word_1_128' title='bbox 2982 464 3075 520; x_wconf 91' lang='lat' dir='ltr'><strong>sed</strong></span> <span class='ocrx_word' id='word_1_129' title='bbox 3107 464 3357 520; x_wconf 86' lang='lat' dir='ltr'><strong>similiter</strong></span> <span class='ocrx_word' id='word_1_130' title='bbox 3375 471 3436 520; x_wconf 77' lang='lat' dir='ltr'><strong>et</strong></span> 
     </span>
    </p>
   </div>
   <div class='ocr_carea' id='block_1_20' title="bbox 1858 552 3441 627">
    <p class='ocr_par' dir='ltr' id='par_1_20' title="bbox 1858 552 3441 627">
     <span class='ocr_line' id='line_1_20' title="bbox 1858 552 3441 627; baseline 0 -16"><span class='ocrx_word' id='word_1_131' title='bbox 1858 557 1947 611; x_wconf 75' lang='lat' dir='ltr'><strong>vir</strong></span> <span class='ocrx_word' id='word_1_132' title='bbox 1985 572 2091 611; x_wconf 91' lang='lat' dir='ltr'><strong>non</strong></span> <span class='ocrx_word' id='word_1_133' title='bbox 2131 557 2293 612; x_wconf 87' lang='lat' dir='ltr'><strong>habet</strong></span> <span class='ocrx_word' id='word_1_134' title='bbox 2332 564 2654 626; x_wconf 85' lang='lat' dir='ltr'><strong>potestatem</strong></span> <span class='ocrx_word' id='word_1_135' title='bbox 2689 557 2902 627; x_wconf 88' lang='lat' dir='ltr'><strong>coporis</strong></span> <span class='ocrx_word' id='word_1_136' title='bbox 2933 556 3058 617; x_wconf 83' lang='lat' dir='ltr'><strong>sui,</strong></span> <span class='ocrx_word' id='word_1_137' title='bbox 3109 554 3203 609; x_wconf 87' lang='lat' dir='ltr'><strong>sed</strong></span> <span class='ocrx_word' id='word_1_138' title='bbox 3244 552 3441 611; x_wconf 74' lang='lat' dir='ltr'><strong>mulier</strong></span> 
     </span>
    </p>
   </div>
   <div class='ocr_carea' id='block_1_21' title="bbox 1862 644 3439 717">
    <p class='ocr_par' dir='ltr' id='par_1_21' title="bbox 1862 644 3439 717">
     <span class='ocr_line' id='line_1_21' title="bbox 1862 644 3439 717; baseline 0 -18"><span class='ocrx_word' id='word_1_139' title='bbox 1862 645 1914 712; x_wconf 79' lang='grc'><strong>(1</strong></span> <span class='ocrx_word' id='word_1_140' title='bbox 1938 645 2061 703; x_wconf 88' lang='lat' dir='ltr'><strong>Cor.</strong></span> <span class='ocrx_word' id='word_1_141' title='bbox 2081 646 2181 716; x_wconf 86' lang='lat' dir='ltr'><strong>vn)</strong></span> <span class='ocrx_word' id='word_1_142' title='bbox 2204 660 2219 699; x_wconf 86' lang='lat'><strong>:</strong></span> <span class='ocrx_word' id='word_1_143' title='bbox 2240 655 2625 717; x_wconf 78' lang='lat' dir='ltr'><strong>etpropterea,</strong></span> <span class='ocrx_word' id='word_1_144' title='bbox 2645 647 2747 700; x_wconf 84' lang='lat' dir='ltr'><strong>nisi</strong></span> <span class='ocrx_word' id='word_1_145' title='bbox 2764 661 2828 701; x_wconf 78' lang='lat' dir='ltr'><strong>ex</strong></span> <span class='ocrx_word' id='word_1_146' title='bbox 2855 644 3124 700; x_wconf 87' lang='lat' dir='ltr'><strong>communi</strong></span> <span class='ocrx_word' id='word_1_147' title='bbox 3149 656 3439 710; x_wconf 77' lang='lat' dir='ltr'><strong>consensu,</strong></span> 
     </span>
    </p>
   </div>
   <div class='ocr_carea' id='block_1_22' title="bbox 1859 734 3435 807">
    <p class='ocr_par' dir='ltr' id='par_1_22' title="bbox 1859 734 3435 807">
     <span class='ocr_line' id='line_1_22' title="bbox 1859 734 3435 807; baseline -0.001 -16"><span class='ocrx_word' id='word_1_148' title='bbox 1859 751 1970 792; x_wconf 84' lang='lat' dir='ltr'><strong>non</strong></span> <span class='ocrx_word' id='word_1_149' title='bbox 2006 737 2197 792; x_wconf 77' lang='lat' dir='ltr'><strong>valent</strong></span> <span class='ocrx_word' id='word_1_150' title='bbox 2230 737 2415 792; x_wconf 27' lang='lat' dir='ltr'><strong>etiam.</strong></span> <span class='ocrx_word' id='word_1_151' title='bbox 2445 746 2666 807; x_wconf 84' lang='lat' dir='ltr'><strong>propter</strong></span> <span class='ocrx_word' id='word_1_152' title='bbox 2712 736 3103 793; x_wconf 79' lang='lat' dir='ltr'><strong>continentiam</strong></span> <span class='ocrx_word' id='word_1_153' title='bbox 3158 734 3435 804; x_wconf 83' lang='lat' dir='ltr'><strong>separari;</strong></span> 
     </span>
    </p>
   </div>
   <div class='ocr_carea' id='block_1_23' title="bbox 1862 827 3442 884">
    <p class='ocr_par' dir='ltr' id='par_1_23' title="bbox 1862 827 3442 884">
     <span class='ocr_line' id='line_1_23' title="bbox 1862 827 3442 884; baseline -0.002 0"><span class='ocrx_word' id='word_1_154' title='bbox 1862 829 1997 884; x_wconf 82' lang='lat' dir='ltr'><strong>adeo</strong></span> <span class='ocrx_word' id='word_1_155' title='bbox 2033 837 2094 883; x_wconf 91' lang='lat' dir='ltr'><strong>ut</strong></span> <span class='ocrx_word' id='word_1_156' title='bbox 2116 828 2160 883; x_wconf 89' lang='lat' dir='ltr'><strong>si</strong></span> <span class='ocrx_word' id='word_1_157' title='bbox 2191 829 2277 883; x_wconf 87' lang='lat' dir='ltr'><strong>vir</strong></span> <span class='ocrx_word' id='word_1_158' title='bbox 2303 838 2490 883; x_wconf 87' lang='lat' dir='ltr'><strong>contra</strong></span> <span class='ocrx_word' id='word_1_159' title='bbox 2520 828 2849 884; x_wconf 80' lang='lat' dir='ltr'><strong>voluntatem</strong></span> <span class='ocrx_word' id='word_1_160' title='bbox 2877 827 3121 882; x_wconf 86' lang='lat' dir='ltr'><strong>mulieris</strong></span> <span class='ocrx_word' id='word_1_161' title='bbox 3146 828 3442 882; x_wconf 85' lang='lat' dir='ltr'><strong>conversus</strong></span> 
     </span>
    </p>
   </div>
   <div class='ocr_carea' id='block_1_24' title="bbox 1862 918 3443 985">
    <p class='ocr_par' dir='ltr' id='par_1_24' title="bbox 1862 918 3443 985">
     <span class='ocr_line' id='line_1_24' title="bbox 1862 918 3443 985; baseline -0.001 -11"><span class='ocrx_word' id='word_1_162' title='bbox 1862 918 2173 985; x_wconf 64' lang='lat' dir='ltr'><strong>tondeatur,</strong></span> <span class='ocrx_word' id='word_1_163' title='bbox 2214 927 2309 973; x_wconf 87' lang='lat' dir='ltr'><strong>aut</strong></span> <span class='ocrx_word' id='word_1_164' title='bbox 2354 919 2551 973; x_wconf 89' lang='lat' dir='ltr'><strong>mulier</strong></span> <span class='ocrx_word' id='word_1_165' title='bbox 2580 919 3007 975; x_wconf 39' lang='lat' dir='ltr'><strong>sine&#39;voluntate</strong></span> <span class='ocrx_word' id='word_1_166' title='bbox 3043 918 3158 972; x_wconf 81' lang='lat' dir='ltr'><strong>viri-</strong></span> <span class='ocrx_word' id='word_1_167' title='bbox 3183 932 3443 973; x_wconf 84' lang='lat' dir='ltr'><strong>conversa</strong></span> 
     </span>
    </p>
   </div>
   <div class='ocr_carea' id='block_1_25' title="bbox 1861 1005 3443 1076">
    <p class='ocr_par' dir='ltr' id='par_1_25' title="bbox 1861 1005 3443 1076">
     <span class='ocr_line' id='line_1_25' title="bbox 1861 1005 3443 1076; baseline -0.002 -12"><span class='ocrx_word' id='word_1_168' title='bbox 1861 1008 2089 1076; x_wconf 83' lang='lat' dir='ltr'><strong>veletur,</strong></span> <span class='ocrx_word' id='word_1_169' title='bbox 2141 1009 2463 1065; x_wconf 82' lang='lat' dir='ltr'><strong>mulieri-vir</strong></span> <span class='ocrx_word' id='word_1_170' title='bbox 2487 1009 2715 1064; x_wconf 77' lang='lat' dir='ltr'><strong>velviro</strong></span> <span class='ocrx_word' id='word_1_171' title='bbox 2745 1008 2958 1072; x_wconf 89' lang='lat' dir='ltr'><strong>mulier,</strong></span> <span class='ocrx_word' id='word_1_172' title='bbox 3012 1022 3042 1061; x_wconf 87' lang='lat' dir='ltr'><strong>a</strong></span> <span class='ocrx_word' id='word_1_173' title='bbox 3079 1014 3266 1063; x_wconf 87' lang='lat' dir='ltr'><strong>sancto</strong></span> <span class='ocrx_word' id='word_1_174' title='bbox 3302 1005 3443 1064; x_wconf 46' lang='lat' dir='ltr'><strong>(he.</strong></span> 
     </span>
    </p>
   </div>
   <div class='ocr_carea' id='block_1_26' title="bbox 1863 1099 3442 1173">
    <p class='ocr_par' dir='ltr' id='par_1_26' title="bbox 1863 1099 3442 1173">
     <span class='ocr_line' id='line_1_26' title="bbox 1863 1099 3442 1173; baseline -0.003 -17"><span class='ocrx_word' id='word_1_175' title='bbox 1863 1102 2018 1173; x_wconf 87' lang='lat' dir='ltr'><strong>gorio</strong></span> <span class='ocrx_word' id='word_1_176' title='bbox 2072 1101 2126 1156; x_wconf 90' lang='lat' dir='ltr'><strong>in</strong></span> <span class='ocrx_word' id='word_1_177' title='bbox 2175 1100 2401 1171; x_wconf 76' lang='lat' dir='ltr'><strong>epiStola</strong></span> <span class='ocrx_word' id='word_1_178' title='bbox 2450 1102 2518 1155; x_wconf 90' lang='lat' dir='ltr'><strong>ad</strong></span> <span class='ocrx_word' id='word_1_179' title='bbox 2568 1099 2881 1157; x_wconf 89' lang='lat' dir='ltr'><strong>Secundum</strong></span> <span class='ocrx_word' id='word_1_180' title='bbox 2932 1099 3442 1154; x_wconf 81' lang='lat' dir='ltr'><strong>Taurominitanum</strong></span> 
     </span>
    </p>
   </div>
   <div class='ocr_carea' id='block_1_27' title="bbox 1863 1188 3445 1263">
    <p class='ocr_par' dir='ltr' id='par_1_27' title="bbox 1863 1188 3445 1263">
     <span class='ocr_line' id='line_1_27' title="bbox 1863 1188 3445 1263; baseline -0.003 -15"><span class='ocrx_word' id='word_1_181' title='bbox 1863 1193 2201 1263; x_wconf 88' lang='lat' dir='ltr'><strong>episcopum,</strong></span> <span class='ocrx_word' id='word_1_182' title='bbox 2227 1200 2283 1247; x_wconf 93' lang='lat' dir='ltr'><strong>et</strong></span> <span class='ocrx_word' id='word_1_183' title='bbox 2314 1192 2368 1247; x_wconf 93' lang='lat' dir='ltr'><strong>in</strong></span> <span class='ocrx_word' id='word_1_184' title='bbox 2408 1191 2637 1262; x_wconf 89' lang='lat' dir='ltr'><strong>epistola</strong></span> <span class='ocrx_word' id='word_1_185' title='bbox 2665 1191 2733 1247; x_wconf 91' lang='lat' dir='ltr'><strong>ad</strong></span> <span class='ocrx_word' id='word_1_186' title='bbox 2770 1190 3069 1245; x_wconf 85' lang='lat' dir='ltr'><strong>Adrianum</strong></span> <span class='ocrx_word' id='word_1_187' title='bbox 3098 1188 3445 1245; x_wconf 81' lang='lat' dir='ltr'><strong>Panormita-</strong></span> 
     </span>
    </p>
   </div>
   <div class='ocr_carea' id='block_1_28' title="bbox 1863 1270 3448 1353">
    <p class='ocr_par' dir='ltr' id='par_1_28' title="bbox 1863 1270 3448 1353">
     <span class='ocr_line' id='line_1_28' title="bbox 1863 1270 3448 1353; baseline -0.002 -16"><span class='ocrx_word' id='word_1_188' title='bbox 1863 1296 2024 1347; x_wconf 89' lang='lat' dir='ltr'><strong>num,</strong></span> <span class='ocrx_word' id='word_1_189' title='bbox 2053 1280 2311 1353; x_wconf 90' lang='lat' dir='ltr'><strong>jubeatur</strong></span> <span class='ocrx_word' id='word_1_190' title='bbox 2340 1281 2572 1337; x_wconf 88' lang='lat' dir='ltr'><strong>restitui.</strong></span> <span class='ocrx_word' id='word_1_191' title='bbox 2607 1279 2667 1336; x_wconf 90' lang='lat' dir='ltr'><strong>Si</strong></span> <span class='ocrx_word' id='word_1_192' title='bbox 2701 1288 2883 1336; x_wconf 88' lang='lat' dir='ltr'><strong>autem</strong></span> <span class='ocrx_word' id='word_1_193' title='bbox 2914 1292 2979 1334; x_wconf 83' lang='lat' dir='ltr'><strong>ex</strong></span> <span class='ocrx_word' id='word_1_194' title='bbox 3013 1280 3284 1335; x_wconf 90' lang='lat' dir='ltr'><strong>communi</strong></span> <span class='ocrx_word' id='word_1_195' title='bbox 3314 1270 3448 1334; x_wconf 81' lang='lat' dir='ltr'><strong>cen-</strong></span> 
     </span>
    </p>
   </div>
   <div class='ocr_carea' id='block_1_29' title="bbox 1863 1368 3449 1443">
    <p class='ocr_par' dir='ltr' id='par_1_29' title="bbox 1863 1368 3449 1443">
     <span class='ocr_line' id='line_1_29' title="bbox 1863 1368 3449 1443; baseline -0.001 -14"><span class='ocrx_word' id='word_1_196' title='bbox 1863 1386 2024 1429; x_wconf 82' lang='lat' dir='ltr'><strong>sensu</strong></span> <span class='ocrx_word' id='word_1_197' title='bbox 2049 1387 2111 1429; x_wconf 89' lang='lat' dir='ltr'><strong>se</strong></span> <span class='ocrx_word' id='word_1_198' title='bbox 2147 1381 2357 1428; x_wconf 89' lang='lat' dir='ltr'><strong>mutare</strong></span> <span class='ocrx_word' id='word_1_199' title='bbox 2392 1372 2773 1443; x_wconf 86' lang='lat' dir='ltr'><strong>permiserint,</strong></span> <span class='ocrx_word' id='word_1_200' title='bbox 2805 1382 2860 1427; x_wconf 86' lang='lat' dir='ltr'><strong>et</strong></span> <span class='ocrx_word' id='word_1_201' title='bbox 2889 1368 3118 1442; x_wconf 87' lang='lat' dir='ltr'><strong>quilibet</strong></span> <span class='ocrx_word' id='word_1_202' title='bbox 3160 1384 3347 1426; x_wconf 90' lang='lat' dir='ltr'><strong>eorum</strong></span> <span class='ocrx_word' id='word_1_203' title='bbox 3384 1380 3449 1427; x_wconf 82' lang='lat' dir='ltr'><strong>’sc</strong></span> 
     </span>
    </p>
   </div>
   <div class='ocr_carea' id='block_1_30' title="bbox 1864 1460 3445 1532">
    <p class='ocr_par' dir='ltr' id='par_1_30' title="bbox 1864 1460 3445 1532">
     <span class='ocr_line' id='line_1_30' title="bbox 1864 1460 3445 1532; baseline 0.001 -17"><span class='ocrx_word' id='word_1_204' title='bbox 1864 1460 1993 1517; x_wconf 83' lang='lat' dir='ltr'><strong>inde</strong></span> <span class='ocrx_word' id='word_1_205' title='bbox 2014 1460 2328 1525; x_wconf 80' lang='lat' dir='ltr'><strong>retraxerit,</strong></span> <span class='ocrx_word' id='word_1_206' title='bbox 2359 1461 2428 1515; x_wconf 85' lang='lat' dir='ltr'><strong>ad</strong></span> <span class='ocrx_word' id='word_1_207' title='bbox 2456 1460 2868 1515; x_wconf 84' lang='lat' dir='ltr'><strong>conversionem</strong></span> <span class='ocrx_word' id='word_1_208' title='bbox 2898 1472 3055 1515; x_wconf 90' lang='lat' dir='ltr'><strong>suum</strong></span> <span class='ocrx_word' id='word_1_209' title='bbox 3077 1462 3230 1531; x_wconf 85' lang='lat' dir='ltr'><strong>sequi</strong></span> <span class='ocrx_word' id='word_1_210' title='bbox 3262 1476 3445 1532; x_wconf 88' lang='lat' dir='ltr'><strong>parem</strong></span> 
     </span>
    </p>
   </div>
   <div class='ocr_carea' id='block_1_31' title="bbox 1862 1551 3451 1623">
    <p class='ocr_par' dir='ltr' id='par_1_31' title="bbox 1862 1551 3451 1623">
     <span class='ocr_line' id='line_1_31' title="bbox 1862 1551 3451 1623; baseline 0.002 -18"><span class='ocrx_word' id='word_1_211' title='bbox 1862 1551 2196 1623; x_wconf 68' lang='lat' dir='ltr'><strong>praecipitur.</strong></span> <span class='ocrx_word' id='word_1_212' title='bbox 2223 1551 2399 1608; x_wconf 85' lang='lat' dir='ltr'><strong>Causa</strong></span> <span class='ocrx_word' id='word_1_213' title='bbox 2425 1560 2606 1607; x_wconf 89' lang='lat' dir='ltr'><strong>autem</strong></span> <span class='ocrx_word' id='word_1_214' title='bbox 2636 1551 3010 1609; x_wconf 76' lang='lat' dir='ltr'><strong>fornicationis</strong></span> <span class='ocrx_word' id='word_1_215' title='bbox 3028 1554 3114 1608; x_wconf 83' lang='lat' dir='ltr'><strong>vir</strong></span> <span class='ocrx_word' id='word_1_216' title='bbox 3136 1563 3231 1609; x_wconf 89' lang='lat' dir='ltr'><strong>aut</strong></span> <span class='ocrx_word' id='word_1_217' title='bbox 3257 1554 3451 1610; x_wconf 83' lang='lat' dir='ltr'><strong>mulier</strong></span> 
     </span>
    </p>
   </div>
   <div class='ocr_carea' id='block_1_32' title="bbox 1865 1644 3449 1720">
    <p class='ocr_par' dir='ltr' id='par_1_32' title="bbox 1865 1644 3449 1720">
     <span class='ocr_line' id='line_1_32' title="bbox 1865 1644 3449 1720; baseline 0.001 -19"><span class='ocrx_word' id='word_1_218' title='bbox 1865 1645 1934 1701; x_wconf 85' lang='lat' dir='ltr'><strong>ab</strong></span> <span class='ocrx_word' id='word_1_219' title='bbox 1969 1645 2199 1701; x_wconf 81' lang='lat' dir='ltr'><strong>invicem</strong></span> <span class='ocrx_word' id='word_1_220' title='bbox 2241 1644 2619 1715; x_wconf 83' lang='lat' dir='ltr'><strong>discedentes,</strong></span> <span class='ocrx_word' id='word_1_221' title='bbox 2652 1657 2874 1720; x_wconf 86' lang='lat' dir='ltr'><strong>propter</strong></span> <span class='ocrx_word' id='word_1_222' title='bbox 2919 1658 3322 1705; x_wconf 87' lang='lat' dir='ltr'><strong>sacramentum</strong></span> <span class='ocrx_word' id='word_1_223' title='bbox 3352 1664 3449 1703; x_wconf 89' lang='lat' dir='ltr'><strong>nu-</strong></span> 
     </span>
    </p>
   </div>
   <div class='ocr_carea' id='block_1_33' title="bbox 201 1731 3452 1811">
    <p class='ocr_par' dir='ltr' id='par_1_33' title="bbox 201 1731 3452 1811">
     <span class='ocr_line' id='line_1_33' title="bbox 201 1731 3452 1811; baseline 0.003 -29"><span class='ocrx_word' id='word_1_224' title='bbox 201 1731 393 1785; x_wconf 65' lang='lat' dir='ltr'><strong>ritletur</strong></span> <span class='ocrx_word' id='word_1_225' title='bbox 414 1732 577 1801; x_wconf 81' lang='lat' dir='ltr'><strong>aquis</strong></span> <span class='ocrx_word' id='word_1_226' title='bbox 604 1732 857 1803; x_wconf 84' lang='lat' dir='ltr'><strong>intingui,</strong></span> <span class='ocrx_word' id='word_1_227' title='bbox 885 1732 1100 1787; x_wconf 86' lang='lat' dir='ltr'><strong>videtur</strong></span> <span class='ocrx_word' id='word_1_228' title='bbox 1120 1733 1187 1787; x_wconf 92' lang='lat' dir='ltr'><strong>de</strong></span> <span class='ocrx_word' id='word_1_229' title='bbox 1215 1732 1373 1802; x_wconf 87' lang='lat' dir='ltr'><strong>aquis</strong></span> <span class='ocrx_word' id='word_1_230' title='bbox 1410 1732 1705 1788; x_wconf 88' lang='lat' dir='ltr'><strong>ascendere</strong></span> <span class='ocrx_word' id='word_1_231' title='bbox 1742 1748 1759 1788; x_wconf 75' lang='grc' dir='ltr'><strong><em>τ</em></strong></span> <span class='ocrx_word' id='word_1_232' title='bbox 1788 1738 1838 1800; x_wconf 83' lang='grc' dir='ltr'><strong>Β</strong></span> <span class='ocrx_word' id='word_1_233' title='bbox 1864 1736 2051 1807; x_wconf 88' lang='lat' dir='ltr'><strong>ptialis</strong></span> <span class='ocrx_word' id='word_1_234' title='bbox 2095 1734 2492 1806; x_wconf 85' lang='lat' dir='ltr'><strong>ceujunctionis</strong></span> <span class='ocrx_word' id='word_1_235' title='bbox 2518 1778 2535 1806; x_wconf 96' lang='lat'><strong>,</strong></span> <span class='ocrx_word' id='word_1_236' title='bbox 2579 1747 2674 1793; x_wconf 89' lang='lat' dir='ltr'><strong>aut</strong></span> <span class='ocrx_word' id='word_1_237' title='bbox 2719 1736 2928 1809; x_wconf 87' lang='lat' dir='ltr'><strong>innupti</strong></span> <span class='ocrx_word' id='word_1_238' title='bbox 2980 1753 3265 1811; x_wconf 88' lang='lat' dir='ltr'><strong>quousque</strong></span> <span class='ocrx_word' id='word_1_239' title='bbox 3294 1738 3452 1793; x_wconf 82' lang='lat' dir='ltr'><strong>alter</strong></span> 
     </span>
    </p>
   </div>
   <div class='ocr_carea' id='block_1_34' title="bbox 201 1820 1763 1893">
    <p class='ocr_par' dir='ltr' id='par_1_34' title="bbox 201 1820 1763 1893">
     <span class='ocr_line' id='line_1_34' title="bbox 201 1820 1763 1893; baseline 0.002 -19"><span class='ocrx_word' id='word_1_240' title='bbox 201 1820 299 1875; x_wconf 85' lang='lat' dir='ltr'><strong>sola</strong></span> <span class='ocrx_word' id='word_1_241' title='bbox 322 1830 489 1877; x_wconf 90' lang='lat' dir='ltr'><strong>autem</strong></span> <span class='ocrx_word' id='word_1_242' title='bbox 528 1822 775 1878; x_wconf 77' lang='lat' dir='ltr'><strong>ﬁdelium</strong></span> <span class='ocrx_word' id='word_1_243' title='bbox 813 1823 989 1893; x_wconf 88' lang='lat' dir='ltr'><strong>pietas</strong></span> <span class='ocrx_word' id='word_1_244' title='bbox 1027 1823 1209 1889; x_wconf 81' lang='lat' dir='ltr'><strong>novit,</strong></span> <span class='ocrx_word' id='word_1_245' title='bbox 1256 1822 1383 1892; x_wconf 86' lang='lat' dir='ltr'><strong>quia</strong></span> <span class='ocrx_word' id='word_1_246' title='bbox 1411 1832 1664 1892; x_wconf 78' lang='lat' dir='ltr'><strong>peccator</strong></span> <span class='ocrx_word' id='word_1_247' title='bbox 1706 1821 1763 1877; x_wconf 90' lang='lat' dir='ltr'><strong>in</strong></span> 
     </span>
    </p>
   </div>
   <div class='ocr_carea' id='block_1_35' title="bbox 203 1911 1767 1983">
    <p class='ocr_par' dir='ltr' id='par_1_35' title="bbox 203 1911 1767 1983">
     <span class='ocr_line' id='line_1_35' title="bbox 203 1911 1767 1983; baseline 0.001 -19"><span class='ocrx_word' id='word_1_248' title='bbox 203 1911 379 1966; x_wconf 86' lang='lat' dir='ltr'><strong>l&#39;ontem</strong></span> <span class='ocrx_word' id='word_1_249' title='bbox 406 1912 710 1978; x_wconf 77' lang='lat' dir='ltr'><strong>descendit,</strong></span> <span class='ocrx_word' id='word_1_250' title='bbox 739 1915 833 1968; x_wconf 89' lang='lat' dir='ltr'><strong>sed</strong></span> <span class='ocrx_word' id='word_1_251' title='bbox 863 1912 1183 1983; x_wconf 80' lang='lat' dir='ltr'><strong>puriﬁcatus</strong></span> <span class='ocrx_word' id='word_1_252' title='bbox 1206 1913 1474 1967; x_wconf 89' lang='lat' dir='ltr'><strong>ascendit.</strong></span> <span class='ocrx_word' id='word_1_253' title='bbox 1497 1912 1767 1967; x_wconf 66' lang='lat' dir='ltr'><strong>Caeterum</strong></span> 
     </span>
    </p>
   </div>
   <div class='ocr_carea' id='block_1_36' title="bbox 202 2002 1769 2077">
    <p class='ocr_par' dir='ltr' id='par_1_36' title="bbox 202 2002 1769 2077">
     <span class='ocr_line' id='line_1_36' title="bbox 202 2002 1769 2077; baseline 0.003 -21"><span class='ocrx_word' id='word_1_254' title='bbox 202 2002 352 2056; x_wconf 73' lang='lat' dir='ltr'><strong>acidis</strong></span> <span class='ocrx_word' id='word_1_255' title='bbox 376 2003 752 2073; x_wconf 77' lang='lat' dir='ltr'><strong>insipientium</strong></span> <span class='ocrx_word' id='word_1_256' title='bbox 781 2004 996 2059; x_wconf 79' lang='lat' dir='ltr'><strong>videtur</strong></span> <span class='ocrx_word' id='word_1_257' title='bbox 1026 2005 1149 2059; x_wconf 89' lang='lat' dir='ltr'><strong>talis</strong></span> <span class='ocrx_word' id='word_1_258' title='bbox 1174 2006 1326 2061; x_wconf 76' lang='lat' dir='ltr'><strong>exire</strong></span> <span class='ocrx_word' id='word_1_259' title='bbox 1352 2007 1419 2063; x_wconf 89' lang='lat' dir='ltr'><strong>de</strong></span> <span class='ocrx_word' id='word_1_260' title='bbox 1456 2007 1604 2063; x_wconf 82' lang='lat' dir='ltr'><strong>fonte</strong></span> <span class='ocrx_word' id='word_1_261' title='bbox 1634 2023 1769 2077; x_wconf 79' lang='lat' dir='ltr'><strong>qua-</strong></span> 
     </span>
    </p>
   </div>
   <div class='ocr_carea' id='block_1_37' title="bbox 204 2092 1768 2167">
    <p class='ocr_par' dir='ltr' id='par_1_37' title="bbox 204 2092 1768 2167">
     <span class='ocr_line' id='line_1_37' title="bbox 204 2092 1768 2167; baseline 0.006 -24"><span class='ocrx_word' id='word_1_262' title='bbox 204 2092 261 2145; x_wconf 81' lang='lat' dir='ltr'><strong>lis</strong></span> <span class='ocrx_word' id='word_1_263' title='bbox 284 2092 511 2157; x_wconf 79' lang='lat' dir='ltr'><strong>intravit,</strong></span> <span class='ocrx_word' id='word_1_264' title='bbox 540 2101 831 2163; x_wconf 66' lang='lat' dir='ltr'><strong>totumque</strong></span> <span class='ocrx_word' id='word_1_265' title='bbox 860 2094 1018 2149; x_wconf 88' lang='lat' dir='ltr'><strong>ludus</strong></span> <span class='ocrx_word' id='word_1_266' title='bbox 1057 2109 1178 2149; x_wconf 85' lang='lat' dir='ltr'><strong>esse</strong></span> <span class='ocrx_word' id='word_1_267' title='bbox 1206 2096 1347 2165; x_wconf 88' lang='lat' dir='ltr'><strong>quod</strong></span> <span class='ocrx_word' id='word_1_268' title='bbox 1388 2097 1586 2167; x_wconf 78' lang='lat' dir='ltr'><strong>agitur.</strong></span> <span class='ocrx_word' id='word_1_269' title='bbox 1618 2097 1685 2152; x_wconf 88' lang='lat' dir='ltr'><strong>Et</strong></span> <span class='ocrx_word' id='word_1_270' title='bbox 1714 2098 1768 2152; x_wconf 88' lang='lat' dir='ltr'><strong>in</strong></span> 
     </span>
    </p>
   </div>
   <div class='ocr_carea' id='block_1_38' title="bbox 204 2182 1766 2259">
    <p class='ocr_par' dir='ltr' id='par_1_38' title="bbox 204 2182 1766 2259">
     <span class='ocr_line' id='line_1_38' title="bbox 204 2182 1766 2259; baseline 0.004 -24"><span class='ocrx_word' id='word_1_271' title='bbox 204 2182 293 2237; x_wconf 82' lang='lat' dir='ltr'><strong>bac</strong></span> <span class='ocrx_word' id='word_1_272' title='bbox 316 2185 753 2254; x_wconf 84' lang='lat' dir='ltr'><strong>desponsatione,</strong></span> <span class='ocrx_word' id='word_1_273' title='bbox 797 2186 1071 2240; x_wconf 89' lang='lat' dir='ltr'><strong>dotatione</strong></span> <span class='ocrx_word' id='word_1_274' title='bbox 1096 2226 1111 2250; x_wconf 93' lang='lat'><strong>,</strong></span> <span class='ocrx_word' id='word_1_275' title='bbox 1143 2199 1305 2256; x_wconf 88' lang='lat' dir='ltr'><strong>atque</strong></span> <span class='ocrx_word' id='word_1_276' title='bbox 1334 2186 1387 2240; x_wconf 92' lang='lat' dir='ltr'><strong>in</strong></span> <span class='ocrx_word' id='word_1_277' title='bbox 1423 2188 1511 2243; x_wconf 89' lang='lat' dir='ltr'><strong>his</strong></span> <span class='ocrx_word' id='word_1_278' title='bbox 1543 2188 1766 2259; x_wconf 91' lang='lat' dir='ltr'><strong>nuptiis,</strong></span> 
     </span>
    </p>
   </div>
   <div class='ocr_carea' id='block_1_39' title="bbox 210 2273 1771 2347">
    <p class='ocr_par' dir='ltr' id='par_1_39' title="bbox 210 2273 1771 2347">
     <span class='ocr_line' id='line_1_39' title="bbox 210 2273 1771 2347; baseline 0.004 -21"><span class='ocrx_word' id='word_1_279' title='bbox 210 2280 361 2326; x_wconf 87' lang='lat' dir='ltr'><strong>totum</strong></span> <span class='ocrx_word' id='word_1_280' title='bbox 391 2273 670 2330; x_wconf 84' lang='lat' dir='ltr'><strong>simulatio</strong></span> <span class='ocrx_word' id='word_1_281' title='bbox 703 2274 840 2339; x_wconf 83' lang='lat' dir='ltr'><strong>fuit,</strong></span> <span class='ocrx_word' id='word_1_282' title='bbox 879 2289 985 2329; x_wconf 90' lang='lat' dir='ltr'><strong>non</strong></span> <span class='ocrx_word' id='word_1_283' title='bbox 1023 2275 1244 2330; x_wconf 83' lang='lat' dir='ltr'><strong>veritas.</strong></span> <span class='ocrx_word' id='word_1_284' title='bbox 1291 2275 1582 2347; x_wconf 89' lang='lat' dir='ltr'><strong>Propterea</strong></span> <span class='ocrx_word' id='word_1_285' title='bbox 1630 2278 1771 2332; x_wconf 89' lang='lat' dir='ltr'><strong>sicut</strong></span> 
     </span>
    </p>
   </div>
   <div class='ocr_carea' id='block_1_40' title="bbox 204 2367 1767 2440">
    <p class='ocr_par' dir='ltr' id='par_1_40' title="bbox 204 2367 1767 2440">
     <span class='ocr_line' id='line_1_40' title="bbox 204 2367 1767 2440; baseline 0.003 -21"><span class='ocrx_word' id='word_1_286' title='bbox 204 2373 399 2421; x_wconf 85' lang='lat' dir='ltr'><strong>sanctus</strong></span> <span class='ocrx_word' id='word_1_287' title='bbox 450 2367 586 2431; x_wconf 88' lang='lat' dir='ltr'><strong>Leo,</strong></span> <span class='ocrx_word' id='word_1_288' title='bbox 640 2368 706 2423; x_wconf 90' lang='lat' dir='ltr'><strong>de</strong></span> <span class='ocrx_word' id='word_1_289' title='bbox 750 2367 836 2422; x_wconf 84' lang='lat' dir='ltr'><strong>his</strong></span> <span class='ocrx_word' id='word_1_290' title='bbox 870 2368 961 2437; x_wconf 90' lang='lat' dir='ltr'><strong>qui</strong></span> <span class='ocrx_word' id='word_1_291' title='bbox 994 2367 1220 2422; x_wconf 77' lang='lat' dir='ltr'><strong>formam</strong></span> <span class='ocrx_word' id='word_1_292' title='bbox 1261 2376 1469 2423; x_wconf 89' lang='lat' dir='ltr'><strong>tantum</strong></span> <span class='ocrx_word' id='word_1_293' title='bbox 1513 2370 1767 2440; x_wconf 88' lang='lat' dir='ltr'><strong>baptismi</strong></span> 
     </span>
    </p>
   </div>
   <div class='ocr_carea' id='block_1_41' title="bbox 204 2457 1770 2529">
    <p class='ocr_par' dir='ltr' id='par_1_41' title="bbox 204 2457 1770 2529">
     <span class='ocr_line' id='line_1_41' title="bbox 204 2457 1770 2529; baseline 0.003 -17"><span class='ocrx_word' id='word_1_294' title='bbox 204 2457 307 2512; x_wconf 85' lang='lat' dir='ltr'><strong>sine</strong></span> <span class='ocrx_word' id='word_1_295' title='bbox 333 2458 777 2513; x_wconf 76' lang='lat' dir='ltr'><strong>sanctificationis</strong></span> <span class='ocrx_word' id='word_1_296' title='bbox 803 2458 1006 2514; x_wconf 84' lang='lat' dir='ltr'><strong>virtute</strong></span> <span class='ocrx_word' id='word_1_297' title='bbox 1031 2468 1412 2529; x_wconf 88' lang='lat' dir='ltr'><strong>susceperunt,</strong></span> <span class='ocrx_word' id='word_1_298' title='bbox 1441 2462 1686 2516; x_wconf 87' lang='lat' dir='ltr'><strong>decernit</strong></span> <span class='ocrx_word' id='word_1_299' title='bbox 1711 2470 1770 2517; x_wconf 91' lang='lat' dir='ltr'><strong>ut</strong></span> 
     </span>
    </p>
   </div>
   <div class='ocr_carea' id='block_1_42' title="bbox 204 2547 1768 2618">
    <p class='ocr_par' dir='ltr' id='par_1_42' title="bbox 204 2547 1768 2618">
     <span class='ocr_line' id='line_1_42' title="bbox 204 2547 1768 2618; baseline 0.004 -18"><span class='ocrx_word' id='word_1_300' title='bbox 204 2547 481 2618; x_wconf 82' lang='lat' dir='ltr'><strong>episcopali</strong></span> <span class='ocrx_word' id='word_1_301' title='bbox 523 2548 948 2605; x_wconf 81' lang='lat' dir='ltr'><strong>conﬁrmatione</strong></span> <span class='ocrx_word' id='word_1_302' title='bbox 998 2548 1322 2605; x_wconf 80' lang='lat' dir='ltr'><strong>ﬁrmentur:</strong></span> <span class='ocrx_word' id='word_1_303' title='bbox 1370 2552 1445 2605; x_wconf 86' lang='lat' dir='ltr'><strong>ita</strong></span> <span class='ocrx_word' id='word_1_304' title='bbox 1500 2552 1616 2606; x_wconf 81' lang='lat' dir='ltr'><strong>haec</strong></span> <span class='ocrx_word' id='word_1_305' title='bbox 1662 2568 1768 2607; x_wconf 92' lang='lat' dir='ltr'><strong>non</strong></span> 
     </span>
    </p>
   </div>
   <div class='ocr_carea' id='block_1_43' title="bbox 205 2641 1768 2714">
    <p class='ocr_par' dir='ltr' id='par_1_43' title="bbox 205 2641 1768 2714">
     <span class='ocr_line' id='line_1_43' title="bbox 205 2641 1768 2714; baseline 0.002 -19"><span class='ocrx_word' id='word_1_306' title='bbox 205 2641 421 2711; x_wconf 83' lang='lat' dir='ltr'><strong>conjugii</strong></span> <span class='ocrx_word' id='word_1_307' title='bbox 450 2642 611 2707; x_wconf 80' lang='lat' dir='ltr'><strong>ﬁdes,</strong></span> <span class='ocrx_word' id='word_1_308' title='bbox 642 2643 736 2698; x_wconf 90' lang='lat' dir='ltr'><strong>sed</strong></span> <span class='ocrx_word' id='word_1_309' title='bbox 764 2641 1127 2713; x_wconf 86' lang='lat' dir='ltr'><strong>cupulationis</strong></span> <span class='ocrx_word' id='word_1_310' title='bbox 1156 2642 1365 2714; x_wconf 89' lang='lat' dir='ltr'><strong>imago,</strong></span> <span class='ocrx_word' id='word_1_311' title='bbox 1400 2642 1768 2699; x_wconf 87' lang='lat' dir='ltr'><strong>ecclesiastica</strong></span> 
     </span>
    </p>
   </div>
   <div class='ocr_carea' id='block_1_44' title="bbox 204 2730 1770 2807">
    <p class='ocr_par' dir='ltr' id='par_1_44' title="bbox 204 2730 1770 2807">
     <span class='ocr_line' id='line_1_44' title="bbox 204 2730 1770 2807; baseline 0.003 -22"><span class='ocrx_word' id='word_1_312' title='bbox 204 2730 458 2790; x_wconf 80' lang='lat' dir='ltr'><strong>iunctione</strong></span> <span class='ocrx_word' id='word_1_313' title='bbox 486 2734 754 2802; x_wconf 82' lang='lat' dir='ltr'><strong>solvatur,</strong></span> <span class='ocrx_word' id='word_1_314' title='bbox 785 2744 842 2791; x_wconf 89' lang='lat' dir='ltr'><strong>et</strong></span> <span class='ocrx_word' id='word_1_315' title='bbox 867 2735 922 2788; x_wconf 90' lang='lat' dir='ltr'><strong>in</strong></span> <span class='ocrx_word' id='word_1_316' title='bbox 951 2749 1018 2790; x_wconf 85' lang='lat' dir='ltr'><strong>eo</strong></span> <span class='ocrx_word' id='word_1_317' title='bbox 1052 2734 1142 2805; x_wconf 90' lang='lat' dir='ltr'><strong>qui</strong></span> <span class='ocrx_word' id='word_1_318' title='bbox 1173 2735 1377 2807; x_wconf 75' lang='lat' dir='ltr'><strong>indiget</strong></span> <span class='ocrx_word' id='word_1_319' title='bbox 1403 2735 1770 2792; x_wconf 85' lang='lat' dir='ltr'><strong>ecclesiastica</strong></span> 
     </span>
    </p>
   </div>
   <div class='ocr_carea' id='block_1_45' title="bbox 204 2824 733 2884">
    <p class='ocr_par' dir='ltr' id='par_1_45' title="bbox 204 2824 733 2884">
     <span class='ocr_line' id='line_1_45' title="bbox 204 2824 733 2884; baseline 0.002 -6"><span class='ocrx_word' id='word_1_320' title='bbox 204 2824 453 2884; x_wconf 71' lang='lat' dir='ltr'><strong>medicina</strong></span> <span class='ocrx_word' id='word_1_321' title='bbox 485 2835 733 2881; x_wconf 83' lang='lat' dir='ltr'><strong>sanetur.</strong></span> 
     </span>
    </p>
   </div>
   <div class='ocr_carea' id='block_1_46' title="bbox 265 2916 1773 2992">
    <p class='ocr_par' dir='ltr' id='par_1_46' title="bbox 265 2916 1773 2992">
     <span class='ocr_line' id='line_1_46' title="bbox 265 2916 1773 2992; baseline 0.002 -20"><span class='ocrx_word' id='word_1_322' title='bbox 265 2916 523 2974; x_wconf 68' lang='lat' dir='ltr'><strong>Caeterum</strong></span> <span class='ocrx_word' id='word_1_323' title='bbox 556 2918 603 2973; x_wconf 89' lang='lat' dir='ltr'><strong>si</strong></span> <span class='ocrx_word' id='word_1_324' title='bbox 631 2920 749 2975; x_wconf 54' lang='lat' dir='ltr'><strong>haec</strong></span> <span class='ocrx_word' id='word_1_325' title='bbox 784 2934 907 2990; x_wconf 79' lang='lat' dir='ltr'><strong>qua:</strong></span> <span class='ocrx_word' id='word_1_326' title='bbox 942 2920 1229 2992; x_wconf 84' lang='lat' dir='ltr'><strong>posuimus</strong></span> <span class='ocrx_word' id='word_1_327' title='bbox 1258 2921 1518 2977; x_wconf 89' lang='lat' dir='ltr'><strong>studiosis</strong></span> <span class='ocrx_word' id='word_1_328' title='bbox 1558 2921 1643 2978; x_wconf 83' lang='lat' dir='ltr'><strong>vel</strong></span> <span class='ocrx_word' id='word_1_329' title='bbox 1679 2937 1773 2978; x_wconf 86' lang='lat' dir='ltr'><strong>cu—</strong></span> 
     </span>
    </p>
   </div>
   <div class='ocr_carea' id='block_1_47' title="bbox 204 3007 1771 3082">
    <p class='ocr_par' dir='ltr' id='par_1_47' title="bbox 204 3007 1771 3082">
     <span class='ocr_line' id='line_1_47' title="bbox 204 3007 1771 3082; baseline 0.006 -21"><span class='ocrx_word' id='word_1_330' title='bbox 204 3007 349 3064; x_wconf 84' lang='lat' dir='ltr'><strong>riosis</strong></span> <span class='ocrx_word' id='word_1_331' title='bbox 374 3025 719 3082; x_wconf 87' lang='lat' dir='ltr'><strong>nequaquam</strong></span> <span class='ocrx_word' id='word_1_332' title='bbox 763 3010 1054 3077; x_wconf 69' lang='lat' dir='ltr'><strong>suﬁiciunt,</strong></span> <span class='ocrx_word' id='word_1_333' title='bbox 1090 3027 1361 3082; x_wconf 89' lang='lat' dir='ltr'><strong>apponere</strong></span> <span class='ocrx_word' id='word_1_334' title='bbox 1401 3014 1579 3068; x_wconf 81' lang='lat' dir='ltr'><strong>adhuc</strong></span> <span class='ocrx_word' id='word_1_335' title='bbox 1607 3014 1771 3071; x_wconf 85' lang='lat' dir='ltr'><strong>etiam</strong></span> 
     </span>
    </p>
   </div>
   <div class='ocr_carea' id='block_1_48' title="bbox 1864 1827 3452 1894">
    <p class='ocr_par' dir='ltr' id='par_1_48' title="bbox 1864 1827 3452 1894">
     <span class='ocr_line' id='line_1_48' title="bbox 1864 1827 3452 1894; baseline -0.001 -9"><span class='ocrx_word' id='word_1_336' title='bbox 1864 1843 2056 1885; x_wconf 86' lang='lat' dir='ltr'><strong>eorum</strong></span> <span class='ocrx_word' id='word_1_337' title='bbox 2084 1827 2353 1882; x_wconf 90' lang='lat' dir='ltr'><strong>moriatur</strong></span> <span class='ocrx_word' id='word_1_338' title='bbox 2380 1829 2698 1894; x_wconf 84' lang='lat' dir='ltr'><strong>manebunt,</strong></span> <span class='ocrx_word' id='word_1_339' title='bbox 2725 1837 2821 1885; x_wconf 80' lang='lat' dir='ltr'><strong>aut</strong></span> <span class='ocrx_word' id='word_1_340' title='bbox 2843 1828 2946 1886; x_wconf 86' lang='lat' dir='ltr'><strong>sibi</strong></span> <span class='ocrx_word' id='word_1_341' title='bbox 2977 1829 3320 1885; x_wconf 88' lang='lat' dir='ltr'><strong>reconciliari</strong></span> <span class='ocrx_word' id='word_1_342' title='bbox 3345 1838 3452 1887; x_wconf 88' lang='lat' dir='ltr'><strong>stu-</strong></span> 
     </span>
    </p>
   </div>
   <div class='ocr_carea' id='block_1_49' title="bbox 1867 1917 3451 1991">
    <p class='ocr_par' dir='ltr' id='par_1_49' title="bbox 1867 1917 3451 1991">
     <span class='ocr_line' id='line_1_49' title="bbox 1867 1917 3451 1991; baseline -0.001 -17"><span class='ocrx_word' id='word_1_343' title='bbox 1867 1918 2089 1975; x_wconf 91' lang='lat' dir='ltr'><strong>debuut.</strong></span> <span class='ocrx_word' id='word_1_344' title='bbox 2131 1917 2522 1974; x_wconf 84' lang='lat' dir='ltr'><strong>Reconciliatio</strong></span> <span class='ocrx_word' id='word_1_345' title='bbox 2566 1928 2744 1975; x_wconf 85' lang='lat' dir='ltr'><strong>autem</strong></span> <span class='ocrx_word' id='word_1_346' title='bbox 2770 1960 2785 1983; x_wconf 89' lang='lat'><strong>,</strong></span> <span class='ocrx_word' id='word_1_347' title='bbox 2816 1927 2940 1991; x_wconf 91' lang='lat' dir='ltr'><strong>post</strong></span> <span class='ocrx_word' id='word_1_348' title='bbox 2972 1920 3355 1990; x_wconf 61' lang='lat' dir='ltr'><strong>paenitentiam</strong></span> <span class='ocrx_word' id='word_1_349' title='bbox 3390 1927 3451 1973; x_wconf 88' lang='lat' dir='ltr'><strong>et</strong></span> 
     </span>
    </p>
   </div>
   <div class='ocr_carea' id='block_1_50' title="bbox 1866 2009 3454 2081">
    <p class='ocr_par' dir='ltr' id='par_1_50' title="bbox 1866 2009 3454 2081">
     <span class='ocr_line' id='line_1_50' title="bbox 1866 2009 3454 2081; baseline -0.001 -15"><span class='ocrx_word' id='word_1_350' title='bbox 1866 2010 2364 2068; x_wconf 87' lang='lat' dir='ltr'><strong>reconciliationem</strong></span> <span class='ocrx_word' id='word_1_351' title='bbox 2386 2009 2777 2067; x_wconf 88' lang='lat' dir='ltr'><strong>sacerdotalem</strong></span> <span class='ocrx_word' id='word_1_352' title='bbox 2803 2010 2921 2081; x_wconf 87' lang='lat' dir='ltr'><strong>ejus</strong></span> <span class='ocrx_word' id='word_1_353' title='bbox 2935 2011 3026 2079; x_wconf 88' lang='lat' dir='ltr'><strong>qui</strong></span> <span class='ocrx_word' id='word_1_354' title='bbox 3049 2010 3317 2081; x_wconf 79' lang='lat' dir='ltr'><strong>peccavit,</strong></span> <span class='ocrx_word' id='word_1_355' title='bbox 3336 2009 3454 2065; x_wconf 77' lang='lat' dir='ltr'><strong>ﬁeri</strong></span> 
     </span>
    </p>
   </div>
   <div class='ocr_carea' id='block_1_51' title="bbox 1868 2102 3459 2175">
    <p class='ocr_par' dir='ltr' id='par_1_51' title="bbox 1868 2102 3459 2175">
     <span class='ocr_line' id='line_1_51' title="bbox 1868 2102 3459 2175; baseline -0.002 -16"><span class='ocrx_word' id='word_1_356' title='bbox 1868 2103 2052 2170; x_wconf 88' lang='lat' dir='ltr'><strong>debet,</strong></span> <span class='ocrx_word' id='word_1_357' title='bbox 2080 2114 2141 2159; x_wconf 90' lang='lat' dir='ltr'><strong>ut</strong></span> <span class='ocrx_word' id='word_1_358' title='bbox 2166 2105 2318 2175; x_wconf 89' lang='lat' dir='ltr'><strong>prius</strong></span> <span class='ocrx_word' id='word_1_359' title='bbox 2346 2104 2667 2160; x_wconf 88' lang='lat' dir='ltr'><strong>restituatur</strong></span> <span class='ocrx_word' id='word_1_360' title='bbox 2706 2102 2963 2159; x_wconf 72' lang='lat' dir='ltr'><strong>Ecclesia:</strong></span> <span class='ocrx_word' id='word_1_361' title='bbox 2999 2111 3365 2167; x_wconf 86' lang='lat' dir='ltr'><strong>sacramento,</strong></span> <span class='ocrx_word' id='word_1_362' title='bbox 3400 2110 3459 2157; x_wconf 85' lang='lat' dir='ltr'><strong>et</strong></span> 
     </span>
    </p>
   </div>
   <div class='ocr_carea' id='block_1_52' title="bbox 1869 2193 3411 2266">
    <p class='ocr_par' dir='ltr' id='par_1_52' title="bbox 1869 2193 3411 2266">
     <span class='ocr_line' id='line_1_52' title="bbox 1869 2193 3411 2266; baseline 0.001 -20"><span class='ocrx_word' id='word_1_363' title='bbox 1869 2202 2058 2263; x_wconf 86' lang='lat' dir='ltr'><strong>postea</strong></span> <span class='ocrx_word' id='word_1_364' title='bbox 2092 2193 2317 2262; x_wconf 90' lang='lat' dir='ltr'><strong>nuptiali</strong></span> <span class='ocrx_word' id='word_1_365' title='bbox 2361 2193 2644 2266; x_wconf 89' lang='lat' dir='ltr'><strong>mysterio.</strong></span> <span class='ocrx_word' id='word_1_366' title='bbox 3405 2200 3411 2217; x_wconf 84' lang='lat'><em>&#39;</em></span> 
     </span>
    </p>
   </div>
   <div class='ocr_carea' id='block_1_53' title="bbox 1942 2282 3462 2356">
    <p class='ocr_par' dir='ltr' id='par_1_53' title="bbox 1942 2282 3462 2356">
     <span class='ocr_line' id='line_1_53' title="bbox 1942 2282 3462 2356; baseline 0 -17"><span class='ocrx_word' id='word_1_367' title='bbox 1942 2284 2010 2339; x_wconf 84' lang='lat' dir='ltr'><strong>Et</strong></span> <span class='ocrx_word' id='word_1_368' title='bbox 2041 2284 2168 2340; x_wconf 86' lang='lat' dir='ltr'><strong>hinc</strong></span> <span class='ocrx_word' id='word_1_369' title='bbox 2218 2294 2438 2341; x_wconf 89' lang='lat' dir='ltr'><strong>sanctus</strong></span> <span class='ocrx_word' id='word_1_370' title='bbox 2477 2284 2811 2356; x_wconf 87' lang='lat' dir='ltr'><strong>Augustinus</strong></span> <span class='ocrx_word' id='word_1_371' title='bbox 2856 2284 2911 2339; x_wconf 91' lang='lat' dir='ltr'><strong>in</strong></span> <span class='ocrx_word' id='word_1_372' title='bbox 2944 2282 3183 2341; x_wconf 86' lang='lat' dir='ltr'><strong>secundo</strong></span> <span class='ocrx_word' id='word_1_373' title='bbox 3216 2284 3359 2339; x_wconf 72' lang='lat' dir='ltr'><strong>“libro</strong></span> <span class='ocrx_word' id='word_1_374' title='bbox 3389 2284 3462 2339; x_wconf 85' lang='lat' dir='ltr'><strong>de</strong></span> 
     </span>
    </p>
   </div>
   <div class='ocr_carea' id='block_1_54' title="bbox 1871 2366 3467 2447">
    <p class='ocr_par' dir='ltr' id='par_1_54' title="bbox 1871 2366 3467 2447">
     <span class='ocr_line' id='line_1_54' title="bbox 1871 2366 3467 2447; baseline 0 -17"><span class='ocrx_word' id='word_1_375' title='bbox 1871 2374 2192 2431; x_wconf 89' lang='lat' dir='ltr'><strong>adulterinis</strong></span> <span class='ocrx_word' id='word_1_376' title='bbox 2212 2374 2491 2447; x_wconf 87' lang='lat' dir='ltr'><strong>Conjugiis</strong></span> <span class='ocrx_word' id='word_1_377' title='bbox 2537 2376 2704 2431; x_wconf 91' lang='lat' dir='ltr'><strong>dicit:</strong></span> <span class='ocrx_word' id='word_1_378' title='bbox 2738 2376 2913 2431; x_wconf 87' lang='lat' dir='ltr'><strong>Licite</strong></span> <span class='ocrx_word' id='word_1_379' title='bbox 2949 2376 3132 2446; x_wconf 88' lang='lat' dir='ltr'><strong>itaque</strong></span> <span class='ocrx_word' id='word_1_380' title='bbox 3162 2366 3467 2432; x_wconf 79' lang='lat' dir='ltr'><strong>dimittitur</strong></span> 
     </span>
    </p>
   </div>
   <div class='ocr_carea' id='block_1_55' title="bbox 1870 2462 3461 2543">
    <p class='ocr_par' dir='ltr' id='par_1_55' title="bbox 1870 2462 3461 2543">
     <span class='ocr_line' id='line_1_55' title="bbox 1870 2462 3461 2543; baseline -0.002 -24"><span class='ocrx_word' id='word_1_381' title='bbox 1870 2463 2066 2533; x_wconf 82' lang='lat' dir='ltr'><strong>conqu</strong></span> <span class='ocrx_word' id='word_1_382' title='bbox 2080 2462 2150 2518; x_wconf 88' lang='lat' dir='ltr'><strong>ob</strong></span> <span class='ocrx_word' id='word_1_383' title='bbox 2181 2479 2402 2519; x_wconf 89' lang='lat' dir='ltr'><strong>causam</strong></span> <span class='ocrx_word' id='word_1_384' title='bbox 2433 2464 2830 2530; x_wconf 77' lang='lat' dir='ltr'><strong>fornicationis,</strong></span> <span class='ocrx_word' id='word_1_385' title='bbox 2860 2464 2954 2520; x_wconf 87' lang='lat' dir='ltr'><strong>sed</strong></span> <span class='ocrx_word' id='word_1_386' title='bbox 2973 2472 3157 2520; x_wconf 90' lang='lat' dir='ltr'><strong>manet</strong></span> <span class='ocrx_word' id='word_1_387' title='bbox 3183 2463 3461 2543; x_wconf 82' lang='lat' dir='ltr'><strong>vinculum</strong></span> 
     </span>
    </p>
   </div>
   <div class='ocr_carea' id='block_1_56' title="bbox 1870 2554 3468 2625">
    <p class='ocr_par' dir='ltr' id='par_1_56' title="bbox 1870 2554 3468 2625">
     <span class='ocr_line' id='line_1_56' title="bbox 1870 2554 3468 2625; baseline 0.002 -19"><span class='ocrx_word' id='word_1_388' title='bbox 1870 2554 2109 2625; x_wconf 83' lang='lat' dir='ltr'><strong>pudoris,</strong></span> <span class='ocrx_word' id='word_1_389' title='bbox 2138 2564 2361 2625; x_wconf 88' lang='lat' dir='ltr'><strong>propter</strong></span> <span class='ocrx_word' id='word_1_390' title='bbox 2388 2555 2531 2625; x_wconf 90' lang='lat' dir='ltr'><strong>quod</strong></span> <span class='ocrx_word' id='word_1_391' title='bbox 2557 2555 2617 2608; x_wconf 87' lang='lat' dir='ltr'><strong>lit</strong></span> <span class='ocrx_word' id='word_1_392' title='bbox 2647 2570 2775 2610; x_wconf 89' lang='lat' dir='ltr'><strong>reus</strong></span> <span class='ocrx_word' id='word_1_393' title='bbox 2804 2555 3468 2625; x_wconf 72' lang='lat' dir='ltr'><strong>aduiteriiquidimissam</strong></span> 
     </span>
    </p>
   </div>
   <div class='ocr_carea' id='block_1_57' title="bbox 1873 2640 3458 2702">
    <p class='ocr_par' dir='ltr' id='par_1_57' title="bbox 1873 2640 3458 2702">
     <span class='ocr_line' id='line_1_57' title="bbox 1873 2640 3458 2702; baseline -0.001 -3"><span class='ocrx_word' id='word_1_394' title='bbox 1873 2645 2088 2699; x_wconf 76' lang='lat' dir='ltr'><strong>duxerit</strong></span> <span class='ocrx_word' id='word_1_395' title='bbox 2126 2645 2290 2701; x_wconf 88' lang='lat' dir='ltr'><strong>etiam</strong></span> <span class='ocrx_word' id='word_1_396' title='bbox 2328 2646 2399 2701; x_wconf 92' lang='lat' dir='ltr'><strong>ob</strong></span> <span class='ocrx_word' id='word_1_397' title='bbox 2434 2645 2577 2701; x_wconf 79' lang='lat' dir='ltr'><strong>hanc</strong></span> <span class='ocrx_word' id='word_1_398' title='bbox 2605 2660 2827 2701; x_wconf 84' lang='lat' dir='ltr'><strong>causam</strong></span> <span class='ocrx_word' id='word_1_399' title='bbox 2859 2646 3261 2702; x_wconf 80' lang='lat' dir='ltr'><strong>fornicationis.</strong></span> <span class='ocrx_word' id='word_1_400' title='bbox 3301 2640 3458 2701; x_wconf 82' lang='lat' dir='ltr'><strong>Sicut</strong></span> 
     </span>
    </p>
   </div>
   <div class='ocr_carea' id='block_1_58' title="bbox 1873 2736 3453 2810">
    <p class='ocr_par' dir='ltr' id='par_1_58' title="bbox 1873 2736 3453 2810">
     <span class='ocr_line' id='line_1_58' title="bbox 1873 2736 3453 2810; baseline 0.001 -19"><span class='ocrx_word' id='word_1_401' title='bbox 1873 2751 2018 2792; x_wconf 77' lang='lat' dir='ltr'><strong>enim</strong></span> <span class='ocrx_word' id='word_1_402' title='bbox 2046 2737 2100 2792; x_wconf 91' lang='lat' dir='ltr'><strong>iu</strong></span> <span class='ocrx_word' id='word_1_403' title='bbox 2145 2751 2205 2793; x_wconf 88' lang='lat' dir='ltr'><strong>se</strong></span> <span class='ocrx_word' id='word_1_404' title='bbox 2234 2746 2863 2793; x_wconf 88' lang='lat' dir='ltr'><strong>manentesacramcnto</strong></span> <span class='ocrx_word' id='word_1_405' title='bbox 2892 2736 3324 2810; x_wconf 84' lang='lat' dir='ltr'><strong>regenerationis</strong></span> <span class='ocrx_word' id='word_1_406' title='bbox 3351 2752 3453 2793; x_wconf 83' lang='lat' dir='ltr'><strong>cx-</strong></span> 
     </span>
    </p>
   </div>
   <div class='ocr_carea' id='block_1_59' title="bbox 1874 2825 3457 2913">
    <p class='ocr_par' dir='ltr' id='par_1_59' title="bbox 1874 2825 3457 2913">
     <span class='ocr_line' id='line_1_59' title="bbox 1874 2825 3457 2913; baseline 0.001 -29"><span class='ocrx_word' id='word_1_407' title='bbox 1874 2829 2305 2886; x_wconf 90' lang='lat' dir='ltr'><strong>communicatus</strong></span> <span class='ocrx_word' id='word_1_408' title='bbox 2346 2828 2663 2901; x_wconf 87' lang='lat' dir='ltr'><strong>cujusquam</strong></span> <span class='ocrx_word' id='word_1_409' title='bbox 2720 2829 2967 2886; x_wconf 88' lang='lat' dir='ltr'><strong>criminis</strong></span> <span class='ocrx_word' id='word_1_410' title='bbox 3004 2845 3163 2903; x_wconf 80' lang='lat' dir='ltr'><strong>reus,</strong></span> <span class='ocrx_word' id='word_1_411' title='bbox 3209 2845 3312 2886; x_wconf 87' lang='lat' dir='ltr'><strong>nec</strong></span> <span class='ocrx_word' id='word_1_412' title='bbox 3364 2825 3457 2913; x_wconf 78' lang='lat' dir='ltr'><strong>illo</strong></span> 
     </span>
    </p>
   </div>
   <div class='ocr_carea' id='block_1_60' title="bbox 1839 2910 3461 2994">
    <p class='ocr_par' dir='ltr' id='par_1_60' title="bbox 1839 2910 3461 2994">
     <span class='ocr_line' id='line_1_60' title="bbox 1839 2910 3461 2994; baseline 0.001 -18"><span class='ocrx_word' id='word_1_413' title='bbox 1839 2926 2220 2977; x_wconf 69' lang='lat' dir='ltr'><strong>sacramento</strong></span> <span class='ocrx_word' id='word_1_414' title='bbox 2267 2932 2450 2988; x_wconf 89' lang='lat' dir='ltr'><strong>caret,</strong></span> <span class='ocrx_word' id='word_1_415' title='bbox 2494 2921 3028 2994; x_wconf 52' lang='lat' dir='ltr'><strong>etiamsi&#39;nunquam</strong></span> <span class='ocrx_word' id='word_1_416' title='bbox 3075 2910 3461 2979; x_wconf 80' lang='lat' dir='ltr'><strong>reconcilietur</strong></span> 
     </span>
    </p>
   </div>
   <div class='ocr_carea' id='block_1_61' title="bbox 1878 2998 3460 3079">
    <p class='ocr_par' dir='ltr' id='par_1_61' title="bbox 1878 2998 3460 3079">
     <span class='ocr_line' id='line_1_61' title="bbox 1878 2998 3460 3079; baseline 0.002 -10"><span class='ocrx_word' id='word_1_417' title='bbox 1878 3015 2135 3079; x_wconf 86' lang='lat' dir='ltr'><strong>Domino;</strong></span> <span class='ocrx_word' id='word_1_418' title='bbox 2175 3015 2247 3069; x_wconf 92' lang='lat' dir='ltr'><strong>ita</strong></span> <span class='ocrx_word' id='word_1_419' title='bbox 2276 3012 2320 3070; x_wconf 90' lang='lat' dir='ltr'><strong>si</strong></span> <span class='ocrx_word' id='word_1_420' title='bbox 2349 3021 2600 3069; x_wconf 90' lang='lat' dir='ltr'><strong>manente</strong></span> <span class='ocrx_word' id='word_1_421' title='bbox 2631 3014 2683 3068; x_wconf 91' lang='lat' dir='ltr'><strong>in</strong></span> <span class='ocrx_word' id='word_1_422' title='bbox 2725 3030 2783 3070; x_wconf 87' lang='lat' dir='ltr'><strong>se</strong></span> <span class='ocrx_word' id='word_1_423' title='bbox 2813 3004 3028 3069; x_wconf 81' lang='lat' dir='ltr'><strong>vinculo</strong></span> <span class='ocrx_word' id='word_1_424' title='bbox 3072 2998 3297 3070; x_wconf 68' lang='lat' dir='ltr'><strong>hederis</strong></span> <span class='ocrx_word' id='word_1_425' title='bbox 3325 3008 3460 3072; x_wconf 80' lang='lat' dir='ltr'><strong>cou-</strong></span> 
     </span>
    </p>
   </div>
   <div class='ocr_carea' id='block_1_62' title="bbox 206 3087 3468 3175">
    <p class='ocr_par' dir='ltr' id='par_1_62' title="bbox 206 3087 3468 3175">
     <span class='ocr_line' id='line_1_62' title="bbox 206 3087 3468 3175; baseline 0.003 -24"><span class='ocrx_word' id='word_1_426' title='bbox 206 3098 298 3153; x_wconf 89' lang='lat' dir='ltr'><strong>alia</strong></span> <span class='ocrx_word' id='word_1_427' title='bbox 327 3103 763 3171; x_wconf 84' lang='lat' dir='ltr'><strong>procurabimus.</strong></span> <span class='ocrx_word' id='word_1_428' title='bbox 802 3103 896 3157; x_wconf 85' lang='lat' dir='ltr'><strong>Ait</strong></span> <span class='ocrx_word' id='word_1_429' title='bbox 932 3103 1078 3157; x_wconf 90' lang='lat' dir='ltr'><strong>enim</strong></span> <span class='ocrx_word' id='word_1_430' title='bbox 1122 3103 1313 3158; x_wconf 87' lang='lat' dir='ltr'><strong>beatus</strong></span> <span class='ocrx_word' id='word_1_431' title='bbox 1353 3103 1687 3175; x_wconf 87' lang='lat' dir='ltr'><strong>Augustinus</strong></span> <span class='ocrx_word' id='word_1_432' title='bbox 1717 3105 1772 3175; x_wconf 91' lang='lat' dir='ltr'><strong>in</strong></span> <span class='ocrx_word' id='word_1_433' title='bbox 1803 3087 1849 3151; x_wconf 84' lang='lat' dir='ltr'><strong>C</strong></span> <span class='ocrx_word' id='word_1_434' title='bbox 1873 3102 2092 3174; x_wconf 87' lang='lat' dir='ltr'><strong>jugalis,</strong></span> <span class='ocrx_word' id='word_1_435' title='bbox 2123 3120 2263 3158; x_wconf 79' lang='lat' dir='ltr'><strong>uxor</strong></span> <span class='ocrx_word' id='word_1_436' title='bbox 2281 3103 2574 3159; x_wconf 92' lang='lat' dir='ltr'><strong>dimittitur</strong></span> <span class='ocrx_word' id='word_1_437' title='bbox 2598 3106 2669 3160; x_wconf 90' lang='lat' dir='ltr'><strong>ob</strong></span> <span class='ocrx_word' id='word_1_438' title='bbox 2692 3118 2913 3160; x_wconf 85' lang='lat' dir='ltr'><strong>causam</strong></span> <span class='ocrx_word' id='word_1_439' title='bbox 2937 3092 3335 3169; x_wconf 21' lang='lat' dir='ltr'><strong>fornicationis),</strong></span> <span class='ocrx_word' id='word_1_440' title='bbox 3360 3118 3468 3162; x_wconf 85' lang='lat' dir='ltr'><strong>nec</strong></span> 
     </span>
    </p>
   </div>
   <div class='ocr_carea' id='block_1_63' title="bbox 207 3188 1771 3264">
    <p class='ocr_par' dir='ltr' id='par_1_63' title="bbox 207 3188 1771 3264">
     <span class='ocr_line' id='line_1_63' title="bbox 207 3188 1771 3264; baseline 0.004 -23"><span class='ocrx_word' id='word_1_441' title='bbox 207 3188 335 3246; x_wconf 87' lang='lat' dir='ltr'><strong>libro</strong></span> <span class='ocrx_word' id='word_1_442' title='bbox 360 3193 427 3248; x_wconf 85' lang='lat' dir='ltr'><strong>de</strong></span> <span class='ocrx_word' id='word_1_443' title='bbox 452 3192 669 3264; x_wconf 83' lang='lat' dir='ltr'><strong>Nuptiis</strong></span> <span class='ocrx_word' id='word_1_444' title='bbox 695 3201 748 3248; x_wconf 91' lang='lat' dir='ltr'><strong>et</strong></span> <span class='ocrx_word' id='word_1_445' title='bbox 772 3191 1223 3263; x_wconf 86' lang='lat' dir='ltr'><strong>Concupiscentia</strong></span> <span class='ocrx_word' id='word_1_446' title='bbox 1253 3210 1268 3247; x_wconf 93' lang='lat'><strong>:</strong></span> <span class='ocrx_word' id='word_1_447' title='bbox 1303 3191 1575 3264; x_wconf 71' lang='lat' dir='ltr'><strong>Relinque!</strong></span> <span class='ocrx_word' id='word_1_448' title='bbox 1597 3194 1771 3258; x_wconf 83' lang='lat' dir='ltr'><strong>homo,</strong></span> 
     </span>
    </p>
   </div>
   <div class='ocr_carea' id='block_1_64' title="bbox 202 3281 1773 3351">
    <p class='ocr_par' dir='ltr' id='par_1_64' title="bbox 202 3281 1773 3351">
     <span class='ocr_line' id='line_1_64' title="bbox 202 3281 1773 3351; baseline 0.004 -18"><span class='ocrx_word' id='word_1_449' title='bbox 202 3281 468 3351; x_wconf 88' lang='lat' dir='ltr'><strong>inquiens,</strong></span> <span class='ocrx_word' id='word_1_450' title='bbox 494 3294 697 3351; x_wconf 81' lang='lat' dir='ltr'><strong>patrem</strong></span> <span class='ocrx_word' id='word_1_451' title='bbox 721 3295 769 3339; x_wconf 81' lang='lat' dir='ltr'><strong>et</strong></span> <span class='ocrx_word' id='word_1_452' title='bbox 797 3293 1042 3348; x_wconf 84' lang='lat' dir='ltr'><strong>matrem,</strong></span> <span class='ocrx_word' id='word_1_453' title='bbox 1072 3292 1119 3337; x_wconf 81' lang='lat' dir='ltr'><strong>et</strong></span> <span class='ocrx_word' id='word_1_454' title='bbox 1150 3282 1437 3338; x_wconf 63' lang='lat' dir='ltr'><strong>adhaerebit</strong></span> <span class='ocrx_word' id='word_1_455' title='bbox 1463 3286 1618 3339; x_wconf 68' lang='lat' dir='ltr'><strong>uxori</strong></span> <span class='ocrx_word' id='word_1_456' title='bbox 1641 3301 1773 3351; x_wconf 65' lang='lat' dir='ltr'><strong>sure,</strong></span> 
     </span>
    </p>
   </div>
   <div class='ocr_carea' id='block_1_65' title="bbox 170 3372 1777 3445">
    <p class='ocr_par' dir='ltr' id='par_1_65' title="bbox 170 3372 1777 3445">
     <span class='ocr_line' id='line_1_65' title="bbox 170 3372 1777 3445; baseline 0.004 -22"><span class='ocrx_word' id='word_1_457' title='bbox 170 3372 177 3375; x_wconf 63' lang='grc'><strong><em>⁷</em></strong></span> <span class='ocrx_word' id='word_1_458' title='bbox 203 3380 245 3423; x_wconf 80' lang='lat' dir='ltr'><strong>et</strong></span> <span class='ocrx_word' id='word_1_459' title='bbox 269 3384 419 3428; x_wconf 79' lang='lat' dir='ltr'><strong>erunt</strong></span> <span class='ocrx_word' id='word_1_460' title='bbox 450 3374 557 3429; x_wconf 82' lang='lat' dir='ltr'><strong>duo</strong></span> <span class='ocrx_word' id='word_1_461' title='bbox 586 3374 639 3429; x_wconf 78' lang='lat' dir='ltr'><strong>in</strong></span> <span class='ocrx_word' id='word_1_462' title='bbox 681 3390 840 3429; x_wconf 82' lang='lat' dir='ltr'><strong>carne</strong></span> <span class='ocrx_word' id='word_1_463' title='bbox 867 3390 973 3428; x_wconf 83' lang='lat' dir='ltr'><strong>una</strong></span> <span class='ocrx_word' id='word_1_464' title='bbox 1002 3372 1164 3443; x_wconf 82' lang='lat' dir='ltr'><strong>(Gen.</strong></span> <span class='ocrx_word' id='word_1_465' title='bbox 1212 3374 1275 3444; x_wconf 86' lang='lat' dir='ltr'><strong>ll)</strong></span> <span class='ocrx_word' id='word_1_466' title='bbox 1300 3388 1316 3427; x_wconf 90' lang='lat'><strong>:</strong></span> <span class='ocrx_word' id='word_1_467' title='bbox 1347 3373 1491 3443; x_wconf 91' lang='lat' dir='ltr'><strong>quod</strong></span> <span class='ocrx_word' id='word_1_468' title='bbox 1527 3391 1777 3445; x_wconf 78' lang='lat' dir='ltr'><strong>magnum</strong></span> 
     </span>
    </p>
   </div>
   <div class='ocr_carea' id='block_1_66' title="bbox 199 3463 1778 3537">
    <p class='ocr_par' dir='ltr' id='par_1_66' title="bbox 199 3463 1778 3537">
     <span class='ocr_line' id='line_1_66' title="bbox 199 3463 1778 3537; baseline 0.003 -22"><span class='ocrx_word' id='word_1_469' title='bbox 199 3475 577 3527; x_wconf 74' lang='lat' dir='ltr'><strong>sacramentum</strong></span> <span class='ocrx_word' id='word_1_470' title='bbox 613 3466 746 3521; x_wconf 88' lang='lat' dir='ltr'><strong>dicit</strong></span> <span class='ocrx_word' id='word_1_471' title='bbox 772 3464 1052 3537; x_wconf 77' lang='lat' dir='ltr'><strong>Apostolus</strong></span> <span class='ocrx_word' id='word_1_472' title='bbox 1092 3465 1149 3519; x_wconf 80' lang='lat' dir='ltr'><strong>in</strong></span> <span class='ocrx_word' id='word_1_473' title='bbox 1184 3463 1391 3519; x_wconf 79' lang='lat' dir='ltr'><strong>Christo</strong></span> <span class='ocrx_word' id='word_1_474' title='bbox 1419 3476 1468 3520; x_wconf 82' lang='lat' dir='ltr'><strong>et</strong></span> <span class='ocrx_word' id='word_1_475' title='bbox 1500 3466 1569 3520; x_wconf 69' lang='lat' dir='ltr'><strong>in</strong></span> <span class='ocrx_word' id='word_1_476' title='bbox 1596 3465 1778 3520; x_wconf 82' lang='lat' dir='ltr'><strong>Eccle-</strong></span> 
     </span>
    </p>
   </div>
   <div class='ocr_carea' id='block_1_67' title="bbox 196 3554 1777 3628">
    <p class='ocr_par' dir='ltr' id='par_1_67' title="bbox 196 3554 1777 3628">
     <span class='ocr_line' id='line_1_67' title="bbox 196 3554 1777 3628; baseline 0.004 -22"><span class='ocrx_word' id='word_1_477' title='bbox 196 3554 267 3606; x_wconf 75' lang='lat' dir='ltr'><strong>sia</strong></span> <span class='ocrx_word' id='word_1_478' title='bbox 294 3554 520 3626; x_wconf 74' lang='lat' dir='ltr'><strong>(Ep/res.</strong></span> <span class='ocrx_word' id='word_1_479' title='bbox 566 3556 643 3628; x_wconf 84' lang='lat' dir='ltr'><strong>v).</strong></span> <span class='ocrx_word' id='word_1_480' title='bbox 672 3557 826 3623; x_wconf 85' lang='lat' dir='ltr'><strong>Quod</strong></span> <span class='ocrx_word' id='word_1_481' title='bbox 863 3564 950 3611; x_wconf 92' lang='lat' dir='ltr'><strong>est</strong></span> <span class='ocrx_word' id='word_1_482' title='bbox 988 3556 1043 3610; x_wconf 91' lang='lat' dir='ltr'><strong>in</strong></span> <span class='ocrx_word' id='word_1_483' title='bbox 1084 3554 1395 3611; x_wconf 77' lang='lat' dir='ltr'><strong>Christoet</strong></span> <span class='ocrx_word' id='word_1_484' title='bbox 1436 3557 1491 3612; x_wconf 91' lang='lat' dir='ltr'><strong>in</strong></span> <span class='ocrx_word' id='word_1_485' title='bbox 1538 3556 1777 3613; x_wconf 81' lang='lat' dir='ltr'><strong>Ecclesia</strong></span> 
     </span>
    </p>
   </div>
   <div class='ocr_carea' id='block_1_68' title="bbox 188 3644 1779 3717">
    <p class='ocr_par' dir='ltr' id='par_1_68' title="bbox 188 3644 1779 3717">
     <span class='ocr_line' id='line_1_68' title="bbox 188 3644 1779 3717; baseline 0.004 -22"><span class='ocrx_word' id='word_1_486' title='bbox 188 3657 461 3715; x_wconf 88' lang='lat' dir='ltr'><strong>magnum,</strong></span> <span class='ocrx_word' id='word_1_487' title='bbox 490 3644 602 3700; x_wconf 81' lang='lat' dir='ltr'><strong>hoc</strong></span> <span class='ocrx_word' id='word_1_488' title='bbox 627 3645 681 3699; x_wconf 92' lang='lat' dir='ltr'><strong>in</strong></span> <span class='ocrx_word' id='word_1_489' title='bbox 706 3646 934 3717; x_wconf 82' lang='lat' dir='ltr'><strong>singulis</strong></span> <span class='ocrx_word' id='word_1_490' title='bbox 964 3645 1269 3715; x_wconf 86' lang='lat' dir='ltr'><strong>quibusque</strong></span> <span class='ocrx_word' id='word_1_491' title='bbox 1294 3646 1428 3701; x_wconf 86' lang='lat' dir='ltr'><strong>viris</strong></span> <span class='ocrx_word' id='word_1_492' title='bbox 1456 3656 1620 3715; x_wconf 88' lang='lat' dir='ltr'><strong>atque</strong></span> <span class='ocrx_word' id='word_1_493' title='bbox 1643 3663 1779 3701; x_wconf 85' lang='lat' dir='ltr'><strong>uxo-</strong></span> 
     </span>
    </p>
   </div>
   <div class='ocr_carea' id='block_1_69' title="bbox 188 3736 1781 3807">
    <p class='ocr_par' dir='ltr' id='par_1_69' title="bbox 188 3736 1781 3807">
     <span class='ocr_line' id='line_1_69' title="bbox 188 3736 1781 3807; baseline 0.001 -19"><span class='ocrx_word' id='word_1_494' title='bbox 188 3736 327 3791; x_wconf 87' lang='lat' dir='ltr'><strong>ribus</strong></span> <span class='ocrx_word' id='word_1_495' title='bbox 368 3737 689 3803; x_wconf 80' lang='lat' dir='ltr'><strong>miuimum,</strong></span> <span class='ocrx_word' id='word_1_496' title='bbox 720 3739 814 3794; x_wconf 90' lang='lat' dir='ltr'><strong>sed</strong></span> <span class='ocrx_word' id='word_1_497' title='bbox 843 3746 1023 3792; x_wconf 89' lang='lat' dir='ltr'><strong>tamen</strong></span> <span class='ocrx_word' id='word_1_498' title='bbox 1064 3737 1465 3807; x_wconf 85' lang='lat' dir='ltr'><strong>conjunctionis</strong></span> <span class='ocrx_word' id='word_1_499' title='bbox 1504 3739 1781 3806; x_wconf 82' lang='lat' dir='ltr'><strong>insepara-</strong></span> 
     </span>
    </p>
   </div>
   <div class='ocr_carea' id='block_1_70' title="bbox 190 3827 771 3885">
    <p class='ocr_par' dir='ltr' id='par_1_70' title="bbox 190 3827 771 3885">
     <span class='ocr_line' id='line_1_70' title="bbox 190 3827 771 3885; baseline 0.002 -1"><span class='ocrx_word' id='word_1_500' title='bbox 190 3827 299 3885; x_wconf 83' lang='lat' dir='ltr'><strong>bilis</strong></span> <span class='ocrx_word' id='word_1_501' title='bbox 333 3839 771 3885; x_wconf 86' lang='lat' dir='ltr'><strong>sacramentum.</strong></span> 
     </span>
    </p>
   </div>
   <div class='ocr_carea' id='block_1_71' title="bbox 250 3920 1774 3992">
    <p class='ocr_par' dir='ltr' id='par_1_71' title="bbox 250 3920 1774 3992">
     <span class='ocr_line' id='line_1_71' title="bbox 250 3920 1774 3992; baseline 0 -18"><span class='ocrx_word' id='word_1_502' title='bbox 250 3922 603 3991; x_wconf 83' lang='lat' dir='ltr'><strong>Quapropter</strong></span> <span class='ocrx_word' id='word_1_503' title='bbox 627 3920 872 3992; x_wconf 89' lang='lat' dir='ltr'><strong>legaliter</strong></span> <span class='ocrx_word' id='word_1_504' title='bbox 897 3929 951 3976; x_wconf 93' lang='lat' dir='ltr'><strong>et</strong></span> <span class='ocrx_word' id='word_1_505' title='bbox 964 3922 1187 3992; x_wconf 90' lang='lat' dir='ltr'><strong>nuptiali</strong></span> <span class='ocrx_word' id='word_1_506' title='bbox 1195 3930 1277 3977; x_wconf 90' lang='lat' dir='ltr'><strong>ter</strong></span> <span class='ocrx_word' id='word_1_507' title='bbox 1290 3922 1531 3992; x_wconf 89' lang='lat' dir='ltr'><strong>copulati</strong></span> <span class='ocrx_word' id='word_1_508' title='bbox 1547 3929 1774 3992; x_wconf 78' lang='lat' dir='ltr'><strong>excepta</strong></span> 
     </span>
    </p>
   </div>
   <div class='ocr_carea' id='block_1_72' title="bbox 192 4012 1778 4083">
    <p class='ocr_par' dir='ltr' id='par_1_72' title="bbox 192 4012 1778 4083">
     <span class='ocr_line' id='line_1_72' title="bbox 192 4012 1778 4083; baseline -0.001 -16"><span class='ocrx_word' id='word_1_509' title='bbox 192 4028 343 4069; x_wconf 84' lang='lat' dir='ltr'><strong>causa</strong></span> <span class='ocrx_word' id='word_1_510' title='bbox 371 4012 785 4080; x_wconf 79' lang='lat' dir='ltr'><strong>fornicationis,</strong></span> <span class='ocrx_word' id='word_1_511' title='bbox 817 4014 1060 4083; x_wconf 85' lang='lat' dir='ltr'><strong>separari</strong></span> <span class='ocrx_word' id='word_1_512' title='bbox 1086 4028 1195 4068; x_wconf 87' lang='lat' dir='ltr'><strong>non</strong></span> <span class='ocrx_word' id='word_1_513' title='bbox 1228 4020 1489 4083; x_wconf 88' lang='lat' dir='ltr'><strong>possunt;</strong></span> <span class='ocrx_word' id='word_1_514' title='bbox 1524 4022 1580 4067; x_wconf 89' lang='lat' dir='ltr'><strong>ct</strong></span> <span class='ocrx_word' id='word_1_515' title='bbox 1613 4027 1778 4068; x_wconf 88' lang='lat' dir='ltr'><strong>causa</strong></span> 
     </span>
    </p>
   </div>
   <div class='ocr_carea' id='block_1_73' title="bbox 198 4104 1780 4177">
    <p class='ocr_par' dir='ltr' id='par_1_73' title="bbox 198 4104 1780 4177">
     <span class='ocr_line' id='line_1_73' title="bbox 198 4104 1780 4177; baseline 0.001 -18"><span class='ocrx_word' id='word_1_516' title='bbox 198 4104 567 4162; x_wconf 70' lang='lat' dir='ltr'><strong>fornicationis</strong></span> <span class='ocrx_word' id='word_1_517' title='bbox 615 4107 887 4177; x_wconf 88' lang='lat' dir='ltr'><strong>separati,</strong></span> <span class='ocrx_word' id='word_1_518' title='bbox 932 4115 1027 4161; x_wconf 90' lang='lat' dir='ltr'><strong>aut</strong></span> <span class='ocrx_word' id='word_1_519' title='bbox 1066 4121 1390 4177; x_wconf 89' lang='lat' dir='ltr'><strong>permanere</strong></span> <span class='ocrx_word' id='word_1_520' title='bbox 1426 4107 1658 4177; x_wconf 81' lang='lat' dir='ltr'><strong>innupti,</strong></span> <span class='ocrx_word' id='word_1_521' title='bbox 1687 4114 1780 4160; x_wconf 79' lang='lat' dir='ltr'><strong>aut</strong></span> 
     </span>
    </p>
   </div>
   <div class='ocr_carea' id='block_1_74' title="bbox 201 4193 1778 4266">
    <p class='ocr_par' dir='ltr' id='par_1_74' title="bbox 201 4193 1778 4266">
     <span class='ocr_line' id='line_1_74' title="bbox 201 4193 1778 4266; baseline 0.001 -19"><span class='ocrx_word' id='word_1_522' title='bbox 201 4204 378 4250; x_wconf 86' lang='lat' dir='ltr'><strong>mutuo</strong></span> <span class='ocrx_word' id='word_1_523' title='bbox 404 4193 606 4251; x_wconf 87' lang='lat' dir='ltr'><strong>debent</strong></span> <span class='ocrx_word' id='word_1_524' title='bbox 633 4196 975 4253; x_wconf 87' lang='lat' dir='ltr'><strong>reconciliari</strong></span> <span class='ocrx_word' id='word_1_525' title='bbox 1008 4236 1023 4260; x_wconf 93' lang='lat'><strong>,</strong></span> <span class='ocrx_word' id='word_1_526' title='bbox 1053 4195 1201 4251; x_wconf 88' lang='lat' dir='ltr'><strong>sicut</strong></span> <span class='ocrx_word' id='word_1_527' title='bbox 1217 4195 1527 4266; x_wconf 79' lang='lat' dir='ltr'><strong>evangeliea</strong></span> <span class='ocrx_word' id='word_1_528' title='bbox 1573 4206 1628 4250; x_wconf 91' lang='lat' dir='ltr'><strong>et</strong></span> <span class='ocrx_word' id='word_1_529' title='bbox 1651 4210 1778 4265; x_wconf 86' lang='lat' dir='ltr'><strong>apo-</strong></span> 
     </span>
    </p>
   </div>
   <div class='ocr_carea' id='block_1_75' title="bbox 202 4282 1777 4357">
    <p class='ocr_par' dir='ltr' id='par_1_75' title="bbox 202 4282 1777 4357">
     <span class='ocr_line' id='line_1_75' title="bbox 202 4282 1777 4357; baseline 0.004 -22"><span class='ocrx_word' id='word_1_530' title='bbox 202 4282 380 4339; x_wconf 87' lang='lat' dir='ltr'><strong>stolica</strong></span> <span class='ocrx_word' id='word_1_531' title='bbox 417 4284 581 4340; x_wconf 87' lang='lat' dir='ltr'><strong>docet</strong></span> <span class='ocrx_word' id='word_1_532' title='bbox 611 4286 930 4352; x_wconf 87' lang='lat' dir='ltr'><strong>auctoritas,</strong></span> <span class='ocrx_word' id='word_1_533' title='bbox 960 4294 1017 4340; x_wconf 87' lang='lat' dir='ltr'><strong>et</strong></span> <span class='ocrx_word' id='word_1_534' title='bbox 1039 4284 1299 4341; x_wconf 71' lang='lat' dir='ltr'><strong>Africana</strong></span> <span class='ocrx_word' id='word_1_535' title='bbox 1326 4286 1567 4357; x_wconf 82' lang='lat' dir='ltr'><strong>synodus</strong></span> <span class='ocrx_word' id='word_1_536' title='bbox 1590 4284 1777 4341; x_wconf 82' lang='lat' dir='ltr'><strong>deﬁni-</strong></span> 
     </span>
    </p>
   </div>
   <div class='ocr_carea' id='block_1_76' title="bbox 204 4375 1777 4449">
    <p class='ocr_par' dir='ltr' id='par_1_76' title="bbox 204 4375 1777 4449">
     <span class='ocr_line' id='line_1_76' title="bbox 204 4375 1777 4449; baseline 0.004 -22"><span class='ocrx_word' id='word_1_537' title='bbox 204 4375 310 4430; x_wconf 85' lang='lat' dir='ltr'><strong>vit:</strong></span> <span class='ocrx_word' id='word_1_538' title='bbox 345 4376 579 4442; x_wconf 86' lang='lat' dir='ltr'><strong>Placuit,</strong></span> <span class='ocrx_word' id='word_1_539' title='bbox 607 4378 882 4449; x_wconf 88' lang='lat' dir='ltr'><strong>inquiens,</strong></span> <span class='ocrx_word' id='word_1_540' title='bbox 912 4387 972 4432; x_wconf 86' lang='lat' dir='ltr'><strong>ut</strong></span> <span class='ocrx_word' id='word_1_541' title='bbox 997 4379 1294 4433; x_wconf 88' lang='lat' dir='ltr'><strong>secundum</strong></span> <span class='ocrx_word' id='word_1_542' title='bbox 1323 4379 1694 4449; x_wconf 85' lang='lat' dir='ltr'><strong>evangelicam</strong></span> <span class='ocrx_word' id='word_1_543' title='bbox 1720 4388 1777 4434; x_wconf 91' lang='lat' dir='ltr'><strong>ct</strong></span> 
     </span>
    </p>
   </div>
   <div class='ocr_carea' id='block_1_77' title="bbox 205 4467 1772 4540">
    <p class='ocr_par' dir='ltr' id='par_1_77' title="bbox 205 4467 1772 4540">
     <span class='ocr_line' id='line_1_77' title="bbox 205 4467 1772 4540; baseline 0.004 -22"><span class='ocrx_word' id='word_1_544' title='bbox 205 4467 543 4535; x_wconf 82' lang='lat' dir='ltr'><strong>apostolicam</strong></span> <span class='ocrx_word' id='word_1_545' title='bbox 568 4467 931 4540; x_wconf 80' lang='lat' dir='ltr'><strong>disciplinam,</strong></span> <span class='ocrx_word' id='word_1_546' title='bbox 971 4483 1148 4538; x_wconf 86' lang='lat' dir='ltr'><strong>neque</strong></span> <span class='ocrx_word' id='word_1_547' title='bbox 1187 4469 1443 4525; x_wconf 90' lang='lat' dir='ltr'><strong>dimissus</strong></span> <span class='ocrx_word' id='word_1_548' title='bbox 1468 4471 1538 4525; x_wconf 91' lang='lat' dir='ltr'><strong>ab</strong></span> <span class='ocrx_word' id='word_1_549' title='bbox 1582 4485 1772 4536; x_wconf 77' lang='lat' dir='ltr'><strong>uxore,</strong></span> 
     </span>
    </p>
   </div>
   <div class='ocr_carea' id='block_1_78' title="bbox 206 4560 1775 4632">
    <p class='ocr_par' dir='ltr' id='par_1_78' title="bbox 206 4560 1775 4632">
     <span class='ocr_line' id='line_1_78' title="bbox 206 4560 1775 4632; baseline 0.002 -19"><span class='ocrx_word' id='word_1_550' title='bbox 206 4571 367 4628; x_wconf 86' lang='lat' dir='ltr'><strong>neque</strong></span> <span class='ocrx_word' id='word_1_551' title='bbox 393 4561 617 4618; x_wconf 84' lang='lat' dir='ltr'><strong>dimissa</strong></span> <span class='ocrx_word' id='word_1_552' title='bbox 644 4579 673 4617; x_wconf 91' lang='lat' dir='ltr'><strong>a</strong></span> <span class='ocrx_word' id='word_1_553' title='bbox 699 4564 931 4627; x_wconf 89' lang='lat' dir='ltr'><strong>marito,</strong></span> <span class='ocrx_word' id='word_1_554' title='bbox 962 4562 1124 4616; x_wconf 90' lang='lat' dir='ltr'><strong>alteri</strong></span> <span class='ocrx_word' id='word_1_555' title='bbox 1153 4560 1543 4632; x_wconf 84' lang='lat' dir='ltr'><strong>conjungatur;</strong></span> <span class='ocrx_word' id='word_1_556' title='bbox 1577 4562 1668 4616; x_wconf 86' lang='lat' dir='ltr'><strong>sed</strong></span> <span class='ocrx_word' id='word_1_557' title='bbox 1701 4562 1775 4616; x_wconf 89' lang='lat' dir='ltr'><strong>ita</strong></span> 
     </span>
    </p>
   </div>
   <div class='ocr_carea' id='block_1_79' title="bbox 210 4651 1775 4719">
    <p class='ocr_par' dir='ltr' id='par_1_79' title="bbox 210 4651 1775 4719">
     <span class='ocr_line' id='line_1_79' title="bbox 210 4651 1775 4719; baseline 0.001 -17"><span class='ocrx_word' id='word_1_558' title='bbox 210 4661 473 4719; x_wconf 77' lang='lat' dir='ltr'><strong>maneant,</strong></span> <span class='ocrx_word' id='word_1_559' title='bbox 507 4664 605 4709; x_wconf 46' lang='lat' dir='ltr'><strong>aut‘</strong></span> <span class='ocrx_word' id='word_1_560' title='bbox 626 4654 847 4710; x_wconf 83' lang='lat' dir='ltr'><strong>sibimet</strong></span> <span class='ocrx_word' id='word_1_561' title='bbox 890 4652 1329 4709; x_wconf 89' lang='lat' dir='ltr'><strong>reconcilientur.</strong></span> <span class='ocrx_word' id='word_1_562' title='bbox 1367 4651 1519 4718; x_wconf 86' lang='lat' dir='ltr'><strong>Quod</strong></span> <span class='ocrx_word' id='word_1_563' title='bbox 1553 4652 1598 4705; x_wconf 91' lang='lat' dir='ltr'><strong>si</strong></span> <span class='ocrx_word' id='word_1_564' title='bbox 1642 4666 1775 4706; x_wconf 76' lang='lat' dir='ltr'><strong>con-</strong></span> 
     </span>
    </p>
   </div>
   <div class='ocr_carea' id='block_1_80' title="bbox 211 4743 1780 4817">
    <p class='ocr_par' dir='ltr' id='par_1_80' title="bbox 211 4743 1780 4817">
     <span class='ocr_line' id='line_1_80' title="bbox 211 4743 1780 4817; baseline 0.001 -22"><span class='ocrx_word' id='word_1_565' title='bbox 211 4747 534 4813; x_wconf 82' lang='lat' dir='ltr'><strong>tempscrint,</strong></span> <span class='ocrx_word' id='word_1_566' title='bbox 552 4747 617 4800; x_wconf 86' lang='lat' dir='ltr'><strong>ad</strong></span> <span class='ocrx_word' id='word_1_567' title='bbox 632 4745 1014 4817; x_wconf 71' lang='lat' dir='ltr'><strong>pmnitentiam</strong></span> <span class='ocrx_word' id='word_1_568' title='bbox 1042 4745 1376 4816; x_wconf 87' lang='lat' dir='ltr'><strong>redigantur.</strong></span> <span class='ocrx_word' id='word_1_569' title='bbox 1407 4744 1474 4797; x_wconf 81' lang='lat' dir='ltr'><strong>Et</strong></span> <span class='ocrx_word' id='word_1_570' title='bbox 1493 4743 1617 4814; x_wconf 82' lang='lat' dir='ltr'><strong>quia</strong></span> <span class='ocrx_word' id='word_1_571' title='bbox 1642 4751 1780 4796; x_wconf 77' lang='lat' dir='ltr'><strong>uxor</strong></span> 
     </span>
    </p>
   </div>
   <div class='ocr_carea' id='block_1_81' title="bbox 211 4835 1781 4901">
    <p class='ocr_par' dir='ltr' id='par_1_81' title="bbox 211 4835 1781 4901">
     <span class='ocr_line' id='line_1_81' title="bbox 211 4835 1781 4901; baseline 0.001 -16"><span class='ocrx_word' id='word_1_572' title='bbox 211 4847 236 4884; x_wconf 89' lang='lat' dir='ltr'><strong>a</strong></span> <span class='ocrx_word' id='word_1_573' title='bbox 265 4837 474 4900; x_wconf 86' lang='lat' dir='ltr'><strong>marito,</strong></span> <span class='ocrx_word' id='word_1_574' title='bbox 502 4837 593 4892; x_wconf 81' lang='lat' dir='ltr'><strong>vel</strong></span> <span class='ocrx_word' id='word_1_575' title='bbox 609 4839 836 4892; x_wconf 81' lang='lat' dir='ltr'><strong>maritus</strong></span> <span class='ocrx_word' id='word_1_576' title='bbox 865 4837 934 4891; x_wconf 87' lang='lat' dir='ltr'><strong>ab</strong></span> <span class='ocrx_word' id='word_1_577' title='bbox 957 4851 1160 4901; x_wconf 83' lang='lat' dir='ltr'><strong>uxore,</strong></span> <span class='ocrx_word' id='word_1_578' title='bbox 1198 4837 1305 4891; x_wconf 85' lang='lat' dir='ltr'><strong>nisi</strong></span> <span class='ocrx_word' id='word_1_579' title='bbox 1340 4851 1502 4890; x_wconf 89' lang='lat' dir='ltr'><strong>causa</strong></span> <span class='ocrx_word' id='word_1_580' title='bbox 1545 4835 1781 4889; x_wconf 71' lang='lat' dir='ltr'><strong>fornica-</strong></span> 
     </span>
    </p>
   </div>
   <div class='ocr_carea' id='block_1_82' title="bbox 215 4923 1780 4996">
    <p class='ocr_par' dir='ltr' id='par_1_82' title="bbox 215 4923 1780 4996">
     <span class='ocr_line' id='line_1_82' title="bbox 215 4923 1780 4996; baseline 0.001 -20"><span class='ocrx_word' id='word_1_581' title='bbox 215 4923 378 4991; x_wconf 87' lang='lat' dir='ltr'><strong>tionis,</strong></span> <span class='ocrx_word' id='word_1_582' title='bbox 423 4944 530 4982; x_wconf 83' lang='lat' dir='ltr'><strong>non</strong></span> <span class='ocrx_word' id='word_1_583' title='bbox 578 4930 719 4984; x_wconf 70' lang='lat' dir='ltr'><strong>valet</strong></span> <span class='ocrx_word' id='word_1_584' title='bbox 764 4943 942 4996; x_wconf 89' lang='lat' dir='ltr'><strong>neque</strong></span> <span class='ocrx_word' id='word_1_585' title='bbox 989 4929 1150 4983; x_wconf 85' lang='lat' dir='ltr'><strong>debet</strong></span> <span class='ocrx_word' id='word_1_586' title='bbox 1194 4926 1503 4992; x_wconf 85' lang='lat' dir='ltr'><strong>discedere,</strong></span> <span class='ocrx_word' id='word_1_587' title='bbox 1559 4943 1625 4982; x_wconf 78' lang='lat' dir='ltr'><strong>ex</strong></span> <span class='ocrx_word' id='word_1_588' title='bbox 1677 4927 1780 4979; x_wconf 85' lang='lat' dir='ltr'><strong>hac</strong></span> 
     </span>
    </p>
   </div>
   <div class='ocr_carea' id='block_1_83' title="bbox 217 5016 1779 5088">
    <p class='ocr_par' dir='ltr' id='par_1_83' title="bbox 217 5016 1779 5088">
     <span class='ocr_line' id='line_1_83' title="bbox 217 5016 1779 5088; baseline 0.003 -22"><span class='ocrx_word' id='word_1_589' title='bbox 217 5017 509 5085; x_wconf 80' lang='lat' dir='ltr'><strong>evangelica</strong></span> <span class='ocrx_word' id='word_1_590' title='bbox 544 5027 599 5073; x_wconf 89' lang='lat' dir='ltr'><strong>et</strong></span> <span class='ocrx_word' id='word_1_591' title='bbox 624 5018 921 5088; x_wconf 78' lang='lat' dir='ltr'><strong>apostolica</strong></span> <span class='ocrx_word' id='word_1_592' title='bbox 950 5016 1192 5073; x_wconf 83' lang='lat' dir='ltr'><strong>doctrina</strong></span> <span class='ocrx_word' id='word_1_593' title='bbox 1223 5018 1414 5072; x_wconf 87' lang='lat' dir='ltr'><strong>beatus</strong></span> <span class='ocrx_word' id='word_1_594' title='bbox 1446 5017 1779 5088; x_wconf 80' lang='lat' dir='ltr'><strong>Augustinus</strong></span> 
     </span>
    </p>
   </div>
   <div class='ocr_carea' id='block_1_84' title="bbox 1880 3184 3467 3271">
    <p class='ocr_par' dir='ltr' id='par_1_84' title="bbox 1880 3184 3467 3271">
     <span class='ocr_line' id='line_1_84' title="bbox 1880 3184 3467 3271; baseline -0.001 -22"><span class='ocrx_word' id='word_1_595' title='bbox 1880 3194 2091 3249; x_wconf 88' lang='lat' dir='ltr'><strong>carebit</strong></span> <span class='ocrx_word' id='word_1_596' title='bbox 2119 3194 2207 3248; x_wconf 86' lang='lat' dir='ltr'><strong>illa</strong></span> <span class='ocrx_word' id='word_1_597' title='bbox 2236 3192 2474 3258; x_wconf 84' lang='lat' dir='ltr'><strong>vinculo,</strong></span> <span class='ocrx_word' id='word_1_598' title='bbox 2513 3192 2745 3249; x_wconf 80' lang='lat' dir='ltr'><strong>ctiamsi&#39;</strong></span> <span class='ocrx_word' id='word_1_599' title='bbox 2768 3208 3046 3264; x_wconf 82' lang='lat' dir='ltr'><strong>nunquam</strong></span> <span class='ocrx_word' id='word_1_600' title='bbox 3078 3184 3467 3271; x_wconf 72' lang='lat' dir='ltr'><strong>reconcilietur</strong></span> 
     </span>
    </p>
   </div>
   <div class='ocr_carea' id='block_1_85' title="bbox 1879 3268 3461 3361">
    <p class='ocr_par' dir='ltr' id='par_1_85' title="bbox 1879 3268 3461 3361">
     <span class='ocr_line' id='line_1_85' title="bbox 1879 3268 3461 3361; baseline 0.002 -25"><span class='ocrx_word' id='word_1_601' title='bbox 1879 3283 2042 3338; x_wconf 87' lang='lat' dir='ltr'><strong>viro:</strong></span> <span class='ocrx_word' id='word_1_602' title='bbox 2079 3283 2289 3338; x_wconf 85' lang='lat' dir='ltr'><strong>carebit</strong></span> <span class='ocrx_word' id='word_1_603' title='bbox 2330 3292 2535 3347; x_wconf 89' lang='lat' dir='ltr'><strong>autem,</strong></span> <span class='ocrx_word' id='word_1_604' title='bbox 2581 3284 2626 3338; x_wconf 88' lang='lat' dir='ltr'><strong>si</strong></span> <span class='ocrx_word' id='word_1_605' title='bbox 2673 3292 2921 3340; x_wconf 83' lang='lat' dir='ltr'><strong>mortuus</strong></span> <span class='ocrx_word' id='word_1_606' title='bbox 2960 3270 3130 3339; x_wconf 71' lang='lat' dir='ltr'><strong>fuerit</strong></span> <span class='ocrx_word' id='word_1_607' title='bbox 3173 3282 3261 3338; x_wconf 88' lang='lat' dir='ltr'><strong>vir</strong></span> <span class='ocrx_word' id='word_1_608' title='bbox 3303 3268 3461 3361; x_wconf 72' lang='lat' dir='ltr'><strong>ejus;</strong></span> 
     </span>
    </p>
   </div>
   <div class='ocr_carea' id='block_1_86' title="bbox 1880 3373 3473 3453">
    <p class='ocr_par' dir='ltr' id='par_1_86' title="bbox 1880 3373 3473 3453">
     <span class='ocr_line' id='line_1_86' title="bbox 1880 3373 3473 3453; baseline 0.001 -24"><span class='ocrx_word' id='word_1_609' title='bbox 1880 3389 2009 3429; x_wconf 88' lang='lat' dir='ltr'><strong>reus</strong></span> <span class='ocrx_word' id='word_1_610' title='bbox 2051 3388 2182 3429; x_wconf 90' lang='lat' dir='ltr'><strong>vero</strong></span> <span class='ocrx_word' id='word_1_611' title='bbox 2226 3373 2731 3430; x_wconf 79' lang='lat' dir='ltr'><strong>excommunicatus</strong></span> <span class='ocrx_word' id='word_1_612' title='bbox 2770 3374 2903 3430; x_wconf 83' lang='lat' dir='ltr'><strong>ideo</strong></span> <span class='ocrx_word' id='word_1_613' title='bbox 2932 3391 3209 3453; x_wconf 85' lang='lat' dir='ltr'><strong>nunquam</strong></span> <span class='ocrx_word' id='word_1_614' title='bbox 3255 3374 3473 3429; x_wconf 63' lang='lat' dir='ltr'><strong>carebit</strong></span> 
     </span>
    </p>
   </div>
   <div class='ocr_carea' id='block_1_87' title="bbox 1880 3450 3464 3539">
    <p class='ocr_par' dir='ltr' id='par_1_87' title="bbox 1880 3450 3464 3539">
     <span class='ocr_line' id='line_1_87' title="bbox 1880 3450 3464 3539; baseline 0 -19"><span class='ocrx_word' id='word_1_615' title='bbox 1880 3465 2309 3539; x_wconf 84' lang='lat' dir='ltr'><strong>regenerationis</strong></span> <span class='ocrx_word' id='word_1_616' title='bbox 2335 3474 2704 3531; x_wconf 88' lang='lat' dir='ltr'><strong>sacramento,</strong></span> <span class='ocrx_word' id='word_1_617' title='bbox 2731 3467 2898 3522; x_wconf 89' lang='lat' dir='ltr'><strong>etiam</strong></span> <span class='ocrx_word' id='word_1_618' title='bbox 2923 3450 3034 3521; x_wconf 87' lang='lat' dir='ltr'><strong>non</strong></span> <span class='ocrx_word' id='word_1_619' title='bbox 3060 3450 3464 3531; x_wconf 77' lang='lat' dir='ltr'><strong>reconciliatus,</strong></span> 
     </span>
    </p>
   </div>
   <div class='ocr_carea' id='block_1_88' title="bbox 1879 3538 3468 3631">
    <p class='ocr_par' dir='ltr' id='par_1_88' title="bbox 1879 3538 3468 3631">
     <span class='ocr_line' id='line_1_88' title="bbox 1879 3538 3468 3631; baseline 0.001 -23"><span class='ocrx_word' id='word_1_620' title='bbox 1879 3555 2135 3631; x_wconf 85' lang='lat' dir='ltr'><strong>quoniam</strong></span> <span class='ocrx_word' id='word_1_621' title='bbox 2188 3571 2471 3625; x_wconf 86' lang='lat' dir='ltr'><strong>nunquam</strong></span> <span class='ocrx_word' id='word_1_622' title='bbox 2510 3556 2746 3610; x_wconf 90' lang='lat' dir='ltr'><strong>moritur</strong></span> <span class='ocrx_word' id='word_1_623' title='bbox 2788 3557 2953 3609; x_wconf 86' lang='lat' dir='ltr'><strong>Deus.</strong></span> <span class='ocrx_word' id='word_1_624' title='bbox 2990 3554 3253 3611; x_wconf 82' lang='lat' dir='ltr'><strong>llemanet</strong></span> <span class='ocrx_word' id='word_1_625' title='bbox 3284 3538 3468 3624; x_wconf 78' lang='lat' dir='ltr'><strong>itaque</strong></span> 
     </span>
    </p>
   </div>
   <div class='ocr_carea' id='block_1_89' title="bbox 1883 3644 3468 3714">
    <p class='ocr_par' dir='ltr' id='par_1_89' title="bbox 1883 3644 3468 3714">
     <span class='ocr_line' id='line_1_89' title="bbox 1883 3644 3468 3714; baseline -0.001 -15"><span class='ocrx_word' id='word_1_626' title='bbox 1883 3654 1962 3711; x_wconf 89' lang='lat' dir='ltr'><strong>ut,</strong></span> <span class='ocrx_word' id='word_1_627' title='bbox 1989 3645 2035 3699; x_wconf 84' lang='lat' dir='ltr'><strong>si</strong></span> <span class='ocrx_word' id='word_1_628' title='bbox 2059 3660 2257 3714; x_wconf 87' lang='lat' dir='ltr'><strong>sapere</strong></span> <span class='ocrx_word' id='word_1_629' title='bbox 2279 3644 2578 3700; x_wconf 85' lang='lat' dir='ltr'><strong>secundum</strong></span> <span class='ocrx_word' id='word_1_630' title='bbox 2606 3644 2921 3714; x_wconf 87' lang='lat' dir='ltr'><strong>Apostolum</strong></span> <span class='ocrx_word' id='word_1_631' title='bbox 2953 3644 3224 3708; x_wconf 84' lang='lat' dir='ltr'><strong>volumus,</strong></span> <span class='ocrx_word' id='word_1_632' title='bbox 3250 3659 3361 3701; x_wconf 88' lang='lat' dir='ltr'><strong>non</strong></span> <span class='ocrx_word' id='word_1_633' title='bbox 3385 3645 3468 3697; x_wconf 88' lang='lat' dir='ltr'><strong>di-</strong></span> 
     </span>
    </p>
   </div>
   <div class='ocr_carea' id='block_1_90' title="bbox 1882 3724 3469 3809">
    <p class='ocr_par' dir='ltr' id='par_1_90' title="bbox 1882 3724 3469 3809">
     <span class='ocr_line' id='line_1_90' title="bbox 1882 3724 3469 3809; baseline 0.003 -22"><span class='ocrx_word' id='word_1_634' title='bbox 1882 3747 2071 3787; x_wconf 80' lang='lat' dir='ltr'><strong>camus</strong></span> <span class='ocrx_word' id='word_1_635' title='bbox 2117 3733 2299 3787; x_wconf 84' lang='lat' dir='ltr'><strong>virum</strong></span> <span class='ocrx_word' id='word_1_636' title='bbox 2341 3732 2660 3786; x_wconf 88' lang='lat' dir='ltr'><strong>adulterum</strong></span> <span class='ocrx_word' id='word_1_637' title='bbox 2693 3750 2798 3808; x_wconf 82' lang='lat' dir='ltr'><strong>pro</strong></span> <span class='ocrx_word' id='word_1_638' title='bbox 2836 3724 3469 3809; x_wconf 58' lang='lat' dir='ltr'><strong>mortuodeputAndum.</strong></span> 
     </span>
    </p>
   </div>
   <div class='ocr_carea' id='block_1_91' title="bbox 1882 3808 3469 3895">
    <p class='ocr_par' dir='ltr' id='par_1_91' title="bbox 1882 3808 3469 3895">
     <span class='ocr_line' id='line_1_91' title="bbox 1882 3808 3469 3895; baseline -0.001 -16"><span class='ocrx_word' id='word_1_639' title='bbox 1882 3831 1941 3879; x_wconf 88' lang='lat' dir='ltr'><strong>et</strong></span> <span class='ocrx_word' id='word_1_640' title='bbox 1969 3823 2091 3878; x_wconf 91' lang='lat' dir='ltr'><strong>ideo</strong></span> <span class='ocrx_word' id='word_1_641' title='bbox 2141 3823 2306 3879; x_wconf 91' lang='lat' dir='ltr'><strong>licere</strong></span> <span class='ocrx_word' id='word_1_642' title='bbox 2349 3838 2578 3879; x_wconf 80' lang='lat' dir='ltr'><strong>uxorem</strong></span> <span class='ocrx_word' id='word_1_643' title='bbox 2605 3824 2722 3895; x_wconf 88' lang='lat' dir='ltr'><strong>ejus</strong></span> <span class='ocrx_word' id='word_1_644' title='bbox 2760 3823 2917 3895; x_wconf 84' lang='lat' dir='ltr'><strong>alteri</strong></span> <span class='ocrx_word' id='word_1_645' title='bbox 2952 3808 3174 3880; x_wconf 80' lang='lat' dir='ltr'><strong>nubere.</strong></span> <span class='ocrx_word' id='word_1_646' title='bbox 3207 3822 3469 3893; x_wconf 73' lang='lat' dir='ltr'><strong>Quamvis</strong></span> 
     </span>
    </p>
   </div>
   <div class='ocr_carea' id='block_1_92' title="bbox 1883 3903 3465 3988">
    <p class='ocr_par' dir='ltr' id='par_1_92' title="bbox 1883 3903 3465 3988">
     <span class='ocr_line' id='line_1_92' title="bbox 1883 3903 3465 3988; baseline 0.002 -17"><span class='ocrx_word' id='word_1_647' title='bbox 1883 3916 2026 3971; x_wconf 87' lang='lat' dir='ltr'><strong>enim</strong></span> <span class='ocrx_word' id='word_1_648' title='bbox 2058 3914 2132 3971; x_wconf 80' lang='lat' dir='ltr'><strong>sit</strong></span> <span class='ocrx_word' id='word_1_649' title='bbox 2156 3931 2305 3973; x_wconf 87' lang='lat' dir='ltr'><strong>mors</strong></span> <span class='ocrx_word' id='word_1_650' title='bbox 2334 3915 2687 3981; x_wconf 82' lang='lat' dir='ltr'><strong>adulterium,</strong></span> <span class='ocrx_word' id='word_1_651' title='bbox 2733 3903 2857 3972; x_wconf 29' lang='lat' dir='ltr'><strong>non.</strong></span> <span class='ocrx_word' id='word_1_652' title='bbox 2892 3917 3156 3988; x_wconf 90' lang='lat' dir='ltr'><strong>corporis,</strong></span> <span class='ocrx_word' id='word_1_653' title='bbox 3186 3916 3282 3972; x_wconf 91' lang='lat' dir='ltr'><strong>sed</strong></span> <span class='ocrx_word' id='word_1_654' title='bbox 3319 3917 3465 3988; x_wconf 89' lang='lat' dir='ltr'><strong>quod</strong></span> 
     </span>
    </p>
   </div>
   <div class='ocr_carea' id='block_1_93' title="bbox 1881 3996 3492 4091">
    <p class='ocr_par' dir='ltr' id='par_1_93' title="bbox 1881 3996 3492 4091">
     <span class='ocr_line' id='line_1_93' title="bbox 1881 3996 3492 4091; baseline -0.001 -30"><span class='ocrx_word' id='word_1_655' title='bbox 1881 4006 2038 4081; x_wconf 82' lang='lat' dir='ltr'><strong>pejus</strong></span> <span class='ocrx_word' id='word_1_656' title='bbox 2067 4013 2174 4072; x_wconf 78' lang='lat' dir='ltr'><strong>est,</strong></span> <span class='ocrx_word' id='word_1_657' title='bbox 2205 4006 2431 4074; x_wconf 66' lang='lat' dir='ltr'><strong>animae;</strong></span> <span class='ocrx_word' id='word_1_658' title='bbox 2462 4022 2569 4062; x_wconf 92' lang='lat' dir='ltr'><strong>non</strong></span> <span class='ocrx_word' id='word_1_659' title='bbox 2599 3996 2781 4064; x_wconf 82' lang='lat' dir='ltr'><strong>tamen</strong></span> <span class='ocrx_word' id='word_1_660' title='bbox 2818 4009 2883 4064; x_wconf 91' lang='lat' dir='ltr'><strong>de</strong></span> <span class='ocrx_word' id='word_1_661' title='bbox 2914 4008 3026 4079; x_wconf 85' lang='lat' dir='ltr'><strong>ipsa</strong></span> <span class='ocrx_word' id='word_1_662' title='bbox 3056 4021 3231 4067; x_wconf 86' lang='lat' dir='ltr'><strong>morte</strong></span> <span class='ocrx_word' id='word_1_663' title='bbox 3270 4004 3492 4091; x_wconf 45' lang='lat' dir='ltr'><strong>quue...</strong></span> 
     </span>
    </p>
   </div>
   <div class='ocr_carea' id='block_1_94' title="bbox 1884 4096 3471 4171">
    <p class='ocr_par' dir='ltr' id='par_1_94' title="bbox 1884 4096 3471 4171">
     <span class='ocr_line' id='line_1_94' title="bbox 1884 4096 3471 4171; baseline 0.003 -18"><span class='ocrx_word' id='word_1_664' title='bbox 1884 4098 2046 4153; x_wconf 85' lang='lat' dir='ltr'><strong>batur</strong></span> <span class='ocrx_word' id='word_1_665' title='bbox 2068 4097 2381 4168; x_wconf 86' lang='lat' dir='ltr'><strong>Apostolus,</strong></span> <span class='ocrx_word' id='word_1_666' title='bbox 2410 4114 2533 4153; x_wconf 87' lang='lat' dir='ltr'><strong>cum</strong></span> <span class='ocrx_word' id='word_1_667' title='bbox 2563 4099 2776 4156; x_wconf 88' lang='lat' dir='ltr'><strong>dicebat</strong></span> <span class='ocrx_word' id='word_1_668' title='bbox 2801 4123 2809 4132; x_wconf 91' lang='lat'><strong>-</strong></span> <span class='ocrx_word' id='word_1_669' title='bbox 2844 4098 2998 4167; x_wconf 73' lang='lat' dir='ltr'><strong>Quod</strong></span> <span class='ocrx_word' id='word_1_670' title='bbox 3027 4100 3073 4156; x_wconf 77' lang='lat' dir='ltr'><strong>si</strong></span> <span class='ocrx_word' id='word_1_671' title='bbox 3102 4098 3338 4155; x_wconf 78' lang='lat' dir='ltr'><strong>mortuus</strong></span> <span class='ocrx_word' id='word_1_672' title='bbox 3360 4096 3471 4171; x_wconf 78' lang='lat' dir='ltr'><strong>fue-</strong></span> 
     </span>
    </p>
   </div>
   <div class='ocr_carea' id='block_1_95' title="bbox 1883 4176 3471 4264">
    <p class='ocr_par' dir='ltr' id='par_1_95' title="bbox 1883 4176 3471 4264">
     <span class='ocr_line' id='line_1_95' title="bbox 1883 4176 3471 4264; baseline 0.006 -22"><span class='ocrx_word' id='word_1_673' title='bbox 1883 4189 1950 4242; x_wconf 80' lang='lat' dir='ltr'><strong>ri!</strong></span> <span class='ocrx_word' id='word_1_674' title='bbox 1981 4189 2059 4243; x_wconf 79' lang='lat' dir='ltr'><strong>vir</strong></span> <span class='ocrx_word' id='word_1_675' title='bbox 2090 4190 2224 4259; x_wconf 75' lang='lat' dir='ltr'><strong>ejus,</strong></span> <span class='ocrx_word' id='word_1_676' title='bbox 2260 4190 2346 4243; x_wconf 80' lang='lat' dir='ltr'><strong>cui</strong></span> <span class='ocrx_word' id='word_1_677' title='bbox 2381 4189 2487 4244; x_wconf 77' lang='lat' dir='ltr'><strong>vult</strong></span> <span class='ocrx_word' id='word_1_678' title='bbox 2525 4191 2687 4253; x_wconf 80' lang='lat' dir='ltr'><strong>nubat</strong></span> <span class='ocrx_word' id='word_1_679' title='bbox 2715 4190 2769 4263; x_wconf 89' lang='grc' dir='ltr'><strong>(Ι</strong></span> <span class='ocrx_word' id='word_1_680' title='bbox 2798 4191 2921 4246; x_wconf 82' lang='lat' dir='ltr'><strong>Cor.</strong></span> <span class='ocrx_word' id='word_1_681' title='bbox 2952 4194 3049 4264; x_wconf 79' lang='lat' dir='ltr'><strong>vu)</strong></span> <span class='ocrx_word' id='word_1_682' title='bbox 3071 4181 3100 4258; x_wconf 22' lang='lat'><strong>;&#39;</strong></span> <span class='ocrx_word' id='word_1_683' title='bbox 3135 4192 3227 4248; x_wconf 90' lang='lat' dir='ltr'><strong>sed</strong></span> <span class='ocrx_word' id='word_1_684' title='bbox 3269 4176 3336 4247; x_wconf 72' lang='lat' dir='ltr'><strong>de</strong></span> <span class='ocrx_word' id='word_1_685' title='bbox 3378 4188 3471 4251; x_wconf 81' lang='lat' dir='ltr'><strong>illa</strong></span> 
     </span>
    </p>
   </div>
   <div class='ocr_carea' id='block_1_96' title="bbox 1876 4268 3469 4356">
    <p class='ocr_par' dir='ltr' id='par_1_96' title="bbox 1876 4268 3469 4356">
     <span class='ocr_line' id='line_1_96' title="bbox 1876 4268 3469 4356; baseline 0 -16"><span class='ocrx_word' id='word_1_686' title='bbox 1876 4284 1995 4340; x_wconf 71' lang='lat' dir='ltr'><strong>&#39;sola</strong></span> <span class='ocrx_word' id='word_1_687' title='bbox 2021 4300 2128 4356; x_wconf 87' lang='lat' dir='ltr'><strong>qua</strong></span> <span class='ocrx_word' id='word_1_688' title='bbox 2156 4283 2225 4338; x_wconf 91' lang='lat' dir='ltr'><strong>de</strong></span> <span class='ocrx_word' id='word_1_689' title='bbox 2247 4300 2477 4355; x_wconf 85' lang='lat' dir='ltr'><strong>corpore</strong></span> <span class='ocrx_word' id='word_1_690' title='bbox 2504 4286 2699 4341; x_wconf 78' lang='lat' dir='ltr'><strong>exitur.</strong></span> <span class='ocrx_word' id='word_1_691' title='bbox 2732 4286 2799 4340; x_wconf 87' lang='lat' dir='ltr'><strong>Et</strong></span> <span class='ocrx_word' id='word_1_692' title='bbox 2831 4284 2957 4340; x_wconf 90' lang='lat' dir='ltr'><strong>item</strong></span> <span class='ocrx_word' id='word_1_693' title='bbox 3001 4286 3059 4349; x_wconf 65' lang='lat' dir='ltr'><strong>in,</strong></span> <span class='ocrx_word' id='word_1_694' title='bbox 3085 4268 3275 4342; x_wconf 79' lang='lat' dir='ltr'><strong>eadem</strong></span> <span class='ocrx_word' id='word_1_695' title='bbox 3299 4272 3469 4347; x_wconf 25' lang='lat' dir='ltr'><strong>:‘Hznc</strong></span> 
     </span>
    </p>
   </div>
   <div class='ocr_carea' id='block_1_97' title="bbox 1883 4358 3468 4459">
    <p class='ocr_par' dir='ltr' id='par_1_97' title="bbox 1883 4358 3468 4459">
     <span class='ocr_line' id='line_1_97' title="bbox 1883 4358 3468 4459; baseline 0.001 -28"><span class='ocrx_word' id='word_1_696' title='bbox 1883 4392 2118 4448; x_wconf 86' lang='lat' dir='ltr'><strong>namque</strong></span> <span class='ocrx_word' id='word_1_697' title='bbox 2141 4377 2378 4446; x_wconf 78' lang='lat' dir='ltr'><strong>alligatio</strong></span> <span class='ocrx_word' id='word_1_698' title='bbox 2408 4378 2845 4448; x_wconf 86' lang='lat' dir='ltr'><strong>quandoquidem</strong></span> <span class='ocrx_word' id='word_1_699' title='bbox 2863 4393 2969 4432; x_wconf 92' lang='lat' dir='ltr'><strong>non</strong></span> <span class='ocrx_word' id='word_1_700' title='bbox 2986 4370 3239 4453; x_wconf 77' lang='lat' dir='ltr'><strong>solvitur,</strong></span> <span class='ocrx_word' id='word_1_701' title='bbox 3258 4358 3468 4459; x_wconf 65' lang='lat' dir='ltr'><strong>ctiam-</strong></span> 
     </span>
    </p>
   </div>
   <div class='ocr_carea' id='block_1_98' title="bbox 1878 4467 3461 4549">
    <p class='ocr_par' dir='ltr' id='par_1_98' title="bbox 1878 4467 3461 4549">
     <span class='ocr_line' id='line_1_98' title="bbox 1878 4467 3461 4549; baseline -0.003 -24"><span class='ocrx_word' id='word_1_702' title='bbox 1878 4473 1922 4526; x_wconf 91' lang='lat' dir='ltr'><strong>si</strong></span> <span class='ocrx_word' id='word_1_703' title='bbox 1955 4486 2052 4541; x_wconf 90' lang='lat' dir='ltr'><strong>per</strong></span> <span class='ocrx_word' id='word_1_704' title='bbox 2081 4471 2360 4538; x_wconf 88' lang='lat' dir='ltr'><strong>repudiqu</strong></span> <span class='ocrx_word' id='word_1_705' title='bbox 2392 4471 2584 4539; x_wconf 78' lang='lat' dir='ltr'><strong>conjux</strong></span> <span class='ocrx_word' id='word_1_706' title='bbox 2625 4486 2654 4523; x_wconf 89' lang='lat' dir='ltr'><strong>a</strong></span> <span class='ocrx_word' id='word_1_707' title='bbox 2685 4480 2833 4532; x_wconf 84' lang='lat' dir='ltr'><strong>casta</strong></span> <span class='ocrx_word' id='word_1_708' title='bbox 2875 4467 3103 4549; x_wconf 81' lang='lat' dir='ltr'><strong>conjuge</strong></span> <span class='ocrx_word' id='word_1_709' title='bbox 3135 4477 3461 4548; x_wconf 72' lang='lat' dir='ltr'><strong>separetur;</strong></span> 
     </span>
    </p>
   </div>
   <div class='ocr_carea' id='block_1_99' title="bbox 1876 4552 3469 4635">
    <p class='ocr_par' dir='ltr' id='par_1_99' title="bbox 1876 4552 3469 4635">
     <span class='ocr_line' id='line_1_99' title="bbox 1876 4552 3469 4635; baseline -0.002 -21"><span class='ocrx_word' id='word_1_710' title='bbox 1876 4554 2050 4614; x_wconf 79' lang='lat' dir='ltr'><strong>multo</strong></span> <span class='ocrx_word' id='word_1_711' title='bbox 2076 4558 2255 4613; x_wconf 88' lang='lat' dir='ltr'><strong>minus</strong></span> <span class='ocrx_word' id='word_1_712' title='bbox 2299 4558 2549 4623; x_wconf 87' lang='lat' dir='ltr'><strong>solvitur,</strong></span> <span class='ocrx_word' id='word_1_713' title='bbox 2600 4558 2645 4612; x_wconf 90' lang='lat' dir='ltr'><strong>si</strong></span> <span class='ocrx_word' id='word_1_714' title='bbox 2692 4573 2799 4613; x_wconf 89' lang='lat' dir='ltr'><strong>non</strong></span> <span class='ocrx_word' id='word_1_715' title='bbox 2845 4568 3093 4629; x_wconf 84' lang='lat' dir='ltr'><strong>separata</strong></span> <span class='ocrx_word' id='word_1_716' title='bbox 3141 4552 3469 4635; x_wconf 73' lang='lat' dir='ltr'><strong>moechatur.</strong></span> 
     </span>
    </p>
   </div>
   <div class='ocr_carea' id='block_1_100' title="bbox 1880 4650 3467 4723">
    <p class='ocr_par' dir='ltr' id='par_1_100' title="bbox 1880 4650 3467 4723">
     <span class='ocr_line' id='line_1_100' title="bbox 1880 4650 3467 4723; baseline -0.002 -15"><span class='ocrx_word' id='word_1_717' title='bbox 1880 4658 1960 4708; x_wconf 89' lang='lat' dir='ltr'><strong>Ac</strong></span> <span class='ocrx_word' id='word_1_718' title='bbox 1986 4667 2085 4721; x_wconf 84' lang='lat' dir='ltr'><strong>per</strong></span> <span class='ocrx_word' id='word_1_719' title='bbox 2115 4652 2219 4706; x_wconf 81' lang='lat' dir='ltr'><strong>hoc</strong></span> <span class='ocrx_word' id='word_1_720' title='bbox 2245 4667 2351 4707; x_wconf 92' lang='lat' dir='ltr'><strong>non</strong></span> <span class='ocrx_word' id='word_1_721' title='bbox 2389 4667 2511 4709; x_wconf 84' lang='lat' dir='ltr'><strong>eam</strong></span> <span class='ocrx_word' id='word_1_722' title='bbox 2542 4651 2703 4708; x_wconf 88' lang='lat' dir='ltr'><strong>solvit</strong></span> <span class='ocrx_word' id='word_1_723' title='bbox 2736 4652 2840 4709; x_wconf 88' lang='lat' dir='ltr'><strong>nisi</strong></span> <span class='ocrx_word' id='word_1_724' title='bbox 2889 4670 3038 4717; x_wconf 83' lang='lat' dir='ltr'><strong>mors</strong></span> <span class='ocrx_word' id='word_1_725' title='bbox 3060 4650 3328 4723; x_wconf 82' lang='lat' dir='ltr'><strong>conjugis,</strong></span> <span class='ocrx_word' id='word_1_726' title='bbox 3356 4666 3467 4709; x_wconf 86' lang='lat' dir='ltr'><strong>non</strong></span> 
     </span>
    </p>
   </div>
   <div class='ocr_carea' id='block_1_101' title="bbox 1882 4738 3468 4814">
    <p class='ocr_par' dir='ltr' id='par_1_101' title="bbox 1882 4738 3468 4814">
     <span class='ocr_line' id='line_1_101' title="bbox 1882 4738 3468 4814; baseline -0.003 -18"><span class='ocrx_word' id='word_1_727' title='bbox 1882 4742 1937 4796; x_wconf 81' lang='lat' dir='ltr'><strong>in</strong></span> <span class='ocrx_word' id='word_1_728' title='bbox 1969 4740 2297 4796; x_wconf 86' lang='lat' dir='ltr'><strong>adulterium</strong></span> <span class='ocrx_word' id='word_1_729' title='bbox 2345 4741 2674 4809; x_wconf 85' lang='lat' dir='ltr'><strong>corruentis,</strong></span> <span class='ocrx_word' id='word_1_730' title='bbox 2704 4743 2799 4796; x_wconf 89' lang='lat' dir='ltr'><strong>sed</strong></span> <span class='ocrx_word' id='word_1_731' title='bbox 2848 4743 2921 4798; x_wconf 92' lang='lat' dir='ltr'><strong>de-</strong></span> <span class='ocrx_word' id='word_1_732' title='bbox 2941 4758 3168 4814; x_wconf 87' lang='lat' dir='ltr'><strong>corpore</strong></span> <span class='ocrx_word' id='word_1_733' title='bbox 3196 4738 3468 4796; x_wconf 85' lang='lat' dir='ltr'><strong>exeuntis.</strong></span> 
     </span>
    </p>
   </div>
   <div class='ocr_carea' id='block_1_102' title="bbox 1880 4830 3470 4902">
    <p class='ocr_par' dir='ltr' id='par_1_102' title="bbox 1880 4830 3470 4902">
     <span class='ocr_line' id='line_1_102' title="bbox 1880 4830 3470 4902; baseline -0.003 -18"><span class='ocrx_word' id='word_1_734' title='bbox 1880 4831 2228 4902; x_wconf 81' lang='lat' dir='ltr'><strong>Quapropter</strong></span> <span class='ocrx_word' id='word_1_735' title='bbox 2247 4831 2291 4886; x_wconf 89' lang='lat' dir='ltr'><strong>si</strong></span> <span class='ocrx_word' id='word_1_736' title='bbox 2321 4833 2611 4887; x_wconf 84' lang='lat' dir='ltr'><strong>recesserit</strong></span> <span class='ocrx_word' id='word_1_737' title='bbox 2646 4831 2844 4887; x_wconf 80' lang='lat' dir='ltr'><strong>mulier</strong></span> <span class='ocrx_word' id='word_1_738' title='bbox 2872 4834 2940 4888; x_wconf 85' lang='lat' dir='ltr'><strong>ab</strong></span> <span class='ocrx_word' id='word_1_739' title='bbox 2966 4832 3209 4888; x_wconf 82' lang='lat' dir='ltr'><strong>adultero</strong></span> <span class='ocrx_word' id='word_1_740' title='bbox 3235 4830 3375 4890; x_wconf 85' lang='lat' dir='ltr'><strong>viro,</strong></span> <span class='ocrx_word' id='word_1_741' title='bbox 3408 4835 3470 4881; x_wconf 83' lang='lat' dir='ltr'><strong>et;</strong></span> 
     </span>
    </p>
   </div>
   <div class='ocr_carea' id='block_1_103' title="bbox 1885 4914 3468 4994">
    <p class='ocr_par' dir='ltr' id='par_1_103' title="bbox 1885 4914 3468 4994">
     <span class='ocr_line' id='line_1_103' title="bbox 1885 4914 3468 4994; baseline -0.008 -15"><span class='ocrx_word' id='word_1_742' title='bbox 1885 4924 1936 4979; x_wconf 89' lang='lat' dir='ltr'><strong>ei</strong></span> <span class='ocrx_word' id='word_1_743' title='bbox 1967 4922 2309 4979; x_wconf 88' lang='lat' dir='ltr'><strong>reconciliari</strong></span> <span class='ocrx_word' id='word_1_744' title='bbox 2349 4917 2625 4990; x_wconf 58' lang='lat' dir='ltr'><strong>non-&#39;vult,</strong></span> <span class='ocrx_word' id='word_1_745' title='bbox 2652 4932 2871 4977; x_wconf 85' lang='lat' dir='ltr'><strong>maneat</strong></span> <span class='ocrx_word' id='word_1_746' title='bbox 2913 4923 3135 4994; x_wconf 90' lang='lat' dir='ltr'><strong>innupta</strong></span> <span class='ocrx_word' id='word_1_747' title='bbox 3172 4939 3185 4974; x_wconf 91' lang='lat'>:</span> <span class='ocrx_word' id='word_1_748' title='bbox 3223 4927 3277 4971; x_wconf 91' lang='lat' dir='ltr'><strong>et</strong></span> <span class='ocrx_word' id='word_1_749' title='bbox 3306 4915 3351 4970; x_wconf 92' lang='lat' dir='ltr'><strong>si</strong></span> <span class='ocrx_word' id='word_1_750' title='bbox 3379 4914 3468 4969; x_wconf 89' lang='lat' dir='ltr'><strong>di-</strong></span> 
     </span>
    </p>
   </div>
   <div class='ocr_carea' id='block_1_104' title="bbox 1884 5002 3482 5078">
    <p class='ocr_par' dir='ltr' id='par_1_104' title="bbox 1884 5002 3482 5078">
     <span class='ocr_line' id='line_1_104' title="bbox 1884 5002 3482 5078; baseline -0.005 -10"><span class='ocrx_word' id='word_1_751' title='bbox 1884 5002 2099 5068; x_wconf 86' lang='lat' dir='ltr'><strong>miserit</strong></span> <span class='ocrx_word' id='word_1_752' title='bbox 2143 5011 2231 5065; x_wconf 84' lang='lat' dir='ltr'><strong>vir</strong></span> <span class='ocrx_word' id='word_1_753' title='bbox 2283 5012 2581 5068; x_wconf 79' lang='lat' dir='ltr'><strong>adulteram</strong></span> <span class='ocrx_word' id='word_1_754' title='bbox 2632 5011 2941 5078; x_wconf 88' lang='lat' dir='ltr'><strong>mulierem,</strong></span> <span class='ocrx_word' id='word_1_755' title='bbox 2986 5020 3041 5067; x_wconf 89' lang='lat' dir='ltr'><strong>et</strong></span> <span class='ocrx_word' id='word_1_756' title='bbox 3061 5025 3179 5066; x_wconf 91' lang='lat' dir='ltr'><strong>eam</strong></span> <span class='ocrx_word' id='word_1_757' title='bbox 3214 5020 3319 5059; x_wconf 92' lang='lat' dir='ltr'><strong>non</strong></span> <span class='ocrx_word' id='word_1_758' title='bbox 3353 5004 3482 5061; x_wconf 69' lang='lat' dir='ltr'><strong>vulta.</strong></span> 
     </span>
    </p>
   </div>
  </div>
