4018 5392
579 303 682 360 M7

1534 286 1866 362 HlNCMARI
1907 301 2304 378 Bll‘EMENSlS
2340 301 2866 364 ARCHIEPISCOPI

3738 304 3841 363 H3

577 429 632 472 et
655 414 823 472 verbo
849 417 1320 484 sanctiﬁcationis,
1345 418 1526 474 omnia
1557 433 1784 488 prorsus
1811 418 1950 473 mala
1980 418 2153 473 homi-
2181 417 2233 477 A
2259 416 2324 473 Et
2353 419 2496 474 sicut
2526 435 2689 490 opera
2716 420 2864 485 bona
2902 419 2969 473 ad
3007 417 3232 474 salutem
3263 426 3524 474 aeternam
3564 433 3674 473 non
3715 434 3841 488 pro-

577 526 708 564 num
765 519 1203 580 regeneratorum
1254 511 1616 576 mundantur,
1669 522 1831 581 atque
1869 519 2152 577 sanantur,

575 613 684 654 non
715 600 884 655 solum
912 609 1157 668 peccata,
1189 615 1309 668 qua)
1337 600 1521 654 omnia
1570 609 1696 655 tuine
1724 602 2075 656 remittuntur
2100 601 2154 655 in

573 693 868 765 baptismo,
896 696 988 750 sed
1013 694 1174 749 etiam
1203 709 1323 762 quas
1343 694 1613 764 posterius
1643 695 1874 749 humana
1905 695 2156 764 ignoran-

576 789 653 852 tia
697 788 782 842 vel
810 787 1124 842 inﬁrmitate
1167 787 1607 841 contrahuntur:
1641 801 1746 840 non
1774 794 1834 838 ut
1865 787 2155 854 baptisma,

574 879 787 949 quoties
817 887 1104 947 peccatur,
1159 879 1322 933 toties
1364 887 1674 947 repetatur,
1725 879 1819 934 sed
1857 879 1984 948 quia
2017 878 2152 949 ipso,

572 970 716 1041 quod
754 967 920 1024 semel
965 970 1145 1036 datur,
1189 971 1248 1024 lit
1295 979 1356 1024 ut
1403 986 1508 1025 non
1551 971 1723 1025 solum
1753 979 1934 1034 antea,
1967 984 2154 1026 verum

570 1063 736 1119 etiam
766 1071 978 1131 postea,
1008 1063 1379 1132 quorumlibet
1412 1072 1760 1134 peccatorum
1790 1062 1948 1116 venia
1981 1060 2152 1116 ﬁdeli.

569 1155 672 1212 bus
688 1155 1019 1223 impetretur.
1037 1154 1173 1220 Quid
1189 1155 1330 1209 enim
1347 1154 1568 1224 prodest
1587 1154 1674 1208 vel
1689 1162 1815 1208 ante
1831 1153 2153 1223 baptismum

568 1243 907 1312 pmnitentia,
935 1243 1037 1298 nisi
1081 1245 1378 1312 haptismus
1428 1253 1782 1312 sequeretur,
1826 1242 1911 1298 vel
1942 1251 2152 1312 postea,

567 1333 675 1388 nisi
703 1334 1068 1402 prazcederct?
1097 1335 1161 1387 Et
1190 1335 1241 1388 in
1272 1336 1500 1404 epistola
1532 1337 1598 1390 ad
1644 1334 1975 1390 Bonifacium
2020 1336 2157 1393 θριξὶν

566 1426 686 1481 bit:
714 1426 830 1480 Non
864 1426 1067 1495 aliquid
1118 1437 1363 1482 remanet
1399 1427 1452 1480 in
1508 1428 1780 1496 baptismo
1803 1467 1818 1490 ,
1873 1427 2016 1495 quod
2046 1441 2152 1480 non

569 1519 878 1574 dimittatur
901 1559 916 1584 ,
963 1520 1359 1588 praeteritorum
1391 1521 1634 1574 omnium
1681 1528 2068 1589 peccatorum,
2107 1517 2153 1574 si

568 1619 752 1666 tamen
801 1612 915 1681 ipse
943 1611 1243 1681 baptismus
1276 1629 1380 1665 non
1430 1611 1629 1667 frustra
1682 1611 1812 1666 foris
1864 1612 2151 1676 habeatur,

567 1702 663 1757 sed
693 1711 786 1757 aut
812 1703 956 1758 intus
977 1703 1152 1765 detur,
1179 1712 1272 1757 aut
1293 1703 1336 1756 si
1367 1703 1499 1758 foris
1525 1705 1707 1767 damr,
1735 1719 1841 1757 non
1875 1702 2007 1757 foris
2028 1719 2150 1759 cum

2259 517 2384 560 sunt
2409 509 2526 562 sine
2558 508 2899 579 baptismatis
2926 517 3268 563 sacramento
3299 526 3312 562 :
3341 517 3394 562 et
3423 524 3533 563 non
3561 518 3650 577 est
3674 511 3843 577 bapti-

2258 618 2433 660 smum
2479 619 2688 668 verum,
2737 604 2864 673 quia
2911 619 3015 658 non
3064 612 3146 658 est
3179 602 3470 658 secundum
3503 601 3838 670 Scripturam

2259 708 2447 758 unum,
2482 693 2532 748 id
2565 705 2669 758 est,
2698 695 2751 748 iu
2781 693 2988 748 unitate
3029 693 3310 748 catholica:
3353 693 3474 747 ﬁdei
3521 693 3772 758 unicum,
3798 694 3843 750 si

2257 785 2522 840 catholico
2554 802 2660 841 non
2709 785 2873 840 fuerit
2903 785 3232 840 celebratum
3274 803 3287 840 :
3325 786 3403 841 sic
3446 795 3504 841 et
3543 785 3842 855 legitimum

2258 887 2316 932 et
2336 891 2524 931 verum
2552 892 2659 932 non
2698 887 2876 947 potest
2901 892 3023 934 esse
3046 877 3374 949 coniugium,
3404 878 3456 933 in
3483 894 3596 948 quo
3625 879 3845 932 docetur

2258 968 2497 1038 nuptiale
2529 985 2632 1023 non
2666 986 2788 1024 esse
2825 969 3162 1041 mysterium,
3195 970 3278 1024 vel
3304 971 3444 1039 quod
3483 986 3592 1026 non
3624 971 3846 1025 docetur

2260 1061 2574 1128 nuptialiter
2613 1061 2944 1130 copulatum.
2985 1059 3137 1136 Unde
3172 1070 3225 1115 et
3255 1061 3512 1116 Dominus
3547 1060 3616 1115 de
3646 1061 3847 1130 nuptiis

2256 1152 2516 1208 Joannem
2552 1153 2822 1208 volentem
2852 1154 3077 1218 nubere,
3104 1165 3164 1208 ut
3190 1155 3407 1208 tradunt
3441 1154 3711 1216 historiae,
3745 1168 3844 1206 non

2256 1251 2380 1311 post
2405 1243 2708 1299 celebratas
2739 1246 2975 1313 nuptias,
3015 1246 3110 1300 sed
3139 1245 3205 1300 de
3236 1245 3458 1314 nuptiis,
3486 1253 3542 1298 et
3578 1252 3708 1298 ante
3734 1259 3847 1296 car-

2255 1335 2341 1388 nis
2371 1334 2788 1402 copulationem,
2822 1337 3066 1390 vocando
3105 1336 3350 1400 retraxit,
3388 1336 3480 1405 qui
3519 1336 3696 1405 legem
3746 1350 3845 1389 non

2255 1425 2490 1500 solvere,
2526 1427 2619 1482 sed
2642 1427 2940 1496 adimplere
2965 1428 3132 1482 venit.
3159 1427 3235 1482 De
3265 1427 3418 1496 cujus
3447 1427 3663 1482 scilicet
3684 1424 3848 1480 Joan—

2258 1517 2342 1571 nis
2369 1517 2548 1571 futura
2578 1533 2768 1582 uxore,
2798 1519 2900 1572 nisi
2924 1533 3046 1573 eum
3074 1518 3351 1584 Dominus,
3383 1535 3490 1572 non
3519 1519 3692 1573 solum
3723 1528 3853 1572 ante

2257 1608 2438 1664 carnis
2481 1609 2758 1674 unionem,
2789 1625 2974 1664 verum
3012 1619 3065 1664 et
3104 1619 3228 1664 ante
3267 1611 3578 1679 nuptiarum
3609 1609 3851 1678 percele—

2256 1695 2585 1762 brationem,
2639 1706 2942 1763 revocaret,
2988 1699 3129 1752 sient
3173 1691 3243 1753 de
3284 1698 3423 1753 beati
3464 1697 3614 1752 Petri
3654 1712 3850 1761 usore,

567 1792 663 1849 illo
707 1803 1068 1850 remaneatur.
1118 1795 1186 1849 Et
1212 1795 1470 1865 quidquid
1501 1794 1568 1850 ab
1596 1796 1697 1860 eis,
1727 1797 1817 1866 qui
1848 1807 1968 1865 post
1997 1811 2151 1852 acce-
2181 1764 2228 1824 Β
2256 1808 2376 1862 qum
2401 1793 2869 1847 continentissime
2898 1792 3284 1860 perseveravit,
3309 1808 3413 1846 non
3442 1791 3642 1860 legitur
3663 1800 3846 1843 utrum

567 1894 720 1956 ptum
766 1885 1090 1955 baptismum
1129 1887 1217 1942 hic
1271 1887 1492 1953 vivunt,
1548 1889 1784 1942 humana
1837 1890 2151 1946 inﬁrmitate

568 1978 910 2033 contrahitur
938 1994 1382 2049 quarumcunque
1407 1979 1946 2050 culparum,propter
1973 1981 2150 2052 ipsum
2191 2043 2194 2046 _

568 2066 847 2123 lavacrum
877 2069 1185 2123 dimittitur.

641 2157 779 2222 Hine
814 2159 1014 2228 liquide
1053 2160 1479 2226 demonstratur,
1519 2161 1642 2230 quia
1694 2161 1836 2216 sicut
1882 2170 1942 2216 ut
1985 2162 2156 2217 semel

570 2258 848 2318 acceptum
876 2249 1124 2317 baptismi
1153 2260 1572 2314 sacramentum,
1600 2267 1708 2320 quo
1727 2251 1953 2322 quisque
1978 2253 2149 2312 fulelis

564 2341 624 2396 in
658 2341 864 2396 unitate
901 2341 1181 2397 catholicae
1212 2341 1468 2398 Ecclesia:
1502 2342 1720 2399 Christo
1751 2344 2148 2414 ineorporatur,

564 2440 754 2502 postea
801 2431 946 2486 nulla
991 2433 1387 2488 interveniente
1433 2448 1593 2488 causa
1635 2435 1902 2490 amittitur
1940 2454 1952 2490 :
1988 2437 2068 2490 sic
2097 2444 2152 2491 et

564 2522 840 2578 vinculum
873 2522 1173 2594 conjugale,
1204 2521 1446 2594 legaliter
1475 2532 1530 2579 et
1562 2523 1872 2593 nuptialiter
1910 2523 2152 2579 celebra-

568 2621 704 2676 tum,
733 2611 1183 2668 indissolubiliter
1211 2621 1395 2668 manet
1421 2628 1724 2668 connexum
1760 2615 1887 2669 licet
1919 2615 2152 2669 fornica-

567 2701 734 2756 tionis
769 2716 932 2756 causa
965 2701 1047 2755 vel
1075 2716 1397 2770 quacunque
1435 2703 1500 2756 de
1526 2718 1690 2758 causa
1716 2703 1961 2757 videatur
1991 2720 2149 2774 sepa-

570 2797 770 2844 ratum.
807 2789 983 2844 Causa
1015 2805 1153 2845 vero
1175 2790 1552 2846 fornicationis
1581 2799 1912 2859 separatum,
1950 2793 1996 2847 si
2032 2802 2154 2864 post

567 2879 947 2949 paenitentiam
984 2879 1148 2936 fuerit
1183 2883 1478 2946 reunitnm,
1522 2898 1627 2939 non
1669 2892 1846 2938 tamen
1887 2884 2012 2940 ideo
2047 2887 2152 2942 erit

567 2967 912 3035 reiteratum,
949 2968 1072 3036 quia
1105 2977 1385 3038 permanet
1426 2986 1612 3024 unum.
1656 2970 1760 3026 Sed
1800 2972 1842 3026 si
1889 2972 1939 3026 in
1977 2973 2151 3027 couti-

568 3058 750 3114 nentia
774 3057 1150 3127 pcenitentiali,
1182 3059 1322 3128 quod
1347 3060 1520 3132 magis
1546 3062 1935 3131 pwnitentibus
1960 3080 2152 3118 conve-

568 3151 668 3213 nit,
700 3163 921 3204 manere
957 3149 1213 3220 coniuges
1243 3165 1351 3204 non
1390 3151 1667 3217 valebunt,
1719 3154 2153 3208 reconciliatione

570 3237 879 3292 medicinall
909 3253 978 3292 ex
1016 3254 1282 3294 consensu
1326 3249 1534 3306 mutuo,
1573 3249 1697 3312 post
1729 3243 2152 3300 ecclesiasticam

568 3328 1082 3392 reconciliationem,
1114 3330 1444 3402 indulgentia
1470 3332 1872 3402 compntabitur
1909 3325 2028 3388 esse
2062 3349 2152 3389 sa-

570 3427 758 3474 natum
793 3436 804 3471 :
838 3419 978 3474 sicut
1029 3434 1130 3474 nec
1185 3420 1550 3491 baptismum,
1604 3423 1814 3492 quoties
1864 3436 2149 3494 peccatur,

570 3509 732 3564 toties
765 3510 1073 3576 reiteratur,
1113 3511 1205 3564 sed
1242 3511 1574 3581 pmnitcntize
1613 3513 2010 3568 medicamento
2059 3530 2154 3584 per

567 3600 1065 3657 reconciliationem
1110 3602 1561 3669 ecclesiasticam,
1599 3621 1704 3659 non
1748 3605 1999 3659 iteratum
2035 3622 2154 3662 crc-

570 3689 735 3756 ditur,
765 3691 860 3745 sed
900 3690 1080 3745 divina
1119 3691 1294 3760 gratia
1330 3701 1635 3760 reparatur.
1679 3693 1934 3764 charari
1972 3705 2151 3760 autem

568 3779 637 3836 de
663 3796 773 3838 non
807 3782 1010 3837 amisso
1036 3797 1102 3837 eo
1137 3785 1299 3839 modo
1339 3785 1554 3852 dicitur,
1589 3786 1732 3842 sicut
1761 3804 1912 3842 mens
1941 3798 1994 3843 et
2028 3805 2150 3850 cor,-

566 3884 668 3938 pus
689 3871 1030 3928 eucharistia':
1056 3875 1403 3946 perceptione
1429 3877 1688 3945 reparari,
1711 3887 1765 3933 et
1785 3880 2156 3937 satisfactione

569 3974 806 4030 congrua
841 3963 1094 4020 renovari
1131 3965 1326 4018 mentis
1353 3974 1552 4022 nostra:
1583 3967 1806 4038 spiritus
1841 3969 2056 4040 legitur.
2087 3972 2156 4026 Et

567 4048 708 4102 sicut
736 4064 855 4117 qua:
881 4060 1007 4104 ante
1033 4051 1383 4119 baptismum,
1421 4056 1503 4110 vel
1539 4066 1662 4127 post
1696 4059 2020 4127 baptismum
2049 4062 2152 4116 hu-

570 4155 729 4193 mana
754 4139 1056 4210 ignorantia
1081 4142 1160 4196 vel
1192 4144 1502 4200 inﬁrmitate
1522 4157 1838 4216 peccantur,
1861 4151 2155 4218 baptisma-

573 4227 643 4284 tis
669 4242 892 4282 munerc
919 4237 1002 4283 est
1031 4239 1090 4284 ut
1117 4231 1294 4302 dignis
1321 4234 1650 4302 paenitentia:
1676 4237 1943 4294 fructibus
1971 4241 2154 4301 remitr

570 4331 755 4376 tantur
787 4337 801 4375 :
831 4323 904 4376 ita
938 4324 1248 4394 nuptiarum
1292 4309 1434 4383 bono
1474 4328 1800 4396 defenditur,
1831 4348 1900 4388 ne
1925 4335 2151 4390 crimina

2254 1883 2306 1938 in
2355 1883 2684 1938 continentia
2725 1883 3007 1947 manserit,
3047 1899 3113 1936 an
3162 1882 3454 1938 secundum
3487 1883 3663 1953 legem
3695 1893 3846 1936 vete-

2253 1988 2391 2039 rem,
2417 1982 2475 2027 nt
2501 1989 2687 2028 semen
2715 1973 2768 2026 in
2795 1973 2956 2028 lsrael
2981 1973 3335 2043 relinqueret,
3358 1973 3446 2027 alii
3473 1970 3612 2026 forte
3637 1973 3846 2027 nubere

2251 2064 2558 2134 delegerit:
2593 2065 2645 2119 in
2685 2063 2839 2133 cujus
2887 2065 3114 2118 arbitrio
3164 2065 3266 2119 hoc
3315 2079 3422 2118 non
3469 2072 3756 2125 maneret,
3804 2063 3844 2116 si

2252 2161 2387 2224 post.
2421 2153 2620 2224 legales
2662 2154 2876 2222 nuptias
2927 2153 3154 2210 fuissent
3202 2152 3519 2222 nuptiah'tcr
3568 2152 3844 2220 copulati;

2254 2259 2354 2302 nec
2377 2243 2568 2300 lumini
2602 2255 2746 2300 esset
2777 2246 2997 2304 licitum,
3031 2244 3325 2298 secundum
3370 2243 3647 2313 Evangelii
3687 2245 3846 2297 docu-

2254 2344 2516 2400 mentum,
2553 2335 2599 2390 si
2628 2336 3032 2404 chpousatam,
3076 2335 3334 2398 dotatam,
3371 2342 3429 2387 et
3473 2332 3704 2401 publicis
3741 2349 3843 2386 nu-

2252 2426 2379 2496 ptiis
2401 2427 2717 2480 honoratam
2747 2426 3008 2487 duxisset,
3038 2425 3202 2480 etiam
3229 2433 3353 2478 ante
3380 2424 3636 2478 unionem
3661 2422 3845 2478 carnis

2255 2517 2578 2586 relinquere,
2611 2517 2654 2571 si
2696 2531 2802 2571 non
2839 2515 3127 2585 delegisset
3166 2530 3234 2570 ex
3272 2529 3539 2571 consensu
3583 2514 3638 2568 in
3671 2515 3844 2568 conti-

2254 2611 2436 2666 nentia
2467 2625 2804 2680 permanere,
2833 2609 2926 2664 sed
2953 2609 3115 2664 aliam
3141 2610 3360 2664 ducere.
3396 2606 3549 2662 Sicut
3581 2623 3687 2661 non
3719 2606 3843 2660 licet

2256 2702 2532 2771 Stephano
2569 2703 2746 2766 istam,
2779 2717 2940 2772 quam
2972 2701 3338 2770 desponsavit,
3383 2700 3615 2763 dolavit,
3653 2707 3710 2752 et
3737 2715 3840 2766 pu-

2254 2793 2408 2850 blicis
2432 2793 2630 2863 nuptiis
2658 2794 2960 2858 honoravit,
2989 2794 3114 2848 licet
3135 2793 3183 2848 ei
3214 2809 3317 2849 non
3341 2792 3411 2848 sit
3438 2793 3652 2854 mistus,
3681 2791 3841 2845 relin—

2254 2905 2441 2959 quere,
2473 2899 2527 2943 et
2551 2889 2710 2942 aliam
2743 2905 2866 2944 cum
2893 2886 3229 2958 pmnitentia,
3255 2886 3340 2941 vel
3367 2886 3484 2941 sine
3515 2885 3846 2954 ptenitentia

2255 2981 2476 3044 ducere,
2510 2979 2612 3034 nisi
2643 2979 2695 3033 in
2731 2979 2887 3033 istius
2917 2978 3205 3033 concubitu
3234 2977 3490 3032 incestale
3515 2976 3722 3030 malum
3751 2991 3842 3044 po-

2259 3071 2442 3124 tuisset
2483 3069 2812 3124 intervenire
2843 3087 2857 3123 :
2887 3067 2981 3123 sed
3024 3077 3117 3121 aut
3161 3082 3226 3123 ex
3272 3081 3536 3121 consensu
3575 3081 3703 3120 cum
3729 3066 3842 3134 ipsa

2257 3161 2310 3216 in
2334 3161 2668 3218 continentia
2698 3159 3004 3229 Stephanus
3032 3166 3394 3228 permaneret,
3423 3165 3518 3212 aut
3545 3157 3594 3211 si
3631 3170 3693 3216 se
3722 3172 3841 3210 con-

2257 3257 2429 3312 tinere
2458 3273 2562 3310 non
2598 3264 2800 3326 posset,
2831 3270 2951 3308 cum
2982 3269 3044 3308 ea
3077 3253 3391 3324 nuptialiter
3413 3251 3704 3322 copulatus
3733 3266 3841 3304 ma-

2254 3355 2427 3401 neret.
2463 3345 2519 3399 Si
2549 3353 2726 3399 autem
2756 3343 2871 3398 sine
2894 3344 3124 3407 incestu,
3151 3359 3274 3398 cum
3302 3343 3404 3397 hoc
3436 3342 3622 3396 debito
3655 3341 3844 3396 ordine

2253 3434 2524 3490 commisti
2576 3432 2775 3496 forent,
2820 3431 2922 3487 nisi
2963 3449 3027 3486 ex
3070 3440 3260 3487 mutuo
3297 3446 3566 3488 consensu
3622 3440 3842 3501 propter

2254 3524 2641 3578 continentiam
2671 3521 2912 3591 separari
2942 3537 3048 3576 non
3081 3531 3332 3592 possent,
3360 3528 3454 3575 ant
3481 3529 3711 3591 propter
3740 3520 3842 3573 for-

2254 3614 2582 3669 nicationem
2625 3612 2884 3681 separati,
2935 3611 3020 3667 vel
3070 3611 3298 3682 innuptii
3345 3626 3714 3680 permanere,
3761 3608 3840 3664 vel

2255 3704 2471 3760 sibimet
2520 3703 2856 3760 reconciliari
2910 3703 3169 3758 deberent
3206 3720 3219 3757 :
3252 3713 3309 3759 et
3358 3703 3402 3757 si
3455 3718 3580 3757 cum
3636 3705 3837 3759 incestu

2255 3797 2484 3850 fuissent
2508 3793 2800 3862 conjuncti,
2831 3793 3174 3863 separatione
3200 3808 3387 3848 eorum
3427 3808 3492 3846 ac
3521 3794 3843 3862 pmnitentia

2255 3888 2577 3942 adulterium
2601 3886 2895 3942 secundum
2920 3885 3296 3942 auctoritatem
3319 3885 3640 3940 canonicam
3665 3885 3840 3940 sanari

2254 3979 2470 4034 deberet
2480 4019 2492 4031 .

2327 4071 2393 4125 Et
2443 4072 2557 4125 lnec
2599 4070 2817 4128 sibimet
2865 4071 2938 4127 ita
2983 4071 3270 4146 concinere
3299 4086 3454 4127 saera
3503 4072 3840 4131 demonstrat

2257 4162 2572 4228 auctoritas,
2611 4162 2796 4218 dicens
2841 4161 2908 4218 de
2941 4161 3110 4218 Maria
3141 4171 3211 4224 ,et
3247 4161 3445 4232 Joseph
3480 4176 3499 4215 :e
3521 4163 3834 4233 Antequam,

2256 4255 2450 4326 inquit,
2504 4255 2834 4309 convenirent
2888 4254 3104 4324 (Matth.
3134 4255 3193 4324 ι),
3252 4254 3304 4309 id
3349 4263 3477 4318 est,
3537 4265 3836 4324 antequam

2257 4347 2568 4416 nuptiarum
2615 4345 2876 4401 solemnia
2921 4345 3026 4402 rite
3066 4345 3425 4401 celebrarent.
3469 4343 3654 4398 Verbo
3697 4345 3838 4398 enim

568 4411 891 4519 habeantur,
917 4416 1133 4519 quaenab
1158 4416 1415 4519 apostolo
1443 4420 1736 4474 secundum
1765 4422 2149 4493 indulgentiam
2179 4457 2230 4519 ι)
2253 4411 2632 4500 conveniendi,
2687 4451 2793 4490 non
2830 4437 3006 4504 ipsum
3041 4437 3416 4500 concubitum,
3457 4435 3552 4492 sed
3595 4436 3834 4505 nuptias,

569 4503 938 4558 conceduntur
963 4521 976 4559 :
1006 4507 1101 4562 illa.
1131 4508 1402 4576 videlicet,
1439 4529 1559 4582 qua:
1580 4517 2012 4586 concupiscentia
2044 4521 2148 4576 im-

565 4592 800 4663 pellente
825 4610 928 4650 non
954 4597 1054 4653 nisi
1085 4599 1403 4672 eonjugibus
1427 4605 1831 4672 conceduntur;
1858 4617 2064 4667 tantum
2092 4621 2154 4667 ut

567 4697 688 4738 cum
720 4685 962 4756 legaliter
990 4692 1173 4760 nuptis
1194 4694 1514 4750 naturaliter
1539 4700 1948 4755 concumbatur.
1977 4703 2148 4759 Natu-

563 4779 754 4863 raliter
795 4790 974 4838 autem
1021 4786 1272 4852 dicimus,
1318 4790 1444 4857 quia
1493 4792 1560 4846 de
1599 4793 1714 4848 Ona
1757 4793 1956 4866 legitur
1992 4798 2145 4868 (Cen.

565 4870 820 4941 xxxviii),
863 4875 1004 4942 quod
1043 4891 1165 4930 cum
1197 4893 1364 4934 uxore
1400 4883 1716 4942 naturaliter
1745 4901 1854 4947 non
1887 4903 2144 4944 concum-

563 4959 697 5014 bens
725 4960 930 5016 interiit
957 4978 1244 5032 percussus
1271 4981 1300 5020 a
1337 4967 1582 5026 Domino.

637 5051 790 5109 Unde
814 5053 1005 5109 beatus
1027 5056 1356 5134 Augustinus
1380 5059 1432 5114 in
1461 5060 1603 5116 libro
1627 5063 1693 5113 de
1722 5063 1864 5118 bono
1885 5067 2146 5134 contugii,

564 5152 613 5176 nl
642 5143 707 5176 t‘n
734 5143 941 5176 Ναπηιῖἶο
971 5155 1017 5176 ΛΟ
1044 5145 1150 5174 ραι-ν-
1169 5164 1185 5168 -
1268 5150 1278 5161 ’

2255 4544 2376 4599 quae
2417 4527 2726 4597 pratcedere
2779 4525 3372 4581 soleutconcumhendi
3424 4533 3659 4595 tempus,
3704 4525 3832 4580 insi-

2251 4625 2402 4680 nuat,
2428 4617 2653 4687 quando
2675 4630 2739 4670 ea
2769 4630 2890 4684 quae
2919 4615 3068 4685 prius
3115 4617 3438 4685 desponsata
3483 4613 3686 4678 fuerat,
3719 4629 3837 4672 esse

2252 4713 2447 4784 eonjux
2473 4711 2691 4780 incepit.
2724 4711 2790 4766 Et
2811 4713 2971 4780 paulo
2990 4720 3113 4782 post
3139 4731 3151 4768 :
3182 4711 3357 4767 Voluit
3387 4713 3592 4768 occulte
3608 4714 3834 4766 dimitte-

2253 4819 2308 4856 re
2334 4819 2451 4856 eam
2487 4802 2686 4873 (ibid.).
2743 4801 2942 4858 Videns
2983 4803 3180 4874 .loseph
3211 4819 3466 4873 sponsam
3511 4806 3834 4872 concepisse

2251 4907 2428 4956 suam,
2461 4908 2624 4961 quam
2672 4894 2810 4948 bene
2845 4905 3068 4949 noverat
3113 4912 3144 4950 a
3176 4896 3325 4951 nullo
3352 4896 3468 4950 viro
3495 4894 3666 4950 fuisse
3689 4903 3832 4948 atta-

2248 4993 2421 5049 ctam,
2449 5000 2575 5039 cum
2609 4986 2970 5056 essetjustus,
2999 4997 3050 5042 et
3069 4989 3216 5058 justo
3249 4989 3431 5044 omnia
3459 4987 3617 5041 vellet
3649 5000 3830 5056 agere,

2250 5075 2513 5130 ontimum
2548 5077 2720 5136 duxit,
2748 5087 2806 5131 ut
2839 5094 3015 5140 neque
3044 5079 3150 5135 hoc
3184 5080 3303 5135 aliis
3333 5079 3610 5143 proderet,
3654 5092 3832 5146 neque
