4018 5392
178 222 277 283 M9

1611 226 1990 285 EPISTOLIE.

3248 216 3428 291 ’σω

238 334 392 390 Unde
419 341 477 389 et
505 335 644 391 sacri
674 352 908 394 canones
952 340 1005 394 in
1035 340 1287 411 capitulo.
1320 342 1371 395 in
1400 355 1509 410 quo
1537 342 1604 395 de
1647 356 1741 410 pa—
1769 337 1820 399 Α
1847 349 2014 405 tuam,
2065 349 2119 395 et
2170 341 2372 412 reliqua
2401 384 2415 409 ,
2478 358 2598 413 qua:
2651 343 2811 400 latius
2848 328 3075 402 ibidem
3144 346 3433 418 prosequi-

171 424 445 489 rentibus,
470 431 566 493 qui
598 426 755 481 ﬁdem
789 430 1227 498 sponsaliti‘orum
1255 430 1531 499 frangunt,
1557 431 1744 486 decer-

171 521 358 571 nentes
380 516 858 583 providentissime
916 527 1221 574 statuerunt
1250 521 1542 592 adiungere
1571 522 1739 593 (conc.

170 600 307 656 Elib.
338 618 385 655 c.
415 601 533 666 54).
566 602 624 659 Si
654 611 855 671 tamen,
880 607 1152 678 inquiunt,
1182 624 1413 678 sponsus
1437 609 1522 663 vel
1548 618 1742 680 sponsa

170 694 222 746 in
264 692 414 762 gravi
445 693 678 749 crimine
704 693 906 750 fuerint
934 698 1280 768 deprehensi,
1314 701 1556 755 excusati
1585 708 1747 756 erunt

169 788 415 854 parentes
464 802 479 838 :
527 786 653 855 quia
680 787 824 855 quod
868 796 1121 858 parentes
1151 791 1274 847 ﬁdei
1319 791 1505 848 fracta:
1532 793 1745 849 debuis«

172 882 293 929 sent
307 874 581 944 iudicium
615 878 916 947 punitiouis
944 880 1235 948 sustinere,
1269 883 1335 937 ad
1374 898 1469 938 eos
1502 882 1614 952 iam
1651 885 1743 955 qui

170 975 477 1021 memorant
510 968 826 1036 pertinebit.
869 968 937 1024 Et
984 979 1045 1024 ut
1075 974 1141 1027 ad
1177 968 1472 1042 superioris
1514 976 1745 1045 exempli

170 1055 400 1111 ordinem
432 1055 747 1124 redeamus,
788 1068 1070 1130 propterea
1113 1063 1394 1118 consilium
1433 1063 1630 1133 Ioseph
1663 1080 1744 1120 re-

168 1154 323 1216 pente
367 1145 605 1201 consilio
651 1147 874 1202 meliore
925 1158 1188 1215 mutatur,
1242 1161 1305 1207 ut
1364 1153 1615 1209 videlicet
1677 1156 1745 1210 ad

168 1235 595 1290 conservandam
650 1234 834 1292 Mariae
884 1237 1107 1305 famam,
1164 1241 1279 1311 ipse
1323 1256 1444 1296 eam
1473 1242 1745 1299 celebrato

180 1324 481 1394 nuptiarum
507 1324 768 1398 coniugio
795 1327 1078 1400 coniugem
1109 1332 1399 1401 acciperet,
1426 1334 1519 1388 sed
1561 1343 1746 1390 castus

174 1423 366 1470 castam
393 1424 664 1486 perpetuo
690 1417 1009 1486 custodiret,
1030 1428 1090 1474 ut
1111 1422 1389 1491 sequitur:
1416 1422 1546 1478 Ηωσ
1571 1434 1744 1477 autent

175 1521 229 1559 eo
251 1506 533 1575 cogitante,
563 1524 679 1561 ecce
704 1508 924 1579 angelus
954 1509 1166 1565 Domini
1191 1512 1245 1566 in
1275 1513 1470 1567 somnis
1504 1515 1746 1584 apparuit

171 1598 215 1649 ei
259 1596 427 1649 dicens
461 1614 474 1650 :
510 1596 729 1668 Ioseph,
754 1597 834 1667 ﬁli
877 1599 1086 1668 David,
1130 1600 1237 1655 noli
1290 1602 1473 1656 timere
1515 1603 1746 1673 accipere

166 1676 389 1741 Illariant
419 1688 699 1760 conjugem
727 1699 874 1744 tuam
903 1690 1120 1763 (Matth.
1149 1692 1190 1765 ι)

172 1792 175 1793 ⁷
237 1777 306 1832 De
350 1777 510 1847 cujus
556 1779 791 1853 coniugii
823 1798 1020 1854 genere
1064 1785 1293 1841 Siricius
1336 1786 1403 1842 ad
1445 1787 1741 1844 llimerium

177 1865 626 1925 Tarraconensem
652 1871 961 1943 episcopum
994 1874 1229 1944 scripsit,
1256 1876 1443 1931 dicens
1473 1878 1610 1948 (cap.
1649 1878 1740 1949 4):

162 1956 244 2010 ile
287 1957 525 2029 coniugii
578 1959 872 2016 violatione
926 1964 1225 2034 requisisti,
1269 1966 1317 2021 si
1363 1965 1745 2037 desponsatam

174 2043 258 2099 alii
288 2046 523 2114 puellam
566 2047 707 2104 alter
748 2050 801 2104 in
831 2052 1241 2108 matrimonium
1272 2054 1444 2124 possit
1477 2057 1741 2125 accipere.

178 2133 280 2192 Hoc
323 2153 394 2194 ne
449 2138 553 2193 fiat
582 2141 758 2197 modis
799 2144 1052 2199 omnibus
1108 2144 1440 2213 inbibemus,
1481 2148 1608 2217 quia
1657 2147 1744 2202 illa

178 2226 490 2297 benedictio,
523 2245 688 2299 quam
720 2241 970 2303 nupturae
1012 2236 1265 2293 sacerdos
1310 2238 1557 2307 imponit,
1604 2240 1746 2309 apud

179 2314 346 2410 ﬁdeles
380 2320 667 2410 cujusdam
693 2322 964 2410 sacrilegii
991 2324 1166 2380 instar
1188 2334 1273 2382 est
1294 2366 1311 2392 ,
1360 2326 1407 2381 si
1429 2326 1537 2381 ulla
1571 2335 1746 2384 trans.

170 2406 434 2475 rgressioue
461 2409 715 2465 violetur.
742 2406 875 2467 Etin
900 2414 1130 2470 concilio
1143 2414 1430 2488 Ancyrano
1455 2417 1636 2488 (comi
1654 2417 1742 2489 0):

168 2494 534 2567 Desponsatas
559 2501 785 2572 puellas,
813 2512 868 2559 et
896 2514 1019 2575 post
1049 2507 1120 2562 ab
1151 2506 1281 2563 aliis
1309 2517 1513 2577 raptas,
1543 2508 1747 2578 placuit

179 2588 304 2652 erui,
328 2599 384 2645 et
405 2592 490 2646 eis
514 2594 686 2659 reddi,
724 2595 922 2666 quibus
960 2590 1095 2653 "ante
1127 2597 1342 2654 fuerant
1380 2600 1743 2670 desponsatas,

180 2676 377 2733 etiamsi
407 2680 489 2736 eis
515 2697 549 2736 a
598 2687 906 2753 raptoribus
927 2688 1010 2743 vis
1052 2688 1198 2744 illata
1265 2693 1592 2749 constiterit.
1616 2694 1747 2761 Quae

180 2781 327 2834 supra
388 2778 581 2826 taxato
634 2775 825 2832 ordine
885 2793 992 2832 non
1046 2781 1207 2835 modo
1254 2796 1498 2851 sponsa,
1558 2798 1745 2840 verum

179 2857 329 2912 etiam
377 2862 538 2930 quasi
568 2854 827 2936 coniuges
859 2866 1039 2934 factae,
1081 2870 1244 2925 etiam
1274 2870 1539 2926 violenter
1565 2887 1749 2928 corru-

162 2951 290 3011 ptas,
319 2947 390 3002 ita
413 2952 637 3020 sponsis
659 2955 939 3025 reddendae
967 2968 1110 3024 sunt,
1145 2958 1463 3016 sicutetiam
1487 2962 1744 3032 separati,

1849 438 1902 484 ltt
1911 446 1952 485 I‘.

1921 521 2039 588 Qua
2060 521 2125 577 de
2154 539 2213 578 re
2247 524 2330 578 his
2354 524 2529 579 edocti
2574 525 2895 580 testimoniis
2934 540 3103 583 sacrae
3133 534 3431 583 auctorita-'

1849 611 1943 677 tis,
1972 612 2284 685 quieunque
2327 615 2704 685 desponsatas,
2753 616 2997 680 dotatae,
3047 616 3279 687 publicis
3329 632 3430 671 nu-

1848 703 1982 773 ptiis
2007 702 2302 760 honoratas
2348 718 2547 761 uxores
2593 706 2873 776 ingenuas,
2901 705 2987 761 vel
3009 707 3078 762 ob
3107 707 3212 762 hoc
3253 705 3429 761 factas

1848 792 2116 864 ingenuas
2164 795 2461 860 duxerint,
2510 804 2604 851 aut
2662 796 2715 850 in
2772 805 3033 866 perpetua
3090 796 3427 851 continentia

1848 872 2127 948 maneant,
2166 892 2258 938 aut
2288 884 2389 938 nisi
2419 884 2521 939 hoc
2571 884 2773 939 crimen
2808 883 3137 949 ineestuale;
3162 883 3247 938 vel
3284 882 3430 937 aliud

1847 972 2127 1040 quodlibet
2171 974 2524 1044 prohibuerit,
2557 974 2699 1044 quod
2749 974 2802 1028 in
2856 990 2915 1031 se
2960 975 3047 1029 vel
3095 988 3280 1030 secum
3321 986 3434 1027 non

1847 1064 2042 1135 recipit
2066 1065 2272 1122 Christi
2299 1075 2356 1121 et
2382 1066 2637 1122 Ecclesia:
2665 1075 3090 1133 sacramentum,
3120 1063 3434 1135 nnptialiter

1846 1160 2075 1224 nubant,
2102 1159 2146 1214 si
2176 1175 2236 1214 se
2275 1174 2339 1213 ex
2369 1175 2639 1215 consensu
2682 1159 2961 1214 continere
3007 1174 3112 1212 non
3154 1164 3429 1228 poterunt,

1849 1257 1905 1304 et
1947 1265 2053 1305 non
2088 1249 2193 1304 nisi
2251 1249 2625 1305 fornicationis
2672 1263 2837 1304 causa
2882 1247 3258 1320 disiungantur
3292 1265 3305 1300 :
3334 1244 3429 1317 qui

1848 1337 2128 1409 disiuncti,
2160 1348 2255 1394 aut
2306 1341 2515 1410 iunupti
2547 1348 2921 1412 permaneant,
2952 1349 3047 1394 aut
3070 1339 3116 1395 si
3146 1339 3430 1395 continere

1848 1444 1955 1485 non
1979 1440 2228 1500 possunt,
2266 1432 2368 1486 sibi
2402 1441 2525 1502 post
2569 1432 2944 1502 paenitentiam
2987 1432 3422 1488 reconcilientur.

1851 1518 1952 1575 Ubi
1994 1530 2193 1585 autem,
2230 1530 2290 1576 ut
2321 1522 2374 1576 in
2424 1522 2685 1593 Stephani
2715 1523 2937 1593 nuptiis,
2976 1521 3273 1592 periculum
3304 1536 3428 1578 cum

1851 1612 2091 1682 periculo
2122 1613 2402 1668 vitandum
2443 1614 2748 1679 emerserit,
2798 1614 2979 1669 minus
3011 1612 3307 1685 periculum
3359 1612 3427 1665 ad

1775 1684 1822 1748 Β
1852 1704 2028 1775 maius
2070 1704 2418 1759 devitandum
2464 1706 2765 1776 periculum
2794 1745 2811 1771 ,
2857 1716 2916 1758 ut
2957 1684 3181 1760 sanctus
3220 1702 3431 1772 Grego‘

1848 1793 1962 1848 rius
1996 1792 2049 1847 in
2096 1793 2251 1848 libris
2293 1793 2450 1848 docet
2492 1794 2806 1862 moralium,
2842 1793 3108 1864 eligatur:
3143 1793 3239 1847 sed
3264 1798 3320 1846 et
3354 1791 3435 1861 ipt-

1848 1898 1966 1938 sum
1997 1884 2141 1952 quod
2179 1882 2398 1954 eligitur
2440 1883 2741 1952 periculum
2800 1897 2906 1938 non
2960 1882 3284 1953 negligatur,
3337 1894 3430 1935 ve-

1848 1987 1968 2027 rum
1997 1972 2172 2042 dignis
2201 1972 2534 2041 pmnitentia
2568 1972 2861 2038 fructibus,
2890 1971 3142 2027 videlicet
3170 1971 3275 2041 piis
3300 1985 3433 2039 ope-

1848 2063 2024 2129 ribus,
2058 2072 2114 2118 et
2140 2062 2379 2133 profusis
2413 2063 2686 2135 lacrymis,
2732 2079 2802 2119 ne
2842 2064 3173 2120 aeternaliter
3212 2063 3429 2134 pericu-

1851 2152 1960 2207 lum
1994 2162 2234 2219 maneat,
2266 2154 2359 2209 sed
2403 2154 2621 2208 salutari
2670 2156 2911 2210 remedio
2940 2163 3300 2225 temperetur,
3334 2160 3437 2206 aut

1846 2241 2063 2311 penitus
2090 2242 2373 2306 evadatur,
2417 2243 2560 2311 apud
2587 2242 2972 2314 omnipotentis
3020 2241 3229 2296 Domini
3260 2241 3435 2295 mise-

1840 2331 2148 2387 ricordiam
2174 2330 2408 2387 obtineri
2433 2332 2607 2387 modis
2635 2332 2888 2387 omnibus
2915 2338 3213 2401 satagatur.

1836 2444 1841 2450 -
1916 2420 2028 2477 Nos
2044 2430 2224 2478 autem
2240 2423 2357 2478 haec
2369 2422 2453 2478 his
2470 2422 3032 2492 ideircointerponere
3055 2418 3431 2475 necessarium

1847 2513 2123 2581 duximus,
2153 2515 2280 2585 quia
2312 2514 2598 2583 quosdam,
2626 2513 2793 2568 etiam
2823 2512 2917 2582 qui
2939 2527 2999 2567 se
3022 2510 3281 2566 doctores
3300 2523 3431 2564 esse

1834 2605 2118 2671 dicebant,
2142 2605 2448 2660 audivimus
2467 2603 2729 2674 pertinaci
2745 2601 3094 2659 contentione
3121 2597 3425 2662 intendere,

1845 2695 2003 2765 quasi
2032 2709 2102 2750 ex
2130 2693 2312 2751 verbis
2330 2694 2475 2750 beati
2502 2690 2800 2756 Ambrosii,
2824 2699 2881 2747 et
2905 2688 3080 2747 sancti
3115 2685 3427 2757 Augustini,

1833 2800 1969 2855 qum
1998 2800 2188 2855 parum
2216 2784 2505 2856 diligenter
2532 2782 2894 2841 intenderant.
2940 2779 3118 2835 virum
3164 2792 3271 2832 non
3313 2775 3428 2830 for.

1846 2874 2157 2941 nicantem,
2203 2882 2259 2930 et
2306 2891 2337 2928 a
2384 2873 2712 2928 fornicatore
2769 2870 2996 2926 muliere
3035 2867 3431 2931 discedentem,

1849 2964 2011 3019 aliam
2044 2963 2131 3019 illa
2161 2965 2378 3019 vivente
2429 2963 2624 3017 ducere
2662 2974 2839 3030 posse,
2880 2966 2939 3014 et
2968 2972 3092 3027 qum
3120 2968 3287 3011 causa
3315 2952 3427 3009 for-

177 3035 281 3091 sive
310 3037 691 3098 fornicationis
734 3060 920 3111 causa,
942 3056 1000 3103 ‘et
1028 3049 1231 3120 absque
1259 3060 1449 3107 mutuo
1475 3067 1744 3109 consensu
1773 3036 1819 3101 C
1849 3054 2144 3111 nicationis
2171 3069 2203 3108 a
2237 3054 2356 3109 viro
2383 3052 2691 3115 recesserit,
2718 3066 2825 3105 non
2852 3063 3012 3120 posse
3040 3043 3377 3103 reconciliari
3407 3062 3427 3099 :

177 3123 424 3195 disiuncti
477 3132 739 3203 coniuges
789 3134 1104 3207 reiungendi
1147 3148 1273 3195 sunt
1316 3159 1330 3195 :
1371 3140 1746 3199 fornicationis

176 3222 348 3270 autem
376 3232 547 3274 causa
600 3222 862 3290 separati,
901 3233 996 3279 aut
1044 3225 1255 3298 iunupti
1300 3231 1616 3298 manebunt,
1652 3241 1746 3287 aut

178 3315 239 3356 ex
285 3321 557 3363 consensu
614 3313 833 3368 sibimet
876 3323 1065 3371 mutuo
1108 3321 1617 3381 reconciliabuntur.
1670 3325 1747 3380 De

180 3396 433 3483 uuptiatis
455 3408 660 3469 autem,
687 3405 790 3460 sed
819 3405 1080 3478 innuptis,
1107 3410 1159 3466 id
1206 3420 1290 3468 est
1335 3412 1401 3468 de
1435 3414 1744 3483 nuptiarum

176 3481 556 3553 celebratione,
610 3490 666 3546 in
698 3493 896 3559 quibus
947 3500 1125 3553 arrba:
1186 3481 1578 3568 sponsaliorum
1614 3543 1629 3567 ,
1692 3511 1742 3557 et

174 3573 480 3633 benedictio
523 3586 891 3652 sacerdotalis,
941 3596 998 3643 et
1043 3590 1338 3648 dotatiouis
1384 3593 1746 3661 conﬁrmatio,

159 3667 308 3724 ‘eth
318 3671 442 3725 risti
469 3680 630 3743 atque
652 3676 911 3734 Ecclesiae
932 3682 1251 3751 mysterium
1276 3684 1342 3738 ad
1370 3685 1746 3756 completionis

173 3758 560 3825 perfectionem
601 3767 873 3839 dirigitur,
910 3771 1004 3825 sed
1039 3786 1145 3826 non
1173 3772 1353 3829 carnis
1384 3776 1580 3831 unione
1601 3792 1747 3834 com-

174 3848 361 3917 pletur,
386 3854 484 3909 sed
506 3858 793 3913 consilium
819 3860 1041 3927 bonum,
1064 3871 1125 3916 ut
1143 3862 1211 3918 de
1233 3861 1433 3934 Ioseph
1473 3865 1732 3936 diximus,

182 3945 402 4000 consilio
427 3949 650 4004 meliore
673 3957 933 4017 mutatur,
971 3961 1030 4006 ut
1058 3952 1113 4008 in
1133 3953 1463 4010 continentia
1487 3965 1749 4028 perpetuo

180 4046 474 4102 maneatur,
506 4039 702 4095 ibidem
751 4041 947 4096 iterum
994 4042 1255 4112 scriptum
1282 4052 1365 4098 est
1395 4061 1411 4098 :
1443 4043 1746 4116 Exsurgens

185 4132 349 4178 autem
380 4126 571 4197 Ioseph
601 4147 634 4183 α
661 4146 862 4194 somno,
915 4130 1038 4200 fecit
1065 4133 1200 4186 sicut
1222 4134 1272 4188 ei
1311 4145 1623 4204 praeceperat
1650 4152 1746 4191 an-

168 4211 315 4278 gelus
352 4214 582 4281 Domini,
608 4228 656 4273 et
704 4221 900 4290 accepit
925 4221 1201 4293 conjugem
1230 4240 1408 4291 suam,
1435 4234 1484 4279 et
1519 4241 1627 4280 non
1653 4241 1743 4280 ca-

170 4307 445 4369 ~gnoscebat
475 4327 590 4364 eam
619 4309 835 4380 (Matth.
868 4314 931 4384 ι).
956 4312 1185 4383 Accepit
1213 4323 1394 4369 autem
1438 4315 1508 4370 ad
1545 4329 1740 4371 nomen

189 4392 433 4466 coniugis,
467 4398 538 4453 ob
564 4414 761 4456 causas
787 4403 1126 4458 necessarias
1152 4417 1275 4473 quae
1313 4412 1446 4459 tunc
1493 4402 1765 4459 immine—'

189 4480 340 4552 bant;
369 4498 550 4545 etnon
594 4491 952 4560 cognoscebat
1001 4505 1122 4546 eam
1166 4493 1413 4562 ad'opus
1438 4493 1743 4563 coniugale,

175 4575 276 4630 sed
310 4589 531 4650 uterque
558 4580 613 4635 in
640 4580 972 4636 continentia
999 4585 1406 4653 permanebant.

252 4664 393 4732 Quod
431 4679 484 4726 et
524 4670 726 4726 Paulus
751 4670 979 4726 licenter
1029 4673 1145 4728 fieri
1197 4687 1355 4742 posse
1396 4674 1450 4729 in
1501 4673 1740 4746 Epistula

182 4755 343 4819 prima
372 4760 438 4815 ad
461 4760 793 4826 Corinthios,
823 4770 880 4817 et
922 4762 1251 4833 Augustinus
1277 4764 1345 4819 'in
1390 4763 1530 4820 libro
1565 4765 1755 4835 primo

195 4841 251 4896 tle
293 4845 492 4919 Nuptiis
539 4859 599 4908 et
643 4849 1092 4920 Concupiscentia
1138 4852 1472 4909 demonstrat
1509 4854 1733 4911 dicens:

198 4929 376 4996 Quibus
393 4957 521 5001 vero
564 4943 833 5015 placuerit
874 4957 940 4998 ex
973 4959 1241 5000 consensu
1269 4945 1338 5001 ab
1378 4962 1478 5003 usu
1501 4949 1741 5005 carnalis

188 5033 614 5109 mucupiscentia:
661 5034 718 5088 in
769 5043 1088 5105 perpetuum
1130 5037 1438 5106 continere,
1496 5039 1641 5095 absit
1679 5048 1742 5095 ut

198 5112 432 5178 vinculum
467 5125 614 5180 inter
648 5123 772 5178 illos
811 5124 1095 5197 coniugale
1140 5137 1422 5197 rumpatur
1455 5146 1474 5186 :
1508 5131 1629 5185 imo
1645 5129 1741 5185 lir-

192 5203 309 5292 tttius
339 5214 457 5283 erit,
487 5231 600 5288 quo
628 5214 804 5286 magis
832 5231 896 5271 ea
933 5231 1087 5289 pacta
1129 5235 1314 5277 secum
1346 5221 1594 5287 inierint,
1616 5237 1742 5292 qua:

192 5287 374 5356 charius
385 5287 820 5374 concordiusque
843 5287 1109 5368 servanda
1132 5319 1280 5377 sunt,
1295 5327 1398 5367 non
1417 5287 1740 5368 voluntariis

1838 3143 1995 3201 illam
2021 3151 2204 3198 autem
2250 3157 2371 3213 quae
2414 3157 2522 3197 non
2550 3154 2714 3195 causa
2749 3135 3145 3200 fornicationis,
3186 3132 3281 3190 sed
3321 3131 3429 3187 alia

1848 3233 2090 3304 qualibet
2130 3231 2439 3297 recesserit,
2477 3237 2573 3285 aut
2610 3227 2975 3292 reconciliari,
3013 3232 3107 3280 aut
3145 3225 3433 3294 innuptam

1847 3321 2049 3379 debere
2078 3335 2390 3385 remanere;
2422 3334 2532 3374 non
2560 3316 2923 3381 advertentes,
2952 3315 3080 3386 quia
3111 3314 3191 3370 sic
3215 3313 3429 3368 adulte-

1848 3411 1970 3466 rino
2022 3425 2185 3466 sensu
2239 3409 2736 3478 interpretabantur
2773 3406 2935 3462 verba
2980 3404 3243 3476 Apostoli,
3288 3404 3437 3460 sicut

1847 3508 1905 3556 et
1937 3500 2011 3555 illi
2037 3538 2053 3565 ,
2092 3507 2282 3554 contra
2314 3502 2449 3567 quos
2496 3496 2625 3553 olim
2674 3497 2868 3552 beatus
2912 3496 3244 3566 Augustinus
3291 3495 3441 3550 istos.

1849 3589 2017 3644 libros
2042 3588 2427 3657 descripserat,
2456 3594 2510 3640 et
2539 3585 2800 3640 Africana
2830 3584 3094 3655 synodus,
3130 3597 3252 3652 quae
3286 3596 3431 3653 prte-

1838 3680 2118 3744 rmisimus,
2150 3678 2414 3743 deﬁnivit,
2444 3676 2660 3746 quando
2686 3683 2742 3728 et
2763 3674 3121 3731 leestianos
3158 3673 3430 3730 eviscera-

1850 3769 1951 3834 vit,
1980 3777 2035 3823 et
2060 3768 2207 3838 ipsas
2227 3767 2391 3823 etiam
2422 3765 2831 3837 Pelagianorum
2869 3762 3133 3821 medulL'ts
3156 3764 3441 3821 excussit-

1851 3854 1964 3912 Nec
1978 3855 2177 3911 mirum
2208 3873 2223 3909 :
2253 3855 2334 3911 sic
2355 3854 2501 3910 enim
2542 3868 2710 3924 pravo
2737 3861 2897 3908 erant
2936 3851 3125 3909 infecti
3152 3853 3461 3925 dogmate,“

1848 3948 1987 4007 sicut
2009 3956 2064 4003 et
2092 3946 2332 4003 moderni
2355 3945 2851 4011 Praedestinatiani,
2884 3946 2979 4016 qui
3007 3952 3248 4003 veterum
3276 3947 3445 4004 Prae.

1848 4037 2332 4092 destinatianorum
2355 4035 2633 4100 haeresim,
2654 4034 2821 4103 quasi.
2838 4035 2907 4091 de
2934 4035 3113 4092 sancti
3134 4035 3433 4106 Augustini

1847 4126 2028 4180 verbis
2086 4124 2432 4194 compilatam
2501 4124 2806 4179 instaurare
2864 4124 3135 4181 laborant.
3185 4124 3426 4192 Quorum

1846 4219 2024 4287 capita
2051 4217 2340 4286 confregit,
2372 4226 2428 4272 et
2476 4216 2735 4272 verticem
2776 4216 3095 4287 capillorum
3137 4217 3429 4288 perambu-

1846 4310 2075 4366 lantium
2115 4310 2170 4365 in
2190 4307 2402 4365 delictis
2427 4309 2541 4365 suis
2566 4310 2969 4379 conquassavit,
3015 4318 3181 4380 atque
3221 4310 3426 4366 contri-

1848 4402 1925 4466 vit
1970 4402 2163 4455 beatus
2182 4398 2511 4455 leestinus
2535 4415 2674 4470 papa
2705 4401 2758 4454 in
2778 4394 2779 4397 “
2800 4400 3028 4471 epistola
3068 4401 3326 4467 decretali
3355 4402 3431 4457 ad

1846 4491 2159 4554 Venerium.
2208 4502 2264 4546 et
2313 4500 2540 4548 caeteros
2568 4491 2877 4549 Gallicanos
2905 4492 3425 4564 ‘episcopos:ctis-

1847 4586 1970 4643 dem
2017 4580 2574 4652 beatusAugustinus
2618 4582 2674 4637 in
2708 4581 2851 4638 libro
2892 4583 2960 4639 de
2985 4583 3433 4653 Correptioneet

1848 4671 2056 4739 Gratia,
2101 4682 2156 4728 et
2185 4672 2252 4729 de
2278 4671 2764 4735 Praedestinatione
2789 4680 3227 4738 sanctorum,'ac
3275 4671 3434 4725 Bono

1850 4764 2285 4833 perseverantiae.
2319 4762 2431 4819 Sed
2458 4771 2516 4819 et
2542 4771 2764 4821 sanctus
2800 4763 3053 4834 Prosper,
3098 4778 3165 4819 ex
3208 4762 3424 4832 delega-

1849 4850 1996 4909 tione
2038 4855 2186 4911 sedis
2214 4853 2569 4933 apqstolicae,’
2599 4856 2654 4911 in
2697 4854 3126 4911 absolutionibus
3168 4852 3434 4920 obiectio-

1849 4965 1979 5005 num
2005 4950 2309 5020 Gallorum,
2368 4947 2887 5014 Vincentianorum,
2920 4956 3081 5016 atque
3124 4943 3437 4999 Massilien-

1848 5039 2014 5105 sium,
2047 5040 2101 5095 in
2132 5041 2287 5100 libris
2312 5040 2482 5097 etiam
2523 5041 2592 5097 de
2630 5034 3210 5105 Vocationegentium,
3237 5030 3431 5087 catho-

1832 5130 1955 5187 lico
1989 5146 2177 5199 sensu,
2215 5146 2271 5191 et
2313 5130 2559 5205 perfecta
2603 5126 3026 5191 evidentissimae
3071 5122 3295 5181 rationis
3340 5121 3425 5176 fa-

1849 5224 2134 5296 cundaque
2161 5227 2611 5286 doctrinaeorum
2624 5225 2937 5293 argumenta
2962 5213 3224 5270 dissolvit.
3249 5212 3451 5270 Verba.

1850 5322 2031 5370 autem
2055 5321 2377 5376 earumdem
2406 5323 2713 5377 auctorum,
2748 5308 2888 5363 unde
2917 5303 3147 5373 imperiti
3184 5306 3453 5376 magistri-
