4046 6284
574 297 673 372 uti

1542 319 1874 378 HINCMARI
1915 315 2311 378 RHEMENSIS
2348 323 2629 380 ARClllEi
2648 323 2862 382 lSCOl‘l

3725 331 3840 390 {5‘3

569 427 886 491 sanctarum
937 433 1220 490 sententiis
1265 447 1686 504 cognoscamus,
1713 421 1966 506 "nuptias,
2021 452 2158 506 quas
2185 438 2233 499 Α
2262 438 2430 494 larem
2460 443 2737 512 suscipiat,
2767 452 2823 496 et
2851 457 2973 497 cum
3004 442 3180 514 dignis
3212 442 3544 513 poenitentiae
3573 442 3847 502 fructibus

569 525 893 581 Concubitus
914 539 1013 596 pro
1040 523 1358 594 quihusdam
1389 524 1567 579 causis
1591 527 1704 579 non
1725 526 1992 595 sequitur,
2019 526 2157 581 solvi

565 609 750 690 posse,
782 626 836 673 et
884 625 1104 687 propter
1147 613 1594 670 incontinentiam
1639 615 1868 673 feminas
1907 619 1973 672 ad
2023 618 2160 673 alias

568 709 859 766 convolare
890 707 1090 762 valere.
1125 704 1233 760 Sed
1273 703 1486 760 subtilis
1517 705 1882 775 investigatio,
1915 715 1970 762 et
1994 708 2160 762 ratio-

570 799 768 855 nabilis
803 797 1057 854 discretio
1093 795 1146 851 in
1185 795 1270 851 his
1306 795 1459 865 prius
1499 805 1582 852 est
1613 797 1940 862 adhibenda,
1975 806 2158 852 utrum

574 891 728 960 quasi
757 888 1020 944 naturalis
1053 889 1108 944 in
1155 887 1287 943 viris
1318 890 1389 943 sit
1425 887 1730 956 hujusmodi
1769 888 2160 944 commistionis

567 977 972 1052 impossibilitas
1031 979 1178 1052 (quia
1205 977 1260 1036 et
1293 989 1418 1035 sunt
1451 981 1707 1046 eunuchi,
1735 982 1874 1036 sicut
1899 983 2157 1053 scriptum

566 1077 674 1136 est,
701 1070 791 1140 qui
821 1070 889 1126 de
919 1067 1295 1126 matris'utero
1320 1072 1399 1126 sic
1422 1073 1533 1126 nati
1564 1074 1732 1144 sunt.)
1759 1089 1827 1128 an
1855 1075 1957 1129 hoc
1984 1075 2158 1144 impe-

569 1157 872 1216 d‘unentum
901 1163 1214 1233 operatiOne
1240 1163 1460 1230 diaboli,
1494 1166 1636 1220 sicut
1661 1166 1774 1220 fieri
1805 1166 2023 1233 assolet,
2054 1167 2160 1223 illis

571 1244 788 1309 accidit.
819 1253 972 1320 Quod
1010 1255 1054 1309 si
1085 1270 1182 1324 per
1219 1257 1500 1311 sortiarias
1531 1256 1641 1328 (33.
1676 1275 1728 1327 q.
1759 1259 1834 1329 1),
1859 1267 2020 1327 atque
2046 1274 2159 1312 ma-

568 1344 776 1409 leficas,
803 1345 1034 1411 occulto,
1068 1347 1162 1400 sed
1208 1363 1482 1416 nunquam
1521 1347 1602 1402 vel
1632 1364 1898 1418 nusquam
1936 1348 2155 1416 injuste,

572 1438 840 1494 Dominici
877 1437 1081 1508 judicio
1111 1441 1486 1509 permittente.
1529 1449 1584 1495 et
1631 1441 1843 1495 diabolo
1877 1450 2156 1511 operante,

574 1529 786 1592 accidit,
820 1529 1072 1584 hortandi
1101 1539 1228 1584 sunt
1250 1531 1444 1599 quibus
1474 1532 1578 1585 ista
1601 1533 1876 1599 eveniunt,
1915 1541 1971 1586 ut
1995 1534 2158 1589 corde

573 1617 834 1683 contrito,
885 1629 940 1675 et
975 1619 1164 1691 spiritu
1207 1623 1512 1688 hnmiliato,
1550 1625 1660 1678 Deo
1698 1633 1751 1678 et
1787 1609 2054 1680 sacerdoti
2092 1628 2158 1681 de

574 1712 828 1766 omnibus
861 1712 1099 1781 peccatis
1140 1714 1253 1767 suis
1276 1729 1465 1783 puram
1503 1715 1898 1772 confessionem
1930 1717 2153 1783 faciant,

2260 541 2503 601 peragat,
2547 543 2605 587 ut
2643 535 2737 604 qui
2780 550 2877 590 suo
2926 535 3168 604 neglectu
3202 537 3516 602 Ecclesium,
3558 547 3614 592 et
3642 539 3848 594 multos

2261 619 2518 678 Ecclesia:
2549 623 2688 680 filios
2717 625 3084 682 scandalizare
3110 629 3470 698 prmsumpsit,
3501 628 3756 684 Ecclesiae
3785 639 3848 685 et

2260 710 2378 780 ejus
2407 715 2717 770 rectoribus
2741 723 2902 784 atque
2931 715 3056 771 filiis
3093 717 3414 782 satisfaciat,
3449 727 3504 771 et
3533 728 3654 786 post
3683 719 3851 773 satis-

2260 804 2572 870 factionem,
2603 807 2645 861 si
2674 822 2732 862 sc
2759 808 3036 863 continuere
3066 823 3171 862 non
3197 809 3418 878 poterit,
3437 806 3589 875 juxta
3619 817 3854 862 senten-

2260 894 2392 948 tiam
2423 897 2598 967 magni
2628 896 2824 950 Leonis
2853 913 3002 967 papa!
3028 899 3094 952 ad
3133 898 3410 952 Rusticum
3436 897 3850 954 Narbonensem

2261 987 2608 1057 episcopum,
2653 1000 2707 1044 et
2758 991 3050 1045 secundum
3101 992 3316 1046 decreta
3371 992 3543 1046 sancti
3595 991 3852 1046 Toletani

2260 1079 2475 1134 concilii
2513 1081 2752 1149 (Decrct.
2786 1099 2900 1152 cap.
2931 1083 3036 1147 ‘25,
3083 1100 3229 1136 conc.
3275 1082 3436 1137 Tolet.
3469 1099 3552 1148 γιε,
3595 1099 3716 1136 can.
3751 1081 3850 1148 8),

2261 1168 2508 1236 copulam
2533 1170 2719 1224 uxoris
2749 1171 3001 1241 legitima:
3025 1181 3324 1241 exspectat,
3358 1189 3425 1227 ue
3451 1173 3645 1227 iterum
3672 1171 3851 1225 forni-

2260 1267 2494 1322 cationis
2521 1268 2723 1322 crimen
2755 1270 3015 1324 incurrat.
3045 1271 3100 1324 in
3132 1288 3239 1340 quo
3270 1280 3468 1335 tamen,
3497 1287 3621 1326 cum
3653 1269 3852 1326 eodem

2261 1365 2422 1421 Patre
2451 1367 2730 1438 loquentes
2755 1372 3119 1435 sanctissimo,
3149 1389 3253 1425 non
3295 1374 3532 1441 regulam
3561 1370 3856 1425 constitui-

2263 1485 2403 1535 mus,
2452 1471 2544 1525 sed
2583 1471 2709 1539 quid
2741 1472 2812 1525 sit
2843 1472 3174 1526 tolerabilius
3203 1473 3552 1526 aestimamus.
3593 1469 3730 1524 Nam
3766 1485 3860 1525 se

2262 1573 2497 1627 cundum
2525 1587 2711 1626 veram
2750 1573 3113 1643 cognitionem
3149 1573 3282 1626 nihil
3311 1573 3492 1642 magis
3518 1572 3568 1624 ei
3602 1570 3859 1639 congruit

2261 1674 2352 1745 qui
2382 1675 2754 1743 pmnitentiatn
2789 1674 2919 1741 agit,
2955 1690 3114 1743 quam
3145 1674 3368 1726 castitas
3391 1687 3770 1740 perseverans,
3801 1682 3859 1725 ct

575 1809 631 1854 et
657 1803 892 1870 profusis
928 1801 1200 1873 iacrymis,
1247 1819 1309 1858 ac
1344 1804 1666 1875 largioribus
1693 1806 2070 1878 cleemosynis’
2102 1816 2157 1862 et
2189 1784 2231 1844 Β
2261 1779 2480 1841 mentis,
2509 1785 2563 1831 et
2591 1776 2990 1847 corporis.Cui
3022 1792 3088 1830 ne
3125 1777 3374 1844 laqueum
3408 1775 3739 1878 injicianms,
3770 1789 3858 1878 re-

575 1891 944 1956 orationibus,
996 1901 1156 1962 atque
1197 1893 1455 1964 jejuniis,
1511 1895 1740 1951 Domino
1787 1897 2154 1965 satisfaciant,

575 1978 733 2049 cujus
755 1980 977 2049 judicio,
1000 1998 1099 2054 pro
1129 1999 1226 2038 suo
1258 1986 1472 2050 merito,
1492 1995 1546 2040 et
1574 1987 1640 2040 ab
1665 1985 1752 2040 illa
1784 1987 2160 2042 benedictione

577 2073 781 2141 privari
810 2073 960 2129 inviti
996 2085 1325 2140 meruerunt,
1356 2093 1518 2147 quam
1550 2078 1808 2134 Dominus
1841 2080 2032 2149 primis
2064 2096 2159 2151 pa-

579 2167 824 2222 rentibus
873 2175 997 2222 ante
1039 2177 1318 2238 peccatum
1357 2170 1410 2224 in
1467 2169 1716 2239 paradiso
1764 2171 2004 2236 donavit,
2054 2187 2159 2240 qua

575 2257 740 2312 etiam
766 2268 888 2329 post
921 2267 1202 2329 peccatum
1233 2274 1401 2327 genus
1430 2260 1722 2314 humanum
1755 2261 1806 2314 in
1850 2269 2017 2316 totum
2051 2262 2164 2332 pri-

574 2351 689 2405 vari
737 2369 842 2407 non
879 2351 1046 2407 voluit
1079 2366 1095 2405 :
1125 2361 1180 2407 et
1216 2367 1312 2422 per
1353 2353 1706 2418 exorcismos,
1757 2363 1918 2423 atque
1962 2365 2158 2409 caetera

577 2444 855 2500 medicina:
883 2444 1264 2500 ecciesiasticrc
1289 2446 1490 2510 munia,
1529 2446 1759 2501 ministri
1795 2446 2046 2502 Ecclesia:
2074 2456 2157 2500 ta-

573 2535 672 2610 les,
712 2545 972 2607 quantum
1019 2537 1270 2591 annuerit
1298 2537 1578 2603 Dominus,
1613 2539 1705 2608 qui
1742 2539 2050 2594 Abimeloch
2096 2555 2160 2594 ac

571 2625 790 2679 domum
839 2625 956 2695 ejus
1003 2625 1236 2681 Abrahtc
1284 2626 1618 2680 orationibus
1665 2628 1911 2690 sanavit,
1964 2643 2160 2683 sanare

570 2729 864 2790 procurent
901 2717 1054 2792 (Cen.
1089 2719 1204 2788 xx).
1239 2719 1338 2788 Qui
1379 2717 1518 2774 forte
1559 2719 1605 2773 si
1647 2720 1827 2774 sanari
1868 2735 1974 2774 non
2011 2730 2160 2789 pote-

569 2820 720 2877 runt,
750 2813 990 2882 separari
1020 2813 1296 2868 valebunt.
1326 2811 1430 2867 Sed
1465 2821 1749 2883 postquam
1782 2813 1916 2868 alias
1940 2813 2159 2884 nuptias

567 2903 873 2971 cxpetierit,
916 2903 1022 2958 illis
1075 2904 1128 2958 in
1164 2917 1326 2958 carne
1359 2903 1684 2966 viventibus,
1725 2902 1922 2973 quibus
1957 2901 2158 2970 junctae

568 2993 788 3060 fuerint,
813 2995 1086 3068 prioribus
1121 3010 1257 3064 quos
1293 2995 1658 3064 reliquerant,
1692 2994 1903 3049 etiamsi
1927 2995 2158 3063 possibi-

567 3085 690 3140 litas
735 3087 1126 3141 eoncumbendi
1170 3087 1249 3142 eis
1297 3088 1507 3142 reddita
1563 3086 1761 3154 fuerit,
1816 3087 2153 3142 reconciliari

567 3175 885 3248 nequibunt.
934 3175 1274 3232 Incestuosas
1322 3186 1502 3232 autem
1535 3178 1772 3246 nuptias,
1807 3185 2029 3247 prOpter
2072 3176 2153 3230 in-

564 3275 748 3323 cestus
789 3269 1017 3333 crimen,
1060 3269 1202 3337 quod
1249 3269 1449 3324 habere
1504 3285 1610 3324 non
1658 3278 1857 3340 potest,
1903 3276 1963 3322 ut
2001 3268 2154 3338 prius

562 3357 818 3422 diximus,
870 3367 926 3413 et
975 3358 1170 3413 iterum
1219 3358 1476 3424 dicimus,
1528 3356 1730 3413 Christi
1791 3369 1848 3412 et
1899 3356 2155 3412 Ecclesiae

566 3458 985 3514 sacramentum,
1018 3465 1122 3503 non
1151 3451 1348 3504 debere
1381 3465 1621 3514 manere,
1651 3449 1750 3524 sed
1773 3449 1977 3504 crimen
2003 3461 2156 3517 sepa-

564 3539 777 3594 ratione
805 3545 858 3592 ct
896 3539 1212 3609 ptenitentia
1251 3540 1446 3594 debere
1481 3539 1660 3594 sanari
1692 3554 1996 3594 noscamus.
2029 3538 2154 3594 Ste-

559 3629 725 3700 phani
774 3643 902 3684 vero
948 3631 1183 3700 nuptias,
1224 3631 1291 3684 de
1340 3631 1535 3700 quibus
1572 3629 1770 3700 agitur,
1813 3645 1880 3685 ne
1915 3630 2156 3686 incestus

561 3709 896 3784 admittatur,
926 3720 1123 3775 debere
1147 3719 1362 3774 dissolvi
1393 3719 1568 3776 modis
1593 3721 1845 3776 omnibus
1863 3734 2154 3792 cognosca-

560 3821 726 3866 mus:
759 3819 814 3866 et
860 3811 1076 3886 nuptias
1121 3827 1242 3880 qua:
1290 3810 1526 3882 nuptiale
1574 3812 1776 3866 habent
1814 3812 2153 3882 mysterium,

559 3915 669 3954 non
706 3916 1027 3970 quacunque
1081 3902 1207 3968 alia,
1254 3902 1356 3956 nisi
1401 3900 1512 3957 sola
1551 3901 1926 3957 fornicationis
1966 3917 2154 3969 causa,

559 4005 720 4059 posse
731 3991 968 4056 dissolvi,
985 3983 1214 4045 docente
1228 3991 1487 4047 Veritatis
1509 3993 1830 4046 auctoritate
1855 4001 2150 4048 teneamus.

561 4080 828 4146 Quoniam
851 4082 954 4136 etsi
980 4082 1252 4136 communi
1283 4097 1552 4136 consensu
1579 4083 1965 4138 continentiam
1996 4097 2155 4138 vove—

561 4168 674 4222 rlnt
703 4169 978 4240 coniuges,
1015 4177 1165 4224 tanto
1201 4170 1475 4234 obnixius,
1524 4179 1727 4240 quanto
1769 4165 2067 4239 spiritalius
2101 4172 2154 4226 in

560 4259 790 4314 Domino
819 4260 992 4331 juncti
1028 4262 1321 4316 manebunt
1354 4279 1366 4313 :
1402 4276 1631 4330 quorum
1669 4259 2063 4328 conjunctioni,
2093 4277 2157 4318 ac

559 4350 804 4406 indivisze
833 4353 1185 4421 separationi,
1229 4353 1370 4407 nulla
1415 4353 1688 4409 simulatio
1731 4355 1784 4409 in
1824 4355 1996 4410 oculis
2039 4355 2156 4424 ejus

2262 1878 2424 1934 medii
2471 1893 2690 1932 manum
2737 1877 3084 1949 porrigimus,
3138 1892 3247 1932 non
3296 1875 3580 1946 imperium
3618 1874 3861 1930 actionis

2262 1980 2606 2050 imponimus.

2331 2083 2466 2150 Quia
2496 2085 2660 2138 etiam
2690 2091 2911 2139 sanctus
2941 2083 3168 2139 Siricius
3195 2084 3262 2139 de
3284 2084 3662 2140 benedictione
3679 2097 3860 2154 spon-

2262 2189 2447 2228 sarum
2479 2175 2532 2228 in
2563 2175 2798 2230 decretis
2825 2176 2937 2230 suis
2981 2176 3227 2245 quaedam
3274 2191 3474 2245 ponere
3498 2175 3730 2230 studuit.
3780 2174 3861 2231 De

2261 2265 2477 2335 quibus,
2505 2266 2646 2334 quod
2676 2275 2859 2320 notum
2882 2277 2989 2331 est,
3011 2268 3152 2320 sacri
3182 2281 3419 2322 canones
3445 2266 3775 2329 decernunt,
3799 2277 3856 2320 et

2261 2373 2361 2412 nos
2389 2358 2584 2435 exinde
2611 2358 2788 2428 aliqua
2819 2359 3070 2423 diximus,
3103 2367 3159 2412 et
3204 2359 3357 2428 plura
3401 2357 3507 2411 alia
3541 2357 3854 2411 diceremus

2262 2450 2306 2504 si
2339 2450 2421 2504 his
2467 2450 2692 2518 nuptiis,
2740 2451 2806 2504 de
2838 2451 3034 2521 quibus
3093 2451 3363 2536 tequimur
3410 2449 3850 2504 benedictionem

2262 2539 2650 2594 sacerdotalem
2680 2540 2862 2594 datam
2890 2540 3143 2595 fuisse‘ex
3174 2556 3326 2596 more
3355 2540 3733 2595 ecclesiastico
3761 2554 3851 2592 au-

2259 2628 2517 2684 diremus.
2556 2629 2661 2683 Sed
2693 2630 2888 2700 quibus
2916 2631 3090 2685 debita
3136 2630 3269 2685 fides
3299 2631 3498 2696 defuit,
3541 2631 3721 2686 locum
3754 2630 3848 2685 bes

2260 2721 2497 2774 nedictio
2544 2721 2897 2775 sacerdotalis
2952 2714 3059 2775 non
3105 2722 3330 2777 habuit:
3364 2723 3663 2792 praesertim
3719 2738 3846 2776 eum

2261 2811 2524 2880 scriptum
2579 2810 2802 2864 sitz'ln
2829 2829 3192 2882 quamcunque
3238 2814 3451 2866 domum
3495 2813 3849 2876 intraveritis,

2259 2903 2486 2973 primum
2523 2902 2710 2956 dicite:
2738 2901 2858 2956 Pax
2907 2905 3028 2956 huic
3065 2905 3277 2968 domui;
3308 2914 3356 2957 et
3402 2907 3447 2958 si
3493 2905 3649 2972 fuerit
3701 2906 3760 2958 in
3787 2921 3854 2958 ea

2259 2995 2418 3065 ﬁlius.
2447 2996 2611 3065 pacis,
2667 2996 2944 3065 requiescet
2993 3012 3149 3064 super
3194 2985 3362 3048 illum.
3389 3012 3496 3060 pax
3524 3005 3696 3048 ecetra
3720 3011 3740 3048 :
3767 2997 3850 3050 sin

2261 3095 2457 3148 autent,
2488 3101 2595 3154 pax
2624 3094 2790 3138 uestra
2819 3085 2890 3137 ad
2921 3100 3007 3139 vos
3032 3094 3313 3138 revertetur
3334 3083 3487 3154 (Luc.
3528 3087 3605 3152 x).
3636 3085 3708 3138 Et
3755 3085 3850 3142 Pe.

2259 3185 2374 3230 trus
2403 3177 2629 3230 Domino
2658 3183 2711 3230 et
2745 3175 2992 3230 fidelibus
3015 3175 3143 3230 dicit
3168 3191 3183 3228 :
3209 3173 3342 3229 Fide
3367 3176 3654 3244 puriﬁeans
3683 3178 3847 3230 corda

2254 3283 2435 3322 eorum
2463 3267 2611 3336 (Act-
2631 3266 2740 3337 xv);
2771 3265 2838 3319 Et
2866 3265 2995 3319 item
3022 3265 3282 3334 scriptum
3309 3273 3393 3318 cst
3416 3282 3430 3316 :
3465 3264 3656 3318 Omnia
3686 3281 3849 3334 opem

2255 3358 2370 3428 ejus
2395 3372 2460 3410 ex
2484 3355 2612 3424 ﬁde,
2638 3364 2693 3410 et
2723 3355 2940 3418 iterum,
2973 3354 3135 3420 Quod.
3167 3371 3270 3409 non
3299 3366 3373 3409 est
3399 3355 3618 3423 eat-ﬁde,
3646 3371 3842 3424 pecca—

2255 3455 2367 3500 tum
2409 3457 2483 3500 εει
2512 3444 2689 3516 (Rom.
2727 3445 2858 3510 χιιι).
2894 3445 2961 3498 Et
3006 3445 3095 3499 ubi
3141 3453 3423 3514 peccatum
3460 3453 3664 3509 manet,
3720 3453 3848 3500 ante

2255 3549 2548 3606 congruam
2593 3528 3018 3590 satisfactionem
3051 3535 3359 3589 benedictio
3386 3535 3565 3589 locum
3598 3550 3711 3588 non
3743 3536 3844 3589 ha-

2253 3626 2365 3681 bet.
2401 3624 2542 3680 Nihil
2572 3625 2739 3688 enim,
2772 3633 2831 3679 ut
2872 3625 3060 3680 beatus
3088 3625 3220 3680 dicit
3263 3623 3575 3695 Gregorius,
3617 3623 3846 3694 prodest

2255 3720 2450 3784 oratio,
2476 3719 2566 3774 ubi
2593 3719 2780 3786 iniqua
2807 3726 2894 3772 est
2915 3716 3078 3771 actio.

2326 3813 2456 3868 Post
2475 3813 2589 3868 lucc
2603 3815 2812 3878 omnia,
2837 3812 2882 3866 si
2923 3812 3300 3882 Regimnndus
3317 3811 3482 3866 ﬁliam
3516 3827 3668 3866 suam
3693 3811 3838 3867 reci-

2254 3918 2382 3974 pere
2413 3919 2516 3958 non
2541 3902 2795 3966 voluerit,
2839 3912 2932 3956 aut
2981 3901 3073 3956 illa
3109 3903 3162 3956 in
3191 3918 3284 3957 sua
3337 3902 3588 3957 libertate
3617 3917 3842 3957 manete

2256 3991 2574 4056 decreverit,
2608 3991 2954 4046 indicandum
2983 3999 3067 4046 est
3091 3992 3188 4054 eis,
3219 3991 3472 4061 quoniam
3507 3991 3552 4045 si
3583 3990 3699 4060 ipsa
3729 3999 3841 4046 stu—

2253 4095 2413 4150 prum
2443 4081 2800 4150 quodcunque
2845 4083 3206 4146 consenserit,
3259 4081 3326 4136 ad
3363 4081 3538 4147 illum,
3566 4081 3654 4135 vel
3685 4082 3755 4136 ad
3784 4080 3843 4134 il-

2256 4171 2386 4236 lam,
2425 4187 2531 4226 non
2572 4182 2750 4226 autem
2779 4173 2845 4226 ad
2895 4172 3252 4242 Stephanum,
3277 4174 3419 4242 quod
3466 4183 3840 4242 perpetratum

2259 4260 2425 4316 fuerit
2458 4262 2766 4332 pertinebit.
2797 4263 3020 4318 Dehetis
3058 4265 3221 4319 etiam
3260 4279 3377 4328 vos,
3407 4265 3592 4317 sancti
3627 4263 3841 4318 antisti-

2256 4361 2355 4414 tes,
2386 4362 2439 4408 et
2461 4353 2797 4423 chimundo
2819 4363 2874 4408 et
2898 4354 3188 4424 Stephano,
3215 4364 3376 4423 atque
3405 4353 3619 4407 illorum
3641 4368 3841 4422 paren-

559 4441 893 4500 intervenire
925 4445 1141 4511 valebit,
1173 4445 1264 4516 qui
1301 4445 1545 4500 eordium
1575 4461 1639 4500 ac
1669 4461 1856 4501 renum
1882 4456 2154 4503 scrutator
2181 4480 2229 4540 υ
2257 4449 2400 4503 tibus
2424 4456 2478 4502 et
2509 4447 2721 4513 amicis,
2752 4463 2820 4501 ex
2847 4448 3027 4502 divino
3070 4448 3325 4501 mandato
3356 4459 3666 4515 suggerere,
3709 4445 3838 4498 inti-

560 4548 681 4588 esse
705 4533 1056 4604 dignoscitur.

635 4621 788 4676 Unde
835 4623 1143 4694 Stephanus
1188 4639 1286 4696 pro
1333 4624 1720 4691 fornicatione,
1767 4626 1835 4681 de
1876 4641 2001 4696 qua,
2046 4627 2148 4682 nisi

560 4723 782 4769 coactus
823 4716 1144 4770 necessitate
1181 4731 1300 4770 eam
1339 4717 1662 4785 publicaret,
1697 4726 1905 4772 secreta
1941 4717 2150 4772 confes-

547 4792 712 4858 sione
751 4804 1122 4874 pocnitentiam
1159 4819 1317 4874 agerc
1363 4815 1593 4875 poterat,
1626 4817 1681 4860 ct
1711 4806 1834 4875 quia
1861 4822 2017 4862 sacro
2047 4823 2150 4860 nu-

558 4896 792 4964 ptiarum
817 4897 1097 4966 mysterio,
1128 4895 1252 4950 licet
1271 4898 1597 4953 necessitate
1622 4898 1950 4968 compulsus,
1975 4899 2146 4953 siaut-

558 4983 776 5040 lationis
813 4984 1024 5055 culpam
1051 4985 1440 5055 super-induxit,
1473 4988 1616 5041 sicut
1645 4987 1732 5042 ille
1759 4989 1848 5057 qui
1881 4988 2147 5042 zizaniam

558 5074 742 5130 tritico
771 5077 1208 5144 supersemiuare
1253 5092 1358 5130 non
1395 5078 1588 5132 metuit
1618 5093 1632 5130 :
1664 5087 1717 5132 et
1744 5080 1998 5148 quoniam
2029 5087 2150 5148 post

559 5167 668 5221 tale
711 5168 1062 5231 connubium,
1109 5177 1398 5236 antequam
1452 5168 1698 5238 lcgalitcr
1739 5170 2144 5236 dissolveretur,

559 5258 703 5325 quod
746 5256 899 5327 quasi
929 5257 1174 5326 legaliter
1204 5257 1378 5311 visum
1423 5257 1524 5312 fuit
1559 5259 1770 5324 initum,
1805 5260 1938 5316 alios
1980 5276 2147 5330 pravo

555 5348 806 5415 exemplo
845 5347 1149 5411 destrucns,
1191 5347 1489 5401 concubina
1541 5364 1669 5402 usus
1714 5349 1880 5404 fuisse
1926 5351 2145 5416 dicitur,

519 5433 524 5438 ’
553 5429 710 5502 juxta
738 5439 950 5491 modum
979 5439 1170 5504 eulpzc,
1195 5451 1318 5492 cum
1354 5436 1573 5507 pietatis
1604 5439 1885 5502 modestia,
1915 5441 2036 5508 quia
2065 5455 2148 5493 re-

561 5525 859 5579 verentiam
910 5529 1018 5581 Deo
1061 5528 1326 5591 exhibuit,
1376 5544 1442 5583 ne
1489 5529 1754 5583 incestum
1801 5528 2144 5584 fornicationi

561 5615 898 5683 adiungeret,
932 5632 960 5671 a
991 5621 1210 5688 proprio
1238 5634 1489 5690 episcopo
1512 5621 1813 5674 secundum
1849 5620 1965 5690 ejus
1999 5623 2145 5676 arbi-

560 5705 751 5775 trium,
775 5709 864 5780 qui
891 5726 1126 5767 canones
1151 5713 1227 5767 sic
1250 5713 1565 5780 decernunt,
1590 5712 1960 5786 ptenilenliam
1993 5727 2144 5786 regu-

2257 4553 2433 4603 mare,
2488 4550 2651 4607 atque
2694 4538 3010 4608 ιιι·ωοὶροτε,
3053 4546 3111 4591 ut
3149 4553 3334 4607 pacem
3378 4538 3518 4590 inter
3566 4551 3643 4600 se,
3673 4549 3836 4604 quam

2252 4629 2513 4686 Dominus
2539 4628 2818 4697 pnecepit,
2842 4637 2897 4681 et
2923 4629 3039 4682 sine
3065 4643 3170 4696 qua
3198 4643 3320 4681 eum
3353 4626 3454 4680 nisi
3472 4625 3539 4678 ad
3565 4623 3838 4692 judicium

2251 4719 2437 4772 videre
2484 4732 2591 4771 non
2637 4725 2908 4784 poterunt,
2954 4717 3218 4781 habeant;
3263 4723 3318 4768 et
3359 4724 3515 4768 terra:
3562 4713 3836 4783 principes

2253 4825 2374 4863 eum
2405 4807 2739 4877 primoribus
2766 4807 2963 4861 debent
2987 4816 3256 4876 satagere,
3284 4822 3350 4859 ne
3389 4821 3488 4875 pro
3530 4805 3634 4858 hac
3664 4819 3831 4858 causa

2254 4901 2307 4954 in
2343 4899 2600 4963 Ecclesia,
2636 4909 2689 4951 et
2716 4898 2768 4950 in
2800 4913 2982 4968 regno,
3013 4897 3266 4951 scandala
3290 4906 3344 4951 et
3363 4897 3658 4951 seditiones
3682 4895 3832 4948 fiant.

2256 4991 2408 5058 Quod
2443 4990 2536 5059 qui
2567 5002 2754 5043 eorum
2791 4991 3012 5044 obedire
3039 4989 3442 5056 contempserit,
3489 4985 3644 5054 juxta
3673 5003 3834 5041 evan-

2253 5081 2482 5152 gelicum
2532 5090 2886 5150 praeceptum,
2940 5081 3082 5133 sicut
3135 5080 3384 5132 ethnicus
3408 5087 3462 5132 et
3515 5077 3832 5146 publicanus

2252 5172 2520 5226 efﬁciatur
2557 5189 2570 5223 :
2600 5179 2656 5226 et
2680 5171 2974 5226 secundum
3019 5170 3355 5239 Apostolum,
3381 5169 3471 5238 qui
3507 5184 3611 5222 non
3651 5167 3831 5221 obcdit

2251 5262 2418 5316 verbo
2469 5269 2706 5326 notetur,
2765 5269 2824 5314 ut
2877 5276 3034 5314 nemo
3091 5261 3140 5314 ei
3195 5261 3714 5323 commisceatur;ct
3741 5257 3827 5324 qui

2257 5351 2398 5404 hanc
2438 5350 2589 5419 pacis
2628 5349 2932 5404 doctrinam
2961 5364 3065 5402 non
3112 5347 3400 5418 receperit,
3429 5347 3607 5403 nullus
3641 5347 3689 5400 ei
3719 5349 3830 5399 Axe

2257 5443 2422 5506 dicat,
2447 5451 2506 5494 ut
2530 5457 2636 5496 non
2661 5441 3026 5495 communicet
3065 5442 3306 5508 peccatis
3332 5439 3468 5508 ejus,
3494 5447 3551 5493 et
3581 5439 3721 5492 sicut
3741 5454 3830 5492 ca-

2255 5547 2426 5587 nones
2449 5533 2765 5596 decernunt,
2799 5530 3000 5585 oblatio
3033 5531 3152 5601 ejus
3186 5547 3284 5585 nec
3338 5531 3391 5584 in
3427 5529 3668 5586 sacrario
3690 5527 3826 5582 reci-

2251 5623 2447 5693 piatur.
2489 5623 2555 5677 Et
2587 5623 2680 5692 qui
2701 5623 2768 5676 ad
2795 5637 2978 5692 pacem
3021 5621 3198 5676 redire
3227 5621 3474 5684 noluerit,
3523 5620 3708 5678 tandin
3733 5633 3826 5673 ex-

2257 5713 2688 5770 communicatus
2739 5721 2972 5779 maneat,
3022 5714 3262 5783 qnandiu
3300 5715 3367 5767 ad
3408 5728 3595 5784 pacem
3654 5709 3824 5767 retire
