4018 5392
237 321 344 379 153

1662 325 2041 384 ΕΙἾΞΤΟΙΑΕ.

3395 341 3502 412 ιω

233 438 644 512 contempserit,
668 446 726 494 et
745 439 812 495 ad
839 438 1186 506 cbaritatem,
1212 454 1331 510 quae
1371 439 1546 510 operit
1573 439 1817 496 multitu-
1846 444 1892 501 Α
1925 441 2016 495 ubi
2045 453 2266 512 propter
2292 443 2548 500 Hilderici
2585 443 2820 516 episcopi
2853 446 3030 502 artatis
3059 447 3422 517 prolixitatem
3447 460 3507 508 et

233 529 420 583 dinem
451 539 820 598 peccatorum,
848 534 1172 602 quantocius
1200 534 1378 589 redire
1408 533 1646 589 festinet.

311 620 380 673 Et
408 623 536 676 item
570 623 622 676 in
649 625 949 680 canouibus
991 627 1248 694 scriptum
1275 635 1383 690 est,
1408 635 1467 680 ut
1493 626 1560 682 de
1587 626 1821 682 concilio

231 710 352 766 bini
384 713 465 766 vel
492 714 627 768 terni
666 713 876 783 judices
896 717 963 771 ad
1001 731 1225 786 quaeque
1251 716 1554 772 dillinienda
1579 717 1824 787 deligan-

233 812 330 856 tur
356 815 516 873 atque
540 805 846 871 mittantur,
891 823 1011 876 quae
1044 807 1421 862 ecclesiastico
1447 807 1647 862 debent
1687 823 1821 862 exa-

233 895 438 948 minari
457 911 521 950 ac
551 896 765 952 dilliniri
785 897 1008 967 judicio,
1032 909 1086 953 et
1106 900 1232 954 alibi
1268 901 1641 956 rationabilius
1657 909 1822 971 atque

232 985 645 1040 convenientius
669 1003 830 1056 quam
862 988 914 1042 in
942 989 1128 1043 eodem
1175 989 1407 1044 concilio
1441 998 1695 1059 poterunt
1728 990 1822 1046 de-

230 1075 410 1140 ﬁniri;
447 1086 503 1132 et
530 1079 774 1148 quisquis
818 1082 1081 1150 probatus
1135 1080 1302 1135 fuerit
1335 1098 1434 1152 pro
1475 1084 1816 1137 contumacia

231 1169 379 1223 nolle
405 1170 782 1240 obtemperare
827 1173 1112 1241 iudicibus,
1147 1189 1269 1228 cum
1303 1175 1406 1229 hoc
1451 1175 1638 1243 prima:
1675 1175 1818 1229 sedis

229 1261 488 1330 episeopo
523 1261 687 1316 fuerit
715 1263 1025 1331 probatum,
1071 1265 1163 1320 det
1191 1265 1402 1319 litteras
1438 1273 1496 1318 ιιι
1541 1265 1719 1319 nullus
1765 1265 1816 1320 ei

229 1352 601 1406 communicet
633 1352 802 1407 donec
857 1354 1214 1424 obtemperet.
1266 1353 1382 1420 Qua
1425 1355 1491 1408 de
1532 1370 1590 1408 re
1630 1363 1815 1408 sancta

224 1441 469 1510 synodus
495 1458 616 1513 vos,
642 1443 731 1512 qui
762 1444 1058 1513 primarum
1091 1445 1298 1498 sedium
1321 1445 1467 1513 regni
1505 1444 1813 1514 Aquitanici

223 1531 378 1595 estis,
411 1532 477 1584 ad
521 1533 658 1586 hunc
698 1549 917 1587 causam
957 1534 1340 1598 dilliniendam,
1373 1551 1495 1589 cum
1539 1535 1815 1604 coepisco-

223 1622 313 1688 pis
341 1624 562 1687 vestris,
587 1634 639 1678 et
680 1626 1030 1696 principibus,
1051 1627 1140 1682 'ac
1173 1639 1332 1682 terra!
1377 1628 1517 1683 illius
1559 1629 1814 1699 primori-

222 1708 348 1774 bus,
389 1711 589 1782 eligere
615 1715 823 1769 studuit
864 1731 1092 1785 quorum
1123 1717 1424 1772 dimnitioni
1453 1719 1570 1773 sine
1599 1735 1696 1773 suo
1720 1735 1812 1788 pe-

1925 528 2233 585 diutnrnam
2269 535 2672 604 :rgritudinetn,
2718 536 2963 604 qumdam
3011 537 3078 590 ad
3127 539 3408 593 scientiam
3449 549 3516 595 et.

1925 619 2236 688 religionem
2265 626 2612 692 pertinentia,
2646 641 2856 681 necnon
2882 635 2938 680 et
2961 627 3191 682 :edifieia
3222 638 3275 683 et
3310 639 3506 684 caetera

1923 726 2151 781 quaeque
2179 714 2489 768 necessaria
2536 715 2780 786 neglecta
2829 717 3058 771 invenit.
3104 717 3443 790 Quapropter
3473 733 3509 774 a

1924 802 2178 858 familiari
2225 819 2338 860 suo-
2387 806 2604 861 Bodone
2650 807 2849 861 clerico
2895 809 3078 864 domni
3125 819 3182 864 et
3221 811 3507 867 nutritoris

1923 896 2026 948 mei
2057 895 2289 950 Hilduini
2319 897 2529 950 abbatis
2551 897 2689 951 sacri
2716 899 2908 968 palatii
2929 899 3252 954 clericorum
3279 902 3505 966 sunnni,

1921 988 2206 1056 quemdam
2239 989 2495 1042 clericum
2522 989 2689 1058 ipsius
2722 989 2956 1046 Bodonis
2986 993 3372 1062 propinquum,
3406 1010 3505 1047 no-

1921 1078 2066 1131 mine
2091 1077 2557 1140 Wandelmarnm,
2585 1080 2674 1148 qui
2714 1081 3042 1135 cantilenam
3079 1083 3281 1152 optime
3307 1100 3337 1138 a
3370 1063 3506 1138 Teu-

1920 1168 2074 1239 gario
2104 1169 2360 1238 magistro
2386 1169 2438 1222 in
2463 1170 2638 1223 sancti
2667 1170 2902 1242 Dionysii
2931 1174 3264 1227 monasterio
3290 1175 3508 1238 didicit,

1920 1262 1986 1313 ad
2017 1261 2340 1316 erudiendos
2384 1262 2614 1317 clericos
2663 1279 2790 1319 suos
2835 1267 3099 1331 obtinuit;
3134 1267 3220 1321 cui
3252 1269 3500 1322 abbatio-

1918 1348 2023 1402 lam
2066 1350 2236 1403 sancti
2273 1348 2515 1404 Sanctiui
2560 1352 2612 1406 in
2658 1353 2984 1408 beneficium
3016 1355 3183 1408 dedit.
3216 1355 3360 1412 Idem
3403 1372 3510 1412 εει-ς

1919 1449 2026 1493 tem
2069 1439 2485 1497 Wandelmarus
2526 1441 2578 1496 in
2631 1443 2750 1498 loco
2797 1445 2898 1499 sibi
2949 1447 3240 1501 commisso
3283 1431 3502 1520 quater-

1916 1528 2199 1582 niuneulos
2228 1529 2385 1583 valde
2409 1532 2700 1598 contritus,
2728 1542 2783 1587 et
2812 1550 2932 1602 qua)
2959 1535 3011 1588 in
3050 1535 3128 1589 eis
3154 1537 3353 1604 scripta
3387 1522 3502 1591 fue-

1916 1627 2036 1673 raut
2071 1635 2205 1688 pene
2239 1621 2435 1687 deleta,
2469 1625 2536 1677 de
2573 1624 2693 1679 Vita
2735 1634 2790 1680 et
2820 1628 3036 1681 actibus
3065 1629 3206 1682 beati
3253 1628 3498 1706 Sanctiui

1913 1714 2136 1782 reperit,
2174 1728 2310 1782 quos
2342 1716 2410 1768 ob
2442 1716 2829 1774 familiaritatis
2877 1720 3144 1784 notitiam,
3175 1729 3229 1775 et
3259 1721 3384 1791 quia
3415 1735 3500 1794 me

223 1799 398 1854 riculo
450 1810 506 1856 et
558 1805 1136 1861 excommunicationis
1187 1807 1514 1872 invectione,
1560 1809 1808 1877 quisquis
1841 1789 1888 1848 Β
1915 1806 2138 1860 seiolum
2181 1809 2426 1878 putabat,
2451 1810 2518 1862 ad
2551 1810 2916 1864 exbaurienda
2955 1825 3017 1864 ea
3057 1827 3175 1880 qum
3206 1811 3257 1864 in
3293 1811 3498 1866 eisdem

221 1889 378 1942 vobis
421 1892 798 1962 obtemperare
846 1896 1134 1959 distulerit,
1183 1897 1412 1952 evadere
1452 1913 1559 1952 non
1587 1898 1802 1952 valebit.

298 1977 421 2033 Haec
467 1981 532 2036 de
574 1983 877 2052 evangelica
931 1986 1180 2050 veritate,
1203 1995 1257 2040 et
1304 1987 1597 2054 apostolica
1645 1997 1807 2057 atque

219 2071 487 2125 canonica
518 2075 864 2138 auctoritate,
895 2091 990 2129 seu
1040 2076 1431 2130 catholicorum
1467 2078 1713 2131 doctrina
1749 2086 1806 2131 et

220 2159 541 2224 traditione,
566 2161 706 2216 sicut
739 2164 977 2233 synodus
1015 2173 1204 2220 sancta
1245 2164 1424 2233 jussit,
1453 2181 1554 2236 pro
1596 2167 1804 2221 medio-

222 2251 427 2304 critate
479 2252 735 2322 ingenioli
776 2257 881 2310 mei
924 2257 1180 2328 colligere
1223 2259 1424 2312 studui.
1484 2258 1559 2312 De
1586 2258 1802 2326 quibus,

226 2343 374 2397 sicut
398 2345 580 2399 audivi
620 2348 874 2416 quoniam
904 2349 1125 2418 quidam
1173 2349 1401 2415 faciunt,
1433 2366 1593 2405 nemo
1615 2360 1805 2405 contra

217 2449 308 2486 me
349 2435 512 2488 debet
547 2437 707 2492 irasci
740 2456 752 2491 :
785 2440 912 2507 quia
946 2455 1052 2495 non
1107 2457 1228 2496 meo
1274 2458 1433 2497 sensu
1477 2457 1592 2496 mea
1640 2444 1805 2498 verba

216 2526 523 2600 composui,
556 2541 730 2596 neque
755 2523 914 2600 quod~
927 2546 1104 2584 meum
1128 2548 1234 2586 non
1270 2542 1356 2588 est
1387 2533 1515 2587 milii
1547 2548 1806 2604 arrogare

215 2620 561 2688 prtesutnpsi,
595 2637 767 2691 neque
814 2623 1100 2678 statuendo
1138 2624 1223 2679 vel
1253 2625 1566 2694 imperando
1607 2627 1658 2680 in
1700 2627 1803 2680 bac

214 2721 411 2771 causa,
444 2712 586 2777 quod
617 2726 722 2764 non
752 2721 837 2766 est
883 2729 1085 2780 meum,
1118 2715 1375 2784 quiddam
1405 2716 1643 2770 scribere
1681 2731 1806 2786 pro-

213 2797 433 2860 wravi,
482 2799 683 2854 nullius
737 2801 1095 2869 prmjudicans
1155 2819 1300 2858 sanze
1347 2805 1647 2867 sententiae,
1705 2821 1805 2860 nec

212 2891 565 2946 dehonoraus
587 2894 989 2960 auctoritatem,
1017 2905 1111 2950 aut
1160 2897 1226 2950 ad
1257 2898 1587 2966 obsequendi
1610 2913 1802 2966 quem-

212 2997 380 3051 quam
401 2997 596 3053 cogere
618 2985 801 3040 volens
816 2986 1208 3042 necessitatem.
1236 2987 1342 3043 Sed
1358 3003 1483 3059 cum
1497 2988 1653 3042 beato
1666 2988 1803 3044 Leo-

212 3086 286 3125 ne
314 3073 594 3128 scribente
632 3073 698 3128 ad
731 3075 1015 3130 Rusticum
1040 3077 1442 3133 Narbonensem
1465 3079 1799 3148 episcopum,

1907 1899 2372 1967 quaterniunculis
2417 1899 2686 1954 contineri
2733 1900 3081 1964 videbantur,
3128 1909 3184 1954 et
3230 1901 3296 1954 ad
3347 1911 3498 1954 tran-

1907 1988 2250 2042 scribendum
2281 1997 2469 2059 aperte
2512 1989 2563 2042 in
2615 2005 2752 2043 nova
2807 2005 3133 2060 pergamena
3175 1990 3303 2044 mibi
3347 1977 3500 2043 com-

1906 2077 2075 2130 misit.
2116 2078 2267 2144 Quod
2316 2086 2372 2132 et
2405 2079 2647 2133 studiose
2692 2079 2904 2148 peregi,
2938 2088 2992 2132 et
3032 2079 3161 2133 mihi
3213 2080 3498 2134 emendata
3564 2085 3569 2090 ‘

1907 2171 2215 2224 emendanti
2266 2171 2496 2226 restitui.
2544 2170 2651 2225 Sed
2701 2171 2826 2240 quia
2896 2172 2987 2225 diu
3035 2181 3121 2226 est
3162 2173 3304 2242 quod
3353 2173 3497 2226 idem

1907 2259 2326 2316 Wandelmarus
2354 2263 2519 2316 etiam
2548 2272 2674 2315 ante
2697 2262 2903 2316 obitum
2933 2261 3186 2317 Ilucberti
3215 2263 3505 2319 defunctus

1909 2348 2042 2412 fuit,
2086 2361 2141 2405 et
2173 2352 2318 2405 sicut
2360 2352 2564 2416 audivi,
2598 2352 2737 2406 idem
2776 2353 2924 2406 locus
2960 2353 3234 2422 neglectus
3261 2355 3491 2416 exstitit,

1908 2452 1971 2492 ac
2007 2439 2222 2493 demum
2270 2439 2324 2492 in
2371 2439 2558 2494 eadem
2606 2441 2739 2494 urbe
2783 2440 3101 2495 Nortmanni
3148 2442 3393 2508 fuerant,
3443 2452 3504 2497 et

1907 2529 2153 2597 quaedam
2214 2529 2464 2585 incendio
2509 2541 3026 2597 concremaverant,
3071 2533 3316 2602 quietiam
3370 2548 3508 2616 vero

1907 2621 2212 2690 praedantes
2237 2621 2602 2692 diripuerant,
2633 2623 2818 2677 nescio
2846 2623 2891 2677 si
2931 2623 3032 2692 ipsi
3063 2624 3506 2692 quaterninncnli-

1908 2710 1989 2764 vel
2019 2725 2208 2765 eorum
2239 2711 2571 2780 exemplaria
2603 2712 2654 2764 in
2685 2713 2873 2766 eadem
2908 2713 3040 2768 urbe
3084 2714 3300 2768 valeant
3342 2730 3498 2784 repe-

1908 2799 2026 2854 riri.
2058 2800 2355 2869 Propterea
2391 2816 2576 2854 eorum
2611 2802 3008 2871 exemplarium
3047 2805 3191 2872 quod
3225 2803 3358 2857 mihi
3408 2819 3496 2857 re-

1908 2889 2066 2956 tinui,
2094 2898 2277 2946 vestro
2319 2890 2515 2946 devoto
2545 2899 2598 2945 et
2639 2893 2784 2946 bono
2817 2893 2997 2947 studio
3027 2891 3360 2948 offerendum
3396 2911 3503 2964 puo

1909 2984 2015 3038 tavi
2041 3001 2055 3036 :
2084 2983 2216 3040 utsi
2246 2999 2367 3054 qua:
2403 2993 2533 3038 sunt
2566 2984 2778 3038 illorum
2811 2985 3075 3054 reliquize,
3101 2985 3192 3055 qtti
3228 2987 3498 3056 negabant

1908 3074 2193 3128 Dominum
2235 3082 2289 3129 et
2334 3073 2548 3128 Patrem
2594 3085 2877 3140 nostrum,
2923 3085 3213 3146 patronum
3247 3087 3496 3130 nostrum

210 3159 623 3215 dilectissimam
659 3171 820 3232 atque
869 3167 1360 3224 reverentissimam
1397 3139 1800 3224 fraternitatem
1829 3139 1875 3202 c
1908 3167 2219 3238 Dionysium
2254 3182 2377 3222 esse
2412 3167 2800 3238 Areopagiten,
2829 3177 2883 3222 et
2911 3185 2940 3222 a
2970 3170 3128 3223 beato
3171 3168 3337 3222 Paulo
3367 3183 3495 3238 apo-

210 3262 457 3308 vestram
492 3270 831 3320 commoneo,
873 3259 1001 3326 quia
1041 3257 1181 3314 sicut
1206 3259 1450 3328 quaedam
1494 3270 1640 3327 sunt,
1682 3277 1803 3331 quae

206 3343 361 3398 nulla
402 3356 627 3413 possunt
662 3347 872 3402 ratione
913 3349 1161 3415 convelli,
1186 3351 1262 3404 ita
1289 3352 1456 3406 multa
1497 3361 1625 3407 sunt
1679 3368 1801 3422 quia

205 3441 308 3486 aut
343 3449 444 3502 pro
481 3437 915 3492 consideratione
957 3447 1197 3506 aetatum,
1229 3451 1321 3494 aut
1349 3457 1449 3510 pro
1478 3443 1802 3498 necessitate

206 3539 402 3578 rerum
439 3536 684 3594 oporteat
733 3531 1062 3600 temperari:
1104 3531 1194 3586 illa
1232 3548 1449 3602 semper
1488 3534 1800 3589 conditione

202 3626 450 3680 servata,
481 3617 610 3670 utin
636 3620 719 3672 his
733 3637 852 3688 quae
871 3623 953 3678 vel
981 3623 1141 3677 dubia
1168 3623 1390 3689 fuerint,
1421 3633 1516 3678 aut
1542 3625 1797 3690 obscura,

201 3705 262 3760 id
295 3706 612 3761 noverimus
647 3712 1000 3776 sequendum,
1030 3713 1173 3780 quod
1209 3730 1307 3768 nec
1329 3714 1614 3783 prmceptis
1639 3730 1803 3768 evan-

199 3796 409 3868 gelicis
440 3798 798 3866 contrarium,
826 3815 928 3856 nec
957 3803 1191 3857 decretis
1222 3815 1534 3859 sanctorum
1559 3805 1803 3860 invenia-

200 3899 302 3944 tur
335 3890 650 3945 adversum.

723 4000 1060 4059 EPISTOLA
1101 4005 1285 4060 XXIII.

621 4132 688 4171 AD
714 4131 966 4174 CABOLUI
999 4134 1400 4175 IIPEBATOREI.

201 4226 610 4281 Deauctoritate
631 4227 764 4282 Viue
777 4227 834 4285 S.
857 4231 1094 4301 Dionysii
1117 4233 1180 4285 ab
1196 4233 1478 4288 Anastasio
1501 4237 1789 4295 translata.

536 4339 696 4404 (Apud
723 4342 926 4403 Mabill.,
950 4343 1173 4395 Analect.
1198 4359 1308 4408 pag.
1333 4346 1466 4409 212.)

295 4431 504 4486 Domno
558 4433 790 4502 glorioso
844 4436 1066 4491 Canem
1134 4438 1450 4505 imperatori
1515 4441 1789 4514 Augusto,

197 4521 544 4587 HINCIABUS,
573 4523 808 4588 nomine,
839 4540 942 4579 non
973 4527 1189 4591 merito,
1216 4527 1547 4586 ltbemorutn
1586 4533 1792 4603 episco-

204 4627 332 4682 pus,
367 4628 429 4666 ac
458 4613 628 4681 plebis
655 4613 749 4668 Dei
778 4615 1034 4670 famulus.
1364 4624 1381 4634 ‘

239 4736 242 4738 η
281 4700 442 4754 Lecta
488 4701 631 4756 beati
683 4703 923 4774 Dionysii
972 4704 1232 4760 Passione
1264 4721 1295 4760 a
1334 4707 1612 4764 Metbodio
1653 4710 1798 4766 Con-
1829 4701 1834 4707 ’

203 4791 618 4860 stantinopolim
669 4792 841 4847 Roma
889 4795 1094 4849 directo
1143 4795 1330 4853 Gneee
1377 4799 1603 4866 dictata,
1633 4810 1689 4856 et
1725 4803 1795 4857 ab

198 4883 495 4938 Anastasio
542 4885 828 4955 utriusque
875 4886 1070 4956 lingua:
1127 4890 1301 4956 perito
1333 4899 1388 4944 et
1433 4893 1793 4964 undecunque

108 4963 118 4969 ’
201 4976 539 5040 doctissimo,
572 4978 887 5046 apostolicre
934 4980 1077 5034 sedis
1124 4982 1562 5050 bibliothecario,
1602 4963 1794 5041 Latine

202 5071 542 5139 conscripta,
579 5070 726 5124 sicut
778 5071 831 5124 in
878 5070 1192 5140 pr:efatione
1235 5090 1332 5128 sua
1379 5085 1588 5142 narrat,
1637 5093 1796 5132 reco-

202 5163 362 5232 gnovi
399 5164 483 5217 bis
507 5179 629 5232 quae
658 5163 731 5218 ibi
761 5165 961 5233 scripta
995 5175 1122 5220 sum
1148 5183 1210 5222 ea
1245 5183 1366 5237 quae
1399 5170 1450 5224 in
1484 5171 1800 5226 adolescens

204 5254 274 5306 tia
325 5253 562 5323 legeram
609 5267 929 5315 consonare,
964 5256 1212 5312 videlicet
1248 5273 1347 5328 per
1392 5274 1530 5328 quos
1559 5268 1615 5315 et
1659 5277 1796 5330 qua—

534 5342 788 5372 o‘xnnluvn::
820 5343 959 5370 ιιι-ηοξ
1000 5346 1234 5370 ηξ-----.ξξ

206 5341 327 5372 Ιῖιη-
356 5351 500 5372 σοι-ηασ-

1827 4487 1877 4546 D

1903 3247 2043 3314 Stolo
2072 3259 2434 3329 baptizatum,
2469 3275 2533 3314 ac
2577 3260 2991 3315 Atheniensium
3041 3261 3348 3315 ordinatum
3379 3259 3494 3328 cpi-

1902 3365 2150 3419 scopum,
2177 3361 2232 3405 et
2263 3353 2316 3405 in
2347 3351 2551 3406 Gallias
2586 3368 2616 3406 a
2666 3362 2856 3406 sancto
2883 3351 3162 3407 Clemente
3198 3354 3485 3423 directum,

1902 3455 1969 3494 ex
2016 3442 2099 3496 his
2145 3457 2264 3510 qua:
2314 3442 2501 3498 Grzeca
2571 3444 2882 3498 testificatio
2932 3453 2990 3498 et
3037 3443 3297 3498 Romana:
3347 3443 3497 3522 sedis

1902 3531 2134 3586 assertio
2173 3540 2228 3585 et
2265 3531 2546 3587 Gallicana
2593 3535 2808 3589 intimat
2851 3537 3199 3602 contestatio,
3233 3545 3410 3590 ratum
3439 3546 3496 3591 et

1905 3621 1957 3675 in
2010 3621 2113 3674 hac
2167 3632 2580 3690 recognoscant,
2626 3626 2768 3693 quod
2818 3625 2942 3679 inde
2983 3636 3108 3680 ante
3145 3641 3242 3680 nos
3285 3627 3490 3680 dictum

1901 3721 2003 3764 est.
2054 3710 2192 3765 Nam
2239 3714 2441 3767 veritas
2479 3715 2676 3782 smpius
2722 3715 2921 3784 agitata
2954 3718 3125 3788 magis
3169 3717 3494 3786 splendescit

1887 3805 1960 3862 .in
1987 3805 2183 3860 lucem.

2414 3896 2751 3954 EPISTOLA
2788 3898 2978 3954 XXIV.

2276 4003 2343 4042 AD
2378 4004 2703 4045 CONV’ENTUM
2730 4004 3115 4045 EPISCOPOIIUI.
3445 4065 3448 4068 .

1905 4104 2190 4188 Responsio
2216 4103 2285 4186 ad
2314 4103 2778 4188 interrogationem
2803 4101 3087 4182 Cantuarii
3116 4091 3492 4182 archiepiscopi

1972 4173 2322 4237 (.‘olon‘iensis,
2365 4173 2430 4225 de
2479 4189 2644 4228 uxore
2689 4173 2911 4227 Batonis
2959 4190 3076 4242 qua:
3122 4174 3290 4228 ritum
3336 4173 3491 4230 suum

1972 4245 2276 4314 reliquerat.

1964 4301 2127 4405 (Apud
2153 4341 2420 4402 Sirmond.,
2446 4355 2508 4392 ex
2531 4342 2688 4392 veteri
2725 4343 2894 4391 codice
2922 4341 3148 4392 Bibliotb.
3168 4301 3449 4405 Thoante}.

1971 4444 2310 4507 "INCIARUS,
2346 4445 2580 4507 nomine,
2609 4461 2716 4498 non
2749 4445 2968 4512 merito,
2996 4446 3328 4502 Bltctnorum
3376 4445 3487 4516 epi-

1903 4550 2134 4605 scopus,
2191 4551 2257 4590 ac
2313 4534 2484 4604 plebis
2540 4535 2631 4590 Dei
2703 4534 2967 4596 famulus.
3031 4552 3190 4594 sacro
3251 4531 3488 4592 coavstv‘

1904 4645 2017 4684 τυι.

1975 4716 2208 4784 Quidam
2260 4717 2420 4771 beato
2464 4717 2756 4772 Ambrosio
2785 4719 3028 4786 quaedam
3075 4719 3377 4790 proposuit,
3421 4721 3489 4773 ad

1901 4822 2132 4877 quorum
2161 4805 2482 4860 solutionem
2521 4809 2572 4861 in
2613 4806 2857 4862 crastina
2903 4807 3053 4862 illum
3087 4809 3152 4862 ad
3198 4805 3489 4860 ecclesiam

1902 4897 2169 4960 invitavit,
2201 4897 2343 4951 unde
2373 4911 2680 4952 sermonem
2725 4898 2978 4953 adoriens
3008 4897 3107 4968 (De
3136 4897 3354 4950 lncaru.
3390 4895 3494 4950 Do-

1899 4985 2091 5054 mini):
2129 5007 2146 5038 ι
2174 4987 2270 5041 Λα
2301 4985 2648 5053 solvendum,
2695 4987 2906 5056 inquit,
2956 4988 3192 5044 debitum
3232 4983 3492 5040 creditori

1901 5094 2022 5133 meo
2069 5080 2283 5135 adveni.
2334 5078 2442 5132 Sed
2487 5090 2544 5134 et
2590 5095 2690 5149 ego
2741 5079 2807 5131 de
2854 5081 2987 5132 mibi
3043 5073 3318 5148 preposita
3373 5073 3496 5140 heri

1903 5168 2237 5236 quaestione,
2289 5167 2445 5237 cujus
2501 5171 2826 5225 solutionem
2887 5183 3028 5222 nunc
3091 5175 3312 5222 assero,
3367 5171 3500 5220 tunc

1904 5258 2104 5314 domno
2137 5260 2443 5317 Guntbario
2472 5277 2570 5331 pro
2609 5261 2785 5315 tribus
2817 5259 2997 5311 causis
3023 5253 3354 5350 respondere
3390 5272 3500 5312 non

1903 5349 2052 5372 ...κεν-2
2084 5365 2098 5370 -
2132 5367 2142 5369 _
2170 5353 2180 5365 ι
2206 5355 2218 5370 ι
2256 5354 2292 5368 ια
2342 5359 2381 5368 ξ.
2517 5353 2527 5364 ο
2649 5351 2663 5366 I
2731 5353 2953 5366 .----_.n..--
2972 5347 3086 5366 Λα---
3120 5347 3225 5366 2......
