4046 6284
513 303 618 359 156

1482 298 1818 357 HINCMARI
1857 295 2254 354 RIIEMENSIS
2287 297 2806 356 ARCHIEPISCOPI

3679 305 3790 366 ἰαί

514 414 740 471 fundere
764 416 943 487 potius
984 431 1146 486 quam
1174 413 1440 485 proferre,
1471 421 1761 483 antequam
1791 411 1929 468 alius
1955 411 2088 466 mihi
2117 411 2442 482 Acorporis
2483 414 2591 478 sui,
2618 415 2711 469 sed
2757 415 2872 482 vir;
2917 423 2975 472 et
3014 417 3098 472 vir
3124 432 3232 472 non
3263 418 3424 474 habet
3451 427 3780 498 potestatem

513 499 838 564 sententiam
886 511 955 564 ab
1007 510 1138 580 ipsis
1197 508 1352 562 labiis
1400 507 1605 576 rapiat,
1653 515 1715 562 ut
1763 521 1865 560 nec
1919 506 2092 560 bucca

512 600 707 656 cll‘erre
757 600 985 656 sulliciat
1035 599 1178 668 quod
1223 598 1310 654 vel
1351 598 1610 653 convulsa
1670 597 1933 653 memoria
1973 595 2094 652 sub-

512 692 804 746 ministrat.
851 690 956 746 Sed
997 699 1054 744 et
1094 690 1235 744 sicut
1274 688 1539 759 scriptum
1578 683 1702 743 est:
1739 687 1844 753 Qui
1889 685 2096 755 fortiter

511 783 699 851 premit
735 781 916 843 ubera,
961 779 1205 849 exprimit
1251 782 1529 849 butyrum;
1559 787 1606 832 et
1641 777 1731 847 qui
1771 776 2096 832 vehementer

512 871 754 941 emulget,
794 869 933 924 elicit
979 870 1291 940 sanguinem
1338 869 1520 940 (Prov.
1548 868 1713 938 xxx),
1764 867 1919 922 timui
1950 881 2018 920 ne
2047 865 2094 921 si

512 961 812 1016 inconsulte
855 975 921 1016 ac
957 976 1304 1031 praepropere
1344 962 1762 1031 responderem,
1805 959 1860 1013 in
1905 973 2096 1012 carna-

511 1048 617 1104 lem
656 1049 987 1105 intellectum
1023 1051 1350 1115 deciderem,
1381 1052 1505 1121 quia
1532 1060 1857 1122 occupatum
1889 1050 1957 1104 ad
1987 1049 2093 1103 alia

510 1154 605 1194 cor
651 1155 828 1194 meum
879 1157 968 1196 me
1009 1142 1400 1212 dereliquerat,
1447 1151 1504 1197 et
1547 1142 1728 1197 lumen
1790 1140 2094 1211 intelligen-

511 1230 762 1286 tiunculaa
800 1224 1052 1286 serenum
1101 1233 1231 1287 mihi
1262 1234 1347 1288 vel
1389 1249 1600 1289 mecum
1636 1249 1742 1288 non
1781 1241 1920 1288 erat.
1957 1233 2096 1299 Qua-

511 1328 730 1391 propter
769 1323 985 1387 distuli,
1018 1325 1190 1379 donec
1231 1324 1276 1380 si
1333 1325 1473 1380 forte
1519 1327 1813 1380 secundum
1861 1327 2097 1395 prophe-

511 1419 621 1465 tam
648 1410 864 1481 (Ezech.
891 1414 974 1484 ιιι)
1008 1415 1318 1471 mitteretur
1358 1431 1574 1481 manus,
1618 1433 1738 1486 qua:
1763 1432 1852 1473 me
1885 1417 2094 1472 cibaret

513 1501 816 1558 intellectus
855 1503 1130 1559 volumine
1159 1525 1172 1559 :
1207 1522 1326 1576 qua:
1361 1507 1612 1563 videlicet
1661 1510 1820 1564 toties
1861 1509 2110 1563 mittitur.

511 1593 726 1660 quoties
757 1608 880 1663 qua:
925 1612 1052 1652 ante
1085 1599 1461 1654 nesciebamus
1496 1601 1676 1656 divina
1727 1603 1882 1658 nobis
1920 1603 2094 1673 gratia

513 1685 836 1740 revelantur.
885 1688 1000 1754 Qua
1044 1690 1112 1745 de
1155 1705 1214 1744 re
1259 1693 1680 1760 pr0positionem
1724 1695 1905 1748 domui
1947 1694 2093 1748 Gun-

2195 502 2441 570 corporis
2486 502 2591 566 sui,
2638 505 2732 558 sed
2763 505 2957 562 mulier
2985 507 3181 578 (ibid.).
3219 507 3385 564 Uxori
3415 509 3499 562 vir
3537 510 3777 567 debitum

2195 593 2423 649 reddere
2446 594 2626 659 debet,
2657 604 2714 649 et
2745 611 2884 651 uxor
2907 597 3046 662 viro,
3077 606 3137 652 ut
3170 613 3275 652 non
3307 607 3595 656 teutentur
3615 615 3645 654 a
3680 600 3777 655 Sa-

2195 692 2316 738 tana
2366 693 2586 754 propter
2628 686 3094 743 incontinentiam.
3121 689 3274 757 Quod
3317 690 3408 759 qui
3435 705 3624 746 eontm
3671 707 3778 746 non

2196 772 2402 836 fecerit,
2447 774 2549 829 nisi
2595 790 2660 830 ex
2709 792 2974 832 consensu
3018 790 3239 850 propter
3271 780 3438 834 Deum
3484 780 3780 845 dimiserit,

2196 880 2377 935 parem
2421 880 2607 932 suum,
2656 868 2764 922 imo
2809 879 3016 939 partem
3074 872 3317 939 corporis
3365 872 3449 926 sui
3506 873 3793 932 moechari.

2197 953 2343 1010 facit.
2374 955 2432 1010 Si
2463 966 2518 1010 tu
2551 957 2677 1012 huic
2704 957 2922 1016 femiute
2949 960 3326 1028 paenitentiam
3360 962 3629 1030 posueris,
3655 977 3780 1030 quae

2195 1061 2322 1116 pars
2353 1055 2438 1102 est
2477 1050 2722 1118 corporis
2765 1050 2868 1104 viri
2914 1053 3169 1108 dioecesis
3201 1052 3448 1116 alterius,
3482 1054 3600 1109 sine
3640 1069 3780 1110 con-

2196 1153 2356 1198 sensu
2401 1141 2626 1196 rectoris
2655 1150 2712 1197 et
2759 1142 2882 1206 viri,
2915 1150 3103 1199 contra
3135 1143 3351 1213 regulas
3378 1143 3790 1200 ecclesiasticas

2196 1227 2351 1295 facis,
2371 1239 2443 1294 et,
2477 1232 2703 1286 docente
2732 1231 2912 1287 Leone
2943 1248 3101 1303 papa,
3134 1235 3353 1290 honoris
3387 1235 3774 1290 communione

2192 1318 2445 1387 privaris.
2475 1320 2543 1374 Et
2570 1321 2736 1375 item:
2774 1320 2832 1377 Si
2866 1322 2990 1377 huic
3026 1323 3241 1378 feminae
3284 1324 3399 1395 lege
3440 1324 3786 1395 pmniteutite

2195 1423 2414 1462 manum
2450 1410 2702 1480 imponis,
2731 1420 2787 1466 et
2820 1412 2908 1466 illa
2939 1415 3240 1469 membrum
3275 1425 3438 1484 caput
3465 1431 3625 1471 suum
3655 1417 3774 1487 (ca-

2194 1506 2291 1567 put
2331 1498 2476 1552 enim
2527 1501 2776 1556 mulieris
2804 1502 2935 1573 vir),
2969 1502 3022 1556 in
3060 1503 3285 1558 alteram
3315 1504 3648 1573 provinciam
3690 1520 3800 1560 se-.

2195 1598 2322 1645 cuta
2371 1591 2555 1656 fuerit,
2585 1593 2686 1647 sub
2717 1595 3058 1662 providentia
3102 1594 3326 1651 alterius
3371 1596 3623 1665 praesulis
3659 1597 3785 1666 quis

2195 1696 2381 1736 curam
2422 1683 2490 1738 de
2531 1683 2649 1752 ejus
2676 1685 2904 1755 accipiet
2932 1687 3288 1755 paenitentia?
3338 1687 3476 1756 Quis
3504 1697 3561 1743 ttt
3591 1704 3788 1744 recou-

511 1775 674 1829 tharii
713 1777 1083 1844 prteferamus,
1117 1791 1172 1834 et
1221 1781 1542 1838 solutionem
1569 1800 1638 1838 ex
1686 1783 1970 1856 largitione
2013 1787 2092 1840 di-

2197 1773 2412 1828 cilietur
2443 1774 2740 1828 secundum
2769 1790 3028 1841 canones,
3070 1778 3140 1832 ad
3175 1775 3294 1846 ejus
3335 1778 3579 1833 attendet
3606 1779 3790 1849 lact-y-

509 1863 650 1918 vina:
694 1868 881 1936 gratia:
925 1885 1022 1925 aro
1059 1879 1218 1941 captu
1265 1881 1465 1928 nostra:
1518 1874 1888 1946 intelligentitr.
1949 1877 2096 1932 refe-

511 1971 714 2011 ramus.

585 2063 604 2095 ι
639 2045 728 2110 Si,
771 2046 976 2116 inquit,
1017 2049 1216 2104 femina
1252 2051 1478 2109 Bosonis
1513 2054 1580 2109 ad
1628 2069 1726 2109 nos
1759 2057 1992 2122 venerit,
2037 2064 2098 2112 et

514 2154 532 2188 ι
578 2138 790 2207 publice
818 2139 1065 2195 confessa
1095 2141 1276 2208 fuerit,
1304 2145 1526 2200 dicens:
1557 2144 1671 2199 Mea
1702 2147 1880 2216 culpa,
1912 2152 2090 2202 virum

517 2245 538 2280 ι
583 2244 760 2283 meum
799 2230 1098 2286 adulteravi
1127 2250 1140 2286 :
1175 2244 1504 2305 quapropter
1531 2237 1724 2292 timore
1754 2240 1943 2293 mortis
1973 2254 2093 2308 per-

515 2336 534 2369 t
584 2322 771 2374 territa
809 2324 877 2376 ad
925 2339 1020 2378 vos
1075 2325 1330 2394 confugi,
1378 2328 1472 2397 qui
1511 2328 1604 2382 Dei
1652 2329 1784 2384 estis
1830 2331 2088 2396 vicarius,

511 2431 532 2462 ι
574 2421 632 2465 ιιι
675 2426 763 2466 me
805 2421 860 2466 et
907 2413 1015 2468 Deo
1070 2414 1324 2480 salvetis,
1373 2427 1430 2472 et
1478 2433 1511 2472 a
1560 2429 1737 2474 morte
1785 2422 2088 2491 corporali,

511 2521 531 2552 ι
575 2517 695 2572 qua:
726 2504 856 2557 mihi
907 2504 1157 2560 imminet
1201 2522 1265 2562 ex
1315 2519 1467 2578 parte
1503 2511 1682 2564 mariti
1725 2513 1852 2574 mei,
1893 2527 1980 2566 me
2021 2512 2090 2566 li-

511 2611 529 2644 ι
573 2593 804 2658 beretis;
846 2604 1024 2648 utrum
1075 2597 1298 2653 debeam
1351 2599 1428 2654 illi
1494 2602 1762 2670 publicam
1815 2604 2091 2674 poeniten-

509 2701 528 2734 ι
577 2683 704 2736 tiam
751 2683 1046 2753 imponere,
1093 2703 1258 2756 quam
1305 2699 1400 2743 aut
1443 2690 1496 2744 in
1542 2692 1794 2760 parochia
1847 2707 1989 2758 mea,
2035 2694 2088 2748 in

511 2794 528 2823 ι
576 2789 738 2842 quam
781 2774 1044 2846 confugit,
1092 2777 1332 2847 sejuncta
1363 2795 1393 2833 a
1427 2781 1544 2836 viro
1589 2797 1688 2836 suo
1720 2792 1961 2854 peragat,
1993 2792 2089 2838 aut

508 2884 525 2911 ο
575 2879 696 2919 eam
735 2865 909 2919 eidem
948 2867 1062 2921 viro
1099 2884 1196 2923 suo
1231 2871 1332 2923 sub
1368 2871 1460 2924 tali
1509 2873 1817 2928 conditione
1862 2874 2088 2929 reddere

509 2970 529 3002 ι
573 2954 816 3020 debeam,
851 2968 911 3012 ut
945 2958 1091 3012 nullo
1140 2961 1299 3015 modo
1333 2976 1453 3016 eam
1497 2964 1810 3030 interficiat,
1839 2967 1936 3021 sed
1967 2977 2089 3036 post

509 3063 528 3096 ι
577 3047 948 3114 paenitentiam
987 3049 1131 3104 illam
1163 3051 1216 3105 iu
1261 3054 1513 3124 conjugio
1553 3056 1767 3111 habeat.
1817 3059 1990 3125 Quam
2037 3061 2084 3115 si

2198 1883 2317 1922 mas
2355 1877 2410 1922 et
2453 1869 2848 1927 confessionem
2871 1911 2886 1935 ,
2934 1886 3096 1940 quam
3144 1888 3252 1930 non
3284 1874 3527 1929 audivit?
3563 1875 3700 1941 Quis
3731 1876 3793 1930 ei-

2196 1973 2413 2013 manum
2447 1958 2515 2012 ad
2550 1960 3048 2016 reconciliationem
3081 1963 3343 2030 imponet,
3370 1965 3543 2019 sacris
3580 1965 3786 2035 regulis

2195 2049 2630 2113 decernentibus,
2661 2058 2720 2104 ut
2753 2066 2915 2106 nemo
2938 2053 3316 2122 episcoporum
3357 2054 3460 2108 sub
3493 2069 3655 2108 manu
3688 2071 3787 2124 po-

2194 2139 2358 2195 situm
2388 2139 2614 2196 alterius
2642 2142 2944 2197 sacerdotis
2971 2143 3040 2196 ad
3080 2144 3575 2200 reconciliationem
3613 2149 3792 2201 susci-

2193 2233 2326 2302 piat,
2359 2247 2534 2301 ueque
2582 2233 2990 2290 reconciliatum
3018 2235 3136 2290 sine
3168 2235 3364 2291 litteris
3389 2236 3476 2292 vel
3508 2253 3786 2292 consensu

2195 2323 2620 2378 reconciliatoris
2669 2325 2936 2394 recipiat?
2981 2326 3047 2380 Et
3090 2328 3360 2397 quomodo
3406 2338 3617 2396 partem
3661 2343 3792 2384 cor-

2192 2414 2360 2484 poris,
2407 2413 2516 2468 itno
2563 2414 2836 2470 hominem
2859 2417 3094 2473 alterius
3136 2418 3375 2488 episcopi
3406 2427 3461 2473 et
3505 2420 3801 2489 parochias.

2187 2503 2484 2573 judicabis,
2530 2506 2659 2574 quin
2713 2507 3072 2575 pteniteutiali
3113 2507 3316 2578 judicio
3362 2509 3788 2565 condemnabis!

2191 2611 2316 2650 cum
2360 2599 2621 2666 scriptum
2655 2599 2744 2664 sit,
2777 2601 2920 2668 quod
2949 2609 3173 2656 sanctus
3213 2600 3510 2672 Gregorius
3546 2601 3676 2656 hinc
3727 2602 3786 2658 in

2191 2690 2305 2744 suis
2358 2691 2590 2745 decretis
2645 2692 2894 2761 exposuit
2936 2709 2947 2745 :
2985 2711 3004 2743 ι
3041 2691 3100 2746 Si
3129 2693 3400 2758 transieris
3427 2708 3520 2762 per
3562 2709 3782 2748 messem

2191 2781 2348 2835 amici
2387 2783 2486 2843 tui,
2524 2781 2722 2849 fricans
2755 2781 3072 2850 confricabis
3101 2783 3273 2853 spicas
3307 2783 3548 2836 manibus
3578 2783 3704 2846 tuis,
3729 2793 3780 2836 et

2191 2871 2768 2939 manducabisyfalcem
2811 2881 2986 2928 autem
3018 2888 3122 2927 non
3166 2873 3344 2926 mittas
3373 2871 3551 2942 (Deut.
3585 2873 3774 2940 mu),

2191 2959 2305 3014 sive
2358 2958 2496 3013 falce
2552 2975 2658 3014 non
2714 2967 2916 3024 metas,
2965 2960 3018 3014 id
3066 2968 3152 3015 est
3202 2961 3451 3016 homines
3502 2961 3794 3030 parochia:-

2191 3047 2414 3104 alterius
2473 3033 2654 3102 verbo.
2715 3048 3118 3116 praedicationis
3178 3057 3232 3102 ct
3285 3048 3534 3116 exemplo
3589 3049 3784 3118 operis

511 3155 530 3187 ι
578 3137 944 3205 interfecerit,
1000 3141 1135 3196 sciat
1183 3157 1242 3198 se
1300 3145 1670 3202 ecclesiastica
1737 3150 2086 3207 damnatione

2193 3139 2300 3207 (ita
2359 3147 2538 3193 tamen
2599 3149 2659 3193 ut
2712 3155 2819 3194 non
2869 3139 3154 3194 conculces
3218 3138 3607 3209 sitnpliciorcm
3665 3139 3784 3193 fra-

511 3245 532 3278 ι
575 3229 938 3298 plectendum,
991 3235 1246 3303 quoniam
1321 3238 1472 3293 nefas
1520 3250 1606 3294 est
1659 3256 1987 3311 quemquam
2031 3244 2088 3298 in

513 3337 531 3368 ι
577 3319 788 3386 publica
831 3323 1150 3390 poenitentia
1199 3327 1432 3396 positum
1468 3346 1498 3383 a
1543 3344 1866 3401 quocunque
1915 3333 2088 3398 inter-

512 3425 532 3459 ι
581 3407 688 3463 ﬁci.
714 3429 734 3461 ο
1878 3476 1881 3479 .

581 3498 988 3570 Respondemus
1015 3522 1028 3558 :
1057 3505 1335 3562 Feminam
1370 3508 1514 3562 illam
1545 3510 1596 3563 in
1627 3518 1714 3563 tua
1741 3511 1825 3564 vel
1868 3511 2091 3567 alterius

507 3591 769 3660 cujusque
813 3597 1065 3664 parochia
1117 3607 1332 3665 natam,
1375 3601 1741 3670 baptizatum,
1791 3605 2086 3669 nutritam,

508 3682 766 3749 adultam,
811 3684 1128 3742 facultatum
1160 3689 1474 3744 haereditate
1520 3691 1782 3757 ditatam,
1833 3692 1976 3747 Boso
2022 3707 2089 3748 cx

507 3774 612 3828 alia
658 3792 764 3830 non
802 3778 960 3832 modo
1003 3781 1280 3850 parochia,
1321 3797 1508 3836 verum
1557 3799 1625 3837 ex
1660 3784 1766 3840 alia
1813 3785 2090 3854 provincia

509 3877 687 3932 natus,
736 3878 790 3923 et
843 3885 940 3939 per
987 3873 1167 3926 omnia
1199 3873 1530 3928 incrementa
1565 3877 1617 3929 in
1673 3877 1969 3945 perfectum
2017 3878 2092 3931 vi-

509 3975 628 4012 rum
667 3960 974 4028 perductus,
1023 3962 1123 4016 sub
1163 3963 1386 4017 alterius
1433 3965 1666 4034 episcopi
1709 3982 1840 4020 cura
1891 3969 2092 4035 degens

506 4049 803 4102 secundum
855 4050 1026 4118 legem
1074 4051 1307 4105 divinam
1337 4062 1390 4106 et
1443 4054 1770 4116 humanam,
1819 4058 1958 4124 apud
1999 4071 2094 4112 eos

507 4150 740 4204 quorum
791 4139 1051 4193 intererat
1095 4139 1368 4206 obtinuit,
1424 4143 1804 4211 desponsavit,
1856 4145 2090 4210 dolavit,

510 4227 741 4297 publicis
767 4229 966 4298 nuptiis
995 4230 1301 4295 honoravxt,
1329 4241 1384 4284 et
1410 4231 1509 4286 sibi
1541 4231 1592 4288 in
1621 4231 1857 4303 conjugii
1899 4235 2092 4304 copula

510 4319 759 4383 sociavit,
803 4327 859 4373 et
899 4335 1062 4374 unum
1091 4336 1288 4391 corpus
1332 4311 1606 4393 unamque
1637 4338 1856 4379 carnem
1905 4341 2092 4382 secum

508 4407 707 4472 eﬂ'ccit,
739 4409 880 4463 sicut
907 4409 1168 4478 scriptum
1195 4421 1279 4467 est
1305 4431 1318 4467 :
1350 4410 1521 4466 Erunt
1553 4413 1658 4466 duo
1680 4414 1734 4468 in
1766 4431 1925 4469 carne
1950 4433 2091 4481 una;

501 4500 618 4570 jam
664 4516 765 4554 non
791 4509 913 4555 sunt
951 4501 1090 4568 duo,
1134 4503 1225 4556 sed
1255 4519 1362 4557 una
1403 4520 1527 4558 caro
1578 4503 1731 4574 (Gen.
1778 4521 1852 4570 tt;
1894 4505 2088 4562 Matth.

510 4592 670 4661 nx);
723 4601 775 4647 et
816 4612 829 4647 :
879 4591 1037 4659 Quod
1096 4595 1236 4650 Deus
1273 4598 1492 4666 junxt't,
1533 4598 1686 4652 homo
1734 4615 1837 4652 non
1891 4609 2092 4670 separet

510 4683 726 4752 (Matth.
777 4689 942 4756 xix);
992 4688 1096 4742 nisi
1145 4687 1285 4744 forte
1337 4698 1619 4760 perpetuo,
1666 4706 1734 4746 ex
1784 4687 2088 4758 conSensu,

507 4786 728 4848 propter
771 4779 1192 4844 continentiam,
1237 4781 1382 4836 unde
1439 4789 1590 4837 tanto
1636 4783 1912 4854 conjuncti
1961 4792 2092 4838 sunt

513 4869 744 4939 amplius
770 4879 974 4939 quanto
1015 4878 1072 4926 et
1108 4871 1474 4940 spiritualius;
1521 4880 1616 4926 aut
1644 4874 1712 4927 ad
1766 4881 1996 4944 tempus,
2030 4884 2092 4930 ut

509 4972 705 5017 vacent
731 4962 986 5028 orationi,
1013 4971 1069 5018 et
1113 4972 1456 5018 revertantur
1497 4965 1692 5019 iterum
1739 4964 1792 5019 in
1831 4965 2090 5036 idipsum,

509 5069 579 5110 ne
620 5061 898 5109 teutentur
941 5070 971 5109 a
1019 5053 1218 5110 Satana
1267 5063 1489 5126 propter
1534 5055 1983 5111 incontinentiam
2027 5055 2090 5128 (Ι

511 5144 634 5200 Cor.
661 5147 789 5213 vn);
827 5155 923 5201 aut
949 5162 1112 5202 causa
1145 5146 1539 5212 fornicationis,
1569 5163 1674 5218 qua
1705 5147 1966 5218 separati,
1998 5156 2093 5203 aut

510 5236 610 5300 sic,
642 5237 693 5292 id
726 5248 811 5293 est
855 5239 1064 5309 inuupti
1091 5246 1148 5294 et
1189 5239 1422 5308 separati
1459 5246 1734 5302 maneant,
1773 5246 1868 5293 aut
1904 5248 2094 5296 mutuo

512 5327 946 5383 reconcilientur.
980 5328 1262 5395 Quomodo
1291 5328 1494 5398 poteris
1529 5328 1843 5383 inferiorem
1881 5339 2091 5398 partem

511 5418 757 5486 corporis
801 5419 1033 5475 hominis
1061 5420 1205 5474 illius
1241 5418 1335 5488 qui
1363 5418 1465 5474 sub
1503 5419 1729 5473 alterius
1757 5419 2093 5490 providentia

513 5507 680 5577 degit,
725 5523 998 5578 separare,
1042 5519 1098 5565 et
1127 5519 1314 5566 tenere
1340 5510 1442 5565 sub
1479 5511 1820 5580 ptenitcntia,
1847 5525 1968 5580 quae
1995 5524 2098 5566 nec

514 5599 746 5653 orationi
778 5603 1120 5657 continenter
1146 5602 1265 5658 sine
1308 5602 1776 5672 consensu‘partis
1799 5601 2102 5671 superioris,

522 5704 716 5745 vacare
750 5694 961 5760 potest?
1002 5692 1195 5750 Mulier
1226 5692 1374 5750 enim
1421 5710 1529 5750 non
1575 5692 1740 5750 habet
1775 5702 2096 5765 potestatem

2192 3240 2328 3286 trem
2362 3243 2531 3296 tuum,
2570 3247 2636 3286 ne
2669 3232 2880 3287 incidas
2911 3233 2964 3285 in
3015 3232 3225 3286 ruinam
3256 3239 3312 3286 et
3358 3230 3642 3300 laqueum.
3677 3246 3800 3285 vat--

2189 3340 2314 3379 nam
2364 3325 2568 3380 scilicet
2624 3325 2850 3395 gloriam
2901 3323 3134 3393 diaboli)
3186 3323 3240 3376 in
3297 3337 3493 3394 corpus
3532 3321 3778 3388 Christi,

2189 3431 2310 3484 qua:
2351 3423 2434 3470 est
2477 3414 2746 3478 Ecclesia,
2791 3414 2986 3468 festina
3024 3413 3276 3482 trajicere
3302 3451 3316 3477 ,
3347 3411 3539 3467 falcem
3584 3420 3771 3466 autem

2185 3506 2372 3576 judicii
2423 3521 2530 3560 non
2583 3506 2916 3575 permitteris
2964 3505 3220 3570 mittere,
3266 3503 3352 3558 vel
3401 3503 3538 3558 falce
3580 3501 3780 3569 judicii

2191 3604 2418 3661 metere,
2443 3596 2495 3650 id
2514 3603 2599 3650 est
2627 3595 2866 3650 incidere
2889 3595 3004 3650 sive
3025 3594 3327 3649 abscidere.
3360 3612 3380 3644 ι
3405 3593 3470 3648 Ει
3491 3593 3773 3662 quoniam,

2193 3689 2335 3744 sicut
2364 3689 2476 3758 ipse
2506 3689 2647 3743 Boso
2689 3689 2836 3748 dicit.
2871 3689 3049 3742 cidem
3096 3685 3330 3750 mulieri,
3361 3700 3483 3754 quae
3511 3699 3640 3740 caro
3675 3700 3780 3740 sua

2193 3790 2298 3846 est,
2332 3781 2539 3836 nullum
2569 3781 2774 3836 crimen
2814 3777 3082 3848 impingit,
3111 3775 3205 3832 sed
3237 3791 3342 3830 non
3373 3775 3638 3830 modicam
3681 3788 3785 3830 ne-

2195 3873 2538 3944 gligentiam,
2570 3873 2697 3941 quia
2745 3872 2814 3926 ab
2857 3871 2974 3940 ejus
3003 3885 3061 3924 se
3105 3868 3373 3922 subtraxit
3421 3868 3679 3933 servitio,
3726 3875 3788 3924 et

2137 3951 2150 3957 ’
2195 3972 2453 4034 quantum
2499 3978 2564 4016 ex
2617 3963 2730 4032 ipsa
2759 3971 2870 4024 est,
2904 3961 3053 4015 illum
3099 3959 3362 4016 moecbari
3394 3957 3546 4022 fecit,
3589 3967 3784 4014 contra

2196 4056 2579 4111 auctoritatem
2611 4062 2776 4124 atqtte
2819 4053 3085 4123 justitiam
3117 4067 3238 4106 eum
3271 4050 3580 4114 dimittens,
3625 4058 3679 4104 et
3725 4049 3784 4106 in

2198 4146 2322 4200 aliis
2357 4145 2540 4215 regnis
2587 4145 2808 4198 circiter
2837 4159 2932 4212 per
2964 4141 3256 4196 triennium
3298 4140 3621 4200 immorans,
3652 4155 3787 4194 con-

2198 4246 2384 4290 tumax
2413 4235 2682 4288 mandatis
2703 4233 2808 4288 illis
2837 4233 2970 4288 adeo
2991 4232 3220 4297 exstitit,
3249 4240 3310 4286 ut
3334 4245 3436 4286 nec
3457 4230 3786 4301 compellata

2195 4341 2293 4396 per
2327 4333 2474 4380 tanta
2526 4333 2828 4394 temporum
2873 4323 3046 4392 spatia
3087 4323 3156 4377 ad
3197 4336 3322 4377 eum
3371 4321 3631 4385 redierit,
3683 4337 3787 4391 pro

2198 4415 2378 4472 domui
2406 4413 2683 4484 apostolici
2718 4423 2801 4469 est
2821 4412 3067 4482 jussione
3094 4413 3170 4468 illi
3204 4419 3426 4482 paratus
3455 4410 3778 4482 indulgere;

2198 4519 2366 4566 restat
2397 4518 2453 4563 ut
2481 4523 2597 4574 rex,
2633 4508 2686 4562 in
2729 4508 2884 4577 cujus
2913 4520 3078 4576 regno
3105 4503 3272 4576 degit,
3304 4503 3602 4559 secundum
3650 4517 3807 4558 con-'-

2195 4599 2543 4669 scriptionem
2574 4595 2922 4668 chirographi
2951 4610 3141 4664 regum
3168 4603 3479 4650 nostrorum
3499 4632 3516 4658 ,
3556 4607 3676 4646 eam
3713 4593 3783 4647 ad

2194 4694 2296 4748 viri
2327 4694 2410 4748 sui
2440 4692 2785 4763 praesentiam
2832 4689 3030 4744 adduci
3071 4687 3254 4753 faciat,
3295 4695 3352 4742 et
3387 4695 3444 4742 ιιι
3471 4686 3778 4755 episcopus,

2197 4783 2251 4837 in
2280 4782 2434 4851 cujus
2461 4781 2718 4851 parochia
2749 4780 3091 4842 immoratur,
3113 4777 3238 4846 quia
3257 4776 3359 4831 hoc
3380 4790 3486 4830 non
3507 4782 3591 4828 est
3613 4774 3778 4842 regis,

2195 4872 2342 4928 sicut
2366 4881 2588 4927 sanctus
2613 4870 2906 4942 Gregorius
2931 4869 3104 4924 dehis
3124 4868 3218 4938 qui
3245 4867 3312 4922 ad
3336 4866 3632 4928 Ecclesiam
3651 4879 3783 4922 cou-

2198 4959 2411 5028 fugiunt
2441 4960 2706 5031 praecipit,
2735 4961 2779 5015 si
2803 4959 3048 5030 exposcit
3070 4957 3392 5020 necessitas,
3427 4955 3778 5010 securitatem

2196 5054 2262 5108 de
2291 5054 2548 5123 aequitate
2573 5053 2676 5108 sibi
2707 5055 2971 5108 servanda
3000 5049 3140 5121 apud
3175 5049 3351 5105 virum
3391 5047 3509 5117 ejus
3551 5054 3778 5115 expetas

2195 5154 2252 5200 ct
2302 5145 2589 5212 obtineas,
2639 5153 2695 5200 et
2742 5151 2866 5215 post
2909 5144 3014 5199 hoc
3061 5143 3260 5197 missus
3309 5140 3618 5210 reipublicae
3661 5138 3778 5191 vim

2195 5252 2420 5292 uxorem
2478 5235 2599 5306 fuga
2647 5235 2850 5306 lapsam
2892 5235 3162 5289 restituat.
3206 5232 3306 5298 Qui
3353 5231 3459 5295 vir,
3501 5229 3550 5284 si
3586 5243 3775 5282 sacra-

2196 5335 2439 5382 mentum
2470 5325 2722 5396 fregerit,
2769 5334 2823 5379 et
2866 5323 3180 5394 apostolicis
3207 5322 3429 5378 monitis
3454 5319 3774 5376 inobediens

2197 5419 2504 5484 exstiterit,
2537 5419 2824 5488 episcopus
2860 5417 2928 5470 ad
2967 5413 3120 5482 cujus
3149 5429 3338 5470 curam
3367 5412 3636 5482 pertinet,
3679 5424 3773 5462 ca-

2201 5509 2450 5566 nonicum
2470 5507 2734 5579 judicium
2772 5507 2826 5562 in
2852 5505 3000 5561 illum
3021 5505 3246 5575 proinde
3273 5511 3476 5559 exerat.
3507 5501 3563 5556 Si
3591 5509 3773 5554 autem

2202 5599 2468 5665 confessa,
2499 5599 2582 5653 vel
2614 5597 2859 5670 legaliter
2880 5596 2948 5651 de
2974 5595 3240 5652 adulteﬁo
3267 5593 3531 5655 convicta,
3563 5589 3774 5644 incolit-

2203 5692 2307 5748 mis
2355 5693 2590 5750 evaserit
2611 5731 2626 5757 ,
2678 5690 2794 5759 lege
2835 5688 3203 5745 ecclesiastica
3251 5683 3580 5757 paenitentia:
3629 5680 3788 5748 illam.
