4018 5392
207 279 310 335 157

1629 280 2024 340 ‘EPISTOLIE.

3383 293 3489 350 158

208 391 380 448 isdem
407 390 702 463 cpiscopus
719 392 960 464 subigat,
987 395 1114 464 quia
1159 404 1216 451 et
1259 394 1548 457 mundanis
1588 394 1797 464 legibus
1827 398 1875 462 Α
1974 396 2116 465 Lege
2148 396 2345 454 librum
2377 415 2468 455 xvi
2509 400 2643 473 legis
2679 402 2954 468 Romanae,
2982 402 3098 474 lege
3127 401 3344 460 decreta
3371 405 3480 460 Da-

209 491 426 537 canturn
469 493 634 552 atque
683 484 939 540 usitatum
981 501 1103 541 esse
1143 486 1507 556 dignoscitur,
1552 497 1612 540 ut
1655 485 1792 540 mala

206 591 325 643 qm?
348 583 732 644 perpetrantur
754 577 809 630 in
835 577 939 633 illis
967 577 1101 634 locis
1122 577 1577 642 errrendcntur,.in
1598 577 1795 646 quibus

203 677 520 738 perpetrata
547 668 714 724 fuisse
736 670 984 738 legaliter
996 671 1433 740 comprobantur.
1460 669 1665 725 Praeter
1679 668 1794 724 hare

200 760 335 815 nihil
371 761 501 815 mihi
531 762 740 816 videtur
762 763 1050 833 agendum,
1080 762 1183 818 nisi
1215 770 1308 816 aut
1341 761 1524 816 domui
1573 768 1793 831 aposto-

202 853 289 907 lici
330 853 538 907 monita
563 867 939 923 exsequamur
987 862 1082 908 aut
1121 852 1384 923 judicium
1428 852 1789 905 incurramus.

273 944 348 997 De
380 951 726 999 sacramento
751 953 955 1009 autem,
977 945 1233 1013 quoniam
1253 943 1411 1014 quasi
1439 943 1508 997 ad
1537 943 1791 1010 pietatem

199 1034 441 1104 conlugit
473 1036 927 1100 ecclesiasticam,
951 1035 1076 1104 quia
1103 1044 1275 1099 tuum,
1305 1033 1358 1089 id
1383 1043 1470 1092 est
1486 1030 1790 1102 episcOpale

196 1128 445 1198 peposcit
471 1129 752 1193 auxilium,
782 1128 926 1198 quod
953 1142 1018 1182 ex
1045 1126 1368 1196 impunitate
1388 1167 1402 1192 ,
1434 1126 1486 1180 in
1514 1124 1790 1180 membro-

199 1235 319 1274 rum
364 1221 449 1275 vel
493 1221 656 1286 vitae,
685 1221 731 1276 si
763 1221 836 1276 ita
868 1219 1107 1289 qualitas
1149 1219 1276 1276 facti
1308 1219 1585 1289 exegerit,
1629 1214 1786 1286 legali

195 1310 500 1378 privatione
545 1311 803 1379 requiris,
835 1325 1000 1380 super
1029 1309 1084 1364 id
1113 1309 1256 1378 quod
1288 1316 1509 1364 sanctus
1549 1306 1788 1362 decrevit

196 1399 495 1469 Gregorius
528 1414 625 1468 pro
654 1400 735 1453 eis
764 1401 931 1454 etiam
957 1401 1048 1469 qui
1091 1402 1159 1456 ad
1188 1401 1425 1458 sacraria
1456 1415 1609 1455 sacra
1652 1414 1786 1454 con-

196 1491 434 1563 fugerint
483 1487 913 1560 requirendum,
962 1491 1214 1547 videlicet
1258 1491 1325 1547 de
1366 1493 1621 1562 aequitate
1671 1505 1786 1545 ser-

194 1585 370 1639 vanda
389 1615 406 1647 ε,
437 1584 712 1638 subtiliter
743 1584 909 1639 debes
952 1585 1307 1654 perpendere,
1339 1600 1407 1640 ne
1433 1585 1668 1638 videaris
1701 1583 1783 1639 vel

194 1677 398 1732 rlicaris
435 1691 544 1732 non
583 1677 756 1736 solum
787 1677 1055 1739 Ecclesisr,
1087 1692 1277 1732 verum
1317 1685 1372 1732 et
1405 1677 1570 1732 totius
1595 1676 1780 1730 mundi

1899 488 2060 551 tnasi,
2091 504 2348 558 percurre
2377 491 2574 546 Leonis
2615 494 2870 563 epistolas
2897 504 2953 548 et
2983 504 3308 550 cancrorum
3351 512 3482 564 pen-

1901 579 2106 633 tilicum
2153 580 2220 634 de
2259 582 2488 639 diversis
2517 585 2764 640 conciliis
2792 587 2858 640 ad
2900 587 3256 657 imperatores
3301 598 3480 644 trans-

1897 670 2125 730 missas;
2157 674 2375 727 revolve
2417 675 2779 746 Augustorum
2809 677 2985 733 edicta
3016 679 3083 734 de
3112 680 3386 736 haereticis
3409 683 3482 737 ad

1896 760 2216 829 petitionem
2250 765 2569 831 pontilicum
2619 767 2981 836 promulgata,
3012 779 3258 825 scrutare
3295 770 3477 826 Caesa-

1896 864 2015 904 rum
2059 858 2375 907 nostrorum
2404 854 2661 924 capitula,
2691 865 2748 910 et
2785 856 3033 912 invenies
3060 868 3322 928 quantum
3352 874 3477 928 pro-

1893 939 2062 996 fuerit
2105 949 2271 1010 atque
2324 944 2497 1010 prosit
2552 943 2731 1014 legum
2785 946 3086 1013 severitas,
3145 963 3250 1002 non
3301 949 3475 1006 solum

1893 1029 2282 1085 ecclesiastica:
2316 1031 2558 1097 lenitati,
2610 1050 2795 1089 verum
2844 1037 3010 1092 totius
3047 1037 3480 1096 Christianitatis

1893 1119 2141 1188 optanda:
2187 1120 2308 1190 paci
2358 1131 2414 1175 et
2458 1121 2698 1177 colenda:
2753 1125 3148 1194 tranquillitati.
3198 1125 3478 1196 Sapientia

1891 1225 2152 1277 namque,
2180 1209 2430 1266 videlicet
2469 1211 2718 1268 Christus
2747 1214 2838 1268 Dci
2867 1215 3040 1271 virtus
3067 1225 3120 1270 et
3149 1217 3245 1271 Dei
3267 1218 3474 1286 sapieny

1891 1300 1963 1354 tia
1994 1301 2125 1355 ditit
2151 1319 2162 1355 :
2198 1299 2304 1354 Per
2334 1319 2412 1355 me
2447 1320 2587 1372 reges
2619 1315 2873 1374 regnant,
2904 1316 2952 1360 et
2981 1308 3274 1362 conditores
3300 1308 3472 1378 legunt

1883 1391 2033 1461 justa
2089 1391 2374 1446 decernunt
2415 1392 2609 1463 (Prov.
2654 1397 2817 1468 vrri);
2865 1406 2922 1452 et
2968 1399 3257 1468 Apostolus
3299 1419 3312 1453 :
3365 1399 3473 1454 Le:

1889 1484 2099 1554 quidem
2127 1496 2200 1538 est
2230 1497 2446 1549 sancta,
2477 1498 2524 1540 et
2556 1489 2865 1542 mandatum
2899 1499 3166 1554 sanctum,
3196 1501 3241 1543 et
3263 1492 3471 1561 justum

1887 1586 1934 1631 et
1961 1576 2154 1630 bonum
2185 1576 2364 1646 (Rom.
2397 1595 2503 1643 vir,
2537 1580 2644 1647 19.).
2682 1580 2834 1634 Unde
2862 1580 3180 1637 Ambrosius
3208 1597 3222 1636 :
3258 1603 3276 1634 ι
3317 1583 3472 1638 Man-

1890 1674 2076 1728 datum
2110 1673 2281 1744 lcgern
2332 1675 2554 1742 intelligi
2601 1676 2944 1744 evangelicus
2990 1691 3170 1731 sermo
3220 1686 3470 1732 testatur.

192 1773 400 1820 statum
427 1775 482 1819 et
509 1765 757 1820 ordinem
803 1774 964 1834 atque
992 1767 1230 1836 vigorem
1271 1766 1407 1820 velle
1449 1765 1781 1821 confundere
1810 1763 1858 1823 B
1886 1764 1977 1818 Ait
2027 1765 2170 1818 enim
2212 1782 2224 1818 :
2259 1764 2319 1818 Si
2358 1766 2433 1820 ris
2477 1767 2546 1818 ad
2589 1767 2752 1819 vitam
2796 1767 2990 1830 venire,
3021 1784 3166 1821 serva
3216 1768 3471 1821 mandata

189 1862 356 1924 atque
379 1854 696 1920 destruere,
738 1865 795 1910 et
831 1857 1139 1926 apostolica:
1167 1865 1330 1926 atque
1358 1857 1780 1926 apostolicorum

189 1948 437 2003 virorum
465 1948 722 2004 doctrinm
761 1947 1025 2004 obsistere
1052 1989 1068 2013 ,
1113 1949 1204 2018 qui
1237 1964 1341 2003 non
1375 1949 1546 2004 solum
1575 1950 1722 2020 leges
1749 1964 1781 2004 ι

190 2036 519 2094 Christianis
560 2038 780 2107 regibus
827 2037 1194 2108 promulgatas
1237 2039 1692 2102 observaverunt,
1726 2046 1782 2094 et

189 2128 550 2185 observantes
576 2131 938 2195 tradiderunt,
969 2146 1157 2186 verum
1178 2131 1342 2185 etiam
1363 2129 1781 2200 promulgandas

187 2218 561 2289 expelier'unt,
598 2221 742 2278 sicut
775 2221 831 2276 in
875 2221 1321 2290 Carthaginensis
1346 2231 1508 2291 atque
1537 2221 1779 2277 Africani

187 2311 410 2368 concilii
436 2322 864 2383 ceterorumque
895 2313 1248 2372 conciliorum
1289 2314 1604 2379 canonihus,
1635 2321 1692 2368 et
1725 2312 1778 2368 in

187 2403 426 2461 decretis
451 2404 760 2473 apostolica:
807 2403 956 2460 sedis
1000 2402 1276 2458 multotie5
1307 2405 1592 2470 reperitur.
1626 2403 1780 2458 Unde

185 2500 242 2548 et
263 2503 494 2550 sanctus
530 2494 825 2566 Gregorius
852 2492 1266 2549 commonitoria
1303 2494 1369 2548 ad
1393 2491 1656 2548 Joannem
1687 2493 1781 2547 de-

186 2582 468 2640 fensorem
505 2593 561 2641 et
597 2586 665 2640 ad
705 2585 841 2642 alios
877 2583 1040 2640 etiam
1076 2598 1142 2638 ex
1174 2582 1384 2652 integro
1412 2583 1478 2637 de
1514 2583 1778 2653 legalibus

186 2673 388 2728 edictis
419 2674 766 2737 condiderat,
795 2682 853 2728 et
877 2682 1098 2728 sanctus
1125 2671 1373 2728 Gelasius
1396 2671 1463 2726 ad
1483 2673 1773 2741 imperato-

185 2776 302 2819 rem
351 2763 700 2819 Anastasium
749 2763 970 2832 scripsit
1001 2761 1173 2833 (epist.
1224 2761 1314 2827 l0,
1345 2761 1444 2816 sub
1491 2760 1778 2829 initium):

189 2873 209 2907 ι
242 2853 309 2910 Si
353 2855 523 2919 enirn,
572 2855 840 2924 inquiens,
871 2862 1135 2923 quantum
1163 2853 1230 2907 ad
1261 2854 1512 2908 ordinem
1545 2852 1776 2922 publica:

181 2943 430 3014 pertinet
457 2944 774 3012 disciplinae,
805 2953 1196 3015 cognoscentes
1240 2943 1524 3012 imperium
1558 2944 1652 2999 tibi
1686 2960 1776 2998 su-

181 3048 360 3106 perna
385 3033 739 3104 dispositione
764 3035 1042 3100 collatum,
1073 3036 1281 3103 legibus
1304 3037 1409 3092 tuis
1430 3036 1530 3106 ipsi
1559 3051 1774 3106 quoque

1887 1853 2104 1925 (Matth.
2136 1856 2273 1923 xix).
2312 1855 2378 1908 Et
2407 1855 2534 1909 item
2567 1855 2894 1926 Apostolus:
2924 1855 3034 1910 Lex
3064 1868 3270 1926 propter
3297 1868 3472 1910 trans-

1884 1946 2176 2018 gressiones
2207 1946 2376 2016 posita
2417 1957 2491 2000 est
2538 1946 2681 2018 (Gal.
2724 1964 2806 2012 ιιι,
2840 1946 2952 2017 l9).
2984 1948 3087 2001 Et:
3118 1946 3225 2001 Lex
3256 1964 3360 2001 non
3395 1958 3471 2010 est

1883 2040 2054 2107 posita
2095 2041 2294 2110 justis,
2339 2042 2432 2094 sed
2479 2041 2691 2111 injustis
2735 2052 2784 2096 et
2821 2059 2924 2096 non
2955 2041 3195 2107 subditis,
3226 2042 3398 2112 impiis
3420 2052 3468 2096 et

1883 2132 2243 2197 peccatoribus
2268 2170 2284 2196 ,
2331 2132 2595 2186 sceleratis
2614 2173 2628 2197 ,
2680 2131 3050 2186 contaminatis
3070 2172 3085 2198 ,
3113 2132 3386 2201 patricidis
3421 2141 3471 2186 et

1884 2222 2198 2285 motricidis,
2227 2223 2526 2286 Iromicidis,
2571 2224 2904 2291 fornicariis,
2942 2223 3302 2277 masculorum
3348 2239 3471 2276 con-

1885 2311 2225 2376 cubitoribus,
2253 2311 2552 2382 plagiariis,
2583 2314 2950 2376 mendacibus,
2981 2323 3029 2368 et
3076 2315 3122 2368 si
3163 2313 3289 2384 quid
3319 2313 3470 2368 aliud

1881 2417 2028 2454 same
2074 2401 2328 2456 doctrina:
2370 2401 2676 2456 adversatur
2707 2401 2759 2472 (1
2794 2402 2929 2456 Tim.
2960 2419 2998 2467 r,
3031 2403 3122 2474 9).
3155 2423 3172 2453 t
3201 2403 3268 2458 Et
3290 2404 3418 2458 item
3452 2420 3470 2455 ι

1887 2488 2032 2544 Nam
2052 2491 2142 2558 qui
2165 2491 2534 2561 principantur
2560 2509 2663 2547 non
2684 2502 2806 2546 sunt
2831 2493 3008 2548 timori
3030 2493 3178 2548 bonis
3204 2494 3466 2564 operibus,

1883 2579 1975 2633 sed
2006 2579 2162 2633 malis
2194 2580 2371 2650 (Rom.
2404 2597 2523 2646 xm,
2551 2582 2630 2650 ὅ).
2661 2581 2817 2638 Unde
2859 2583 3180 2638 Ambrosius
3208 2601 3221 2636 ε
3257 2602 3276 2634 ι
3310 2583 3468 2638 Priu-

1882 2669 2033 2739 cipes
2060 2670 2160 2724 hos
2183 2684 2340 2739 reges
2367 2671 2518 2732 dicit,
2544 2671 2638 2741 qui
2665 2680 2885 2740 propter
2905 2672 3280 2740 corrigendam
3303 2671 3468 2726 vitam

1881 2767 1940 2813 et
1968 2758 2304 2827 prohibenda
2331 2759 2559 2813 adversa
2591 2768 2868 2814 creantur.
2907 2759 3001 2814 Dei
3045 2759 3304 2814 habentes
3330 2758 3469 2812 ima-

1882 2847 2088 2916 ginem,
2119 2855 2176 2900 ut
2205 2847 2305 2901 sub
2333 2862 2442 2902 uno
2471 2847 2579 2902 sint
2603 2847 2807 2902 czeteri.
2841 2867 2860 2900 ι
2891 2847 2959 2902 Ει
2984 2847 3112 2902 item
3135 2847 3464 2917 Apostolus:

1891 2939 1982 2994 Vis
2027 2949 2204 2994 autem
2244 2956 2349 2993 non
2377 2939 2556 2994 timere
2596 2941 2940 3009 potestatem?
2971 2938 3177 2993 Bonum
3209 2938 3390 3007 facito,
3419 2949 3469 2994 et

1879 3033 2077 3086 habetis
2108 3031 2317 3087 laudem
2365 3049 2431 3087 ea:
2474 3031 2568 3086 illa
2598 3031 2817 3104 (ibid.).
2876 3031 3014 3086 liinc
3053 3031 3196 3086 idem
3235 3031 3424 3087 doctor
3451 3046 3470 3085 :

178 3102 386 3202 parent
407 3102 686 3197 religionis
711 3128 1003 3194 antistites,
1027 3143 1094 3183 ne
1115 3102 1198 3181 vel
1223 3129 1274 3182 in
1301 3102 1465 3183 rebus
1487 3102 1775 3183 mundanis
1802 3102 1852 3166 ε
1888 3147 1906 3179 ι
1938 3129 2082 3186 Laus
2109 3131 2178 3183 ei
2218 3137 2488 3197 petestate
2519 3102 2650 3182 tunc
2678 3127 2875 3197 surgit,
2903 3142 3025 3181 cum
3057 3125 3179 3196 quis
3212 3125 3470 3182 inuocem

177 3216 424 3272 exclusae
469 3217 754 3272 videantur
795 3217 1020 3272 obviare
1069 3217 1384 3280 sententiae,
1412 3233 1542 3287 quo,
1571 3232 1688 3282 oro,
1723 3225 1777 3271 te

179 3309 343 3364 decet
373 3305 566 3362 aﬂ‘ectu
609 3309 688 3363 eis
719 3317 774 3362 et
797 3307 1052 3362 convenit
1075 3307 1321 3371 obedire,
1348 3307 1438 3375 qui
1462 3322 1774 3376 praerogati-

181 3401 265 3456 dis
292 3399 706 3454 venerabilibus
732 3408 860 3454 sunt
889 3399 1137 3454 attributi
1169 3399 1462 3471 mysteriis.
1497 3418 1514 3451 ι
1544 3398 1610 3452 Et
1647 3413 1776 3452 san-

178 3498 304 3545 ctus
335 3488 448 3544 Leo
472 3489 538 3542 ad
563 3489 844 3544 Turihium
877 3489 1278 3544 Asturicensem
1305 3489 1616 3558 episcopum
1643 3489 1776 3543 scri-

178 3581 319 3636 bens
349 3578 522 3649 (epist.
555 3581 613 3642 4,
643 3580 742 3635 sub
767 3579 1004 3650 initium)
1035 3595 1049 3632 :
1079 3599 1098 3631 ι
1136 3579 1353 3641 Merito,
1378 3577 1570 3648 inquit,
1595 3578 1785 3644 patrcs'

180 3671 387 3732 nostri,
415 3669 517 3724 sub
545 3683 776 3737 quorum
807 3669 1138 3738 temporibus
1167 3668 1388 3722 haeresis
1408 3667 1520 3721 lucc
1544 3665 1778 3720 nefanda

179 3755 464 3831 prorupit,
495 3770 590 3823 per
638 3764 810 3809 totum
852 3755 1112 3819 mundum
1153 3755 1419 3808 instanter
1445 3761 1671 3824 egerunt
1717 3761 1778 3806 ιιι

181 3845 390 3915 impius
409 3843 562 3898 furor
582 3845 650 3899 ab
673 3845 926 3900 universa
951 3844 1192 3900 Ecclesia
1217 3844 1540 3914 pelleretur;
1564 3843 1780 3912 quando

180 3939 349 3992 etiam
393 3936 578 3990 mundi
623 3937 896 4006 principes
945 3936 1019 3989 ita
1052 3936 1194 3990 hanc
1239 3934 1558 4004 sacrilegam
1595 3949 1782 3988 amen-

185 4030 318 4085 tiam
341 4029 593 4084 detestati
621 4037 768 4093 sunt,
807 4037 864 4082 ut
893 4036 1170 4084 auctorem
1201 4029 1321 4098 ejus
1355 4043 1476 4084 cum
1505 4026 1782 4096 plerisque

185 4119 464 4188 discipulis
515 4119 692 4189 legum
756 4119 1100 4188 publicarum
1155 4134 1286 4174 ense
1343 4128 1770 4189 prosternerent.

189 4209 458 4264 Videbunt
496 4211 639 4268 enim
686 4225 902 4265 onmem
959 4225 1148 4264 curam
1197 4210 1499 4265 honestatis
1545 4208 1768 4274 auferri,

188 4315 405 4358 omnem
455 4301 822 4372 conjugiorum
855 4300 1106 4370 copulam
1156 4301 1458 4364 dissociari,
1505 4299 1772 4370 simulque

189 4390 428 4446 divinant
473 4391 562 4461 jus
606 4393 1015 4461 humanumque
1056 4391 1325 4457 subverti,
1369 4390 1414 4446 si
1463 4389 1768 4460 hujusmodi

192 4481 496 4536 horninibus
523 4497 750 4550 usquam
799 4483 985 4538 vivere
1029 4496 1152 4536 cum
1204 4481 1294 4535 tali
1337 4481 1675 4551 professione
1703 4481 1770 4535 li-

191 4571 408 4626 coisset.
439 4572 652 4637 Profuit
681 4572 771 4627 diu
795 4572 897 4628 ista
921 4571 1192 4626 districtio
1219 4570 1607 4626 ecclesiastica:
1635 4570 1770 4625 leni-

195 4666 288 4720 tati
307 4706 322 4731 ,
369 4682 489 4734 qua:
519 4667 620 4720 etsi
652 4663 973 4721 sacerdotali
1004 4672 1260 4718 contenta
1289 4662 1494 4732 judicio
1521 4671 1778 4721 cruentas

195 4753 388 4825 refugit
413 4755 670 4819 ultiones,
697 4754 902 4818 severis
930 4762 1110 4807 tamen
1141 4751 1575 4810 Christianorum
1620 4751 1775 4820 prin-

197 4847 370 4916 cipum
399 4847 880 4904 constitutionibus
910 4844 1221 4912 adiuvatur,
1257 4846 1384 4910 dum
1425 4847 1494 4902 ad
1535 4844 1779 4916 spiritale

197 4953 584 5009 nonnunquam
632 4946 920 4994 recurrunt
959 4938 1259 4992 remedium
1287 4937 1380 5007 qui
1413 4939 1605 4994 timent
1654 4951 1776 4992 cor-

197 5029 374 5096 porale
400 5029 692 5098 judicium.
736 5029 817 5084 Ex
856 5044 965 5098 quo
1003 5035 1184 5086 autem
1233 5026 1428 5082 multas
1465 5027 1784 5099 provincias

200 5120 405 5178 hostilis
432 5122 724 5192 occupavit
755 5122 1013 5191 irruptio,
1045 5129 1102 5175 et
1142 5120 1546 5177 exsecutionem
1597 5121 1776 5190 legum

202 5220 551 5282 tempestates
575 5214 933 5274 interclusere
959 5213 1249 5277 bellorum,
1273 5227 1341 5268 ex
1369 5229 1477 5283 quo
1517 5217 1666 5270 inter
1691 5229 1778 5270 sa-

202 5304 439 5362 cerdotes
465 5291 562 5360 Dei
595 5301 839 5361 dilliciles
869 5310 1308 5367 commeatus,‘et
1337 5305 1443 5359 rari
1487 5310 1776 5373 coeperunt

1881 3222 2177 3278 invenitur.
2209 3221 2303 3276 Dei
2345 3221 2488 3276 enim
2532 3220 2779 3275 minister
2821 3227 2908 3273 est
2937 3219 3036 3273 tibi
3073 3220 3126 3273 in
3159 3219 3322 3273 bono.
3352 3217 3468 3271 Ma-

1877 3313 2136 3374 nifestum
2167 3320 2253 3367 est
2283 3311 2404 3366 ideo
2451 3321 2694 3366 rectores
2733 3311 2890 3365 datos
2925 3323 2994 3363 ne
3037 3308 3239 3362 malum
3268 3307 3382 3361 ﬁat.
3410 3306 3470 3361 Si

1878 3412 2058 3458 autem
2111 3403 2314 3459 malum
2363 3401 2596 3466 feceris,
2644 3401 2795 3454 time.
2837 3398 2954 3454 Non
2981 3398 3125 3454 enim
3161 3398 3276 3452 sine
3302 3411 3472 3452 causa

1881 3493 2119 3564 gladium
2166 3502 2391 3562 portat:
2428 3494 2533 3548 hoc
2574 3497 2680 3554 est,
2724 3491 2848 3546 ideo
2888 3490 3274 3552 comminatur,
3304 3496 3382 3550 ut,
3418 3487 3466 3542 si

1881 3583 2043 3638 fuerit
2069 3593 2439 3652 contemptus,
2468 3582 2729 3636 vindicet.
2774 3581 2869 3634 Dei
2913 3579 3060 3634 enim
3089 3579 3336 3633 minister
3362 3587 3469 3642 est,

1879 3675 2075 3728 vindex
2103 3674 2155 3726 in
2187 3675 2267 3727 ira
2297 3673 2348 3726 in
2382 3687 2505 3725 cum
2531 3671 2622 3742 qui
2651 3671 2793 3724 male
2837 3670 2968 3738 agit.
3015 3668 3282 3733 Quoniam
3320 3666 3469 3721 futu-

1881 3777 2001 3814 rum
2027 3760 2293 3828 judicium
2335 3761 2479 3814 Dens
2509 3759 2736 3822 statuit,
2781 3767 2836 3812 et
2874 3755 3090 3810 nullum
3123 3755 3301 3825 perire
3331 3755 3470 3820 vult,

1883 3849 2010 3903 huic
2050 3848 2245 3904 sarculo
2287 3850 2530 3904 rectores
2560 3846 2852 3910 ordinavit,
2887 3855 3101 3900 terrore
3148 3844 3470 3913 interposito

1881 3941 2215 4005 hominibus,
2238 3942 2384 3996 velut
2411 3939 2670 4010 pedagogi
2696 3940 2826 4001 sint,
2853 3937 3171 4011 erudierrtes
3196 3934 3314 3990 illos
3340 3935 3471 4005 quid

1879 4041 2232 4096 servent..ne
2272 4033 2324 4086 in
2356 4047 2572 4100 paruam
2607 4030 2851 4084 incidant
2881 4027 3050 4082 futuri
3077 4026 3286 4097 judicii.
3320 4026 3474 4080 Ideo-

1877 4138 1983 4193 que
2010 4121 2210 4176 subditi
2255 4130 2452 4185 cstotc,
2501 4136 2606 4175 non
2656 4119 2830 4174 solum
2858 4127 3085 4188 prepter
3115 4117 3277 4180 iram,
3311 4115 3362 4170 id
3385 4123 3473 4171 est

1876 4212 2138 4266 ultionem
2170 4220 2536 4279 praesentem,
2585 4209 2679 4263 sed
2720 4209 2882 4264 etiam
2925 4214 3149 4277 propter
3189 4204 3474 4259 conscien—

1878 4304 2035 4358 tiam.
2065 4303 2235 4357 Recte
2265 4302 2399 4357 dicit
2428 4300 2702 4369 subjectos
2745 4298 2944 4353 debere
2979 4312 3128 4362 esse,
3159 4311 3265 4376 non
3297 4295 3472 4350 solum

1878 4404 2096 4465 prepter
2118 4393 2278 4457 imm,
2305 4393 2356 4446 id
2381 4399 2463 4446 est
2490 4390 2756 4445 ultionem
2780 4397 3124 4456 praesentem,
3151 4385 3296 4456 parit
3322 4385 3470 4439 enim

1880 4485 2210 4547 vindictam,
2241 4481 2336 4536 sed
2380 4489 2600 4550 propter
2646 4479 2890 4532 futurum
2927 4476 3227 4544 judicium,
3268 4476 3392 4544 quia
3423 4476 3472 4529 si

1877 4575 1966 4629 hic
1989 4573 2295 4637 evaserint,
2343 4569 2450 4624 illic
2494 4583 2590 4624 eos
2619 4582 2780 4637 paena
2826 4575 3126 4635 exspectat,
3167 4564 3278 4628 ubi,
3307 4579 3470 4617 accu-

1884 4674 2042 4724 sante
2081 4664 2196 4733 ipsa
2235 4659 2592 4726 conscientia,
2615 4659 2930 4730 punientur.
2967 4678 2986 4711 ι
3015 4658 3083 4712 Ει
3107 4664 3328 4711 sanctus
3356 4654 3463 4724 Cy-

1878 4755 2106 4826 prianus
2129 4755 2182 4810 in
2207 4767 2353 4808 nono
2378 4751 2658 4808 abusionis
2685 4753 2859 4818 g‘radu
2888 4750 3054 4806 dicit:
3075 4768 3092 4799 ι
3121 4746 3258 4812 Quia
3290 4759 3478 4811 regem

1882 4863 1989 4904 non
2020 4847 2290 4915 iniquum,
2321 4845 2413 4897 sed
2436 4854 2807 4900 correctorem
2839 4843 3142 4911 iniquorum
3171 4848 3293 4901 esse
3317 4849 3478 4902 opor-

1880 4945 1978 4992 tet.
2015 4958 2034 4988 ι
2071 4937 2138 4992 Ει
2173 4937 2300 4989 item
2340 4933 2412 4985 ibi
2441 4934 2582 4990 inter
2610 4941 2816 4987 cetera
2848 4948 2862 4984 :
2904 4951 2921 4981 ι
2955 4931 3121 4984 Debet
3145 4925 3291 4980 furta
3323 4923 3478 4976 cohi~

1877 5026 2041 5091 here,
2075 5023 2340 5081 adulteria
2384 5026 2612 5091 punire,
2669 5019 2869 5086 impios
2911 5022 2976 5076 de
3022 5027 3165 5072 terra
3211 5011 3484 5077 perdere,

1878 5119 2184 5190 parricidas
2209 5124 2266 5172 et
2314 5115 2663 5184 pcrjurantes
2709 5125 2820 5163 non
2869 5112 3048 5166 sinere
3090 5104 3295 5190 vivere.
3346 5101 3495 5155 ﬁlios

1880 5185 2006 5280 suos
2057 5227 2166 5267 non
2213 5208 2396 5263 sinere
2431 5209 2614 5280 .impie
2648 5214 2838 5272 agere.
2881 5221 2904 5253 ι
2937 5201 3004 5255 Et
3031 5199 3221 5251 beatus
3249 5185 3494 5280 inmunes

1881 5277 2300 5373 Chrysostomus
2348 5297 2402 5352 in
2455 5277 2686 5356 hoinilia
2743 5291 2960 5346 decima
3027 5292 3179 5341 sexta
3220 5277 3490 5380 .Mattluci

3180 5369 3264 5392 ηε..
3296 5369 3346 5392 ..Ιζ
3362 5381 3487 5392 -.-..--
