4018 5392
555 335 656 388 ιδε)

1521 330 1849 387 llINCMAlll
1891 323 2836 398 ltllEMENSlS.ARCIIIEPISCOPI

3713 315 3836 375 ιεεις

551 446 692 502 istud
729 445 980 502 timemus
1009 445 1271 514 pati,.ipsi
1307 457 1520 513 quoque
1543 442 1947 514 talequidpiam
1973 443 2208 514 cave-,A
2240 439 2332 493 tali
2360 439 2501 494 sicut
2522 438 2624 492 iste
2643 449 2727 494 est
2747 435 3010 506 sacerdoti
3035 452 3047 487 :
3077 433 3274 500 Quare,
3301 431 3489 504 inquit,
3515 441 3576 485 tu
3595 447 3812 488 enarra:

549 552 735 592 remus
782 538 1068 592 admittere
1095 577 1109 601 ,
1151 547 1208 590 ιιι
1250 547 1303 588 et
1345 537 1435 604 qui
1485 536 1602 604 ipso
1651 537 1940 592 voluntatis
1991 536 2133 600 bono

551 628 762 682 nollent
793 643 821 680 a
850 627 1168 682 crudelitate
1213 626 1496 692 desinere,
1545 627 1735 682 saltem
1785 638 1928 682 metu
1974 643 2136 697 coge-

553 729 742 774 rentur
789 717 960 770 oculis
1002 731 1227 786 parcere
1275 717 1649 785 proximorum
1686 735 1698 770 :
1740 718 1783 772 si
1831 733 1959 771 vero
2004 717 2133 772 illud

551 807 769 861 crudele
795 807 1012 869 dicitur,
1043 815 1100 859 et
1130 806 1455 860 homicidam
1483 816 1540 860 et
1560 808 1862 862 adulterum
1889 806 2131 862 coerceri

553 898 772 952 crudele
799 897 1026 950 dicatur.
1055 895 1160 950 Sed
1188 897 1555 966 insipientium
1587 899 1806 952 omnino
1837 899 1935 952 ista
1965 899 2129 954 verba

551 996 697 1052 sunt,
731 996 784 1042 et
811 997 1060 1043 extremo
1084 989 1268 1043 furore
1300 989 1656 1052 dementiam.
1691 989 1801 1059 Ego
1824 990 1966 1047 enim
1999 991 2133 1045 adeo

549 1085 731 1132 metuo
771 1077 954 1139 dicere
993 1079 1110 1132 lucc
1144 1093 1263 1133 esse
1310 1079 1550 1134 crudelia
1580 1089 1682 1141 ,ut
1727 1079 1813 1138 his
1860 1080 2131 1134 contraria

549 1170 716 1226 etiam
747 1170 932 1240 iniqua
963 1171 1309 1240 pet-doceam,
1341 1172 1484 1240 quod
1510 1181 1656 1226 certe
1677 1172 1977 1226 communis
2001 1187 2135 1241 quo-

549 1276 656 1332 que
682 1262 821 1316 ratio
846 1263 1218 1331 deprehendit.
1265 1263 1345 1320 Tu
1392 1264 1536 1319 enim
1585 1264 1720 1318 dicis
1762 1265 1887 1335 quia
1918 1264 2134 1320 oculum

550 1367 649 1422 pro
677 1351 836 1407 oculo
858 1351 1022 1420 jussit
1050 1353 1276 1418 auferri,
1305 1354 1507 1408 idcirco
1527 1355 1793 1421 crudelis;
1826 1372 1926 1426 ego
1951 1366 2131 1410 autem

553 1438 750 1508 refero,
782 1441 907 1509 quia
942 1441 1044 1496 nisi
1077 1443 1424 1512 prmcepisset
1461 1444 1645 1508 istud,
1681 1454 1808 1502 tunc
1839 1461 1965 1500 vere
1991 1446 2134 1516 apud

550 1527 814 1599 plurimos
848 1532 971 1586 talis
1013 1531 1242 1599 fuisset,
1288 1534 1501 1604 qualem
1559 1544 1614 1590 lu
1663 1552 1784 1590 eum
1833 1537 1967 1592 falso
2014 1551 2136 1594 esse

545 1624 1226 1694 conquereris..Dcnique
1287 1642 1540 1682 sermone
1600 1627 1869 1697 fingamus
1917 1644 2134 1684 omnem

550 1714 721 1783 legem
749 1731 869 1772 esse
899 1716 1242 1780 dissolutam,
1273 1733 1366 1770 nec
1404 1733 1730 1786 quemquam
1763 1734 1860 1788 pro
1885 1717 2135 1788 hujusce-

2227 533 2467 603 justitias
2502 547 2665 595 meas,
2703 539 2750 583 et
2781 527 3006 583 assumis
3036 536 3394 580 testamentum
3433 541 3606 579 meum
3632 542 3724 593 per
3757 543 3816 580 os

2236 625 2429 677 tuum-.9
2460 622 2538 678 Tu
2559 637 2675 675 vero
2703 620 2858 674 odisti
2884 618 3238 688 disciplinam,
3255 613 3507 671 'currebas
3532 632 3652 672 cum
3677 617 3814 685 fure,

2234 723 2283 766 et
2307 729 2424 765 cum
2448 711 2702 764 adulteris
2731 709 3024 778 portionem
3041 719 3185 762 tuam
3206 708 3432 778 ponebas
3468 705 3646 778 (Psal.
3671 724 3816 771 xux,

2240 804 2445 875 16-18).
2477 795 2593 857 Non
2619 803 2762 859 enim
2795 801 3000 856 foveret
3032 801 3203 857 malos
3229 802 3273 856 si
3301 802 3498 856 bonum
3528 801 3812 872 diligeret:

2234 898 2330 952 sed
2354 897 2582 967 diligens
2612 895 2921 957 Dominum,
2951 903 3006 949 et
3030 893 3220 948 odiens
3250 893 3462 956 vitium,
3487 895 3636 962 quod
3663 907 3818 948 suum

2236 995 2441 1057 ageret,
2474 996 2528 1041 et
2562 985 2705 1056 quod
2760 1001 2791 1039 a
2832 983 2942 1038 Deo
2979 999 3076 1053 per
3103 983 3412 1038 conditores
3456 982 3638 1052 legum
3676 983 3819 1052 justa

2237 1080 2591 1133 decernentes
2613 1077 2890 1132 decretum
2917 1084 2999 1129 est
3025 1090 3130 1129 non
3151 1083 3505 1144 oppugnaret.
3530 1072 3598 1127 Et
3625 1074 3820 1142 iniqua:

2237 1169 2494 1225 mulieres
2537 1184 2601 1242 ac
2651 1167 2895 1242 perversi
2935 1167 3180 1222 homines
3210 1165 3454 1235 inquient
3485 1183 3496 1218 :
3531 1164 3826 1220 Faciamus

2237 1245 2378 1331 quod
2405 1260 2672 1322 volumus,
2695 1269 2749 1314 et
2775 1259 3034 1313 adeamus
3059 1257 3342 1312 ecclesiam
3369 1255 3452 1310 vel
3481 1257 3819 1327 cpisc0pum,

2237 1366 2292 1410 et
2336 1355 2540 1411 erimus
2599 1353 2870 1423 impuniti.
2937 1351 3077 1406 llinc
3137 1365 3367 1420 namque
3421 1349 3822 1420 vituperabitur

2215 1447 2596 1510 ministerium
2647 1452 2894 1498 nostrum
2921 1482 2937 1507 ,
2978 1451 3056 1496 et'
3085 1442 3288 1496 erimus
3342 1440 3779 1511 contemptibiles
3801 1481 3839 1505 ,_

2235 1548 2295 1592 ut
2353 1535 2597 1591 videlicet
2643 1534 2868 1604 legalem
2910 1531 3176 1601 justitiam
3232 1525 3462 1602 iujustis'
3500 1548 3530 1585 a
3592 1533 3821 1586 Domino

2235 1629 2466 1699 positam
2498 1633 2909 1681 contemnentes
2934 1665 2950 1686 ,
2992 1624 3116 1693 quia
3166 1639 3501 1694 unaquthue
3552 1624 3638 1677 lex
3676 1623 3820 1694 justa

2237 1723 2440 1776 crimen
2471 1738 2577 1774 non
2605 1720 2796 1781 habet,
2851 1735 2922 1773 ne
2964 1719 3034 1772 sit
3079 1717 3308 1787 injusta,
3339 1728 3394 1772 ct
3418 1728 3598 1774 tamen
3641 1720 3823 1773 crimi-

551 1808 692 1870 modi
720 1807 876 1864 factis
899 1807 1192 1864 formidare
1207 1809 1660 1879 supplicium,sed
1684 1812 1892 1866 cunctis
1913 1826 2136 1880 prorsus
2166 1813 2208 1872 Β
2242 1829 2430 1876 nosum
2467 1812 2639 1882 punit,
2667 1821 2726 1866 ut
2748 1826 2875 1865 vere
2902 1810 2972 1865 sit
2995 1810 3160 1879 justa.
3191 1809 3314 1864 Et'e
3350 1810 3570 1879 regione
3599 1811 3820 1878 quidam

536 1897 804 1967 .tnalignis
837 1899 998 1954 licere
1047 1902 1138 1954 uti
1172 1903 1416 1958 moribus
1456 1902 1604 1966 suis,
1655 1910 1708 1955 ct
1757 1902 2048 1966 adulteris,
2078 1911 2134 1958 et

549 1989 860 2054 inimicitiis,
913 2001 968 2044 et
1018 1991 1261 2057 furibus,
1305 2003 1362 2048 et
1409 1993 1643 2063 perjuris
1669 2034 1683 2058 ,
1725 2003 1780 2048 et
1823 1995 2130 2064 parricidis,

552 2095 734 2134 nonne
763 2082 865 2134 sub
894 2082 996 2140 hac
1029 2082 1246 2138 licentia
1282 2085 1463 2140 omnia
1505 2086 1712 2154 pariter
1753 2101 1858 2140 una
1889 2087 2133 2142 confusio

552 2169 858 2238 iniquitatis
917 2174 1262 2228 involveret?
1307 2175 1495 2232 Nonne
1543 2176 1689 2231 mille
1739 2177 2037 2234 sceleribus
2079 2187 2135 2232 et

551 2261 790 2316 czedibus
846 2264 1052 2330 urbes,
1110 2265 1222 2318 fora
1254 2305 1268 2330 ,
1321 2266 1557 2333 domus,
1613 2269 1823 2333 maria,
1883 2278 2134 2337 totusque

539 2352 769 2408 .onmino
814 2355 1046 2410 mundus
1083 2354 1276 2412 fuisset
1314 2357 1607 2427 impletus?
1651 2357 1782 2412 Nam
1831 2358 1877 2414 si
1924 2358 2131 2428 legibus

548 2451 702 2497 certe
730 2444 1169 2512 dominantibus,
1198 2456 1252 2502 et
1277 2449 1490 2519 vigente
1518 2450 1938 2506 comminatione
1971 2458 2134 2518 atque

550 2545 788 2601 terrore,
821 2540 910 2592 vix
948 2549 1127 2596 tamen
1159 2541 1465 2596 voluntates
1509 2542 1836 2597 cohibentur
1862 2541 2130 2610 malignae,

529 2626 785 2684 sietiam
830 2629 933 2683 hoc
982 2630 1291 2696 przesidium
1325 2631 1618 2694 defuisset,
1665 2646 1899 2698 quanam
1948 2636 2135 2698 po.-sct

550 2715 756 2772 malitia
795 2719 1006 2774 ratione
1038 2719 1292 2776 fracnari?
1317 2731 1411 2776 aut
1444 2738 1574 2791 quae
1605 2737 1709 2776 non
1749 2723 1800 2776 in
1839 2723 2004 2779 vitam
2038 2723 2133 2785 ho-

551 2807 754 2864 minum
787 2813 954 2879 pestis
992 2812 1226 2867 irrueret
1239 2813 1397 2868 ?.Nee
1425 2823 1606 2869 tamen
1635 2815 1808 2869 solum
1837 2815 1977 2869 istud
2002 2831 2130 2872 cru-

547 2896 669 2952 dele
694 2907 796 2961 est,
827 2901 1142 2969 permittere
1163 2903 1372 2960 'scilicet
1399 2904 1558 2960 malis
1591 2908 1752 2975 agere
1779 2921 1898 2974 quae
1924 2907 2088 2961 velint
2113 2924 2126 2962 :

547 2986 640 3044 sed
669 2986 812 3046 aliud
840 3004 1054 3059 quoque
1079 2991 1181 3046 isto
1201 3004 1348 3052 certe
1372 2993 1506 3048 nihil
1533 2995 1734 3060 minus,
1760 2996 1811 3050 id
1836 3005 1922 3050 est
1942 2995 2128 3052 laesum

541 3086 604 3130 et
649 3077 921 3134 immerito
972 3080 1226 3139 amictum
1275 3084 1550 3154 negligere
1601 3093 1783 3155 atque.
1817 3087 2128 3155 despicere?

548 3163 645 3220 Dic
687 3167 833 3226 enim
884 3169 1038 3233 mihi,
1091 3171 1137 3225 si
1175 3171 1298 3240 quis
1335 3153 1480 3227 feros
1519 3153 1766 3230 homines
1813 3190 1878 3231 ac
1915 3153 2200 3246 semperc

546 3255 817 3338 malignos
862 3258 917 3314 in
969 3277 1135 3314 unum
1185 3263 1467 3334 colligens,
1503 3265 1694 3334 gladiis
1729 3277 1998 3331 armaret,
2047 3275 2130 3328 to-

548 3355 770 3418 tamque
803 3349 1093 3414 circumire
1137 3352 1415 3412 civitatem
1448 3355 1697 3424 juberet,
1735 3365 1897 3427 atque
1940 3359 2129 3416 obvios

545 3437 648 3506 sibi
679 3454 942 3507 quosque
993 3441 1321 3512 confodere,
1373 3445 1504 3513 quid
1560 3445 1776 3499 tandem
1835 3447 1940 3504 hoc
1985 3455 2130 3504 esset

547 3525 875 3594 immanius?
899 3529 970 3584 At
991 3531 1036 3584 si
1065 3532 1205 3587 alius
1228 3548 1322 3590 eos
1341 3534 1584 3602 quidem,
1607 3535 1699 3604 qui
1730 3536 1796 3591 ab
1822 3536 1912 3591 illo
1935 3538 2128 3593 armati

547 3627 752 3684 essent,
785 3619 1000 3689 ligaret,
1033 3623 1405 3694 violenterque
1427 3627 1844 3697 constringeret,
1873 3643 1969 3684 eos
1999 3645 2129 3686 vero

545 3706 635 3775 qui
669 3706 1011 3768 interimendi
1049 3721 1208 3766 erant
1241 3715 1310 3768 ab
1349 3713 1550 3786 iniquis
1586 3715 1693 3776 illis
1719 3717 1970 3774 manibus
1993 3717 2128 3774 libe-

545 3807 712 3862 raret,
745 3800 874 3869 quid
921 3815 952 3856 e
1005 3801 1226 3871 regione
1271 3803 1375 3862 isto
1421 3805 1757 3870 inveniretur
1805 3807 2126 3870 humanius?

546 3885 670 3958 llaec
701 3887 866 3962 igitur
893 3891 1060 3946 etiam
1105 3893 1174 3947 ad
1218 3892 1395 3963 legum
1435 3897 1673 3951 transfer
1696 3898 1962 3968 exempla.
1994 3898 2125 3967 Quae

491 4051 498 4056 _
544 3976 692 4042 enim
719 3978 934 4031 oculum
968 3994 1068 4049 pro
1104 3981 1262 4036 oculo
1292 3982 1528 4040 effodere
1567 3988 1845 4058 praecepit,
1874 3990 2124 4046 timorem

539 4066 695 4131 quasi
755 4068 1072 4123 carnificum
1142 4076 1520 4141 peccatoribus
1583 4078 1938 4146 imminens,
1980 4081 2124 4136 illius

537 4154 733 4230 similis
774 4157 1068 4226 invenitur,
1099 4164 1191 4232 qui
1220 4163 1344 4222 illos
1376 4182 1514 4236 quos
1539 4168 1649 4223 dixi
1678 4170 1920 4225 cohibuit
1945 4185 2122 4225 arma-

534 4251 645 4310 tos.
700 4247 803 4314 Qui
845 4265 975 4304 vero
1004 4251 1207 4308 nullam
1236 4256 1456 4330 omnino
1498 4272 1714 4326 poenam
1753 4261 1990 4318 decrevit
2024 4277 2123 4317 no-

541 4337 711 4408 centi,
744 4338 838 4404 sed
869 4355 1111 4417 armasse
1136 4344 1231 4398 tibi
1262 4345 1601 4417 iniquitatem
1631 4349 1862 4416 videtur,
1889 4364 2122 4421 eumque

533 4425 804 4486 imitatum
830 4430 995 4490 fuisse
1020 4433 1112 4502 qui
1139 4434 1431 4505 sceleratos
1460 4439 1580 4496 illos
1605 4440 1811 4510 gladios
1839 4441 2115 4508 instruxit,

540 4519 770 4597 hincque
818 4524 1264 4598 totiuscivitatis
1313 4528 1537 4586 immisit
1572 4533 1838 4600 exitium,
1891 4534 2150 4592 videsne?

536 4614 988 4696 quemadmodum
1011 4679 1015 4684 ,
1035 4634 1145 4678 non
1191 4611 1384 4682 solum.
1410 4623 1606 4692 nullius
1633 4625 1993 4691 crudelitatis,
2023 4641 2116 4682 ve-

535 4717 654 4758 rum
688 4705 851 4758 etiam
898 4709 1148 4772 maxima:
1188 4711 1408 4780 pietatis
1449 4725 1577 4769 sunt
1619 4715 1705 4782 illa
1745 4718 2050 4787 praecepta?
2087 4735 2106 4768 ι

524 4795 601 4864 ⁸Ει
660 4796 712 4850 in
774 4799 1018 4868 epistolis
1083 4803 1224 4858 beati
1285 4803 1528 4875 Gregorii
1572 4807 1724 4876 idem
1781 4811 2110 4878 competenti

531 4885 739 4943 ultione
781 4889 1084 4957 plectendis
1129 4894 1389 4956 maleficis
1419 4907 1474 4952 et
1503 4898 1704 4967 iniquis
1741 4915 2109 4970 saepenumero

528 4979 622 5032 cui
651 4978 827 5034 leeere
853 4983 1105 5036 voluerit.
1137 4985 1383 5036 invenire.
1413 4989 1630 5038 valebit.

2231 1907 2546 1976 iactabunt,
2583 1904 2864 1973 Scriptura
2903 1903 3075 1957 dicit:
3109 1900 3190 1954 Ne
3232 1901 3304 1954 sis
3351 1901 3588 1976 ntultunr
3615 1901 3820 1970 justus.

2237 1974 2388 2054 Beati
2434 2012 2636 2067 quoque
2683 1995 3044 2048 misericordes
3075 1991 3279 2063 (Eccli.
3328 2008 3436 2056 vlt;
3484 1974 3679 2045 Matth.
3727 1995 3820 2047 vl.

2237 2091 2304 2144 Et
2334 2107 2347 2143 :
2373 2088 2643 2141 Iudicium
2667 2085 2746 2139 illi
2773 2086 2885 2139 sine
2911 2083 3293 2146 misericordia,
3317 2083 3407 2152 qui
3430 2098 3534 2135 non
3560 2082 3692 2150 facit
3721 2083 3821 2135 mi.

2236 2181 2578 2237 sericordiam
2611 2177 2751 2249 (Jac.
2788 2193 2850 2241 ιι,
2882 2176 3007 2246 1⁵5);
3043 2184 3134 2229 et:
3167 2174 3528 2244 Superexaltct
3552 2175 3821 2243 judicium

2235 2271 2596 2328 misericordia
2663 2267 2906 2340 (ibid.);
2957 2275 3014 2320 et
3058 2265 3317 2320 Dominus
3365 2263 3676 2338 adnuerat:
3718 2265 3824 2318 Nec

2233 2384 2326 2436 ego
2363 2376 2410 2419 te
2439 2361 2841 2418 condemnabo:
2875 2359 3002 2413 vade
3027 2398 3041 2424 ,
3095 2369 3144 2411 et
3186 2356 3410 2442 amplius
3455 2355 3565 2409 noli
3610 2373 3824 2425 peccare

2237 2455 2418 2523 (.lorm.
2453 2467 2570 2516 vin,
2604 2449 2712 2520 il).
2746 2449 2814 2504 Et
2856 2457 2912 2502 tu
2959 2446 3237 2509 sacerdos,
3269 2445 3356 2499 cui
3385 2444 3822 2499 misericordiam

2234 2545 2335 2599 nisi
2361 2543 2557 2598 misero
2588 2541 2752 2595 debes
2793 2538 3127 2607 impendere,
3167 2545 3218 2591 et
3243 2535 3316 2589 illi
3347 2535 3556 2590 claudis
3585 2551 3695 2588 non
3728 2535 3819 2587 mi-

2234 2636 2462 2691 serendo
2487 2631 2871 2687 misericordia:
2900 2629 3134 2693 viscera,
3161 2627 3250 2696 qui
3299 2627 3351 2680 in
3377 2641 3502 2680 eum
3534 2626 3675 2680 liber
3705 2642 3764 2679 es
3790 2641 3819 2678 a

2231 2724 2550 2796 punitione?
2567 2723 2736 2788 Quam
2762 2721 3046 2788 utriusque
3066 2717 3238 2788 partis
3264 2717 3672 2787 derogationem
3696 2730 3821 2785 erga

2233 2815 2403 2870 sacris
2455 2811 2730 2883 mysteriis
2760 2809 3060 2865 servientes
3107 2807 3328 2878 provide
3372 2816 3536 2876 atque
3587 2807 3821 2860 discreto

2232 2923 2433 2976 cavens
2458 2905 2652 2960 beatus
2693 2901 2988 2971 Gregorius
3025 2900 3088 2954 ad
3136 2899 3436 2955 Leontium»
3467 2899 3818 2954 c-xconsulem

2231 2995 2458 3052 scribit:
2492 3013 2510 3044 ι
2553 2992 2744 3057 Debet,
2792 2990 3061 3060 inquiens,
3086 2989 3254 3059 gloria
3303 2997 3481 3043 vestra
3509 2989 3822 3042 meminisse

2230 3087 2354 3156 quia
2389 3098 2662 3153 nunquam
2717 3095 2864 3135 meas
2894 3079 3154 3149 epistolas
3201 3094 3302 3149 pro
3349 3078 3818 3133 commendatione

2232 3173 2456 3242 alicujus
2500 3172 2728 3241 accepit,
2775 3171 2878 3225 nisi
2917 3179 2985 3245 ‘ut
3029 3169 3424 3239 protectioncm
3467 3178 3712 3222 vestram
3746 3168 3819 3220 fa-

2231 3267 2407 3321 ciente
2431 3263 2640 3334 justitia
2670 3260 3027 3332 prmstaretis,
3051 3259 3176 3328 quia
3222 3267 3378 3327 turpe
3418 3266 3503 3312 est
3525 3257 3825 3312 defendere

2229 3357 2370 3427 quod
2407 3357 2558 3427 prius
2599 3370 2707 3433 non
2731 3349 3253 3420 constiteritjustum
3285 3365 3424 3406 esse.
3459 3349 3573 3420 Ego
3599 3350 3826 3419 quidem

2231 3447 2476 3503 homines
2501 3453 2722 3516 propter
2754 3442 3024 3512 justitiam
3052 3442 3234 3512 diligo,
3267 3449 3604 3495 nouantem
3650 3441 3822 3508 justi‘

2229 3541 2358 3596 tiam
2395 3548 2612 3611 propter
2652 3538 2898 3592 homines
2933 3545 3220 3607 postpono.
3261 3556 3280 3588 ι
3323 3535 3390 3588 Ει
3415 3535 3481 3589 ad
3508 3533 3824 3588 Romanum

2227 3630 2567 3686 defensorem
2592 3629 2706 3700 (lib.
2737 3645 2828 3692 vn,
2863 3629 3018 3698 epist.
3060 3626 3152 3691 24,
3195 3627 3376 3680 indict.
3421 3625 3519 3694 2):
3562 3645 3582 3677 ι
3627 3626 3818 3680 Patro-

2227 3720 2369 3774 cinia
2417 3719 2806 3783 ecclesiastica,
2860 3718 2976 3772 sive
3027 3731 3146 3772 mea
3207 3716 3516 3786 suscipiatis
3569 3718 3812 3786 scripta,

2226 3810 2340 3866 sive
2366 3811 2529 3865 etiam
2556 3810 2781 3864 minime
2811 3807 3018 3863 fuerint
3041 3807 3270 3872 directa,
3295 3807 3396 3862 sub
3438 3814 3589 3862 tanto
3631 3808 3815 3862 mode.

2227 3900 2436 3954 ramine
2482 3898 2728 3954 debeatis
2776 3898 3131 3968 impendere,
3187 3905 3458 3967 quatenus
3505 3898 3562 3952 hi
3605 3900 3700 3968 qui
3758 3900 3811 3953 in

2225 3990 2384 4044 furtis
2424 3988 2650 4059 publicis
2693 3988 2954 4058 implicati
2993 3996 3138 4053 sunt,
3170 4003 3206 4042 a
3251 3988 3409 4043 nobis
3435 4003 3541 4042 non
3590 3989 3814 4042 videan-

2224 4092 2312 4136 tur
2334 4081 2529 4150 injuste
2551 4079 2790 4146 defendi,
2825 4096 2892 4134 ne
2920 4080 3229 4149 opinionem
3270 4078 3411 4133 male
3439 4079 3716 4150 agentium
3742 4096 3810 4134 ex

2224 4172 2526 4226 indiscreta:
2554 4169 2884 4225 defensionis
2910 4185 3044 4224 ausu
3071 4171 3124 4222 in
3160 4183 3260 4224 nos
3287 4167 3395 4223 ullo
3431 4168 3594 4222 modo
3633 4177 3812 4224 trans-

2221 4261 2498 4322 feramus:
2529 4261 2620 4316 sed
2647 4269 2910 4332 quantum
2938 4260 3092 4314 decet
3119 4259 3439 4324 Ecclesiam,
3466 4259 3811 4314 admonendo

2221 4363 2275 4411 et
2307 4355 2526 4428 verbum
2576 4353 2982 4410 intercessionis
3036 4351 3364 4417 adhibendo,
3393 4352 3590 4420 quibus
3616 4352 3809 4406 valetis

2223 4448 2544 4512 succurrite,
2583 4455 2642 4501 ut
2694 4455 2749 4502 et
2797 4445 2904 4500 illis
2941 4460 3100 4514 opem
3150 4444 3358 4508 feratis,
3391 4454 3445 4498 et
3494 4444 3806 4513 opinionem

2217 4547 2422 4597 sancta:
2447 4537 2702 4594 Ecclesia:
2726 4553 2832 4592 non
2863 4535 3208 4604 inquinetisa
3245 4534 3349 4589 Sed
3383 4544 3438 4589 et
3477 4535 3544 4588 de
3591 4535 3676 4589 his
3715 4534 3824 4602 qui-

2221 4630 2287 4686 ad
2313 4638 2464 4699 septa
2491 4627 2756 4693 ecclesiae,
2802 4636 2858 4682 et
2881 4627 3046 4681 etiam
3077 4627 3145 4680 ad
3195 4627 3308 4695 ipsa
3343 4625 3582 4680 sacraria
3617 4627 3804 4678 confu-

2218 4725 2397 4793 gerint
2439 4721 2755 4783 sanctuarii,
2806 4721 2875 4776 ad
2920 4718 3184 4774 Joannem
3225 4720 3536 4788 episcopum
3592 4719 3804 4773 Carali~

2221 4825 2362 4869 tanze
2383 4813 2620 4869 civitatis
2645 4811 2836 4866 scribit
2863 4829 2876 4865 :
2928 4831 2946 4862 ι
2991 4809 3071 4876 Si,
3106 4810 3374 4878 inquiens,
3409 4811 3476 4863 de
3497 4809 3701 4879 quibus
3720 4817 3820 4862 cst-

2219 4905 2468 4976 quaastio,
2517 4904 2583 4964 ad
2614 4902 2898 4958 ecclesiam
2942 4901 3173 4956 fortasse
3208 4900 3519 4970 refugerint,
3547 4902 3621 4955 ita
3644 4902 3802 4955 debet

2216 5011 2380 5040 manca
2414 4993 2649 5040 disponi-
2681 5003 2740 5040 ut
2769 5009 2868 5040 nec.
2895 4993 2996 5040 insi
3020 4991 3327 5040 violentiam
3366 4992 3663 5040 patiantur.
3704 5007 3800 5040 nec
