4046 6284
293 337 338 392 "‘l
349 336 414 391 Gl

1579 325 1582 336 π
1717 301 2224 380 “aeternum”
2273 333 2310 348 ιο
2353 327 2362 344 ί

3471 323 3591 379 "HE

288 415 526 518 3tionem
551 417 558 430 ι
583 421 734 504 suam
788 431 895 500 non
941 413 1196 500 videntur:
1235 431 1480 498 snmcere
1508 483 1521 507 ,
1575 433 1754 511 phi'ra‘
1780 437 1984 499 hinc'A
2009 435 2241 507 quaeque
2269 431 2461 491 uirum
2505 436 3512 507 probabilia",-'autper.macritatem
3535 452 3592 498 et

311 543 522 613 poterit
576 542 628 596 in
676 549 988 595 sanctorum
1042 539 1252 610 paginis
1293 539 1510 607 legere,
1559 547 1614 591 et
1655 535 1905 614 anostr'a

310 633 704 688 mediocritate
733 632 784 684 in
813 631 1172 686 solutionibus
1195 631 1574 700 qumstionum,
1615 629 1682 683 de
1713 624 1908 699 quibus

309 728 382 780 ab
426 725 554 782 aliis
596 719 972 793 interrogatus
1020 709 1160 787 sum,
1205 723 1483 778 vicesima:
1538 722 1807 788 secundae,
1853 729 1910 775 et

308 818 597 872 vicesima:
627 825 838 871 octava:
865 815 1027 869 latius
1059 814 1325 868 invenire.
1531 815 1535 818 ’

387 909 663 978 Quoniam
692 908 908 978 quidem
933 923 1094 977 supra
1119 889 1463 976 chirographi
1489 918 1672 974 regum
1697 907 1910 957 nostro-

295 1014 443 1053 Tum
477 998 793 1052 memoriam
829 996 968 1061 feci,
1001 1012 1120 1066 qua:
1153 995 1219 1049 de
1263 996 1348 1049 his
1389 993 1584 1048 ibidem
1619 994 1909 1056 constituta

313 1072 452 1143 sunt
481 1088 573 1144 hic
603 1089 926 1143 subnectere
952 1083 1236 1158 procuravi
1259 1077 1512 1157 (Capitul.
1533 1083 1712 1140 Caroli
1735 1079 1908 1150 Calvi,

305 1181 406 1235 'tit.
437 1181 491 1247 8,
531 1197 579 1236 c.
607 1181 664 1252 4)
697 1199 710 1234 :
745 1200 764 1231 (
796 1181 862 1234 Ει
897 1181 1020 1251 quia
1060 1196 1158 1251 per
1183 1163 1349 1250 vagos
1378 1190 1431 1234 et
1451 1171 1744 1256 tyrannica
1775 1169 1906 1232 con-

291 1272 610 1346 suetudine
655 1272 1016 1327 irreverentes
1053 1271 1302 1327 homines
1349 1287 1454 1341 pax
1485 1279 1540 1325 et
1564 1261 1718 1340 quies
1757 1268 1908 1339 regni

289 1353 646 1430 'perturbari'
681 1361 858 1425 solet,
896 1361 1143 1416 volumus
1195 1371 1253 1415 ut
1305 1361 1371 1414 ad
1405 1373 1784 1430 quemcunque
1814 1371 1911 1411 no-

285 1462 500 1506 strum
538 1442 662 1507 talis
689 1454 922 1518 venerit,
956 1462 1013 1508 ut
1042 1454 1106 1509 de
1141 1452 1226 1507 his
1253 1439 1372 1522 qua:
1415 1452 1525 1522 egit
1555 1452 1818 1506 rationem
1856 1459 1911 1505 et

288 1539 586 1610 ‘justitiam
637 1545 1014 1616 subterfugere
1057 1560 1162 1599 non
1211 1546 1413 1616 possit,
1455 1559 1616 1598 nemo
1657 1560 1722 1598 ex
1756 1541 1910 1598 nobis

310 1635 473 1688 illum
498 1635 564 1690 ad
592 1636 736 1690 aliud
769 1637 993 1706 recipiat
1021 1637 1102 1691 vel
1129 1638 1376 1702 retineat,
1404 1635 1504 1692 nisi
1531 1647 1589 1690 ut
1611 1636 1676 1689 ad
1704 1633 1907 1690 rectam

311 1726 592 1779 rationem
625 1734 678 1781 et
719 1727 956 1780 debitam
986 1727 1417 1797 cmemlatitmcm
1443 1717 1774 1797 perducatur
1810 1740 1824 1778 :
1853 1719 1909 1780 et

2013 531 2277 583 rationem
2309 530 2659 598 improbanda
2697 530 2828 593 sint,
2863 525 3589 601 catholici'leeturisjudieio

2012 619 2352 686 derelihquo.
2406 618 2654 687 Loquens
2698 619 2956 685 Dominus
2991 621 3074 672 'de'
3104 617 3314 686 judicio
3354 619 3497 691 quod
3536 623 3589 676 in

2013 709 2250 766 secundo
2278 711 2509 782 adventu
2541 715 2639 764 siio
2667 709 3016 765 est'fnturnm
3049 727 3145 780 per
3173 711 3352 782 ignem
3379 753 3393 779 ,
3440 729 3590 769 com-

1997 777 2338 854 memoravit
2373 799 2502 853 illud
2547 800 2688 868 quod
2722 800 2957 868 primum
3009 777 3104 869 per
3140 777 3342 870 aquam
3381 777 3592 858 factum

2011 899 2095 944 est
2129 905 2141 942 :
2173 889 2345 954 Sicut,
2388 889 2660 958 inquiens,
2693 890 2892 958 factum
2924 897 2997 943 est
3045 890 3099 943 in
3129 891 3313 944 diebus
3346 890 3494 956 Noe,
3517 895 3593 947 ita

2011 981 2108 1034 erit
2145 987 2194 1034 et
2231 981 2286 1034 in
2325 980 2409 1033 die
2445 980 2572 1047 ﬁliis
2612 981 2837 1033 hominis
2865 980 3076 1050 (Matth.
3107 987 3256 1047 xxiii;
3285 983 3396 1052 '57).
3423 984 3488 1038 Et
3507 993 3596 1039 'rc-

2005 1069 2199 1126 ‘ferens
2241 1069 2386 1139 quod
2430 1086 2528 1140 per
2556 1072 2735 1141 ignem
2759 1071 3420 1143 Sodomam'judieaverit,
3445 1077 3596 1130 simi-

2010 1161 2157 1227 liter,
2213 1161 2408 1231 inquit,
2428 1163 2575 1215 'st'cttt
2619 1161 2934 1230 factum'est
2973 1164 3030 1216 in
3067 1164 3250 1218 diebus
3298 1165 3393 1220 Lat
3441 1165 3592 1237 (Luc.

2014 1269 2164 1319 xvn,
2206 1254 2319 1324 28).
2360 1253 2590 1308 Solertia
2650 1245 3120 1319 Christianitatis,
3186 1257 3326 1310 inter
3379 1266 3499 1311 acta
3536 1266 3592 1312 et

1989 1348 2222 1418 agenda
2263 1347 2464 1416 judicia
2503 1347 2895 1414 consistentis,
2952 1365 3018 1403 ex
3069 1348 3295 1418 antiquo
3328 1350 3505 1404 sanxit
3540 1357 3595 1404 et

2011 1438 2376 1507 frequentavit
2410 1436 2674 1506 judicium
2705 1438 2850 1508 quod
2889 1439 2948 1492 fit
2976 1453 3076 1508 per
3098 1454 3314 1508 aquam,
3344 1442 3596 1511 quodque

2012 1531 2113 1583 sub
2145 1528 2255 1583 Noe
2287 1529 2488 1584 factum
2534 1529 2711 1584 fuerat
2738 1531 2788 1583 in
2816 1545 2940 1583 arca
2969 1530 3088 1584 fidei
3109 1571 3122 1594 ,
3153 1531 3408 1585 liberans
3438 1531 3595 1584 inno-

2011 1627 2198 1674 centes
2223 1629 2277 1674 et
2309 1623 2677 1674 condemnans
2702 1621 2914 1675 noxios.
2946 1621 3004 1675 In
3035 1621 3201 1693 ignita
3230 1626 3407 1677 autem
3431 1633 3593 1692 aqua,

2014 1710 2154 1764 sicut
2181 1709 2382 1765 factum
2411 1719 2492 1765 est
2515 1712 2620 1766 sub
2643 1710 2747 1764 Lot
2780 1711 2830 1765 in
2875 1712 3016 1782 igne,
3047 1711 3102 1766 et
3145 1713 3377 1768 ﬂendum
3411 1715 3462 1768 in
3494 1715 3591 1767 ad-

308 1817 360 1870 si
397 1817 662 1870 rationem
701 1828 909 1871 rectam
962 1807 1369 1887 subterfugerit,
1419 1833 1606 1874 omnes
1648 1818 1699 1871 in
1751 1807 1903 1870 eoin-

2012 1809 2173 1854 ventu
2225 1799 2369 1854 Flll-i'
2399 1801 2630 1855 hominis
2652 1842 2667 1866 ,
2714 1802 2875 1856 Petro
2927 1810 3245 1869 attestanlc,
3274 1805 3386 1874 qni,
3421 1805 3590 1859 dicit:

311 1921 509 1974 mune,
541 1908 594 1962 in
626 1908 780 1978 cujus
804 1921 1024 1979 regnum
1053 1910 1282 1973 venerit,
1312 1907 1460 1961 illum
1493 1901 1902 1978 persequamur,

312 1998 496 2052 donec
517 2008 611 2052 aut
642 2000 709 2052 ad
738 1998 999 2054 rationem
1025 1999 1373 2067 perducatur,
1400 2007 1492 2052 aut
1524 1999 1591 2052 de
1612 2011 1789 2068 regno
1817 1995 1906 2050 de-

314 2089 523 2144 leatur.
564 2089 827 2144 Similiter
852 2101 908 2145 et
930 2091 996 2144 de
1030 2106 1095 2145 eo
1136 2091 1400 2160 agendum
1432 2098 1535 2154 est,
1567 2091 1657 2160 qui
1685 2105 1783 2161 pro
1811 2089 1907 2145 ali-

314 2196 436 2250 quo
470 2183 678 2250 capitali
713 2192 770 2237 et
804 2183 1017 2254 publico
1041 2184 1269 2238 crimine
1298 2199 1327 2238 a
1366 2184 1610 2255 quolibet
1654 2183 1906 2252 episcopo

319 2271 632 2340 corripitur,
665 2272 748 2326 vel
772 2274 1294 2338 excommunicatur,
1325 2281 1417 2326 aut
1448 2283 1571 2327 ante
1595 2285 1906 2327 excommu-

314 2359 651 2414 nicationem
685 2361 891 2416 crimen
923 2360 1150 2424 faciens,
1193 2377 1418 2432 regnum
1467 2372 1522 2416 et
1571 2363 1715 2433 regis
1764 2362 1907 2433 regi-

310 2465 448 2504 men
480 2459 673 2516 mutat,
706 2468 773 2506 ne
804 2452 1038 2507 debitam
1075 2452 1449 2523 paenitentiam
1493 2454 1777 2522 suscipiat,
1809 2463 1904 2507 aut

291 2551 630 2610 “susceptam
677 2542 914 2613 legitime
963 2552 1189 2613 peragat
1238 2545 1556 2598 :interdum
1611 2545 1778 2598 ctiam
1826 2545 1907 2598 in-

309 2641 527 2686 cestam
574 2633 933 2703 propinquam
966 2649 1139 2699 suam,
1172 2642 1264 2688 aut
1294 2636 1793 2702 sanctimonialem,
1823 2636 1905 2691 vel

291 2725 558 2792 raptam,
608 2725 721 2779 sive
747 2725 1069 2790 adulteram,
1110 2742 1271 2796 quam
1307 2725 1414 2781 illic
1461 2727 1507 2782 ei
1554 2743 1660 2782 non
1703 2727 1905 2782 licebat

310 2809 546 2879 habere,
588 2813 796 2884 fugiens
839 2830 1023 2870 secum
1060 2816 1225 2871 ducit.
1264 2815 1362 2871 llic
1413 2816 1558 2882 talis,
1609 2833 1730 2871 cum
1786 2819 1901 2887 epi-

273 2885 534 2973 lscopus,
589 2906 657 2958 ad
694 2904 848 2973 cujus
900 2921 1086 2960 curam
1140 2906 1472 2976 pertinebit,
1511 2907 1667 2962 nobis
1716 2915 1902 2961 notum

289 2981 533 3059 ifeeerit,
579 2995 866 3065 diligenter
898 2998 1249 3067 perquiratur
1273 3039 1287 3062 ,
1319 3013 1388 3052 ne
1418 2999 1662 3051 morandi
1691 2998 1772 3051 vel
1819 2996 1902 3050 la-

289 3086 465 3162 tendi
497 3087 692 3142 locum
745 3089 796 3142 'm
851 3103 1018 3159 regno
1059 3088 1286 3156 alicujus
1333 3097 1577 3142 nostrum
1617 3088 1899 3154 inveniat,

2012 1891 2164 1956 Quod
2193 1892 2306 1946 ειεΙὶ
2337 1903 2485 1946 erant
2513 1894 2659 1962 prius
2683 1902 2731 1947 et
2754 1905 2916 1958 terra,
2942 1895 3006 1948 de
3029 1909 3190 1965 aqua,
3213 1907 3262 1950 et
3288 1913 3380 1966 per
3403 1914 3593 1966 aquam

2009 1983 2293 2036 consistens
2346 1983 2440 2036 Dei
2481 1985 2675 2050 verba,
2723 2001 2817 2054 per
2865 1991 2982 2057 qua?
3036 1987 3124 2042 ille
3181 1998 3305 2042 tunc
3367 1989 3594 2042 mundus

2007 2089 2146 2143 aqua
2192 2075 2478 2128 imtndattts
2535 2077 2710 2145 periit.
2763 2076 2892 2130 Coeli
2945 2088 3117 2132 autem
3164 2081 3258 2149 qui
3298 2097 3436 2134 nunc
3472 2090 3593 2134 sunt

2007 2172 2055 2215 et
2097 2172 2235 2216 terra
2261 2203 2276 2225 ,
2317 2164 2495 2217 eodem
2528 2165 2716 2228 verbo,
2750 2167 2962 2235 repositi
3002 2177 3144 2229 sunt,
3201 2169 3309 2238 igni
3350 2170 3594 2223 reservati

2007 2251 2061 2305 in
2111 2253 2248 2305 diem
2297 2254 2490 2322 judicii
2545 2264 2592 2308 et
2643 2256 2948 2323 perditionis
3000 2256 3282 2325 impiorum
3323 2258 3590 2311 hominum

2009 2341 2094 2413 (11
2120 2341 2269 2395 'Petr.
2304 2360 2386 2405 ιιι,
2418 2342 2511 2411 5);
2569 2353 2760 2412 aperte
2788 2346 2988 2399 docens
3023 2345 3150 2414 quia
3195 2362 3303 2400 non
3338 2348 3428 2400 alii
3467 2347 3592 2401 cmli

2007 2441 2134 2486 sunt
2177 2433 2300 2502 igne
2327 2433 2575 2502 perituri,
2605 2447 2767 2501 quam
2797 2434 2887 2503 qui
2925 2449 3063 2502 aqua
3109 2435 3328 2503 perditi,
3373 2437 3475 2489 hoc
3505 2445 3589 2490 est

2008 2524 2188 2578 inania
2230 2525 2348 2579 haec
2389 2533 2446 2578 et
2476 2524 2721 2580 nubilosa
2756 2525 2968 2580 ventosi
3000 2525 3143 2581 aeris
3173 2528 3371 2596 spatia.
3405 2526 3592 2596 Neque

2005 2618 2151 2671 enim
2185 2631 2322 2685 aqua
2365 2615 2574 2680 diluvii,
2621 2631 2742 2686 qute
2791 2617 3102 2686 quindecim
3142 2625 3351 2672 tantum
3397 2619 3592 2674 cubitis

2006 2706 2270 2758 montium
2309 2705 2593 2759 cacumina
2625 2705 2864 2772 transiit,
2896 2704 3036 2759 ultra
3086 2706 3232 2761 aeris
3267 2707 3592 2778 aetherisque

2005 2795 2239 2850 confinia
2260 2797 2586 2865 pervenisse
2607 2796 2877 2851 credenda
2901 2805 3004 2851 est.
3047 2797 3383 2868 Quoeunque
3408 2809 3590 2852 autem

2006 2887 2293 2956 pervenire
2347 2887 2562 2956 potuit,
2621 2902 2687 2942 eo
2750 2887 3040 2953 nimirum,
3090 2889 3244 2958 juxta
3312 2889 3591 2958 praefatam

2005 2978 2148 3032 beati
2175 2978 2320 3032 Petri
2352 2979 2760 3047 sententiamet
2785 2980 2924 3049 ignis
2943 2979 3132 3049 judicii
3160 2983 3457 3051 perveniet.
3484 2980 3592 3035 Sed

2005 3071 2131 3138 quia
2158 3070 2422 3137 scriptum
2445 3079 2565 3124 est:
2595 3070 2792 3124 Caelum
2819 3079 2868 3124 et
2888 3078 3027 3124 terra
3053 3069 3346 3125 transibunt
3371 3071 3584 3142 (Matth.

307 3189 371 3235 et
399 3179 495 3234 Dei
525 3196 589 3234 ac
618 3190 833 3236 nostros
866 3181 1052 3236 fideles
1077 3197 1174 3237 suo
1213 3183 1401 3249 morbo
1430 3182 1480 3235 in
1493 3175 1676 3246 ﬁciat',
1727 3182 1818 3236 sed
1868 3197 1898 3235 a

2006 3173 2152 3223 xxxv,
2203 3162 2328 3230 55);
2365 3168 2420 3214 et
2457 3161 2692 3215 iterum:
2731 3160 2892 3215 Terra
2925 3179 3047 3216 vero
3089 3163 3144 3216 in
3187 3173 3440 3216 internum
3486 3154 3590 3216 stat

309 3270 492 3334 nobis,
541 3270 626 3323 vel
659 3285 758 3339 per
802 3271 1077 3326 ministros
1128 3272 1437 3342 reipublicze
1473 3272 1897 3342 constringatur,

310 3366 370 3413 et
422 3367 480 3411 ut
533 3358 693 3414 simul
750 3374 873 3413 cum
924 3360 1187 3416 diabolica
1231 3363 1449 3430 praeda,
1503 3377 1664 3431 quam
1716 3377 1899 3415 secum

310 3447 495 3514 duxit,
531 3448 598 3503 ad
634 3449 944 3520 episcopum
981 3466 1136 3504 suum
1166 3452 1368 3515 redeat,
1399 3451 1546 3505 etde
1577 3467 1899 3520 quocunque

310 3539 545 3614 crimine
570 3541 784 3610 publico
821 3542 1056 3598 debitam
1087 3542 1460 3612 pmnitentiam
1495 3543 1775 3612 suscipiat,
1807 3550 1900 3596 aut

294 3638 624 3699 susceptam
656 3629 898 3699 legitime
925 3646 1188 3701 peragere
1217 3631 1588 3700 compellatur.
1627 3649 1645 3681 ι

842 3768 1178 3823 EPISTOLA
1218 3768 1382 3822 XXV.

514 3891 594 3934 -ιυ
629 3893 992 3935 ιιιωεωιιιωι
1029 3894 1319 3934 EPISCOPUM
1360 3895 1690 3934 MELDENSEM.

725 3997 804 4050 De
831 3995 1035 4066 judicio
1075 4013 1225 4066 aquw
1257 3996 1484 4068 frigidm.

403 4126 577 4190 “pud
595 4128 845 4188 eumdem,
873 4139 936 4178 ex
961 4129 1134 4178 codice
1157 4128 1209 4177 S.
1237 4128 1446 4191 Remigii
1469 4129 1804 4192 Bhemeusis.)
1838 4169 1840 4172 τ

317 4248 354 4300 .’
377 4241 704 4306 -Ηικοιιλιιυδ
741 4251 1072 4306 Rhemornm
1103 4251 1388 4321 episcopus
1414 4293 1428 4317 ,
1471 4268 1534 4307 ac
1586 4253 1758 4322 plebis
1802 4253 1899 4309 Dei

307 4343 574 4409 famulus,
603 4343 800 4398 dilecto
831 4342 984 4397 fratri
1028 4356 1092 4396 ac
1133 4343 1422 4398 venerabili
1469 4344 1722 4415 episeopo
1767 4343 1897 4399 flii.-

291 4437 294 4442 '
314 4447 549 4488 »πελείιο
587 4431 836 4486 salutem.

389 4520 526 4578 Dum
559 4522 1045 4585 confabularemur,
1077 4531 1133 4576 et
1172 4523 1313 4578 inter
1353 4538 1452 4578 nos
1479 4524 1546 4578 de
1575 4509 1903 4592 quibusdam.
1925 4505 1974 4565 D

309 4629 703 4685 quaereremus,
745 4631 926 4670 sermo
971 4616 1188 4670 habitus
1231 4625 1315 4670 est
1366 4615 1433 4670 de
1484 4617 1688 4686 judicio
1743 4631 1897 4690 aquae

313 4705 548 4778 frigida},
582 4707 646 4760 de
671 4720 778 4774 quo
807 4705 1086 4760 Rabanum
1117 4706 1480 4761 venerabilem
1535 4708 1898 4778 archiepisco-

310 4814 440 4868 pum
469 4797 795 4867 Moguntina:
823 4799 1060 4854 civitatis
1090 4799 1333 4868 quaedam
1373 4799 1657 4868 scripsisse
1685 4800 1895 4866 dixisti,

309 4903 379 4943 ex
415 4889 569 4956 cujus
604 4889 822 4958 scriptis
850 4889 978 4958 quid
1018 4890 1146 4943 mihi
1193 4889 1471 4944 videretur
1499 4891 1765 4946 sciscitari
1798 4907 1892 4946 cu-

309 4980 470 5032 rasti.
505 4978 660 5034 Unde
695 4981 832 5034 inter
862 4981 965 5034 alia
1000 4992 1055 5034 et
1091 4995 1175 5035 me
1205 4981 1489 5051 scripsisse
1539 4983 1603 5036 ad
1661 4983 1894 5037 interro-

307 5073 590 5143 gationem
621 5071 850 5126 fratrum
883 5089 946 5128 ac
975 5075 1420 5144 coepiscoporum
1475 5083 1785 5129 nostrorum
1831 5071 1898 5130 de

308 5181 484 5237 regno
522 5169 797 5236 quondam
847 5167 1079 5238 junioris
1138 5166 1378 5221 Lotharii
1448 5166 1544 5222 tibi
1596 5169 1894 5236 respondi,

308 5267 434 5325 qua:
459 5271 528 5309 ex
561 5243 776 5326 scriptis
803 5258 1002 5312 nostris
1033 5257 1206 5327 excipi
1233 5265 1286 5310 et
1315 5256 1410 5310 tibi
1450 5259 1743 5312 transmitti
1777 5273 1894 5311 ma—

305 5361 550 5418 gnopere
582 5347 888 5417 postulasti.
921 5348 989 5402 Et
1013 5349 1138 5418 quia
1168 5348 1431 5417 scriptum
1455 5359 1539 5403 est
1565 5367 1577 5401 :
1605 5347 1764 5402 Omni
1805 5365 1894 5417 pe-

307 5439 443 5491 tenti
489 5449 538 5491 te
583 5440 690 5502 da,
734 5448 782 5492 et
828 5438 1016 5492 volenti
1065 5441 1300 5493 mutuari
1344 5456 1376 5492 a
1429 5448 1478 5492 te
1526 5452 1589 5492 ne
1639 5439 1891 5492 avertat-is

306 5529 530 5602 (ﬁatut.
555 5545 608 5594 v,
648 5528 742 5599 42)
768 5571 781 5595 ,
815 5539 942 5600 quae
978 5530 1161 5600 petisti
1205 5531 1272 5584 de
1314 5529 1893 5599 responsionibus‘exi-

303 5615 530 5691 guitatis
559 5630 757 5676 nostrae
783 5622 849 5677 ad
873 5623 1325 5694 interrogationes
1363 5621 1742 5691 prazdictorum
1782 5620 1892 5676 fra-

305 5721 458 5769 trum
487 5723 797 5773 nostrorum
839 5725 1091 5785 excerpta
1120 5725 1224 5772 ture
1251 5715 1525 5773 dilectioni
1559 5716 1883 5781 transmitte,

2005 3250 2204 3322 (Eccle.
2238 3269 2279 3318 ι,
2312 3253 2367 3323 4)
2391 3293 2407 3319 ,
2439 3254 2719 3308 sciendum
2749 3261 2834 3309 est
2866 3256 2990 3323 quia
3015 3255 3212 3310 coelum
3241 3266 3300 3310 et
3323 3259 3465 3309 terra
3493 3267 3591 3325 per

2002 3356 2123 3398 eant
2166 3351 2505 3413 quamnunc
2531 3345 2733 3400 habent
2761 3346 3058 3418 imaginem
3103 3353 3404 3412 transeunt,
3448 3355 3590 3403 atta—

2003 3449 2125 3490 men
2148 3448 2245 3505 per
2269 3437 2561 3490 essentiam
2586 3437 2703 3491 sine
2715 3437 2822 3490 line
2843 3438 3163 3492 subsistunt.
3185 3437 3426 3492 Prmtert'l
3448 3441 3588 3492 enim

2001 3527 2175 3596 ﬁgura
2203 3528 2364 3597 Imsz
2390 3528 2574 3582 νηπίηόί
2601 3528 2654 3599 (I
2681 3527 2806 3582 C'or.
2833 3543 2932 3594 vn,
2963 3530 3054 3599 5i)
3073 3571 3086 3595 ,
3115 3541 3164 3584 e‘t
3185 3540 3358 3591 erunt,
3389 3531 3588 3600 inquit,

2002 3617 2186 3670 cwlum
2209 3623 2400 3670 novum
2443 3627 2490 3670 et
2534 3627 2675 3671 terra
2714 3629 2896 3681 ’nova;
2929 3627 3048 3687 qna:
3085 3620 3303 3687 quidem
3349 3624 3453 3672 nun
3485 3620 3586 3674 alia

2001 3709 2282 3764 condenda
2297 3717 2445 3773 sunt,
2461 3709 2560 3762 sed
2576 3709 2690 3763 haec
2710 3709 2825 3777 ipsa
2849 3711 3273 3764 renovabnn'tur.
3301 3709 3590 3765 TranSient

2001 3808 2056 3854 et
2085 3799 2497 3868 permanebunt,
2529 3795 2784 3868 quoniam
2815 3802 2884 3854 ab
2924 3814 2987 3853 ea
3038 3801 3218 3870 specie
3255 3791 3416 3870 quam
3447 3813 3589 3855 nunc

2003 3885 2205 3946 habent
2244 3895 2543 3962 tergentur,
2580 3900 2640 3945 'ct
2673 3891 2728 3944 in
2765 3905 2860 3945 sua
2891 3905 3110 3960 semper
3155 3889 3358 3947 natura
3395 3875 3587 3947 serva-

2002 3981 2221 4039 buntur;
2259 3984 2413 4040 Unde
2461 3983 2720 4053 scriptum
2754 3979 2840 4040 est
2869 3983 3146 4039 :‘Hutabis
3176 4001 3238 4039 ea
3264 4026 3280 4051 ,
3323 3995 3392 4040 et;
3417 3972 3589 4042 ninia-

2003 4076 2198 4130 buntur
2223 4073 2399 4147 '(Psal.
2431 4077 2505 4142 Ct,
2532 4075 2669 4146 27).“
2775 4085 2778 4088 ‘
3047 4079 3051 4086 ’
3283 4068 3287 4076 ’
3505 4075 3509 4086 ¹

2074 4157 2412 4238 Quapropter
2438 4166 2555 4223 fieri
2586 4177 2779 4236 aquam
2805 4166 3050 4240 ignitam,
3078 4169 3143 4222 ad
3195 4168 3308 4224 htec
3355 4170 3462 4224 duo
3497 4157 3588 4226 eo-

2002 4259 2184 4327 pulata
2237 4259 2289 4312 in
2332 4261 2500 4311 unum
2533 4257 2834 4327 indaganda
2883 4257 3119 4326 judicia,
3163 4249 3302 4314 illud
3340 4249 3590 4314 videlicet

2003 4347 2145 4418 quod
2166 4345 2276 4416 jam
2320 4363 2419 4417 per
2448 4362 2646 4416 aquam
2686 4347 2887 4402 factum
2929 4355 3030 4411 est,
3062 4356 3118 4401 et
3147 4347 3272 4402 illud
3309 4348 3449 4417 quod
3491 4363 3590 4418 per

2003 4438 2180 4507 ignem
2214 4439 2447 4493 flendum
2473 4447 2578 4502 est,
2620 4437 2744 4492 licet
2791 4439 2900 4492 sint
2938 4453 3036 4507 pro
3064 4437 3367 4508 temporum
3411 4439 3589 4494 varie-

2003 4539 2110 4586 tate
2142 4529 2403 4600 disparia,
2433 4530 2528 4584 sed
2564 4545 2732 4583 utinm
2782 4537 2908 4583 sunt
2939 4525 3270 4598 Operationis
3305 4531 3584 4601 mysterio,

2001 4619 2056 4674 in
2087 4621 2284 4690 quibus
2311 4619 2482 4674 sancti
2507 4618 2808 4672 liberantur
2849 4618 3090 4683 illaesi,et
3115 4621 3327 4689 reprobi
3357 4621 3586 4689 puniun-

2002 4721 2092 4767 tur
2117 4709 2336 4775 addicti,
2364 4708 2638 4774 Ecclesiae,
2668 4723 2829 4778 quam
2859 4709 3163 4779 designavit
3204 4725 3330 4764 arca
3375 4710 3585 4774 diluvii,

2001 4804 2246 4860 creditur
2297 4801 2588 4857 tradidisse
2643 4803 2980 4866 auctoritas,
3049 4816 3167 4872 quae
3233 4802 3427 4856 etiam‘
3462 4802 3586 4858 inde

2003 4896 2185 4950 sanxit
2227 4902 2287 4948 ut
2322 4909 2477 4965 aqua:
2513 4893 2852 4964 baptismatis
2885 4894 3066 4948 halitu
3093 4892 3412 4948 sacerdotali
3460 4908 3585 4947 san-

1998 5000 2120 5044 ctus
2143 4986 2446 5043 insuffletur
2461 4986 2719 5056 Spiritus,
2737 4986 2828 5055 qui
2851 4986 2992 5040 inter
3018 4986 3131 5056 ipsa
3151 4985 3332 5040 mundi
3355 4985 3583 5054 primor-

1999 5083 2086 5138 dia
2131 5079 2410 5135 ferebatur
2447 5095 2610 5149 super
2650 5095 2835 5149 aquas.
2885 5079 2956 5136 Ut
2997 5080 3110 5149 jam
3164 5089 3290 5132 tunc
3325 5078 3581 5132 virtutem

1999 5170 2447 5227 sanctificationis
2476 5183 2739 5238 aquarum
2779 5178 2970 5223 natura
3014 5168 3345 5236 conciperet,
3382 5175 3437 5219 et
3476 5181 3582 5234 quo

2000 5263 2192 5333 rubigo
2215 5263 2456 5316 omnium
2484 5262 2808 5331 excoquitur
2822 5269 3190 5332 peccatorum,
3213 5258 3355 5312 cerei
3381 5258 3583 5315 lumine

2001 5351 2338 5406 sanctificata
2371 5352 2585 5406 accensi
2613 5367 2642 5405 a
2673 5352 2790 5406 loco
2819 5357 3104 5405 teneantur
3129 5348 3378 5414 immissi,
3411 5349 3582 5402 donec

1998 5442 2237 5510 ejusdem
2266 5442 2430 5497 fontis
2459 5443 2798 5498 consecratio
2818 5440 3176 5510 Compleatur,
3215 5455 3310 5511 per
3336 5455 3458 5496 eum
3487 5441 3578 5509 qui

1999 5533 2246 5589 nocentis
2282 5532 2466 5588 mundi
2487 5535 2715 5590 crimina
2745 5548 2846 5602 per
2877 5546 3048 5600 aquas
3087 5531 3327 5594 abluens,
3359 5545 3579 5600 regene-

1997 5624 2227 5679 rationis
2272 5624 2512 5695 speciem
2561 5625 2612 5677 in
2661 5623 2774 5692 ipsa
2811 5621 2996 5674 diluvii
3036 5619 3297 5676 effusione
3325 5621 3577 5690 signavit,

1999 5724 2058 5771 ut
2103 5717 2262 5772 unius
2309 5716 2656 5782 ejusdemque
2705 5713 2956 5769 elementi
3008 5714 3308 5785 mysterio.
3357 5723 3410 5768 et
3458 5711 3580 5766 linis
