4046 6284
512 342 614 401 165

1491 339 1821 399 ΗΙΝΟΜΑΒΙ
1859 340 2250 400 RIIEMENSIS
2289 342 2806 413 ARCHIEPISCOPI

3673 355 3784 412 164

503 467 654 513 esset
713 453 894 521 vitiis,
924 461 979 509 et
1013 454 1166 525 origo
1208 452 1526 516 virtutibus,
1575 453 1778 522 quique
1824 461 2090 508 venturus
2117 457 2166 516 Α
2194 455 2449 514 Hebraeos
2476 474 2574 528 per
2601 475 2750 516 mare
2795 460 3059 526 Rubrum,
3102 455 3426 532 respiciente
3458 461 3692 520 Domino
3721 467 3780 524 in

497 557 593 602 est
613 546 860 615 judicare
881 545 1032 599 vivos
1059 553 1115 598 et
1136 551 1404 606 mortuos,
1426 550 1482 596 et
1501 542 1754 596 sreculum
1769 557 1867 611 per
1888 543 2086 612 ignem.

503 641 642 707 Quia
675 641 726 694 in
752 638 941 694 eodem
967 637 1314 707 baptismate,
1352 636 1405 689 in
1439 651 1550 705 quo
1575 636 1856 706 signanter
1882 634 2092 705 Moyses

506 731 769 801 propheta
798 729 997 798 lignum
1024 726 1174 780 velut
1201 727 1254 780 in
1284 725 1566 796 myrrbato
1600 723 1750 780 ΐοιιιε
1771 725 2016 789 miserat,
2037 731 2092 778 ct

505 824 815 878 dulcoratus
839 828 922 875 est
949 818 1150 888 (Exod.
1177 834 1266 882 xv,
1296 817 1412 888 25),
1438 817 1728 886 prtedicata
1756 831 1850 887 per
1876 815 2090 875 Domini

499 914 837 968 sacerdotem
901 909 1180 978 sanguinis
1240 907 1444 962 Christi
1511 922 1711 970 cruce,
1764 916 1876 961 tres
1922 923 2091 961 unum

506 1012 650 1067 sum,
678 1017 784 1056 non
813 1008 1031 1062 natura,
1060 998 1155 1052 sed
1195 997 1524 1068 operationis
1564 997 1844 1067 mysterio,
1885 997 1937 1050 id
1981 1005 2089 1061 εει,

503 1093 723 1163 sanguis
763 1091 1189 1159 redemptionis,
1237 1089 1461 1158 spiritus
1501 1088 1950 1144 sanctiﬁcationis
1977 1129 1991 1153 ,
2035 1097 2091 1144 et

501 1199 639 1254 aqua
674 1181 906 1236 lavacri:
941 1181 1029 1235 ubi
1065 1178 1378 1236 exsuﬁlatus
1399 1189 1454 1234 et
1493 1180 1834 1236 exorcisatus
1862 1181 2091 1236 immun-

500 1278 602 1332 dus
632 1276 853 1347 spiritus
873 1275 988 1330 exit
1014 1274 1083 1329 ab
1121 1273 1364 1338 homine,
1396 1273 1563 1343 ﬁtque
1596 1274 1777 1328 mundi
1799 1271 2086 1341 judicium,

499 1378 554 1422 et
584 1367 835 1436 princeps
862 1365 1046 1419 mundi
1093 1363 1240 1418 foras
1262 1362 1498 1430 ejicilur,
1530 1372 1584 1417 et
1609 1363 1704 1431 qui
1752 1364 1805 1417 in
1858 1364 2088 1418 veritate

507 1471 614 1510 non
643 1456 823 1519 stetit,
857 1455 1091 1509 mendax
1116 1462 1170 1508 et
1198 1464 1352 1522 pater
1381 1453 1646 1508 mendacii
1683 1467 1714 1507 a
1744 1451 1972 1508 veritate
1994 1466 2089 1506 na-

499 1555 633 1600 tura:
654 1545 977 1611 secernitur,
1005 1559 1128 1614 quae
1147 1545 1215 1599 ad
1236 1544 1526 1616 imaginem
1557 1544 1650 1598 Dei
1678 1543 1918 1607 condita,
1943 1551 1998 1597 et
2019 1558 2088 1597 ex

497 1651 634 1706 aqua
664 1643 720 1689 et
756 1634 964 1704 Spiritu
1003 1641 1196 1688 sancto
1231 1641 1440 1697 renata,
1471 1631 1538 1686 ad
1566 1648 1723 1687 suum
1761 1631 2089 1688 reformatur

494 1729 855 1798 principium,
892 1743 958 1782 ac
996 1726 1102 1782 ﬁde
1143 1725 1372 1781 interius
1419 1726 1768 1794 exteriusque
1802 1733 2082 1796 purgatur,

450 1830 549 1896 ,ει
601 1822 668 1875 ab
728 1821 875 1874 omni
929 1820 1187 1890 ﬁgmento
1241 1818 1508 1872 mendacii
1552 1817 1826 1887 totiusque
1866 1817 2083 1872 malitia:
2117 1802 2159 1859 Β

493 1914 756 1967 innocens
799 1911 1206 1981 comprobatur.
1248 1909 1355 1964 Sed
1401 1919 1455 1963 et
1491 1909 1536 1964 si
1569 1910 1691 1979 quis
1724 1909 1917 1980 frigida
1967 1919 2086 1962 tan-

493 2014 608 2058 tum
657 2018 816 2072 aqua,
850 2003 935 2057 vel
965 2002 1119 2073 igniti
1153 2000 1524 2071 cujuscunque
1565 2000 1815 2056 elementi
1850 2000 2077 2068 judicio,

491 2093 547 2147 in
574 2103 850 2147 auctorem
900 2103 954 2146 et
1004 2093 1427 2162 gubernatorem
1477 2090 1891 2154 elementorum,
1921 2105 2082 2160 quem

487 2184 673 2241 omnia
721 2183 953 2238 lideliter
988 2183 1299 2237 invocatum
1345 2182 1588 2237 sentiunt
1616 2181 1914 2244 elementa,
1942 2182 2086 2236 sicut

488 2278 544 2332 in
569 2275 736 2348 Moysi
768 2277 919 2346 virga
945 2285 1000 2329 et
1035 2291 1188 2345 aquae
1220 2275 1274 2328 in
1315 2274 1636 2344 sanguinem
1663 2289 1857 2338 versae,
1891 2282 1945 2329 et
1987 2274 2083 2329 ite-

489 2383 608 2422 rum
649 2369 870 2437 sanguis
914 2367 967 2420 in
1014 2381 1183 2436 aquas
1208 2404 1223 2430 ,
1251 2373 1307 2420 et
1345 2374 1501 2434 petra
1537 2379 1657 2433 quae
1696 2364 1845 2418 dedit
1885 2379 2079 2433 aquam

487 2459 692 2528 (Exod.
722 2474 824 2521 vn,
852 2457 943 2521 20;
979 2472 1112 2519 xv",
1144 2456 1223 2528 6),
1261 2464 1316 2510 ct
1343 2457 1442 2510 sub
1468 2455 1645 2510 Eliseo
1669 2455 1748 2510 sal
1778 2457 1860 2508 vel
1880 2455 2081 2525 lignum

490 2563 644 2618 aqua:
689 2549 990 2602 immissum
1029 2545 1136 2616 (IV
1166 2545 1291 2616 Reg.
1339 2562 1384 2610 ι..
1427 2544 1545 2614 ‘21),
1585 2544 1908 2598 iudubitanti
1953 2544 2078 2609 lide,

487 2655 609 2710 quae
651 2648 737 2693 est
779 2646 1159 2708 argumentum
1221 2651 1326 2690 non
1385 2635 1795 2704 apparentium,
1853 2635 2081 2690 credens

484 2731 603 2786 fieri
639 2730 772 2784 satis
807 2728 909 2783 sibi
948 2727 1275 2790 decreverit,
1308 2727 1441 2780 nihil
1473 2725 1673 2780 dill'ert.
1717 2726 1763 2778 Α
1796 2741 1904 2795 qua
1934 2727 2080 2780 enim

485 2822 703 2893 frigida,
740 2821 878 2876 sicut
917 2827 973 2873 et
1007 2819 1062 2872 in
1111 2818 1438 2887 baptismate
1474 2824 1741 2882 sacratur,
1770 2818 1825 2871 in
1877 2815 2080 2873 diluvio

443 2901 693 2968 ’innoxii
737 2926 863 2966 cum
911 2924 1040 2964 arca
1076 2916 1203 2963 sunt
1239 2909 1308 2962 ad
1352 2907 1549 2962 coelum
1602 2907 1787 2971 levati,
1829 2916 1886 2962 et
1932 2907 2079 2962 noxii

485 3004 706 3074 perditi,
736 2983 968 3074 ign'eque
1013 3009 1139 3054 sunt
1163 2999 1454 3054 Sodomita:
1494 2999 1688 3068 puniti.
1740 2999 1806 3053 Et
1853 2998 1910 3052 in
1940 2997 2078 3053 libro

486 3093 708 3149 Numeri
739 3107 880 3163 aqua
911 3090 1124 3159 frigida,
1158 3089 1212 3144 in
1238 3104 1400 3158 quam
1436 3089 1697 3143 Dominus
1736 3090 2078 3159 imprecatio-

483 3198 585 3238 nes
609 3149 946 3251 jussit.elui,
983 3149 1183 3234 hausta
1231 3149 1272 3233 al
1307 3179 1531 3234 muliere
1561 3149 1830 3234 adultera-
1855 3194 2077 3251 compu—
2101 3149 2150 3210 ο

485 3274 830 3329 trescendnm
859 3272 1038 3326 femur
1079 3271 1249 3340 ipsius
1296 3270 1494 3340 legitur
1535 3270 1726 3342 (Num.
1764 3287 1816 3334 v,
1858 3268 1972 3339 27).
2008 3270 2077 3326 Ει

483 3365 719 3421 Joannes
739 3364 1030 3434 Apostolus
1053 3365 1122 3418 de
1146 3362 1250 3417 olei
1275 3360 1538 3417 ferventis
1565 3362 1708 3417 dolio
1732 3363 1907 3418 evasit
1931 3363 2076 3418 illas-

481 3469 598 3510 sus.
629 3454 697 3508 Et
723 3454 814 3523 qui
838 3468 1034 3523 aquam
1066 3453 1294 3524 ignitam
1326 3452 1604 3522 delegerit,
1638 3453 1903 3525 intelligat
1942 3469 2075 3522 quo-

483 3548 630 3603 niam
652 3548 960 3602 venientem
988 3549 1056 3602 ad
1086 3546 1328 3601 futurum
1355 3544 1622 3614 judicium
1647 3549 1946 3603 terribilem
1975 3547 2071 3603 Ju-

482 3640 657 3696 dicem
689 3649 983 3710 tempestas
1020 3639 1270 3709 ignisque
1316 3639 1743 3707 comitabuntur,
1772 3642 1914 3696 sicut
1945 3641 2074 3697 scri-

481 3740 635 3803 ptum
661 3741 785 3786 est:
819 3730 969 3801 Ignis
996 3731 1054 3784 in
1082 3740 1362 3800 conspectu
1396 3730 1511 3799 ejus
1541 3731 1766 3796 ardebit,
1795 3741 1843 3786 et
1869 3733 1927 3785 in
1963 3732 2071 3786 cir-

483 3823 628 3876 cuitu
690 3822 804 3892 ejus
856 3831 1133 3892 tempestas
1183 3821 1364 3874 ualida
1412 3817 1598 3889 (Psal.
1664 3837 1831 3886 χιιι,
1875 3821 1964 3892 3),
2011 3829 2074 3876 ut

482 3922 773 3982 tempestas
809 3913 1082 3966 examinet
1111 3925 1245 3979 quos
1293 3911 1433 3980 ignis
1461 3920 1672 3967 exuret.
1726 3912 1791 3966 Et
1817 3913 1956 3982 ignis
1984 3911 2072 3966 ille

481 4004 698 4059 futurus
740 4004 941 4058 sanctis
967 4003 1074 4056 erit
1100 4002 1352 4070 pervius,
1383 4002 1475 4069 qui
1517 4003 1799 4072 rapientur
1837 4003 2070 4057 nubibus

478 4095 696 4150 obviam
726 4095 780 4147 in
815 4107 942 4147 acra
973 4092 1230 4157 Domino,
1261 4102 1316 4146 et
1354 4090 1714 4147 inllammabit
1748 4093 1804 4147 in
1840 4092 2071 4150 circuitu

477 4186 729 4240 inimicos
753 4183 890 4251 ejus.

551 4275 818 4343 Quoniam
841 4275 1058 4344 quidem
1081 4275 1146 4331 de
1167 4275 1504 4345 purgationis
1519 4273 1726 4345 judicio
1748 4288 1846 4344 per
1873 4288 2067 4343 aquam

479 4365 782 4420 ferventem
836 4366 919 4421 vel
967 4365 1214 4437 frigidam
1260 4380 1319 4420 se
1375 4365 1515 4420 ratio
1564 4365 1774 4430 intulit,
1825 4365 2068 4422 dicamus

479 4459 623 4528 quod
675 4460 894 4529 quidam
942 4459 1154 4529 sagacis
1197 4459 1394 4528 ingenii
1445 4459 1733 4530 vigilanter
1781 4458 2100 4528 adjiciunt.j

477 4549 706 4604 Constat
739 4551 1015 4612 nimirum,
1058 4558 1117 4604 ut
1150 4550 1421 4619 inquiunt,
1455 4550 1581 4620 quia
1617 4550 1671 4603 in
1711 4563 1849 4618 aqua
1901 4549 2065 4619 ignita

477 4648 784 4708 coquuntur
816 4639 1120 4712 culpabiles
1142 4679 1158 4703 ,
1185 4650 1241 4694 et
1279 4639 1482 4693 innoxii
1519 4639 1818 4694 liberantur
1847 4638 2064 4693 incocti.

479 4728 616 4797 Quia
648 4729 716 4784 de
741 4729 865 4800 igne
896 4729 1232 4785 Sodomitico
1267 4730 1369 4785 Lot
1404 4728 1583 4798 justus
1614 4730 1788 4784 evasit
1826 4731 2062 4784 inustus.

471 4821 547 4877 Et
583 4820 798 4876 futurus
840 4821 1013 4890 ignis,
1049 4821 1141 4890 qui
1185 4821 1398 4890 praeibit
1447 4822 1743 4876 terribilem
1795 4820 2062 4886 Iudicem,

478 4914 685 4970 sanctis
723 4915 828 4970 erit
859 4915 1155 4976 innocuus,
1187 4921 1242 4965 et
1277 4911 1535 4968 scelestos
1580 4912 1770 4967 adoret
1799 4929 1812 4964 :
1848 4919 1907 4965 ut
1935 4911 2063 4964 olim

479 4997 802 5078 Babylonica
833 5004 1044 5069 fornax,
1062 5019 1181 5073 qua:
1208 5019 1406 5073 pueros
1432 5004 1654 5059 omnino
1674 5019 1780 5058 non
1811 5003 2059 5074 contigit,

477 5112 653 5164 neque
683 5096 1053 5161 contristavit,
1090 5095 1174 5150 vel
1212 5094 1506 5166 quidquam
1545 5094 1808 5150 molestiae
1845 5094 2061 5160 intulit,

479 5187 575 5242 sed
587 5187 800 5240 vincula
825 5201 1013 5241 eorum
1049 5187 1395 5249 comburens,
1425 5185 1668 5240 incendit
1694 5200 1830 5254 quos
1860 5185 2065 5254 reperit

479 5277 547 5332 de
573 5278 838 5334 Chaldzeis
875 5278 1152 5332 ministros
1192 5276 1334 5347 regis
1376 5276 1470 5347 qui
1511 5291 1633 5331 eam
1661 5275 2060 5330 suecendebant

480 5367 641 5440 (Dan.
680 5386 764 5434 Ill,
792 5369 1016 5440 48:50).
1047 5369 1152 5424 Sed
1182 5370 1236 5423 in
1271 5383 1425 5439 aqua:
1454 5369 1664 5438 frigida:
1691 5367 1897 5439 judicio
1933 5367 2056 5437 qui-

479 5458 705 5512 busdam
730 5475 836 5516 non
865 5471 1117 5516 constare
1147 5461 1361 5516 videtur
1393 5461 1539 5531 quod
1566 5459 1772 5515 innoxii
1807 5459 2058 5514 submer-

479 5558 700 5620 guntur,
730 5559 784 5605 et
804 5566 995 5620 aquam
1023 5552 1317 5623 culpabiles
1342 5559 1716 5622 supernatant,
1740 5565 1864 5606 cum
1893 5550 1946 5604 in
1970 5563 2060 5603 ca-

483 5639 725 5710 taclysmi
769 5641 974 5710 judicio
1011 5643 1328 5700 innocentes
1366 5658 1490 5699 cum
1532 5658 1660 5698 arca
1701 5642 1974 5707 levantur,
2000 5649 2061 5709 et

481 5735 626 5789 noxii
652 5735 1021 5794 submersione
1045 5737 1322 5807 perierint.
1349 5737 1420 5793 Et
1439 5735 2060 5811 Egyptiiinsequentes

2195 546 2375 615 vigilia
2405 549 2666 604 matutina
2712 564 2808 619 per
2851 551 3152 605 columnam
3185 552 3322 622 ignis
3348 561 3404 607 et
3435 554 3619 621 nubis,
3650 557 3781 611 sub-

2177 637 2358 696 ,mersi
2380 638 2489 691 sint
2510 639 2663 706 quasi
2690 639 2966 707 plumbum
2995 640 3047 693 in
3074 641 3229 708 aquis
3266 642 3700 710 vehementibus,
3724 653 3782 700 et

2182 742 2262 782 ne
2291 743 2430 782 unus
2463 729 2680 798 quidem
2707 729 2970 802 superfuit
2997 745 3064 785 ex
3097 731 3177 786 eis
3205 731 3402 800 (Exod.
3430 748 3542 799 xlv,
3565 733 3682 802 24).
3715 734 3782 790 Et

2194 817 2290 872 ﬁlii
2335 818 2500 874 Israel
2542 835 2704 890 super
2741 821 2896 876 littus
2941 830 3146 895 stantes
3192 823 3447 880 viderunt
3490 824 3779 897 Aigyptios

2193 917 2456 964 mortuos.
2491 911 2558 965 Et
2588 910 2832 966 inﬁdeles
2867 927 2931 967 ac
2968 922 3278 982 peccatores
3314 923 3457 970 terra
3503 918 3776 973 sustinere

2193 1012 2300 1050 non
2328 999 2533 1067 potuit,
2559 1001 2776 1068 quando
2802 1009 2987 1070 aperta
3026 1010 3107 1056 est
3135 1011 3192 1056 et
3219 1002 3500 1072 deglntivit
3529 1006 3772 1071 Dathan,

2175 1098 2248 1158 et
2269 1091 2481 1160 operuit
2503 1106 2666 1160 super
2693 1094 3166 1164 congregationem
3192 1093 3395 1150 Abiron
3433 1095 3620 1164 (Nam.
3658 1115 3770 1163 xvi,

2190 1178 2303 1249 52).
2343 1180 2410 1233 Et
2458 1179 2676 1236 Petrum
2717 1183 2821 1237 ﬁde
2867 1183 3122 1238 ﬁdentem
3161 1199 3315 1254 aquse
3352 1186 3678 1243 instabilitas
3713 1204 3775 1245 se

2192 1272 2490 1327 calcantem
2541 1274 2821 1338 sustinuit,
2871 1275 2922 1328 in
2965 1273 3067 1328 ﬁde
3101 1288 3230 1330 vero
3279 1275 3612 1332 dubitantem
3654 1280 3770 1350 jam

2193 1378 2334 1433 pene
2404 1363 2700 1418 dimersum
2761 1365 3070 1431 obsorbuit,
3125 1367 3341 1434 quando
3389 1382 3512 1421 eum
3568 1366 3772 1424 Christi

2190 1455 2412 1510 dextera
2448 1457 2703 1510 allevavit
2725 1455 2940 1526 (Matth.
2975 1456 3217 1527 xiv,29);
3246 1466 3298 1511 et
3324 1457 3490 1523 ipsius
3519 1460 3775 1530 Epistola:

2191 1546 2513 1599 sententiam
2539 1545 2594 1616 (Ι
2623 1543 2768 1599 Petr.
2803 1562 2883 1609 ιιι,
2917 1545 3008 1616 20)
3041 1547 3107 1602 de
3140 1548 3308 1615 ﬁgura
3339 1548 3678 1617 baptismatis
3717 1551 3770 1604 in

2190 1653 2315 1692 arca
2343 1636 2525 1691 diluvii
2553 1646 2884 1706 exponentes
2910 1638 3102 1692 Patres
3127 1638 3398 1703 catholici,
3425 1640 3613 1694 dicunt
3641 1643 3772 1700 quia

2192 1743 2295 1782 non
2328 1727 2468 1792 aliis,
2499 1727 2592 1782 sed
2622 1728 2750 1796 ipsis
2773 1728 2930 1796 aquis
2971 1728 3206 1782 lneretici
3230 1737 3284 1782 et
3311 1728 3437 1783 mali
3472 1728 3771 1787 Christiani

2187 1819 2254 1872 ad
2282 1816 2490 1872 inferna
2522 1827 2858 1887 merguntur,
2881 1818 3076 1886 quibus
3105 1818 3390 1895 orthodoxi
3420 1827 3475 1872 et
3495 1819 3774 1889 justi.qui-

2185 1923 2292 1977 que
2323 1907 2388 1961 ad
2429 1907 2675 1961 cmlestia
2720 1922 2883 1978 regna
2922 1909 3290 1962 sublevantur.
3333 1908 3442 1963 Sed
3490 1911 3770 1966 sciendum

2186 2001 2342 2055 nobis
2385 2009 2498 2065 est,
2545 2007 2604 2052 ut
2643 1998 2834 2054 beatus
2873 2000 3006 2054 dicit
3047 1998 3342 2070 Gregorius
3402 2000 3564 2071 (hom.
3600 2000 3671 2055 26
3715 2003 3771 2055 in

2185 2089 2435 2162 Evang.),
2476 2109 2494 2141 ί
2532 2089 2676 2160 quod
2718 2090 2896 2144 divina
2922 2092 3236 2160 operatio_si
3279 2092 3489 2146 ratione
3522 2107 3768 2163 compre-

2184 2182 2455 2246 henditur,
2491 2197 2597 2236 non
2629 2190 2712 2236 est
2737 2181 3106 2236 admirabilis:
3133 2195 3234 2236 nec
3255 2181 3579 2240 ﬁdeshabet
3600 2183 3766 2236 meri-

2185 2281 2336 2336 tum,
2374 2272 2461 2326 cui
2497 2273 2733 2326 humana
2777 2272 2914 2325 ratio
2964 2273 3170 2341 praebet
3211 2273 3659 2341 experimentum.
3699 2273 3769 2328 Et

2181 2379 2307 2419 cum
2344 2361 2544 2417 Paulus
2575 2361 2849 2432 apostolus
2879 2362 3023 2417 dicat
3053 2379 3064 2414 :
3097 2362 3190 2415 Est
3218 2363 3355 2415 enim
3384 2362 3514 2430 ﬁdes
3548 2379 3767 2432 speran-

2182 2457 2372 2510 darum
2420 2455 2714 2510 substantia
2765 2470 2936 2508 rerum
2967 2494 2982 2519 ,
3035 2463 3396 2523 argumentum
3442 2468 3546 2506 non
3598 2470 3768 2523 appa-

2183 2550 2407 2602 rentium
2442 2545 2643 2617 (Hebr.
2695 2563 2784 2611 xt,
2829 2547 2926 2616 l),
2981 2544 3223 2616 profecto
3259 2545 3427 2614 liquet
3460 2545 3586 2615 quia
3633 2546 3770 2601 ﬁdes

2182 2639 2396 2694 illarum
2427 2653 2610 2692 rerum
2658 2651 3035 2708 argumentum
3071 2645 3154 2691 est
3188 2652 3307 2705 qua:
3343 2653 3608 2707 apparere
3657 2653 3768 2692 non

2179 2737 2426 2799 possunt.
2479 2726 2609 2793 Quae
2650 2729 2795 2782 enim
2839 2736 3131 2797 apparent,
3164 2726 3277 2796 jam
3324 2728 3484 2782 ﬁdem
3522 2743 3631 2782 non
3670 2726 3770 2781 ha-

2179 2820 2330 2883 bent,
2367 2816 2462 2872 sed
2512 2818 2860 2886 agnitionem.
2902 2836 2921 2869 »
2957 2816 3065 2872 Sed
3109 2817 3226 2871 hmo
3277 2817 3394 2887 ipsa
3441 2817 3770 2888 Redempto-

2181 2909 2262 2962 ris
2301 2909 2472 2963 nostri
2511 2923 2700 2977 opera,
2751 2922 2871 2976 qua:
2913 2923 2981 2962 ex
3028 2909 3332 2978 semetipsis
3377 2910 3767 2978 comprehendi

2180 3016 2520 3072 nequaquam
2557 3010 2814 3071 possunt,
2855 3017 2922 3055 ex
2965 3000 3069 3053 alia
3110 2998 3224 3067 ejus
3271 3001 3584 3069 operatione
3629 3015 3766 3069 pen-

2181 3095 2350 3150 sanda
2391 3102 2556 3159 sunt,
2587 3103 2647 3148 ut
2688 3094 2847 3148 rebus
2889 3092 3228 3147 mirabilibus
3273 3093 3434 3146 ﬁdem
3488 3093 3767 3162 praebeant

2179 3185 2323 3242 facta
2388 3187 2746 3242 mirabiliora.
2802 3186 2870 3240 Et
2937 3185 3138 3240 idcirco
3206 3185 3466 3240 Dominus
3517 3187 3767 3254 quaedam

2178 3279 2247 3333 de
2301 3277 2599 3346 Scripturis
2635 3291 2731 3347 per
2775 3275 3123 3345 semetipsum
3177 3275 3428 3345 dignatus
3477 3283 3561 3329 est
3601 3288 3767 3344 expo-

2177 3387 2328 3437 nere,
2360 3380 2420 3424 ut
2447 3371 2681 3426 sciamus
2735 3384 2914 3424 rerum
2965 3368 3388 3440 signiﬁcationes
3425 3383 3667 3439 quaerere
3707 3367 3766 3422 in

2175 3465 2262 3520 bis
2305 3463 2470 3518 etiam
2516 3477 2636 3532 quze
2682 3475 2780 3530 per
2829 3461 3180 3530 semetipsum
3229 3461 3400 3515 noluit
3448 3461 3760 3531 explanare.

2179 3553 2332 3609 Unde
2368 3554 2420 3608 in
2449 3567 2766 3622 responsum
2798 3551 3086 3620 accipiant,
3115 3551 3206 3620 qui
3238 3551 3292 3605 in
3323 3550 3516 3606 divinis
3546 3549 3764 3617 iudiciis

2175 3655 2338 3714 atque
2383 3644 2768 3698 miraculorum
2822 3642 2990 3712 signis
3036 3643 3462 3711 experimentum
3514 3643 3764 3696 humanae

2174 3735 2449 3807 postulant
2471 3735 2720 3799 rationis,
2745 3733 3000 3802 quoniam
3022 3741 3078 3786 et
3097 3731 3271 3799 justos
3293 3723 3576 3786 continens
3605 3745 3760 3794 arca,

2173 3844 2280 3897 qua
2328 3826 2563 3881 ﬁdelium
2612 3835 2697 3880 est
2739 3825 3018 3895 designata
3071 3824 3334 3888 Ecclesia,
3385 3824 3517 3878 ﬁdes
3559 3835 3762 3879 sanctae

2175 3918 2479 3982 Trinitatis,
2509 3931 2626 3986 quae
2659 3931 2754 3986 per
2783 3915 3210 3970 incarnationem
3247 3913 3371 3968 Jesu
3403 3914 3601 3969 Christi
3625 3917 3760 3969 redi-

2176 4009 2357 4074 ﬁcata,
2389 4017 2442 4064 et
2470 4022 2659 4063 omnes
2687 4008 2753 4062 de
2782 4007 2978 4077 quibus
3003 4006 3142 4060 dixit
3171 4005 3464 4060 Dominus:
3496 4005 3650 4058 Finis
3672 4023 3759 4060 ve-

2174 4102 2249 4155 nit
2298 4102 2555 4154 universa:
2588 4100 2762 4153 carnis
2807 4116 2984 4154 coram
3016 4115 3115 4163 me,
3147 4098 3339 4167 repleta
3367 4109 3440 4152 est
3485 4109 3624 4152 terra
3657 4099 3760 4152 ini-

2171 4184 2369 4264 quitate
2416 4210 2449 4247 a
2503 4193 2638 4263 facie
2682 4209 2881 4258 eorum,
2928 4201 2976 4247 et
3022 4209 3114 4262 ego
3162 4191 3459 4261 disperdam
3503 4208 3590 4244 eos
3638 4207 3758 4244 cum

2172 4293 2310 4338 terra
2335 4281 2489 4355 (Gen.
2517 4298 2592 4345 vt,
2627 4281 2735 4352 15),
2769 4280 3130 4352 superﬂuente
3160 4297 3296 4350 aqua
3328 4282 3521 4350 operti,
3565 4290 3621 4336 et
3648 4296 3756 4336 non

2171 4390 2361 4430 omnes
2387 4374 2657 4430 submersi
2683 4382 2830 4438 sunt,
2879 4375 2973 4429 sed
3000 4373 3203 4427 innoxii
3241 4373 3472 4436 liberati,
3500 4382 3554 4428 et
3581 4374 3753 4442 puniti

2172 4477 2297 4522 sunt
2322 4465 2489 4529 noxii,
2519 4465 2659 4520 sicut
2688 4466 2948 4535 scriptum
2985 4474 3105 4519 est:
3139 4464 3412 4535 Ingressus
3438 4475 3511 4518 est
3547 4465 3682 4530 Noe,
3703 4476 3753 4520 et

2171 4557 2269 4627 lilii
2293 4557 2428 4627 ejus,
2472 4572 2606 4610 uxor
2633 4555 2770 4625 ejus,
2814 4565 2862 4609 et
2911 4569 3100 4608 uxores
3136 4555 3365 4623 ﬁliorum
3397 4556 3514 4624 ejus
3544 4571 3661 4608 cum
3692 4573 3752 4610 ro

2171 4649 2226 4702 in
2255 4665 2455 4712 arcam,
2479 4657 2688 4717 propter
2712 4663 2903 4714 aquam
2933 4645 3118 4699 diluvii
3145 4643 3300 4715 (Gen.
3329 4661 3420 4705 vn.
3444 4645 3527 4714 7);
3555 4653 3754 4714 etpost

2168 4735 2443 4805 paululum
2468 4755 2481 4789 :
2516 4734 2672 4804 Rupti
2697 4743 2816 4788 sunt
2853 4749 3029 4786 omnes
3058 4735 3226 4802 fontes
3250 4734 3422 4803 abyssi
3444 4750 3672 4804 magum,
3701 4746 3750 4790 et

2168 4835 2450 4878 cataracta:
2486 4823 2599 4877 caeli
2621 4833 2814 4891 aperta:
2838 4831 2980 4886 sunt,
3023 4833 3072 4876 et
3114 4822 3256 4890 facta
3283 4833 3357 4876 est
3393 4822 3567 4892 pluvia
3594 4841 3754 4893 super

2167 4925 2362 4967 terram
2406 4913 2757 4983 quadraginta
2807 4912 2989 4966 diebus
3031 4921 3078 4966 et
3115 4913 3465 4982 quadraginta
3513 4915 3751 4967 noctibus

2168 5005 2345 5071 (ibid.,
2387 5005 2513 5072 ll);
2554 5012 2610 5059 et
2659 5004 2828 5058 item:
2875 5003 2942 5056 Et
2965 5003 3324 5073 multiplicata:
3357 5013 3478 5058 sunt
3504 5021 3672 5075 aqum,
3701 5017 3748 5058 et

2167 5093 2462 5147 levaverunt
2492 5109 2671 5146 arcam
2719 5095 2774 5146 in
2817 5093 3036 5147 sublimo
3063 5110 3095 5146 a
3130 5102 3270 5146 terra
3324 5092 3500 5162 (ibid.,
3542 5093 3663 5164 l7);
3697 5104 3753 5150 et

2167 5193 2289 5252 post
2315 5197 2482 5251 pauca
2514 5199 2527 5235 :
2560 5181 2980 5252 Consumptaque
3014 5192 3088 5236 est
3115 5183 3283 5236 omnis
3318 5199 3442 5236 caro
3484 5199 3602 5253 qua
3632 5200 3751 5236 mo-

2167 5274 2380 5330 vebatur
2428 5289 2584 5342 super
2619 5285 2832 5328 terram.
2867 5271 3140 5327 Remansit
3166 5283 3340 5327 autem
3370 5272 3514 5327 solus
3548 5272 3665 5327 Noe
3702 5284 3752 5328 et

2165 5367 2256 5436 qui
2290 5381 2409 5420 cum
2447 5381 2507 5418 eo
2557 5375 2704 5419 erant
2743 5365 2799 5419 in
2854 5380 2979 5418 arca
3019 5364 3194 5434 (ibist,
3247 5365 3341 5430 21,
3369 5362 3493 5435 9-5);
3533 5373 3591 5419 ει
3619 5365 3750 5418 item

2167 5465 2288 5528 post
2310 5471 2484 5527 pauca
2507 5474 2521 5508 :
2553 5455 2620 5510 Et
2647 5454 2814 5510 clausi
2835 5466 2952 5509 sunt
2976 5455 3144 5524 fontes
3167 5457 3362 5526 abyssi,
3387 5466 3434 5509 et
3465 5466 3752 5510 cataractis

2166 5549 2280 5604 caeli
2314 5547 2468 5621 (Gen.
2500 5565 2624 5614 vm,
2668 5548 2748 5620 2).
2798 5548 2867 5603 Et
2889 5549 3062 5606 nubes
3095 5564 3228 5614 una,
3275 5548 3560 5602 tenebrosa
3608 5545 3754 5600 facta

2166 5651 2252 5699 est
2288 5641 2574 5714 Egyptiis,
2602 5648 2658 5697 et
2684 5639 2949 5697 luminosa
2994 5639 3258 5705 Hebraeis,
3285 5647 3343 5693 ut
3369 5639 3568 5694 iterum
3611 5637 3755 5692 scri-

2167 5744 2318 5804 ptum
2346 5742 2468 5790 est:
2505 5731 2810 5803 Tollensque
2837 5747 2891 5787 se
2919 5729 3135 5802 angelus
3163 5728 3283 5799 Dei,
3311 5728 3403 5800 qui
3425 5725 3752 5799 procedebat
