4046 6284
254 346 354 422 iss

1708 341 2104 410 EPISTOLE.

3431 353 3533 411 166

245 449 426 532 castra
461 474 653 540 Israel,
687 448 813 528 abiit
856 473 971 542 pett
1002 485 1109 536 eos,
1151 478 1198 525 et
1245 484 1363 522 cum
1406 482 1465 521 eo
1512 465 1710 536 pariter
1763 480 1849 516 co—
1877 466 1924 524 Α
1953 462 2206 530 ptismum
2225 461 2426 516 Christi
2452 460 2711 531 sanguine
2739 461 3165 526 rubricatum,et
3188 460 3302 531 ipse
3321 460 3532 535 Moyses

247 569 432 620 lamna
469 567 625 620 nubis
654 565 834 634 priora
868 562 1155 625 dimittens,
1204 569 1319 630 post
1353 569 1555 628 tergum
1593 559 1732 611 stetit
1762 559 1844 611 in-

246 670 324 712 ter
353 665 538 711 castra
558 655 927 726 [Egyptiorum
957 663 1006 708 et
1026 663 1200 707 castra
1231 651 1420 706 Israel.
1449 649 1518 704 Et
1545 661 1656 704 erat
1683 652 1845 706 nubes

246 748 527 802 tenebrosa
553 757 600 800 et
626 745 932 799 illuminans
959 755 1181 809 noctem,
1205 744 1280 798 ita
1324 753 1380 797 ut
1423 743 1493 796 ad
1533 760 1587 798 se
1625 743 1845 797 invicem

245 850 355 894 toto
379 841 550 894 noctis
571 849 804 909 tempore
829 839 1072 892 accedere
1117 853 1218 890 non
1251 835 1479 890 valerent
1500 835 1698 905 (Exod.
1729 850 1844 902 xw,

247 929 362 1001 i9).
393 932 464 985 Et
511 947 617 984 una
656 929 954 998 eademque
997 927 1146 999 virga
1185 935 1402 981 extenta
1441 940 1602 996 super
1649 937 1842 996 aquas,

239 1037 372 1092 qua:
404 1030 564 1076 erant
591 1020 746 1091 quasi
776 1035 875 1089 pro
913 1034 1070 1073 muro
1095 1033 1124 1072 a
1152 1017 1359 1073 dextris
1401 1025 1458 1072 et
1504 1033 1535 1071 a
1584 1017 1842 1082 sinistris,

244 1113 390 1180 ﬁlios
421 1112 593 1166 Israel
620 1111 942 1174 transduxit,
965 1110 1105 1164 sicut
1130 1109 1392 1178 scriptum
1413 1117 1516 1172 est,
1540 1125 1633 1179 per
1653 1125 1844 1179 aquam

243 1205 472 1256 nimiam
500 1201 656 1275 (Sap.
689 1220 745 1268 χ,
781 1201 890 1272 18),
918 1209 974 1256 et
1009 1199 1232 1254 involvit
1258 1197 1543 1271 Egyptios
1570 1200 1623 1253 in
1651 1198 1844 1255 mediis

240 1291 526 1352 fluctibus,
585 1301 751 1347 utne
793 1309 936 1348 unus
985 1294 1202 1363 quidem
1255 1293 1584 1364 superfuerit
1625 1310 1692 1349 ex
1739 1295 1841 1358 eis,

245 1401 388 1454 quos
410 1386 666 1440 viderunt
704 1385 968 1442 Israelita:
1006 1397 1247 1443 mortuos
1275 1403 1440 1458 super
1482 1387 1632 1442 littus
1675 1389 1844 1444 maris

237 1475 451 1546 (Exod.
483 1493 598 1543 xxv,
624 1477 740 1548 28),
775 1492 910 1546 quos
939 1489 1257 1549 respexerat
1280 1479 1539 1534 Dominus
1566 1480 1622 1534 in
1658 1471 1843 1550 vigilia

242 1568 544 1630 matutina,
586 1575 648 1621 ut
680 1567 937 1633 diximus,
968 1569 1023 1622 in
1053 1567 1302 1623 columna
1330 1569 1469 1639 ignis
1501 1570 1759 1634 etnubis,
1793 1579 1844 1625 et

239 1658 508 1726 rea-pandit
538 1657 726 1711 nubem
757 1658 812 1710 in
841 1659 1211 1728 protectionem
1238 1675 1477 1722 suorum,
1498 1668 1546 1714 et
1573 1660 1745 1731 ignem
1784 1669 1842 1715 ut

239 1747 445 1802 luceret
477 1749 553 1802 eis
580 1764 673 1816 per
698 1757 895 1802 noctem
928 1746 1100 1820 (Psal.
1127 1764 1238 1816 CIV,
1267 1748 1379 1820 39),
1403 1749 1652 1805 videlicet
1677 1750 1839 1806 Chri-

1945 553 2134 606 ducem
2162 553 2452 616 Christum,
2477 555 2569 622 qui
2611 567 2709 606 nos
2753 569 2851 622 per
2890 554 3217 622 baptismum
3250 554 3438 612 eduxit
3459 558 3526 614 de

1944 641 2190 712 [Egyptia
2235 642 2494 697 servitute
2537 643 2603 697 ad
2649 652 2848 698 terram
2899 643 3356 714 repromissionis,
3385 647 3533 702 vide-
3585 675 3590 678 -

1943 731 2069 785 licet
2093 731 2159 786 de
2191 733 2394 801 peccati
2425 735 2686 786 servitute
2721 742 2776 786 et
2820 734 3011 787 mortis
3051 735 3440 801 dominatione,
3474 737 3530 792 in

1943 823 2247 879 libertatem
2270 824 2452 894 gloriae
2484 825 2716 879 filiorum
2753 825 2870 889 Dei,
2899 834 2954 880 et
2983 825 3034 879 iu
3066 840 3290 896 regnum
3319 837 3535 883 :eternae

1942 914 2086 979 vitae,
2133 915 2518 985 prazliguravit,
2549 915 2690 969 sicut
2713 924 2768 969 et
2794 925 2947 985 petra
2975 930 3071 984 per
3092 917 3365 971 desertum
3396 933 3531 972 con-

1941 1017 2176 1072 sequens
2216 1003 2490 1074 populum,
2538 1004 2628 1072 qui
2673 1020 2772 1059 nos
2820 1006 2872 1058 in
2921 1019 3108 1060 eremo
3146 1006 3305 1061 istius
3351 1006 3536 1065 saeculi

1942 1095 2217 1165 mysteriis
2252 1096 2364 1150 suis
2389 1096 2757 1164 consequitur.
2805 1096 2957 1152 Unde
3001 1098 3130 1152 item
3162 1099 3293 1154 dicit
3333 1101 3400 1156 de
3441 1103 3535 1155 ba-

1941 1188 2199 1258 ptismate
2246 1187 2386 1242 idem
2428 1188 2760 1256 Apostolus:
2799 1189 3108 1260 Quicunque
3143 1191 3393 1259 baptismi
3438 1210 3533 1247 su-

1943 1295 2058 1332 mus
2088 1278 2144 1332 in
2173 1277 2380 1332 Christo
2408 1277 2558 1343 Jesu,
2598 1281 2654 1334 iu
2682 1292 2848 1336 morte
2870 1281 3034 1352 ipsius
3059 1283 3308 1352 baptisati
3327 1301 3530 1339 sumus.

1943 1366 2244 1438 Cousepulti
2294 1370 2432 1422 enim
2478 1386 2660 1424 sumus
2707 1387 2824 1424 cum
2867 1371 2958 1426 illo
2997 1390 3090 1442 per
3121 1375 3433 1443 baptismum
3479 1377 3535 1428 in

1942 1468 2108 1512 morte
2154 1457 2345 1530 (Rom.
2387 1475 2462 1524 vl,
2510 1460 2596 1531 ὅ).
2643 1479 2662 1512 ι
2711 1461 2849 1528 Quid
2895 1471 3018 1528 est,
3070 1464 3244 1534 inquit
3299 1465 3535 1521 Joannes

1943 1549 2362 1622 Chrysostomus
2410 1551 2623 1623 (homil.
2673 1554 2740 1607 10
2785 1555 2839 1606 in
2871 1553 3038 1624 Epist.
3095 1558 3165 1610 ad
3215 1557 3428 1629 Rom.),
3475 1559 3532 1613 in

1943 1653 2108 1698 morte
2158 1645 2324 1715 ipsius
2372 1645 2624 1714 baptisati
2659 1648 2882 1700 sumus?
2928 1656 3068 1702 utet
3105 1649 3204 1718 ipsi
3239 1650 3534 1704 moriamur

1945 1734 2088 1789 sicut
2125 1742 2181 1789 et
2232 1735 2338 1790 ille.
2386 1735 2530 1790 Crux
2569 1736 2713 1790 enim
2761 1745 2844 1791 est
2882 1737 3168 1807 baptisma.
3201 1739 3353 1807 Quod
3401 1755 3530 1811 ergo

245 1851 418 1905 stum,
450 1841 544 1910 qui
593 1848 676 1895 est
718 1841 968 1896 columna
1019 1841 1176 1906 lucis,
1221 1844 1474 1898 tenebras
1510 1811 1919 1898 infidelitatisB
1948 1839 2079 1878 cn“
2133 1824 2335 1880 (ῙῙπίδιί
2377 1833 2433 1879 ει
2495 1826 2842 1896 sepulcrum,
2900 1827 3000 1881 "0°
3060 1827 3214 1883 “Obis
3262 1830 3529 1900 bapusma

249 1932 551 2004 depellens,
583 1940 638 1986 et
667 1931 844 1987 lucem
873 1933 1120 1988 veritatis
1157 1947 1220 1988 ac
1250 1934 1442 2004 gratim
1471 1934 1729 2003 spiritalis
1758 1933 1843 1988 af-

251 2020 484 2077 fectibus
511 2022 763 2076 humanis
791 2021 1100 2084 infundens,
1129 2032 1185 2077 et
1205 2037 1302 2093 per
1323 2023 1631 2078 columnam
1657 2025 1840 2090 nubis,

247 2112 343 2180 qui
390 2121 471 2166 est
504 2110 739 2181 Spiritus
782 2120 1024 2168 sanctus.
1064 2113 1121 2167 ln
1162 2128 1270 2183 quo
1318 2114 1642 2184 baptismate
1679 2124 1839 2186 typus

225 2197 594 2272 baptismatis
624 2201 738 2271 jam
781 2203 922 2258 sicut
961 2212 1018 2258 et
1067 2205 1122 2258 in
1166 2205 1368 2260 diluvio
1413 2206 1836 2262 monstrabatur.

248 2293 454 2348 Adhuc
481 2289 733 2348 addamus
763 2292 889 2362 quia
921 2292 1192 2348 invocavit
1216 2294 1364 2349 Elias
1401 2309 1596 2349 nomen
1627 2295 1837 2350 Domini

246 2382 354 2436 Dei
387 2382 493 2446 sui,
521 2391 573 2437 et
594 2383 871 2438 descendit
895 2383 962 2438 de
990 2383 1128 2438 coelo
1174 2383 1313 2454 ignis
1344 2383 1453 2456 (IV
1476 2383 1601 2456 Reg.
1631 2402 1671 2451 ι,
1705 2387 1792 2458 10)
1818 2405 1834 2454 ;

245 2474 527 2527 invocavit
548 2481 602 2526 et
628 2473 838 2528 Eliseus
875 2488 1070 2529 nomen
1098 2475 1332 2542 Domini,
1363 2483 1418 2530 et
1457 2475 1525 2531 de
1561 2492 1702 2547 aqua
1733 2477 1838 2532 fer-

249 2580 379 2620 rum
420 2565 628 2620 securis
659 2565 888 2620 levatum
926 2577 1013 2620 est
1045 2567 1112 2621 ad
1146 2567 1488 2622 manubrium
1519 2567 1752 2639 ligneum
1784 2577 1840 2626 et

247 2656 627 2725 superuatavit
650 2657 805 2725 aquis
832 2653 939 2727 (IV
961 2655 1091 2727 Reg.
1124 2672 1200 2725 γι,
1224 2658 1300 2727 7).
1326 2656 1558 2714 Gravior
1580 2660 1723 2715 enim
1755 2670 1842 2716 est

243 2747 386 2801 ferri
437 2746 648 2815 species
699 2761 860 2816 quam
914 2761 1180 2817 aquarum
1236 2747 1434 2818 liquor.
1493 2749 1840 2806 Advertimus

243 2840 418 2907 igitur
451 2837 672 2907 majoris
708 2853 828 2894 esse
873 2838 1105 2908 gratiam
1139 2853 1303 2908 quam
1339 2847 1610 2894 naturam.
1649 2841 1726 2896 De
1758 2841 1842 2896 his

236 2928 508 2986 omnibus
534 2929 679 2985 beati
705 2929 975 2985 Ambrosii
1007 2927 1234 2984 subiciat
1275 2928 1608 2998 explanatio,
1645 2937 1705 2984 ut
1731 2931 1843 2986 eol-

239 3014 341 3091 ligi
383 3019 556 3089 possit
592 3018 915 3074 assimilatio
956 3034 1055 3073 cur
1097 3019 1152 3073 in
1191 3018 1407 3096 (frigida:
1443 3035 1598 3090 aquae
1638 3021 1843 3090 judicio

241 3110 408 3165 unius
459 3109 556 3164 fiat
603 3109 822 3174 mersio,
868 3108 1091 3164 alterius
1138 3110 1461 3166 sublevatio.
1491 3110 1584 3165 Ait
1609 3112 1754 3167 enim
1783 3112 1838 3167 in

238 3200 386 3255 libro
413 3201 480 3255 de
507 3173 879 3254 Sacramentis
905 3199 1022 3254 sive
1056 3199 1329 3269 mysteriis
1360 3199 1477 3269 (lib.
1501 3215 1561 3265 ιι,
1585 3217 1702 3270 cap.
1737 3201 1791 3270 6)
1819 3215 1834 3254 :
1864 3173 1910 3237 Ο

245 3310 266 3342 ι
307 3291 720 3352 Verumtamen,
751 3303 819 3342 ne
863 3288 919 3342 in
970 3288 1074 3343 hoc
1114 3288 1310 3344 saeculo
1351 3289 1549 3344 diaboli
1581 3288 1728 3344 fraus
1754 3289 1839 3346 vel

239 3378 459 3434 insidiae
521 3376 924 3448 prrevalerent,
980 3377 1256 3432 inventum
1299 3385 1384 3434 est
1428 3379 1714 3448 baptisma.
1762 3381 1840 3436 De

241 3485 357 3540 quo
378 3469 705 3539 baptismate
752 3468 879 3523 audi
915 3469 1046 3538 quid
1091 3471 1234 3525 dicat
1271 3469 1573 3540 Scriptura,
1605 3473 1714 3527 imo
1753 3473 1840 3528 Fi-

243 3563 357 3616 lius
397 3561 536 3624 Dei,
593 3562 718 3631 quia
768 3559 1049 3626 Pharisazi,
1100 3563 1192 3633 qui
1242 3562 1530 3619 noluerunt
1573 3565 1838 3637 baptizari

241 3652 520 3721 baptismo
564 3651 808 3717 Joannis,
863 3651 1140 3706 consilium
1192 3651 1290 3707 Dei
1330 3667 1631 3724 spreverunt
1683 3656 1834 3728 (Luc.

241 3755 354 3803 vn,
373 3740 454 3809 '5).
482 3739 620 3810 Ergo
649 3741 974 3809 baptismum
998 3742 1282 3797 consilium
1313 3743 1408 3798 Dei
1431 3753 1534 3799 est.
1569 3765 1588 3798 ι
1626 3745 1691 3800 Et
1715 3754 1840 3815 post

238 3829 574 3901 paululum:
609 3847 628 3880 ι
661 3830 814 3898 Quod
852 3831 1073 3902 mergis,
1117 3831 1344 3886 solvitur
1384 3834 1654 3889 sententia
1701 3836 1834 3891 illa:

251 3915 426 3970 Terra
449 3932 526 3980 es,
547 3925 594 3970 et
609 3918 664 3971 in
687 3928 883 3973 terram
902 3918 1000 3973 ibis
1022 3917 1176 3991 (Gen.
1205 3935 1289 3986 ιιι,
1321 3920 1432 3990 19).
1473 3922 1691 3991 lmpleta
1715 3939 1836 3980 sen-

242 4009 447 4074 tentia,
480 4008 627 4064 locus
653 4018 738 4064 est
773 4011 1034 4066 beneﬁcio
1063 4013 1411 4083 remedioque
1442 4015 1669 4071 caelesti.
1694 4017 1838 4091 Ergo

244 4115 392 4168 aqua
432 4101 498 4155 de
540 4108 707 4165 terra,
741 4101 1070 4172 possibilitas
1108 4112 1291 4159 autem
1332 4106 1455 4162 vitae
1491 4117 1690 4164 nostrae
1728 4125 1834 4166 non

243 4191 572 4245 admittebat
590 4200 651 4246 ut
677 4200 818 4246 terra
843 4193 1203 4263 operiremur,
1224 4194 1369 4251 etde
1416 4204 1559 4252 terra
1584 4213 1838 4272 resurge-

244 4298 455 4338 remus.
480 4284 681 4339 Deinde
709 4300 816 4339 non
846 4292 991 4340 terra
1021 4286 1186 4353 lavat,
1214 4288 1307 4342 sed
1349 4303 1486 4359 aqua
1515 4290 1675 4347 lavat.
1713 4293 1837 4348 Ideo

243 4375 372 4428 fons
399 4374 553 4444 quasi
583 4375 860 4445 sepultura
905 4385 1009 4431 est.
1043 4395 1062 4428 ι
1097 4376 1383 4446 Caeterum,
1427 4389 1488 4435 ut
1527 4381 1657 4436 dicit
1687 4381 1834 4452 Apo-

245 4465 442 4527 stolus,
484 4465 653 4519 omnis
696 4462 970 4536 Scriptura
1011 4467 1259 4523 divinitus
1288 4469 1544 4540 inspirata
1578 4471 1721 4526 utilis
1759 4482 1834 4527 est

243 4561 318 4613 ad
359 4561 674 4626 docendum,
714 4563 784 4616 ad
817 4564 1163 4633 urguendum,
1197 4565 1267 4618 ad
1313 4568 1720 4635 corripiendum,
1763 4571 1834 4624 ad

240 4653 592 4706 erudiendum
628 4654 682 4709 in
701 4655 935 4725 justitia,
976 4665 1031 4708 ut
1071 4657 1328 4726 perfectus
1353 4658 1419 4712 sit
1444 4657 1596 4713 homo
1628 4659 1724 4714 Dei
1762 4662 1832 4714 ad

244 4758 400 4795 omne
443 4759 572 4811 opus
622 4744 810 4798 bonum
847 4745 1133 4800 instructus
1183 4745 1268 4816 (II
1313 4745 1448 4802 Tim.
1490 4764 1570 4813 ιιι,
1616 4749 1727 4820 16).
1767 4751 1835 4806 Ει

243 4835 393 4886 sicut
421 4833 473 4887 in
503 4833 722 4888 Patrum
775 4836 1166 4891 catholicorum
1207 4838 1368 4893 dictis
1411 4839 1656 4909 legimus,
1689 4856 1833 4895 mar-

242 4923 484 4993 garitum
529 4932 615 4977 est
642 4939 820 4979 sermo
864 4925 1078 4980 divinus
1111 4927 1254 4995 quod
1287 4943 1350 4982 ex
1394 4929 1539 4983 oumi
1570 4939 1722 4999 parte
1753 4929 1833 4984 fo-

244 5019 358 5072 rari
396 5027 602 5088 potest;
649 5028 705 5073 et
742 5019 834 5088 qui
875 5020 942 5073 ad
973 5019 1384 5076 instructionem
1417 5019 1650 5076 fidelium
1683 5021 1833 5077 Scri-

244 5118 531 5179 pturarum
579 5109 884 5164 testimonia
931 5108 1159 5179 profert,
1187 5111 1400 5165 etiamsi
1433 5111 1592 5166 aliter
1621 5113 1709 5167 illa
1738 5127 1834 5167 ex-

243 5199 494 5267 posuerit
526 5213 689 5269 quam
730 5214 796 5254 ea
839 5199 1205 5254 intellexerint
1231 5215 1328 5269 per
1349 5197 1485 5269 quos
1523 5199 1674 5256 fuere
1704 5216 1833 5272 pro-

244 5288 379 5355 lata,
423 5306 533 5346 non
575 5299 661 5347 est
708 5290 1002 5347 fabricator
1043 5292 1329 5358 mendacii,
1374 5292 1522 5348 salvo
1566 5292 1832 5363 majorum

244 5380 548 5448 intellectu,
595 5382 722 5438 hinc
763 5384 938 5439 dicam
981 5385 1125 5456 quod
1167 5399 1235 5439 ex
1275 5400 1462 5441 eorum
1503 5387 1681 5442 verbis
1733 5402 1833 5458 pro

241 5473 545 5544 exiguitate
574 5475 826 5546 ingenioli
855 5475 961 5532 mei
983 5476 1299 5548 exsculpere
1319 5477 1655 5548 eonjiciendo
1675 5494 1834 5551 posse

242 5565 517 5632 suspicor.

315 5656 556 5716 Sanetus
577 5658 864 5728 Apostolus
893 5661 1050 5717 docet
1076 5661 1129 5734 (Ι
1153 5661 1277 5717 Cor.
1300 5661 1356 5732 x)
1387 5660 1628 5718 Rubrum
1658 5677 1832 5731 mare,

241 5745 394 5815 quod
421 5747 524 5803 sub
551 5749 686 5805 duce
713 5749 892 5822 Moyse
927 5761 1109 5822 patres
1136 5753 1310 5812 nostri
1355 5757 1708 5824 transierunt,
1738 5760 1835 5816 ba-

1948 1914 2149 1970 factum
2187 1925 2327 1980 est,
2379 1917 2592 1971 tametsi
2646 1931 2753 1969 non
2811 1917 3014 1971 eisdem
3077 1918 3225 1986 ipsis.
3285 1918 3530 1989 Quapro-

1943 2014 2065 2075 pter
2111 2021 2218 2060 non
2257 2004 2812 2076 dixitzComplantali
2853 2009 3028 2067 morti.
3061 2009 3154 2062 sed
3198 2010 3534 2064 similitudini

1942 2101 2126 2154 mortis
2152 2099 2329 2170 (Rom.
2355 2117 2427 2164 γι,
2461 2101 2537 2171 5).
2575 2101 2692 2170 Ipse
2723 2115 2954 2169 namque
2987 2118 3152 2156 carne
3189 2111 3245 2157 et
3289 2113 3534 2157 mortuus

1940 2199 1995 2245 et
2020 2191 2282 2261 sepultus,
2323 2207 2422 2246 nos
2455 2200 2634 2246 autem
2665 2200 2886 2261 peccato
2919 2192 2972 2245 in
3005 2183 3250 2261 utroque.
3283 2210 3300 2243 ι
3328 2193 3534 2258 Quibus

1941 2282 2101 2336 dictis
2132 2282 2306 2352 colligi
2347 2297 2507 2352 posse
2540 2283 2770 2346 videtur,
2821 2293 2880 2336 ut
2927 2284 3275 2351 consepultus
3315 2283 3532 2337 Christo

1938 2389 2036 2444 per
2061 2375 2389 2444 baptismum
2418 2376 2470 2428 in
2513 2383 2711 2438 morte,
2743 2361 2808 2428 et.
2839 2374 3096 2428 liberatus
3139 2390 3236 2444 per
3264 2375 3404 2428 idem
3430 2375 3528 2428 ba-

1937 2467 2193 2533 ptismum
2233 2481 2264 2520 a
2306 2475 2503 2531 morte,
2527 2473 2582 2520 et
2618 2480 2714 2535 per
2737 2475 3016 2535 peccatum
3057 2467 3124 2520 ad
3148 2467 3392 2520 eamdem
3421 2480 3530 2520 ser-

1935 2557 2167 2610 vitutem
2219 2566 2274 2612 et
2320 2564 2554 2611 mortem
2594 2569 2866 2611 reversus.
2920 2556 3130 2619 Anima,
3178 2556 3374 2624 inquit,
3413 2573 3530 2626 quis

1938 2652 2246 2722 peccaverit,
2272 2652 2385 2721 ipsa
2424 2651 2678 2705 morietur
2713 2648 2930 2721 (Ezech.
2961 2665 3117 2713 xvm,
3142 2650 3224 2720 4),
3251 2648 3527 2719 complan—

1940 2753 2088 2800 tetur
2131 2743 2470 2799 similitudini
2529 2743 2720 2798 mortis
2768 2744 2819 2796 in
2868 2755 3032 2813 aqua,
3079 2751 3140 2796 ut
3185 2751 3278 2797 aut
3336 2743 3530 2798 noxius

1941 2835 2354 2903 comprobatus,
2399 2833 2531 2888 velit
2575 2833 2729 2900 nolit,
2788 2834 2913 2904 quia
2956 2849 3098 2905 sa2pe
3152 2833 3296 2889 bona
3348 2833 3531 2889 invitis

1941 2932 2293 2998 praestantur,
2321 2923 2662 2990 confiteatur,
2687 2933 2743 2978 et
2770 2939 2865 2994 per
2892 2923 3285 2980 emendationis
3313 2939 3378 2979 ac
3409 2939 3532 2980 cor-

1942 3015 2200 3071 rectionis
2250 3014 2646 3070 confessionem
2714 3015 2975 3070 liberetur
3025 3015 3220 3070 iterum
3268 3029 3300 3070 a
3357 3023 3530 3072 morte

1943 3109 2216 3165 commissi
2245 3109 2453 3180 peccati
2479 3127 2495 3162 :
2521 3119 2614 3162 aut
2657 3107 2912 3162 innoxius
2942 3107 3035 3162 Dei
3069 3107 3276 3176 judicio
3301 3097 3529 3162 demou-

1941 3209 2164 3265 stratus,
2219 3202 2363 3255 inter
2409 3200 2622 3270 peccati
2675 3214 2798 3254 reos
2847 3213 2954 3253 non
3000 3207 3220 3253 tenetur
3266 3214 3296 3253 a
3351 3199 3529 3264 nobis,

1940 3293 2332 3362 complanlatus
2381 3289 2718 3344 similitudini
2781 3289 2975 3344 mortis
3040 3287 3095 3342 in
3157 3303 3320 3358 aqua.
3381 3287 3531 3344 Mare

1940 3387 2156 3456 quippe,
2200 3383 2341 3438 sicut
2385 3395 2550 3451 supra
2603 3388 2879 3435 ostensum
2927 3388 3031 3445 est,
3074 3379 3338 3449 baptisma
3387 3378 3530 3434 desi-

1940 3492 2131 3550 gnans,
2165 3475 2298 3530 nihil
2343 3475 2398 3529 in
2435 3489 2493 3529 se
2525 3483 2798 3528 mortuum
2839 3471 3072 3535 retinet;
3106 3471 3270 3540 quod,
3307 3479 3368 3524 ut
3394 3469 3529 3524 scri-

1937 3557 2089 3640 ptum
2111 3576 2217 3633 est,
2239 3576 2473 3620 mortuos
2500 3564 2781 3634 Egyptios
2803 3562 2954 3632 ejccit
2977 3578 3134 3631 super
3154 3557 3300 3614 [illus
3325 3560 3527 3630 (Exod.

1938 3673 2050 3722 xlv,
2099 3656 2212 3728 51).
2257 3656 2398 3726 Ergo
2435 3653 2724 3724 Egyptius
2769 3661 3038 3714 mortuus,
3092 3651 3144 3705 id
3181 3659 3264 3705 est
3305 3659 3530 3719 peccato

1940 3749 2230 3813 obnoxius,
2285 3745 2524 3815 quandiu
2575 3741 2820 3812 negando
2869 3742 2923 3794 in
2976 3740 3180 3809 peccati
3228 3740 3310 3794 sui
3353 3749 3529 3795 morte

1942 3848 2146 3904 manet,
2179 3837 2248 3891 ab
2288 3850 2428 3904 aqua
2458 3831 2800 3888 invocatione
2839 3829 3104 3893 veritatis,
3135 3844 3254 3896 qua:
3279 3828 3527 3882 Christus

1939 3938 2043 3994 est,
2070 3926 2407 3984 sanctificata
2455 3939 2560 3978 non
2605 3921 2887 3991 recipitur,
2929 3934 3032 3974 non
3065 3926 3297 3974 tenetur.
3331 3917 3526 3978 Veniat

1941 4030 2122 4076 autem
2147 4019 2344 4089 ligatus
2371 4015 2571 4071 institis
2597 4013 2944 4083 iniquitatum
2995 4026 3218 4065 suarum
3265 4009 3410 4066 foras
3457 4013 3526 4068 de

1938 4110 2162 4166 latebris
2189 4108 2342 4163 malae
2366 4105 2713 4163 conscientia:
2751 4102 3078 4168 confitendo,
3104 4112 3159 4157 et
3187 4118 3284 4172 per
3306 4101 3524 4158 confes-

1939 4203 2146 4257 sionem
2187 4200 2432 4256 veritatis
2483 4196 2882 4266 eonsepelietur
2922 4197 2974 4249 in
3008 4211 3167 4265 aqua,
3209 4195 3361 4264 quasi
3392 4212 3525 4264 quo-

1940 4291 2226 4348 dummodo
2241 4290 2639 4361 complanlatus
2661 4287 2998 4342 similitudini
3018 4285 3210 4341 mortis
3231 4287 3524 4342 verissima:

1937 4382 2204 4447 veritatis,
2228 4381 2490 4436 liberatus
2511 4379 2580 4434 ab
2606 4379 2798 4435 eadem
2823 4377 3073 4432 veritate.

2007 4475 2303 4544 Colligatur
2336 4482 2516 4528 autem
2547 4473 2674 4527 l'une
2702 4471 2792 4540 qui
2818 4469 3211 4525 examinandas
3233 4469 3286 4524 in
3315 4485 3514 4541 aquam

1940 4569 2248 4631 dimittitur,
2273 4568 2421 4638 quia,
2449 4576 2506 4622 ut
2530 4567 2793 4637 scriptum
2823 4574 2924 4632 est,
2957 4565 3168 4634 funibus
3188 4576 3520 4636 peccatorum

1940 4677 2156 4717 suorum
2207 4661 2562 4732 unusquisque
2613 4659 2988 4728 constringitur
3048 4657 3229 4727 (Prov.
3287 4673 3354 4722 γ,
3403 4657 3518 4729 “22).

1941 4752 2044 4819 Qui
2084 4751 2154 4806 ob
2181 4750 2317 4806 duas
2369 4765 2566 4805 causas
2618 4747 2858 4819 colligari
2905 4747 3120 4801 videtur
3152 4763 3166 4801 :
3198 4747 3402 4802 scilicet
3451 4761 3520 4800 ne

1940 4851 2036 4897 aut
2060 4841 2296 4912 aliquam
2328 4840 2500 4910 possit
2521 4838 2764 4897 fraudem
2792 4839 2844 4892 in
2870 4837 3076 4907 judicio
3127 4837 3328 4901 facere,
3356 4844 3449 4890 aut
3470 4835 3517 4890 si

1940 4952 2079 5008 aqua
2122 4936 2271 4991 illum
2322 4936 2470 4990 velut
2515 4934 2792 4989 innoxium
2850 4935 3133 5005 receperit,
3177 4950 3246 4990 ne
3292 4934 3344 4988 in
3378 4948 3517 5001 aqua

1935 5029 2268 5099 periclitetur
2288 5028 2354 5081 ad
2379 5035 2588 5095 tempus
2604 5025 2780 5080 valeat
2801 5026 3025 5081 retrahi.
3050 5024 3183 5078 Nam
3202 5035 3257 5078 et
3282 5024 3520 5077 Lazarus

1935 5120 2330 5191 quatriduanus
2355 5127 2617 5182 mortuus,
2651 5132 2747 5187 per
2769 5131 2931 5186 quem
2955 5116 3264 5186 designatur
3289 5112 3517 5184 quisque

1935 5212 2224 5266 criminum
2255 5210 2395 5265 mole
2429 5209 2702 5278 sepultus,
2761 5208 2956 5279 ligatus
3003 5207 3201 5261 institis
3252 5204 3514 5275 sepultus,

1935 5311 1992 5357 et
2048 5302 2254 5356 eisdem
2311 5300 2595 5372 colligatus
2660 5301 2864 5355 institis
2911 5315 2941 5352 a
2997 5297 3244 5366 sepulcro
3288 5296 3516 5351 Domino

1935 5403 2164 5449 vocante
2191 5392 2385 5462 legitur
2407 5407 2682 5464 egressus,
2714 5401 2769 5446 et
2819 5389 2986 5460 ipsius
3001 5386 3156 5456 jussu
3184 5403 3214 5440 a
3239 5385 3516 5456 discipulis

1937 5484 2221 5556 disligatus
2248 5482 2430 5552 (Joan.
2482 5498 2557 5548 γι,
2587 5481 2702 5553 59).
2726 5481 2794 5536 Ει
2820 5480 2922 5533 hoc
2953 5476 3340 5532 examinandus
3367 5475 3514 5546 judi-

1937 5575 2024 5632 cio
2067 5573 2351 5643 colligatus
2402 5573 2457 5627 in
2506 5587 2704 5643 aquam
2755 5568 3082 5632 dimittitur,
3127 5575 3184 5622 et
3235 5566 3516 5637 colligatus

1936 5669 2254 5733 retrahitur,
2285 5675 2340 5722 et
2379 5675 2472 5721 aut
2505 5671 2766 5736 purgatus
2812 5661 2996 5717 statim
3042 5659 3250 5732 judicio
3277 5659 3515 5716 arbitro-

1939 5775 2058 5816 rum
2087 5759 2404 5823 absolvitur,
2447 5766 2550 5824 aut
2587 5769 2756 5824 usque
2781 5753 2848 5811 ad
2891 5755 3268 5826 purgationem
3297 5753 3514 5823 colliga:
