4046 6284
581 324 683 380 182

1544 324 1798 382 HINCMA
1809 324 1878 379 R1
1919 323 2314 381 RllEMENSlS
2351 321 2874 382 ARClllEPISCOPl

3741 321 3844 378 168

580 449 670 494 tus
708 436 911 509 judicio
955 437 1321 494 examinator.
1347 437 1414 492 Et
1442 437 1569 493 item
1597 441 1651 493 in
1709 454 1868 493 sacra
1919 438 2148 492 historia
2177 442 2228 499 Α
2251 436 2442 492 Credis
2488 447 2545 494 et
2596 443 2652 492 in
2707 436 2968 506 Spiritum
3018 433 3308 489 sanctum?
3356 432 3593 494 Dixisti:
3627 431 3842 502 Credo,

580 524 810 602 tegimus
829 531 956 604 quia
980 532 1129 586 venit
1163 531 1305 584 Elias
1326 530 1392 584 ad
1419 529 1711 585 Jordanem
1741 547 1866 586 cum
1891 530 2156 598 discipulo

577 623 778 686 Eliseo,
806 632 861 676 et
893 623 1129 677 involuto
1159 622 1320 690 pallio
1355 637 1452 676 suo
1482 624 1750 693 percussit
1780 639 1949 692 aquas
1978 664 1994 689 ,
2037 639 2159 693 quae

578 711 764 765 divisae
807 718 933 763 sunt
959 750 975 774 ,
1022 719 1077 763 et
1134 709 1464 763 transierunt
1501 711 1680 766 ambo.
1725 710 1914 766 Postea
1957 712 2159 766 levavit

569 803 786 858 Eliseus
810 801 1028 871 pallium
1061 802 1188 856 Elia:
1232 802 1375 871 quod
1401 802 1673 856 ceciderat
1723 803 1771 856 ei
1791 841 1806 867 ,
1837 811 1894 856 et
1932 803 2157 857 veniens

563 893 647 954 .ad
681 892 968 948 Iordanem
996 893 1262 962 percussit
1310 907 1514 962 aquas,
1562 901 1744 962 atque,
1774 893 2020 948 invocato
2049 893 2158 948 Deo

567 983 732 1045 .Eliaa,
761 981 942 1036 divisit
970 996 1035 1037 ac
1063 983 1274 1037 transiit
1302 981 1406 1052 (IV
1430 981 1560 1052 Reg.
1585 986 1668 1052 ιι).
1703 983 1869 1038 ltectc
1891 983 2034 1038 enim
2062 999 2160 1054 per

575 1073 867 1128 Iordanem
910 1073 1088 1129 ﬂuxus
1129 1083 1326 1130 nostra:
1387 1074 1733 1128 mortalitatis
1787 1075 2109 1144 exprimitur
2136 1115 2152 1142 ,

572 1164 700 1234 quia
750 1173 804 1216 et
847 1163 1099 1218 Iordanis
1145 1163 1334 1218 Latine
1379 1163 1576 1218 dicitur
1615 1165 1894 1217 descensus
1942 1180 2156 1228 eorum,

572 1254 778 1309 scilicet
807 1253 1258 1309 Christianorum.
1286 1253 1446 1319 Quia,
1473 1253 1652 1321 inquit
1674 1252 1973 1324 Gregorius
1991 1251 2154 1322 (Mor.

557 1345 670 1400 .lib.
686 1361 882 1412 xxxiii,
899 1361 947 1400 c.
965 1344 1040 1415 6),
1063 1345 1114 1400 in
1126 1342 1362 1398 Jordane
1377 1341 1594 1397 ﬂumine
1611 1343 1725 1413 ipse
1739 1351 1929 1397 auctor
1951 1342 2160 1396 redem-

572 1437 772 1508 ptionis
799 1444 996 1491 nostra:
1027 1435 1288 1504 baptizari
1321 1435 1574 1505 dignatus
1601 1443 1705 1499 est,
1737 1442 1881 1488 recte
1902 1431 2159 1487 Iordanis

573 1528 790 1581 nomine
815 1541 1000 1581 eorum
1034 1525 1321 1579 multitudo
1369 1524 1714 1592 exprimitur,
1759 1523 1852 1592 qui
1903 1523 2045 1576 inter
2071 1537 2160 1575 sa-

575 1627 915 1673 cramentum
944 1617 1286 1688 baptismatis
1317 1624 1587 1670 tenentur.
1614 1614 1766 1670 Unde
1788 1613 2050 1684 scriptum
2075 1619 2160 1668 est

571 1709 630 1764 in
653 1709 754 1764 Job
783 1709 851 1764 de
897 1709 1121 1777 antiquo
1153 1708 1306 1762 hoste
1351 1705 1573 1760 humani
1604 1703 1820 1774 generis
1847 1718 1861 1756 :
1905 1701 1972 1756 Et
2003 1702 2157 1756 habet

2261 529 2420 582 tertio
2477 528 2733 593 mersisti,
2783 536 2844 581 ut
2885 525 3236 596 multiplicem
3283 525 3493 596 lapsum
3543 529 3846 597 superioris

2259 618 2434 672 aetatis
2457 618 2760 673 absolveret
2789 618 2928 671 trina
2953 616 3242 672 confessio.
3271 616 3539 687 Denique,
3600 629 3656 672 ut
3687 622 3845 677 vobis

2259 707 2551 763 ali‘eramus
2605 707 2911 778 exemplum
2943 747 2960 773 ,
3008 715 3227 762 sanctus
3287 708 3563 776 apostolus
3608 708 3844 777 Petrus,

2258 807 2609 868 posteaquam
2641 799 2693 872 in
2727 798 2980 866 passione
3011 797 3218 852 Domini
3248 796 3430 865 lapsus
3455 799 3668 852 videtur
3692 799 3844 853 infir-

2259 885 2446 940 mitate
2494 887 2819 942 conditionis
2849 889 3126 947 humanae,
3167 885 3259 954 qui
3305 895 3465 941 antea
3515 900 3842 958 negaverat,

2257 982 2447 1045 postea
2501 984 2558 1028 ut
2606 975 2754 1030 illum
2787 975 2997 1046 lapsum
3027 975 3269 1032 aboleret
3311 985 3367 1030 et
3393 977 3645 1045 solveret,
3687 981 3847 1034 tertio

2259 1067 2624 1138 interrogatus
2653 1084 2680 1121 a
2709 1067 2926 1124 Christo
2952 1068 2998 1123 si
3029 1069 3306 1124 Christum
3337 1080 3568 1136 amaret,
3618 1081 3733 1126 tum
3760 1072 3849 1128 ille

2258 1159 2411 1224 dicit,
2445 1159 2522 1214 Tu
2551 1163 2705 1225 nosti,
2739 1161 2979 1227 Domine,
3003 1161 3128 1231 quia
3157 1178 3278 1214 amo
3301 1171 3349 1216 te
3373 1161 3556 1234 (Joan.
3588 1180 3704 1229 xxi,
3734 1164 3842 1234 l5).

2260 1247 2447 1304 Tertio
2472 1251 2630 1317 dixit,
2661 1259 2718 1304 ut
2741 1252 2899 1306 tertio
2929 1252 3320 1307 absolveretur.
3352 1273 3368 1304 ι
3401 1253 3495 1310 Sic
3519 1264 3572 1308 et
3595 1255 3851 1311 inventus

2258 1340 2315 1395 in
2351 1337 2558 1408 judicio
2587 1343 2799 1407 noxius,
2832 1343 2874 1397 si
2911 1342 3073 1398 fuerit
3110 1343 3248 1398 forte
3271 1360 3435 1415 super
3458 1345 3614 1415 plura
3659 1362 3851 1417 suspe-

2260 1443 2421 1500 ctus,
2483 1435 2678 1490 iterato
2729 1446 2812 1490 est
2851 1435 3055 1504 judicio
3100 1439 3510 1503 examinandos,
3569 1454 3851 1509 quousque

2260 1525 2568 1580 inveniatur
2597 1528 2992 1582 emendationis
3017 1528 3356 1584 confessione
3378 1531 3655 1598 probatus.
3688 1531 3752 1585 Et
3782 1533 3850 1586 ad

2259 1614 2362 1670 hoc
2417 1631 2758 1672 assumamus
2807 1619 2978 1673 sancti
3028 1619 3302 1674 Ambrosii
3355 1621 3516 1674 verba
3573 1621 3846 1676 dicentis:

2266 1721 2286 1755 ι
2325 1705 2569 1774 Denique
2614 1715 2673 1761 ut
2718 1708 2870 1762 vobis
2908 1707 3197 1764 offeramus
3235 1709 3575 1778 exemplum,
3626 1719 3850 1787 sanctus

572 1800 825 1868 ﬁduciam
844 1800 982 1870 quod
1010 1800 1200 1868 inﬂuat
1222 1797 1475 1851 Iordanis
1499 1798 1554 1850 in
1574 1813 1632 1850 os
1656 1795 1771 1865 ejus
1795 1795 1917 1866 (Job
1940 1793 2152 1864 XL,18);
2186 1791 2235 1851 B
2264 1795 2540 1865 apostolus
2584 1795 2776 1852 Petrus
2823 1807 3179 1868 posteaquam
3223 1798 3278 1852 in
3323 1798 3578 1866 passione
3632 1798 3848 1854 Domini

575 1889 703 1960 quia
757 1900 1042 1962 postquam
1092 1889 1336 1944 intideles
1376 1902 1672 1958 quosquea
1725 1885 1910 1940 mundi
1949 1885 2158 1952 origine

557 1981 778 2049 .rapuit,
805 1981 978 2034 adhuc
1005 1995 1065 2035 se
1087 1995 1248 2049 posse
1277 1978 1553 2048 suscipere
1590 1978 1753 2032 etiam
1801 1975 1986 2031 fideles
2013 1991 2154 2045 prte—

555 2069 756 2125 .suinit.
795 2067 928 2122 Nam
973 2084 1065 2123 ore
1089 2067 1363 2138 pestifera:
1407 2066 1776 2136 persuasionis
1798 2080 1891 2120 eos
1913 2065 2158 2134 quotidie

555 2161 805 2216 -tlevorat
833 2161 885 2213 in
930 2160 1126 2230 quibus
1161 2175 1192 2212 a
1227 2158 1568 2213 confessione
1612 2157 1738 2212 fidei
1777 2158 2004 2226 reproba
2047 2157 2157 2212 vita

569 2251 876 2307 discordat.
930 2250 1083 2306 Unde
1133 2266 1199 2306 ac
1247 2251 1296 2305 si
1343 2249 1508 2321 pallio
1558 2249 1686 2304 Elia:
1731 2248 1972 2303 involuto
2017 2263 2157 2317 aqua

571 2341 872 2412 percutitur
897 2350 953 2398 et
982 2341 1265 2408 dividitur,
1293 2351 1349 2396 et
1372 2357 1470 2411 per
1503 2357 1624 2395 eam
1660 2341 1921 2397 transitus
1947 2356 2157 2412 praepa-

569 2445 744 2501 ratur,
769 2437 985 2505 quando
1017 2437 1172 2502 tales,
1204 2445 1263 2490 ut
1289 2435 1651 2506 praemisimus
1679 2450 1747 2490 ex
1771 2434 1953 2490 verbis
1983 2435 2156 2490 sancti

565 2526 838 2598 Gregorii,
872 2527 1196 2598 colligantur
1223 2537 1276 2582 et
1327 2526 1380 2580 in
1419 2541 1614 2597 aquam
1670 2525 2058 2581 dimittuntur:
2100 2533 2156 2580 et

561 2619 726 2688 quasi
753 2634 892 2688 aqua
921 2619 1201 2682 dividitur,
1255 2633 1378 2672 cum
1408 2627 1503 2672 aut
1536 2617 1798 2686 quosdam
1850 2631 1988 2686 aqua
2018 2615 2156 2672 reci-

558 2708 670 2776 ..pit,
712 2715 767 2762 et
819 2708 1066 2762 innoxios
1119 2707 1373 2771 ostendit,
1424 2715 1519 2760 aut
1569 2705 1833 2776 quosdam
1865 2705 2062 2775 rejicit,
2100 2712 2158 2760 et

561 2796 762 2856 ,noxios
805 2809 925 2851 esse
975 2796 1354 2859 demonstrat;
1387 2804 1441 2849 et
1488 2797 1747 2850 transitus
1797 2803 2149 2865 praeparatur,

571 2905 694 2943 cum
721 2897 815 2943 aut
843 2887 1061 2958 quidam
1091 2904 1122 2942 a
1155 2889 1415 2957 rcputatis
1453 2887 1773 2942 criminibus
1809 2885 1875 2941 ad
1905 2885 2155 2940 innoxios

571 2979 932 3053 transferendi
949 2979 1408 3048 judicantur,-aut
1428 2997 1458 3034 a
1481 2981 1767 3050 negatione
1787 2995 1885 3035 sua
1909 2979 1987 3034 rei
2011 2979 2153 3034 inter

571 3071 859 3145 criminum
885 3072 1079 3126 noxios
1104 3073 1378 3128 declarato
1399 3070 1609 3140 judicio
1637 3072 1982 3142 deputantur.
2013 3071 2148 3125 Nam

2256 1888 2440 1960 lapsus
2479 1887 2692 1944 videtur
2723 1889 3038 1943 intirmitate
3079 1888 3404 1943 conditionis
3444 1887 3723 1954 humanae,
3757 1889 3851 1958 qui

2257 1989 2382 2034 ante
2411 1987 2728 2049 negaverat,
2758 1987 2946 2048 postea
2979 1987 3038 2032 ut
3079 1978 3230 2032 illum
3267 1977 3476 2046 lapsum
3517 1978 3762 2032 aboleret
3792 1987 3848 2032 et

2257 2067 2510 2134 solveret,
2552 2070 2712 2123 tertio
2742 2069 3106 2139 interrogatur
3145 2083 3176 2121 a
3207 2069 3423 2124 Christo
3473 2068 3520 2122 si
3563 2068 3847 2122 Christum

2254 2169 2484 2224 amaret,
2518 2169 2630 2213 tum
2664 2158 2752 2212 ille
2775 2157 2944 2214 dicit:
2979 2157 3055 2211 Tu
3099 2158 3256 2234 nosti,
3285 2157 3527 2223 Domine,
3557 2159 3684 2226 quia
3729 2173 3849 2210 amo

2256 2249 2516 2304 te.Tertio
2542 2247 2698 2315 dixit,
2728 2257 2787 2304 ut
2814 2250 2975 2305 tertio
3006 2250 3402 2305 absolveretur.
3432 2268 3450 2301 ι
3473 2249 3537 2304 Et
3563 2249 3848 2318 quoniam,

2257 2343 2400 2396 sicut
2426 2356 2588 2410 supra
2607 2341 2946 2396 ostendimus
2963 2340 3144 2394 divina
3164 2340 3491 2395 auctoritate
3512 2339 3844 2408 baptismum

2255 2445 2376 2486 esse
2392 2431 2677 2502 judicium,
2709 2432 2849 2487 unde
2882 2439 2939 2485 et
2963 2429 3215 2486 Jordauis
3247 2432 3517 2499 baptisma
3551 2430 3847 2499 designans

2256 2521 2646 2593 interpretatur
2700 2524 2839 2576 rivus
2898 2522 3084 2591 iudicii
3113 2561 3130 2588 ,
3195 2537 3302 2592 quo
3333 2522 3584 2591 princeps
3636 2519 3846 2581 mundi,

2256 2616 2515 2680 mendax,
2549 2623 2604 2669 et
2629 2623 2786 2684 pater
2815 2612 2932 2682 ejus
2967 2611 3115 2668 foras
3148 2611 3392 2681 cjicitur,
3423 2619 3478 2665 et
3520 2610 3849 2680 baptismum

2256 2705 2540 2760 consilium
2588 2704 2684 2759 Dei
2713 2712 2831 2770 est,
2872 2705 3157 2760 consilium
3209 2703 3375 2759 divini
3400 2703 3502 2757 viri
3549 2703 3619 2756 ad
3663 2702 3844 2772 ignota

2256 2795 2627 2866 investiganda
2674 2797 2995 2851 invenerunt
3021 2795 3284 2864 judicium
3327 2809 3480 2864 aqua:
3516 2791 3747 2864 frigidae.
3789 2791 3846 2846 In

2255 2901 2363 2956 quo
2385 2901 2537 2954 aqum
2569 2884 3015 2956 frigidmjudicio,
3053 2885 3120 2939 ad
3153 2884 3548 2938 invocationem
3581 2883 3848 2950 veritatis,

2256 2989 2376 3045 quae
2405 2972 2548 3027 Deus
2589 2985 2697 3039 est,
2743 2974 2836 3044 qui
2882 2974 3168 3028 veritatem
3218 2987 3317 3028 suo
3360 2971 3644 3025 mendacio
3698 2971 3846 3039 cupit

2255 3066 2528 3137 obtegere,
2558 3067 2612 3120 in
2644 3067 2823 3135 aquis,
2853 3081 3014 3136 super
3045 3080 3178 3134 quas
3205 3080 3310 3118 vox
3343 3062 3555 3118 Domini
3590 3062 3845 3131 majesta—

567 3170 624 3218 (ξι
649 3139 867 3235 quando
895 3161 988 3230 qui
1035 3170 1254 3230 putatur
1279 3171 1334 3216 et
1361 3133 1452 3231 qui
1481 3169 1566 3214 est
1596 3133 1811 3225 noxius,
1845 3161 1898 3214 in
1949 3176 2147 3231 aquam
2177 3133 2224 3198 ε
2257 3158 2324 3212 tis
2348 3133 2600 3222 intonuit,
2625 3133 2729 3212 non
2755 3133 2935 3226 potest
2955 3133 3146 3228 mergi,
3169 3156 3295 3225 quia
3323 3171 3454 3226 pura
3477 3163 3668 3210 natura
3693 3169 3843 3223 aqua:

569 3249 961 3314 examinandos
987 3249 1300 3315 dimittitur,
1329 3265 1358 3303 a
1389 3250 1802 3312 dimittentibus,
1853 3249 2150 3305 secundum

573 3339 860 3407 quemdam
901 3339 1114 3393 modum
1147 3338 1334 3394 forma:
1361 3340 1736 3410 baptismatis,
1774 3340 2035 3395 Dominus
2065 3341 2150 3394 iu-

554 3440 817 3496 ;-vocatu_r,
865 3439 1132 3501 quatenus
1165 3433 1364 3487 veritas
1407 3433 1548 3486 unde
1589 3433 1883 3502 requiritur
1931 3434 2151 3487 demon-

571 3528 795 3585 stretur,
838 3529 896 3575 et
945 3521 1194 3576 tenebras
1240 3523 1555 3593 ignorantia:
1615 3533 1811 3578 nostra:
1852 3523 2153 3580 illuminare

567 3611 846 3682 dignetur,
879 3625 946 3664 ne
972 3619 1064 3664 aut
1095 3611 1355 3666 innocens
1391 3611 1586 3680 injuste
1607 3629 1640 3666 a
1667 3613 1822 3667 nobis
1844 3613 2152 3677 damnetur,

570 3710 665 3758 aut
688 3718 886 3764 nocens
931 3718 1028 3757 sua
1079 3705 1384 3774 negatione,
1413 3713 1508 3758 aut
1546 3705 1807 3759 diabolica
1843 3703 2030 3761 fraude
2056 3705 2155 3758 ali-

571 3809 680 3862 quo
706 3794 864 3859 modo
889 3794 1185 3864 impunitus
1211 3796 1429 3850 evadat.
1461 3795 1570 3850 Sed
1599 3805 1654 3850 et
1681 3797 1794 3866 ipse
1831 3796 1923 3867 qui
1949 3797 2155 3850 exami-

559 3883 788 3966 iiapdus
811 3884 864 3938 in
891 3899 1087 3954 aquam
1145 3883 1454 3946 dimittitur,
1484 3884 1881 3939 invocationem
1903 3884 2156 3939 invocan-

574 3974 707 4028 tium
739 3988 834 4026 sua
857 3973 1208 4040 responsione
1228 3983 1282 4026 et
1308 3973 1651 4028 dcuotatione
1679 3977 1985 4038 continuat,
2002 3975 2156 4044 juxta

563 4058 802 4124 formam
825 4063 1221 4132 quodammodo
1245 4072 1371 4116 ante
1399 4065 1925 4134 baptisma,.quando
1950 4074 2043 4118 aut
2061 4080 2157 4120 ore

573 4153 811 4224 patroni,
838 4152 927 4221 qui
950 4151 1145 4214 alieno,
1177 4153 1228 4207 id
1254 4161 1338 4207 est
1381 4154 1629 4223 originali
1652 4163 1872 4222 peccato
1894 4155 2156 4224 perditus,

575 4243 748 4298 aliena
777 4243 878 4300 fide
905 4242 1145 4319 salvator
1173 4262 1184 4296 :
1215 4252 1310 4298 aut
1354 4244 1568 4298 adultus
1611 4253 1833 4314 peccata
1879 4246 1993 4300 sive
2025 4261 2155 4300 con-

578 4344 772 4412 tracta,
791 4335 904 4392 sive
927 4335 1166 4396 admissa
1184 4335 1498 4399 confitetur,
1512 4335 1901 4389 abrenuntians
1921 4334 2155 4402 diabolo,

578 4433 633 4477 et
663 4424 912 4480 omnibus
934 4425 1191 4496 cperibus
1231 4441 1293 4478 ac
1321 4425 1534 4498 pompis
1571 4423 1710 4502 ejus,
1747 4434 1799 4479 et
1829 4425 1895 4479 ad
1929 4426 2159 4480 interro-

577 4517 851 4583 gationcm
882 4518 1204 4582 sacerdotis,
1229 4518 1362 4571 utin
1421 4533 1527 4587 quo
1542 4517 1659 4586 jam
1687 4533 1795 4572 non
1823 4527 1905 4573 est
1931 4519 2158 4573 immun-

578 4593 706 4660 ditia
733 4604 850 4674 ejus
875 4621 975 4675 per
1017 4607 1354 4677 negationem
1386 4607 1700 4662 abscondita
1725 4648 1738 4672 ,
1787 4609 1879 4663 sed
1908 4623 2004 4676 per
2024 4624 2157 4663 con-

577 4693 867 4749 fessionem
906 4695 1199 4764 publicata,
1230 4695 1378 4749 illum
1422 4695 1646 4766 recipiat
1674 4713 1812 4767 aqua
1835 4737 1850 4761 ,
1881 4707 1935 4751 et
1965 4713 2156 4752 consc-

578 4782 810 4851 pcliatur
837 4782 1074 4846 Christo,
1106 4793 1162 4837 et
1187 4785 1572 4856 demergantur
1593 4794 1814 4854 peccata
1843 4783 1981 4854 ejus,
2006 4787 2157 4856 juxta

580 4873 915 4941 Scripturam
943 4873 993 4927 in
1017 4872 1344 4943 profundum
1376 4874 1562 4938 maris,
1591 4874 1659 4928 ad
1683 4873 1851 4930 instar
1872 4873 2157 4945 Egyptios

583 4961 636 5015 in
663 4979 810 5017 mare
831 4963 1098 5026 Rubrum,
1118 4965 1182 5019 de
1205 4962 1328 5018 fidei
1356 4979 1464 5018 sua:
1493 4963 1831 5020 confessione
1855 4965 2160 5034 respondet,

581 5055 719 5109 sicut
743 5065 961 5114 sanctus
982 5057 1301 5110 Ambrosius
1325 5056 1376 5109 in
1407 5055 1544 5111 libro
1566 5058 1630 5111 de
1659 5056 2022 5112 Sacr-amentis
2036 5058 2165 5112 dicit

586 5146 700 5214 (lib.
752 5162 826 5213 ιι,
855 5164 903 5200 c.
940 5147 1028 5218 7):
1078 5166 1095 5198 ι
1133 5148 1496 5220 Interrogatus
1535 5164 1594 5206 es
1623 5167 1636 5202 :
1664 5149 1851 5205 Credis
1893 5149 1945 5204 in
1995 5149 2161 5205 Deum

580 5237 795 5296 Patrem
824 5241 1292 5310 omnipotentem?
1329 5241 1520 5296 Dixisti
1550 5261 1562 5295 ε
1594 5241 1792 5308 Credo,
1815 5251 1870 5297 et
1894 5242 2159 5308 mersisti,

581 5330 685 5384 hoc
739 5341 823 5385 est
872 5332 1218 5404 consepultus
1267 5348 1345 5386 es.
1399 5331 1597 5388 lterum
1645 5332 2010 5403 interrogatus
2062 5348 2158 5387 es:

583 5417 772 5474 Credis
801 5422 852 5475 in
885 5416 1169 5475 Dominum
1215 5431 1458 5475 nostrum
1503 5419 1684 5476 Jcsuin
1716 5421 1987 5476 Christum
2025 5433 2080 5477 et
2112 5423 2164 5477 iu

585 5522 803 5562 crucem
855 5509 1011 5578 ejus?
1043 5510 1232 5565 Dixisti
1262 5529 1274 5562 :
1301 5509 1476 5565 Credo
1498 5552 1511 5575 ,
1556 5519 1610 5564 et
1657 5511 1913 5566 mersisti.
1957 5511 2082 5565 Ideo
2112 5521 2166 5566 et

584 5593 801 5651 Christo
848 5613 906 5652 es
944 5599 1310 5670 consepultus.
1344 5599 1444 5666 Qui
1473 5599 1616 5654 enini
1647 5599 1861 5655 Christo
1903 5616 2163 5670 conscpe-

584 5681 732 5750 litur,
765 5701 886 5741 cum
919 5687 1134 5744 Christo
1162 5691 1411 5761 resurgit.
1451 5687 1633 5744 Tertio
1675 5688 2034 5762 interrogatus
2063 5705 2119 5748 es
2151 5709 2164 5748 :

2250 3259 2506 3303 naturam
2534 3250 2848 3312 humanam,
2877 3264 2974 3318 per
3002 3263 3200 3318 aquam
3230 3247 3572 3316 baptismatis
3596 3247 3664 3300 ab
3693 3246 3840 3300 omni

2253 3339 2519 3393 mendacii
2561 3341 2815 3409 ﬁgmento
2845 3347 3126 3409 purgatam
3157 3378 3171 3403 ,
3215 3337 3408 3391 iterum
3446 3337 3731 3392 mendacio
3770 3337 3847 3390 in-

2253 3427 2451 3483 fectam
2502 3445 2605 3483 non
2658 3429 2968 3499 recognocit
3019 3444 3234 3498 puram,
3284 3437 3340 3482 et
3385 3428 3507 3483 ideo
3563 3443 3687 3481 eam
3739 3441 3842 3480 non

2255 3522 2462 3591 recipit,
2492 3521 2586 3576 sed
2614 3521 2786 3589 rejicit
2823 3530 2882 3575 ut
2925 3521 3178 3575 alienam.
3220 3522 3288 3575 Et
3319 3531 3378 3576 ut
3413 3522 3465 3576 in
3519 3523 3847 3591 baptismate

2255 3613 2323 3667 ab
2380 3612 2596 3666 homine
2657 3613 2879 3682 spiritus
2937 3613 3292 3678 immundus,
3361 3613 3413 3666 id
3461 3622 3542 3667 est
3593 3613 3848 3682 princeps

2255 3702 2417 3772 hujus
2442 3700 2627 3755 mundi
2672 3702 2907 3772 cjicitur,
2949 3703 3023 3756 ita
3063 3712 3116 3757 ct
3139 3703 3282 3772 quia
3329 3702 3563 3766 diabolo,
3606 3704 3847 3772 principe

2255 3791 2510 3846 videlicet
2564 3792 2750 3846 mundi
2805 3792 3007 3862 hujus,
3061 3808 3158 3862 per
3212 3802 3496 3862 peccatum
3550 3807 3847 3861 rcoccupa-

2257 3890 2384 3946 tus,
2435 3883 2574 3938 sicut
2627 3883 2888 3952 scriptum
2945 3891 3029 3937 est
3082 3881 3299 3953 (Matth.
3358 3898 3474 3947 xu,
3529 3879 3656 3952 45),
3724 3883 3847 3950 quia

2255 3987 2379 4026 cum
2416 3972 2612 4027 exierit
2657 3973 2726 4027 ab
2773 3973 2992 4027 homine
3043 3974 3335 4028 revertitur
3397 3973 3463 4026 ad
3513 3988 3637 4026 eum
3687 3988 3720 4026 a
3759 3974 3848 4026 bo-

2257 4061 2341 4115 nis
2394 4062 2648 4130 operibus
2706 4073 3028 4128 vacantem,
3085 4063 3195 4117 imo
3238 4078 3502 4127 vacuum,
3553 4078 3678 4116 cum
3733 4063 3850 4116 aliis

2257 4159 2461 4218 septem
2511 4152 2790 4222 spiritibus
2839 4154 3195 4222 nequioribus
3243 4169 3302 4208 se
3329 4155 3396 4208 ab
3431 4169 3572 4223 aqua
3623 4154 3847 4208 invoca-

2261 4241 2408 4296 tione
2443 4244 2610 4298 divini
2644 4244 2879 4300 nominis
2919 4255 3130 4299 sacrata
3176 4243 3436 4312 rejicitur.
3462 4245 3633 4311 Quem
3671 4246 3852 4301 homi-

2264 4349 2392 4389 nem
2424 4349 2531 4388 non
2557 4335 2881 4400 naturalem,
2914 4335 3054 4389 sicut
3084 4351 3152 4390 ex
3177 4352 3314 4404 aqua
3346 4346 3400 4390 et
3430 4335 3637 4404 Spiritu
3682 4354 3850 4393 rena-

2263 4431 2350 4479 tus
2370 4434 2478 4486 est,
2505 4435 2814 4494 purgatum,
2866 4440 2973 4478 non
3001 4427 3182 4480 carnis
3211 4427 3550 4496 depositione
3579 4430 3849 4492 sordium,

2266 4517 2358 4572 scd
2389 4515 2813 4586 interrogatione
2855 4524 2911 4569 et
2938 4516 3280 4571 confessione
3307 4520 3654 4574 conscientia:
3697 4522 3853 4576 bona:

2267 4609 2321 4664 in
2360 4610 2550 4673 Deum,
2602 4622 2789 4662 verum
2837 4608 3018 4676 potius
3070 4608 3229 4663 talem
3270 4610 3337 4665 de
3379 4627 3488 4680 quo
3530 4612 3582 4665 in
3611 4610 3853 4667 Levitico

2265 4701 2524 4770 scriptum
2553 4706 2636 4752 est
2660 4699 2827 4753 sentit
2857 4714 2870 4752 :
2899 4697 3106 4765 Omnis,
3136 4701 3328 4770 inquit,
3358 4702 3537 4767 homo,
3564 4704 3654 4774 qui
3679 4721 3853 4760 acca-

2263 4793 2387 4846 serit
2419 4791 2482 4844 de
2501 4789 2664 4859 stirpe
2707 4798 2879 4842 uestra
2909 4789 2977 4843 ad
3024 4807 3087 4844 ea
3132 4808 3249 4861 qua:
3278 4803 3582 4847 consecrata
3629 4805 3777 4859 sunt,
3805 4807 3853 4851 σε

2263 4896 2380 4951 qua:
2401 4877 2696 4932 obtulerunt
2716 4877 2813 4946 ﬁlii
2838 4876 3010 4933 Israel
3031 4879 3280 4946 Domino,
3310 4882 3364 4936 in
3389 4900 3492 4953 quo
3513 4893 3588 4938 est
3619 4883 3854 4940 immun-

2267 4973 2420 5037 ditia,
2472 4971 2655 5040 peribit
2706 4962 2885 5027 coram
2932 4973 3158 5028 Domino
3196 4975 3383 5044 (Leuit.
3441 4975 3689 5047 xxn,3).
3737 4975 3850 5031 Non

2267 5063 2398 5118 dicit
2429 5080 2440 5115 :
2469 5061 2526 5115 ln
2572 5076 2680 5131 quo
2725 5061 2826 5116 l'uit
2866 5061 3226 5118 inununditia.
3270 5064 3610 5119 lmmuuditia
3653 5065 3854 5136 quippe

2266 5153 2382 5223 ejus
2407 5153 2460 5206 in
2506 5151 2624 5222 ipso
2659 5161 2761 5216 est,
2791 5153 2886 5221 qui
2914 5153 3198 5232 mendacio
3249 5155 3484 5224 contegit
3531 5155 3850 5220 veritatem;

2265 5241 2544 5296 etidcirco
2579 5241 2647 5296 de
2675 5241 2844 5311 stirpe
2873 5243 3213 5304 sacerdotali
3250 5263 3262 5298 :
3307 5243 3430 5311 Vos,
3463 5245 3658 5314 inquit,
3691 5262 3854 5315 genus

2266 5329 2506 5394 electum,
2551 5328 2723 5398 regale
2767 5331 3121 5386 sacerdotium
3154 5331 3202 5398 (ι
3253 5331 3399 5387 Petr.
3451 5350 3510 5398 ll,
3554 5335 3644 5402 9);
3693 5346 3750 5390 et
3801 5337 3852 5389 in

2270 5419 2625 5490 Apocalypsi:
2661 5418 2857 5474 Fecisti
2907 5437 3000 5474 nos
3058 5439 3272 5492 regnum
3324 5424 3432 5480 Deo
3463 5436 3510 5479 et
3556 5427 3854 5480 sacerdotes

2269 5511 2455 5581 (Apoc.
2487 5527 2539 5576 v,
2570 5510 2683 5576 l0),
2736 5512 2801 5564 ad
2829 5527 2892 5564 ca
2945 5528 3064 5580 quae
3104 5526 3419 5570 consecrata
3470 5527 3594 5570 sunt
3625 5518 3856 5573 Domino

2271 5603 2553 5669 accedens,
2583 5602 2821 5671 quandiu
2849 5603 3188 5672 immunditia
3222 5605 3336 5674 ejus
3359 5609 3412 5663 in
3457 5609 3571 5679 ipso
3601 5618 3707 5675 est,
3748 5626 3848 5662 non

2271 5695 2467 5770 poterit
2494 5694 2648 5766 aquis
2675 5691 3013 5751 invocatione
3042 5697 3133 5753 Dei
3160 5702 3464 5766 sanctitatis
3489 5702 3762 5775 inliner-gi.
3797 5711 3851 5780 ut
