  <div class='ocr_page' id='page_1' title='image "/cluster/home/n/w/nwhite01/storage/ocr_20150623/126/hvd.32044015471675/090.png"; bbox 0 0 4018 5392; ppageno 0'>
   <div class='ocr_carea' id='block_1_1' title="bbox 192 299 294 356">
    <p class='ocr_par' dir='ltr' id='par_1_1' title="bbox 192 299 294 356">
     <span class='ocr_line' id='line_1_1' title="bbox 192 299 294 356; baseline 0.01 -1"><span class='ocrx_word' id='word_1_1' title='bbox 192 299 294 356; x_wconf 64' lang='grc' dir='ltr'><strong>Ιω</strong></span> 
     </span>
    </p>
   </div>
   <div class='ocr_carea' id='block_1_2' title="bbox 1616 289 1999 349">
    <p class='ocr_par' dir='ltr' id='par_1_2' title="bbox 1616 289 1999 349">
     <span class='ocr_line' id='line_1_2' title="bbox 1616 289 1999 349; baseline -0.005 -2"><span class='ocrx_word' id='word_1_2' title='bbox 1616 289 1999 349; x_wconf 62' lang='lat' dir='ltr'><strong>EPlSTOLJE.</strong></span> 
     </span>
    </p>
   </div>
   <div class='ocr_carea' id='block_1_3' title="bbox 3355 294 3460 349">
    <p class='ocr_par' dir='ltr' id='par_1_3' title="bbox 3355 294 3460 349">
     <span class='ocr_line' id='line_1_3' title="bbox 3355 294 3460 349; baseline -0.019 0"><span class='ocrx_word' id='word_1_3' title='bbox 3355 294 3460 349; x_wconf 61' lang='grc'><strong>170</strong></span> 
     </span>
    </p>
   </div>
   <div class='ocr_carea' id='block_1_4' title="bbox 184 402 3460 485">
    <p class='ocr_par' dir='ltr' id='par_1_4' title="bbox 184 402 3460 485">
     <span class='ocr_line' id='line_1_4' title="bbox 184 402 3460 485; baseline -0.005 -12"><span class='ocrx_word' id='word_1_4' title='bbox 184 413 442 473; x_wconf 74' lang='lat' dir='ltr'><strong>innoxius</strong></span> <span class='ocrx_word' id='word_1_5' title='bbox 455 421 666 485; x_wconf 87' lang='lat' dir='ltr'><strong>pereat,</strong></span> <span class='ocrx_word' id='word_1_6' title='bbox 688 413 782 469; x_wconf 86' lang='lat' dir='ltr'><strong>sed</strong></span> <span class='ocrx_word' id='word_1_7' title='bbox 802 410 1111 484; x_wconf 86' lang='lat' dir='ltr'><strong>pereundus</strong></span> <span class='ocrx_word' id='word_1_8' title='bbox 1131 406 1538 466; x_wconf 85' lang='lat' dir='ltr'><strong>monstrabitur.</strong></span> <span class='ocrx_word' id='word_1_9' title='bbox 1555 404 1770 472; x_wconf 72' lang='lat' dir='ltr'><strong>Expur-</strong></span> <span class='ocrx_word' id='word_1_10' title='bbox 1798 408 1847 467; x_wconf 69' lang='grc' dir='ltr'>Α</span> <span class='ocrx_word' id='word_1_11' title='bbox 1878 405 1997 474; x_wconf 83' lang='lat' dir='ltr'><strong>igne</strong></span> <span class='ocrx_word' id='word_1_12' title='bbox 2031 413 2373 476; x_wconf 86' lang='lat' dir='ltr'><strong>consumpta.</strong></span> <span class='ocrx_word' id='word_1_13' title='bbox 2410 403 2517 460; x_wconf 87' lang='lat' dir='ltr'><strong>Sed</strong></span> <span class='ocrx_word' id='word_1_14' title='bbox 2562 413 2623 483; x_wconf 82' lang='lat' dir='ltr'><strong>et</strong></span> <span class='ocrx_word' id='word_1_15' title='bbox 2666 402 2935 461; x_wconf 83' lang='lat' dir='ltr'><strong>Gedeonis</strong></span> <span class='ocrx_word' id='word_1_16' title='bbox 2963 402 3293 461; x_wconf 77' lang='lat' dir='ltr'><strong>sacriﬁcium</strong></span> <span class='ocrx_word' id='word_1_17' title='bbox 3332 419 3460 462; x_wconf 83' lang='lat' dir='ltr'><strong>cum</strong></span> 
     </span>
    </p>
   </div>
   <div class='ocr_carea' id='block_1_5' title="bbox 184 494 1771 577">
    <p class='ocr_par' dir='ltr' id='par_1_5' title="bbox 184 494 1771 577">
     <span class='ocr_line' id='line_1_5' title="bbox 184 494 1771 577; baseline -0.007 -18"><span class='ocrx_word' id='word_1_18' title='bbox 184 515 323 577; x_wconf 80' lang='lat' dir='ltr'><strong>gate,</strong></span> <span class='ocrx_word' id='word_1_19' title='bbox 352 504 531 575; x_wconf 85' lang='lat' dir='ltr'><strong>inquit</strong></span> <span class='ocrx_word' id='word_1_20' title='bbox 558 494 869 575; x_wconf 82' lang='lat' dir='ltr'><strong>Apostolus,</strong></span> <span class='ocrx_word' id='word_1_21' title='bbox 893 510 1036 557; x_wconf 78' lang='lat' dir='ltr'><strong>uetus</strong></span> <span class='ocrx_word' id='word_1_22' title='bbox 1060 500 1392 570; x_wconf 75' lang='lat' dir='ltr'><strong>fermentum,</strong></span> <span class='ocrx_word' id='word_1_23' title='bbox 1420 506 1477 550; x_wconf 85' lang='lat' dir='ltr'><strong>ut</strong></span> <span class='ocrx_word' id='word_1_24' title='bbox 1497 496 1613 551; x_wconf 75' lang='lat' dir='ltr'><strong>sitis</strong></span> <span class='ocrx_word' id='word_1_25' title='bbox 1636 511 1771 549; x_wconf 80' lang='lat' dir='ltr'><strong>nova</strong></span> 
     </span>
    </p>
   </div>
   <div class='ocr_carea' id='block_1_6' title="bbox 188 588 1772 665">
    <p class='ocr_par' dir='ltr' id='par_1_6' title="bbox 188 588 1772 665">
     <span class='ocr_line' id='line_1_6' title="bbox 188 588 1772 665; baseline -0.006 -14"><span class='ocrx_word' id='word_1_26' title='bbox 188 596 515 665; x_wconf 69' lang='lat' dir='ltr'><strong>comparsit),</strong></span> <span class='ocrx_word' id='word_1_27' title='bbox 547 597 686 650; x_wconf 79' lang='lat' dir='ltr'><strong>sicut</strong></span> <span class='ocrx_word' id='word_1_28' title='bbox 714 596 836 649; x_wconf 73' lang='lat' dir='ltr'><strong>estis</strong></span> <span class='ocrx_word' id='word_1_29' title='bbox 864 594 1037 664; x_wconf 70' lang='grc' dir='ltr'>ιιιυωὶ</span> <span class='ocrx_word' id='word_1_30' title='bbox 1060 592 1113 663; x_wconf 83' lang='lat' dir='ltr'><strong>(I</strong></span> <span class='ocrx_word' id='word_1_31' title='bbox 1142 590 1267 646; x_wconf 87' lang='lat' dir='ltr'><strong>Cor.</strong></span> <span class='ocrx_word' id='word_1_32' title='bbox 1306 607 1362 653; x_wconf 91' lang='lat' dir='ltr'><strong>v,</strong></span> <span class='ocrx_word' id='word_1_33' title='bbox 1393 590 1470 661; x_wconf 82' lang='lat'><strong>7).</strong></span> <span class='ocrx_word' id='word_1_34' title='bbox 1499 588 1575 644; x_wconf 82' lang='lat' dir='ltr'><strong>Ac</strong></span> <span class='ocrx_word' id='word_1_35' title='bbox 1603 588 1648 643; x_wconf 85' lang='lat' dir='ltr'><strong>si</strong></span> <span class='ocrx_word' id='word_1_36' title='bbox 1676 602 1772 658; x_wconf 87' lang='lat' dir='ltr'><strong>pa-</strong></span> 
     </span>
    </p>
   </div>
   <div class='ocr_carea' id='block_1_7' title="bbox 191 683 1773 755">
    <p class='ocr_par' dir='ltr' id='par_1_7' title="bbox 191 683 1773 755">
     <span class='ocr_line' id='line_1_7' title="bbox 191 683 1773 755; baseline -0.004 -14"><span class='ocrx_word' id='word_1_37' title='bbox 191 696 372 743; x_wconf 83' lang='lat' dir='ltr'><strong>tenter</strong></span> <span class='ocrx_word' id='word_1_38' title='bbox 397 687 545 743; x_wconf 87' lang='lat' dir='ltr'><strong>dicat</strong></span> <span class='ocrx_word' id='word_1_39' title='bbox 576 705 589 739; x_wconf 93' lang='lat'><strong>:</strong></span> <span class='ocrx_word' id='word_1_40' title='bbox 625 686 951 755; x_wconf 83' lang='lat' dir='ltr'><strong>Reputatum</strong></span> <span class='ocrx_word' id='word_1_41' title='bbox 984 686 1049 741; x_wconf 90' lang='lat' dir='ltr'><strong>de</strong></span> <span class='ocrx_word' id='word_1_42' title='bbox 1082 683 1329 747; x_wconf 88' lang='lat' dir='ltr'><strong>crimine,</strong></span> <span class='ocrx_word' id='word_1_43' title='bbox 1373 690 1538 752; x_wconf 87' lang='lat' dir='ltr'><strong>atque</strong></span> <span class='ocrx_word' id='word_1_44' title='bbox 1565 694 1773 752; x_wconf 84' lang='lat' dir='ltr'><strong>negan-</strong></span> 
     </span>
    </p>
   </div>
   <div class='ocr_carea' id='block_1_8' title="bbox 190 773 1775 847">
    <p class='ocr_par' dir='ltr' id='par_1_8' title="bbox 190 773 1775 847">
     <span class='ocr_line' id='line_1_8' title="bbox 190 773 1775 847; baseline -0.006 -14"><span class='ocrx_word' id='word_1_45' title='bbox 190 788 330 841; x_wconf 75' lang='lat' dir='ltr'><strong>tem,</strong></span> <span class='ocrx_word' id='word_1_46' title='bbox 352 793 514 847; x_wconf 91' lang='lat' dir='ltr'><strong>quem</strong></span> <span class='ocrx_word' id='word_1_47' title='bbox 568 778 776 832; x_wconf 83' lang='lat' dir='ltr'><strong>idoneis</strong></span> <span class='ocrx_word' id='word_1_48' title='bbox 826 777 1055 832; x_wconf 86' lang='lat' dir='ltr'><strong>testibus</strong></span> <span class='ocrx_word' id='word_1_49' title='bbox 1092 773 1381 844; x_wconf 88' lang='lat' dir='ltr'><strong>judiciario</strong></span> <span class='ocrx_word' id='word_1_50' title='bbox 1407 773 1597 827; x_wconf 84' lang='lat' dir='ltr'><strong>ordine</strong></span> <span class='ocrx_word' id='word_1_51' title='bbox 1625 785 1775 825; x_wconf 88' lang='lat' dir='ltr'><strong>com-</strong></span> 
     </span>
    </p>
   </div>
   <div class='ocr_carea' id='block_1_9' title="bbox 187 852 1811 939">
    <p class='ocr_par' dir='ltr' id='par_1_9' title="bbox 187 852 1811 939">
     <span class='ocr_line' id='line_1_9' title="bbox 187 852 1811 939; baseline -0.005 -17"><span class='ocrx_word' id='word_1_52' title='bbox 187 868 423 939; x_wconf 82' lang='lat' dir='ltr'><strong>probare</strong></span> <span class='ocrx_word' id='word_1_53' title='bbox 448 868 706 938; x_wconf 75' lang='lat' dir='ltr'><strong>nequitis,</strong></span> <span class='ocrx_word' id='word_1_54' title='bbox 731 876 822 921; x_wconf 87' lang='lat' dir='ltr'><strong>aut</strong></span> <span class='ocrx_word' id='word_1_55' title='bbox 847 873 1205 929; x_wconf 83' lang='lat' dir='ltr'><strong>sacramento,</strong></span> <span class='ocrx_word' id='word_1_56' title='bbox 1221 872 1313 918; x_wconf 89' lang='lat' dir='ltr'><strong>aut</strong></span> <span class='ocrx_word' id='word_1_57' title='bbox 1339 863 1433 918; x_wconf 88' lang='lat' dir='ltr'><strong>Dei</strong></span> <span class='ocrx_word' id='word_1_58' title='bbox 1450 860 1657 931; x_wconf 87' lang='lat' dir='ltr'><strong>judicio</strong></span> <span class='ocrx_word' id='word_1_59' title='bbox 1673 875 1772 915; x_wconf 72' lang='grc' dir='ltr'><strong>εχ·</strong></span> <span class='ocrx_word' id='word_1_60' title='bbox 1798 852 1811 859; x_wconf 70' lang='grc'><strong><em>’</em></strong></span> 
     </span>
    </p>
   </div>
   <div class='ocr_carea' id='block_1_10' title="bbox 188 953 1777 1030">
    <p class='ocr_par' dir='ltr' id='par_1_10' title="bbox 188 953 1777 1030">
     <span class='ocr_line' id='line_1_10' title="bbox 188 953 1777 1030; baseline -0.004 -17"><span class='ocrx_word' id='word_1_61' title='bbox 188 975 261 1029; x_wconf 89' lang='lat' dir='ltr'><strong>pu</strong></span> <span class='ocrx_word' id='word_1_62' title='bbox 269 970 441 1030; x_wconf 85' lang='lat' dir='ltr'><strong>rgate,</strong></span> <span class='ocrx_word' id='word_1_63' title='bbox 456 974 525 1014; x_wconf 90' lang='lat' dir='ltr'><strong>ne</strong></span> <span class='ocrx_word' id='word_1_64' title='bbox 546 960 600 1014; x_wconf 90' lang='lat' dir='ltr'><strong>in</strong></span> <span class='ocrx_word' id='word_1_65' title='bbox 624 959 801 1013; x_wconf 88' lang='lat' dir='ltr'><strong>medio</strong></span> <span class='ocrx_word' id='word_1_66' title='bbox 814 958 980 1014; x_wconf 89' lang='lat' dir='ltr'><strong>vestri</strong></span> <span class='ocrx_word' id='word_1_67' title='bbox 997 971 1223 1012; x_wconf 89' lang='lat' dir='ltr'><strong>manens</strong></span> <span class='ocrx_word' id='word_1_68' title='bbox 1236 954 1546 1018; x_wconf 89' lang='lat' dir='ltr'><strong>anathema,</strong></span> <span class='ocrx_word' id='word_1_69' title='bbox 1565 953 1777 1009; x_wconf 89' lang='lat' dir='ltr'><strong>dicatur</strong></span> 
     </span>
    </p>
   </div>
   <div class='ocr_carea' id='block_1_11' title="bbox 191 1047 1774 1117">
    <p class='ocr_par' dir='ltr' id='par_1_11' title="bbox 191 1047 1774 1117">
     <span class='ocr_line' id='line_1_11' title="bbox 191 1047 1774 1117; baseline -0.004 -12"><span class='ocrx_word' id='word_1_70' title='bbox 191 1054 349 1107; x_wconf 83' lang='lat' dir='ltr'><strong>vobis</strong></span> <span class='ocrx_word' id='word_1_71' title='bbox 375 1070 390 1107; x_wconf 91' lang='lat'>:</span> <span class='ocrx_word' id='word_1_72' title='bbox 420 1053 715 1106; x_wconf 80' lang='lat' dir='ltr'><strong>Anathema</strong></span> <span class='ocrx_word' id='word_1_73' title='bbox 761 1054 817 1105; x_wconf 87' lang='lat' dir='ltr'><strong>in</strong></span> <span class='ocrx_word' id='word_1_74' title='bbox 857 1051 1028 1105; x_wconf 85' lang='lat' dir='ltr'><strong>medio</strong></span> <span class='ocrx_word' id='word_1_75' title='bbox 1075 1051 1177 1115; x_wconf 85' lang='lat' dir='ltr'><strong>tui,</strong></span> <span class='ocrx_word' id='word_1_76' title='bbox 1204 1048 1396 1113; x_wconf 76' lang='lat' dir='ltr'><strong>Israel,</strong></span> <span class='ocrx_word' id='word_1_77' title='bbox 1441 1063 1547 1101; x_wconf 87' lang='lat' dir='ltr'><strong>non</strong></span> <span class='ocrx_word' id='word_1_78' title='bbox 1583 1047 1774 1117; x_wconf 80' lang='lat' dir='ltr'><strong>poteris</strong></span> 
     </span>
    </p>
   </div>
   <div class='ocr_carea' id='block_1_12' title="bbox 192 1130 1787 1212">
    <p class='ocr_par' dir='ltr' id='par_1_12' title="bbox 192 1130 1787 1212">
     <span class='ocr_line' id='line_1_12' title="bbox 192 1130 1787 1212; baseline -0.004 -17"><span class='ocrx_word' id='word_1_79' title='bbox 192 1130 333 1195; x_wconf 77' lang='lat' dir='ltr'><strong>stare</strong></span> <span class='ocrx_word' id='word_1_80' title='bbox 358 1158 539 1196; x_wconf 84' lang='lat' dir='ltr'><strong>coram</strong></span> <span class='ocrx_word' id='word_1_81' title='bbox 572 1142 800 1195; x_wconf 76' lang='lat' dir='ltr'><strong>inimicis</strong></span> <span class='ocrx_word' id='word_1_82' title='bbox 845 1140 949 1194; x_wconf 79' lang='lat' dir='ltr'><strong>tuis</strong></span> <span class='ocrx_word' id='word_1_83' title='bbox 1006 1138 1191 1212; x_wconf 74' lang='lat' dir='ltr'><strong>(Iosue</strong></span> <span class='ocrx_word' id='word_1_84' title='bbox 1234 1154 1333 1202; x_wconf 85' lang='lat' dir='ltr'><strong>vn,</strong></span> <span class='ocrx_word' id='word_1_85' title='bbox 1366 1136 1477 1208; x_wconf 80' lang='grc'><strong>15).</strong></span> <span class='ocrx_word' id='word_1_86' title='bbox 1525 1134 1595 1189; x_wconf 86' lang='lat' dir='ltr'><strong>Et</strong></span> <span class='ocrx_word' id='word_1_87' title='bbox 1644 1135 1787 1209; x_wconf 84' lang='lat' dir='ltr'><strong>item</strong></span> 
     </span>
    </p>
   </div>
   <div class='ocr_carea' id='block_1_13' title="bbox 189 1225 1777 1301">
    <p class='ocr_par' dir='ltr' id='par_1_13' title="bbox 189 1225 1777 1301">
     <span class='ocr_line' id='line_1_13' title="bbox 189 1225 1777 1301; baseline -0.005 -15"><span class='ocrx_word' id='word_1_88' title='bbox 189 1231 328 1287; x_wconf 85' lang='lat' dir='ltr'><strong>dicit</strong></span> <span class='ocrx_word' id='word_1_89' title='bbox 355 1232 649 1301; x_wconf 84' lang='lat' dir='ltr'><strong>Apostolus</strong></span> <span class='ocrx_word' id='word_1_90' title='bbox 675 1251 688 1285; x_wconf 92' lang='lat'><strong>:</strong></span> <span class='ocrx_word' id='word_1_91' title='bbox 726 1231 901 1285; x_wconf 81' lang='lat' dir='ltr'><strong>Nolite</strong></span> <span class='ocrx_word' id='word_1_92' title='bbox 926 1231 1311 1285; x_wconf 77' lang='lat' dir='ltr'><strong>communicare</strong></span> <span class='ocrx_word' id='word_1_93' title='bbox 1341 1227 1581 1297; x_wconf 76' lang='lat' dir='ltr'><strong>operibus</strong></span> <span class='ocrx_word' id='word_1_94' title='bbox 1604 1225 1777 1295; x_wconf 75' lang='lat' dir='ltr'><strong>infru-</strong></span> 
     </span>
    </p>
   </div>
   <div class='ocr_carea' id='block_1_14' title="bbox 189 1317 1776 1392">
    <p class='ocr_par' dir='ltr' id='par_1_14' title="bbox 189 1317 1776 1392">
     <span class='ocr_line' id='line_1_14' title="bbox 189 1317 1776 1392; baseline -0.003 -18"><span class='ocrx_word' id='word_1_95' title='bbox 189 1322 385 1375; x_wconf 72' lang='lat' dir='ltr'><strong>ctuosi:</strong></span> <span class='ocrx_word' id='word_1_96' title='bbox 416 1322 751 1376; x_wconf 79' lang='lat' dir='ltr'><strong>tenebrarum</strong></span> <span class='ocrx_word' id='word_1_97' title='bbox 779 1320 997 1392; x_wconf 71' lang='lat' dir='ltr'><strong>(Ephes.</strong></span> <span class='ocrx_word' id='word_1_98' title='bbox 1030 1335 1088 1382; x_wconf 91' lang='lat' dir='ltr'><strong>v,</strong></span> <span class='ocrx_word' id='word_1_99' title='bbox 1120 1319 1231 1390; x_wconf 76' lang='lat' dir='ltr'><strong>il).</strong></span> <span class='ocrx_word' id='word_1_100' title='bbox 1268 1318 1419 1375; x_wconf 83' lang='lat' dir='ltr'><strong>Unde</strong></span> <span class='ocrx_word' id='word_1_101' title='bbox 1446 1317 1776 1389; x_wconf 78' lang='lat' dir='ltr'><strong>Augustinus</strong></span> 
     </span>
    </p>
   </div>
   <div class='ocr_carea' id='block_1_15' title="bbox 189 1405 1779 1479">
    <p class='ocr_par' dir='ltr' id='par_1_15' title="bbox 189 1405 1779 1479">
     <span class='ocr_line' id='line_1_15' title="bbox 189 1405 1779 1479; baseline -0.003 -17"><span class='ocrx_word' id='word_1_102' title='bbox 189 1409 282 1479; x_wconf 76' lang='lat' dir='ltr'><strong>(de</strong></span> <span class='ocrx_word' id='word_1_103' title='bbox 330 1410 495 1464; x_wconf 79' lang='lat' dir='ltr'><strong>rerbis</strong></span> <span class='ocrx_word' id='word_1_104' title='bbox 538 1409 753 1464; x_wconf 78' lang='lat' dir='ltr'><strong>Domini</strong></span> <span class='ocrx_word' id='word_1_105' title='bbox 799 1426 958 1464; x_wconf 81' lang='lat' dir='ltr'><strong>serm.</strong></span> <span class='ocrx_word' id='word_1_106' title='bbox 989 1407 1078 1479; x_wconf 77' lang='lat' dir='ltr'><strong>i8)</strong></span> <span class='ocrx_word' id='word_1_107' title='bbox 1125 1426 1138 1462; x_wconf 88' lang='lat'>:</span> <span class='ocrx_word' id='word_1_108' title='bbox 1192 1426 1210 1459; x_wconf 78' lang='grc' dir='ltr'><strong>ι</strong></span> <span class='ocrx_word' id='word_1_109' title='bbox 1256 1406 1432 1462; x_wconf 83' lang='lat' dir='ltr'><strong>Nolite</strong></span> <span class='ocrx_word' id='word_1_110' title='bbox 1478 1405 1779 1461; x_wconf 89' lang='lat' dir='ltr'><strong>communi-</strong></span> 
     </span>
    </p>
   </div>
   <div class='ocr_carea' id='block_1_16' title="bbox 189 1499 1779 1569">
    <p class='ocr_par' dir='ltr' id='par_1_16' title="bbox 189 1499 1779 1569">
     <span class='ocr_line' id='line_1_16' title="bbox 189 1499 1779 1569; baseline -0.002 -14"><span class='ocrx_word' id='word_1_111' title='bbox 189 1516 337 1567; x_wconf 88' lang='lat' dir='ltr'><strong>care,</strong></span> <span class='ocrx_word' id='word_1_112' title='bbox 361 1502 462 1556; x_wconf 87' lang='lat' dir='ltr'><strong>hoc</strong></span> <span class='ocrx_word' id='word_1_113' title='bbox 487 1510 591 1565; x_wconf 90' lang='lat' dir='ltr'><strong>est,</strong></span> <span class='ocrx_word' id='word_1_114' title='bbox 618 1501 783 1557; x_wconf 92' lang='lat' dir='ltr'><strong>nolite</strong></span> <span class='ocrx_word' id='word_1_115' title='bbox 812 1500 1142 1556; x_wconf 88' lang='lat' dir='ltr'><strong>consentire.</strong></span> <span class='ocrx_word' id='word_1_116' title='bbox 1172 1499 1241 1553; x_wconf 85' lang='lat' dir='ltr'><strong>Et</strong></span> <span class='ocrx_word' id='word_1_117' title='bbox 1270 1499 1394 1569; x_wconf 89' lang='lat' dir='ltr'><strong>quia</strong></span> <span class='ocrx_word' id='word_1_118' title='bbox 1421 1513 1615 1569; x_wconf 91' lang='lat' dir='ltr'><strong>parum</strong></span> <span class='ocrx_word' id='word_1_119' title='bbox 1657 1506 1779 1552; x_wconf 88' lang='lat' dir='ltr'><strong>erat</strong></span> 
     </span>
    </p>
   </div>
   <div class='ocr_carea' id='block_1_17' title="bbox 187 1588 1774 1661">
    <p class='ocr_par' dir='ltr' id='par_1_17' title="bbox 187 1588 1774 1661">
     <span class='ocr_line' id='line_1_17' title="bbox 187 1588 1774 1661; baseline -0.003 -14"><span class='ocrx_word' id='word_1_120' title='bbox 187 1606 297 1647; x_wconf 83' lang='lat' dir='ltr'><strong>non</strong></span> <span class='ocrx_word' id='word_1_121' title='bbox 325 1591 634 1646; x_wconf 87' lang='lat' dir='ltr'><strong>consentire</strong></span> <span class='ocrx_word' id='word_1_122' title='bbox 680 1591 723 1646; x_wconf 91' lang='lat' dir='ltr'><strong>si</strong></span> <span class='ocrx_word' id='word_1_123' title='bbox 756 1600 1075 1661; x_wconf 81' lang='lat' dir='ltr'><strong>sequeretur</strong></span> <span class='ocrx_word' id='word_1_124' title='bbox 1102 1589 1430 1661; x_wconf 74' lang='lat' dir='ltr'><strong>negligentia</strong></span> <span class='ocrx_word' id='word_1_125' title='bbox 1457 1588 1774 1658; x_wconf 74' lang='lat' dir='ltr'><strong>disciplinae,</strong></span> 
     </span>
    </p>
   </div>
   <div class='ocr_carea' id='block_1_18' title="bbox 186 1682 1777 1755">
    <p class='ocr_par' dir='ltr' id='par_1_18' title="bbox 186 1682 1777 1755">
     <span class='ocr_line' id='line_1_18' title="bbox 186 1682 1777 1755; baseline 0.001 -19"><span class='ocrx_word' id='word_1_126' title='bbox 186 1685 378 1755; x_wconf 69' lang='lat' dir='ltr'><strong>arrigis,</strong></span> <span class='ocrx_word' id='word_1_127' title='bbox 417 1684 615 1754; x_wconf 81' lang='lat' dir='ltr'><strong>inquit,</strong></span> <span class='ocrx_word' id='word_1_128' title='bbox 665 1694 713 1738; x_wconf 87' lang='lat' dir='ltr'><strong>et</strong></span> <span class='ocrx_word' id='word_1_129' title='bbox 767 1684 1083 1755; x_wconf 83' lang='lat' dir='ltr'><strong>redarguite.</strong></span> <span class='ocrx_word' id='word_1_130' title='bbox 1116 1683 1337 1738; x_wconf 84' lang='lat' dir='ltr'><strong>Duobus</strong></span> <span class='ocrx_word' id='word_1_131' title='bbox 1378 1682 1555 1738; x_wconf 87' lang='lat' dir='ltr'><strong>modis</strong></span> <span class='ocrx_word' id='word_1_132' title='bbox 1585 1697 1691 1737; x_wconf 88' lang='lat' dir='ltr'><strong>non</strong></span> <span class='ocrx_word' id='word_1_133' title='bbox 1725 1689 1777 1737; x_wconf 89' lang='lat' dir='ltr'><strong>te</strong></span> 
     </span>
    </p>
   </div>
   <div class='ocr_carea' id='block_1_19' title="bbox 1876 493 3457 565">
    <p class='ocr_par' dir='ltr' id='par_1_19' title="bbox 1876 493 3457 565">
     <span class='ocr_line' id='line_1_19' title="bbox 1876 493 3457 565; baseline 0.001 -16"><span class='ocrx_word' id='word_1_134' title='bbox 1876 493 2161 562; x_wconf 72' lang='lat' dir='ltr'><strong>superfuso</strong></span> <span class='ocrx_word' id='word_1_135' title='bbox 2188 494 2335 564; x_wconf 86' lang='lat' dir='ltr'><strong>jure,</strong></span> <span class='ocrx_word' id='word_1_136' title='bbox 2365 494 2519 565; x_wconf 83' lang='lat' dir='ltr'><strong>cujus</strong></span> <span class='ocrx_word' id='word_1_137' title='bbox 2561 494 2889 551; x_wconf 80' lang='lat' dir='ltr'><strong>abundantia</strong></span> <span class='ocrx_word' id='word_1_138' title='bbox 2916 494 3053 552; x_wconf 84' lang='lat' dir='ltr'><strong>solet</strong></span> <span class='ocrx_word' id='word_1_139' title='bbox 3081 494 3222 563; x_wconf 80' lang='lat' dir='ltr'><strong>ignis</strong></span> <span class='ocrx_word' id='word_1_140' title='bbox 3246 496 3457 551; x_wconf 78' lang='lat' dir='ltr'><strong>exstin-</strong></span> 
     </span>
    </p>
   </div>
   <div class='ocr_carea' id='block_1_20' title="bbox 1872 584 3462 657">
    <p class='ocr_par' dir='ltr' id='par_1_20' title="bbox 1872 584 3462 657">
     <span class='ocr_line' id='line_1_20' title="bbox 1872 584 3462 657; baseline 0.004 -19"><span class='ocrx_word' id='word_1_141' title='bbox 1872 585 1981 654; x_wconf 81' lang='lat' dir='ltr'><strong>gui,</strong></span> <span class='ocrx_word' id='word_1_142' title='bbox 2008 599 2105 656; x_wconf 89' lang='lat' dir='ltr'><strong>per</strong></span> <span class='ocrx_word' id='word_1_143' title='bbox 2124 586 2425 656; x_wconf 86' lang='lat' dir='ltr'><strong>angelicum</strong></span> <span class='ocrx_word' id='word_1_144' title='bbox 2452 584 2831 652; x_wconf 86' lang='lat' dir='ltr'><strong>ministerium,</strong></span> <span class='ocrx_word' id='word_1_145' title='bbox 2858 585 2982 657; x_wconf 88' lang='lat' dir='ltr'><strong>igne</strong></span> <span class='ocrx_word' id='word_1_146' title='bbox 3000 586 3164 643; x_wconf 90' lang='lat' dir='ltr'><strong>etiam</strong></span> <span class='ocrx_word' id='word_1_147' title='bbox 3189 586 3462 644; x_wconf 79' lang='lat' dir='ltr'><strong>lambento</strong></span> 
     </span>
    </p>
   </div>
   <div class='ocr_carea' id='block_1_21' title="bbox 1859 677 3458 752">
    <p class='ocr_par' dir='ltr' id='par_1_21' title="bbox 1859 677 3458 752">
     <span class='ocr_line' id='line_1_21' title="bbox 1859 677 3458 752; baseline 0.003 -21"><span class='ocrx_word' id='word_1_148' title='bbox 1859 685 2083 746; x_wconf 84' lang='lat' dir='ltr'><strong>petram</strong></span> <span class='ocrx_word' id='word_1_149' title='bbox 2110 686 2491 749; x_wconf 90' lang='lat' dir='ltr'><strong>consumptum</strong></span> <span class='ocrx_word' id='word_1_150' title='bbox 2541 687 2625 734; x_wconf 90' lang='lat' dir='ltr'><strong>est</strong></span> <span class='ocrx_word' id='word_1_151' title='bbox 2651 677 2805 752; x_wconf 79' lang='lat' dir='ltr'><strong>(Jud.</strong></span> <span class='ocrx_word' id='word_1_152' title='bbox 2851 694 2931 744; x_wconf 81' lang='lat' dir='ltr'><strong>vt,</strong></span> <span class='ocrx_word' id='word_1_153' title='bbox 2965 680 3053 749; x_wconf 78' lang='lat' dir='ltr'><strong>t9)</strong></span> <span class='ocrx_word' id='word_1_154' title='bbox 3078 696 3093 743; x_wconf 87' lang='lat'><strong>;</strong></span> <span class='ocrx_word' id='word_1_155' title='bbox 3120 687 3175 734; x_wconf 92' lang='lat' dir='ltr'><strong>et</strong></span> <span class='ocrx_word' id='word_1_156' title='bbox 3214 680 3268 735; x_wconf 89' lang='lat' dir='ltr'><strong>in</strong></span> <span class='ocrx_word' id='word_1_157' title='bbox 3297 680 3458 736; x_wconf 77' lang='lat' dir='ltr'><strong>unius</strong></span> 
     </span>
    </p>
   </div>
   <div class='ocr_carea' id='block_1_22' title="bbox 1873 767 3466 842">
    <p class='ocr_par' dir='ltr' id='par_1_22' title="bbox 1873 767 3466 842">
     <span class='ocr_line' id='line_1_22' title="bbox 1873 767 3466 842; baseline 0.004 -21"><span class='ocrx_word' id='word_1_158' title='bbox 1873 767 2225 840; x_wconf 87' lang='lat' dir='ltr'><strong>ejusdemque</strong></span> <span class='ocrx_word' id='word_1_159' title='bbox 2257 770 2513 827; x_wconf 86' lang='lat' dir='ltr'><strong>elementi</strong></span> <span class='ocrx_word' id='word_1_160' title='bbox 2560 772 2820 842; x_wconf 84' lang='lat' dir='ltr'><strong>mysterio</strong></span> <span class='ocrx_word' id='word_1_161' title='bbox 2850 780 2906 827; x_wconf 89' lang='lat' dir='ltr'><strong>et</strong></span> <span class='ocrx_word' id='word_1_162' title='bbox 2943 770 3064 827; x_wconf 85' lang='lat' dir='ltr'><strong>linis</strong></span> <span class='ocrx_word' id='word_1_163' title='bbox 3092 781 3174 827; x_wconf 88' lang='lat' dir='ltr'><strong>est</strong></span> <span class='ocrx_word' id='word_1_164' title='bbox 3200 772 3366 839; x_wconf 81' lang='lat' dir='ltr'><strong>vitiis,</strong></span> <span class='ocrx_word' id='word_1_165' title='bbox 3407 780 3466 828; x_wconf 84' lang='lat' dir='ltr'><strong>et</strong></span> 
     </span>
    </p>
   </div>
   <div class='ocr_carea' id='block_1_23' title="bbox 1874 859 3464 933">
    <p class='ocr_par' dir='ltr' id='par_1_23' title="bbox 1874 859 3464 933">
     <span class='ocr_line' id='line_1_23' title="bbox 1874 859 3464 933; baseline 0.003 -20"><span class='ocrx_word' id='word_1_166' title='bbox 1874 860 2030 930; x_wconf 85' lang='lat' dir='ltr'><strong>origo</strong></span> <span class='ocrx_word' id='word_1_167' title='bbox 2072 859 2400 925; x_wconf 81' lang='lat' dir='ltr'><strong>virtutibus,</strong></span> <span class='ocrx_word' id='word_1_168' title='bbox 2444 870 2701 931; x_wconf 82' lang='lat' dir='ltr'><strong>operante</strong></span> <span class='ocrx_word' id='word_1_169' title='bbox 2749 859 2953 931; x_wconf 86' lang='lat' dir='ltr'><strong>Spiritu</strong></span> <span class='ocrx_word' id='word_1_170' title='bbox 2984 869 3193 926; x_wconf 87' lang='lat' dir='ltr'><strong>sancto,</strong></span> <span class='ocrx_word' id='word_1_171' title='bbox 3222 862 3276 916; x_wconf 89' lang='lat' dir='ltr'><strong>in</strong></span> <span class='ocrx_word' id='word_1_172' title='bbox 3319 877 3464 933; x_wconf 84' lang='lat' dir='ltr'><strong>aqua</strong></span> 
     </span>
    </p>
   </div>
   <div class='ocr_carea' id='block_1_24' title="bbox 1876 949 3461 1023">
    <p class='ocr_par' dir='ltr' id='par_1_24' title="bbox 1876 949 3461 1023">
     <span class='ocr_line' id='line_1_24' title="bbox 1876 949 3461 1023; baseline 0.004 -21"><span class='ocrx_word' id='word_1_173' title='bbox 1876 949 2017 1004; x_wconf 81' lang='lat' dir='ltr'><strong>sacri</strong></span> <span class='ocrx_word' id='word_1_174' title='bbox 2064 949 2423 1020; x_wconf 85' lang='lat' dir='ltr'><strong>baptismatis.</strong></span> <span class='ocrx_word' id='word_1_175' title='bbox 2456 949 2584 1006; x_wconf 71' lang='grc' dir='ltr'><strong>Ηίιεο</strong></span> <span class='ocrx_word' id='word_1_176' title='bbox 2615 950 2844 1021; x_wconf 84' lang='lat' dir='ltr'><strong>diligens</strong></span> <span class='ocrx_word' id='word_1_177' title='bbox 2866 952 3043 1008; x_wconf 86' lang='lat' dir='ltr'><strong>lector</strong></span> <span class='ocrx_word' id='word_1_178' title='bbox 3071 951 3233 1023; x_wconf 83' lang='lat' dir='ltr'><strong>legat,</strong></span> <span class='ocrx_word' id='word_1_179' title='bbox 3262 960 3314 1007; x_wconf 91' lang='lat' dir='ltr'><strong>et</strong></span> <span class='ocrx_word' id='word_1_180' title='bbox 3352 962 3461 1008; x_wconf 87' lang='lat' dir='ltr'><strong>non</strong></span> 
     </span>
    </p>
   </div>
   <div class='ocr_carea' id='block_1_25' title="bbox 1877 1030 3461 1114">
    <p class='ocr_par' dir='ltr' id='par_1_25' title="bbox 1877 1030 3461 1114">
     <span class='ocr_line' id='line_1_25' title="bbox 1877 1030 3461 1114; baseline 0.004 -21"><span class='ocrx_word' id='word_1_181' title='bbox 1877 1030 2162 1094; x_wconf 86' lang='lat' dir='ltr'><strong>mirabitur</strong></span> <span class='ocrx_word' id='word_1_182' title='bbox 2177 1040 2230 1093; x_wconf 91' lang='lat' dir='ltr'><strong>in</strong></span> <span class='ocrx_word' id='word_1_183' title='bbox 2248 1039 2451 1108; x_wconf 87' lang='lat' dir='ltr'><strong>judicio</strong></span> <span class='ocrx_word' id='word_1_184' title='bbox 2469 1056 2627 1112; x_wconf 80' lang='lat' dir='ltr'><strong>aquae</strong></span> <span class='ocrx_word' id='word_1_185' title='bbox 2652 1040 2858 1114; x_wconf 64' lang='lat' dir='ltr'><strong>frigida:</strong></span> <span class='ocrx_word' id='word_1_186' title='bbox 2881 1043 3199 1099; x_wconf 78' lang='lat' dir='ltr'><strong>innocentes</strong></span> <span class='ocrx_word' id='word_1_187' title='bbox 3226 1044 3295 1097; x_wconf 90' lang='lat' dir='ltr'><strong>ab</strong></span> <span class='ocrx_word' id='word_1_188' title='bbox 3317 1057 3461 1112; x_wconf 81' lang='lat' dir='ltr'><strong>aqua</strong></span> 
     </span>
    </p>
   </div>
   <div class='ocr_carea' id='block_1_26' title="bbox 1878 1128 3463 1202">
    <p class='ocr_par' dir='ltr' id='par_1_26' title="bbox 1878 1128 3463 1202">
     <span class='ocr_line' id='line_1_26' title="bbox 1878 1128 3463 1202; baseline 0.003 -20"><span class='ocrx_word' id='word_1_189' title='bbox 1878 1128 2064 1198; x_wconf 90' lang='lat' dir='ltr'><strong>recipi,</strong></span> <span class='ocrx_word' id='word_1_190' title='bbox 2097 1139 2356 1185; x_wconf 86' lang='lat' dir='ltr'><strong>nocentes</strong></span> <span class='ocrx_word' id='word_1_191' title='bbox 2382 1141 2563 1186; x_wconf 90' lang='lat' dir='ltr'><strong>autem</strong></span> <span class='ocrx_word' id='word_1_192' title='bbox 2590 1147 2695 1186; x_wconf 89' lang='lat' dir='ltr'><strong>non</strong></span> <span class='ocrx_word' id='word_1_193' title='bbox 2729 1132 2898 1201; x_wconf 90' lang='lat' dir='ltr'><strong>recipi</strong></span> <span class='ocrx_word' id='word_1_194' title='bbox 2926 1147 2941 1186; x_wconf 88' lang='lat'><strong>:</strong></span> <span class='ocrx_word' id='word_1_195' title='bbox 2981 1132 3122 1189; x_wconf 88' lang='lat' dir='ltr'><strong>sicut</strong></span> <span class='ocrx_word' id='word_1_196' title='bbox 3151 1140 3209 1187; x_wconf 89' lang='lat' dir='ltr'><strong>et</strong></span> <span class='ocrx_word' id='word_1_197' title='bbox 3237 1132 3291 1186; x_wconf 91' lang='lat' dir='ltr'><strong>in</strong></span> <span class='ocrx_word' id='word_1_198' title='bbox 3320 1146 3463 1202; x_wconf 83' lang='lat' dir='ltr'><strong>aqua</strong></span> 
     </span>
    </p>
   </div>
   <div class='ocr_carea' id='block_1_27' title="bbox 1877 1219 3505 1291">
    <p class='ocr_par' dir='ltr' id='par_1_27' title="bbox 1877 1219 3505 1291">
     <span class='ocr_line' id='line_1_27' title="bbox 1877 1219 3505 1291; baseline 0.004 -19"><span class='ocrx_word' id='word_1_199' title='bbox 1877 1219 2052 1275; x_wconf 87' lang='lat' dir='ltr'><strong>calida</strong></span> <span class='ocrx_word' id='word_1_200' title='bbox 2096 1230 2399 1291; x_wconf 90' lang='lat' dir='ltr'><strong>coquuntur</strong></span> <span class='ocrx_word' id='word_1_201' title='bbox 2452 1223 2642 1290; x_wconf 79' lang='lat' dir='ltr'><strong>noxii,</strong></span> <span class='ocrx_word' id='word_1_202' title='bbox 2681 1223 2888 1278; x_wconf 78' lang='lat' dir='ltr'><strong>innoxii</strong></span> <span class='ocrx_word' id='word_1_203' title='bbox 2938 1239 3070 1280; x_wconf 89' lang='lat' dir='ltr'><strong>vero</strong></span> <span class='ocrx_word' id='word_1_204' title='bbox 3114 1233 3505 1281; x_wconf 84' lang='lat' dir='ltr'><strong>reservantur-</strong></span> 
     </span>
    </p>
   </div>
   <div class='ocr_carea' id='block_1_28' title="bbox 1880 1306 3465 1383">
    <p class='ocr_par' dir='ltr' id='par_1_28' title="bbox 1880 1306 3465 1383">
     <span class='ocr_line' id='line_1_28' title="bbox 1880 1306 3465 1383; baseline 0.003 -17"><span class='ocrx_word' id='word_1_205' title='bbox 1880 1310 2097 1383; x_wconf 80' lang='lat' dir='ltr'><strong>incocti.</strong></span> <span class='ocrx_word' id='word_1_206' title='bbox 2135 1306 2271 1379; x_wconf 83' lang='lat' dir='ltr'><strong>Quia</strong></span> <span class='ocrx_word' id='word_1_207' title='bbox 2300 1321 2365 1367; x_wconf 87' lang='lat' dir='ltr'><strong>et</strong></span> <span class='ocrx_word' id='word_1_208' title='bbox 2399 1311 2669 1379; x_wconf 86' lang='lat' dir='ltr'><strong>Christus,</strong></span> <span class='ocrx_word' id='word_1_209' title='bbox 2699 1314 2939 1370; x_wconf 61' lang='lat' dir='ltr'><strong>caelestis</strong></span> <span class='ocrx_word' id='word_1_210' title='bbox 2964 1315 3229 1371; x_wconf 90' lang='lat' dir='ltr'><strong>medicina</strong></span> <span class='ocrx_word' id='word_1_211' title='bbox 3259 1314 3465 1379; x_wconf 85' lang='lat' dir='ltr'><strong>Patris,</strong></span> 
     </span>
    </p>
   </div>
   <div class='ocr_carea' id='block_1_29' title="bbox 1877 1404 3466 1471">
    <p class='ocr_par' dir='ltr' id='par_1_29' title="bbox 1877 1404 3466 1471">
     <span class='ocr_line' id='line_1_29' title="bbox 1877 1404 3466 1471; baseline 0.005 -15"><span class='ocrx_word' id='word_1_212' title='bbox 1877 1418 2043 1457; x_wconf 89' lang='lat' dir='ltr'><strong>verus</strong></span> <span class='ocrx_word' id='word_1_213' title='bbox 2088 1404 2341 1459; x_wconf 72' lang='lat' dir='ltr'><strong>humanm</strong></span> <span class='ocrx_word' id='word_1_214' title='bbox 2387 1405 2629 1460; x_wconf 84' lang='lat' dir='ltr'><strong>medicus</strong></span> <span class='ocrx_word' id='word_1_215' title='bbox 2675 1405 2885 1471; x_wconf 88' lang='lat' dir='ltr'><strong>salutis,</strong></span> <span class='ocrx_word' id='word_1_216' title='bbox 2940 1406 3221 1463; x_wconf 89' lang='lat' dir='ltr'><strong>invocatus</strong></span> <span class='ocrx_word' id='word_1_217' title='bbox 3265 1423 3295 1462; x_wconf 90' lang='lat' dir='ltr'><strong>a</strong></span> <span class='ocrx_word' id='word_1_218' title='bbox 3351 1408 3466 1465; x_wconf 83' lang='lat' dir='ltr'><strong>suis</strong></span> 
     </span>
    </p>
   </div>
   <div class='ocr_carea' id='block_1_30' title="bbox 1879 1490 3465 1568">
    <p class='ocr_par' dir='ltr' id='par_1_30' title="bbox 1879 1490 3465 1568">
     <span class='ocr_line' id='line_1_30' title="bbox 1879 1490 3465 1568; baseline 0.006 -22"><span class='ocrx_word' id='word_1_219' title='bbox 1879 1490 2153 1557; x_wconf 84' lang='lat' dir='ltr'><strong>fidelibus,</strong></span> <span class='ocrx_word' id='word_1_220' title='bbox 2182 1502 2244 1548; x_wconf 90' lang='lat' dir='ltr'><strong>ut</strong></span> <span class='ocrx_word' id='word_1_221' title='bbox 2268 1503 2323 1547; x_wconf 90' lang='lat' dir='ltr'><strong>et</strong></span> <span class='ocrx_word' id='word_1_222' title='bbox 2352 1495 2546 1550; x_wconf 90' lang='lat' dir='ltr'><strong>medici</strong></span> <span class='ocrx_word' id='word_1_223' title='bbox 2576 1496 2756 1551; x_wconf 83' lang='lat' dir='ltr'><strong>carnis</strong></span> <span class='ocrx_word' id='word_1_224' title='bbox 2792 1496 2909 1567; x_wconf 89' lang='lat' dir='ltr'><strong>ipso</strong></span> <span class='ocrx_word' id='word_1_225' title='bbox 2935 1497 3236 1568; x_wconf 83' lang='lat' dir='ltr'><strong>inspirante</strong></span> <span class='ocrx_word' id='word_1_226' title='bbox 3266 1499 3465 1565; x_wconf 81' lang='lat' dir='ltr'><strong>solent,</strong></span> 
     </span>
    </p>
   </div>
   <div class='ocr_carea' id='block_1_31' title="bbox 1879 1583 3467 1660">
    <p class='ocr_par' dir='ltr' id='par_1_31' title="bbox 1879 1583 3467 1660">
     <span class='ocr_line' id='line_1_31' title="bbox 1879 1583 3467 1660; baseline 0.006 -24"><span class='ocrx_word' id='word_1_227' title='bbox 1879 1583 2157 1638; x_wconf 88' lang='lat' dir='ltr'><strong>contraria</strong></span> <span class='ocrx_word' id='word_1_228' title='bbox 2186 1586 2502 1650; x_wconf 89' lang='lat' dir='ltr'><strong>contrariis,</strong></span> <span class='ocrx_word' id='word_1_229' title='bbox 2529 1585 2713 1641; x_wconf 87' lang='lat' dir='ltr'><strong>calida&#39;</strong></span> <span class='ocrx_word' id='word_1_230' title='bbox 2752 1584 2982 1658; x_wconf 87' lang='lat' dir='ltr'><strong>frigidis,</strong></span> <span class='ocrx_word' id='word_1_231' title='bbox 3028 1588 3225 1660; x_wconf 86' lang='lat' dir='ltr'><strong>frigida</strong></span> <span class='ocrx_word' id='word_1_232' title='bbox 3270 1589 3467 1645; x_wconf 75' lang='lat' dir='ltr'><strong>calidis</strong></span> 
     </span>
    </p>
   </div>
   <div class='ocr_carea' id='block_1_32' title="bbox 1881 1675 3464 1750">
    <p class='ocr_par' dir='ltr' id='par_1_32' title="bbox 1881 1675 3464 1750">
     <span class='ocr_line' id='line_1_32' title="bbox 1881 1675 3464 1750; baseline 0.005 -21"><span class='ocrx_word' id='word_1_233' title='bbox 1881 1684 2056 1729; x_wconf 84' lang='lat' dir='ltr'><strong>curat.</strong></span> <span class='ocrx_word' id='word_1_234' title='bbox 2085 1675 2153 1730; x_wconf 87' lang='lat' dir='ltr'><strong>Et</strong></span> <span class='ocrx_word' id='word_1_235' title='bbox 2186 1675 2241 1730; x_wconf 93' lang='lat' dir='ltr'><strong>in</strong></span> <span class='ocrx_word' id='word_1_236' title='bbox 2272 1678 2440 1733; x_wconf 83' lang='lat' dir='ltr'><strong>veteri</strong></span> <span class='ocrx_word' id='word_1_237' title='bbox 2472 1677 2735 1743; x_wconf 87' lang='lat' dir='ltr'><strong>Ecclesia,</strong></span> <span class='ocrx_word' id='word_1_238' title='bbox 2784 1695 2907 1750; x_wconf 67' lang='lat' dir='ltr'><strong>quae</strong></span> <span class='ocrx_word' id='word_1_239' title='bbox 2954 1691 3181 1737; x_wconf 81' lang='lat' dir='ltr'><strong>vocatur</strong></span> <span class='ocrx_word' id='word_1_240' title='bbox 3209 1681 3464 1737; x_wconf 86' lang='lat' dir='ltr'><strong>usitatius</strong></span> 
     </span>
    </p>
   </div>
   <div class='ocr_carea' id='block_1_33' title="bbox 189 1761 3467 1845">
    <p class='ocr_par' dir='ltr' id='par_1_33' title="bbox 189 1761 3467 1845">
     <span class='ocr_line' id='line_1_33' title="bbox 189 1761 3467 1845; baseline 0.002 -15"><span class='ocrx_word' id='word_1_241' title='bbox 189 1775 431 1830; x_wconf 78' lang='lat' dir='ltr'><strong>maculat</strong></span> <span class='ocrx_word' id='word_1_242' title='bbox 454 1776 653 1841; x_wconf 84' lang='lat' dir='ltr'><strong>malus,</strong></span> <span class='ocrx_word' id='word_1_243' title='bbox 676 1777 720 1833; x_wconf 88' lang='lat' dir='ltr'><strong>si</strong></span> <span class='ocrx_word' id='word_1_244' title='bbox 743 1792 851 1831; x_wconf 90' lang='lat' dir='ltr'><strong>non</strong></span> <span class='ocrx_word' id='word_1_245' title='bbox 877 1777 1208 1841; x_wconf 84' lang='lat' dir='ltr'><strong>consentias,</strong></span> <span class='ocrx_word' id='word_1_246' title='bbox 1241 1784 1296 1831; x_wconf 89' lang='lat' dir='ltr'><strong>et</strong></span> <span class='ocrx_word' id='word_1_247' title='bbox 1329 1775 1373 1830; x_wconf 90' lang='lat' dir='ltr'><strong>si</strong></span> <span class='ocrx_word' id='word_1_248' title='bbox 1407 1775 1719 1845; x_wconf 85' lang='lat' dir='ltr'><strong>redarguas.</strong></span> <span class='ocrx_word' id='word_1_249' title='bbox 1754 1793 1772 1826; x_wconf 74' lang='grc' dir='ltr'><strong>ι</strong></span> <span class='ocrx_word' id='word_1_250' title='bbox 1808 1769 1856 1830; x_wconf 86' lang='lat' dir='ltr'><strong>B</strong></span> <span class='ocrx_word' id='word_1_251' title='bbox 1885 1761 2194 1835; x_wconf 69' lang='lat' dir='ltr'><strong>synagoga,</strong></span> <span class='ocrx_word' id='word_1_252' title='bbox 2220 1764 2287 1819; x_wconf 74' lang='lat' dir='ltr'><strong>de</strong></span> <span class='ocrx_word' id='word_1_253' title='bbox 2334 1766 2495 1821; x_wconf 69' lang='lat' dir='ltr'><strong>“nilis</strong></span> <span class='ocrx_word' id='word_1_254' title='bbox 2525 1766 2873 1838; x_wconf 72' lang='lat' dir='ltr'><strong>eiusdemque</strong></span> <span class='ocrx_word' id='word_1_255' title='bbox 2921 1768 3204 1825; x_wconf 63' lang='lat' dir='ltr'><strong>seditionis</strong></span> <span class='ocrx_word' id='word_1_256' title='bbox 3230 1769 3467 1827; x_wconf 71' lang='lat' dir='ltr'><strong>homini-</strong></span> 
     </span>
    </p>
   </div>
   <div class='ocr_carea' id='block_1_34' title="bbox 185 1864 1779 1938">
    <p class='ocr_par' dir='ltr' id='par_1_34' title="bbox 185 1864 1779 1938">
     <span class='ocr_line' id='line_1_34' title="bbox 185 1864 1779 1938; baseline -0.001 -18"><span class='ocrx_word' id='word_1_257' title='bbox 185 1864 359 1938; x_wconf 83' lang='lat' dir='ltr'><strong>lgitur</strong></span> <span class='ocrx_word' id='word_1_258' title='bbox 414 1867 718 1937; x_wconf 83' lang='lat' dir='ltr'><strong>arguendus</strong></span> <span class='ocrx_word' id='word_1_259' title='bbox 763 1876 848 1921; x_wconf 89' lang='lat' dir='ltr'><strong>est</strong></span> <span class='ocrx_word' id='word_1_260' title='bbox 883 1876 1157 1937; x_wconf 86' lang='lat' dir='ltr'><strong>peccator,</strong></span> <span class='ocrx_word' id='word_1_261' title='bbox 1214 1873 1271 1921; x_wconf 88' lang='lat' dir='ltr'><strong>ct</strong></span> <span class='ocrx_word' id='word_1_262' title='bbox 1316 1865 1362 1921; x_wconf 89' lang='lat' dir='ltr'><strong>si</strong></span> <span class='ocrx_word' id='word_1_263' title='bbox 1403 1866 1683 1936; x_wconf 76' lang='lat' dir='ltr'><strong>negaverit</strong></span> <span class='ocrx_word' id='word_1_264' title='bbox 1725 1872 1779 1919; x_wconf 87' lang='lat' dir='ltr'><strong>et</strong></span> 
     </span>
    </p>
   </div>
   <div class='ocr_carea' id='block_1_35' title="bbox 187 1956 1778 2028">
    <p class='ocr_par' dir='ltr' id='par_1_35' title="bbox 187 1956 1778 2028">
     <span class='ocr_line' id='line_1_35' title="bbox 187 1956 1778 2028; baseline -0.001 -17"><span class='ocrx_word' id='word_1_265' title='bbox 187 1958 379 2012; x_wconf 82' lang='lat' dir='ltr'><strong>ordine</strong></span> <span class='ocrx_word' id='word_1_266' title='bbox 398 1957 691 2027; x_wconf 89' lang='lat' dir='ltr'><strong>judiciario</strong></span> <span class='ocrx_word' id='word_1_267' title='bbox 720 1958 1065 2028; x_wconf 78' lang='lat' dir='ltr'><strong>comprobari</strong></span> <span class='ocrx_word' id='word_1_268' title='bbox 1095 1972 1202 2013; x_wconf 89' lang='lat' dir='ltr'><strong>non</strong></span> <span class='ocrx_word' id='word_1_269' title='bbox 1240 1956 1461 2027; x_wconf 90' lang='lat' dir='ltr'><strong>poterit,</strong></span> <span class='ocrx_word' id='word_1_270' title='bbox 1495 1956 1778 2011; x_wconf 84' lang='lat' dir='ltr'><strong>examine-</strong></span> 
     </span>
    </p>
   </div>
   <div class='ocr_carea' id='block_1_36' title="bbox 190 2045 1779 2119">
    <p class='ocr_par' dir='ltr' id='par_1_36' title="bbox 190 2045 1779 2119">
     <span class='ocr_line' id='line_1_36' title="bbox 190 2045 1779 2119; baseline -0.001 -17"><span class='ocrx_word' id='word_1_271' title='bbox 190 2058 297 2111; x_wconf 76' lang='lat' dir='ltr'><strong>tur,</strong></span> <span class='ocrx_word' id='word_1_272' title='bbox 322 2058 381 2101; x_wconf 88' lang='lat' dir='ltr'><strong>ut</strong></span> <span class='ocrx_word' id='word_1_273' title='bbox 407 2050 667 2119; x_wconf 81' lang='lat' dir='ltr'><strong>probatus</strong></span> <span class='ocrx_word' id='word_1_274' title='bbox 694 2050 1016 2103; x_wconf 78' lang='lat' dir='ltr'><strong>manifestus</strong></span> <span class='ocrx_word' id='word_1_275' title='bbox 1041 2047 1158 2112; x_wconf 76' lang='lat' dir='ltr'><strong>fiat,</strong></span> <span class='ocrx_word' id='word_1_276' title='bbox 1182 2057 1239 2104; x_wconf 91' lang='lat' dir='ltr'><strong>et</strong></span> <span class='ocrx_word' id='word_1_277' title='bbox 1265 2049 1588 2117; x_wconf 88' lang='lat' dir='ltr'><strong>reprobatus</strong></span> <span class='ocrx_word' id='word_1_278' title='bbox 1606 2045 1779 2101; x_wconf 83' lang='lat' dir='ltr'><strong>latere</strong></span> 
     </span>
    </p>
   </div>
   <div class='ocr_carea' id='block_1_37' title="bbox 188 2137 1778 2209">
    <p class='ocr_par' dir='ltr' id='par_1_37' title="bbox 188 2137 1778 2209">
     <span class='ocr_line' id='line_1_37' title="bbox 188 2137 1778 2209; baseline -0.001 -16"><span class='ocrx_word' id='word_1_279' title='bbox 188 2154 295 2193; x_wconf 89' lang='lat' dir='ltr'><strong>non</strong></span> <span class='ocrx_word' id='word_1_280' title='bbox 318 2138 510 2208; x_wconf 82' lang='lat' dir='ltr'><strong>possit.</strong></span> <span class='ocrx_word' id='word_1_281' title='bbox 541 2138 925 2209; x_wconf 85' lang='lat' dir='ltr'><strong>Deprehensus</strong></span> <span class='ocrx_word' id='word_1_282' title='bbox 950 2148 1131 2194; x_wconf 88' lang='lat' dir='ltr'><strong>autem</strong></span> <span class='ocrx_word' id='word_1_283' title='bbox 1160 2137 1484 2193; x_wconf 71' lang='lat' dir='ltr'><strong>confiteatur</strong></span> <span class='ocrx_word' id='word_1_284' title='bbox 1508 2147 1563 2191; x_wconf 88' lang='lat' dir='ltr'><strong>et</strong></span> <span class='ocrx_word' id='word_1_285' title='bbox 1602 2138 1778 2208; x_wconf 66' lang='lat' dir='ltr'><strong>[ueni-</strong></span> 
     </span>
    </p>
   </div>
   <div class='ocr_carea' id='block_1_38' title="bbox 189 2228 1777 2299">
    <p class='ocr_par' dir='ltr' id='par_1_38' title="bbox 189 2228 1777 2299">
     <span class='ocr_line' id='line_1_38' title="bbox 189 2228 1777 2299; baseline -0.002 -15"><span class='ocrx_word' id='word_1_286' title='bbox 189 2237 324 2290; x_wconf 64' lang='lat' dir='ltr'><strong>teat,</strong></span> <span class='ocrx_word' id='word_1_287' title='bbox 352 2238 409 2284; x_wconf 89' lang='lat' dir='ltr'><strong>et</strong></span> <span class='ocrx_word' id='word_1_288' title='bbox 435 2244 540 2283; x_wconf 88' lang='lat' dir='ltr'><strong>non</strong></span> <span class='ocrx_word' id='word_1_289' title='bbox 571 2229 843 2285; x_wconf 82' lang='lat' dir='ltr'><strong>tenebitur</strong></span> <span class='ocrx_word' id='word_1_290' title='bbox 865 2228 992 2283; x_wconf 91' lang='lat' dir='ltr'><strong>fune</strong></span> <span class='ocrx_word' id='word_1_291' title='bbox 1019 2236 1369 2299; x_wconf 86' lang='lat' dir='ltr'><strong>peccatorum</strong></span> <span class='ocrx_word' id='word_1_292' title='bbox 1394 2242 1641 2293; x_wconf 87' lang='lat' dir='ltr'><strong>suorum,</strong></span> <span class='ocrx_word' id='word_1_293' title='bbox 1669 2241 1777 2296; x_wconf 91' lang='lat' dir='ltr'><strong>quo</strong></span> 
     </span>
    </p>
   </div>
   <div class='ocr_carea' id='block_1_39' title="bbox 185 2319 1779 2393">
    <p class='ocr_par' dir='ltr' id='par_1_39' title="bbox 185 2319 1779 2393">
     <span class='ocr_line' id='line_1_39' title="bbox 185 2319 1779 2393; baseline -0.003 -16"><span class='ocrx_word' id='word_1_294' title='bbox 185 2331 272 2377; x_wconf 86' lang='lat' dir='ltr'><strong>est</strong></span> <span class='ocrx_word' id='word_1_295' title='bbox 296 2322 556 2392; x_wconf 84' lang='lat' dir='ltr'><strong>illigatus,</strong></span> <span class='ocrx_word' id='word_1_296' title='bbox 588 2332 645 2376; x_wconf 90' lang='lat' dir='ltr'><strong>ut</strong></span> <span class='ocrx_word' id='word_1_297' title='bbox 676 2337 783 2377; x_wconf 90' lang='lat' dir='ltr'><strong>non</strong></span> <span class='ocrx_word' id='word_1_298' title='bbox 816 2329 1099 2393; x_wconf 82' lang='lat' dir='ltr'><strong>mergatur</strong></span> <span class='ocrx_word' id='word_1_299' title='bbox 1124 2330 1180 2376; x_wconf 89' lang='lat' dir='ltr'><strong>ct</strong></span> <span class='ocrx_word' id='word_1_300' title='bbox 1225 2321 1436 2375; x_wconf 77' lang='lat' dir='ltr'><strong>lavetur</strong></span> <span class='ocrx_word' id='word_1_301' title='bbox 1461 2335 1600 2389; x_wconf 87' lang='lat' dir='ltr'><strong>aqua</strong></span> <span class='ocrx_word' id='word_1_302' title='bbox 1633 2319 1779 2373; x_wconf 88' lang='lat' dir='ltr'><strong>salu-</strong></span> 
     </span>
    </p>
   </div>
   <div class='ocr_carea' id='block_1_40' title="bbox 186 2407 1777 2485">
    <p class='ocr_par' dir='ltr' id='par_1_40' title="bbox 186 2407 1777 2485">
     <span class='ocr_line' id='line_1_40' title="bbox 186 2407 1777 2485; baseline -0.001 -18"><span class='ocrx_word' id='word_1_303' title='bbox 186 2414 290 2470; x_wconf 84' lang='lat' dir='ltr'><strong>tari</strong></span> <span class='ocrx_word' id='word_1_304' title='bbox 327 2413 546 2482; x_wconf 87' lang='lat' dir='ltr'><strong>perfusa</strong></span> <span class='ocrx_word' id='word_1_305' title='bbox 573 2408 857 2485; x_wconf 42' lang='lat' dir='ltr'><strong>laerymis,’</strong></span> <span class='ocrx_word' id='word_1_306' title='bbox 882 2412 1292 2482; x_wconf 87' lang='lat' dir='ltr'><strong>etdimergatur</strong></span> <span class='ocrx_word' id='word_1_307' title='bbox 1324 2419 1379 2465; x_wconf 92' lang='lat' dir='ltr'><strong>ut</strong></span> <span class='ocrx_word' id='word_1_308' title='bbox 1409 2407 1675 2482; x_wconf 62' lang='lat' dir='ltr'><strong>)Egyptii,</strong></span> <span class='ocrx_word' id='word_1_309' title='bbox 1721 2417 1777 2465; x_wconf 90' lang='lat' dir='ltr'><strong>ct</strong></span> 
     </span>
    </p>
   </div>
   <div class='ocr_carea' id='block_1_41' title="bbox 183 2501 1778 2576">
    <p class='ocr_par' dir='ltr' id='par_1_41' title="bbox 183 2501 1778 2576">
     <span class='ocr_line' id='line_1_41' title="bbox 183 2501 1778 2576; baseline 0.001 -20"><span class='ocrx_word' id='word_1_310' title='bbox 183 2507 279 2575; x_wconf 86' lang='lat' dir='ltr'><strong>qui</strong></span> <span class='ocrx_word' id='word_1_311' title='bbox 327 2505 567 2576; x_wconf 89' lang='lat' dir='ltr'><strong>corrupti</strong></span> <span class='ocrx_word' id='word_1_312' title='bbox 615 2514 776 2560; x_wconf 85' lang='lat' dir='ltr'><strong>erant</strong></span> <span class='ocrx_word' id='word_1_313' title='bbox 812 2504 1019 2561; x_wconf 88' lang='lat' dir='ltr'><strong>carnali</strong></span> <span class='ocrx_word' id='word_1_314' title='bbox 1066 2504 1414 2576; x_wconf 88' lang='lat' dir='ltr'><strong>corruptione</strong></span> <span class='ocrx_word' id='word_1_315' title='bbox 1459 2518 1643 2558; x_wconf 89' lang='lat' dir='ltr'><strong>coram</strong></span> <span class='ocrx_word' id='word_1_316' title='bbox 1676 2501 1778 2557; x_wconf 88' lang='lat' dir='ltr'><strong>Do—</strong></span> 
     </span>
    </p>
   </div>
   <div class='ocr_carea' id='block_1_42' title="bbox 185 2593 1776 2666">
    <p class='ocr_par' dir='ltr' id='par_1_42' title="bbox 185 2593 1776 2666">
     <span class='ocr_line' id='line_1_42' title="bbox 185 2593 1776 2666; baseline -0.002 -16"><span class='ocrx_word' id='word_1_317' title='bbox 185 2597 360 2661; x_wconf 87' lang='lat' dir='ltr'><strong>mino,</strong></span> <span class='ocrx_word' id='word_1_318' title='bbox 397 2597 537 2651; x_wconf 86' lang='lat' dir='ltr'><strong>sicut</strong></span> <span class='ocrx_word' id='word_1_319' title='bbox 588 2595 871 2666; x_wconf 87' lang='lat' dir='ltr'><strong>plumbum</strong></span> <span class='ocrx_word' id='word_1_320' title='bbox 924 2596 976 2649; x_wconf 92' lang='lat' dir='ltr'><strong>in</strong></span> <span class='ocrx_word' id='word_1_321' title='bbox 1029 2594 1186 2665; x_wconf 87' lang='lat' dir='ltr'><strong>aquis</strong></span> <span class='ocrx_word' id='word_1_322' title='bbox 1240 2593 1669 2656; x_wconf 73' lang='lat' dir='ltr'><strong>vehementibus,</strong></span> <span class='ocrx_word' id='word_1_323' title='bbox 1720 2599 1776 2647; x_wconf 84' lang='lat' dir='ltr'><strong>et</strong></span> 
     </span>
    </p>
   </div>
   <div class='ocr_carea' id='block_1_43' title="bbox 184 2684 1773 2758">
    <p class='ocr_par' dir='ltr' id='par_1_43' title="bbox 184 2684 1773 2758">
     <span class='ocr_line' id='line_1_43' title="bbox 184 2684 1773 2758; baseline -0.004 -14"><span class='ocrx_word' id='word_1_324' title='bbox 184 2689 488 2744; x_wconf 86' lang='lat' dir='ltr'><strong>secundum</strong></span> <span class='ocrx_word' id='word_1_325' title='bbox 528 2690 846 2758; x_wconf 84' lang='lat' dir='ltr'><strong>prophetam</strong></span> <span class='ocrx_word' id='word_1_326' title='bbox 881 2706 894 2741; x_wconf 88' lang='lat'><strong>:</strong></span> <span class='ocrx_word' id='word_1_327' title='bbox 931 2684 1305 2757; x_wconf 77' lang='lat' dir='ltr'><strong>Projiciantur</strong></span> <span class='ocrx_word' id='word_1_328' title='bbox 1333 2686 1637 2756; x_wconf 81' lang='lat' dir='ltr'><strong>iniquitates</strong></span> <span class='ocrx_word' id='word_1_329' title='bbox 1658 2686 1773 2755; x_wconf 66' lang='lat' dir='ltr'><strong>ejus</strong></span> 
     </span>
    </p>
   </div>
   <div class='ocr_carea' id='block_1_44' title="bbox 179 2776 1773 2850">
    <p class='ocr_par' dir='ltr' id='par_1_44' title="bbox 179 2776 1773 2850">
     <span class='ocr_line' id='line_1_44' title="bbox 179 2776 1773 2850; baseline -0.002 -19"><span class='ocrx_word' id='word_1_330' title='bbox 179 2779 239 2831; x_wconf 80' lang='lat' dir='ltr'><strong>in</strong></span> <span class='ocrx_word' id='word_1_331' title='bbox 270 2779 594 2849; x_wconf 78' lang='lat' dir='ltr'><strong>profundum</strong></span> <span class='ocrx_word' id='word_1_332' title='bbox 628 2780 789 2833; x_wconf 79' lang='lat' dir='ltr'><strong>maris</strong></span> <span class='ocrx_word' id='word_1_333' title='bbox 817 2777 1005 2850; x_wconf 74' lang='lat' dir='ltr'><strong>(Micli.</strong></span> <span class='ocrx_word' id='word_1_334' title='bbox 1040 2794 1136 2844; x_wconf 83' lang='lat' dir='ltr'><strong>vn,</strong></span> <span class='ocrx_word' id='word_1_335' title='bbox 1172 2776 1284 2847; x_wconf 83' lang='grc'><strong>19),</strong></span> <span class='ocrx_word' id='word_1_336' title='bbox 1312 2776 1437 2845; x_wconf 88' lang='lat' dir='ltr'><strong>quia</strong></span> <span class='ocrx_word' id='word_1_337' title='bbox 1467 2784 1626 2830; x_wconf 88' lang='lat' dir='ltr'><strong>antea</strong></span> <span class='ocrx_word' id='word_1_338' title='bbox 1648 2789 1773 2831; x_wconf 88' lang='lat' dir='ltr'><strong>cum</strong></span> 
     </span>
    </p>
   </div>
   <div class='ocr_carea' id='block_1_45' title="bbox 180 2866 1771 2941">
    <p class='ocr_par' dir='ltr' id='par_1_45' title="bbox 180 2866 1771 2941">
     <span class='ocr_line' id='line_1_45' title="bbox 180 2866 1771 2941; baseline -0.003 -17"><span class='ocrx_word' id='word_1_339' title='bbox 180 2869 476 2925; x_wconf 85' lang='lat' dir='ltr'><strong>mendacio</strong></span> <span class='ocrx_word' id='word_1_340' title='bbox 519 2866 627 2925; x_wconf 81' lang='lat' dir='ltr'><strong>suo</strong></span> <span class='ocrx_word' id='word_1_341' title='bbox 676 2870 844 2941; x_wconf 81' lang='lat' dir='ltr'><strong>mergi</strong></span> <span class='ocrx_word' id='word_1_342' title='bbox 899 2876 961 2923; x_wconf 91' lang='lat' dir='ltr'><strong>ut</strong></span> <span class='ocrx_word' id='word_1_343' title='bbox 1011 2870 1325 2925; x_wconf 85' lang='lat' dir='ltr'><strong>ablueretur</strong></span> <span class='ocrx_word' id='word_1_344' title='bbox 1374 2883 1482 2924; x_wconf 92' lang='lat' dir='ltr'><strong>non</strong></span> <span class='ocrx_word' id='word_1_345' title='bbox 1535 2873 1771 2938; x_wconf 86' lang='lat' dir='ltr'><strong>poterat,</strong></span> 
     </span>
    </p>
   </div>
   <div class='ocr_carea' id='block_1_46' title="bbox 183 2959 1768 3032">
    <p class='ocr_par' dir='ltr' id='par_1_46' title="bbox 183 2959 1768 3032">
     <span class='ocr_line' id='line_1_46' title="bbox 183 2959 1768 3032; baseline 0 -17"><span class='ocrx_word' id='word_1_346' title='bbox 183 2962 364 3016; x_wconf 84' lang='lat' dir='ltr'><strong>donec</strong></span> <span class='ocrx_word' id='word_1_347' title='bbox 392 2962 736 3018; x_wconf 80' lang='lat' dir='ltr'><strong>confessione</strong></span> <span class='ocrx_word' id='word_1_348' title='bbox 761 2978 790 3017; x_wconf 89' lang='lat' dir='ltr'><strong>a</strong></span> <span class='ocrx_word' id='word_1_349' title='bbox 819 2976 878 3017; x_wconf 86' lang='lat' dir='ltr'><strong>se</strong></span> <span class='ocrx_word' id='word_1_350' title='bbox 920 2961 1049 3016; x_wconf 88' lang='lat' dir='ltr'><strong>illud</strong></span> <span class='ocrx_word' id='word_1_351' title='bbox 1091 2964 1142 3016; x_wconf 89' lang='lat' dir='ltr'><strong>in</strong></span> <span class='ocrx_word' id='word_1_352' title='bbox 1176 2960 1497 3032; x_wconf 88' lang='lat' dir='ltr'><strong>profundum</strong></span> <span class='ocrx_word' id='word_1_353' title='bbox 1537 2959 1768 3031; x_wconf 86' lang='lat' dir='ltr'><strong>projice-</strong></span> 
     </span>
    </p>
   </div>
   <div class='ocr_carea' id='block_1_47' title="bbox 184 3050 1772 3122">
    <p class='ocr_par' dir='ltr' id='par_1_47' title="bbox 184 3050 1772 3122">
     <span class='ocr_line' id='line_1_47' title="bbox 184 3050 1772 3122; baseline 0 -17"><span class='ocrx_word' id='word_1_354' title='bbox 184 3060 297 3115; x_wconf 86' lang='lat' dir='ltr'><strong>ret,</strong></span> <span class='ocrx_word' id='word_1_355' title='bbox 344 3060 403 3107; x_wconf 89' lang='lat' dir='ltr'><strong>et</strong></span> <span class='ocrx_word' id='word_1_356' title='bbox 442 3052 658 3106; x_wconf 85' lang='lat' dir='ltr'><strong>ablutus</strong></span> <span class='ocrx_word' id='word_1_357' title='bbox 705 3060 1031 3121; x_wconf 85' lang='lat' dir='ltr'><strong>emergeret,</strong></span> <span class='ocrx_word' id='word_1_358' title='bbox 1085 3052 1175 3122; x_wconf 89' lang='lat' dir='ltr'><strong>qui</strong></span> <span class='ocrx_word' id='word_1_359' title='bbox 1208 3060 1332 3106; x_wconf 89' lang='lat' dir='ltr'><strong>ante</strong></span> <span class='ocrx_word' id='word_1_360' title='bbox 1379 3050 1772 3106; x_wconf 79' lang='lat' dir='ltr'><strong>confessionem</strong></span> 
     </span>
    </p>
   </div>
   <div class='ocr_carea' id='block_1_48' title="bbox 1868 1855 3466 1932">
    <p class='ocr_par' dir='ltr' id='par_1_48' title="bbox 1868 1855 3466 1932">
     <span class='ocr_line' id='line_1_48' title="bbox 1868 1855 3466 1932; baseline 0.006 -24"><span class='ocrx_word' id='word_1_361' title='bbox 1868 1855 2003 1924; x_wconf 36' lang='lat' dir='ltr'><strong>&#39;bus,</strong></span> <span class='ocrx_word' id='word_1_362' title='bbox 2057 1855 2320 1924; x_wconf 89' lang='lat' dir='ltr'><strong>quosdam</strong></span> <span class='ocrx_word' id='word_1_363' title='bbox 2386 1865 2529 1911; x_wconf 90' lang='lat' dir='ltr'><strong>terra</strong></span> <span class='ocrx_word' id='word_1_364' title='bbox 2580 1858 2866 1929; x_wconf 88' lang='lat' dir='ltr'><strong>absorptos</strong></span> <span class='ocrx_word' id='word_1_365' title='bbox 2911 1859 3153 1931; x_wconf 88' lang='lat' dir='ltr'><strong>operuit,</strong></span> <span class='ocrx_word' id='word_1_366' title='bbox 3197 1861 3466 1932; x_wconf 89' lang='lat' dir='ltr'><strong>quosdam</strong></span> 
     </span>
    </p>
   </div>
   <div class='ocr_carea' id='block_1_49' title="bbox 1878 1950 3466 2023">
    <p class='ocr_par' dir='ltr' id='par_1_49' title="bbox 1878 1950 3466 2023">
     <span class='ocr_line' id='line_1_49' title="bbox 1878 1950 3466 2023; baseline 0.006 -24"><span class='ocrx_word' id='word_1_367' title='bbox 1878 1963 2009 2003; x_wconf 76' lang='lat' dir='ltr'><strong>vero</strong></span> <span class='ocrx_word' id='word_1_368' title='bbox 2038 1962 2202 2018; x_wconf 86' lang='lat' dir='ltr'><strong>super</strong></span> <span class='ocrx_word' id='word_1_369' title='bbox 2229 1958 2430 2005; x_wconf 87' lang='lat' dir='ltr'><strong>terram</strong></span> <span class='ocrx_word' id='word_1_370' title='bbox 2458 1952 2593 2006; x_wconf 73' lang='lat' dir='ltr'><strong>edax</strong></span> <span class='ocrx_word' id='word_1_371' title='bbox 2634 1950 2851 2006; x_wconf 85' lang='lat' dir='ltr'><strong>ﬂamma</strong></span> <span class='ocrx_word' id='word_1_372' title='bbox 2893 1954 3230 2023; x_wconf 87' lang='lat' dir='ltr'><strong>consumpsit</strong></span> <span class='ocrx_word' id='word_1_373' title='bbox 3269 1953 3466 2019; x_wconf 85' lang='lat' dir='ltr'><strong>(Num.</strong></span> 
     </span>
    </p>
   </div>
   <div class='ocr_carea' id='block_1_50' title="bbox 1879 2041 3467 2115">
    <p class='ocr_par' dir='ltr' id='par_1_50' title="bbox 1879 2041 3467 2115">
     <span class='ocr_line' id='line_1_50' title="bbox 1879 2041 3467 2115; baseline 0.003 -18"><span class='ocrx_word' id='word_1_374' title='bbox 1879 2056 1991 2105; x_wconf 77' lang='lat' dir='ltr'><strong>xvr,</strong></span> <span class='ocrx_word' id='word_1_375' title='bbox 2041 2041 2111 2096; x_wconf 76' lang='lat'><strong>50</strong></span> <span class='ocrx_word' id='word_1_376' title='bbox 2159 2051 2214 2097; x_wconf 91' lang='lat' dir='ltr'><strong>et</strong></span> <span class='ocrx_word' id='word_1_377' title='bbox 2274 2043 2385 2115; x_wconf 78' lang='lat'><strong>55).</strong></span> <span class='ocrx_word' id='word_1_378' title='bbox 2446 2045 2688 2114; x_wconf 89' lang='lat' dir='ltr'><strong>Dumque</strong></span> <span class='ocrx_word' id='word_1_379' title='bbox 2734 2058 2863 2100; x_wconf 85' lang='lat' dir='ltr'><strong>caro</strong></span> <span class='ocrx_word' id='word_1_380' title='bbox 2905 2045 3125 2100; x_wconf 77' lang='lat' dir='ltr'><strong>innoxia</strong></span> <span class='ocrx_word' id='word_1_381' title='bbox 3166 2044 3467 2102; x_wconf 84' lang='lat' dir='ltr'><strong>Salvatoris</strong></span> 
     </span>
    </p>
   </div>
   <div class='ocr_carea' id='block_1_51' title="bbox 1880 2131 3467 2209">
    <p class='ocr_par' dir='ltr' id='par_1_51' title="bbox 1880 2131 3467 2209">
     <span class='ocr_line' id='line_1_51' title="bbox 1880 2131 3467 2209; baseline 0.005 -25"><span class='ocrx_word' id='word_1_382' title='bbox 1880 2131 2036 2200; x_wconf 88' lang='lat' dir='ltr'><strong>aquis</strong></span> <span class='ocrx_word' id='word_1_383' title='bbox 2117 2132 2437 2203; x_wconf 79' lang='lat' dir='ltr'><strong>frigentibus</strong></span> <span class='ocrx_word' id='word_1_384' title='bbox 2518 2134 2818 2205; x_wconf 89' lang='lat' dir='ltr'><strong>tinguitur,</strong></span> <span class='ocrx_word' id='word_1_385' title='bbox 2890 2136 3135 2207; x_wconf 89' lang='lat' dir='ltr'><strong>opposita</strong></span> <span class='ocrx_word' id='word_1_386' title='bbox 3188 2137 3467 2209; x_wconf 87' lang='lat' dir='ltr'><strong>quondam</strong></span> 
     </span>
    </p>
   </div>
   <div class='ocr_carea' id='block_1_52' title="bbox 1880 2223 3468 2298">
    <p class='ocr_par' dir='ltr' id='par_1_52' title="bbox 1880 2223 3468 2298">
     <span class='ocr_line' id='line_1_52' title="bbox 1880 2223 3468 2298; baseline 0.004 -23"><span class='ocrx_word' id='word_1_387' title='bbox 1880 2223 2060 2276; x_wconf 81' lang='lat' dir='ltr'><strong>noxiis</strong></span> <span class='ocrx_word' id='word_1_388' title='bbox 2094 2225 2366 2294; x_wconf 74' lang='lat' dir='ltr'><strong>romphma</strong></span> <span class='ocrx_word' id='word_1_389' title='bbox 2414 2226 2566 2294; x_wconf 87' lang='lat' dir='ltr'><strong>ignea</strong></span> <span class='ocrx_word' id='word_1_390' title='bbox 2594 2226 2830 2295; x_wconf 86' lang='lat' dir='ltr'><strong>paradisi</strong></span> <span class='ocrx_word' id='word_1_391' title='bbox 2861 2227 3233 2298; x_wconf 81' lang='lat' dir='ltr'><strong>restinguitur.</strong></span> <span class='ocrx_word' id='word_1_392' title='bbox 3269 2227 3374 2282; x_wconf 88' lang='lat' dir='ltr'><strong>Sed</strong></span> <span class='ocrx_word' id='word_1_393' title='bbox 3409 2238 3468 2283; x_wconf 86' lang='lat' dir='ltr'><strong>et</strong></span> 
     </span>
    </p>
   </div>
   <div class='ocr_carea' id='block_1_53' title="bbox 1879 2312 3462 2387">
    <p class='ocr_par' dir='ltr' id='par_1_53' title="bbox 1879 2312 3462 2387">
     <span class='ocr_line' id='line_1_53' title="bbox 1879 2312 3462 2387; baseline 0.003 -21"><span class='ocrx_word' id='word_1_394' title='bbox 1879 2312 2233 2382; x_wconf 76' lang='lat' dir='ltr'><strong>dispositione</strong></span> <span class='ocrx_word' id='word_1_395' title='bbox 2286 2314 2457 2383; x_wconf 89' lang='lat' dir='ltr'><strong>ipsius</strong></span> <span class='ocrx_word' id='word_1_396' title='bbox 2507 2316 2897 2369; x_wconf 89' lang='lat' dir='ltr'><strong>elementorum</strong></span> <span class='ocrx_word' id='word_1_397' title='bbox 2951 2316 3250 2372; x_wconf 90' lang='lat' dir='ltr'><strong>conditoris</strong></span> <span class='ocrx_word' id='word_1_398' title='bbox 3295 2324 3462 2387; x_wconf 85' lang='lat' dir='ltr'><strong>atque</strong></span> 
     </span>
    </p>
   </div>
   <div class='ocr_carea' id='block_1_54' title="bbox 1878 2403 3464 2476">
    <p class='ocr_par' dir='ltr' id='par_1_54' title="bbox 1878 2403 3464 2476">
     <span class='ocr_line' id='line_1_54' title="bbox 1878 2403 3464 2476; baseline 0.004 -20"><span class='ocrx_word' id='word_1_399' title='bbox 1878 2403 2129 2468; x_wconf 90' lang='lat' dir='ltr'><strong>rectoris,</strong></span> <span class='ocrx_word' id='word_1_400' title='bbox 2155 2419 2261 2457; x_wconf 89' lang='lat' dir='ltr'><strong>uno</strong></span> <span class='ocrx_word' id='word_1_401' title='bbox 2288 2404 2591 2474; x_wconf 83' lang='lat' dir='ltr'><strong>eodemque</strong></span> <span class='ocrx_word' id='word_1_402' title='bbox 2630 2404 2743 2460; x_wconf 86' lang='lat' dir='ltr'><strong>sole</strong></span> <span class='ocrx_word' id='word_1_403' title='bbox 2786 2404 2957 2460; x_wconf 90' lang='lat' dir='ltr'><strong>lutum</strong></span> <span class='ocrx_word' id='word_1_404' title='bbox 2993 2406 3300 2476; x_wconf 85' lang='lat' dir='ltr'><strong>stringitur,</strong></span> <span class='ocrx_word' id='word_1_405' title='bbox 3334 2421 3464 2463; x_wconf 82' lang='lat' dir='ltr'><strong>cera</strong></span> 
     </span>
    </p>
   </div>
   <div class='ocr_carea' id='block_1_55' title="bbox 1879 2493 3464 2566">
    <p class='ocr_par' dir='ltr' id='par_1_55' title="bbox 1879 2493 3464 2566">
     <span class='ocr_line' id='line_1_55' title="bbox 1879 2493 3464 2566; baseline 0.004 -19"><span class='ocrx_word' id='word_1_406' title='bbox 1879 2493 2137 2563; x_wconf 87' lang='lat' dir='ltr'><strong>liquatur.</strong></span> <span class='ocrx_word' id='word_1_407' title='bbox 2178 2494 2303 2551; x_wconf 67' lang='lat' dir='ltr'><strong>Haec</strong></span> <span class='ocrx_word' id='word_1_408' title='bbox 2329 2495 2471 2551; x_wconf 85' lang='lat' dir='ltr'><strong>dicta</strong></span> <span class='ocrx_word' id='word_1_409' title='bbox 2516 2496 2646 2561; x_wconf 83' lang='lat' dir='ltr'><strong>sint,</strong></span> <span class='ocrx_word' id='word_1_410' title='bbox 2676 2496 2803 2566; x_wconf 87' lang='lat' dir='ltr'><strong>quia</strong></span> <span class='ocrx_word' id='word_1_411' title='bbox 2847 2496 3173 2553; x_wconf 87' lang='lat' dir='ltr'><strong>elementum</strong></span> <span class='ocrx_word' id='word_1_412' title='bbox 3210 2497 3464 2554; x_wconf 68' lang='lat' dir='ltr'><strong>instabile</strong></span> 
     </span>
    </p>
   </div>
   <div class='ocr_carea' id='block_1_56' title="bbox 1879 2567 3461 2661">
    <p class='ocr_par' dir='ltr' id='par_1_56' title="bbox 1879 2567 3461 2661">
     <span class='ocr_line' id='line_1_56' title="bbox 1879 2567 3461 2661; baseline 0.003 -22"><span class='ocrx_word' id='word_1_413' title='bbox 1879 2584 1933 2639; x_wconf 87' lang='lat' dir='ltr'><strong>in</strong></span> <span class='ocrx_word' id='word_1_414' title='bbox 1964 2586 2278 2657; x_wconf 85' lang='lat' dir='ltr'><strong>mergendo,</strong></span> <span class='ocrx_word' id='word_1_415' title='bbox 2308 2602 2407 2657; x_wconf 91' lang='lat' dir='ltr'><strong>pro</strong></span> <span class='ocrx_word' id='word_1_416' title='bbox 2435 2588 2539 2643; x_wconf 88' lang='lat' dir='ltr'><strong>lide</strong></span> <span class='ocrx_word' id='word_1_417' title='bbox 2559 2589 2921 2655; x_wconf 86' lang='lat' dir='ltr'><strong>credentium,</strong></span> <span class='ocrx_word' id='word_1_418' title='bbox 2951 2589 3214 2659; x_wconf 88' lang='lat' dir='ltr'><strong>quosdam</strong></span> <span class='ocrx_word' id='word_1_419' title='bbox 3242 2567 3461 2661; x_wconf 56' lang='lat' dir='ltr'><strong>recipii.</strong></span> 
     </span>
    </p>
   </div>
   <div class='ocr_carea' id='block_1_57' title="bbox 1876 2675 3465 2748">
    <p class='ocr_par' dir='ltr' id='par_1_57' title="bbox 1876 2675 3465 2748">
     <span class='ocr_line' id='line_1_57' title="bbox 1876 2675 3465 2748; baseline 0.004 -19"><span class='ocrx_word' id='word_1_420' title='bbox 1876 2675 2142 2744; x_wconf 84' lang='lat' dir='ltr'><strong>quosdam</strong></span> <span class='ocrx_word' id='word_1_421' title='bbox 2171 2684 2354 2730; x_wconf 87' lang='lat' dir='ltr'><strong>autem</strong></span> <span class='ocrx_word' id='word_1_422' title='bbox 2375 2690 2481 2731; x_wconf 91' lang='lat' dir='ltr'><strong>non</strong></span> <span class='ocrx_word' id='word_1_423' title='bbox 2511 2677 2704 2748; x_wconf 90' lang='lat' dir='ltr'><strong>recipit</strong></span> <span class='ocrx_word' id='word_1_424' title='bbox 2731 2695 2746 2732; x_wconf 86' lang='lat'><strong>:</strong></span> <span class='ocrx_word' id='word_1_425' title='bbox 2777 2678 2871 2734; x_wconf 83' lang='lat' dir='ltr'><strong>sed</strong></span> <span class='ocrx_word' id='word_1_426' title='bbox 2893 2687 2948 2734; x_wconf 90' lang='lat' dir='ltr'><strong>et</strong></span> <span class='ocrx_word' id='word_1_427' title='bbox 2968 2677 3182 2736; x_wconf 80' lang='lat' dir='ltr'><strong>fervore</strong></span> <span class='ocrx_word' id='word_1_428' title='bbox 3206 2680 3465 2736; x_wconf 84' lang='lat' dir='ltr'><strong>elementi</strong></span> 
     </span>
    </p>
   </div>
   <div class='ocr_carea' id='block_1_58' title="bbox 1876 2764 3468 2840">
    <p class='ocr_par' dir='ltr' id='par_1_58' title="bbox 1876 2764 3468 2840">
     <span class='ocr_line' id='line_1_58' title="bbox 1876 2764 3468 2840; baseline 0.004 -20"><span class='ocrx_word' id='word_1_429' title='bbox 1876 2764 2117 2835; x_wconf 90' lang='lat' dir='ltr'><strong>ejusdem</strong></span> <span class='ocrx_word' id='word_1_430' title='bbox 2179 2767 2400 2838; x_wconf 89' lang='lat' dir='ltr'><strong>quidam</strong></span> <span class='ocrx_word' id='word_1_431' title='bbox 2463 2776 2801 2838; x_wconf 90' lang='lat' dir='ltr'><strong>coquuntur,</strong></span> <span class='ocrx_word' id='word_1_432' title='bbox 2857 2778 2914 2825; x_wconf 90' lang='lat' dir='ltr'><strong>et</strong></span> <span class='ocrx_word' id='word_1_433' title='bbox 2962 2770 3179 2840; x_wconf 88' lang='lat' dir='ltr'><strong>quidam</strong></span> <span class='ocrx_word' id='word_1_434' title='bbox 3230 2771 3468 2827; x_wconf 86' lang='lat' dir='ltr'><strong>evadunt</strong></span> 
     </span>
    </p>
   </div>
   <div class='ocr_carea' id='block_1_59' title="bbox 1876 2858 2098 2915">
    <p class='ocr_par' dir='ltr' id='par_1_59' title="bbox 1876 2858 2098 2915">
     <span class='ocr_line' id='line_1_59' title="bbox 1876 2858 2098 2915; baseline 0 0"><span class='ocrx_word' id='word_1_435' title='bbox 1876 2858 2098 2915; x_wconf 87' lang='lat' dir='ltr'><strong>incocti.</strong></span> 
     </span>
    </p>
   </div>
   <div class='ocr_carea' id='block_1_60' title="bbox 1946 2948 3460 3025">
    <p class='ocr_par' dir='ltr' id='par_1_60' title="bbox 1946 2948 3460 3025">
     <span class='ocr_line' id='line_1_60' title="bbox 1946 2948 3460 3025; baseline 0.001 -20"><span class='ocrx_word' id='word_1_436' title='bbox 1946 2948 2060 3006; x_wconf 87' lang='lat' dir='ltr'><strong>Nec</strong></span> <span class='ocrx_word' id='word_1_437' title='bbox 2080 2952 2515 3022; x_wconf 58' lang='lat' dir='ltr'><strong>praetereundum</strong></span> <span class='ocrx_word' id='word_1_438' title='bbox 2545 2951 2671 3024; x_wconf 83' lang='lat' dir='ltr'><strong>quia</strong></span> <span class='ocrx_word' id='word_1_439' title='bbox 2716 2952 2947 3025; x_wconf 87' lang='lat' dir='ltr'><strong>legimus</strong></span> <span class='ocrx_word' id='word_1_440' title='bbox 2967 2951 3022 3008; x_wconf 84' lang='lat' dir='ltr'><strong>in</strong></span> <span class='ocrx_word' id='word_1_441' title='bbox 3057 2952 3308 3024; x_wconf 89' lang='lat' dir='ltr'><strong>capitulis</strong></span> <span class='ocrx_word' id='word_1_442' title='bbox 3347 2953 3460 3007; x_wconf 83' lang='lat' dir='ltr'><strong>Au-</strong></span> 
     </span>
    </p>
   </div>
   <div class='ocr_carea' id='block_1_61' title="bbox 1875 3043 3464 3118">
    <p class='ocr_par' dir='ltr' id='par_1_61' title="bbox 1875 3043 3464 3118">
     <span class='ocr_line' id='line_1_61' title="bbox 1875 3043 3464 3118; baseline 0.003 -22"><span class='ocrx_word' id='word_1_443' title='bbox 1875 3051 2159 3113; x_wconf 83' lang='lat' dir='ltr'><strong>gustorum</strong></span> <span class='ocrx_word' id='word_1_444' title='bbox 2181 3044 2373 3113; x_wconf 84' lang='lat' dir='ltr'><strong>(addit.</strong></span> <span class='ocrx_word' id='word_1_445' title='bbox 2402 3060 2476 3108; x_wconf 81' lang='lat' dir='ltr'><strong>tv,</strong></span> <span class='ocrx_word' id='word_1_446' title='bbox 2519 3060 2638 3115; x_wconf 88' lang='lat' dir='ltr'><strong>cap.</strong></span> <span class='ocrx_word' id='word_1_447' title='bbox 2668 3044 2771 3115; x_wconf 89' lang='lat'><strong>80)</strong></span> <span class='ocrx_word' id='word_1_448' title='bbox 2808 3043 2976 3101; x_wconf 86' lang='lat' dir='ltr'><strong>fuisse</strong></span> <span class='ocrx_word' id='word_1_449' title='bbox 3004 3046 3230 3101; x_wconf 89' lang='lat' dir='ltr'><strong>vetitum</strong></span> <span class='ocrx_word' id='word_1_450' title='bbox 3251 3044 3464 3118; x_wconf 72' lang='lat' dir='ltr'><strong>frigida:</strong></span> 
     </span>
    </p>
   </div>
   <div class='ocr_carea' id='block_1_62' title="bbox 181 3122 3464 3215">
    <p class='ocr_par' dir='ltr' id='par_1_62' title="bbox 181 3122 3464 3215">
     <span class='ocr_line' id='line_1_62' title="bbox 181 3122 3464 3215; baseline -0.002 -18"><span class='ocrx_word' id='word_1_451' title='bbox 181 3143 329 3197; x_wconf 87' lang='lat' dir='ltr'><strong>sicut</strong></span> <span class='ocrx_word' id='word_1_452' title='bbox 358 3140 562 3197; x_wconf 78' lang='lat' dir='ltr'><strong>ferrum</strong></span> <span class='ocrx_word' id='word_1_453' title='bbox 589 3142 752 3197; x_wconf 88' lang='lat' dir='ltr'><strong>Elisci</strong></span> <span class='ocrx_word' id='word_1_454' title='bbox 777 3141 1127 3212; x_wconf 86' lang='lat' dir='ltr'><strong>premebatur</strong></span> <span class='ocrx_word' id='word_1_455' title='bbox 1146 3156 1285 3210; x_wconf 89' lang='lat' dir='ltr'><strong>aqua</strong></span> <span class='ocrx_word' id='word_1_456' title='bbox 1316 3139 1420 3212; x_wconf 85' lang='lat' dir='ltr'><strong>(IV</strong></span> <span class='ocrx_word' id='word_1_457' title='bbox 1448 3139 1578 3215; x_wconf 61' lang='lat' dir='ltr'><strong>Reg.</strong></span> <span class='ocrx_word' id='word_1_458' title='bbox 1600 3155 1673 3202; x_wconf 84' lang='lat' dir='ltr'><strong>vt,</strong></span> <span class='ocrx_word' id='word_1_459' title='bbox 1693 3140 1769 3211; x_wconf 87' lang='lat'><strong>7),</strong></span> <span class='ocrx_word' id='word_1_460' title='bbox 1801 3122 1846 3184; x_wconf 70' lang='grc' dir='ltr'>ε</span> <span class='ocrx_word' id='word_1_461' title='bbox 1879 3150 2031 3204; x_wconf 77' lang='lat' dir='ltr'><strong>aqum</strong></span> <span class='ocrx_word' id='word_1_462' title='bbox 2068 3133 2331 3203; x_wconf 87' lang='lat' dir='ltr'><strong>judicium</strong></span> <span class='ocrx_word' id='word_1_463' title='bbox 2360 3155 2373 3190; x_wconf 89' lang='lat'><strong>:</strong></span> <span class='ocrx_word' id='word_1_464' title='bbox 2407 3137 2504 3192; x_wconf 75' lang='lat' dir='ltr'><strong>sed</strong></span> <span class='ocrx_word' id='word_1_465' title='bbox 2547 3153 2654 3193; x_wconf 89' lang='lat' dir='ltr'><strong>non</strong></span> <span class='ocrx_word' id='word_1_466' title='bbox 2708 3136 2763 3192; x_wconf 89' lang='lat' dir='ltr'><strong>in</strong></span> <span class='ocrx_word' id='word_1_467' title='bbox 2797 3136 2901 3193; x_wconf 90' lang='lat' dir='ltr'><strong>illis</strong></span> <span class='ocrx_word' id='word_1_468' title='bbox 2925 3136 3297 3210; x_wconf 81' lang='lat' dir='ltr'><strong>synodalibus,</strong></span> <span class='ocrx_word' id='word_1_469' title='bbox 3340 3153 3464 3208; x_wconf 68' lang='lat' dir='ltr'><strong>qua:</strong></span> 
     </span>
    </p>
   </div>
   <div class='ocr_carea' id='block_1_63' title="bbox 179 3230 1777 3305">
    <p class='ocr_par' dir='ltr' id='par_1_63' title="bbox 179 3230 1777 3305">
     <span class='ocr_line' id='line_1_63' title="bbox 179 3230 1777 3305; baseline -0.001 -18"><span class='ocrx_word' id='word_1_470' title='bbox 179 3233 498 3305; x_wconf 85' lang='lat' dir='ltr'><strong>usquedqu</strong></span> <span class='ocrx_word' id='word_1_471' title='bbox 554 3233 621 3288; x_wconf 88' lang='lat' dir='ltr'><strong>ad</strong></span> <span class='ocrx_word' id='word_1_472' title='bbox 654 3232 1048 3288; x_wconf 86' lang='lat' dir='ltr'><strong>confessionem</strong></span> <span class='ocrx_word' id='word_1_473' title='bbox 1082 3231 1250 3287; x_wconf 85' lang='lat' dir='ltr'><strong>divini</strong></span> <span class='ocrx_word' id='word_1_474' title='bbox 1296 3231 1533 3286; x_wconf 90' lang='lat' dir='ltr'><strong>nominis</strong></span> <span class='ocrx_word' id='word_1_475' title='bbox 1563 3230 1629 3284; x_wconf 90' lang='lat' dir='ltr'><strong>ad</strong></span> <span class='ocrx_word' id='word_1_476' title='bbox 1678 3230 1777 3301; x_wconf 86' lang='lat' dir='ltr'><strong>lig-</strong></span> 
     </span>
    </p>
   </div>
   <div class='ocr_carea' id='block_1_64' title="bbox 179 3321 1776 3394">
    <p class='ocr_par' dir='ltr' id='par_1_64' title="bbox 179 3321 1776 3394">
     <span class='ocr_line' id='line_1_64' title="bbox 179 3321 1776 3394; baseline 0.001 -16"><span class='ocrx_word' id='word_1_477' title='bbox 179 3340 315 3378; x_wconf 88' lang='lat' dir='ltr'><strong>num</strong></span> <span class='ocrx_word' id='word_1_478' title='bbox 348 3321 553 3378; x_wconf 87' lang='lat' dir='ltr'><strong>rediit:</strong></span> <span class='ocrx_word' id='word_1_479' title='bbox 584 3323 658 3378; x_wconf 90' lang='lat' dir='ltr'><strong>ita</strong></span> <span class='ocrx_word' id='word_1_480' title='bbox 690 3322 1045 3378; x_wconf 88' lang='lat' dir='ltr'><strong>nihilominus</strong></span> <span class='ocrx_word' id='word_1_481' title='bbox 1068 3336 1273 3394; x_wconf 86' lang='lat' dir='ltr'><strong>negans</strong></span> <span class='ocrx_word' id='word_1_482' title='bbox 1304 3322 1511 3393; x_wconf 88' lang='lat' dir='ltr'><strong>peccati</strong></span> <span class='ocrx_word' id='word_1_483' title='bbox 1536 3323 1776 3392; x_wconf 90' lang='lat' dir='ltr'><strong>pondere</strong></span> 
     </span>
    </p>
   </div>
   <div class='ocr_carea' id='block_1_65' title="bbox 181 3412 1777 3485">
    <p class='ocr_par' dir='ltr' id='par_1_65' title="bbox 181 3412 1777 3485">
     <span class='ocr_line' id='line_1_65' title="bbox 181 3412 1777 3485; baseline 0.001 -17"><span class='ocrx_word' id='word_1_484' title='bbox 181 3413 460 3485; x_wconf 88' lang='lat' dir='ltr'><strong>premitur</strong></span> <span class='ocrx_word' id='word_1_485' title='bbox 495 3414 653 3468; x_wconf 79' lang='lat' dir='ltr'><strong>anxia</strong></span> <span class='ocrx_word' id='word_1_486' title='bbox 682 3412 1035 3479; x_wconf 86' lang='lat' dir='ltr'><strong>conscientia,</strong></span> <span class='ocrx_word' id='word_1_487' title='bbox 1064 3427 1235 3483; x_wconf 88' lang='lat' dir='ltr'><strong>usque</strong></span> <span class='ocrx_word' id='word_1_488' title='bbox 1263 3414 1388 3467; x_wconf 90' lang='lat' dir='ltr'><strong>dum</strong></span> <span class='ocrx_word' id='word_1_489' title='bbox 1418 3413 1777 3484; x_wconf 90' lang='lat' dir='ltr'><strong>pronuntians</strong></span> 
     </span>
    </p>
   </div>
   <div class='ocr_carea' id='block_1_66' title="bbox 180 3502 1779 3575">
    <p class='ocr_par' dir='ltr' id='par_1_66' title="bbox 180 3502 1779 3575">
     <span class='ocr_line' id='line_1_66' title="bbox 180 3502 1779 3575; baseline 0.003 -19"><span class='ocrx_word' id='word_1_490' title='bbox 180 3503 522 3573; x_wconf 84' lang='lat' dir='ltr'><strong>impietatem</strong></span> <span class='ocrx_word' id='word_1_491' title='bbox 551 3503 756 3574; x_wconf 86' lang='lat' dir='ltr'><strong>peccati</strong></span> <span class='ocrx_word' id='word_1_492' title='bbox 779 3504 859 3557; x_wconf 90' lang='lat' dir='ltr'><strong>sui</strong></span> <span class='ocrx_word' id='word_1_493' title='bbox 886 3502 1133 3569; x_wconf 89' lang='lat' dir='ltr'><strong>Domino,</strong></span> <span class='ocrx_word' id='word_1_494' title='bbox 1166 3502 1219 3556; x_wconf 90' lang='lat' dir='ltr'><strong>in</strong></span> <span class='ocrx_word' id='word_1_495' title='bbox 1253 3503 1407 3573; x_wconf 90' lang='lat' dir='ltr'><strong>cujus</strong></span> <span class='ocrx_word' id='word_1_496' title='bbox 1435 3503 1578 3575; x_wconf 84' lang='lat' dir='ltr'><strong>ligno</strong></span> <span class='ocrx_word' id='word_1_497' title='bbox 1599 3504 1779 3560; x_wconf 88' lang='lat' dir='ltr'><strong>crucis</strong></span> 
     </span>
    </p>
   </div>
   <div class='ocr_carea' id='block_1_67' title="bbox 178 3593 1780 3660">
    <p class='ocr_par' dir='ltr' id='par_1_67' title="bbox 178 3593 1780 3660">
     <span class='ocr_line' id='line_1_67' title="bbox 178 3593 1780 3660; baseline 0.002 -12"><span class='ocrx_word' id='word_1_498' title='bbox 178 3594 436 3648; x_wconf 87' lang='lat' dir='ltr'><strong>omnium</strong></span> <span class='ocrx_word' id='word_1_499' title='bbox 499 3594 797 3656; x_wconf 82' lang='lat' dir='ltr'><strong>hominum,</strong></span> <span class='ocrx_word' id='word_1_500' title='bbox 845 3603 907 3649; x_wconf 88' lang='lat' dir='ltr'><strong>ut</strong></span> <span class='ocrx_word' id='word_1_501' title='bbox 959 3593 1093 3648; x_wconf 76' lang='lat' dir='ltr'><strong>dicit</strong></span> <span class='ocrx_word' id='word_1_502' title='bbox 1154 3593 1511 3660; x_wconf 79' lang='lat' dir='ltr'><strong>Ambrosius,</strong></span> <span class='ocrx_word' id='word_1_503' title='bbox 1570 3594 1780 3652; x_wconf 87' lang='lat' dir='ltr'><strong>levatur</strong></span> 
     </span>
    </p>
   </div>
   <div class='ocr_carea' id='block_1_68' title="bbox 180 3680 1777 3752">
    <p class='ocr_par' dir='ltr' id='par_1_68' title="bbox 180 3680 1777 3752">
     <span class='ocr_line' id='line_1_68' title="bbox 180 3680 1777 3752; baseline 0 -14"><span class='ocrx_word' id='word_1_504' title='bbox 180 3683 503 3738; x_wconf 76' lang='lat' dir='ltr'><strong>inﬁrmitas.</strong></span> <span class='ocrx_word' id='word_1_505' title='bbox 533 3681 599 3735; x_wconf 84' lang='lat' dir='ltr'><strong>Et</strong></span> <span class='ocrx_word' id='word_1_506' title='bbox 638 3680 740 3737; x_wconf 76' lang='lat' dir='ltr'><strong>hoc</strong></span> <span class='ocrx_word' id='word_1_507' title='bbox 774 3694 858 3737; x_wconf 82' lang='lat' dir='ltr'><strong>est</strong></span> <span class='ocrx_word' id='word_1_508' title='bbox 886 3682 1164 3742; x_wconf 84' lang='lat' dir='ltr'><strong>diluvium.</strong></span> <span class='ocrx_word' id='word_1_509' title='bbox 1198 3683 1340 3751; x_wconf 86' lang='lat' dir='ltr'><strong>quod</strong></span> <span class='ocrx_word' id='word_1_510' title='bbox 1384 3692 1440 3738; x_wconf 86' lang='lat' dir='ltr'><strong>et</strong></span> <span class='ocrx_word' id='word_1_511' title='bbox 1489 3684 1777 3752; x_wconf 81' lang='lat' dir='ltr'><strong>baptisma,</strong></span> 
     </span>
    </p>
   </div>
   <div class='ocr_carea' id='block_1_69' title="bbox 177 3773 1781 3847">
    <p class='ocr_par' dir='ltr' id='par_1_69' title="bbox 177 3773 1781 3847">
     <span class='ocr_line' id='line_1_69' title="bbox 177 3773 1781 3847; baseline 0.001 -17"><span class='ocrx_word' id='word_1_512' title='bbox 177 3790 296 3847; x_wconf 88' lang='lat' dir='ltr'><strong>quo</strong></span> <span class='ocrx_word' id='word_1_513' title='bbox 329 3782 555 3844; x_wconf 87' lang='lat' dir='ltr'><strong>peccata</strong></span> <span class='ocrx_word' id='word_1_514' title='bbox 584 3775 764 3828; x_wconf 90' lang='lat' dir='ltr'><strong>omnia</strong></span> <span class='ocrx_word' id='word_1_515' title='bbox 790 3773 1086 3834; x_wconf 87' lang='lat' dir='ltr'><strong>diluuntur,</strong></span> <span class='ocrx_word' id='word_1_516' title='bbox 1113 3774 1225 3828; x_wconf 90' lang='lat' dir='ltr'><strong>sola</strong></span> <span class='ocrx_word' id='word_1_517' title='bbox 1251 3773 1382 3842; x_wconf 88' lang='lat' dir='ltr'><strong>justi</strong></span> <span class='ocrx_word' id='word_1_518' title='bbox 1409 3790 1560 3829; x_wconf 90' lang='lat' dir='ltr'><strong>mens</strong></span> <span class='ocrx_word' id='word_1_519' title='bbox 1584 3784 1639 3828; x_wconf 90' lang='lat' dir='ltr'><strong>et</strong></span> <span class='ocrx_word' id='word_1_520' title='bbox 1661 3791 1781 3845; x_wconf 81' lang='lat' dir='ltr'><strong>gra-</strong></span> 
     </span>
    </p>
   </div>
   <div class='ocr_carea' id='block_1_70' title="bbox 184 3852 1781 3934">
    <p class='ocr_par' dir='ltr' id='par_1_70' title="bbox 184 3852 1781 3934">
     <span class='ocr_line' id='line_1_70' title="bbox 184 3852 1781 3934; baseline 0 -15"><span class='ocrx_word' id='word_1_521' title='bbox 184 3866 261 3920; x_wconf 87' lang='lat' dir='ltr'><strong>tia</strong></span> <span class='ocrx_word' id='word_1_522' title='bbox 311 3863 701 3928; x_wconf 87' lang='lat' dir='ltr'><strong>rcsuscitatur,</strong></span> <span class='ocrx_word' id='word_1_523' title='bbox 749 3862 957 3934; x_wconf 73' lang='lat' dir='ltr'><strong>pridem</strong></span> <span class='ocrx_word' id='word_1_524' title='bbox 1004 3862 1200 3932; x_wconf 86' lang='lat' dir='ltr'><strong>quippe</strong></span> <span class='ocrx_word' id='word_1_525' title='bbox 1250 3864 1448 3916; x_wconf 81' lang='lat' dir='ltr'><strong>mortui</strong></span> <span class='ocrx_word' id='word_1_526' title='bbox 1498 3852 1781 3934; x_wconf 84' lang='lat' dir='ltr'><strong>negatione</strong></span> 
     </span>
    </p>
   </div>
   <div class='ocr_carea' id='block_1_71' title="bbox 182 3949 1779 4023">
    <p class='ocr_par' dir='ltr' id='par_1_71' title="bbox 182 3949 1779 4023">
     <span class='ocr_line' id='line_1_71' title="bbox 182 3949 1779 4023; baseline 0.001 -17"><span class='ocrx_word' id='word_1_527' title='bbox 182 3951 453 4023; x_wconf 86' lang='lat' dir='ltr'><strong>peccati.‘</strong></span> <span class='ocrx_word' id='word_1_528' title='bbox 490 3949 661 4019; x_wconf 81' lang='lat' dir='ltr'><strong>Legat</strong></span> <span class='ocrx_word' id='word_1_529' title='bbox 712 3952 939 4006; x_wconf 83' lang='lat' dir='ltr'><strong>devotus</strong></span> <span class='ocrx_word' id='word_1_530' title='bbox 984 3950 1180 4004; x_wconf 88' lang='lat' dir='ltr'><strong>librum</strong></span> <span class='ocrx_word' id='word_1_531' title='bbox 1234 3950 1576 4022; x_wconf 88' lang='lat' dir='ltr'><strong>Dialogorum</strong></span> <span class='ocrx_word' id='word_1_532' title='bbox 1637 3952 1779 4007; x_wconf 87' lang='lat' dir='ltr'><strong>beati</strong></span> 
     </span>
    </p>
   </div>
   <div class='ocr_carea' id='block_1_72' title="bbox 186 4040 1821 4112">
    <p class='ocr_par' dir='ltr' id='par_1_72' title="bbox 186 4040 1821 4112">
     <span class='ocr_line' id='line_1_72' title="bbox 186 4040 1821 4112; baseline -0.001 -15"><span class='ocrx_word' id='word_1_533' title='bbox 186 4040 445 4112; x_wconf 82' lang='lat' dir='ltr'><strong>Gregorii</strong></span> <span class='ocrx_word' id='word_1_534' title='bbox 493 4040 605 4111; x_wconf 88' lang='lat' dir='ltr'><strong>(lib.</strong></span> <span class='ocrx_word' id='word_1_535' title='bbox 660 4057 722 4103; x_wconf 88' lang='grc' dir='ltr'>ιι,</span> <span class='ocrx_word' id='word_1_536' title='bbox 752 4058 869 4112; x_wconf 82' lang='lat' dir='ltr'><strong>cap.</strong></span> <span class='ocrx_word' id='word_1_537' title='bbox 903 4040 995 4105; x_wconf 77' lang='lat'><strong>23,</strong></span> <span class='ocrx_word' id='word_1_538' title='bbox 1037 4041 1124 4106; x_wconf 69' lang='grc'><strong>24,</strong></span> <span class='ocrx_word' id='word_1_539' title='bbox 1158 4040 1211 4106; x_wconf 82' lang='lat'><strong>&#39;5,</strong></span> <span class='ocrx_word' id='word_1_540' title='bbox 1241 4041 1331 4106; x_wconf 73' lang='lat'><strong>28,</strong></span> <span class='ocrx_word' id='word_1_541' title='bbox 1356 4043 1407 4107; x_wconf 89' lang='lat'><strong>7,</strong></span> <span class='ocrx_word' id='word_1_542' title='bbox 1438 4042 1513 4112; x_wconf 83' lang='lat'><strong>6),</strong></span> <span class='ocrx_word' id='word_1_543' title='bbox 1546 4050 1601 4096; x_wconf 91' lang='lat' dir='ltr'><strong>et</strong></span> <span class='ocrx_word' id='word_1_544' title='bbox 1631 4042 1765 4097; x_wconf 55' lang='lat' dir='ltr'><strong>inve.</strong></span> <span class='ocrx_word' id='word_1_545' title='bbox 1818 4048 1821 4051; x_wconf 75' lang='grc'>’</span> 
     </span>
    </p>
   </div>
   <div class='ocr_carea' id='block_1_73' title="bbox 185 4130 1778 4205">
    <p class='ocr_par' dir='ltr' id='par_1_73' title="bbox 185 4130 1778 4205">
     <span class='ocr_line' id='line_1_73' title="bbox 185 4130 1778 4205; baseline 0.001 -16"><span class='ocrx_word' id='word_1_546' title='bbox 185 4134 305 4189; x_wconf 87' lang='lat' dir='ltr'><strong>niet</strong></span> <span class='ocrx_word' id='word_1_547' title='bbox 336 4130 779 4189; x_wconf 78' lang='lat' dir='ltr'><strong>sanctimoniales</strong></span> <span class='ocrx_word' id='word_1_548' title='bbox 806 4148 913 4188; x_wconf 85' lang='lat' dir='ltr'><strong>non</strong></span> <span class='ocrx_word' id='word_1_549' title='bbox 960 4142 1258 4197; x_wconf 88' lang='lat' dir='ltr'><strong>correctas,</strong></span> <span class='ocrx_word' id='word_1_550' title='bbox 1303 4140 1357 4188; x_wconf 91' lang='lat' dir='ltr'><strong>et</strong></span> <span class='ocrx_word' id='word_1_551' title='bbox 1385 4149 1483 4205; x_wconf 91' lang='lat' dir='ltr'><strong>pro</strong></span> <span class='ocrx_word' id='word_1_552' title='bbox 1537 4132 1778 4190; x_wconf 82' lang='lat' dir='ltr'><strong>incorre-</strong></span> 
     </span>
    </p>
   </div>
   <div class='ocr_carea' id='block_1_74' title="bbox 185 4225 1778 4298">
    <p class='ocr_par' dir='ltr' id='par_1_74' title="bbox 185 4225 1778 4298">
     <span class='ocr_line' id='line_1_74' title="bbox 185 4225 1778 4298; baseline 0.001 -18"><span class='ocrx_word' id='word_1_553' title='bbox 185 4225 373 4281; x_wconf 87' lang='lat' dir='ltr'><strong>ctione</strong></span> <span class='ocrx_word' id='word_1_554' title='bbox 402 4239 499 4279; x_wconf 89' lang='lat' dir='ltr'><strong>sua</strong></span> <span class='ocrx_word' id='word_1_555' title='bbox 524 4240 555 4279; x_wconf 89' lang='lat' dir='ltr'><strong>a</strong></span> <span class='ocrx_word' id='word_1_556' title='bbox 579 4235 769 4281; x_wconf 88' lang='lat' dir='ltr'><strong>sancto</strong></span> <span class='ocrx_word' id='word_1_557' title='bbox 789 4226 1084 4281; x_wconf 86' lang='lat' dir='ltr'><strong>Benedicto</strong></span> <span class='ocrx_word' id='word_1_558' title='bbox 1102 4228 1623 4292; x_wconf 77' lang='lat' dir='ltr'><strong>excommunicatas,</strong></span> <span class='ocrx_word' id='word_1_559' title='bbox 1653 4236 1778 4298; x_wconf 89' lang='lat' dir='ltr'><strong>post</strong></span> 
     </span>
    </p>
   </div>
   <div class='ocr_carea' id='block_1_75' title="bbox 181 4318 1778 4391">
    <p class='ocr_par' dir='ltr' id='par_1_75' title="bbox 181 4318 1778 4391">
     <span class='ocr_line' id='line_1_75' title="bbox 181 4318 1778 4391; baseline 0.003 -20"><span class='ocrx_word' id='word_1_560' title='bbox 181 4318 697 4388; x_wconf 78' lang='lat' dir='ltr'><strong>mortem&#39;tempore</strong></span> <span class='ocrx_word' id='word_1_561' title='bbox 723 4318 1121 4374; x_wconf 91' lang='lat' dir='ltr'><strong>communionis</strong></span> <span class='ocrx_word' id='word_1_562' title='bbox 1149 4319 1217 4376; x_wconf 90' lang='lat' dir='ltr'><strong>de</strong></span> <span class='ocrx_word' id='word_1_563' title='bbox 1262 4318 1527 4391; x_wconf 88' lang='lat' dir='ltr'><strong>sepulcris</strong></span> <span class='ocrx_word' id='word_1_564' title='bbox 1569 4320 1638 4375; x_wconf 90' lang='lat' dir='ltr'><strong>ab</strong></span> <span class='ocrx_word' id='word_1_565' title='bbox 1674 4320 1778 4376; x_wconf 88' lang='lat' dir='ltr'><strong>Ec-</strong></span> 
     </span>
    </p>
   </div>
   <div class='ocr_carea' id='block_1_76' title="bbox 180 4406 1777 4482">
    <p class='ocr_par' dir='ltr' id='par_1_76' title="bbox 180 4406 1777 4482">
     <span class='ocr_line' id='line_1_76' title="bbox 180 4406 1777 4482; baseline 0.002 -19"><span class='ocrx_word' id='word_1_566' title='bbox 180 4406 383 4472; x_wconf 85' lang='lat' dir='ltr'><strong>clesia,</strong></span> <span class='ocrx_word' id='word_1_567' title='bbox 408 4409 534 4477; x_wconf 90' lang='lat' dir='ltr'><strong>quia</strong></span> <span class='ocrx_word' id='word_1_568' title='bbox 563 4424 668 4463; x_wconf 90' lang='lat' dir='ltr'><strong>non</strong></span> <span class='ocrx_word' id='word_1_569' title='bbox 694 4407 1187 4474; x_wconf 85' lang='lat' dir='ltr'><strong>communicabant,</strong></span> <span class='ocrx_word' id='word_1_570' title='bbox 1213 4409 1414 4476; x_wconf 84' lang='lat' dir='ltr'><strong>exisse,</strong></span> <span class='ocrx_word' id='word_1_571' title='bbox 1441 4419 1563 4482; x_wconf 88' lang='lat' dir='ltr'><strong>post</strong></span> <span class='ocrx_word' id='word_1_572' title='bbox 1583 4424 1777 4466; x_wconf 88' lang='lat' dir='ltr'><strong>recon-</strong></span> 
     </span>
    </p>
   </div>
   <div class='ocr_carea' id='block_1_77' title="bbox 1878 3229 3461 3303">
    <p class='ocr_par' dir='ltr' id='par_1_77' title="bbox 1878 3229 3461 3303">
     <span class='ocr_line' id='line_1_77' title="bbox 1878 3229 3461 3303; baseline 0.001 -18"><span class='ocrx_word' id='word_1_573' title='bbox 1878 3230 1946 3285; x_wconf 87' lang='lat' dir='ltr'><strong>de</strong></span> <span class='ocrx_word' id='word_1_574' title='bbox 1974 3231 2139 3286; x_wconf 88' lang='lat' dir='ltr'><strong>certis</strong></span> <span class='ocrx_word' id='word_1_575' title='bbox 2162 3231 2470 3301; x_wconf 77' lang='lat' dir='ltr'><strong>acccpimus</strong></span> <span class='ocrx_word' id='word_1_576' title='bbox 2514 3231 2757 3303; x_wconf 87' lang='lat' dir='ltr'><strong>synodis.</strong></span> <span class='ocrx_word' id='word_1_577' title='bbox 2814 3229 2991 3298; x_wconf 83' lang='lat' dir='ltr'><strong>Quod,</strong></span> <span class='ocrx_word' id='word_1_578' title='bbox 3020 3240 3080 3286; x_wconf 88' lang='lat' dir='ltr'><strong>ut</strong></span> <span class='ocrx_word' id='word_1_579' title='bbox 3126 3230 3346 3301; x_wconf 77' lang='lat' dir='ltr'><strong>quidam</strong></span> <span class='ocrx_word' id='word_1_580' title='bbox 3376 3230 3461 3287; x_wconf 86' lang='lat' dir='ltr'><strong>in-</strong></span> 
     </span>
    </p>
   </div>
   <div class='ocr_carea' id='block_1_78' title="bbox 1878 3322 3460 3393">
    <p class='ocr_par' dir='ltr' id='par_1_78' title="bbox 1878 3322 3460 3393">
     <span class='ocr_line' id='line_1_78' title="bbox 1878 3322 3460 3393; baseline -0.002 -15"><span class='ocrx_word' id='word_1_581' title='bbox 1878 3323 2022 3378; x_wconf 80' lang='lat' dir='ltr'><strong>sulse</strong></span> <span class='ocrx_word' id='word_1_582' title='bbox 2072 3322 2290 3388; x_wconf 90' lang='lat' dir='ltr'><strong>dicunt,</strong></span> <span class='ocrx_word' id='word_1_583' title='bbox 2336 3332 2621 3393; x_wconf 85' lang='lat' dir='ltr'><strong>propterea</strong></span> <span class='ocrx_word' id='word_1_584' title='bbox 2666 3322 2841 3377; x_wconf 83' lang='lat' dir='ltr'><strong>fuerat</strong></span> <span class='ocrx_word' id='word_1_585' title='bbox 2892 3322 3154 3387; x_wconf 82' lang='lat' dir='ltr'><strong>vetitum,</strong></span> <span class='ocrx_word' id='word_1_586' title='bbox 3205 3322 3460 3393; x_wconf 87' lang='lat' dir='ltr'><strong>quoniam</strong></span> 
     </span>
    </p>
   </div>
   <div class='ocr_carea' id='block_1_79' title="bbox 1877 3412 3468 3485">
    <p class='ocr_par' dir='ltr' id='par_1_79' title="bbox 1877 3412 3468 3485">
     <span class='ocr_line' id='line_1_79' title="bbox 1877 3412 3468 3485; baseline 0.001 -18"><span class='ocrx_word' id='word_1_587' title='bbox 1877 3414 2034 3485; x_wconf 85' lang='lat' dir='ltr'><strong>quasi</strong></span> <span class='ocrx_word' id='word_1_588' title='bbox 2088 3414 2490 3483; x_wconf 85' lang='lat' dir='ltr'><strong>rebaptizatur,</strong></span> <span class='ocrx_word' id='word_1_589' title='bbox 2543 3414 2634 3484; x_wconf 88' lang='lat' dir='ltr'><strong>qui</strong></span> <span class='ocrx_word' id='word_1_590' title='bbox 2683 3414 2737 3468; x_wconf 91' lang='lat' dir='ltr'><strong>in</strong></span> <span class='ocrx_word' id='word_1_591' title='bbox 2786 3413 3005 3469; x_wconf 88' lang='lat' dir='ltr'><strong>nomine</strong></span> <span class='ocrx_word' id='word_1_592' title='bbox 3046 3412 3261 3468; x_wconf 88' lang='lat' dir='ltr'><strong>Domini</strong></span> <span class='ocrx_word' id='word_1_593' title='bbox 3307 3413 3468 3482; x_wconf 87' lang='lat' dir='ltr'><strong>aquis</strong></span> 
     </span>
    </p>
   </div>
   <div class='ocr_carea' id='block_1_80' title="bbox 1876 3504 3465 3576">
    <p class='ocr_par' dir='ltr' id='par_1_80' title="bbox 1876 3504 3465 3576">
     <span class='ocr_line' id='line_1_80' title="bbox 1876 3504 3465 3576; baseline -0.001 -15"><span class='ocrx_word' id='word_1_594' title='bbox 1876 3505 2238 3576; x_wconf 83' lang='lat' dir='ltr'><strong>immergitur.</strong></span> <span class='ocrx_word' id='word_1_595' title='bbox 2282 3504 2390 3559; x_wconf 87' lang='lat' dir='ltr'><strong>Sed</strong></span> <span class='ocrx_word' id='word_1_596' title='bbox 2441 3506 2545 3561; x_wconf 86' lang='lat' dir='ltr'><strong>hoc</strong></span> <span class='ocrx_word' id='word_1_597' title='bbox 2586 3505 2783 3560; x_wconf 90' lang='lat' dir='ltr'><strong>ibidem</strong></span> <span class='ocrx_word' id='word_1_598' title='bbox 2819 3506 3081 3575; x_wconf 87' lang='lat' dir='ltr'><strong>scriptum</strong></span> <span class='ocrx_word' id='word_1_599' title='bbox 3118 3516 3465 3574; x_wconf 86' lang='lat' dir='ltr'><strong>nequaquam</strong></span> 
     </span>
    </p>
   </div>
   <div class='ocr_carea' id='block_1_81' title="bbox 1877 3596 3463 3671">
    <p class='ocr_par' dir='ltr' id='par_1_81' title="bbox 1877 3596 3463 3671">
     <span class='ocr_line' id='line_1_81' title="bbox 1877 3596 3463 3671; baseline -0.004 -15"><span class='ocrx_word' id='word_1_600' title='bbox 1877 3599 2199 3671; x_wconf 87' lang='lat' dir='ltr'><strong>reperimus.</strong></span> <span class='ocrx_word' id='word_1_601' title='bbox 2248 3598 2359 3652; x_wconf 84' lang='lat' dir='ltr'><strong>Nec</strong></span> <span class='ocrx_word' id='word_1_602' title='bbox 2403 3612 2506 3652; x_wconf 90' lang='lat' dir='ltr'><strong>nos</strong></span> <span class='ocrx_word' id='word_1_603' title='bbox 2549 3597 2712 3650; x_wconf 90' lang='lat' dir='ltr'><strong>etiam</strong></span> <span class='ocrx_word' id='word_1_604' title='bbox 2757 3596 3070 3664; x_wconf 86' lang='lat' dir='ltr'><strong>ignoramus</strong></span> <span class='ocrx_word' id='word_1_605' title='bbox 3119 3596 3241 3665; x_wconf 85' lang='lat' dir='ltr'><strong>quia</strong></span> <span class='ocrx_word' id='word_1_606' title='bbox 3271 3597 3463 3651; x_wconf 86' lang='lat' dir='ltr'><strong>beatus</strong></span> 
     </span>
    </p>
   </div>
   <div class='ocr_carea' id='block_1_82' title="bbox 1877 3683 3463 3757">
    <p class='ocr_par' dir='ltr' id='par_1_82' title="bbox 1877 3683 3463 3757">
     <span class='ocr_line' id='line_1_82' title="bbox 1877 3683 3463 3757; baseline -0.004 -13"><span class='ocrx_word' id='word_1_607' title='bbox 1877 3689 2198 3744; x_wconf 81' lang='lat' dir='ltr'><strong>Ambrosius</strong></span> <span class='ocrx_word' id='word_1_608' title='bbox 2244 3687 2396 3757; x_wconf 90' lang='lat' dir='ltr'><strong>plura</strong></span> <span class='ocrx_word' id='word_1_609' title='bbox 2437 3686 2566 3739; x_wconf 89' lang='lat' dir='ltr'><strong>dicit</strong></span> <span class='ocrx_word' id='word_1_610' title='bbox 2613 3685 2954 3753; x_wconf 86' lang='lat' dir='ltr'><strong>haptismata,</strong></span> <span class='ocrx_word' id='word_1_611' title='bbox 2987 3683 3038 3736; x_wconf 88' lang='lat' dir='ltr'><strong>id</strong></span> <span class='ocrx_word' id='word_1_612' title='bbox 3067 3692 3151 3739; x_wconf 89' lang='lat' dir='ltr'><strong>est</strong></span> <span class='ocrx_word' id='word_1_613' title='bbox 3183 3683 3335 3754; x_wconf 86' lang='lat' dir='ltr'><strong>plura</strong></span> <span class='ocrx_word' id='word_1_614' title='bbox 3365 3685 3463 3738; x_wconf 85' lang='lat' dir='ltr'><strong>ba-</strong></span> 
     </span>
    </p>
   </div>
   <div class='ocr_carea' id='block_1_83' title="bbox 1878 3772 3458 3849">
    <p class='ocr_par' dir='ltr' id='par_1_83' title="bbox 1878 3772 3458 3849">
     <span class='ocr_line' id='line_1_83' title="bbox 1878 3772 3458 3849; baseline -0.003 -17"><span class='ocrx_word' id='word_1_615' title='bbox 1878 3778 2154 3849; x_wconf 86' lang='lat' dir='ltr'><strong>ptismatis</strong></span> <span class='ocrx_word' id='word_1_616' title='bbox 2183 3779 2408 3833; x_wconf 85' lang='lat' dir='ltr'><strong>adnotat</strong></span> <span class='ocrx_word' id='word_1_617' title='bbox 2431 3774 2723 3845; x_wconf 73' lang='lat' dir='ltr'><strong>pra-conia.</strong></span> <span class='ocrx_word' id='word_1_618' title='bbox 2767 3774 2833 3828; x_wconf 80' lang='lat' dir='ltr'><strong>Et</strong></span> <span class='ocrx_word' id='word_1_619' title='bbox 2859 3773 3000 3828; x_wconf 87' lang='lat' dir='ltr'><strong>sacri</strong></span> <span class='ocrx_word' id='word_1_620' title='bbox 3029 3787 3266 3828; x_wconf 88' lang='lat' dir='ltr'><strong>canones</strong></span> <span class='ocrx_word' id='word_1_621' title='bbox 3298 3772 3458 3828; x_wconf 88' lang='lat' dir='ltr'><strong>reba-</strong></span> 
     </span>
    </p>
   </div>
   <div class='ocr_carea' id='block_1_84' title="bbox 1879 3852 3461 3941">
    <p class='ocr_par' dir='ltr' id='par_1_84' title="bbox 1879 3852 3461 3941">
     <span class='ocr_line' id='line_1_84' title="bbox 1879 3852 3461 3941; baseline -0.002 -16"><span class='ocrx_word' id='word_1_622' title='bbox 1879 3870 2201 3941; x_wconf 84' lang='lat' dir='ltr'><strong>ptizationes</strong></span> <span class='ocrx_word' id='word_1_623' title='bbox 2218 3869 2469 3923; x_wconf 88' lang='lat' dir='ltr'><strong>omnibus</strong></span> <span class='ocrx_word' id='word_1_624' title='bbox 2484 3878 2541 3920; x_wconf 87' lang='lat' dir='ltr'><strong>ut</strong></span> <span class='ocrx_word' id='word_1_625' title='bbox 2558 3865 2790 3921; x_wconf 68' lang='lat' dir='ltr'><strong>vitandae</strong></span> <span class='ocrx_word' id='word_1_626' title='bbox 2813 3874 2940 3922; x_wconf 89' lang='lat' dir='ltr'><strong>sunt</strong></span> <span class='ocrx_word' id='word_1_627' title='bbox 2957 3864 3275 3935; x_wconf 84' lang='lat' dir='ltr'><strong>prohibent:</strong></span> <span class='ocrx_word' id='word_1_628' title='bbox 3300 3852 3461 3922; x_wconf 79' lang='lat' dir='ltr'><strong>nemo</strong></span> 
     </span>
    </p>
   </div>
   <div class='ocr_carea' id='block_1_85' title="bbox 1881 3942 3475 4033">
    <p class='ocr_par' dir='ltr' id='par_1_85' title="bbox 1881 3942 3475 4033">
     <span class='ocr_line' id='line_1_85' title="bbox 1881 3942 3475 4033; baseline -0.003 -16"><span class='ocrx_word' id='word_1_629' title='bbox 1881 3974 2058 4018; x_wconf 82' lang='lat' dir='ltr'><strong>tamen</strong></span> <span class='ocrx_word' id='word_1_630' title='bbox 2086 3970 2169 4019; x_wconf 87' lang='lat' dir='ltr'><strong>est</strong></span> <span class='ocrx_word' id='word_1_631' title='bbox 2198 3976 2336 4033; x_wconf 87' lang='lat' dir='ltr'><strong>pene</strong></span> <span class='ocrx_word' id='word_1_632' title='bbox 2385 3959 2639 4021; x_wconf 82' lang='lat' dir='ltr'><strong>fidelium,</strong></span> <span class='ocrx_word' id='word_1_633' title='bbox 2697 3960 2789 4028; x_wconf 91' lang='lat' dir='ltr'><strong>qui</strong></span> <span class='ocrx_word' id='word_1_634' title='bbox 2821 3974 2880 4015; x_wconf 90' lang='lat' dir='ltr'><strong>se</strong></span> <span class='ocrx_word' id='word_1_635' title='bbox 2924 3959 3041 4014; x_wconf 88' lang='lat' dir='ltr'><strong>sine</strong></span> <span class='ocrx_word' id='word_1_636' title='bbox 3070 3957 3249 4015; x_wconf 91' lang='lat' dir='ltr'><strong>crucis</strong></span> <span class='ocrx_word' id='word_1_637' title='bbox 3278 3942 3475 4031; x_wconf 34' lang='lat' dir='ltr'><strong>signa;</strong></span> 
     </span>
    </p>
   </div>
   <div class='ocr_carea' id='block_1_86' title="bbox 1878 4046 3462 4122">
    <p class='ocr_par' dir='ltr' id='par_1_86' title="bbox 1878 4046 3462 4122">
     <span class='ocr_line' id='line_1_86' title="bbox 1878 4046 3462 4122; baseline -0.003 -14"><span class='ocrx_word' id='word_1_638' title='bbox 1878 4055 1963 4110; x_wconf 79' lang='lat' dir='ltr'><strong>vel</strong></span> <span class='ocrx_word' id='word_1_639' title='bbox 1989 4053 2325 4109; x_wconf 86' lang='lat' dir='ltr'><strong>invocatione</strong></span> <span class='ocrx_word' id='word_1_640' title='bbox 2353 4050 2519 4107; x_wconf 90' lang='lat' dir='ltr'><strong>divini</strong></span> <span class='ocrx_word' id='word_1_641' title='bbox 2544 4049 2780 4106; x_wconf 90' lang='lat' dir='ltr'><strong>nominis</strong></span> <span class='ocrx_word' id='word_1_642' title='bbox 2810 4050 2966 4122; x_wconf 89' lang='lat' dir='ltr'><strong>aquis</strong></span> <span class='ocrx_word' id='word_1_643' title='bbox 2988 4051 3153 4106; x_wconf 89' lang='lat' dir='ltr'><strong>etiam</strong></span> <span class='ocrx_word' id='word_1_644' title='bbox 3182 4050 3248 4106; x_wconf 89' lang='lat' dir='ltr'><strong>ad</strong></span> <span class='ocrx_word' id='word_1_645' title='bbox 3272 4046 3462 4105; x_wconf 83' lang='lat' dir='ltr'><strong>lavan-</strong></span> 
     </span>
    </p>
   </div>
   <div class='ocr_carea' id='block_1_87' title="bbox 1877 4140 3463 4214">
    <p class='ocr_par' dir='ltr' id='par_1_87' title="bbox 1877 4140 3463 4214">
     <span class='ocr_line' id='line_1_87' title="bbox 1877 4140 3463 4214; baseline -0.002 -12"><span class='ocrx_word' id='word_1_646' title='bbox 1877 4146 2005 4202; x_wconf 91' lang='lat' dir='ltr'><strong>dum</strong></span> <span class='ocrx_word' id='word_1_647' title='bbox 2044 4145 2321 4210; x_wconf 87' lang='lat' dir='ltr'><strong>immittat,</strong></span> <span class='ocrx_word' id='word_1_648' title='bbox 2338 4143 2564 4214; x_wconf 86' lang='lat' dir='ltr'><strong>jubente</strong></span> <span class='ocrx_word' id='word_1_649' title='bbox 2580 4141 2840 4212; x_wconf 77' lang='lat' dir='ltr'><strong>Apostolo</strong></span> <span class='ocrx_word' id='word_1_650' title='bbox 2869 4161 2884 4197; x_wconf 88' lang='lat'><strong>:</strong></span> <span class='ocrx_word' id='word_1_651' title='bbox 2910 4140 3104 4198; x_wconf 86' lang='lat' dir='ltr'><strong>Omnia</strong></span> <span class='ocrx_word' id='word_1_652' title='bbox 3127 4144 3386 4214; x_wconf 75' lang='lat' dir='ltr'><strong>agendum</strong></span> <span class='ocrx_word' id='word_1_653' title='bbox 3407 4145 3463 4199; x_wconf 83' lang='lat' dir='ltr'><strong>in</strong></span> 
     </span>
    </p>
   </div>
   <div class='ocr_carea' id='block_1_88' title="bbox 1878 4233 3460 4308">
    <p class='ocr_par' dir='ltr' id='par_1_88' title="bbox 1878 4233 3460 4308">
     <span class='ocr_line' id='line_1_88' title="bbox 1878 4233 3460 4308; baseline 0.001 -18"><span class='ocrx_word' id='word_1_654' title='bbox 1878 4237 2084 4290; x_wconf 84' lang='lat' dir='ltr'><strong>nomine</strong></span> <span class='ocrx_word' id='word_1_655' title='bbox 2109 4234 2326 4289; x_wconf 72' lang='lat' dir='ltr'><strong>Domini</strong></span> <span class='ocrx_word' id='word_1_656' title='bbox 2357 4234 2411 4303; x_wconf 87' lang='grc' dir='ltr'><strong>(Ι</strong></span> <span class='ocrx_word' id='word_1_657' title='bbox 2442 4233 2566 4289; x_wconf 82' lang='lat' dir='ltr'><strong>Cor.</strong></span> <span class='ocrx_word' id='word_1_658' title='bbox 2605 4250 2663 4299; x_wconf 70' lang='grc' dir='ltr'><strong>Χ,</strong></span> <span class='ocrx_word' id='word_1_659' title='bbox 2691 4233 2819 4306; x_wconf 76' lang='lat'><strong>31);</strong></span> <span class='ocrx_word' id='word_1_660' title='bbox 2849 4242 3031 4303; x_wconf 87' lang='lat' dir='ltr'><strong>etnon</strong></span> <span class='ocrx_word' id='word_1_661' title='bbox 3066 4249 3124 4290; x_wconf 90' lang='lat' dir='ltr'><strong>se</strong></span> <span class='ocrx_word' id='word_1_662' title='bbox 3148 4235 3239 4292; x_wconf 90' lang='lat' dir='ltr'><strong>illo</strong></span> <span class='ocrx_word' id='word_1_663' title='bbox 3277 4236 3460 4308; x_wconf 87' lang='lat' dir='ltr'><strong>bapti-</strong></span> 
     </span>
    </p>
   </div>
   <div class='ocr_carea' id='block_1_89' title="bbox 1876 4326 3468 4403">
    <p class='ocr_par' dir='ltr' id='par_1_89' title="bbox 1876 4326 3468 4403">
     <span class='ocr_line' id='line_1_89' title="bbox 1876 4326 3468 4403; baseline 0.003 -20"><span class='ocrx_word' id='word_1_664' title='bbox 1876 4330 1988 4383; x_wconf 80' lang='lat' dir='ltr'><strong>zari</strong></span> <span class='ocrx_word' id='word_1_665' title='bbox 2020 4337 2175 4399; x_wconf 86' lang='lat' dir='ltr'><strong>putat</strong></span> <span class='ocrx_word' id='word_1_666' title='bbox 2215 4326 2544 4397; x_wconf 88' lang='lat' dir='ltr'><strong>baptismate</strong></span> <span class='ocrx_word' id='word_1_667' title='bbox 2576 4342 2684 4398; x_wconf 92' lang='lat' dir='ltr'><strong>quo</strong></span> <span class='ocrx_word' id='word_1_668' title='bbox 2729 4337 2953 4385; x_wconf 88' lang='lat' dir='ltr'><strong>renatus</strong></span> <span class='ocrx_word' id='word_1_669' title='bbox 2999 4338 3085 4385; x_wconf 92' lang='lat' dir='ltr'><strong>est</strong></span> <span class='ocrx_word' id='word_1_670' title='bbox 3125 4344 3191 4385; x_wconf 81' lang='lat' dir='ltr'><strong>ex</strong></span> <span class='ocrx_word' id='word_1_671' title='bbox 3236 4346 3378 4403; x_wconf 88' lang='lat' dir='ltr'><strong>aqua</strong></span> <span class='ocrx_word' id='word_1_672' title='bbox 3410 4341 3468 4387; x_wconf 88' lang='lat' dir='ltr'><strong>et</strong></span> 
     </span>
    </p>
   </div>
   <div class='ocr_carea' id='block_1_90' title="bbox 1879 4416 3463 4491">
    <p class='ocr_par' dir='ltr' id='par_1_90' title="bbox 1879 4416 3463 4491">
     <span class='ocr_line' id='line_1_90' title="bbox 1879 4416 3463 4491; baseline 0 -16"><span class='ocrx_word' id='word_1_673' title='bbox 1879 4420 2094 4491; x_wconf 89' lang='lat' dir='ltr'><strong>spiritu.</strong></span> <span class='ocrx_word' id='word_1_674' title='bbox 2132 4416 2322 4473; x_wconf 84' lang='lat' dir='ltr'><strong>Sermo</strong></span> <span class='ocrx_word' id='word_1_675' title='bbox 2348 4417 2518 4483; x_wconf 89' lang='lat' dir='ltr'><strong>enim,</strong></span> <span class='ocrx_word' id='word_1_676' title='bbox 2548 4425 2605 4472; x_wconf 90' lang='lat' dir='ltr'><strong>et</strong></span> <span class='ocrx_word' id='word_1_677' title='bbox 2632 4431 2768 4489; x_wconf 88' lang='lat' dir='ltr'><strong>opus</strong></span> <span class='ocrx_word' id='word_1_678' title='bbox 2794 4418 2910 4484; x_wconf 89' lang='lat' dir='ltr'><strong>Dei,</strong></span> <span class='ocrx_word' id='word_1_679' title='bbox 2937 4422 3239 4488; x_wconf 87' lang='lat' dir='ltr'><strong>cunctaque</strong></span> <span class='ocrx_word' id='word_1_680' title='bbox 3281 4434 3463 4475; x_wconf 86' lang='lat' dir='ltr'><strong>sacra-</strong></span> 
     </span>
    </p>
   </div>
   <div class='ocr_carea' id='block_1_91' title="bbox 178 4477 3458 4583">
    <p class='ocr_par' dir='ltr' id='par_1_91' title="bbox 178 4477 3458 4583">
     <span class='ocr_line' id='line_1_91' title="bbox 178 4477 3458 4583; baseline 0.005 -30"><span class='ocrx_word' id='word_1_681' title='bbox 178 4497 520 4553; x_wconf 87' lang='lat' dir='ltr'><strong>ciliationem</strong></span> <span class='ocrx_word' id='word_1_682' title='bbox 546 4506 747 4564; x_wconf 90' lang='lat' dir='ltr'><strong>autem,</strong></span> <span class='ocrx_word' id='word_1_683' title='bbox 789 4514 848 4555; x_wconf 88' lang='lat' dir='ltr'><strong>se</strong></span> <span class='ocrx_word' id='word_1_684' title='bbox 880 4498 933 4553; x_wconf 91' lang='lat' dir='ltr'><strong>in</strong></span> <span class='ocrx_word' id='word_1_685' title='bbox 974 4498 1090 4554; x_wconf 89' lang='lat' dir='ltr'><strong>suis</strong></span> <span class='ocrx_word' id='word_1_686' title='bbox 1118 4499 1382 4570; x_wconf 88' lang='lat' dir='ltr'><strong>sepulcris</strong></span> <span class='ocrx_word' id='word_1_687' title='bbox 1414 4503 1768 4571; x_wconf 84' lang='lat' dir='ltr'><strong>continuisse,</strong></span> <span class='ocrx_word' id='word_1_688' title='bbox 1801 4477 1855 4538; x_wconf 77' lang='lat' dir='ltr'><strong>D</strong></span> <span class='ocrx_word' id='word_1_689' title='bbox 1881 4519 2060 4566; x_wconf 87' lang='lat' dir='ltr'><strong>menta</strong></span> <span class='ocrx_word' id='word_1_690' title='bbox 2088 4510 2290 4575; x_wconf 87' lang='lat' dir='ltr'><strong>divina,</strong></span> <span class='ocrx_word' id='word_1_691' title='bbox 2318 4523 2514 4564; x_wconf 88' lang='lat' dir='ltr'><strong>manna</strong></span> <span class='ocrx_word' id='word_1_692' title='bbox 2538 4518 2687 4574; x_wconf 87' lang='lat' dir='ltr'><strong>sunt,</strong></span> <span class='ocrx_word' id='word_1_693' title='bbox 2717 4512 2857 4579; x_wconf 92' lang='lat' dir='ltr'><strong>quod</strong></span> <span class='ocrx_word' id='word_1_694' title='bbox 2882 4511 3023 4568; x_wconf 89' lang='lat' dir='ltr'><strong>sicut</strong></span> <span class='ocrx_word' id='word_1_695' title='bbox 3051 4513 3312 4583; x_wconf 90' lang='lat' dir='ltr'><strong>scriptum</strong></span> <span class='ocrx_word' id='word_1_696' title='bbox 3335 4524 3420 4569; x_wconf 89' lang='lat' dir='ltr'><strong>est</strong></span> <span class='ocrx_word' id='word_1_697' title='bbox 3441 4532 3458 4548; x_wconf 80' lang='grc' dir='ltr'><strong><em>ο</em></strong></span> 
     </span>
    </p>
   </div>
   <div class='ocr_carea' id='block_1_92' title="bbox 177 4587 1768 4662">
    <p class='ocr_par' dir='ltr' id='par_1_92' title="bbox 177 4587 1768 4662">
     <span class='ocr_line' id='line_1_92' title="bbox 177 4587 1768 4662; baseline 0.004 -19"><span class='ocrx_word' id='word_1_698' title='bbox 177 4597 238 4643; x_wconf 81' lang='lat' dir='ltr'><strong>et</strong></span> <span class='ocrx_word' id='word_1_699' title='bbox 263 4587 426 4658; x_wconf 89' lang='lat' dir='ltr'><strong>pueri</strong></span> <span class='ocrx_word' id='word_1_700' title='bbox 455 4590 705 4646; x_wconf 89' lang='lat' dir='ltr'><strong>monachi</strong></span> <span class='ocrx_word' id='word_1_701' title='bbox 728 4603 927 4659; x_wconf 90' lang='lat' dir='ltr'><strong>corpus</strong></span> <span class='ocrx_word' id='word_1_702' title='bbox 948 4605 976 4643; x_wconf 90' lang='lat' dir='ltr'><strong>a</strong></span> <span class='ocrx_word' id='word_1_703' title='bbox 1009 4597 1155 4643; x_wconf 88' lang='lat' dir='ltr'><strong>terra</strong></span> <span class='ocrx_word' id='word_1_704' title='bbox 1179 4589 1347 4645; x_wconf 89' lang='lat' dir='ltr'><strong>teneri</strong></span> <span class='ocrx_word' id='word_1_705' title='bbox 1377 4607 1483 4647; x_wconf 91' lang='lat' dir='ltr'><strong>non</strong></span> <span class='ocrx_word' id='word_1_706' title='bbox 1508 4592 1768 4662; x_wconf 83' lang='lat' dir='ltr'><strong>potuisse,</strong></span> 
     </span>
    </p>
   </div>
   <div class='ocr_carea' id='block_1_93' title="bbox 174 4679 1769 4754">
    <p class='ocr_par' dir='ltr' id='par_1_93' title="bbox 174 4679 1769 4754">
     <span class='ocr_line' id='line_1_93' title="bbox 174 4679 1769 4754; baseline 0.004 -21"><span class='ocrx_word' id='word_1_707' title='bbox 174 4681 310 4751; x_wconf 87' lang='lat' dir='ltr'><strong>quia</strong></span> <span class='ocrx_word' id='word_1_708' title='bbox 342 4679 622 4737; x_wconf 88' lang='lat' dir='ltr'><strong>Benedicti</strong></span> <span class='ocrx_word' id='word_1_709' title='bbox 648 4683 875 4754; x_wconf 86' lang='lat' dir='ltr'><strong>gratiam</strong></span> <span class='ocrx_word' id='word_1_710' title='bbox 900 4696 1004 4735; x_wconf 88' lang='lat' dir='ltr'><strong>non</strong></span> <span class='ocrx_word' id='word_1_711' title='bbox 1035 4682 1297 4746; x_wconf 86' lang='lat' dir='ltr'><strong>habebat,</strong></span> <span class='ocrx_word' id='word_1_712' title='bbox 1335 4690 1388 4736; x_wconf 87' lang='lat' dir='ltr'><strong>et</strong></span> <span class='ocrx_word' id='word_1_713' title='bbox 1414 4698 1510 4738; x_wconf 85' lang='lat' dir='ltr'><strong>vas</strong></span> <span class='ocrx_word' id='word_1_714' title='bbox 1538 4683 1769 4739; x_wconf 83' lang='lat' dir='ltr'><strong>vitreum</strong></span> 
     </span>
    </p>
   </div>
   <div class='ocr_carea' id='block_1_94' title="bbox 172 4771 1774 4846">
    <p class='ocr_par' dir='ltr' id='par_1_94' title="bbox 172 4771 1774 4846">
     <span class='ocr_line' id='line_1_94' title="bbox 172 4771 1774 4846; baseline 0.001 -18"><span class='ocrx_word' id='word_1_715' title='bbox 172 4774 340 4845; x_wconf 87' lang='lat' dir='ltr'><strong>signo</strong></span> <span class='ocrx_word' id='word_1_716' title='bbox 386 4774 569 4828; x_wconf 90' lang='lat' dir='ltr'><strong>crucis</strong></span> <span class='ocrx_word' id='word_1_717' title='bbox 621 4789 720 4846; x_wconf 88' lang='lat' dir='ltr'><strong>per</strong></span> <span class='ocrx_word' id='word_1_718' title='bbox 764 4772 1113 4827; x_wconf 87' lang='lat' dir='ltr'><strong>Benedictum</strong></span> <span class='ocrx_word' id='word_1_719' title='bbox 1161 4771 1307 4827; x_wconf 87' lang='lat' dir='ltr'><strong>edito</strong></span> <span class='ocrx_word' id='word_1_720' title='bbox 1347 4772 1774 4842; x_wconf 80' lang='lat' dir='ltr'><strong>disruptumzet</strong></span> 
     </span>
    </p>
   </div>
   <div class='ocr_carea' id='block_1_95' title="bbox 172 4863 1770 4934">
    <p class='ocr_par' dir='ltr' id='par_1_95' title="bbox 172 4863 1770 4934">
     <span class='ocr_line' id='line_1_95' title="bbox 172 4863 1770 4934; baseline 0 -14"><span class='ocrx_word' id='word_1_721' title='bbox 172 4865 384 4921; x_wconf 87' lang='lat' dir='ltr'><strong>iterum</strong></span> <span class='ocrx_word' id='word_1_722' title='bbox 414 4879 515 4918; x_wconf 85' lang='lat' dir='ltr'><strong>vas</strong></span> <span class='ocrx_word' id='word_1_723' title='bbox 541 4863 772 4920; x_wconf 85' lang='lat' dir='ltr'><strong>vitreum</strong></span> <span class='ocrx_word' id='word_1_724' title='bbox 801 4864 854 4918; x_wconf 90' lang='lat' dir='ltr'><strong>in</strong></span> <span class='ocrx_word' id='word_1_725' title='bbox 886 4863 1074 4933; x_wconf 85' lang='lat' dir='ltr'><strong>ingens</strong></span> <span class='ocrx_word' id='word_1_726' title='bbox 1098 4863 1475 4934; x_wconf 72' lang='lat' dir='ltr'><strong>prmcipitium,</strong></span> <span class='ocrx_word' id='word_1_727' title='bbox 1516 4880 1770 4920; x_wconf 81' lang='lat' dir='ltr'><strong>saxorum</strong></span> 
     </span>
    </p>
   </div>
   <div class='ocr_carea' id='block_1_96' title="bbox 164 4953 1772 5026">
    <p class='ocr_par' dir='ltr' id='par_1_96' title="bbox 164 4953 1772 5026">
     <span class='ocr_line' id='line_1_96' title="bbox 164 4953 1772 5026; baseline 0 -16"><span class='ocrx_word' id='word_1_728' title='bbox 164 4955 425 5012; x_wconf 81' lang='lat' dir='ltr'><strong>molibus</strong></span> <span class='ocrx_word' id='word_1_729' title='bbox 459 4970 761 5026; x_wconf 90' lang='lat' dir='ltr'><strong>aspersum,</strong></span> <span class='ocrx_word' id='word_1_730' title='bbox 783 4954 901 5025; x_wconf 86' lang='lat' dir='ltr'><strong>ejus</strong></span> <span class='ocrx_word' id='word_1_731' title='bbox 922 4953 1168 5021; x_wconf 89' lang='lat' dir='ltr'><strong>jussione</strong></span> <span class='ocrx_word' id='word_1_732' title='bbox 1197 4964 1418 5024; x_wconf 87' lang='lat' dir='ltr'><strong>propter</strong></span> <span class='ocrx_word' id='word_1_733' title='bbox 1461 4953 1772 5010; x_wconf 86' lang='lat' dir='ltr'><strong>inobedien—</strong></span> 
     </span>
    </p>
   </div>
   <div class='ocr_carea' id='block_1_97' title="bbox 173 5042 1769 5116">
    <p class='ocr_par' dir='ltr' id='par_1_97' title="bbox 173 5042 1769 5116">
     <span class='ocr_line' id='line_1_97' title="bbox 173 5042 1769 5116; baseline -0.002 -16"><span class='ocrx_word' id='word_1_734' title='bbox 173 5046 310 5101; x_wconf 89' lang='lat' dir='ltr'><strong>tiam</strong></span> <span class='ocrx_word' id='word_1_735' title='bbox 336 5046 669 5116; x_wconf 86' lang='lat' dir='ltr'><strong>projectum,</strong></span> <span class='ocrx_word' id='word_1_736' title='bbox 712 5054 876 5115; x_wconf 89' lang='lat' dir='ltr'><strong>atque</strong></span> <span class='ocrx_word' id='word_1_737' title='bbox 902 5043 1188 5098; x_wconf 82' lang='lat' dir='ltr'><strong>incolume</strong></span> <span class='ocrx_word' id='word_1_738' title='bbox 1219 5051 1578 5106; x_wconf 81' lang='lat' dir='ltr'><strong>reservatum,</strong></span> <span class='ocrx_word' id='word_1_739' title='bbox 1608 5053 1661 5098; x_wconf 89' lang='lat' dir='ltr'><strong>et</strong></span> <span class='ocrx_word' id='word_1_740' title='bbox 1685 5042 1769 5098; x_wconf 91' lang='lat' dir='ltr'><strong>di-</strong></span> 
     </span>
    </p>
   </div>
   <div class='ocr_carea' id='block_1_98' title="bbox 170 5135 1769 5210">
    <p class='ocr_par' dir='ltr' id='par_1_98' title="bbox 170 5135 1769 5210">
     <span class='ocr_line' id='line_1_98' title="bbox 170 5135 1769 5210; baseline -0.002 -15"><span class='ocrx_word' id='word_1_741' title='bbox 170 5139 459 5210; x_wconf 72' lang='lat' dir='ltr'><strong>scipulum</strong></span> <span class='ocrx_word' id='word_1_742' title='bbox 490 5136 604 5207; x_wconf 89' lang='lat' dir='ltr'><strong>ejus</strong></span> <span class='ocrx_word' id='word_1_743' title='bbox 650 5138 897 5192; x_wconf 81' lang='lat' dir='ltr'><strong>Maurum</strong></span> <span class='ocrx_word' id='word_1_744' title='bbox 935 5151 1099 5207; x_wconf 89' lang='lat' dir='ltr'><strong>super</strong></span> <span class='ocrx_word' id='word_1_745' title='bbox 1146 5137 1318 5191; x_wconf 90' lang='lat' dir='ltr'><strong>undas</strong></span> <span class='ocrx_word' id='word_1_746' title='bbox 1377 5135 1479 5191; x_wconf 89' lang='lat' dir='ltr'><strong>laci</strong></span> <span class='ocrx_word' id='word_1_747' title='bbox 1508 5137 1769 5193; x_wconf 83' lang='lat' dir='ltr'><strong>deambu-</strong></span> 
     </span>
    </p>
   </div>
   <div class='ocr_carea' id='block_1_99' title="bbox 172 5225 1771 5299">
    <p class='ocr_par' dir='ltr' id='par_1_99' title="bbox 172 5225 1771 5299">
     <span class='ocr_line' id='line_1_99' title="bbox 172 5225 1771 5299; baseline -0.001 -14"><span class='ocrx_word' id='word_1_748' title='bbox 172 5231 325 5287; x_wconf 89' lang='lat' dir='ltr'><strong>lasse</strong></span> <span class='ocrx_word' id='word_1_749' title='bbox 360 5248 377 5283; x_wconf 73' lang='grc' dir='ltr'><strong>ε</strong></span> <span class='ocrx_word' id='word_1_750' title='bbox 420 5227 620 5283; x_wconf 85' lang='lat' dir='ltr'><strong>ferrum</strong></span> <span class='ocrx_word' id='word_1_751' title='bbox 647 5239 830 5283; x_wconf 90' lang='lat' dir='ltr'><strong>autem</strong></span> <span class='ocrx_word' id='word_1_752' title='bbox 862 5227 928 5283; x_wconf 88' lang='lat' dir='ltr'><strong>de</strong></span> <span class='ocrx_word' id='word_1_753' title='bbox 956 5226 1223 5299; x_wconf 90' lang='lat' dir='ltr'><strong>profundo</strong></span> <span class='ocrx_word' id='word_1_754' title='bbox 1255 5226 1383 5292; x_wconf 88' lang='lat' dir='ltr'><strong>laci,</strong></span> <span class='ocrx_word' id='word_1_755' title='bbox 1412 5225 1573 5282; x_wconf 80' lang='lat' dir='ltr'><strong>Elisei</strong></span> <span class='ocrx_word' id='word_1_756' title='bbox 1599 5240 1771 5294; x_wconf 89' lang='lat' dir='ltr'><strong>more,</strong></span> 
     </span>
    </p>
   </div>
   <div class='ocr_carea' id='block_1_100' title="bbox 167 5318 1770 5392">
    <p class='ocr_par' dir='ltr' id='par_1_100' title="bbox 167 5318 1770 5392">
     <span class='ocr_line' id='line_1_100' title="bbox 167 5318 1770 5392; baseline -0.002 -12"><span class='ocrx_word' id='word_1_757' title='bbox 167 5320 273 5392; x_wconf 81' lang='lat' dir='ltr'><strong>per</strong></span> <span class='ocrx_word' id='word_1_758' title='bbox 297 5325 486 5392; x_wconf 90' lang='lat' dir='ltr'><strong>ipsum</strong></span> <span class='ocrx_word' id='word_1_759' title='bbox 517 5322 567 5375; x_wconf 93' lang='lat' dir='ltr'><strong>in</strong></span> <span class='ocrx_word' id='word_1_760' title='bbox 590 5320 935 5376; x_wconf 84' lang='lat' dir='ltr'><strong>manubrium</strong></span> <span class='ocrx_word' id='word_1_761' title='bbox 964 5328 1271 5375; x_wconf 88' lang='lat' dir='ltr'><strong>revocatum</strong></span> <span class='ocrx_word' id='word_1_762' title='bbox 1294 5319 1482 5377; x_wconf 77' lang='lat' dir='ltr'><strong>misse.</strong></span> <span class='ocrx_word' id='word_1_763' title='bbox 1516 5318 1576 5392; x_wconf 80' lang='lat' dir='ltr'><strong>Et</strong></span> <span class='ocrx_word' id='word_1_764' title='bbox 1615 5320 1770 5377; x_wconf 86' lang='lat' dir='ltr'><strong>sicuti</strong></span> 
     </span>
    </p>
   </div>
   <div class='ocr_carea' id='block_1_101' title="bbox 1880 4598 3437 4674">
    <p class='ocr_par' dir='ltr' id='par_1_101' title="bbox 1880 4598 3437 4674">
     <span class='ocr_line' id='line_1_101' title="bbox 1880 4598 3437 4674; baseline 0.003 -21"><span class='ocrx_word' id='word_1_765' title='bbox 1880 4599 2081 4653; x_wconf 80' lang='lat' dir='ltr'><strong>Habuit</strong></span> <span class='ocrx_word' id='word_1_766' title='bbox 2107 4615 2259 4653; x_wconf 85' lang='lat' dir='ltr'><strong>omne</strong></span> <span class='ocrx_word' id='word_1_767' title='bbox 2289 4598 2744 4665; x_wconf 81' lang='lat' dir='ltr'><strong>delcctamentum,</strong></span> <span class='ocrx_word' id='word_1_768' title='bbox 2770 4608 2818 4654; x_wconf 83' lang='lat' dir='ltr'><strong>et</strong></span> <span class='ocrx_word' id='word_1_769' title='bbox 2858 4603 3025 4656; x_wconf 83' lang='lat' dir='ltr'><strong>omnis</strong></span> <span class='ocrx_word' id='word_1_770' title='bbox 3055 4603 3260 4674; x_wconf 82' lang='lat' dir='ltr'><strong>saporis</strong></span> <span class='ocrx_word' id='word_1_771' title='bbox 3286 4606 3437 4658; x_wconf 80' lang='lat' dir='ltr'><strong>suari</strong></span> 
     </span>
    </p>
   </div>
   <div class='ocr_carea' id='block_1_102' title="bbox 1878 4687 3460 4762">
    <p class='ocr_par' dir='ltr' id='par_1_102' title="bbox 1878 4687 3460 4762">
     <span class='ocr_line' id='line_1_102' title="bbox 1878 4687 3460 4762; baseline 0.004 -19"><span class='ocrx_word' id='word_1_772' title='bbox 1878 4701 2035 4744; x_wconf 80' lang='lat' dir='ltr'><strong>tatem</strong></span> <span class='ocrx_word' id='word_1_773' title='bbox 2059 4687 2343 4760; x_wconf 78' lang='lat' dir='ltr'><strong>(Sap.xv1,</strong></span> <span class='ocrx_word' id='word_1_774' title='bbox 2371 4688 2454 4760; x_wconf 75' lang='grc'><strong>2),</strong></span> <span class='ocrx_word' id='word_1_775' title='bbox 2482 4690 2731 4760; x_wconf 85' lang='lat' dir='ltr'><strong>quodque</strong></span> <span class='ocrx_word' id='word_1_776' title='bbox 2759 4691 2897 4747; x_wconf 88' lang='lat' dir='ltr'><strong>sicut</strong></span> <span class='ocrx_word' id='word_1_777' title='bbox 2919 4708 3017 4762; x_wconf 90' lang='lat' dir='ltr'><strong>pro</strong></span> <span class='ocrx_word' id='word_1_778' title='bbox 3046 4694 3316 4750; x_wconf 85' lang='lat' dir='ltr'><strong>desiderio</strong></span> <span class='ocrx_word' id='word_1_779' title='bbox 3344 4712 3460 4751; x_wconf 88' lang='lat' dir='ltr'><strong>sus-</strong></span> 
     </span>
    </p>
   </div>
   <div class='ocr_carea' id='block_1_103' title="bbox 1878 4779 3462 4857">
    <p class='ocr_par' dir='ltr' id='par_1_103' title="bbox 1878 4779 3462 4857">
     <span class='ocr_line' id='line_1_103' title="bbox 1878 4779 3462 4857; baseline 0.003 -23"><span class='ocrx_word' id='word_1_780' title='bbox 1878 4780 2192 4849; x_wconf 88' lang='lat' dir='ltr'><strong>cipientium</strong></span> <span class='ocrx_word' id='word_1_781' title='bbox 2219 4781 2488 4850; x_wconf 87' lang='lat' dir='ltr'><strong>quondam</strong></span> <span class='ocrx_word' id='word_1_782' title='bbox 2512 4779 2714 4836; x_wconf 78' lang='lat' dir='ltr'><strong>factum</strong></span> <span class='ocrx_word' id='word_1_783' title='bbox 2745 4791 2831 4837; x_wconf 90' lang='lat' dir='ltr'><strong>est</strong></span> <span class='ocrx_word' id='word_1_784' title='bbox 2867 4785 2920 4839; x_wconf 91' lang='lat' dir='ltr'><strong>in</strong></span> <span class='ocrx_word' id='word_1_785' title='bbox 2952 4799 3199 4855; x_wconf 88' lang='lat' dir='ltr'><strong>saporem</strong></span> <span class='ocrx_word' id='word_1_786' title='bbox 3232 4796 3462 4857; x_wconf 83' lang='lat' dir='ltr'><strong>gustan-</strong></span> 
     </span>
    </p>
   </div>
   <div class='ocr_carea' id='block_1_104' title="bbox 1879 4862 3464 4949">
    <p class='ocr_par' dir='ltr' id='par_1_104' title="bbox 1879 4862 3464 4949">
     <span class='ocr_line' id='line_1_104' title="bbox 1879 4862 3464 4949; baseline 0.003 -26"><span class='ocrx_word' id='word_1_787' title='bbox 1879 4871 2035 4949; x_wconf 80' lang='lat' dir='ltr'><strong>tium,</strong></span> <span class='ocrx_word' id='word_1_788' title='bbox 2080 4871 2153 4923; x_wconf 85' lang='lat' dir='ltr'><strong>ita</strong></span> <span class='ocrx_word' id='word_1_789' title='bbox 2193 4878 2248 4925; x_wconf 89' lang='lat' dir='ltr'><strong>et</strong></span> <span class='ocrx_word' id='word_1_790' title='bbox 2296 4871 2413 4926; x_wconf 60' lang='lat' dir='ltr'><strong>haec</strong></span> <span class='ocrx_word' id='word_1_791' title='bbox 2449 4886 2548 4941; x_wconf 74' lang='lat' dir='ltr'><strong>pro</strong></span> <span class='ocrx_word' id='word_1_792' title='bbox 2578 4862 2876 4928; x_wconf 85' lang='lat' dir='ltr'><strong>devotione</strong></span> <span class='ocrx_word' id='word_1_793' title='bbox 2928 4873 3269 4949; x_wconf 77' lang='lat' dir='ltr'><strong>credentium</strong></span> <span class='ocrx_word' id='word_1_794' title='bbox 3323 4874 3464 4928; x_wconf 82' lang='lat' dir='ltr'><strong>ﬁunt</strong></span> 
     </span>
    </p>
   </div>
   <div class='ocr_carea' id='block_1_105' title="bbox 1877 4944 3462 5022">
    <p class='ocr_par' dir='ltr' id='par_1_105' title="bbox 1877 4944 3462 5022">
     <span class='ocr_line' id='line_1_105' title="bbox 1877 4944 3462 5022; baseline 0.003 -5"><span class='ocrx_word' id='word_1_795' title='bbox 1877 4944 2040 5017; x_wconf 84' lang='lat' dir='ltr'><strong>causa</strong></span> <span class='ocrx_word' id='word_1_796' title='bbox 2070 4962 2469 5018; x_wconf 89' lang='lat' dir='ltr'><strong>ostensionum.</strong></span> <span class='ocrx_word' id='word_1_797' title='bbox 2490 4966 2654 5021; x_wconf 74' lang='lat' dir='ltr'><strong>Velut</strong></span> <span class='ocrx_word' id='word_1_798' title='bbox 2698 4965 3005 5022; x_wconf 88' lang='lat' dir='ltr'><strong>incarnatio</strong></span> <span class='ocrx_word' id='word_1_799' title='bbox 3032 4944 3246 5020; x_wconf 83' lang='lat' dir='ltr'><strong>Domini</strong></span> <span class='ocrx_word' id='word_1_800' title='bbox 3272 4963 3325 5019; x_wconf 81' lang='lat' dir='ltr'><strong>in</strong></span> <span class='ocrx_word' id='word_1_801' title='bbox 3354 4967 3462 5022; x_wconf 83' lang='lat' dir='ltr'><strong>rui-</strong></span> 
     </span>
    </p>
   </div>
   <div class='ocr_carea' id='block_1_106' title="bbox 1877 5040 3459 5123">
    <p class='ocr_par' dir='ltr' id='par_1_106' title="bbox 1877 5040 3459 5123">
     <span class='ocr_line' id='line_1_106' title="bbox 1877 5040 3459 5123; baseline 0.003 -17"><span class='ocrx_word' id='word_1_802' title='bbox 1877 5067 2002 5107; x_wconf 89' lang='lat' dir='ltr'><strong>nam</strong></span> <span class='ocrx_word' id='word_1_803' title='bbox 2034 5060 2091 5108; x_wconf 85' lang='lat' dir='ltr'><strong>et</strong></span> <span class='ocrx_word' id='word_1_804' title='bbox 2131 5040 2586 5111; x_wconf 88' lang='lat' dir='ltr'><strong>resurrectionem</strong></span> <span class='ocrx_word' id='word_1_805' title='bbox 2613 5054 2910 5109; x_wconf 87' lang='lat' dir='ltr'><strong>multorum</strong></span> <span class='ocrx_word' id='word_1_806' title='bbox 2940 5064 3048 5121; x_wconf 85' lang='lat' dir='ltr'><strong>est,</strong></span> <span class='ocrx_word' id='word_1_807' title='bbox 3088 5062 3144 5108; x_wconf 90' lang='lat' dir='ltr'><strong>et</strong></span> <span class='ocrx_word' id='word_1_808' title='bbox 3163 5068 3295 5107; x_wconf 82' lang='lat' dir='ltr'><strong>crux</strong></span> <span class='ocrx_word' id='word_1_809' title='bbox 3318 5054 3459 5123; x_wconf 87' lang='lat' dir='ltr'><strong>ejus,</strong></span> 
     </span>
    </p>
   </div>
   <div class='ocr_carea' id='block_1_107' title="bbox 1874 5142 3462 5219">
    <p class='ocr_par' dir='ltr' id='par_1_107' title="bbox 1874 5142 3462 5219">
     <span class='ocr_line' id='line_1_107' title="bbox 1874 5142 3462 5219; baseline 0.003 -20"><span class='ocrx_word' id='word_1_810' title='bbox 1874 5145 2227 5214; x_wconf 88' lang='lat' dir='ltr'><strong>pereuntibus</strong></span> <span class='ocrx_word' id='word_1_811' title='bbox 2270 5146 2488 5219; x_wconf 85' lang='lat' dir='ltr'><strong>quidem</strong></span> <span class='ocrx_word' id='word_1_812' title='bbox 2519 5142 2749 5205; x_wconf 82' lang='lat' dir='ltr'><strong>stultitia</strong></span> <span class='ocrx_word' id='word_1_813' title='bbox 2778 5153 2882 5212; x_wconf 88' lang='lat' dir='ltr'><strong>est,</strong></span> <span class='ocrx_word' id='word_1_814' title='bbox 2932 5144 3281 5202; x_wconf 88' lang='lat' dir='ltr'><strong>credentibus</strong></span> <span class='ocrx_word' id='word_1_815' title='bbox 3304 5162 3462 5215; x_wconf 84' lang='lat' dir='ltr'><strong>vero</strong></span> 
     </span>
    </p>
   </div>
   <div class='ocr_carea' id='block_1_108' title="bbox 1877 5231 3462 5304">
    <p class='ocr_par' dir='ltr' id='par_1_108' title="bbox 1877 5231 3462 5304">
     <span class='ocr_line' id='line_1_108' title="bbox 1877 5231 3462 5304; baseline 0.001 -15"><span class='ocrx_word' id='word_1_816' title='bbox 1877 5232 1934 5289; x_wconf 86' lang='lat' dir='ltr'><strong>in</strong></span> <span class='ocrx_word' id='word_1_817' title='bbox 1964 5236 2192 5291; x_wconf 85' lang='lat' dir='ltr'><strong>salutem</strong></span> <span class='ocrx_word' id='word_1_818' title='bbox 2222 5237 2395 5291; x_wconf 82' lang='lat' dir='ltr'><strong>virtus</strong></span> <span class='ocrx_word' id='word_1_819' title='bbox 2435 5237 2530 5294; x_wconf 87' lang='lat' dir='ltr'><strong>Dei</strong></span> <span class='ocrx_word' id='word_1_820' title='bbox 2568 5245 2677 5302; x_wconf 84' lang='lat' dir='ltr'><strong>est,</strong></span> <span class='ocrx_word' id='word_1_821' title='bbox 2702 5245 2759 5290; x_wconf 86' lang='lat' dir='ltr'><strong>et</strong></span> <span class='ocrx_word' id='word_1_822' title='bbox 2798 5234 3112 5304; x_wconf 76' lang='lat' dir='ltr'><strong>przedicatio</strong></span> <span class='ocrx_word' id='word_1_823' title='bbox 3147 5231 3316 5300; x_wconf 84' lang='lat' dir='ltr'><strong>ipsius</strong></span> <span class='ocrx_word' id='word_1_824' title='bbox 3338 5237 3462 5297; x_wconf 85' lang='lat' dir='ltr'><strong>aliis</strong></span> 
     </span>
    </p>
   </div>
   <div class='ocr_carea' id='block_1_109' title="bbox 1876 5320 3457 5392">
    <p class='ocr_par' dir='ltr' id='par_1_109' title="bbox 1876 5320 3457 5392">
     <span class='ocr_line' id='line_1_109' title="bbox 1876 5320 3457 5392; baseline 0.003 -11"><span class='ocrx_word' id='word_1_825' title='bbox 1876 5326 2108 5392; x_wconf 83' lang='lat' dir='ltr'><strong>cstodor</strong></span> <span class='ocrx_word' id='word_1_826' title='bbox 2129 5329 2319 5384; x_wconf 87' lang='lat' dir='ltr'><strong>mortis</strong></span> <span class='ocrx_word' id='word_1_827' title='bbox 2342 5322 2397 5383; x_wconf 85' lang='lat' dir='ltr'><strong>in</strong></span> <span class='ocrx_word' id='word_1_828' title='bbox 2430 5340 2683 5392; x_wconf 81' lang='lat' dir='ltr'><strong>mortem,</strong></span> <span class='ocrx_word' id='word_1_829' title='bbox 2711 5320 2833 5380; x_wconf 90' lang='lat' dir='ltr'><strong>aliis</strong></span> <span class='ocrx_word' id='word_1_830' title='bbox 2857 5327 2991 5381; x_wconf 89' lang='lat' dir='ltr'><strong>odor</strong></span> <span class='ocrx_word' id='word_1_831' title='bbox 3016 5324 3141 5378; x_wconf 80' lang='lat' dir='ltr'><strong>vitae</strong></span> <span class='ocrx_word' id='word_1_832' title='bbox 3171 5324 3225 5377; x_wconf 89' lang='lat' dir='ltr'><strong>in</strong></span> <span class='ocrx_word' id='word_1_833' title='bbox 3252 5328 3419 5386; x_wconf 84' lang='lat' dir='ltr'><strong>vitam</strong></span> <span class='ocrx_word' id='word_1_834' title='bbox 3442 5351 3457 5392; x_wconf 86' lang='lat'><strong>:</strong></span> 
     </span>
    </p>
   </div>
  </div>
