3950 5396
465 181 528 255 “?
542 181 578 252 ls-

468 403 577 444 nou
604 385 806 441 ablutio
835 388 1200 452 peccatorum.
1231 372 1404 427 Veluti
1439 381 1495 425 et
1540 378 1760 424 sanctus
1787 367 2042 438 Augusti-

461 493 570 532 .uus
595 475 662 530 de
701 468 1104 531 consecratione
1137 461 1379 530 corporis
1417 468 1470 513 et
1500 457 1777 528 sanguinis
1828 455 2041 509 Domini

456 568 640 626 znostri
688 564 815 623 Jesu
859 558 1059 616 Christi
1109 555 1161 609 in
1201 553 1339 607 libro
1375 559 1564 607 contra
1615 548 1873 602 Faustqu
1914 546 2044 601 dicit

449 631 580 736 (lib.
612 672 701 722 xx,
734 671 849 723 cap.
889 648 972 718 13)
1004 664 1020 704 :
1050 666 1068 699 ι
1100 645 1264 700 Panis
1291 652 1344 736 et
1373 641 1642 736 calisnon
1686 639 1927 736 qualibet
1949 637 2045 693 sed

463 728 613 810 cer-ta
643 740 1051 803 consecratione
1083 737 1274 790 mistus
1306 734 1366 788 ﬁt
1411 731 1589 795 nobis,
1632 745 1738 786 non
1781 728 2041 784 nascitur.

467 812 700 897 Proinde
729 834 871 906 quod
903 846 1011 885 non
1037 828 1112 882 ita
1149 827 1226 891 tit,
1253 823 1501 894 quamvis
1527 823 1597 877 sit
1624 820 1778 891 panis
1801 817 1856 874 et
1882 818 2043 885 calix,

463 937 780 993 alimentum
827 936 914 983 est
947 921 1278 987 refectionis,
1326 934 1434 974 non
1479 924 1888 972 sacramentum
1920 912 2048 969 reli-

462 1028 717 1102 giouis»
1177 1106 1188 1108 Α
1287 1105 1297 1108 Α
1371 1104 1382 1108 Δ
1618 1101 1632 1108 _
1891 1097 1906 1108 α
1989 1095 2020 1108 Α.

495 1176 498 1179 .
529 1122 601 1178 Ει
626 1120 742 1189 ipsa
779 1119 1116 1171 sacramenta
1143 1105 1331 1161 altaris
1353 1104 1544 1160 devote
1567 1101 1635 1156 ad
1661 1115 1719 1155 se
1745 1097 2050 1156 accedenti-

459 1215 563 1277 ltus
589 1212 717 1274 vita,
774 1203 1042 1262 iudevotis
1083 1199 1370 1271 judicium,
1417 1196 1560 1250 sicut
1606 1204 1663 1248 et
1691 1192 1848 1262 panis
1877 1190 2048 1243 vitam

461 1281 687 1359 fortium
716 1297 956 1360 roborat,
995 1289 1344 1362 parvulorum
1386 1293 1569 1350 necat,
1617 1293 1670 1338 et
1701 1282 1836 1336 lenis
1860 1279 2052 1334 sibilus

463 1409 636 1464 equos
680 1390 911 1460 mitigat,
964 1381 1172 1440 catulos
1201 1379 1445 1448 instigat,
1485 1385 1541 1430 et
1593 1375 1673 1430 sol
1717 1373 1809 1443 qui
1864 1386 2046 1426 ceram

454 1483 659 1552 liquat,
692 1479 867 1533 lutum
916 1471 1150 1542 stringit,
1187 1468 1336 1524 sanis
1389 1465 1563 1522 oculis
1614 1464 1796 1518 lumen
1838 1473 1942 1527 eSt,
1995 1469 2049 1515 et

458 1570 818 1644 lippientibus
881 1562 1163 1628 tenebrat;
1218 1568 1385 1628 utque
1440 1571 1704 1612 venenum
1764 1568 1912 1608 mors
1967 1559 2047 1605 cst

1437 167 1764 226 HINCMARI
1805 165 2200 222 RHEMENSIS
2237 166 2752 225 ARCHIEPISCOPI

472 295 854 365 traditionem,
902 289 1176 345 lavacrum
1233 291 1314 338 est
1364 279 1726 350 corporalium
1777 279 2038 345 sordimn,
2072 285 2121 344 Λ

3632 170 3733 227 172

2657 279 2986 337 EPISTOLA
3017 278 3206 338 XXVI.

2287 428 2354 467 AD
2396 428 2770 471 IIILDEBOLDUI
2817 430 3109 471 EPISCOPIJI
3141 432 3586 476 SUESSIONENSEI.

2145 549 2307 606 Illum
2338 596 2352 616 ,
2402 552 2710 620 infirmitate
2765 553 3048 618 detentum,
3091 554 3249 624 juxta
3294 555 3596 624 petitionem
3647 561 3731 614 lit-

2217 633 2446 747 tebrarlnm
2479 624 2818 692 confessionis
2857 625 2992 693 ejus.
3037 627 3296 679 absentem
3341 627 3730 684 reconcilianda

2217 711 2246 747 a
2284 712 2340 747 so
2366 696 2454 747 cit.

2216 696 2454 748 absolvit.

2242 803 2406 868 (Apud
2433 804 2678 865 eumdem,
2704 819 2766 855 ex
2793 805 2964 856 codice
2989 806 3039 856 S.
3063 805 3275 869 Remigii
3298 806 3642 870 Rhemensis.)

2220 919 2553 982 Htxcuanus.
2596 921 2830 985 nomine,
2861 937 2963 975 non
2993 922 3203 985 merito,
3238 921 3574 976 Rhemorum
3623 923 3737 993 epi-

2148 1026 2362 1083 scopus,
2412 1028 2475 1066 ac
2529 1011 2698 1081 plebis
2744 1013 2834 1065 Dei
2881 1012 3132 1077 famulus,
3167 1014 3490 1068 charissimo
3541 1015 3652 1067 tilio
3685 1024 3736 1068 et

2150 1102 2443 1157 venerabili
2484 1100 2636 1154 fratri
2660 1112 2842 1156 nostro
2875 1102 3216 1157 "ILDEBOLDO
3247 1103 3443 1159 meritis
3473 1113 3526 1158 et
3553 1120 3739 1174 corpo-

2153 1193 2228 1248 ris
2263 1193 2491 1246 salutem
2525 1193 2686 1246 tribui
2721 1207 2750 1244 a
2785 1193 2895 1246 Deo
2923 1193 3176 1262 deposco.

2223 1281 2445 1349 Quando
2475 1280 2774 1337 confratres
2810 1290 2864 1335 et
2900 1283 3202 1353 coepiscopi
3255 1284 3446 1347 nostri,
3492 1283 3646 1338 llodo
3685 1294 3740 1339 et

2151 1373 2483 1438 Raiuelmus,
2511 1372 3109 1442 Willebcrtusquoque.
3139 1375 3551 1430 etAdalbernus
3574 1388 3737 1446 atque

2153 1463 2436 1527 Geroldus,
2473 1471 2528 1518 et
2570 1464 2780 1517 noviter
2801 1463 3082 1517 ordinatus
3131 1462 3485 1527 lladebertus,
3523 1482 3735 1520 mecum

2154 1554 2345 1610 llhemi
2376 1553 2613 1619 fuerunt,
2648 1553 2866 1607 humilis
2893 1568 2955 1606 ac
2977 1555 3202 1608 sincerae
3233 1556 3432 1608 mentis
3473 1565 3580 1610 tua:
3609 1573 3740 1612 con-

463 1665 696 1732 homini,
725 1671 782 1717 et
804 1661 916 1714 vita
938 1653 1196 1726 serpenti,
1223 1651 1303 1706 sic
1330 1660 1384 1706 et
1412 1649 1552 1704 istud
1588 1645 1849 1716 judicium
1881 1644 2048 1697 firmi-
2080 1645 2123 1704 Β
2151 1644 2439 1701 fessionem
2468 1645 2651 1716 relegi,
2677 1655 2732 1699 et
2749 1660 2846 1715 pro
2875 1654 2962 1700 tua
2990 1647 3184 1700 auium
3210 1655 3264 1701 et
3288 1649 3535 1716 corporis
3561 1650 3737 1704 salute

466 1766 551 1812 ter
575 1763 632 1810 et
659 1753 760 1807 rite
807 1745 1152 1804 credentibus
1181 1741 1418 1797 ostensio
1448 1739 1719 1802 veritatis,
1748 1733 2050 1789 haesitanti-

465 1848 569 1903 bus
610 1851 792 1900 autem
815 1847 869 1894 et
895 1835 1071 1892 dubiis
1103 1848 1258 1889 error
1292 1828 1571 1886 involvens
1617 1841 1738 1882 esse
1781 1823 2048 1896 dignosci-

467 1947 580 2004 tur.
632 1933 898 2002 Quoniam
947 1928 1090 1982 sicut
1129 1923 1327 1978 Paulus
1373 1921 1548 1976 dicit:
1594 1918 1690 1972 Est
1735 1918 1872 1972 enim
1919 1915 2050 1985 ﬁdes

461 2023 851 2104 sperandam»:
873 2017 1164 2074 substantia
1189 2029 1382 2076 rerum,
1414 2020 1777 2082 argumentum
1817 2024 1920 2062 non
1958 2025 2052 2078 ap-

450 2099 764 2191 ;parentium
784 2110 979 2185 (Hebr.
1014 2124 1093 2174 χι,
1125 2106 1197 2178 1),
1241 2102 1482 2176 profecto
1513 2103 1683 2173 liquet
1707 2099 1858 2171 quia,
1881 2114 2051 2168 expo-

468 2217 632 2266 nente
659 2208 818 2262 beato
837 2200 1099 2273 Gregorio
1129 2198 1291 2270 (hom.
1314 2195 1430 2269 26),
1467 2195 1599 2249 fides
1627 2193 1841 2247 illarum
1871 2205 2052 2246 rerum

469 2307 848 2369 argumentum
879 2301 962 2348 est
993 2306 1112 2362 qua:
1163 2302 1426 2360 apparere
1456 2302 1562 2340 non
1618 2291 1865 2355 possunt.
1922 2281 2053 2350 Qua:

465 2390 668 2454 etenim
697 2393 978 2460 apparent,
1001 2381 1116 2453 jam
1154 2379 1317 2433 fidem
1346 2393 1451 2432 non
1497 2374 1716 2439 habent,
1767 2373 1861 2429 sed
1898 2371 2051 2442 agni-

451 2483 692 2538 tionem.
754 2479 846 2534 Sic
892 2477 946 2531 in
989 2475 1094 2532 hoc
1127 2472 1309 2527 divino
1332 2469 1541 2539 judicio
1585 2468 1688 2530 his,
1747 2467 1813 2521 de
1857 2466 2054 2535 quibus

469 2583 628 2636 antea
681 2568 1085 2630 dubitabamus,
1121 2563 1302 2618 divina
1354 2557 1664 2615 ostensione
1715 2555 2052 2622 monstratis,

469 2682 591 2738 qua:
613 2660 986 2734 corporalibus
1008 2655 1178 2712 oculis
1204 2654 1386 2708 videre
1418 2667 1520 2706 non
1544 2663 1850 2719 possumus,
1883 2646 2056 2702 oculis

465 2757 594 2814 lidei
620 2750 1046 2823 contemplantes
1069 2745 1440 2802 credulitatem
1466 2738 2054 2796 accommodare-debe-

471 2862 614 2903 mus.
647 2843 798 2899 Sicut
833 2841 1070 2895 Thomas
1093 2843 1252 2890 antea
1280 2832 1551 2897 dubitans,
1600 2831 1726 2884 dum
1770 2829 2054 2883 Dominum

469 2937 730 3010 palpavit,
781 2932 927 2987 aliud
983 2929 1135 2993 vidit,
1164 2934 1219 2981 et
1256 2923 1400 2978 aliud
1448 2920 1719 2996 c_redidit:
1764 2934 1794 2972 a
1841 2917 2053 2973 mortali

2151 1753 2248 1807 per
2272 1752 2488 1792 onmem
2530 1747 2768 1791 nostram
2816 1737 3130 1807 parochiam
3160 1737 3372 1792 Domini
3426 1739 3740 1796 misericor-

2151 1814 2293 1886 diam
2323 1829 2593 1900 implorari
2617 1830 2856 1899 poposci.
2875 1829 2942 1883 Et
2963 1829 3215 1898 quoniam
3245 1827 3467 1884 fratrem
3493 1841 3738 1886 nostrum

2153 1921 2428 1976 llodonem
2480 1920 2546 1973 ad
2596 1927 2647 1973 te
2696 1920 2897 1972 iturum
2955 1934 3342 1989 cognoveram,
3389 1936 3495 1974 non
3555 1923 3740 1992 putavi

2152 2026 2372 2067 necesse
2403 2009 2517 2064 fore
2549 2019 2607 2064 ut
2637 2009 2734 2063 tibi
2788 2009 2996 2064 litteras
3025 2010 3318 2074 mitterem,
3372 2013 3498 2080 quia
3541 2013 3657 2082 ipse
3686 2023 3742 2068 et

2153 2104 2508 2160 unanimitate
2530 2111 2739 2167 nostra,
2763 2111 2817 2156 et
2847 2101 3146 2156 ministerio
3173 2103 3488 2173 episcOpali,
3532 2120 3599 2158 ea
3623 2120 3741 2174 quae

2154 2198 2358 2269 agenda
2406 2204 2532 2251 sunt
2573 2211 2701 2267 erga
2757 2194 3028 2249 infirmum
3079 2195 3300 2252 fratrem
3351 2214 3448 2268 per
3486 2215 3547 2254 se
3581 2214 3743 2270 agere

2153 2294 2384 2356 poterat.
2414 2284 2521 2339 Sed
2547 2285 2800 2355 quoniam
2832 2285 3202 2354 presbyterum
3237 2295 3385 2340 tuum
3410 2288 3476 2339 ad
3507 2304 3595 2341 me
3623 2287 3744 2341 mit-

2159 2385 2276 2430 tens
2311 2375 2557 2429 eumdem
2604 2374 2936 2429 breviculqu
2966 2375 3325 2430 confessionis
3353 2386 3457 2430 tua:
3487 2379 3622 2432 mihi
3667 2395 3744 2432 re-

2156 2467 2371 2528 misisti,
2399 2474 2589 2535 petens
2615 2473 2673 2519 ut
2706 2464 3064 2520 absolutorias
3097 2464 3303 2521 litteras
3334 2467 3428 2521 tibi
3459 2471 3741 2524 transmit-

2158 2567 2287 2624 tam,
2312 2573 2473 2628 quam
2501 2558 2841 2614 devotionem
2868 2567 3014 2613 tuam
3041 2569 3319 2630 gratanter
3347 2564 3564 2632 suscepi
3593 2578 3607 2614 :
3635 2563 3744 2618 scio

2155 2648 2300 2703 enim
2329 2648 2455 2718 quia
2486 2663 2593 2701 non
2639 2647 2693 2700 in
2738 2663 2824 2701 me
2851 2647 2989 2702 bona
3020 2650 3211 2703 merita
3250 2667 3372 2721 qua:
3414 2651 3564 2706 nulla
3602 2662 3742 2717 sunt,

2156 2738 2249 2793 sed
2302 2737 2556 2792 virtutem
2615 2737 2900 2792 ministerii
2955 2739 3228 2796 immerito
3279 2742 3408 2796 mihi
3466 2744 3744 2799 commissi

2158 2828 2412 2881 attendis.
2447 2827 2512 2881 Et
2543 2829 2662 2881 idco
2688 2843 2784 2897 per
2813 2830 2976 2882 verba
3003 2831 3174 2885 sancti
3222 2832 3416 2887 Leonis
3438 2835 3746 2890 exsecutio-

2160 2935 2283 2973 nem
2323 2920 2609 2975 ministerii
2647 2921 2980 2990 indignitatis
3008 2938 3160 2988 meze,
3189 2933 3243 2979 ct
3273 2925 3432 2980 fidem
3476 2937 3648 2992 tuam,
3683 2931 3746 2983 ad

472 2996 672 3104 quippe
697 2996 915 3083 homine
937 3019 1203 3076 Diviuitas
1226 3015 1391 3072 videri
1418 3030 1522 3069 non
1550 3013 1740 3084 potuit.
1773 3011 2058 3068 Hominem
2085 2996 2128 3059 C
2160 3011 2467 3082 pontificem
2521 3013 2878 3069 coutessiouis
2936 3024 3135 3070 nostra:
3181 3016 3364 3071 Jesum
3428 3019 3612 3074 mitto.
3663 3021 3748 3074 Ait

473 3102 641 3196 igitur
668 3119 822 3184 vidit,
845 3127 901 3172 et
925 3117 1093 3170 Deum
1116 3109 1393 3167 confessus
1420 3117 1525 3171 est,
1549 3106 1732 3161 dicens
1760 3121 1772 3157 :
1802 3102 2054 3196 Dominus

464 3194 640 3279 ancus,
671 3219 732 3266 .et
785 3208 926 3263 Deus
960 3220 1104 3259 meus
1133 3200 1313 3272 (Joan.
1347 3215 1441 3264 xx,
1476 3198 1590 3266 28).
1641 3194 1882 3250 Videndo
1929 3208 2057 3264 ergo

464 3303 724 3368 credidit,
751 3314 912 3370 quem
935 3292 1329 3351 considerando
1361 3305 1546 3345 verum
1577 3287 1871 3349 hominem,
1911 3286 2057 3338 hunc

469 3397 643 3453 Deum
677 3408 840 3464 quem
870 3389 1050 3444 videre
1079 3402 1183 3441 non
1233 3391 1448 3454 poterat
1487 3378 1835 3436 exclamavit.
1881 3375 1956 3464 Ita
2003 3383 2058 3428 et

471 3463 759 3543 veritatem
791 3482 869 3536 rei
906 3478 975 3533 de
1003 3492 1109 3546 qua
1161 3473 1490 3534 dubitamus,
1529 3468 1653 3538 quia
1686 3463 2058 3535 corporalibus

473 3577 645 3634 oculis
675 3574 858 3628 videre
879 3568 1256 3640 uequibamus,
1283 3562 1476 3616 divina:
1504 3555 1803 3613 ostensioui
1832 3553 2060 3608 creden-

470 3680 573 3733 tes,
627 3665 935 3726 veritatem,
968 3673 1086 3729 quae
1112 3655 1255 3710 Deus
1284 3662 1386 3713 est.
1437 3647 1789 3704 cxclamando
1837 3645 2060 3699 laudare

471 3761 753 3820 debemus,
783 3767 909 3808 cum
949 3746 1162 3817 impleri
1191 3742 1485 3798 viderimus
1509 3738 1652 3808 quod
1681 3737 1810 3791 dicit
1832 3736 2060 3804 Aposto-

467 3852 593 3906 lus:
626 3839 1071 3914 Nolitejudicare
1105 3845 1225 3889 ante
1249 3845 1475 3904 tempus,
1522 3830 1860 3901 quoadusque
1888 3827 2060 3880 veniat

470 3932 871 4005 Dominus,,qui
918 3937 966 3983 et
1013 3923 1329 3981 illuminabit
1375 3919 1679 3974 abscondita
1707 3916 2057 4005 tenebrarum,

471 4039 522 4086 et
553 4002 909 4095 manifestabit
946 4015 1165 4072 consilia
1191 4012 1427 4066 cordium
1449 4008 1498 4081 (1
1530 4005 1654 4061 Cor.
1683 4021 1760 4073 tv,
1792 4005 1866 4076 5).
1901 4002 2063 4058 Venit

474 4117 695 4190 quidem
720 4126 863 4168 nunc
891 4107 1150 4164 Dominus
1178 4104 1246 4158 ad
1271 4101 1719 4172 illuminationem
1751 4107 2061 4154 nostrarum

473 4210 846 4271 tenebrarum,
875 4211 935 4258 ut
967 4213 1358 4270 cognoscamus
1385 4197 1670 4251 veritatem
1711 4211 1808 4265 per
1837 4191 2062 4247 manife-

474 4301 762 4360 stationem
789 4297 961 4366 ipsius
982 4290 1196 4362 judicii,
1230 4289 1321 4359 qui
1344 4296 1601 4342 venturus
1631 4294 1713 4340 est
1742 4285 1808 4338 ad
1832 4283 2059 4339 manife-

475 4393 669 4453 standa’
737 4388 964 4446 consilia
1028 4383 1271 4441 cordium
1325 4381 1378 4436 in
1432 4377 1612 4434 futuro
1645 4377 1869 4447 judicio.
1930 4376 2058 4430 Haec

476 4496 660 4543 autem
683 4482 931 4544 dicimus,
960 4493 1067 4532 non
1087 4490 1193 4545 quo
1219 4486 1544 4543 quemquam
1574 4468 2058 4540 reprehendamus,

477 4579 605 4649 quia
635 4572 852 4633 nec,ibi
905 4569 1168 4637 scriptum
1224 4573 1306 4619 est
1343 4579 1440 4619 cur
1491 4563 1593 4616 hoc
1634 4560 1897 4631 judicium
1950 4574 2059 4612 non

479 4670 674 4726 debeat
723 4663 864 4729 ﬁeri,
889 4661 985 4717 sed
1015 4655 1387 4712 tantummodo
1413 4652 1618 4707 dictum
1669 4666 1736 4706 ne
1759 4650 1936 4715 ﬁeret,
1967 4657 2060 4703 aut

477 4769 685 4825 nostra,
710 4756 864 4826 quasi
891 4750 1189 4824 sapientius
1222 4747 1451 4818 prolata,
1480 4759 1642 4814 quam
1672 4743 1764 4797 alii
1816 4741 2060 4797 invenire

477 4868 542 4907 ex
573 4858 885 4906 sanctorum
912 4837 1249 4898 documentis
1276 4835 1682 4906 przevaluerint,
1717 4834 1831 4888 sive
1858 4846 2064 4903 praeva-

475 4942 670 5005 leant,
732 4935 1020 4992 defendere
1087 4939 1419 4999 satagamus.
1488 4925 1870 4994 Unusquisque
1919 4923 2063 4978 enim

476 5033 536 5088 in
566 5048 663 5086 suo
695 5044 854 5084 sensu
907 5023 1162 5081 abundat.
1217 5019 1450 5072 Tantum
1483 5016 1709 5086 quilibet
1759 5019 1861 5069 hoc
1907 5022 2065 5070 caute

478 5122 792 5192 provideat,
839 5126 896 5172 ut
943 5133 972 5170 a
1011 5114 1112 5168 fide
1164 5110 1432 5166 catholica
1484 5116 1539 5160 et
1599 5108 1888 5160 traditione
1932 5122 2062 5176 apo-

478 5212 682 5266 stolicae
708 5211 849 5264 sedis
873 5223 978 5262 non
1003 5207 1290 5271 discrepet.
1320 5199 1426 5254 Sed
1455 5214 1573 5268 quae
1599 5201 1861 5253 sentimus
1888 5200 2062 5252 humi-

478 5303 605 5356 liter
627 5300 978 5369 profereutes,
1004 5295 1177 5368 parati
1200 5307 1406 5355 sumus,
1434 5293 1476 5344 si
1507 5291 1630 5359 quis
1655 5292 2062 5345 convenientius

2157 3105 2301 3159 enim
2331 3105 2468 3159 idem
2499 3113 2719 3161 sanctus
2748 3106 2879 3172 Leo,
2911 3108 3036 3178 quia
3086 3109 3244 3164 aliter
3274 3110 3326 3163 in
3352 3109 3600 3167 Ecclesia
3634 3113 3746 3178 Dei,

2158 3212 2278 3266 quae
2321 3211 2516 3268 corpus
2542 3197 2744 3252 Christi
2773 3207 2873 3262 est,
2923 3216 3023 3254 nec.
3079 3209 3196 3255 rata
3241 3211 3368 3256 sunt
3417 3207 3746 3272 sacerdotia,

2159 3301 2260 3340 nec
2290 3300 2416 3340 vera
2439 3288 2727 3352 sacrificia,
2759 3289 2860 3343 nisi
2886 3290 2936 3343 in
2961 3299 3162 3346 nostra:
3182 3293 3514 3362 proprietate
3544 3307 3749 3351 naturte

2159 3394 2320 3433 verus
2367 3395 2472 3432 non
2523 3379 2770 3435 Pontifex
2817 3383 3153 3448 reconciliet,
3208 3400 3368 3438 verus
3415 3385 3748 3442 inunaculati

2158 3468 2297 3541 Agni
2321 3471 2539 3541 sanguis
2565 3473 2840 3528 emundet.
2866 3475 2966 3540 Qui
2996 3475 3121 3528 licet
3140 3475 3210 3528 sit
3235 3477 3287 3528 in
3315 3475 3498 3532 Patris
3528 3480 3749 3534 dextera

2161 3563 2509 3627 constitutus,
2543 3563 2594 3618 itt
2619 3566 2806 3619 eadem
2837 3574 3015 3619 tamen
3045 3583 3206 3621 carne
3233 3583 3394 3636 quant
3423 3572 3657 3639 sumpsit
3686 3586 3752 3627 ex

2167 3649 2381 3722 Virgine
2431 3663 2827 3710 sacramentum
2859 3657 3255 3725 propitiationis
3282 3662 3627 3729 exsequitur,
3668 3661 3752 3716 di-

2161 3753 2318 3799 ceute
2343 3744 2599 3814 Apostolo
2625 3764 2637 3798 :
2666 3744 2904 3800 Christus
2928 3746 3104 3810 Jesus,
3151 3749 3239 3817 qui
3268 3761 3510 3803 mortuus
3551 3760 3627 3804 est
3659 3769 3750 3818 pro

2162 3836 2332 3900 nobis,
2362 3837 2465 3888 imo
2488 3837 2576 3906 qui
2608 3845 2656 3889 et
2718 3840 3024 3900 resurrexit,
3051 3839 3140 3908 qui
3169 3848 3243 3891 est
3282 3840 3338 3891 in
3385 3839 3607 3894 dextera
3635 3839 3750 3904 Dei,

2161 3926 2250 3995 qui
2271 3926 2427 3979 etiam
2452 3923 2749 3995 interpellat
2771 3942 2866 3996 pro
2891 3927 3040 3979 nobis
3085 3926 3263 3999 (liam.
3292 3943 3409 3992 VIII,
3443 3927 3571 3999 5-5);
3601 3932 3754 3998 cujus

2163 4015 2548 4068 misericordiae
2597 4030 2696 4069 nec
2745 4015 2966 4069 modum
3025 4031 3317 4085 pos-sumus
3371 4035 3602 4086 ponere,
3656 4035 3752 4075 nec

2164 4112 2404 4175 tempora
2447 4103 2699 4169 difﬁnire,
2728 4108 2867 4174 apud
2913 4122 3072 4174 quem
3105 4107 3280 4163 nullas
3329 4110 3537 4178 patitur
3588 4113 3756 4166 veniae

2165 4211 2346 4250 moras
2376 4211 2500 4250 vera
2532 4194 2823 4261 confessio,
2878 4197 3089 4251 dicente
3135 4199 3228 4252 Dei
3263 4198 3468 4269 Spiritu
3503 4217 3606 4272 per
3633 4217 3755 4271 pro-

2162 4285 2380 4354 phetam
2411 4301 2424 4338 :
2453 4284 2587 4340 Cum
2617 4301 2912 4341 conversus
2940 4288 3266 4357 iugemueris
3313 4289 3496 4345 salvus
3523 4294 3669 4358 eris;
3700 4302 3755 4346 et

2161 4375 2289 4429 alibi
2322 4393 2334 4428 :
2368 4374 2462 4429 Die
2489 4376 2800 4446 iniquitates
2835 4387 2952 4431 tuas
2978 4379 3146 4447 prior,
3196 4387 3258 4433 ut
3290 4379 3614 4448 justiliceris
3643 4399 3657 4446 ;
3701 4393 3757 4440 et

2161 4468 2330 4522 item:
2367 4467 2505 4533 Quia
2535 4467 2676 4538 apud
2713 4467 2996 4521 Dominum
3041 4469 3402 4524 misericordia
3442 4482 3492 4525 et
3543 4475 3756 4543 capiosa

2162 4561 2303 4634 apud
2332 4579 2450 4616 eum
2480 4563 2761 4631 redemptio
2782 4560 2951 4632 (Psal.
2978 4580 3165 4630 cxxrx,
3193 4565 3279 4632 7);
3299 4573 3354 4619 et
3377 4575 3602 4621 sanctus
3627 4567 3758 4621 dicit

2160 4654 2479 4708 Ambrosius
2510 4671 2523 4707 :
2555 4653 2754 4707 Beatus
2792 4654 2884 4724 qui
2922 4654 3003 4708 vel
3049 4655 3148 4709 sub
3179 4655 3290 4710 ictu
3322 4657 3516 4710 mortis
3560 4658 3758 4712 avertit

2163 4763 2191 4801 a
2230 4746 2395 4800 vitiis.
2425 4745 2580 4800 Beati
2607 4746 2749 4800 enim
2774 4763 2996 4818 quorum
3022 4757 3155 4801 tecta
3186 4758 3306 4801 sunt
3337 4757 3552 4819 peccata
3579 4749 3752 4820 (Psal.

2163 4851 2314 4900 χχχι,
2350 4835 2423 4906 1),
2456 4835 2581 4905 quia
2621 4838 2883 4907 scriptum
2912 4845 2995 4891 est
3046 4855 3059 4889 :
3115 4837 3306 4892 Desine
3335 4857 3366 4892 a
3399 4838 3540 4892 malo
3591 4849 3640 4893 et
3670 4839 3755 4909 [ac

2163 4921 2504 4994 bonum-'yet
2553 4930 2787 4982 inltabita
2865 4931 2921 4983 in
2992 4931 3244 4984 siccatum
3305 4931 3490 4984 sa’culi
3556 4930 3752 5003 (Psal.

2162 5012 2350 5092 ixxvt,
2377 5021 2490 5088 27).
2519 5020 2839 5090 Quicunque
2865 5036 2996 5090 ergo
3029 5022 3252 5076 desierit
3303 5037 3335 5075 a
3374 5025 3642 5092 peccatis,
3699 5031 3756 5078 et

2163 5093 2326 5162 fuerit
2348 5112 2414 5164 ad
2459 5111 2680 5164 meliora
2711 5126 3026 5174 cenversus,
3057 5111 3272 5174 habebit
3301 5114 3644 5182 superiorum
3673 5115 3757 5168 in-

2165 5202 2492 5274 dulgentiam
2555 5213 2946 5272 peccatorum,
3017 5221 3135 5274 qua:
3187 5205 3347 5259 fuerit
3405 5206 3490 5260 vel
3584 5207 3758 5277 ι)ωυὶ-

2166 5297 2311 5350 t'endi
2350 5297 2627 5352 confessus
2658 5295 2876 5362 atl‘ectu,
2927 5295 3011 5352 vel
3063 5297 3373 5368 corrigendi
3409 5312 3639 5354 aversus
3667 5300 3753 5354 in-
