3950 5396
146 401 256 459 173

1549 400 1932 459 EPISTOLE.

3309 409 3414 470 νη

138 533 295 582 mus;
321 517 396 571 ita
425 514 713 587 principali
761 515 1029 572 sententia
1072 513 1438 578 consolamur,
1489 515 1624 585 quia
1670 514 1717 569 si
1749 519 1798 576 Α
1824 515 2064 569 divinum
2107 530 2206 586 per
2240 516 2456 573 beatum
2512 516 2776 574 Joannem
2819 518 3112 575 consilium
3147 535 3162 574 :
3202 518 3415 578 lentor

137 610 494 667 conﬁteamur
534 617 752 678 peccata
813 620 1020 673 nostra,
1071 610 1244 666 ﬁdelis
1292 625 1376 666 est
1422 619 1480 665 et
1518 609 1722 679 justus,

137 704 264 774 quin
305 701 460 757 Jesus
503 701 773 766 Christus,
803 703 1044 757 conditor
1081 711 1138 757 et
1178 705 1486 773 redemptor
1511 718 1576 757 ac
1620 703 1730 757 sal-

139 803 294 848 vator
343 800 548 855 noster,
605 808 765 863 quem
825 793 1085 848 habemus
1135 794 1460 849 advocatum
1512 794 1724 865 justum

138 885 276 954 apud
316 885 555 951 Patrem,
576 894 632 940 et
660 893 742 940 est
764 886 1077 956 propitiatio
1105 901 1203 956 pro
1231 887 1469 955 peccatis
1498 885 1721 951 nostris,

139 987 192 1033 et
221 977 526 1047 interpellat
551 992 651 1047 pro
677 978 855 1044 nobis,
890 977 1123 1032 ﬁdeliter
1149 977 1534 1032 conﬁtentibus
1568 977 1724 1031 nobis

141 1070 362 1125 dimittit
399 1070 561 1124 nobis
605 1078 826 1139 peccata
866 1079 1073 1134 nostra,
1115 1079 1170 1123 et
1208 1069 1468 1124 emundat
1517 1084 1614 1123 nos
1657 1069 1727 1123 ab

139 1161 281 1215 omni
319 1159 630 1230 iniquitate.
671 1159 877 1228 Quibus
906 1159 1130 1214 animati
1168 1160 1365 1214 divinis
1411 1158 1722 1224 sententiis,

143 1250 310 1306 frater
335 1258 390 1304 et
429 1251 790 1305 consacerdos
828 1259 1015 1305 noster
1054 1248 1394 1312 Hildebolde,
1444 1248 1725 1303 conﬁtenti

143 1342 237 1396 tibi
266 1351 488 1412 peccata
515 1350 622 1404 tua,
670 1355 768 1410 per
806 1341 1236 1396 ecclesiasticam
1268 1339 1578 1409 apostolicae
1624 1355 1724 1395 au-

141 1431 406 1488 ctoritatis
455 1440 802 1502 potestatem,
835 1447 996 1502 quam
1049 1431 1308 1486 Dominus
1358 1442 1545 1487 noster
1567 1431 1725 1488 Jesus

141 1522 382 1579 Christus
414 1523 638 1576 tradidit
672 1522 951 1592 discipulis
977 1530 1032 1578 et
1059 1521 1316 1592 apostolis
1338 1523 1472 1586 suis,
1497 1523 1718 1577 dicens:

139 1615 366 1685 Accipite
409 1613 671 1684 Spiritum
692 1625 931 1669 sanctum
956 1631 975 1669 :
1003 1631 1225 1686 quorum
1271 1615 1572 1668 remiscritis
1607 1632 1726 1685 pec-

139 1716 249 1760 cata
281 1706 616 1759 remittuntur
641 1706 716 1760 eis
748 1706 932 1777 (Joan.
963 1721 1057 1771 xx,
1083 1706 1175 1768 22,
1203 1706 1331 1776 25);
1365 1715 1418 1761 et
1459 1721 1559 1776 per
1598 1721 1718 1762 eos-

135 1798 254 1852 dem
284 1797 556 1867 apostolos
589 1813 716 1852 suos
747 1798 988 1867 ipsorum
1033 1800 1458 1863 successoribus,
1492 1815 1721 1869 quorum

1829 617 1936 662 esto
1967 609 2104 663 unde
2153 611 2402 664 cecideris
2429 652 2444 676 ,
2483 621 2532 665 et
2573 629 2669 682 age
2703 613 3090 682 pwnitcntiam,
3137 622 3186 667 et
3237 615 3413 683 prima

1830 715 1986 768 opera
2008 699 2094 767 fac
2119 700 2304 771 (Apoc.
2348 717 2410 767 tt,
2444 702 2519 772 5).
2565 702 2674 758 Sed
2715 704 2994 758 sciendum
3023 713 3107 759 est
3130 706 3256 776 quia
3287 714 3417 762 tunc

1828 789 1968 845 bona
2003 805 2169 860 opera
2201 807 2299 846 nos
2342 807 2372 846 a
2400 793 2574 862 culpis
2610 793 2874 848 mundant
2913 801 2968 848 et
3006 793 3256 858 liberant,
3287 811 3415 851 cum

1827 891 2140 952 perpetrata
2176 883 2314 937 mala
2359 884 2664 956 plangimus
2693 893 2748 940 et
2777 885 3116 941 abdicamus.
3149 884 3282 940 Nam
3319 887 3416 957 qui

1829 988 2044 1043 semper
2083 990 2314 1045 peccare
2339 976 2478 1042 vult,
2519 985 2576 1031 et
2619 977 2775 1047 quasi
2801 983 3017 1047 semper
3059 978 3200 1034 bona
3227 993 3410 1049 agere,

1829 1066 1970 1119 scire
1990 1065 2149 1120 debet
2175 1066 2302 1135 quia
2328 1067 2611 1122 commista
2637 1067 2820 1139 pravis
2845 1069 3056 1124 actibus
3080 1083 3249 1140 opera
3270 1069 3415 1124 bona

1831 1156 2067 1210 animam
2120 1173 2226 1212 non
2282 1158 2572 1223 redimunt,
2599 1174 2759 1228 quam
2799 1174 2829 1214 a
2870 1159 3019 1214 vitiis
3049 1173 3156 1217 non
3189 1174 3416 1229 compe-

1828 1256 2005 1302 scunt.
2060 1246 2184 1312 Cor,
2239 1249 2434 1317 inquit,
2469 1249 2844 1314 contritumget
2883 1248 3220 1304 humiliatum
3270 1248 3412 1303 Deus

1829 1357 1934 1395 non
1975 1341 2190 1411 despicit
2231 1338 2407 1412 (Psal.
2452 1359 2505 1407 ι,
2553 1341 2664 1411 l9).
2696 1341 2952 1411 Quisquis
2996 1342 3140 1398 enim
3186 1349 3413 1411 peccata

1827 1432 2053 1504 plangit,
2097 1447 2200 1488 nec
2251 1442 2435 1488 tamen
2477 1433 2698 1498 deserit,
2739 1447 2836 1488 cor
2879 1433 3098 1503 quidem
3151 1432 3407 1498 conterit,

1829 1526 1923 1582 sed
1960 1526 2249 1581 humiliare
2276 1525 2576 1582 contemnit
2601 1542 2614 1579 :
2640 1525 2887 1594 quisquis
2910 1539 3041 1579 vero
3069 1530 3290 1594 peccata
3311 1537 3413 1577 sua

1822 1617 1936 1686 jam
1968 1618 2190 1683 deserit,
2225 1631 2326 1673 nec
2355 1627 2535 1673 tamen
2577 1617 2801 1689 plangit,
2827 1615 2942 1685 jam
2982 1616 3200 1686 quidem
3235 1615 3416 1670 humi-

1826 1711 1944 1774 liat,
1988 1712 2086 1766 sed
2129 1719 2415 1766 conterere
2453 1725 2548 1766 cor
2592 1719 2826 1766 recusat.
2872 1709 3194 1776 Quotidiana
3229 1717 3413 1763 autem

1827 1804 2076 1875 leviaque
2120 1815 2367 1874 peccata,
2413 1803 2712 1859 secundum
2751 1801 2940 1857 Jacobi
2979 1800 3222 1870 Apostoli
3267 1801 3409 1870 (cap.

137 1889 278 1943 vices
309 1888 435 1943 licet
464 1889 671 1957 indigni
704 1900 972 1953 tenemus,
1016 1889 1118 1944 etsi
1150 1905 1254 1942 non
1290 1890 1506 1954 merito,
1537 1899 1714 1944 tamen
1748 1896 1793 1955 Β
1821 1912 1877 1961 v,
1909 1896 1999 1968 16)
2035 1897 2455 1959 hortamentum,
2488 1895 2812 1950 alterutrum
2843 1892 3208 1963 coaequalibus
3233 1892 3430 1961 quoii--

136 1980 352 2035 nomine
396 1988 560 2047 atque
587 1977 745 2032 ofllcii
784 1979 1151 2049 susceptione,
1183 1979 1426 2034 eamdem
1475 1989 1716 2050 potesta-

136 2079 235 2124 tem
275 2069 519 2133 donavit,
547 2077 601 2122 et
650 2055 702 2122 in
752 2083 811 2124 se
848 2070 1089 2123 credenti
1127 2068 1358 2123 ﬁdeliter
1392 2069 1564 2124 dixit:
1593 2069 1720 2124 Fiat

133 2161 223 2214 tibi
250 2160 544 2214 secundum
583 2159 739 2227 [idem
785 2168 931 2212 tuam
958 2158 1172 2228 (Matth.
1203 2174 1332 2224 Vill,
1364 2159 1465 2222 i3;
1497 2173 1572 2223 Ix,
1599 2159 1716 2228 εἳ),

132 2253 302 2324 gratia
331 2261 388 2308 et
415 2251 805 2320 omnipotentia
834 2266 950 2316 sua,
984 2251 1185 2304 virtute
1233 2251 1408 2306 sancti
1457 2249 1718 2318 Spiritus,

132 2342 333 2411 quiest
379 2341 628 2395 remissio
667 2340 914 2394 omnium
955 2346 1323 2407 peccatorum,
1356 2338 1596 2392 dimittat
1621 2339 1721 2394 tibi

128 2434 310 2488 omnia
333 2439 554 2503 peccata
584 2439 698 2496 tua,
731 2430 926 2484 liberet
955 2437 1007 2483 te
1031 2427 1101 2482 ab
1126 2429 1272 2482 omni
1306 2428 1469 2492 malo,
1501 2443 1722 2484 conser-

129 2533 213 2580 vet
241 2525 303 2580 in
335 2525 483 2579 omni
514 2525 676 2588 bono,
699 2531 754 2578 et
780 2523 1043 2593 perducat
1075 2531 1124 2576 te
1153 2522 1220 2575 ad
1251 2521 1415 2575 vitam
1437 2530 1717 2587 aeternam,

129 2624 180 2672 et
203 2617 268 2670 ad
325 2624 638 2671 sanctorum
670 2614 1012 2670 sacerdotum
1055 2613 1412 2678 consortium,
1445 2612 1644 2667 Amen.

106 2726 119 2744 ο
195 2708 262 2762 Et
295 2707 447 2777 quia,
478 2705 789 2760 dulcissime
837 2705 1027 2768 frater,
1070 2703 1164 2757 tali
1196 2702 1532 2766 inﬁrmitate,
1581 2703 1721 2758 sicut

129 2797 239 2868 ipse
265 2796 437 2859 nosti,
480 2796 729 2849 detentus
755 2808 982 2863 corpore
1013 2793 1080 2847 ad
1125 2803 1177 2848 te
1203 2793 1282 2848 ire
1329 2808 1434 2847 non
1471 2807 1717 2863 possum,

129 2888 320 2957 spiritu
353 2895 412 2941 et
446 2885 729 2941 devotione
759 2885 826 2939 ad
855 2895 906 2939 te
926 2885 1086 2949 vado,
1115 2893 1171 2938 et
1201 2883 1343 2952 quod
1368 2883 1485 2952 ipse
1520 2897 1718 2953 corpo-

131 2979 315 3032 raliter
337 2992 468 3048 erga
499 2985 551 3030 te
577 2991 823 3047 gererem
853 2975 1048 3045 spiritu
1078 2989 1202 3045 ago,
1230 2983 1285 3028 et
1315 2988 1413 3044 per
1435 2972 1721 3028 commini-

129 3079 270 3124 stros
293 3083 367 3122 ac
395 3066 866 3138 compresbyteros
893 3073 1108 3119 nostros
1135 3064 1189 3117 in
1222 3072 1274 3118 te
1312 3063 1397 3132 agi
1427 3063 1722 3133 corporali-

127 3171 208 3214 ter
258 3157 724 3230 poscozmittens
773 3170 937 3209 manu
986 3169 1129 3219 mea,
1185 3162 1402 3209 secutus
1452 3154 1719 3222 majorum

1823 1987 1911 2042 die
1937 1987 2246 2041 conﬁtenda
2281 1995 2424 2040 sunt.
2455 1985 2585 2052 Quae
2609 1983 2922 2054 quotidiana
2945 1998 3134 2038 eorum
3164 1982 3414 2036 oratione

1821 2092 1946 2133 cum
1987 2075 2318 2146 quotidianis
2364 2075 2470 2146 piis
2519 2075 2731 2130 actibus
2779 2073 3047 2128 credenda
3078 2081 3206 2126 sunt
3253 2087 3415 2125 mun-

1821 2169 1964 2233 dari,
1997 2169 2043 2222 si
2069 2183 2194 2222 cum
2236 2167 2570 2238 benignitate
2605 2165 2806 2220 mentis
2835 2165 2890 2218 in
2935 2163 3182 2218 oratione
3221 2161 3411 2217 Domi-

1822 2257 1943 2313 nica
1973 2257 2242 2311 veraciter
2282 2257 2480 2311 dicitur
2505 2273 2520 2310 :
2543 2255 2760 2309 Dimitte
2790 2251 2937 2307 nobis
2978 2251 3151 2306 debita
3196 2260 3424 2314 nostra,

1820 2350 1956 2404 sicut
2014 2357 2063 2403 et
2121 2363 2214 2401 nos
2260 2345 2571 2401 dimittimus
2633 2343 2956 2400 debitoribus
3003 2343 3194 2398 nostris
3231 2340 3406 2413 (Luc.

1822 2439 2042 2510 sub).

1894 2529 2085 2585 Frater
2137 2528 2490 2594 charissime,
2537 2529 2606 2583 de
2665 2526 2980 2597 quotidiana
3024 2521 3427 2579 communione-

1814 2619 2071 2688 .corporis
2106 2627 2164 2672 et
2207 2617 2490 2686 sanguinis
2535 2615 2751 2670 Domini
2799 2615 2972 2670 nostri
3018 2611 3147 2668 Jesu
3195 2611 3406 2666 Christi

1823 2710 1932 2764 noli
1988 2720 2039 2765 te
2079 2724 2332 2764 securare
2372 2717 2433 2764 ut
2474 2709 2714 2778 quotidie
2760 2716 2815 2762 te
2866 2707 2957 2762 illa
2993 2721 3102 2760 non
3146 2702 3361 2758 munias
3389 2714 3424 2755 :-
3511 2755 3515 2758 .

1823 2812 2092 2874 quatenus
2125 2815 2222 2872 per
2270 2801 2410 2855 hanc
2456 2797 2896 2854 communionem
2935 2802 3400 2851 sacramentorum

1823 2894 1942 2962 ejus
1971 2908 2136 2947 unum
2163 2891 2390 2946 effectus
2424 2905 2547 2946 cum
2577 2903 2663 2953 eo,
2692 2887 2747 2942 in
2791 2902 2900 2957 quo
2934 2885 3187 2956 princeps
3212 2881 3408 2938 mundi

1826 2983 2052 3037 veniens
2098 2981 2235 3036 nihil
2266 2994 2422 3034 suum
2453 2978 2678 3041 invenit,
2729 2985 2786 3031 et
2835 2975 3009 3030 ﬁdelis
3057 2974 3112 3028 in
3150 2971 3420 3028 omnibus

1823 3073 2005 3127 verbis
2053 3071 2184 3135 suis,
2237 3077 2294 3124 et
2337 3078 2557 3124 sanctus
2605 3065 2660 3119 in
2708 3064 2962 3120 omnibus
3006 3061 3264 3134 operibus
3295 3059 3410 3114 suis

1823 3161 1994 3218 dixit:
2022 3160 2125 3227 Qui
2157 3159 2440 3214 manducet
2489 3171 2701 3211 carnem
2732 3171 2901 3209 meam
2945 3161 2992 3208 et
3029 3151 3154 3206 bibit
3191 3149 3424 3219 sanguis.

125 3251 398 3323 exempla,
450 3249 504 3303 in
535 3263 697 3303 manu
741 3247 897 3301 istius
931 3246 1235 3318 presbyteri
1262 3245 1441 3301 oleum
1472 3245 1716 3301 sanctiﬁ-
1744 3246 1790 3309 C
1822 3270 1938 3308 ηεηι
1973 3269 2167 3317 meum,
2199 3252 2254 3306 in
2282 3268 2362 3306 me
2389 3259 2564 3304 mana
2602 3259 2650 3303 et
2672 3265 2767 3318 ego
2793 3248 2850 3302 in
2876 3263 2937 3301 eo
2977 3245 3161 3318 (Joan.
3186 3258 3262 3307 vi,
3289 3242 3408 3310 57),

122 3354 329 3408 catum,
364 3325 615 3396 ut'etiam
639 3339 904 3409 obsequio
931 3353 1053 3392 meo
1082 3353 1179 3407 per
1206 3338 1324 3408 ejus
1357 3338 1712 3404 mentionem,

123 3433 367 3506 Spiritus
415 3431 592 3496 sancti
646 3430 843 3502 gratia,
901 3428 993 3498 qui
1044 3437 1129 3482 est
1177 3427 1425 3483 remissio
1472 3428 1717 3483 omnium

123 3533 502 3593 peccatorum,
546 3519 935 3590 indulgentiam
983 3517 1253 3589 percipias
1296 3515 1537 3572 Omnium
1583 3518 1718 3574 deli-

121 3625 362 3679 ctorum,
390 3621 445 3668 et
463 3611 802 3668 consortium
833 3617 1144 3664 sanctorum
1178 3608 1576 3679 episcoporum.
1607 3608 1714 3664 Ve-

121 3705 196 3759 lnt
228 3721 304 3760 ex
335 3701 608 3774 superﬂuo
629 3700 884 3770 denique,
909 3693 1164 3770 quoniam
1196 3700 1312 3754 haec
1342 3707 1391 3751 te
1411 3699 1587 3766 egisse
1609 3714 1716 3754 non

119 3795 338 3856 dubito,
401 3793 594 3845 bonam
649 3791 990 3844 devotionem
1045 3797 1192 3841 tuam
1257 3802 1595 3851 commoneo,
1656 3794 1719 3840 ut

118 3894 326 3956 praeter
361 3882 522 3937 istam
557 3880 865 3953 generalem
910 3878 1332 3945 confessionem,
1379 3893 1605 3948 quaeque
1648 3879 1718 3933 ab

121 3955 351 4034 ineunte
373 3982 553 4038 tetate,
581 3987 755 4042 usque
781 3971 850 4026 ad
889 3972 1028 4026 lianc
1058 3971 1112 4024 in
1148 3985 1255 4041 qua
1282 3955 1428 4025 nunc
1460 3969 1631 4042 degis,
1665 3979 1717 4025 te

121 4067 467 4125 commisisse
492 4065 800 4137 cognoscis,
825 4063 1136 4134 special-iter
1163 4079 1230 4120 ac
1257 4062 1570 4134 singillatim
1602 4063 1714 4120 Deo

122 4169 173 4214 et
198 4157 477 4215 sacerdoti
501 4165 690 4228 satage
730 4155 1011 4221 conﬁteri;
1042 4163 1099 4208 et
1132 4150 1259 4209 dum
1290 4155 1714 4226 unumquodque

122 4250 330 4305 erroris
371 4248 444 4302 tui
488 4247 956 4316 inquinamentum
987 4245 1302 4315 singillatim
1339 4243 1618 4300 conﬁteris
1656 4254 1713 4300 et

123 4343 312 4407 deﬂes,
347 4341 506 4397 simul
529 4350 580 4397 te
608 4341 676 4394 de
713 4340 966 4395 omnibus
1001 4351 1247 4394 actorum
1277 4341 1532 4411 lacrymis
1557 4358 1711 4397 mun-

125 4437 236 4491 des.
272 4434 431 4490 Unde
456 4433 652 4489 dicitur
679 4447 775 4501 per
810 4431 1138 4502 Prophetam
1165 4448 1178 4484 :
1205 4431 1500 4487 Divisiones
1539 4449 1706 4502 aqua-

127 4545 240 4583 rum
285 4526 506 4582 deduxit
535 4525 712 4580 oculos
754 4541 898 4579 meus
923 4520 1098 4595 (Psal.
1142 4539 1334 4587 cxvut,
1379 4522 1527 4594 156).
1563 4524 1710 4579 Divi-

1817 3349 1886 3402 ali
1914 3347 2062 3402 omni
2106 3346 2263 3401 hoste
2302 3345 2567 3408 munitus,
2619 3357 2846 3398 securus
2885 3341 2953 3395 ad
3007 3335 3312 3394 conditoris
3351 3343 3424 3390 et‘

1816 3436 2180 3507 redemptoris
2207 3450 2272 3491 ac
2298 3433 2587 3490 salvatoris
2617 3432 2692 3487 tui
2719 3428 3063 3502 praesentiam
3086 3425 3297 3481 venias.

2315 3553 2649 3612 EPISTOLA
2684 3549 2900 3607 XXVII.

2307 3687 2375 3725 AD
2415 3681 2688 3725 ADRIANUI
2724 3679 2916 3719 PAPAII.

1819 3782 2218 3854 Respondet__ad
2251 3797 2312 3834 ea
2342 3795 2460 3854 qua:
2495 3775 2730 3854 pontifex
2751 3774 2814 3827 de
2835 3787 2990 3854 regno
3013 3768 3322 3854 Lotltariiet
3341 3769 3436 3826 de.

2092 3851 2141 3904 11
2151 3841 2370 3904 incmari
2399 3841 2596 3916 nepotis
2625 3841 2789 3897 causa
2821 3841 3123 3895 mandarat.

2069 3959 2232 4024 (Apud
2253 3956 2504 4018 eumdem,
2529 3969 2592 4006 ex
2617 3955 2838 4006 editione
2861 3952 3189 4018 l’arisieusi.).
3333 3995 3355 4012 ._
3373 3964 3436 4017 π,

1887 4066 2118 4122 Domino
2167 4061 2511 4119 sanctissimo
2559 4068 2615 4115 et
2667 4051 3442 4116 reverentissimoal’ulmmit

1813 4159 1962 4215 Patri
1989 4158 2233 4214 ADRIANO
2249 4195 2265 4222 ,
2295 4153 2570 4224 primariae
2589 4150 2739 4206 sedis
2763 4148 3070 4226 apostolica:
3095 4157 3152 4207 et
3179 4145 3441 4202 universi

1813 4251 1944 4308 salis
1981 4250 2237 4305 Ecclesia:
2275 4261 2456 4318 papae,
2489 4244 2832 4307 HINCIABUS,
2871 4234 3436 4305 nominabat-mei:

1813 4345 1940 4409 rito,
1968 4341 2300 4396 Rhemorum
2327 4338 2612 4407 episcopus
2632 4375 2648 4400 ,
2676 4349 2739 4389 ac
2763 4332 2940 4404 plebis
2966 4332 3064 4386 Dei
3093 4322 3350 4385 famulus.
3407 4373 3430 4393 _.

1881 4430 2224 4488 Excellentitn
2252 4435 2447 4482 vestrae
2495 4425 2794 4480 auctoritas
2829 4437 3001 4492 nuper
3037 4437 3128 4477 XIV
3161 4419 3390 4477 Kalend.
3421 4465 3433 4471 α

1811 4523 2160 4584 Novembris,
2203 4519 2392 4573 indict.
2423 4533 2496 4582 tv,
2531 4517 2665 4571 mihi
2695 4531 2788 4586 per
2817 4515 3026 4584 legatos
3053 4528 3181 4570 suos
3212 4511 3402 4568 multis

129 4634 239 4673 sam
275 4618 480 4687 quippe
523 4631 589 4670 ex
630 4615 802 4670 oculis
850 4629 1046 4684 aquam
1094 4613 1445 4689 deducimus,
1489 4616 1708 4682 quando
1738 4600 1787 4659 Ι)
1812 4623 1868 4670 et
1897 4611 2109 4682 magnis
2137 4606 2600 4676 increpationibus
2648 4604 2940 4675 repletam,
2983 4602 3126 4659 sicut
3153 4603 3256 4658 sibi
3287 4601 3405 4670 pla-

129 4709 370 4777 peccatis
417 4705 640 4776 singulis
694 4705 1008 4774 dispertitas
1066 4703 1337 4774 lacrymas
1394 4703 1708 4760 conﬁtendo

131 4800 472 4852 exhibemus.
520 4797 648 4864 Quze
688 4796 1006 4868 singillatim
1039 4795 1108 4850 de
1149 4795 1378 4866 singulis
1419 4796 1588 4852 semel
1621 4811 1711 4852 sa-

1812 4705 1955 4770 euit,
2008 4701 2158 4758 misit
2202 4697 2508 4767 epistolam.
2550 4698 2628 4752 De
2669 4697 2898 4767 quibus,
2929 4705 2992 4752 ut
3033 4696 3137 4750 viri
3177 4693 3404 4764 ﬂagellis

1812 4793 2010 4852 eruditi
2039 4789 2220 4846 verbis
2247 4796 2390 4852 utar,
2437 4794 2702 4857 quantum
2748 4786 2816 4840 ad
2863 4787 3160 4842 humanum
3192 4790 3407 4852 spectat

133 4890 332 4944 cet-doti
364 4886 558 4942 sufﬁcit
583 4887 849 4942 confessio
873 4885 1036 4949 facta,
1081 4887 1128 4942 si
1151 4897 1276 4957 post
1315 4887 1455 4942 hanc
1490 4887 1707 4944 confes-
1805 4884 2069 4956 judicium
2101 4897 2128 4933 ε.
2149 4877 2276 4932 Non
2304 4877 2415 4931 viro
2443 4879 2534 4947 qui
2579 4873 2769 4929 similis
2791 4875 2913 4928 mei
2941 4883 3018 4927 est
3049 4869 3397 4941 respondebo,

134 4979 359 5043 sionem,
383 4987 442 5033 et
461 4992 555 5048 per
575 4977 910 5033 sacerdotale
933 4977 1220 5032 consilium
1247 4979 1706 5046 emendationem,

135 5088 236 5128 non
266 5071 472 5127 fuerint
493 5071 684 5124 iterata
720 5079 962 5140 peccata.
995 5069 1249 5136 Quotidie
1287 5079 1464 5126 tamen
1491 5070 1559 5126 de
1588 5071 1705 5126 sin-

136 5165 268 5233 gulis
301 5161 614 5234 singillatim
653 5177 775 5216 cum
821 5161 1026 5234 gemitu
1056 5160 1143 5216 vel
1189 5159 1444 5231 lacrymis
1488 5162 1542 5215 in
1585 5177 1710 5217 ora~

139 5255 278 5310 tione
325 5254 442 5308 Deo
480 5261 564 5307 est
608 5253 851 5308 facienda
889 5250 1186 5314 confessio,
1239 5258 1297 5303 ut
1331 5250 1404 5304 ita
1444 5251 1710 5309 conﬁtens

140 5344 356 5366 n-_.s_..-
393 5356 511 5366 -..μ
542 5340 815 5366 λαμ-ε-.-
871 5344 1045 5366 12--....
1073 5339 1241 5366 ...ηομες
1272 5355 1284 5366 .
1324 5339 1551 5366 1...-Ιέ..-
1595 5339 1706 5366 1-..-

1814 4993 1907 5032 nec
1937 4976 2029 5045 qui
2067 4986 2269 5027 mecum
2304 4969 2359 5022 in
2393 4969 2600 5038 judicio
2626 4968 2790 5036 possit
2817 4965 2996 5020 audiri
3026 4981 3044 5018 :
3076 4979 3169 5017 nec
3194 4970 3269 5014 est
3309 4975 3404 5029 qus

1813 5079 2090 5140 utrumque
2117 5063 2289 5118 ualeat
2322 5077 2544 5132 arguere
2566 5099 2581 5123 ,
2602 5068 2648 5112 et
2675 5073 2865 5126 ponere
2909 5069 3125 5110 manum
3153 5066 3306 5106 suam
3341 5050 3424 5104 iu.

1813 5138 2063 5215 antbobus
2109 5152 2244 5227 (Job
2289 5167 2378 5216 Ix,
2419 5152 2482 5207 51
2507 5192 2520 5215 ,
2555 5148 2684 5219 52);
2714 5159 2817 5202 et:
2863 5145 2924 5202 Si
2965 5144 3169 5197 locutus
3215 5138 3398 5206 fuero,

1814 5267 1918 5306 non
1949 5249 2172 5320 quiescet
2211 5241 2363 5296 dolor
2391 5257 2569 5306 meus;
2594 5247 2641 5292 et
2669 5238 2716 5290 si
2737 5246 2948 5290 tacuero
2967 5273 2982 5300 ,
3010 5246 3112 5285 non
3139 5228 3339 5282 recedet
3364 5247 3400 5283 α

1814 5355 1894 5366 μ.-
1920 5339 1935 5366 l
1955 5319 2040 5366 1'-..
2080 5350 2166 5366 .m-
2227 5331 2300 5366 I'n
2349 5331 2641 5366 nmmo-mn
2674 5341 2779 5366 non
2807 5342 2871 5366 ρτ
2897 5336 3053 5366 malm
3082 5320 3147 5366 ad
3179 5319 3358 5366 omnia
3378 5360 3392 5366 -
