4012 6318
509 358 614 418 175

1473 363 1804 418 HINCMARI
1844 361 2246 425 RHEHENSIS
2282 361 2802 422 ARCHIEPISCOPI

3675 365 3785 427 ne

509 472 819 545 apostolica:
847 474 960 530 sedi
991 475 1282 548 remissum
1301 516 1315 540 ,
1344 477 1484 532 sicut
1511 491 1596 533 me
1627 491 1726 546 pro
1757 485 1941 546 vestro
1965 491 2092 531 eon-
2124 478 2168 537 Λ
2199 472 2281 529 vel
2329 475 2771 540 non'resistem-lo
2795 474 3187 541 consenserit,
3207 491 3332 560 non
3351 473 3464 546 iam
3500 483 3779 549 pastoris,

509 560 714 635 tempto
760 565 953 622 fecisse
998 560 1214 636 penitus
1251 576 1495 632 constat,
1539 569 1758 639 quando
1788 585 1959 640 nuper
2001 585 2096 640 per

507 658 656 713 viros
685 659 878 726 missos
901 659 954 714 in
983 659 1280 714 Galliarum
1308 669 1494 730 partes
1523 661 1783 732 epistolas
1815 671 1926 716 tam
1961 661 2091 715 mihi

515 763 678 817 quam
709 735 1184 814 aliis‘destinastis,
1206 759 1260 805 et
1290 751 1493 816 nullum
1519 752 1641 808 inde
1667 768 1985 822 responsum
2017 768 2097 806 re-

505 840 1040 911 cepistis.'llumiliter
1052 857 1300 911 suggero,
1317 844 1440 916 quia
1458 860 1730 914 nunquam
1747 861 1842 915 per
1852 854 2096 900 contem-

505 941 657 1002 ptum
704 947 733 984 a
775 932 925 1008 sedis,
960 934 1268 1010 apostolica:
1292 936 1740 1010 praeceptionibus
1766 937 1975 991 deviavi
1999 976 2012 1001 ,
2038 943 2094 990 et

504 1023 558 1078 in
583 1033 767 1078 vestra
793 1025 1019 1096 epistola
1039 1009 1141 1100 per
1157 1039 1618 1097 commemorath
1640 1029 1836 1084 missos
1856 1039 2091 1094 vestros,

503 1106 730 1182 Paulum
763 1114 971 1176 scilicet
1019 1124 1083 1180 et
1122 1117 1359 1176 Leonem
1409 1118 1746 1173 venerabiles
1773 1118 2093 1188 episcopos,-

503 1202 786 1274 pusillita‘ti
809 1220 949 1261 mea:
983 1207 1184 1270 directa
1209 1210 1503 1279 scripsistis
1531 1211 1658 1279 quid
1688 1211 1813 1266 inde
1837 1226 2052 1281 agerem
2073 1233 2106 1277 ,ῖ-

501 1296 598 1352 sed
632 1311 749 1376 non
797 1290 1098 1369 scripsistis
1129 1309 1187 1355 ut
1231 1301 1355 1366 inde
1383 1303 1536 1359 vobis
1565 1304 1944 1359 rescriberem.
1982 1305 2105 1359 Ve-.

499 1397 808 1445 rumtamen
858 1377 1067 1446 eisdem
1102 1379 1283 1454 missis
1319 1395 1519 1454 vestris
1568 1396 1748 1451 verbis
1793 1397 2086 1465 respondi,

497 1494 598 1549 pro
626 1480 831 1536 viribus
855 1497 941 1538 me
963 1481 1266 1552 jussionem
1297 1494 1532 1544 vestram
1553 1497 1966 1546 exsecuturum.
1989 1486 2088 1558 Egi

497 1579 679 1628 autem
731 1571 929 1636 exinde
989 1571 1250 1642 quantum
1304 1575 1486 1641 valui,
1534 1584 1590 1632 et
1640 1586 1902 1646 quantum
1954 1576 2110 1648 mihi.

499 1661 767 1739 agendum
811 1681 932 1724 esse
965 1659 1357 1740 viderepntui,
1392 1679 1447 1725 et
1476 1671 1617 1740 quod
1665 1686 1753 1728 me
1780 1686 1942 1740 agere
1979 1686 2086 1726 non

495 1755 657 1828 pesse
683 1760 827 1826 vidi,
857 1762 924 1816 ad
957 1763 1240 1831 potestatis
1261 1771 1457 1820 vestra:
1481 1764 1857 1819 auctoritatem
1889 1772 2088 1825 tractae

2195 565 2288 619 sed
2338 566 2660 620 mercenarii
2692 566 2913 626 nomine
2953 581 3011 623 se
3057 568 3272 622 noverit
3313 572 3676 638 censendum,
3717 583 3784 627 ‘ct

2195 658 2320 728 quia
2355 655 2466 725 jam
2514 674 2619 713 non
2668 659 2966 728 pertinebit
3013 660 3081 714 ad
3130 676 3254 715 eum
3296 660 3366 716 de
3409 663 3632 730 ovibus,
3666 677 3782 722 non

2192 750 2487 820 pertinebit
2549 761 2949 819 consequenter
3003 754 3070 806 de
3125 754 3491 822 pastoralibus
3539 747 3782 826 ἀίεξηὶωέ

2196 841 2357 894 tibus.
2413 840 2544 907 Qum
2601 856 2780 895 autem
2849 842 2902 897 in
2953 843 3214 911 epistolis
3250 845 3319 898 ad
3382 849 3666 916 episcopos
3721 858 3792 904 et

2195 945 2484 1002 regnorum
2544 933 2813 1000 primores
2871 934 3022 1003 reg-ni
3079 935 3352 1004 quondam
3403 934 3647 990 Lotharii
3697 938 3786 992 di-

2194 1027 2358 1080 rectis
2407 1027 2810 1091 contineantur,
2880 1027 3075 1082 melius
3126 1028 3226 1096 ipsi
3289 1027 3461 1093 scitis,
3517 1029 3611 1098 qui
3675 1045 3783 1084 eas

2191 1115 2418 1186 legistis.
2469 1117 2663 1171 Audivi
2696 1117 2858 1171 etiam
2891 1119 3033 1185 quod
3085 1117 3291 1172 similes
3329 1117 3604 1186 epistolm,
3634 1121 3788 1175 sicut

2192 1208 2389 1262 domno
2425 1217 2612 1264 nostro
2651 1208 2881 1272 Carolo,
2926 1218 2982 1262 et
3029 1208 3298 1278 episcopis
3339 1224 3426 1264 ac.
3451 1210 3790 1280 primoribus

2191 1301 2340 1369 regni
2363 1299 2531 1368 ipsius
2559 1298 2784 1354 directae
2807 1308 2966 1362 sunt,
2998 1299 3196 1354 domno
3219 1300 3580 1356 nihilominus
3595 1301 3790 1357 Ludo-

2189 1390 2309 1452 vico
2343 1392 2456 1461 regi
2493 1391 2763 1461 glorioso,
2811 1403 2865 1445 et
2913 1390 3182 1459 episc0pis
3229 1407 3296 1443 ac
3343 1393 3492 1462 regni
3523 1393 3638 1460 ejus
3663 1394 3792 1463 pri-

2188 1483 2435 1538 moribus
2465 1483 2646 1538 missae
2691 1491 2851 1546 sunt,
2899 1484 3044 1552 quol
3074 1497 3171 1536 vos
3213 1483 3304 1552 qui
3353 1484 3420 1538 de
3468 1500 3634 1554 regno
3660 1487 3790 1556 ejus

2189 1575 2324 1631 estis
2351 1575 2555 1632 certius
2581 1575 2762 1631 scitis.
2798 1574 2926 1630 Mihi
2973 1588 3190 1643 quoque
3217 1575 3412 1644 exiguo
3444 1575 3788 1632 Rhemorull

2187 1667 2441 1735 episeopo
2467 1666 2793 1720 auctoritate
2816 1681 2913 1720 sua
2937 1667 3168 1720 domnus
3209 1667 3534 1735 apostolicus
3563 1671 3758 1738 speci:
3783 1698 3790 1702 -

2190 1754 2310 1810 liter
2339 1755 2776 1816 emnmendavit,
2823 1764 2880 1810 ut
2928 1755 3044 1810 vice
3089 1771 3186 1810 sua
3233 1767 3342 1814 tam
3393 1773 3582 1828 reges,
3612 1761 3796 1828 quan!

495 1851 643 1906 tione
673 1867 787 1905 mea
820 1851 1024 1920 referre
1056 1854 1282 1917 curavi,
1313 1854 1455 1912 sicut
1485 1862 1539 1910 et
1566 1855 2083 1910 vobis'innotescen-

2186 1854 2414 1899 caeteros
2464 1844 2557 1899 Dei
2591 1860 2653 1900 ac
2684 1847 2866 1900 mundi
2916 1847 3203 1902 ministros
3233 1849 3613 1915 admonendo,
3651 1866 3790 1906 suae

495 1925 806 2010 dum-cujus
836 1941 910 1995 rei
939 1943 1144 2014 exitum
1174 1953 1229 1998 et
1257 1942 1485 2002 effectus
1509 1943 1900 2000 certitudinem
1924 1943 2078 2008 scivi,

495 2033 709 2098 quando
739 2032 993 2103 praefatos
1023 2035 1421 2104 increpatorias
1447 2036 1656 2092 litteras
1680 2035 1812 2090 mihi
1839 2035 2078 2102 misistis,

489 2119 764 2188 parabam.
803 2122 1045 2189 scilicet,
1080 2125 1351 2192 quomodo
1387 2126 1500 2195 ipsa
1549 2125 1669 2189 die,
1717 2125 1934 2194 quando
1964 2125 2082 2195 cpi-

491 2211 882 2289 stolasqves’trae
910 2215 1253 2278 auctoritatis
1297 2215 1428 2270 mihi
1471 2215 1670 2271 Paulus
1705 2224 1758 2272 et
1789 2215 1900 2270 Leo
1923 2230 2084 2271 vene-

490 2297 690 2359 rabiles
715 2306 951 2377 episcopi
981 2305 1248 2362 dederunt
1302 2307 1412 2378 regi
1463 2316 1518 2363 et
1575 2307 1845 2376 episcopis
1865 2348 1881 2372 ,
1909 2314 1963 2362 et
1993 2322 2082 2361 re-

489 2411 718 2465 gnorum
749 2397 1113 2466 primoribus,
1146 2398 1239 2470 qui
1275 2409 1382 2454 tam
1428 2399 1496 2454 de
1526 2415 1695 2470 regno
1732 2399 1875 2468 quod
1923 2407 2083 2453 antea

489 2489 724 2552 domnus
746 2489 976 2546 Carolus
1001 2492 1212 2557 habuit,
1239 2507 1402 2562 quam
1425 2500 1480 2546 ct
1502 2492 1567 2546 de
1595 2507 1761 2561 regno
1789 2491 1932 2560 quod
1955 2489 2083 2544 olim

487 2594 584 2636 rex
613 2579 908 2638 Lotharius
941 2582 1129 2657 habuit
1153 2582 1446 2638 adfuerunt
1465 2622 1480 2647 ,
1510 2581 1710 2652 relegi,
1734 2590 1790 2637 et
1815 2581 1896 2636 eis
1922 2589 1980 2634 ut
2008 2579 2084 2634 ita

490 2657 772 2724 servarent
805 2670 1129 2726 denuntiare
1159 2672 1369 2732 curavi.

561 2759 658 2816 llis
704 2769 886 2816 autem
934 2763 1150 2831 quidem
1201 2763 1472 2833 episcopis
1529 2762 1680 2832 regni
1734 2761 1876 2831 quod
1923 2771 2083 2818 antea

488 2839 718 2924 dumnus
765 2851 993 2926 Carolus
1043 2854 1259 2918 habuit,
1309 2854 1616 2909 detulerunt
1661 2853 1966 2923 epistolam,
2018 2853 2096 2908 ad.

487 2959 582 3000 eos
611 2945 940 3016 generaliter
969 2945 1234 3002 directam
1265 2947 1564 3002 transmisi.
1599 2944 1834 3015 indeque
1866 2946 2082 3014 episeoo

493 3037 716 3107 pistum
750 3052 818 3093 ex
848 3053 1016 3108 regno
1039 3053 1138 3098 suo
1165 3039 1441 3108 quondam
1470 3038 1747 3105 Lotharii,
1780 3039 1874 3108 qui
1907 3039 1959 3093 in
1991 3038 2086 3093 At-

486 3112 694 3202 tiniaco
718 3129 891 3202 jussu
911 3131 1082 3200 ipsius
1103 3131 1292 3186 domni
1317 3131 1662 3200 Caroli-regis
1678 3140 2079 3194 convenerunt,

487 3219 740 3285 eamdem
771 3218 1055 3288 epistolam
1088 3219 1295 3291 relegi,
1351 3228 1406 3275 et
1452 3219 1678 3290 prmfato
1723 3220 1923 3276 domno
1967 3221 2076 3289 regi

485 3309 854 3377 Carolo,-sed
902 3321 956 3367 et
1006 3311 1276 3382 episcopis
1303 3313 1452 3383 regni
1483 3312 1686 3380 ipsius,
1717 3320 1772 3366 et
1811 3311 2080 3380 episcopis

485 3401 644 3472 regni
674 3401 874 3470 dudum
903 3400 1146 3458 Lotbarii
1167 3443 1182 3465 ,
1215 3411 1267 3456 et
1298 3402 1567 3471 episcopis
1597 3402 1746 3473 regni
1777 3401 2031 3457 Ludovici
2063 3439 2078 3468 ,

485 3474 580 3546 sed
610 3498 666 3544 et
689 3490 790 3560 ipsi
810 3489 1092 3562 Ludovico
1119 3493 1232 3563 regi
1264 3491 1574 3548 Germania:
1598 3492 1738 3547 hanc
1763 3491 2078 3546 schcdulam

487 3596 608 3650 qua:
633 3581 1009 3653 subsequitur,
1032 3594 1154 3655 post
1171 3583 1484 3653 juramenta
1508 3585 1653 3638 inter
1676 3598 1830 3652 reges
1853 3583 1973 3640 sine
1996 3598 2080 3637 me

487 3672 656 3750 facta,
688 3673 830 3729 dedi.
884 3674 940 3750 in
973 3690 1095 3746 qua,
1121 3675 1200 3730 sic
1247 3675 1588 3730 auctoritatis
1634 3681 1829 3729 vestra:
1871 3688 2078 3744 pnece-

485 3763 724 3832 ptionem
745 3764 931 3831 indixi,
955 3773 1015 3836 ut
1037 3763 1292 3835 periculis
1315 3763 1723 3819 imminentibus
1749 3776 2079 3830 commemo-

487 3851 654 3916 ratis,
686 3854 957 3926 quomodo
987 3855 1065 3918 eis
1091 3836 1338 3918 obviare,
1370 3861 1426 3907 et
1449 3852 1536 3906 illa
1562 3852 1744 3906 omnia
1776 3851 1990 3922 penitus
2013 3858 2087 3912 et

484 3941 707 3998 insimul
741 3927 1098 4014 commovere
1124 3959 1251 4013 non,
1279 3951 1523 4014 poteram
1544 3983 1558 4004 .
1590 3943 1854 4000 relatione
1884 3943 1950 3995 ad
1982 3956 2080 3993 au-

484 4030 798 4096 ctoritatem
823 4040 1096 4107 F’estram,
1123 4031 1244 4096 etsi
1270 4047 1373 4107 non
1398 4031 1805 4105 resistentibus,
1835 4030 1917 4086 vel
1945 4029 2075 4084 mihi

485 4105 1237 4200 consulerem-Ipsaiautem
1285 4105 1575 4192 Schedula,
1637 4128 1701 4188 et.
1738 4121 1982 4196 regibus.
2022 4127 2084 4176 et

486 4210 799 4290 episcopis,
849 4224 913 4274 ac
946 4225 1237 4285 regnorum
1287 4211 1618 4279 primoribus
1656 4225 1686 4263 a
1725 4226 1812 4266 me
1848 4211 2076 4274 recitata

484 4305 688 4376 etdata
710 4346 732 4376 ,,
763 4306 841 4372 ita
870 4320 944 4376 se,
978 4305 1182 4380 habet;
1215 4325 1238 4368 ι,
1264 4307 1510 4370 Domnus
1531 4307 2078 4377 apostolicusAdria-

488 4410 594 4472 nus
613 4436 629 4460 ,
661 4395 806 4466 sicut
822 4396 1013 4466 multis
1031 4398 1450 4469 estcognitum,
1475 4408 1530 4453 et
1551 4398 1748 4458 litteris
1769 4399 1914 4465 suis,
1939 4413 2076 4468 quas

440 4506 442 4508 ν
485 4503 600 4556 prae
622 4488 872 4562 manibus
899 4488 1107 4561 habeo,
1129 4489 1410 4562 exiguitati
1441 4505 1578 4546 mea:
1599 4489 1854 4558 dignatus
1881 4497 1966 4548 est
1994 4490 2086 4546 ina

485 4579 712 4654 timazre,
751 4579 974 4649 regibus
995 4589 1065 4636 ret
1091 4579 1415 4650 przesulibus
1443 4593 1509 4638 ac
1538 4595 1845 4651 regnorum.
1869 4579 2070 4650 primo-

486 4671 639 4746 ribus
665 4673 726 4728 in
752 4670 1182 4738 bisti-albarum.
1199 4673 1448 4743 partium;
1471 4671 1816 4742 regionibus,
1849 4672 2072 4735 etinter

485 4773 700 4835 caetera
727 4764 1051 4826 auctoritate
1081 4764 1481 4826 tninisteriisui
1511 4763 1838 4830 mandavit,
1878 4773 1938 4818 ut
1984 4778 2074 4818 re,-

485 4869 650 4924 mum
667 4853 936 4925 quondam
964 4867 1039 4906 ace
1055 4852 1196 4922 regis
1221 4852 1491 4918 Lotharii,
1508 4852 1650 4922 quod
1673 4852 1874 4907 domno
1903 4853 2070 4922 impe-

485 4945 655 5010 ratori
728 4943 1002 5000 Ludovico
1045 4943 1334 5012 gspirituali
1387 4941 1498 5000 ﬁlio
1550 4943 1685 5012 ejus
1724 4944 2093 5002 hatreditario.

477 5035 602 5110 iure
622 5036 880 5102 debetur,
910 5034 1138 5106 etquod
1163 5035 1408 5094 adeum
1457 5044 1580 5104 post
1625 5044 1855 5098 mortem
1905 5036 2080 5105 ipsius

483 5128 735 5188 Lotharii
775 5127 1098 5191 rediet,.vcl
1130 5127 1378 5186 homines
1414 5128 1480 5182 in.
1505 5144 1570 5186 eo
1599 5127 1888 5199 degentes,
1926 5144 2095 5186 πλοισι.

486 5219 675 5275 talium
706 5219 885 5280 nullus
915 5219 1165 5283 invadat,
1197 5217 1374 5295 nullus
1401 5227 1774 5293 commoveat,
1804 5217 1980 5274 nullus
2004 5218 2074 5276 ad

488 5328 548 5367 se
578 5323 804 5367 conetur
843 5311 1141 5367 inﬂectere.
1192 5311 1346 5377 Quod
1381 5311 1425 5366 si
1462 5310 1584 5378 quis
1631 5311 2071 5388 praesumpserit,

488 5419 598 5468 non
629 5404 799 5460 solum
834 5421 930 5476 per
959 5403 1463 5474 stne-auctoritatis
1508 5403 1874 5460 ministerium
1923 5403 2072 5458 inﬁr-

490 5496 748 5563 mabitur,
774 5515 960 5556 verum
985 5501 1145 5559 etiam
1171 5497 1754 5554 vinclisvanathematis
1779 5497 2069 5564 obligatus,

492 5587 710 5652 nomine
732 5588 1158 5659 Christianitatis
1179 5590 1445 5660 privatus,
1467 5602 1596 5648 cum
1615 5586 1828 5642 diabolo
1850 5586 2090 5644 omnino,

490 5681 792 5748 iocabitur;
848 5690 905 5737 et
943 5683 992 5738 .si
1041 5683 1164 5752 quis
1210 5691 1465 5740 nostrum
1513 5680 1586 5738 .dc
1640 5679 1920 5749 episcopis,
1957 5687 2095 5758 tam.

492 5771 716 5834 nefariae
765 5771 1084 5828 temeritatis
1129 5781 1404 5832 aucto-tem
1430 5771 1778 5853 yeltacendo
1824 5768 2089 5840 ingerit”

2186 1938 2361 1994 dendo
2377 1979 2392 2002 ,
2417 1954 2480 1992 ac
2499 1939 2834 2008 prohibendo
2857 1955 2884 1992 a
2914 1940 3229 2008 cupiditatis
3253 1941 3336 1997 vel
3357 1943 3595 1997 avaritiae
3617 1944 3785 2008 vitio,

2186 2036 2243 2082 et
2271 2036 2330 2081 ut
2370 2027 2544 2082 aliena
2574 2044 2677 2082 non
2703 2029 3037 2098 suscipiant,
3066 2039 3229 2098 atque
3245 2034 3474 2101 regnum
3499 2033 3786 2100 quondam

2185 2117 2428 2176 Lotharii
2473 2128 2527 2174 et
2579 2118 2828 2174 homines
2858 2120 2912 2173 in
2944 2136 3010 2174 eo
3037 2121 3295 2192 degentes
3324 2137 3429 2176 non
3480 2124 3784 2188 invadant,

2199 2211 2560 2281 comprimam
2586 2220 2644 2266 et
2671 2221 3034 2282 compescant.
3079 2211 3270 2267 Sedet
3300 2229 3396 2282 per
3429 2214 3630 2270 multos
3659 2224 3719 2269 et
3749 2231 3784 2270 a

2195 2292 2381 2358 inultis
2410 2304 2604 2370 audio,
2654 2305 2981 2375 divulgatum
3027 2305 3169 2360 inter
3209 2306 3481 2375 principes
3520 2320 3784 2372 nostros,

2198 2397 2446 2452 dominos
2492 2397 2696 2453 scilicet
2723 2413 2788 2452 ac
2820 2414 2974 2468 reges
3004 2398 3267 2469 gloriosos
3287 2439 3304 2463 ,
3353 2400 3557 2454 mutuis
3591 2415 3788 2454 sacra-

2188 2488 2386 2541 mentis
2417 2487 2690 2542 ﬁrmatum
2713 2529 2728 2551 ,
2764 2498 2826 2542 ut
2861 2490 3008 2543 inter
3045 2504 3142 2544 eos
3167 2489 3261 2558 qui
3287 2504 3347 2544 se
3374 2489 3562 2544 dicunt
3606 2490 3788 2559 ipsius

2187 2579 2338 2647 regni
2377 2579 2619 2634 haeredes
2647 2593 2768 2634 esse
2809 2595 2962 2650 aequa
2993 2580 3188 2635 divisio
3227 2581 3403 2650 ipsius
3449 2582 3601 2651 regni
3633 2584 3732 2635 ﬁat
3760 2600 3778 2635 :

2197 2682 2315 2735 qua:
2343 2669 2573 2722 ﬁrmitas
2596 2670 2647 2726 si
2665 2669 2935 2725 facta-non
2965 2670 3186 2737 fuisset,
3213 2681 3272 2724 ut
3297 2672 3451 2726 multi
3480 2673 3774 2736 allirmant,

2191 2756 2304 2826 jam
2337 2760 2528 2812 seditio
2559 2760 2698 2838 inter
2723 2761 2946 2830 populos
2995 2762 3100 2816 illis
3124 2761 3396 2830 subjectos
3425 2774 3614 2818 exorta
3642 2763 3790 2818 luis»:

2194 2861 2293 2906 set.
2342 2853 2408 2906 Et
2442 2853 2484 2907 si
2524 2853 2636 2922 ipsa
2665 2853 2894 2909 ﬁrmitas
2919 2863 3176 2910 exsecuta
3214 2871 3320 2911 non
3361 2856 3554 2919 fuerit,
3585 2856 3776 2926 palilia

2185 2950 2240 2996 et
2270 2942 2600 3007 seditiones,
2648 2944 2790 2998 sicut
2829 2943 2942 3010 jam
2975 2945 3177 3000 fuerint
3209 2959 3330 3016 post
3353 2948 3558 3002 obitum
3589 2949 3778 3002 domui

2187 3033 2449 3088 Ludovici
2521 3036 2902 3104 imperatoris,
2975 3037 3128 3092 inter
3164 3053 3277 3092 eos
3329 3049 3660 3110 exSurgent,
3719 3048 3782 3095 et

2187 3126 2422 3180 maxima
2471 3135 2681 3196 strages
2706 3129 2904 3197 populi
2937 3145 3002 3183 ac
3051 3131 3285 3200 perditio
3313 3132 3614 3186 animarum
3647 3132 3790 3187 inde

2110 3187 2170 3258 (ἶ.
2187 3217 2496 3286 proveniet,
2528 3187 2671 3285 quuod
2703 3187 2889 3286 postea
2940 3187 3218 3275 emendari
3247 3237 3354 3275 non
3381 3223 3597 3291 poterit.
3628 3224 3780 3290 Qua-

2186 3317 2403 3376 pr0pter
2434 3308 2576 3362 inter
2603 3317 2748 3362 tanta
2783 3316 2838 3362 et
2870 3309 3001 3363 talia
3048 3311 3563 3379 pericula,~seilicet
3587 3315 3778 3371 domui

2183 3396 2469 3464 apostolici.
2495 3408 2826 3468 prmceptum
2858 3399 3152 3471 negligere,
3178 3410 3232 3456 et
3257 3412 3473 3473 pactum
3490 3403 3776 3471 juramen—

2184 3487 2253 3542 tis
2282 3487 2334 3540 in
2365 3489 2581 3541 nomine
2612 3488 2826 3544 Domini
2865 3505 2922 3544 et
2948 3499 3258 3546 sanctorum
3287 3493 3405 3562 ejus
3433 3494 3574 3550 inter
3598 3508 3773 3564 reges

2183 3588 2398 3634 nostros
2440 3580 2716 3634 ﬁrmatum
2767 3581 3170 3638 dissolvendum
3213 3584 3492 3652 judicare,
3525 3595 3589 3640 .et
3619 3588 3770 3642 sedi-

2181 3669 2356 3724 tiones
2393 3670 2712 3740 populorum
2754 3685 2819 3725 ac
2848 3671 3030 3740 praelia
3057 3674 3477 3742 parvipen’dere,
3505 3684 3560 3728 et
3580 3685 3771 3732 utec-

2181 3759 2469 3816 clesiarum
2503 3770 2742 3816 rectores
2767 3778 2834 3817 ac
2864 3764 2965 3817 viri
3006 3764 3250 3829 nobiles,
3281 3765 3353 3820 de.
3387 3766 3571 3821 multis
3597 3767 3778 3835 parti-

2180 3851 2282 3907 bus
2331 3867 2362 3905 a
2409 3855 2636 3923 paganis
2676 3854 2938 3923 impetiti,
2972 3865 3025 3910 et
3057 3856 3175 3911 sine
3211 3872 3340 3926 rege
3377 3858 3772 3928 acprincipe,

2181 3944 2284 3999 nisi
2310 3959 2468 4014 quem
2495 3945 2596 4013 ipsi
2623 3955 2745 4014 post
2768 3955 2998 4002 mortem
3024 3947 3267 4003 Lotharii
3295 3965 3520 4019 prosus.
3539 3952 3778 4020 quisque

2181 4034 2556 4088 convenientia
2603 4035 2900 4105 elegerint,
2939 4038 3090 4098 sicut
3135 4038 3398 4104 fatentur,
3434 4041 3772 4106 existentes,

2181 4137 2289 4178 non
2327 4123 2569 4186 debeant,
2601 4124 2684 4178 vel
2714 4126 2868 4180 sicut.
2895 4127 3095 4182 habent
3123 4130 3780 4186 necessitatem-nonin-

2179 4214 2344 4268 beant
2395 4214 2698 4272 libertatem
2766 4227 3033 4273 rectorem
3083 4219 3317 4290 eligere,
3373 4223 3463 4290 qui
3519 4231 3780 4278 sanctam

2179 4305 2512 4373 Ecclesiam,
2565 4317 2621 4372 et
2672 4324 2766 4364 eos
2817 4319 2980 4380 atque
3042 4310 3532 4370 Christianitatem~
3576 4315 3632 4369 in
3678 4316 3775 4371 illo

2179 4416 2346 4471 regno
2379 4402 2771 4465 consistentem
2796 4404 3048 4462 defendat
3071 4418 3124 4461 et
3147 4409 3446 4478 gubernet,
3476 4411 3658 4466 dicere
3678 4426 3774 4466 an-

2179 4496 2335 4552 xians
2367 4496 2484 4556 sine
2514 4498 2749 4564 generali
2787 4498 3154 4555 unanimitate
3199 4502 3784 4575 eptiscoporumgregni

2155 4583 2359 4642 :domni
2390 4583 2604 4650 Caroli,
2635 4585 2831 4653 quibus
2861 4588 3093 4646 domnus
3113 4629 3120 4640 .
3139 4591 3469 4658 apostolicus
3491 4595 3782 4652 delcausa.

2173 4675 2325 4746 regni
2355 4675 2597 4737 Lotliarii
2619 4693 2773 4731 suam
2793 4679 2946 4734 misit
2970 4682 3282 4750 epistolam,
3307 4687 3786 4754 quameis,*sicnt~

2174 4767 2307 4827 mihi
2335 4776 2804 4837 estpracceptum,
2838 4772 3055 4835 direxi.
3099 4775 3170 4829 de
3200 4776 3289 4831 bis
3329 4792 3452 4846 qua:
3489 4782 3766 4848 praemisi,

2174 4865 2436 4924 quantum
2463 4873 2539 4914 ex.
2565 4873 2650 4916 mc
2677 4869 2761 4923 est
2777 4901 2792 4923 .
2812 4862 2963 4919 nulli
2987 4863 3299 4921 deﬁnitioni
3323 4869 3768 4930 audeoconsen-

2179 4948 2279 5020 tire
2295 4988 2310 5014 ,
2339 4958 2618 5016 reservato.
2644 4966 2741 5019 per
2760 4955 2954 5019 omnia.
2971 4956 3256 5027 privilegio
3276 4963 3772 5018 sententiaedmnni-

2179 5039 2544 5109 papaz,..cujus
2573 5045 2895 5108 auctoritas,
2925 5047 2970 5100 si
2995 5046 3197 5115 aliquid
3229 5051 3298 5104 de
3325 5052 3465 5105 actis
3492 5051 3784 5124 (ξονι-ἰδέω

2177 5134 2302 5186 dum
2351 5131 2516 5188 fuerit
2536 5173 2550 5198 ,
2582 5135 2958 5196 admonitione
2998 5148 3224 5208 paterna
3255 5143 3528 5212 corriget,
3559 5156 3770 5216 etque:

2177 5223 2494 5282 stabilienda
2529 5234 2656 5280 sunt
2679 5227 2883 5293 poterit
2906 5227 3178 5282 roborare.
3215 5250 3234 5282 ›

2209 5367 2214 5370 ,
2249 5316 2322 5369 De
2346 5315 2446 5370 hoc
2471 5332 2601 5372 vero
2619 5319 2764 5387 quod
2787 5321 2918 5374 mihi
2945 5321 3238 5390 scripsistis
3263 5324 3506 5381 dicentes
3531 5344 3543 5380 :
3569 5347 3600 5381 ἰ
3630 5329 3770 5397 Quis

2179 5407 2373 5464 melius
2401 5417 2453 5464 te
2485 5411 2652 5473 novit,
2675 5412 2822 5479 quod
2855 5412 2947 5464 ﬁlii
2987 5418 3260 5482 quondam
3295 5415 3550 5474 Ludovici
3582 5435 3786 5492 tmpe-t

2178 5499 2479 5563 ratoris,.in
2523 5515 2690 5554 unum
2721 5502 3128 5567 conveuientes,
3157 5508 3774 5575 reguumyinterse-di-

2177 5587 2438 5649 viserunt,
2465 5585 2952 5657 jurequejttrando
2975 5590 3085 5648 sibi.
3109 5592 3344 5650 invicem
3371 5599 3766 5664 promiserunt.

2177 5684 2236 5738 ut
2266 5678 2445 5740 nullus
2475 5690 2664 5734 eorum
2710 5693 2938 5746 regnum
2969 5679 3198 5756 alterius
3215 5683 3419 5747 fratris,
3452 5684 3555 5742 sibi
3593 5703 3786 5748 -usur-;

2177 5781 2350 5840 parci,
2381 5777 2476 5846 aut
2501 5768 3618 5844 omniao.pcrvaderet,,.ettunsaaarolus
3637 5793 3768 5836 tu.
