4012 6318
198 545 272 600 tis
297 550 360 599 et
382 540 717 613 belligeratis
735 555 833 611 pro
860 540 1138 609 temporali
1162 539 1356 611 gloria,
1379 555 1521 603 cum,
1540 539 1583 594 si
1606 538 1791 594 Domi-

196 653 335 696 num
360 640 454 709 pia
484 636 787 695 intentione
815 635 1185 706 postularetis,
1214 634 1329 703 ipse
1361 633 1516 689 vobis
1546 647 1791 689 necessa-

196 728 381 785 ria‘ad
407 741 566 782 usum
609 725 959 797 temporalem
988 733 1043 781 et
1084 726 1153 780 ad
1199 724 1485 781 fruendum
1528 733 1794 795 perpetuo

195 833 444 890 superna
473 818 613 872 bona
646 815 930 871 tribueret.
964 816 1030 871 Et
1062 831 1186 870 cum
1214 823 1537 885 potestatem
1574 830 1605 868 a
1637 812 1796 868 Chri-

199 920 291 968 sto
315 920 508 966 sancto
532 908 696 964 Petro
740 909 916 979 primo
964 908 1358 978 apostolorum,
1388 916 1442 962 et
1478 907 1531 961 in
1571 922 1637 962 eo
1681 905 1796 962 suis

201 1001 620 1059 successoribus
647 1000 854 1064 datam,
885 999 978 1055 sed
1009 1008 1061 1053 et
1086 999 1364 1069 apostolis,
1402 1009 1455 1053 et
1481 998 1533 1052 in
1568 997 1647 1053 eis
1676 997 1793 1067 epis

202 1095 412 1165 scopis,
442 1093 783 1166 pontificium
813 1092 1012 1164 ligandi
1038 1100 1094 1147 et
1127 1092 1369 1148 solvendi
1400 1091 1654 1147 collatum
1689 1089 1794 1144 illis

206 1186 493 1243 insinuare
526 1183 798 1249 volumus,
850 1183 1215 1251 respondent:
1251 1183 1318 1237 Et
1353 1198 1449 1238 vos
1485 1196 1617 1251 ergo
1664 1180 1795 1235 solis

205 1275 553 1332 orationibus
601 1276 796 1329 vestris
847 1289 1070 1345 regnum
1121 1281 1312 1330 contra
1342 1272 1705 1328 Nortmannos
1743 1280 1798 1329 et

205 1365 349 1419 alios
377 1365 705 1434 impetentes
735 1362 1028 1425 defendite,
1063 1371 1117 1419 et
1146 1372 1384 1418 nostram
1427 1361 1796 1418 defensionem

204 1455 379 1511 nolite
410 1468 691 1524 qumrcre;
723 1453 846 1507 etsi
880 1451 1042 1507 vultis
1077 1453 1146 1506 ad
1186 1449 1557 1507 defensionem
1597 1451 1798 1507 habere

112 1559 123 1565 '
208 1554 466 1602 nostrum
495 1544 777 1607 auxilium,
809 1544 951 1599 sicut
991 1544 1243 1599 volumus
1270 1545 1337 1599 de
1361 1545 1561 1600 vestris
1599 1544 1799 1600 oratio-

205 1637 372 1691 nibus
425 1635 631 1690 habere
672 1633 1023 1703 adiutorium,
1057 1633 1227 1689 nolite
1275 1650 1520 1704 qumrere
1552 1645 1799 1690 nostrum

206 1724 581 1795 dispendium,
616 1731 672 1778 et
697 1724 864 1793 petite
888 1724 1151 1779 domuum
1182 1723 1560 1794 apostolicum,
1588 1733 1650 1778 ut
1670 1723 1799 1793 quia

1629 325 2008 389 EPISTOLE.

197 456 449 525 regnant,
474 447 544 508 ab
571 445 666 506 illo
689 460 917 518 regnum
938 443 1212 518 postulare
1242 446 1468 515 debetis,
1493 445 1584 518 qui
1611 407 1795 520 litiga:
1813 448 1868 513 Α
1889 448 1996 505 nisi
2025 463 2150 505 cum
2175 447 2372 509 talibus
2391 449 2597 518 vivere,
2621 465 2725 509 nec
2748 464 2842 508 eos
2860 450 3005 510 lucri
3030 458 3258 522 possunt
3274 449 3469 511 facere

3340 341 3456 402 ηε

1892 536 2134 605 Christo,
2163 539 2208 595 si
2239 555 2427 597 eorum
2466 540 2796 613 colloquium
2821 542 3239 611 conviviumque
3264 541 3472 600 vitave-

1894 627 2023 683 riut.
2066 627 2221 685 Unde
2245 639 2300 685 et
2342 630 2600 687 Dominus
2620 647 2744 687 cum
2774 632 3075 702 publicanis
3098 639 3155 686 et
3178 631 3476 701 peccatori-

1891 719 1995 776 bus
2019 721 2308 777 comedens
2333 740 2346 775 :
2382 721 2505 777 Non
2541 732 2639 788 est,
2677 723 2871 793 inquit,
2895 740 3025 794 opus
3046 723 3188 777 sanis
3218 723 3473 788 medicus,

1892 812 1985 866 sed
2011 812 2148 867 niale
2170 812 2501 868 habentibus.
2533 813 2656 868 Non
2681 816 2794 869 veni
2816 832 2997 871 vocare
3018 815 3218 886 justas,
3242 814 3337 869 sed
3359 827 3478 884 pec-

1893 913 2097 959 catores
2126 903 2406 977 (Μαι-641,
2439 904 2546 975 17).
2574 904 2640 959 Et
2666 906 2823 975 paulo
2851 915 2972 976 post
2997 923 3010 961 :
3041 925 3060 957 ι
3094 904 3301 973 Quibus
3344 903 3478 965 satis

1895 997 2155 1061 ostendit,
2184 1012 2288 1053 non
2319 1006 2525 1053 temere
2555 1005 2608 1052 et
2641 998 3065 1069 quomodolibet,
3092 998 3190 1053 sed
3212 1010 3309 1066 per
3337 996 3481 1066 judi-

1895 1087 2036 1144 cium
2062 1088 2385 1145 aul'erendos
2401 1105 2521 1145 esse
2537 1090 2707 1145 malos
2728 1091 2794 1146 ab
2808 1089 3061 1146 Ecclesia:
3073 1090 3479 1158 communione,

1896 1187 1953 1233 et
1979 1178 2024 1233 si
2059 1194 2155 1249 per
2188 1178 2451 1251 judicium
2494 1178 2698 1236 auferri
2751 1195 2856 1236 non
2902 1188 3153 1252 possunt,
3183 1180 3486 1238 merentur

1895 1271 2096 1341 potius,
2134 1287 2201 1327 ne
2248 1287 2506 1343 perverse
2536 1273 2708 1330 malos
2757 1274 3029 1341 evitando,
3073 1275 3361 1346 quisquam
3409 1273 3483 1331 ab

1898 1364 2140 1422 Ecclesia
2188 1365 2304 1435 ipse
2356 1365 2663 1430 discedens.
2717 1382 2813 1423 eos
2858 1381 2997 1437 quos
3038 1365 3231 1437 fugere
3268 1366 3487 1423 videtur

1898 1457 2104 1511 vinciat
2126 1454 2195 1510 ad
2227 1456 2549 1527 gehennam.
2586 1456 2722 1523 Quia
2745 1464 2801 1511 et
2833 1455 2900 1511 ad
2928 1456 3033 1513 hoc
3060 1456 3218 1512 nobis
3256 1463 3384 1512 sunt
3426 1456 3484 1511 in

1902 1547 2202 1618 Scripturis
2233 1547 2480 1618 exempla
2510 1549 2813 1619 proposita.
2840 1546 2927 1603 vel
2948 1547 3002 1602 in
3040 1562 3216 1604 messe
3259 1545 3481 1620 (Matth.

1902 1640 2010 1708 tu),
2040 1647 2100 1693 ut
2128 1637 2296 1708 paleae
2323 1634 2651 1692 suilerantur
2685 1652 2856 1707 usque
2882 1640 2948 1693 ad
2978 1636 3229 1693 ultimum
3259 1635 3487 1700 ventila-

1902 1730 2086 1795 brum,
2133 1729 2217 1784 vel
2249 1728 2387 1785 infra
2418 1729 2507 1784 illa
2536 1728 2675 1784 retia
2711 1728 2865 1798 (Luc.
2898 1730 2979 1801 v),
3006 1728 3097 1784 ubi
3136 1728 3313 1799 pisces
3354 1726 3484 1788 boui

210 1833 310 1873 rex
339 1826 396 1871 et
423 1817 713 1887 episcopus
739 1815 901 1871 simul
941 1831 1063 1871 esse
1091 1833 1199 1872 non
1224 1826 1422 1887 potest,
1454 1827 1511 1873 et
1536 1818 1619 1873 sui
1648 1826 1801 1873 ante-
1831 1809 1879 1869 Β
1906 1838 2028 1877 cum
2067 1821 2223 1877 malis
2249 1835 2420 1891 usque
2460 1819 2527 1875 ad
2558 1819 3007 1891 segregationem,
3036 1834 3157 1889 qua:
3181 1818 3360 1875 unum
3401 1824 3490 1877 est

210 1924 468 1965 cessares
491 1907 925 1963 ecclesiasticum
949 1907 1195 1963 ordinem
1226 1908 1373 1978 quod
1401 1924 1557 1964 suum
1596 1921 1702 1973 est,
1745 1915 1801 1964 et

211 2014 324 2055 non
364 1997 779 2069 rempublicam,
831 1996 977 2067 quod
1019 2011 1206 2069 regum
1258 2005 1362 2064 est,
1394 1998 1797 2069 diSposuerunt,

211 2104 324 2146 non
362 2088 646 2159 prmeipiat
688 2085 844 2141 nobis
875 2086 1080 2142 habere
1101 2100 1306 2158 regem,
1354 2085 1446 2157 qui
1491 2103 1590 2143 nos
1634 2087 1688 2143 in
1719 2085 1799 2141 sic

212 2179 528 2252 longinquis
556 2178 800 2249 partibus
827 2177 1082 2250 adjuvare
1111 2193 1216 2232 non
1234 2179 1408 2249 possit
1433 2186 1622 2234 contra
1654 2178 1803 2234 subi-

218 2279 425 2327 taneos
471 2278 524 2325 et
562 2269 876 2339 frequentes
925 2282 1259 2339 paganorum
1306 2268 1560 2336 impetus,
1603 2274 1660 2322 et
1707 2282 1806 2323 nos

217 2362 473 2422 Francos
500 2375 606 2415 non
649 2359 843 2431 iubeat
887 2358 1120 2422 servire,
1164 2358 1289 2429 quia
1320 2358 1463 2412 istud
1487 2355 1676 2427 jugum
1723 2356 1807 2412 sui

218 2463 602 2511 antecessores
649 2452 850 2507 nostris
907 2450 1343 2507 antecessoribus
1388 2464 1494 2504 non
1543 2448 1814 2520 imposue-

215 2542 372 2606 runt,
387 2552 446 2599 et
466 2558 569 2599 nos
594 2542 720 2597 illud
736 2550 956 2613 portare
982 2556 1088 2611 nou
1104 2555 1412 2611 possumus,
1431 2540 1522 2610 qui
1549 2539 1812 2610 scriptum

218 2651 347 2693 esse
390 2636 447 2691 in
494 2634 699 2691 sanctis
744 2634 897 2689 libris
925 2633 1199 2698 audimus,
1229 2640 1289 2686 ut
1327 2647 1426 2703 pro
1467 2632 1717 2687 libertate
1758 2638 1815 2686 et

220 2725 549 2783 hereditate
597 2734 782 2780 nostra
828 2738 1000 2792 usque
1030 2723 1109 2777 ~ad
1178 2734 1407 2777 mortem
1451 2729 1662 2777 certare
1722 2720 1816 2777 de-

221 2816 475 2873 beamus.
504 2813 633 2869 Etsi
661 2813 854 2884 aliquis
877 2814 1163 2883 episcopus
1188 2812 1419 2882 aliquem
1443 2812 1813 2869 Christianu-

222 2914 421 2961 contra
468 2902 643 2974 legem
696 2902 1164 2966 excommunicat,
1226 2902 1328 2957 sibi
1384 2909 1708 2973 potestatem
1756 2902 1817 2956 li-

224 2997 390 3069 gandi
424 2995 584 3057 tollit.
618 3004 675 3052 et
716 2995 847 3051 nulli
883 2995 1051 3050 vitam
1098 3003 1357 3050 aeternam
1408 3003 1587 3064 potest
1608 2994 1819 3060 tollere,

225 3087 278 3143 si
302 3102 401 3142 sua
433 3093 658 3158 peccata
682 3086 758 3141 illi
789 3101 910 3142 eam
937 3101 1044 3140 non
1086 3085 1298 3140 tollunt.
1340 3085 1408 3139 Et
1435 3101 1540 3140 nou
1565 3085 1822 3141 convenit

1902 1915 1958 1971 in
1990 1915 2193 1977 littore,
2224 1915 2330 1969 hoc
2356 1922 2440 1968 est
2472 1912 2528 1967 in
2561 1911 2667 1967 line
2706 1910 2920 1975 saeculi,
2946 1924 3101 1979 aequo
3127 1910 3319 1966 animo
3353 1908 3491 1967 tole-

1902 2016 2109 2060 rentur.
2141 2023 2159 2056 i
2196 2003 2263 2057 Et
2292 2002 2419 2057 item
2452 2001 2593 2057 idem
2617 2016 2683 2056 ex
2709 2000 2975 2058 sententia
2997 2000 3151 2056 Pauli
3175 2018 3191 2055 :
3220 2019 3240 2052 ι
3267 1998 3490 2059 Duobus

1905 2093 2080 2147 modis
2108 2107 2215 2147 non
2247 2101 2300 2147 te
2323 2090 2557 2147 maculat
2578 2090 2772 2157 malus,
2797 2090 2843 2146 si
2873 2106 2979 2145 non
3003 2089 3336 2156 consentias,
3360 2088 3486 2151 etsi

1907 2185 2199 2255 red-arguas
2227 2201 2243 2237 :
2276 2184 2382 2241 hoc
2405 2192 2489 2241 est
2522 2201 2628 2240 non
2656 2185 3076 2246 communicare,
3107 2200 3215 2240 non
3255 2197 3489 2241 consen-

1910 2276 2031 2331 tire.
2061 2274 2506 2330 Communicatur
2535 2275 2754 2345 quippe,
2790 2274 3007 2344 quando
3033 2272 3178 2329 facto
3203 2271 3320 2340 ejus
3363 2287 3493 2327 con-

1911 2369 2140 2426 sortium
2166 2368 2461 2423 voluntatis
2486 2376 2540 2423 et
2568 2367 2973 2438 approbationis
2998 2365 3330 2436 adiungitur.
3371 2363 3488 2421 Hoc

1911 2476 2041 2533 ergo
2071 2460 2370 2517 admonens
2397 2475 2498 2517 nos
2524 2459 2813 2531 Aposmlus
2832 2460 2919 2524 ait
2946 2477 2959 2514 :
2994 2456 3175 2515 Nolite
3198 2455 3493 2513 communi-

1912 2572 2034 2612 care
2056 2554 2296 2626 operibus
2316 2554 2658 2624 iufructuosis
2684 2553 3014 2609 tenebrarum
3038 2551 3255 2623 (Epltes.
3286 2565 3343 2615 ν,
3372 2548 3489 2621 11).

1915 2648 1984 2705 Et
2011 2649 2136 2718 quia
2164 2663 2352 2717 parum
2399 2656 2518 2702 erat
2543 2661 2650 2702 non
2701 2645 3032 2710 consentire,
3079 2643 3126 2700 si
3166 2651 3490 2713 sequeretur

1918 2737 2243 2810 negligentia
2269 2736 2585 2807 disciplinae,
2605 2736 2773 2807 magis
2795 2745 2991 2800 autem,
3021 2732 3214 2804 inquit,
3236 2740 3287 2788 et
3314 2730 3500 2790 redar—

1920 2833 2061 2904 guite
2095 2828 2291 2901 (ibid.).
2331 2827 2998 2899 Videtequemadmodum
3035 2835 3323 2895 utrumque
3347 2838 3499 2881 contr

1920 2924 2110 2994 plexus
2137 2930 2239 2976 est.
2280 2918 2460 2975 Nolite
2496 2920 2904 2984 communicare,
2927 2916 3094 2986 magis
3122 2924 3301 2971 autem.
3331 2924 3381 2968 et
3416 2929 3499 2970 sc-

1920 3013 2178 3083 darguite.
2202 3009 2341 3077 Quid
2364 3019 2469 3075 est,
2513 3010 2671 3065 nolite
2693 3008 3076 3063 communicare
3097 3006 3127 3062 ἒ
3151 3004 3326 3061 Nolite
3356 3019 3498 3064 con—

1922 3103 2146 3167 sentire,
2193 3101 2359 3157 nolite
2404 3100 2642 3165 laudare,
2675 3098 2841 3154 nolite
2882 3098 3205 3167 approbare.
3245 3094 3384 3164 Quid
3414 3101 3507 3155 est

224 3181 616 3253 uniepiscopo
665 3181 867 3246 dicere,
919 3188 977 3234 ut
1025 3178 1415 3244 Christianum,
1464 3179 1555 3250 qui
1586 3194 1691 3233 non
1733 3188 1815 3233 cst

1921 3201 2127 3257 autem,
2175 3190 2340 3260 magis
2388 3199 2436 3243 et
2488 3160 2821 3257 redarguile?
2870 3160 3501 3255 Reprelienditez'corri-

229 3274 660 3346 incorrigibilis,
715 3288 824 3328 non
871 3280 1097 3343 pr0pter
1147 3271 1367 3341 propria
1422 3270 1684 3333 crimina,
1726 3270 1821 3325 sed

228 3382 335 3440 pro
378 3375 597 3422 terreno
645 3379 814 3436 regno
860 3364 1019 3418 alicui
1051 3362 1308 3428 tollendo,
1359 3361 1444 3416 vel
1491 3360 1821 3432 acquirendo

233 3460 457 3516 nomine
493 3457 925 3514 Christianitatis
953 3456 1147 3511 debeat
1177 3457 1415 3527 privare,
1454 3464 1513 3509 et
1540 3469 1661 3509 cum
1696 3468 1820 3509 cum

234 3547 453 3605 diabolo
482 3548 774 3611 collocare,
802 3558 964 3615 quem
1005 3544 1256 3601 Christus
1284 3559 1380 3599 sua
1411 3552 1585 3598 morte
1625 3552 1680 3597 et
1723 3556 1822 3598 suo

234 3637 503 3709 sanguine
553 3638 621 3691 de
662 3642 934 3708 potestate
990 3633 1188 3689 diaboli
1241 3633 1392 3688 venit
1435 3632 1720 3693 redimere,
1767 3638 1824 3684 et

236 3728 583 3785 Christianos
607 3741 707 3797 pro
744 3725 1004 3779 fratribus
1050 3724 1166 3778 suis
1212 3724 1423 3776 animas
1468 3736 1595 3775 suas
1628 3718 1824 3791 (docuit

239 3831 474 3890 ponere.
494 3814 778 3886 Propterea
808 3814 854 3870 si
885 3814 1115 3869 domnus
1145 3811 1470 3883 apostolicus
1497 3809 1611 3863 vult
1633 3822 1821 3878 pacem

242 3922 516 3980 quaerere,
546 3907 622 3961 sic
661 3921 851 3977 pacem
882 3913 1092 3974 quarrat
1118 3911 1178 3958 ut
1227 3903 1402 3957 rixam
1429 3916 1535 3955 non
1582 3905 1823 3964 moveat,

233 4000 372 4072 quia
400 4014 504 4054 non
543 4013 639 4053 nos
667 3996 1058 4053 concredemus
1090 4002 1149 4049 ut
1176 3993 1334 4047 aliter
1363 3992 1429 4047 ad
1464 4007 1688 4062 regnum
1726 3988 1822 4044 Dei

232 4089 524 4162 pervenire
542 4103 647 4143 non
673 4087 964 4158 possimus,
991 4087 1035 4139 si
1057 4084 1202 4138 illum
1226 4098 1386 4154 quem
1413 4081 1529 4152 ipse
1551 4094 1826 4135 commen—

234 4181 328 4237 dat
358 4189 637 4234 terrenum
665 4194 848 4250 regem
879 4192 986 4232 non
1011 4176 1381 4231 habuerimus.
1422 4173 1489 4228 Et
1510 4173 1613 4228 alia
1646 4172 1712 4226 de
1739 4170 1828 4240 ju-

236 4275 525 4338 ramentis,
556 4281 611 4328 et
655 4272 926 4344 periuriis,
972 4280 1027 4326 et
1058 4271 1124 4326 de
1169 4268 1476 4341 tyrannide,
1520 4269 1588 4323 de
1633 4267 1828 4337 quibus

232 4364 559 4431 scripsistis,
603 4363 699 4418 sed
743 4372 799 4417 et
848 4363 915 4418 de
954 4360 1304 4415 ﬁrmitatibus
1338 4373 1461 4430 qua:
1486 4359 1632 4414 inter
1671 4372 1828 4426 reges

234 4465 459 4514 nostros
496 4456 656 4511 facta)
686 4453 928 4518 fuerunt,
970 4461 1025 4509 et
1064 4452 1131 4509 de
1175 4451 1533 4508 seditionibus
1561 4463 1681 4520 qua
1723 4462 1829 4519 pro

236 4549 327 4605 illo
350 4563 518 4620 regno
543 4554 746 4602 exorta:
766 4544 1002 4608 fuerunt,
1020 4552 1076 4599 et
1097 4544 1164 4598 ad
1186 4528 1611 4597 internecionem
1637 4538 1831 4594 multo-
1856 4522 1902 4581 D

236 4664 358 4704 rum
391 4646 746 4718 pervenirent
766 4686 785 4713 ,
808 4645 913 4699 nisi
939 4643 1070 4713 ipsa:
1098 4641 1386 4695 ﬁrmitates
1405 4644 1675 4693 exsecuta:
1696 4635 1829 4691 fuis-

235 4746 379 4802 sent,
427 4736 589 4792 nobis
630 4736 817 4790 dicunt
845 4748 965 4803 quae
1000 4740 1194 4786 vestrae
1228 4728 1538 4784 auctoritati
1571 4726 1830 4781 mandare

236 4829 396 4887 nobis
416 4844 529 4883 non
561 4826 829 4882 convenit.
859 4824 1219 4897 Quapropter,
1249 4820 1520 4891 quomodo
1547 4818 1720 4889 ipsius
1748 4832 1828 4872 re-

237 4922 340 4992 gis,
393 4920 449 4976 in
473 4917 630 4987 cujus
660 4932 827 4989 regno
854 4914 1109 4986 paroehia
1130 4922 1186 4968 et
1218 4912 1491 4984 provincia
1514 4925 1630 4965 mea
1654 4908 1833 4964 consi-

240 5015 354 5078 stit,
368 5021 425 5069 ct
444 5027 637 5068 eorum
655 5011 885 5080 quicum
907 5023 973 5062 eo
987 5009 1206 5077 degunt,
1222 5007 1338 5060 sine
1353 5005 1545 5059 animae
1566 5001 1826 5074 periculo,

240 5117 295 5161 et
318 5107 454 5162 mihi
495 5103 809 5161 commissa:
827 5100 1083 5157 Ecclesia:
1112 5099 1461 5161 detrimento,
1491 5094 1829 5152 consortium

241 5195 326 5250 vel
354 5194 705 5266 prmaentiam
733 5190 939 5245 valeam
963 5188 1205 5245 devitarc
1229 5202 1334 5242 non
1356 5186 1672 5251 video,cum
1699 5183 1830 5239 bea-

243 5296 331 5342 tus
352 5284 694 5355 Augustinus
716 5283 770 5337 in
796 5279 1023 5352 praefato
1047 5280 1184 5334 libro
1205 5278 1271 5332 de
1300 5275 1625 5332 Poenitentia
1647 5274 1790 5329 dicat
1814 5290 1830 5327 :

245 5378 452 5451 Scripsi
479 5377 648 5442 vobis,
680 5374 854 5443 inquit
879 5370 1168 5442 Apostolus
1190 5370 1245 5424 in
1268 5367 1528 5438 Epistola,
1552 5383 1655 5420 non
1690 5379 1834 5418 com-

244 5470 456 5525 misceri
475 5466 803 5543 {ornicariis,
824 5481 925 5519 non
946 5464 1123 5536 utique
1140 5461 1438 5532 fornicariis
1450 5456 1609 5527 hujus
1631 5454 1835 5520 mundi,

245 5570 336 5616 aut
358 5560 668 5632 acaris,aut
692 5554 1010 5626 raptoribus,
1034 5562 1125 5607 aut
1147 5550 1304 5605 idolis
1321 5546 1660 5604 servientibus
1676 5544 1840 5597 :hlio-

250 5654 376 5723 quin
423 5648 727 5706 debueratis
767 5646 834 5701 de
874 5645 973 5700 hoc
1012 5640 1207 5699 mundo
1255 5641 1394 5696 exire
1437 5637 1484 5710 (ι
1516 5635 1640 5692 Cor.
1678 5651 1735 5700 v,
1755 5633 1835 5706 9).

218 5747 369 5817 _Non
398 5746 548 5803 enim
577 5751 804 5815 possunt
843 5740 1091 5823 homines
1118 5738 1175 5795 in
1205 5737 1312 5794 hoc
1338 5732 1541 5811 mundo
1569 5731 1833 5794 viventes,

1920 3281 2064 3352 pite,
2122 3288 2388 3337 coercete.
2424 3298 2443 3331 ›
2493 3278 2607 3333 Hoc
2657 3277 2801 3332 enim
2848 3276 3143 3332 secuiidum
3188 3273 3505 3344 praeceptio-

1921 3387 2044 3427 nem
2092 3379 2328 3425 vestram
2366 3369 2551 3425 verbis
2594 3375 2649 3422 et
2689 3366 2908 3437 scriptis
2944 3366 3027 3436 egi
3066 3365 3382 3437 sepissime.
3431 3362 3503 3425 Et

1922 3463 1977 3519 in
2008 3461 2236 3533 cpistola
2271 3460 2484 3518 concilii
2518 3458 2582 3513 ad
2616 3458 2924 3515 Donatistas
2957 3457 3129 3527 (epist.
3161 3454 3281 3515 152,
3309 3455 3505 3526 Augur.

1921 3554 2093 3625 stim‘),
2123 3553 2267 3608 idem
2321 3553 2511 3609 doctor
2541 3549 2930 3606 solertissimus
2959 3547 3091 3607 dicit
3121 3566 3134 3601 :
3173 3544 3497 3620 (Quisquis,

1922 3646 2115 3718 inquit,
2144 3646 2197 3701 in
2228 3646 2333 3701 hac
2362 3643 2598 3697 Ecclesia
2628 3642 2764 3696 bene
2791 3639 3015 3704 vixerit,
3042 3638 3177 3693 nihil
3217 3638 3266 3692 ei
3310 3637 3503 3711 prteju-

1923 3737 2106 3791 dicant
2133 3733 2306 3789 aliena
2333 3740 2551 3802 peccata
2586 3749 2599 3784 :
2636 3729 2761 3798 quia
2800 3728 3170 3797 unusquisque
3200 3726 3254 3781 in
3280 3740 3344 3787 ea
3372 3739 3502 3797 pro.

1924 3824 2101 3895 prium
2131 3837 2270 3877 onus
2299 3819 2567 3891 portabit,
2597 3817 2739 3872 sicut
2768 3814 3056 3888 Apostolus
3095 3813 3262 3870 dicit:
3296 3813 3515 3884 Ειρςιιιίη

1926 3928 2137 3983 cunque
2166 3912 2219 3967 in
2251 3925 2312 3969 ea
2352 3924 2549 3978 corpus
2576 3906 2777 3963 Christi
2823 3903 3230 3960 manducaverit
3264 3902 3512 3973 indigne,

1916 4003 2191 4075 judicium:
2212 4001 2311 4056 sibi
2334 3999 2616 4054 manducat
2639 4007 2686 4053 et
2712 3997 2836 4051 bibit
2865 3994 2916 4068 (I
2940 3993 3064 4049 Cor.
3096 4009 3176 4060 χι,
3213 3992 3326 4065 99).
3351 3991 3505 4067 ζ(εἶιιιιι

1927 4102 2107 4149 autem
2136 4092 2265 4147 dicit
2300 4089 2563 4161 judicium
2613 4088 2710 4142 sibi
2754 4085 3055 4151 munducat,
3088 4084 3223 4139 satis
3266 4082 3504 4157 ostendit

1929 4184 2054 4256 quia
2086 4198 2191 4238 non
2226 4181 2380 4237 alteri
2424 4180 2686 4251 judicium
2735 4176 3044 4241 manducat,
3077 4172 3168 4231 sed
3205 4174 3310 4259 'sibi
3336 4192 3351 4231 :
3379 4174 3511 4244 quia

1930 4276 2239 4335 eommuuio
2284 4274 2546 4329 malorum
2586 4287 2693 4327 non
2743 4269 2981 4326 maculat
3028 4270 3262 4340 aliquem
3280 4268 3515 4340 panici-

1929 4369 2148 4439 potione
2172 4372 2656 4427 sacramentorum,
2689 4361 2783 4416 sed
2824 4361 3178 4416 consensione
3218 4358 3508 4427 factorum.

1930 4456 2064 4511 Nam
2096 4456 2139 4511 si
2172 4454 2222 4509 iu
2255 4453 2410 4508 factis
2438 4452 2594 4506 malis
2635 4466 2739 4504 non
2767 4450 2846 4505 eis
2870 4449 3155 4520 quisquam
3185 4449 3510 4517 consentiat,

1928 4552 2109 4616 portat
2150 4542 2321 4597 malus
2350 4556 2570 4597 causam
2593 4555 2743 4596 suam
2773 4546 2829 4594 et
2858 4550 3143 4616 personam
3176 4554 3369 4609 suam,
3404 4553 3507 4607 nec

1932 4612 2249 4706 praeiudicat
2291 4631 2468 4695 alteri,
2499 4645 2656 4699 quem
2691 4629 2749 4686 in
2772 4612 3131 4687 consensione
3161 4628 3287 4687 mali
3322 4627 3514 4701 lopcris

1932 4728 2138 4785 socium
2166 4741 2273 4781 non
2303 4726 2465 4780 habet
2502 4722 2767 4778 criminis.
2801 4739 2820 4773 ι
2871 4721 2940 4777 Et
2980 4721 3033 4775 in
3054 4720 3239 4799 primo
3260 4719 3407 4791 libro,
3436 4719 3513 4774 de

1931 4819 2207 4891 Baptismo
2231 4817 2367 4889 (cap.
2398 4815 2488 4885 l7)
2523 4812 2689 4868 dicit:
2729 4829 2747 4862 ι
2768 4810 3099 4882 ,δρὶῐίῑιιςιιοε
3135 4810 3249 4889 sive
3290 4806 3375 4877 ad.
3408 4807 3513 4871 hoc

1934 4912 2108 4983 ipsum
2134 4909 2223 4979 pio
2254 4906 2433 4962 studio
2472 4903 2844 4981 proﬁcientes,
2893 4917 3000 4957 non
3026 4907 3176 4965 eunt,
3200 4898 3353 4973 foris,
3384 4897 3512 4971 quia

1935 5012 1990 5059 et
2021 5016 2145 5058 eum
2170 5000 2347 5068 aliqua
2372 4996 2456 5052 vel
2482 4994 2856 5065 perversitate,
2894 4990 2978 5048 vel
3004 4990 3323 5067 necessitate
3342 4985 3516 5065 homi-

1934 5109 2064 5149 num
2097 5091 2351 5146 videntur
2372 5085 2594 5158 expelli,
2621 5085 2692 5142 ibi
2726 5074 2895 5154 magis
2920 5072 3150 5152 probant
3179 5077 3514 5151 quamlintus

1934 5188 2312 5257 permaneant,
2366 5193 2486 5234 cum
2533 5176 2795 5231 adversus
2847 5170 3140 5227 Ecclesium
3205 5166 3513 5239 nullatenus

1936 5256 2239 5344 eriguntur,
2284 5270 2378 5325 sed
2430 5268 2484 5324 in
2530 5265 2697 5322 solida
2742 5261 2967 5317 unitatis
3019 5256 3515 5337 petralortissimze

1939 5364 2227 5421 charitatis
2257 5361 2450 5415 robore
2480 5357 2812 5411 radicantur.
2860 5351 2941 5405 Ad
2964 5351 3065 5403 hoc
3096 5348 3240 5421 enim
3280 5347 3516 5427 pertinet

1938 5456 2081 5527 quod
2109 5455 2163 5510 in
2196 5451 2285 5507 illo
2312 5449 2543 5506 Abrahae
2589 5442 2869 5519 sacrificio
2889 5439 3084 5513 dicitur
3110 5457 3143 5513 δι’
3169 5439 3300 5503 Aves
3322 5449 3519 5536 autem

1939 5543 2318 5602 nondivisit.»
2816 5530 2821 5535 ’
2944 5586 2965 5603 .-
3034 5600 3039 5611 ,

1944 5686 1947 5687 ν
2009 5636 2178 5707 Igitur
2197 5636 2289 5714 qui
2319 5644 2406 5688 me
2427 5648 2456 5707 τι
2487 5630 2657 5687 solida
2678 5624 2902 5703 unitatis
2918 5620 3211 5714 catholica:
3231 5631 3287 5699 et
3308 5630 3521 5695 aposto-

1943 5706 2060 5789 licos
2115 5706 2371 5785 Ecclesia:
2426 5706 2597 5793 petra
2632 5735 2737 5777 non
2786 5706 3309 5799 dividoghet‘sicut,
3349 5714 3519 5793 nostis
