3950 5396
517 343 646 421 483

1484 377 1814 437 lllNCMARI
1856 354 2244 444 iiiiEiiESSis
2276 387 2795 464 ARCHIEPIScOPt
2864 455 2868 460 ,

3688 402 3790 463 134

519 477 760 548 scriptis,
789 488 844 536 et
889 482 1053 539 etiam
1099 490 1454 556 prazsentibus
1484 477 1678 551 vestris
1719 479 1938 564 missis,
1963 499 2098 555 adeo
2122 505 2173 563 Α
2201 503 2378 573 cipue,
2405 507 2458 560 in
2489 521 2651 578 quem
2680 519 2881 566 tantam
2924 517 3399 572 comminationem
3453 518 3788 588 intentastis.

521 583 593 650 es
622 578 802 625 vestra
835 571 1082 643 jussione
1104 578 1283 632 verbis
1331 581 1506 635 restiti
1537 585 1667 655 regi,
1722 601 1786 641 ac
1816 603 2105 657 regnorum

521 645 874 728 primoribus,
892 657 951 718 ut
973 673 1027 720 et
1046 681 1229 721 coram
1256 670 1458 726 eisdem
1483 675 1663 732 missis
1685 679 2108 736 comminaretur

522 751 659 824 mihi
689 793 704 816 ,
743 743 1006 823 quoniam
1058 749 1101 812 si
1144 759 1196 812 in
1244 755 1372 816 mea
1409 762 1675 821 sententia
1709 785 2103 839 permanerem,

523 841 593 895 ad
625 842 798 898 altare
831 839 1090 902 Ecclesiae
1121 839 1256 905 mea:
1289 864 1512 930 cantare
1549 874 1781 926 possem,
1833 862 1899 915 de
1948 863 2108 918 rebus

519 948 652 988 vero
689 943 743 989 et
792 936 1104 1012 hOminihus’
1144 945 1342 999 nullam
1387 956 1708 1030 potestatem
1763 952 2041 1017 haberem,
2075 970 2105 1008 a

519 1034 701 1080 vestra
732 1023 1110 1088 communione
1140 1053 1253 1112 non,
1294 1035 1478 1116 debco'
1505 1023 1746 1112 separari
1778 1045 2002 1101 aliorum
2030 1049 2109 1102 fa-

516 1113 791 1191 ctionibus
818 1113 1362 1200 quorum,quantum
1485 1145 1568 1185 me
1595 1119 1698 1198 θείς
1733 1149 1835 1188 non
1863 1124 2107 1190 commu-

515 1205 641 1282 nico
697 1222 1032 1280 qnzecunque
1062 1284 1063 1287 η
1091 1226 1214 1268 sunt
1284 1217 1595 1275 tenebrosis
1622 1225 1896 1293 operibus.
1958 1227 2063 1296 Qui
2089 1271 2103 1296 ,

499 1295 692 1365 inquit
723 1291 1002 1364 Dominus,
1032 1309 1316 1368 peccaverit
1342 1310 1488 1375 mihi,
1516 1291 1694 1367 delebo
1722 1333 1838 1369 eum
1871 1318 1934 1370 de
1965 1291 2103 1374 libro

511 1401 628 1439 meo
666 1385 883 1457 (Ezeclt.
916 1406 1028 1457 xw,
1054 1394 1128 1463 9);
1163 1404 1217 1450 et
1249 1414 1262 1449 :
1288 1399 1476 1454 Anima
1505 1419 1626 1471 (μιαν
1653 1410 1960 1475 peccaverit,
1991 1411 2103 1480 ipsa

512 1479 769 1532 morietur
799 1481 1014 1552 (Ezec/i.
1049 1503 1202 1552 xvni,
1225 1489 1339 1561 20).
1378 1491 1488 1550 Sed
1523 1505 1577 1549 et
1622 1485 1674 1550 in
1726 1503 2100 1568 peccantibus,

512 1579 572 1650 ut
603 1571 740 1629 bene
767 1575 961 1641 nostis,
993 1587 1046 1631 et
1074 1579 1261 1636 beatus
1291 1583 1422 1638 dicit
1445 1584 1760 1656 Gregorius,
1782 1607 1958 1646 causa:
1972 1609 2104 1662 pen-

511 1666 698 1720 sanda:
723 1677 870 1734 sunt,
901 1679 957 1724 et
993 1681 1119 1728 tunc
1148 1663 1344 1753 ligandi
1377 1689 1540 1749 atque
1580 1679 1820 1736 solvendi
1864 1694 2103 1753 potestas

511 1761 840 1815 exercenda.
885 1761 1016 1830 Qua:
1061 1749 1321 1833 poteStas,
1373 1778 1429 1822 ut
1482 1753 1592 1825 Leo
1642 1769 1794 1838 dicit,
1856 1774 1913 1854 in
1965 1775 2100 1830 alios

2209 610 2334 665 erga
2364 612 2545 667 regem
2574 610 2814 656 nostrum
2856 621 3046 674 gerere
3074 607 3386 676 debeamus,
3431 629 3556 667 cum
3602 615 3793 672 beatus

2207 680 2538 751 Augustinus
2587 685 2831 756 Apostoli
2887 706 3164 761 exponens
3219 697 3547 753 sententiam
3601 701 3790 756 dicat:

2186 769 2188 774 ’
2214 789 2232 820 ‹
2270 772 2598 840 Apostolica,
2629 770 2824 848 inquit,
2846 780 3114 846 doctrina,
3141 793 3198 838 ut
3225 786 3403 842 omnis
3429 790 3612 843 anima
3638 791 3795 846 subii.

2185 857 2469 920 'mioribus
2514 871 2871 934 potestatibus
2913 872 3123 927 subdita
3174 876 3262 940 sit,
3292 887 3348 931 et
3395 889 3453 933 ut
3497 882 3797 947 reddantur

2186 957 2458 1011 omnibus
2481 960 2680 1023 omnia,
2715 962 2799 1014 cui
2830 963 3088 1018 tributum
3128 968 3409 1035 tributum,
3445 974 3532 1026 cui
3565 975 3797 1046 vectigal

2187 1040 2459 1116 vectigal,
2488 1058 2540 1102 et
2562 1061 2779 1116 czetera,
2817 1054 2968 1107 salvo
3001 1055 3211 1112 Domini
3251 1062 3422 1116 nostri
3459 1065 3633 1126 cultu,
3665 1081 3794 1121 cou-

2208 1137 2503 1193 stitutionis
2550 1141 2798 1196 humanae
2847 1144 3186 1214 principibus
3229 1152 3538 1213 reddamus,
3577 1159 3795 1224 quando

2207 1223 2261 1285 et
2282 1231 2394 1300 ipse
2424 1232 2704 1300 Dominus,
2722 1246 2780 1290 ut
2806 1239 2960 1293 nobis
2991 1240 3149 1311 hujus
3173 1259 3340 1300 sacra:
3364 1246 3632 1304 doctrina:
3660 1267 3799 1320 pra:-

2206 1320 2358 1375 bcret
2380 1324 2702 1394 exemplum,
2729 1343 2824 1395 pro
2847 1332 3023 1401 capite
3052 1333 3305 1401 hominis,
3332 1353 3439 1407 quo
3470 1349 3594 1392 erat
3643 1340 3797 1394 indu-

2207 1420 2312 1475 tus,
2347 1412 2603 1467 tributum
2638 1417 2844 1473 solvere
2882 1437 2986 1475 non
3031 1423 3352 1494 dedignatus
3388 1437 3491 1482 est.
3526 1427 3800 1484 Jubentur

2204 1503 2367 1556 etiam
2398 1505 2537 1558 servi
2575 1505 2870 1564 Christiani
2919 1523 2972 1566 et
3020 1514 3205 1569 ﬁdeles
3235 1516 3359 1571 boni
3395 1519 3634 1574 dominis
3687 1521 3798 1574 suis

2206 1605 2591 1672 temporalibus
2622 1609 2998 1680 :eqnanimiter
3030 1611 3364 1684 fideliterque
3394 1616 3630 1680 servire,
3660 1631 3799 1685 quos

2197 1691 2488 1761 judicaturi
2537 1707 2682 1762 sunt,
2728 1700 2771 1754 si
2821 1716 2988 1770 usque
3019 1703 3070 1757 in
3104 1703 3265 1758 tinem
3299 1707 3514 1776 iniquos
3567 1708 3797 1762 invene-

2204 1786 2329 1850 rint,
2363 1797 2456 1841 aut
2502 1805 2623 1842 eum
2657 1792 2851 1860 quibus
2900 1796 3172 1864 regnaturi
3217 1807 3361 1862 sunt,
3413 1800 3457 1854 si
3504 1811 3560 1855 et
3599 1800 3679 1854 illi
3730 1803 3795 1856 ad

513 1850 806 1917 apostolos,
839 1861 893 1908 et
921 1854 987 1908 ad
1020 1871 1208 1912 omnes
1237 1859 1492 1914 Ecclesia:
1523 1863 1792 1942 principes
1821 1881 2095 1921 eouunca-
2128 1852 2175 1910 Β
2204 1891 2390 1930 verum
2421 1877 2587 1932 Deum
2611 1883 2858 1936 conversi
2896 1883 3115 1939 fuerint.
3147 1885 3410 1944 Omnibus
3441 1899 3626 1944 tamen
3657 1906 3800 1960 pne-

515 1941 594 1994 vit
623 1960 635 1995 :
667 1943 761 1997 sed
796 1945 915 2000 ideo
943 1947 1290 2017 singulariter
1334 1951 1492 2030 Petro
1517 1955 1782 2032 creditur,
1806 1958 1933 2026 quia
1967 1975 2098 2013 cun-

513 2031 619 2087 ctis
663 2031 919 2090 Ecclesia:
963 2039 1265 2095 rectoribus
1332 2026 1476 2097 Petri
1531 2043 1704 2100 forn‘ia
1760 2027 2094 2116 proponitur.

512 2122 695 2180 Manet
720 2117 853 2198 ergo
881 2127 1026 2184 Petri
1071 2132 1434 2204 privilegium,
1481 2137 1787 2208 ubieunque
1830 2133 1892 2192 ex
1933 2140 2099 2210 ipsius

510 2215 688 2270 fertur
719 2220 975 2288 imputate
1000 2221 1266 2290 judicium
1293 2239 1308 2278 :
1355 2243 1455 2282 nec
1485 2228 1648 2283 nimia
1674 2239 1756 2284 est
1788 2231 1870 2285 Vel
1899 2233 2100 2287 severi-

512 2317 616 2378 tas,
634 2310 716 2363 vel
751 2312 1022 2379 remissio,
1047 2313 1136 2368 ubi
1163 2315 1295 2370 nihil
1316 2319 1808 2390 estligatum,nihil
1839 2325 2093 2392 solutum,

506 2397 615 2477 nisi
645 2399 797 2469 quod
817 2401 1012 2457 beatus
1051 2403 1243 2460 Petrus
1275 2417 1368 2462 aut
1413 2409 1678 2481 ligaverit,
1728 2423 1822 2468 aut
1853 2415 2093 2471 solverit.

508 2474 756 2558 Qualiter
785 2492 957 2568 etiam
983 2494 1153 2551 frater
1175 2507 1231 2553 et
1257 2474 1508 2556 sacerdos
1533 2512 1720 2558 noster
1741 2505 1877 2572 Odo,
1907 2505 2097 2562 Belva-

510 2584 690 2640 censis
719 2579 1022 2662 episcopus,
1051 2578 1262 2647 mecum
1292 2610 1390 2663 pro
1423 2597 1861 2668 obtemperandis
1901 2604 2096 2658 vestris

502 2674 840 2742 jussionibus
890 2680 1241 2750 laboraverit,
1294 2687 1452 2742 iidem
1499 2690 1661 2760 legali
1714 2693 1878 2748 vestri
1941 2697 2094 2752 vobis

509 2761 854 2824 innotescere
875 2783 1118 2842 possunt.
1149 2774 1254 2831 Sed
1295 2787 1350 2832 et
1379 2779 1498 2834 aliae
1548 2783 1995 2840 comminationcs
2040 2777 2093 2843 in

512 2872 611 2912 nos
640 2859 1057 2929 suntjacnlatae,
1091 2882 1226 2936 quas
1265 2870 1440 2944 adhuc
1464 2873 1586 2925 nolo
1613 2872 1880 2944 proferre,
1931 2867 2094 2948 quas-

509 2965 615 3018 que
645 2952 779 3018 scio,
810 2955 854 3029 si
887 2955 1145 3032 Dominus
1170 2959 1274 3015 illis
1307 2963 1638 3031 permiserit,
1664 2964 1848 3044 utjam
1881 2969 1932 3021 in
1964 2969 2096 3023 deli-

510 3045 815 3118 beratione,
865 3050 940 3106 ita
988 3053 1108 3132 sine
1161 3047 1544 3112 retractatioiic
1598 3045 1992 3118 comminantes
2038 3063 2090 3116 in

505 3153 672 3207 opere
705 3152 1010 3204 monstrare
1050 3149 1336 3202 curabunt.
1362 3149 1428 3204 Et
1457 3161 1515 3206 ut
1553 3154 1683 3207 mihi
1715 3157 2091 3234 experimento

506 3232 740 3298 videtur,
773 3246 996 3304 propter
1042 3253 1217 3310 meam
1251 3241 1705 3310 interdictionem,
1739 3248 1818 3302 vel
1873 3232 2092 3318 propter

507 3323 702 3391 lingua:
731 3325 982 3382 humana:
1028 3329 1284 3399 gladium,
1334 3317 1437 3386 nisi
1490 3335 1626 3389 alius
1679 3327 1759 3390 eis
1800 3325 2086 3402 obstiterit,

505 3429 602 3467 rex
622 3426 805 3481 vester
827 3419 913 3473 vel
942 3423 1092 3493 regni
1115 3421 1231 3496 ejus
1266 3425 1533 3496 primores
1567 3444 1672 3482 non
1716 3430 2008 3504 diinittent,
2035 3441 2092 3485 ut

507 3507 663 3574 quod
683 3497 946 3579 emperint
975 3524 1234 3583 quantum
1263 3527 1516 3591 poterunt
1552 3536 1655 3574 non
1702 3515 2088 3592 exsequantur.

506 3597 574 3652 Et
594 3601 1061 3674 nescioquomodo
1083 3607 1252 3677 ipsius
1280 3591 1440 3682 regis,
1457 3612 1537 3666 vel
1558 3597 1699 3681 inter
1719 3631 1855 3686 quos
1874 3607 2086 3684 habito,

502 3703 844 3758 praesentiam
872 3701 1380 3756 ctcommunionem
1413 3718 1494 3756 vei
1517 3705 1850 3760 consortium
1881 3707 2087 3762 valeam

503 3783 768 3852 devitarc,
799 3804 922 3848 cum
957 3806 1051 3845 rex
1078 3800 1131 3845 et
1160 3794 1537 3851 cohabitantes
1568 3813 1778 3852 mecum
1823 3816 1926 3853 una
1965 3817 2086 3854 eum

505 3890 658 3945 rege,
682 3894 788 3932 non
818 3877 990 3934 solum
1023 3883 1074 3937 in
1104 3887 1433 3954 parochiam,
1467 3904 1653 3944 verum
1695 3901 1750 3944 et
1802 3891 1851 3945 in
1901 3893 2088 3946 civita-

504 3979 611 4026 tein
641 3989 817 4030 meam
839 3992 978 4045 saepe
1005 3980 1350 4050 conveniant,
1381 3992 1434 4036 et
1466 3985 1538 4047 ibi
1579 3984 1761 4041 tandiu
1808 3987 1949 4040 sicut
1976 3988 2086 4056 regi

501 4066 804 4135 complacet
829 4068 1046 4138 degant,
1074 4078 1127 4124 et
1156 4085 1276 4125 cum
1305 4081 1450 4128 tanta
1490 4076 1854 4142 multitudine,
1885 4088 1992 4132 tam
2022 4080 2087 4134 de

503 4171 674 4226 regno
717 4158 860 4226 quod
907 4168 1063 4214 antea
1100 4145 1306 4228 habuit,
1363 4175 1606 4234 quamet
1636 4168 1702 4221 de
1750 4185 1917 4240 regno
1944 4173 2086 4240 quod

500 4242 797 4301 Lotharius
839 4247 1046 4310 habuit,
1093 4265 1300 4307 necnon
1332 4255 1398 4310 ‘de
1450 4256 1569 4311 aliis
1622 4259 1804 4330 regnis
1845 4262 1914 4314 ad
1961 4276 2083 4334 eum

502 4333 918 4402 coiiﬂuentibus,
975 4341 1115 4394 sicut
1163 4344 1315 4399 missi
1363 4347 1524 4400 vestri
1565 4349 1834 4414 viderunt,
1882 4361 1938 4406 ct
1983 4353 2084 4409 hoc

501 4443 665 4496 quam
699 4445 840 4500 saepe
871 4430 942 4485 illi
973 4431 1199 4496 videtur,
1225 4435 1278 4490 in
1308 4437 1525 4494 civitate
1556 4457 1672 4495 mea
1701 4443 1963 4511 sustineo,
1989 4446 2081 4516 qui

2204 1967 2402 2036 cipitur
2424 1970 2629 2024 servire
2658 1972 2908 2028 humanis
2940 1978 3297 2044 potestatibus
3324 1990 3487 2050 atque
3535 1985 3794 2050 terrenis,

2193 2059 2312 2128 quo
2340 2077 2508 2131 usque
2536 2073 2658 2132 post
2697 2073 2906 2136 tempus
2934 2069 3280 2136 prmiinitum,
3315 2073 3382 2128 ab
3421 2074 3579 2129 istius
3609 2077 3794 2130 seculi

2203 2151 2540 2218 confusione,
2578 2165 2831 2225 tanquam
2856 2158 2921 2213 de
2954 2161 3266 2229 captivitate
3289 2162 3621 2234 Babyloniae,
3650 2167 3796 2220 sicut

2203 2239 2540 2297 Hierusalem
2578 2245 2838 2302 liberetur
2863 2249 3123 2304 Ecclesia.
3161 2251 3239 2305 Ex
3277 2252 3429 2320 cujus
3455 2254 3796 2322 captivitatis

2201 2343 2511 2409 occasione,
2541 2345 2588 2400 si
2616 2346 2781 2400 etiam
2811 2348 3010 2401 terreni
3039 2363 3214 2417 reges,
3240 2349 3470 2424 desertis
3505 2350 3664 2404 idolis
3694 2368 3795 2420 pro

2201 2437 2398 2505 quibus
2445 2440 2910 2508 persequebantur
2945 2438 3290 2501 Christianos
3319 2480 3332 2504 ,
3390 2457 3557 2501 unum
3601 2457 3793 2496 verum

2201 2528 2373 2585 Deum
2401 2541 2455 2586 et
2483 2531 2756 2592 Christum
2789 2533 3073 2587 Dominum
3102 2535 3456 2602 cognoverint
3490 2545 3547 2590 et
3583 2537 3791 2601 colant,

2199 2637 2299 2691 pro
2319 2622 2516 2692 quibus
2543 2623 2740 2677 Paulus
2767 2623 3040 2692 apostolus
3075 2624 3230 2694 jubet
3267 2639 3427 2679 orare
3461 2625 3790 2692 Ecclesiam,

2181 2726 2322 2768 .cum
2349 2721 2802 2781 persequerentur
2826 2713 3144 2778 Ecclesium,
3173 2725 3227 2767 ut
3274 2731 3513 2768 securam
3559 2726 3608 2768 et
3637 2727 3791 2769 tran-

2197 2802 2417 2874 quillam
2461 2804 2616 2857 vitam
2655 2821 2874 2872 agamus
2899 2822 3016 2859 cum
3045 2807 3186 2859 omni
3213 2807 3404 2874 pietate
3447 2818 3494 2860 et
3539 2809 3791 2863 castitate

2199 2894 2249 2966 (I
2285 2893 2419 2948 Tim.
2463 2910 2527 2960 η,
2575 2895 2653 2965 '2),
2705 2897 2843 2950 sicut
2873 2905 2927 2951 et
2967 2897 3056 2952 ille
3088 2899 3312 2968 populus
3343 2900 3394 2952 in
3428 2898 3790 2971 Babyloniam

2180 2987 2390 3060 .ductus
2437 3001 2533 3057 per
2571 2985 2858 3042 Jcremiam
2883 2987 3106 3057 jubetur
3136 3006 3291 3044 orare
3324 3007 3420 3060 pro
3452 3007 3580 3062 rege
3613 2993 3791 3064 Baby-

2198 3076 2374 3141 lonim,
2405 3087 2459 3131 et
2486 3078 2674 3132 beatus
2704 3077 2896 3133 Petrus
2929 3079 3095 3132 dicit:
3144 3078 3376 3150 Subjccti
3424 3094 3589 3136 estote
3644 3086 3787 3138 animi

2198 3165 2442 3220 [tutnanw
2473 3178 2730 3221 creatura:
2753 3179 2963 3238 propter
2984 3169 3289 3233 Dominum,
3331 3172 3438 3224 sive
3479 3174 3612 3242 regi,
3635 3175 3792 3244 quasi

2196 3257 2513 3324 prtrcellcnti
2562 3257 2611 3328 (Ι
2659 3256 2806 3312 Petr.
2867 3276 2931 3324 It,
2985 3260 3107 3329 15);
3161 3271 3215 3316 et
3270 3262 3438 3316 item:
3497 3263 3790 3318 Dominum

2193 3345 2385 3409 timete,
2411 3362 2575 3414 regem
2598 3347 2960 3416 uinitori/irate
2989 3348 3162 3418 (ibid.,
3192 3351 3296 3419 Π).
3342 3349 3500 3406 Omni
3537 3354 3790 3407 humana:

2193 3443 2474 3497 creaturae,
2505 3435 2678 3503 inquit
2713 3437 2902 3490 doctor
2928 3439 3332 3506 sagacissimus,
3355 3442 3504 3495 omni
3532 3444 3788 3513 dignitati

2182 3521 2487 3590 hominum,
2521 3526 2664 3580 omni
2687 3543 2956 3596 personae,
2982 3531 3128 3582 omni
3173 3533 3523 3601 principatui,
3557 3537 3648 3589 cui
3691 3551 3788 3590 vos

2191 3612 2370 3666 divina
2423 3612 2708 3682 dispositio
2759 3617 2912 3670 subdi
2954 3618 3203 3672 voluerit.
3248 3641 3264 3672 ι
3325 3621 3440 3675 lloc
3499 3632 3586 3676 est.
3637 3625 3780 3677 enim

2189 3704 2334 3773 quod
2371 3705 2448 3758 ait
2491 3716 2701 3774 propter
2725 3705 3186 3779 Dominum,quia
3239 3729 3342 3766 non
3395 3725 3470 3766 est
3523 3725 3781 3783 potestas,

2191 3797 2290 3850 nisi
2321 3816 2352 3850 a
2390 3797 2522 3860 Deo,
2553 3807 2600 3851 et
2644 3799 2732 3868 qui
2763 3803 3004 3868 potestati
3049 3804 3260 3867 resistit,
3301 3803 3395 3857 Dei
3442 3807 3779 3860 ordinatioui

2192 3887 2379 3941 resistit
2415 3887 2592 3956 (Rom.
2622 3905 2736 3947 xui,
2763 3890 2808 3951 Ι,
2835 3890 2919 3960 2)..
2943 3890 3010 3944 Et
3035 3893 3160 3946 item
3192 3879 3414 3947 sanctus
3438 3893 3782 3964 Augustinus

2191 3979 2242 4032 in
2277 3995 2525 4033 sermone
2552 3979 2819 4050 Evangelii
2845 3979 3067 4036 Joannis
3096 3982 3274 4053 (serui.
3300 3983 3352 4054 6)
3381 4002 3394 4037 :
3428 4003 3446 4035 ι
3475 3981 3780 4054 Leguntur,

2189 4071 2385 4140 inquit,
2412 4070 2558 4141 leges
2592 4069 2910 4135 maiiifestm,
2951 4071 3035 4125 ubi
3067 4082 3441 4142 praeceperunt
3481 4076 3783 4156 imperato.

2190 4174 2297 4223 res,
2345 4176 2436 4214 eos
2462 4161 2556 4229 qui
2600 4171 2796 4228 pra'tcr
2823 4161 3106 4215 catholica:
3134 4162 3388 4218 Ecclesia:
3437 4167 3780 4220 communio-

2189 4265 2311 4320 nem
2341 4261 2604 4320 usurpant
2648 4251 2750 4306 sibi
2799 4267 2994 4307 nomen
3027 4251 3421 4318 Christianum,
3444 4241 3553 4309 nec
3590 4255 3780 4310 volunt

2188 4317 2240 4394 ia
2270 4357 2401 4411 pace
2430 4343 2610 4396 colere
2631 4343 2780 4412 pacis
2803 4352 3098 4409 auctorem,
3120 4344 3253 4411 nihil
3277 4346 3495 4398 nomine
3519 4346 3779 4402 Ecclesia:

2186 4433 2424 4507 audeant
2473 4435 2769 4508 possidere.
2825 4434 2933 4488 Sed
2979 4436 3140 4504 quid,
3183 4436 3465 4505 inquiunt,
3515 4439 3676 4492 nobis
3722 4449 3779 4492 et

500 4519 784 4575 ecclesiam
816 4531 867 4577 et
893 4524 1109 4592 plebem
1150 4527 1282 4586 mihi
1309 4530 1656 4586 commissam
1701 4533 1972 4610 deserere,
2025 4546 2078 4592 et

2194 4522 2536 4591 in‘ipcratori?
2563 4523 2670 4578 Sed
2703 4525 2814 4594 jam
2857 4526 2968 4579 dixi
3001 4526 3065 4579 de
3109 4522 3232 4593 jure
3281 4527 3516 4581 humano
3548 4529 3731 4596 agitur
3759 4547 3774 4581 :

499 4613 758 4666 aliorsum
787 4622 847 4669 ut
869 4620 1235 4674 mercenarius
1265 4637 1370 4676 non
1405 4622 1554 4678 valeo
1596 4623 1803 4696 fugere,
1846 4643 1944 4683 nec
1973 4645 2080 4698 quo

498 4699 650 4756 ostra
685 4719 908 4773 regnum
942 4704 1057 4776 ejus
1091 4697 1305 4779 fugiam
1333 4711 1506 4768 habeo
1535 4733 1550 4790 ε,
1594 4715 1689 4768 sed
1731 4718 1880 4786 regio
1931 4716 2080 4772 cultu

495 4812 560 4851 eo
590 4808 840 4868 recepto,
861 4800 927 4854 de
962 4801 1349 4876 ecclesiasticis
1371 4805 1738 4882 facultatibus,
1775 4809 1918 4866 sicut
1944 4826 2081 4879 prae-

494 4889 624 4968 cipit
652 4898 705 4944 et
733 4892 972 4970 quandiu
996 4894 1262 4964 praecipit,
1292 4883 1365 4950 illi
1408 4906 1462 4951 et
1506 4898 1610 4952 sibi
1655 4900 2078 4970 obsequentibus

2186 4621 2240 4666 et
2271 4623 2447 4670 tamen
2473 4614 2760 4684 Apostolus
2787 4616 2952 4672 voluit
2977 4616 3170 4669 serviri
3203 4617 3437 4686 regibus,
3470 4618 3645 4671 voluit
3674 4620 3777 4672 bo-

2185 4703 2369 4771 norari
2410 4689 2583 4774 rcges,
2627 4714 2681 4758 et
2716 4707 2850 4760 dixit
2883 4724 2894 4758 ε
2931 4705 3122 4775 Regem
3157 4704 3480 4760 reueremini;
3535 4708 3657 4761 Noli
3689 4705 3778 4762 di-

2183 4810 2305 4852 cere
2337 4814 2349 4848 :
2385 4797 2521 4862 Quid
2552 4797 2684 4851 mihi
2732 4806 2785 4851 et
2817 4798 2965 4868 regi?
3010 4798 3116 4854 noli
3149 4784 3358 4854 dicere
3397 4799 3777 4868 possessiones

2185 4895 2321 4950 tuas,
2356 4885 2444 4955 qui
2475 4896 2529 4942 et
2560 4887 2674 4956 ipsa
2719 4888 2963 4967 humana
2996 4881 3127 4968 jura
3175 4891 3519 4955 renuntiasti,
3571 4892 3776 4966 quibus

495 4971 694 5042 servio,
743 4968 804 5033 ut
847 4976 1387 5049 qvuict'e,'SCcundum
1431 4987 1574 5056 quod
1617 4968 1824 5042 instat"
1845 4997 2075 5058 tempus,

2194 4975 2524 5040 )ossidcntur
2548 4978 2932 5046 possessiones.
2965 4998 2982 5029 ι
3016 4980 3078 5036 Et
3103 4981 3146 5035 si
3179 4996 3272 5052 per
3286 4981 3409 5052 jura
3427 4976 3618 5066 regum
3651 4999 3775 5054 pos-
