3950 5396
518 193 635 264 Δία]

1499 188 1832 247 lllNCMARI
1867 185 2265 258 ΒΗΨΒΝΕΕ
2279 207 2286 253 τ
2299 187 2819 249 ARClllEPlSCOPl

3697 198 3798 255 3’83

515 265 1732 388 primae-mg,ppmlnigamrqqaqdo,electas
1747 304 2108 375 ﬁta-dian
2133 304 2183 377 Α
2216 299 2435 355 Domino
2464 302 2572 357 Deo
2598 313 2796 368 nostra.
2813 302 2882 367 Et
2910 303 3269 375 respondente
3291 304 3458 360 choro
3480 305 3548 361 ad
3561 307 3798 378 singula,

520 405 652 472 dus,
681 400 972 472 convenire
998 401 1199 470 debent
1222 398 1475 473 episcopi.
1490 397 1800 469 ,dimceseps
1826 395 2112 468 adlll'illd'

2212 393 2435 464 incipiat
2480 396 2944 469 consecrationem
2976 397 3282 451 cantando:
3316 395 3448 450 Vere
3491 397 3711 468 dignum
3750 412 3800 454 et

523 496 705 571 palem
745 492 1042 570 ecclesiam.
1061 489 1409 560 metropolis,,
1423 497 1482 556 et
1501 487 1729 559 publice
1742 502 1954 562 coram.
1993 501 2109 554 om:

2221 484 2409 564 iustam
2459 495 2555 549 est,
2595 500 2765 564 usque
2817 487 2885 540 ad
2918 497 3106 540 atterite
3151 484 3325 549 Deus;
3374 497 3430 542 et
3478 497 3630 553 tunc,
3659 490 3804 545 sicut

525 586 689 644 nibus
715 586 873 654 debet
899 582 1115 646 recitari
1145 581 1884 654 decrctpm,etlinterrogare
1913 579 2110 649 debent

522 678 804 750 episcopi,
844 676 892 730 si
953 674 1197 738 omnium
1225 673 1553 744 vota,.:sicut
1595 672 1668 730 ibi
1695 672 2022 736 continetur,
2053 671 2106 728 in

525 770 776 825 eumdem
806 767 1036 830 electum
1063 765 1502 834 concordent.,Et
1546 774 1668 835 post
1705 765 2107 835 responsionem

523 859 760 920 illorum,
785 856 981 925 debent
998 855 1632 926 interrogareepiscopi.
1655 855 1699 909 si
1730 855 1828 910 has
1858 854 2106 920 virtutes,

520 967 646 1022 qua:
672 949 1528 1022 ibidem,continentur,credunt
1555 948 1636 1019 vlel
1665 948 1848 1010 sciunt
1890 964 2009 1014 esse
2054 948 2108 1004 in

522 1044 714 1100 eodem
737 1042 938 1112 electo.
967 1039 1032 1093 Et
1061 1048 1282 1108 accepta
1333 1037 1457 1104 inde
1503 1038 1883 1108 responsione,
1913 1039 2111 1093 debent

523 1134 864 1205 interrogare
913 1135 1177 1204 ,cpismpi,
1215 1135 1269 1200 ,εἰ
1295 1135 1492 1204 aliquis
1545 1135 1614 1191 ibi
1662 1143 1766 1198 est,
1795 1135 1886 1204 qui
1920 1143 2108 1200 contra

524 1227 775 1280 eumdem
809 1227 1039 1295 electum
1073 1227 1275 1295 aliquid
1303 1228 1505 1291 dicere,
1527 1227 1621 1280 vel
1649 1227 1976 1284 ordinatiooi
2003 1227 2114 1296 epi—

522 1318 726 1387 scopali
758 1318 1092 1376 contrarium
1125 1318 1199 1374 illi
1224 1319 1646 1389 velittobjicet'e,
1674 1327 1732 1374 ut
1758 1331 1919 1374 exeat
1956 1328 2012 1375 et
2032 1319 2113 1374 di-

521 1420 612 1464 cat
640 1425 848 1465 memor
877 1410 1277 1468 communionis.
1291 1410 1614 1477 ,SuaiaQnod
1666 1410 1710 1464 si
1738 1410 1934 1479 aliquis
1954 1409 2113 1480 quid-

521 1499 647 1553 dam
681 1498 753 1553 illi
779 1497 1073 1570 objecerit,
1097 1499 1307 1556 habetis
1327 1500 1389 1560 in
1406 1499 1708 1560 canonibos
1733 1499 1863 1570 quid
1887 1499 2010 1556 inde
2041 1497 2112 1555 sit

524 1591 854 1646 faciendum.
886 1591 980 1646 Sin
1014 1600 1196 1654 autem
1223 1606 1413 1647 omnes
1471 1591 1770 1648 concordes
1815 1590 2019 1644 fuerint
2056 1589 2110 1644 in

2211 567 2326 644 ipsa
2354 573 2689 630 consecratio
2715 577 3082 645 consequitur,
3112 585 3167 630 et
3198 591 3409 646 semper
3435 586 3658 631 teneant
3687 595 3805 633 ma-

2209 681 2314 721 nus
2352 668 2570 721 dextras
2593 667 2831 737 episcopi
2863 683 3025 736 super
3049 677 3212 738 caput
3255 668 3568 723 ordinandi.
3611 668 3681 724 Ut
3711 687 3801 724 au-

2212 769 2318 812 tem
2371 745 2590 812 ventum
2647 758 2808 814 fuerit
2854 761 2920 814 ad
2966 761 3077 814 loca
3113 760 3164 814 in
3217 761 3414 830 quibus
3457 769 3586 816 sunt
3614 777 3806 816 cruces

2212 851 2457 922 signata},
2487 854 2718 923 accipiat
2740 866 3092 927 consecratur
3112 870 3206 908 vas
3237 854 3551 908 chrismatis
3583 854 3641 908 in
3680 855 3806 909 sini-

2214 953 2325 998 stra
2374 960 2556 1009 manu,
2589 953 2645 998 ct
2669 961 2791 999 cum
2821 945 3012 1000 dextro
3035 944 3252 1015 pollice,
3288 954 3522 998 cantans
3552 959 3683 1014 qua:
3713 945 3806 999 ibi-

2215 1033 2334 1102 dem
2357 1035 2720 1102 contincntur,
2757 1051 2853 1104 per
2888 1035 3096 1107 singula
3145 1035 3259 1089 loca
3283 1035 3448 1090 faciat
3479 1050 3710 1090 crucem
3749 1037 3805 1089 de

2210 1125 2508 1186 chrismate
2540 1127 2590 1182 in
2616 1127 2870 1182 verticem
2905 1126 3282 1190 consecrandi,
3316 1135 3371 1181 et
3400 1125 3654 1196 perfecta
3680 1142 3805 1180 con-

2211 1217 2541 1282 Socraticae,
2565 1225 2621 1271 et
2649 1217 3104 1288 respondentibus
3123 1218 3373 1272 omnibus
3396 1217 3591 1280 Amen,
3617 1217 3809 1270 tollan-

2219 1315 2305 1359 tur
2329 1306 2396 1359 ab
2423 1307 2692 1376 episcopis
2743 1307 3032 1375 Evangelia
3085 1307 3151 1361 de
3177 1307 3313 1361 collo
3374 1304 3513 1376 ejus,
3545 1315 3604 1359 ct
3636 1308 3810 1360 mittat

2217 1396 2473 1451 annulum
2502 1399 2553 1450 in
2583 1398 2819 1452 dextcrze
2861 1413 3052 1452 manus
3083 1396 3251 1467 digito
3297 1398 3388 1466 qui
3417 1396 3685 1467 praecedit
3718 1397 3811 1450 mi-

2217 1489 2444 1553 nimum,
2469 1489 2652 1544 dicens
2675 1489 2742 1543 ad
2767 1489 2893 1557 quid
2921 1489 2993 1542 illi
3016 1488 3246 1544 annulus
3272 1489 3448 1542 datur.
3475 1487 3712 1557 Signum
3738 1498 3813 1542 est

2217 1576 2365 1631 enim
2398 1577 2542 1643 lidei,
2570 1586 2628 1630 ut
2656 1577 3000 1631 audientibus
3050 1593 3108 1632 se
3169 1591 3236 1631 ex
3286 1577 3484 1632 divinis
3538 1579 3814 1649 mysteriis

517 1685 642 1752 eius
689 1683 975 1748 electione,
1005 1684 1298 1739 referenda:
1339 1693 1463 1739 sunt
1497 1683 1567 1737 ab
1589 1683 1841 1738 omnibus
1866 1682 1978 1737 Deo
2002 1682 2115 1736 latt-

2222 1669 2397 1737 signet
2425 1684 2545 1738 qua:
2574 1677 2629 1723 et
2655 1669 2854 1738 quibus
2882 1669 3140 1738 signanda
3173 1678 3322 1734 sunt.
3351 1678 3406 1723 et
3442 1671 3658 1738 aperiat
3698 1686 3815 1738 quae

525 1776 645 1837 des,
665 1782 722 1827 et
747 1774 1139 1830 examinandos
1163 1784 1248 1834 est
1278 1775 1426 1832 idem
1471 1775 1676 1836 electus
1711 1773 1782 1829 ab
1831 1773 2112 1842 episcopis,

524 1863 823 1918 secundum
870 1862 1161 1932 capitulum
1208 1863 1654 1934 Cartltagincnsis
1719 1863 1976 1926 concilii,
2011 1879 2120 1933 quo

527 1953 918 2010 manifestatur
949 1956 1124 2024 qualis
1150 1956 1343 2009 debeat
1365 1955 1605 2009 ordinari
1634 1956 1945 2024 episcopus.
1973 1953 2118 2012 Siita

523 2046 734 2110 credat,
765 2055 818 2102 et
845 2046 1181 2116 simplicibus
1219 2046 1400 2108 verbis
1427 2045 1752 2102 catholicam
1785 2047 1943 2106 [idem
1996 2062 2120 2116 pro-

524 2136 764 2197 fiteatur,
799 2137 940 2193 sicut
973 2137 1174 2190 ibidem
1202 2138 1465 2206 scriptum
1489 2137 1739 2200 habetur,
1771 2146 1826 2190 et
1849 2146 1975 2192 tunc
2005 2153 2120 2198 mo-

522 2231 735 2284 nendus
759 2239 844 2286 est
898 2231 1039 2284 idem
1091 2230 1316 2291 electus.
1346 2238 1404 2284 ut
1457 2231 1570 2300 ipsa
1608 2239 1789 2295 nocte,
1823 2233 2119 2290 secundum

522 2325 871 2380 traditionem
921 2323 1296 2395 apostolicam,
1347 2339 1406 2379 se
1444 2323 1662 2379 studeat
1702 2323 1930 2380 Domino
1974 2339 2122 2380 com-

519 2420 716 2474 menda
724 2435 802 2475 re.

596 2511 877 2569 Dominica
931 2523 1111 2571 autem
1173 2515 1261 2572 die
1311 2516 1582 2574 maturius
1631 2515 1868 2587 episc0pi
1915 2515 2120 2571 dioece-

523 2618 649 2662 secs
687 2616 742 2661 et
776 2605 957 2661 clerus
997 2623 1063 2661 ac
1106 2606 1258 2677 plebs
1303 2607 1596 2668 convenire
1637 2607 1912 2662 debebunt
1947 2607 2012 2661 ad
2044 2607 2122 2663 lo-

519 2711 681 2761 cum,
715 2697 804 2752 ubi
837 2695 1136 2752 secundum
1191 2697 1638 2752 consuetudinem
1679 2697 1818 2752 solet
1847 2707 2121 2767 metropo-

523 2783 728 2841 litanus
757 2788 1043 2857 episcopus
1079 2788 1341 2843 ordinari.
1372 2787 1438 2842 Et
1485 2789 1802 2858 praeparatis
1847 2789 2119 2854 omnibus,

525 2888 584 2934 et
616 2879 888 2951 episcOpis
907 2888 966 2936 et
990 2879 1380 2936 ecclesiasticis
1405 2881 1670 2934 ministris
1693 2880 1745 2934 in
1773 2881 2015 2938 vestibus
2035 2899 2124 2938 saw

525 2969 659 3032 eris,
686 2978 744 3024 et
769 2970 1038 3024 stantibus
1079 2970 1350 3040 episcopis
1408 2983 1566 3026 secus
1609 2969 1799 3036 altare,
1838 2972 1982 3027 idem
2006 2973 2120 3027 ele-

2220 1768 2276 1814 et
2299 1758 2495 1828 quibus
2533 1760 2821 1830 aperienda
2849 1769 2994 1814 sunt.
3013 1761 3216 1815 Deinde
3255 1762 3419 1816 donet
3450 1762 3526 1815 illi
3557 1761 3813 1816 baculum

2220 1851 2397 1906 sancti
2449 1851 2747 1919 regiminis,
2771 1859 2825 1905 et
2853 1852 2944 1906 det
2987 1867 3018 1905 a
3047 1865 3104 1906 se
3129 1853 3376 1908 ordinato
3404 1869 3623 1924 pacem,
3651 1863 3712 1909 et
3745 1855 3817 1908 sic

2220 1958 2319 2014 per
2353 1943 2600 1998 ordinem
2644 1943 2928 1997 ordinatus
2959 1944 3235 2000 osculetur
3260 1946 3544 2016 episcopos
3573 1955 3627 2000 et
3658 1961 3816 2015 pona-

2225 2043 2314 2088 tur
2339 2033 2469 2089 sella
2525 2033 2678 2101 juxta
2709 2049 2832 2088 eum
2890 2036 2980 2105 qui
3014 2035 3161 2090 illum
3211 2037 3503 2101 ordinavit,
3542 2047 3599 2092 ct
3630 2038 3817 2092 sedeat

2221 2125 2295 2196 ibi
2333 2126 2782 2195 mctropolitanus
2813 2127 3098 2198 episcopus
3129 2129 3406 2199 :-alioquiu
3433 2130 3480 2184 si
3534 2146 3645 2184 non
3673 2123 3818 2186 esset

2221 2217 2696 2286 metropolitanus,
2731 2219 2784 2272 in
2808 2219 2998 2274 ordine
3024 2221 3452 2274 consecrationis
3479 2237 3597 2276 sua:
3619 2224 3809 2278 sedere

2221 2309 2461 2364 deberet.
2496 2309 2562 2364 Et
2605 2319 2734 2366 tunc
2785 2310 2997 2381 legatur
3039 2311 3328 2382 Apostolus
3376 2328 3444 2367 ex
3473 2313 3720 2384 Epistola
3749 2314 3815 2369 ad

2223 2399 2593 2468 Timotheum,
2617 2403 2792 2472 qualis
2815 2403 3008 2458 debeat
3028 2419 3149 2459 esse
3171 2405 3454 2474 episcopus
3479 2414 3572 2468 ;ct
3597 2405 3810 2473 expleta

2221 2493 2412 2559 missa,
2441 2495 2722 2548 ordinatus
2745 2495 3190 2564 metr0po|itanns
3237 2495 3524 2565 episcopus
3565 2495 3814 2556 ducatur.

2223 2584 2308 2640 vel
2336 2585 2673 2656 deportctur,
2706 2586 2773 2639 ad
2809 2587 3124 2640 cathedram
3176 2587 3493 2656 principalis
3548 2587 3815 2648 ecclesiae,

2224 2679 2571 2734 cantantibus
2596 2677 2810 2732 clericis
2833 2694 2896 2731 ea
2927 2695 3048 2748 qua:
3073 2679 3139 2732 ad
3168 2679 3270 2733 hoc
3295 2694 3430 2748 opus
3458 2680 3815 2734 conveniunt.

2223 2770 2354 2826 Illuc
2377 2780 2558 2825 autem
2597 2771 2920 2840 perveniens
2949 2772 3187 2826 resideat
3217 2772 3268 2824 in
3295 2770 3594 2841 principali
3635 2773 3820 2826 cathe-

2223 2861 2422 2925 dra,et
2463 2863 2808 2917 commendet
2836 2862 3102 2916 ministris
3146 2861 3536 2917 ecclesiasticis
3557 2871 3617 2915 ut
3662 2878 3819 2916 unus-

2225 2955 2459 3024 quisque
2490 2955 2542 3008 in
2561 2970 2659 3010 suo
2686 2956 2876 3009 ordine
2902 2954 3175 3010 ministret
3218 2955 3317 3009 sibi
3344 2966 3510 3023 atque
3539 2956 3645 3010 sibi
3680 2972 3821 3014 com-

525 3067 652 3113 ctus
701 3057 919 3114 indutus
968 3039 1366 3128 pontificalibus
1414 3061 1656 3115 vestibus
1705 3077 1736 3115 a
1791 3062 2117 3132 primoribus

2228 3046 2406 3101 missa:
2438 3045 2712 3100 Ecclesim.
2737 3045 2864 3099 Inde
2889 3054 3078 3116 pergat
3111 3045 3162 3099 in
3199 3045 3527 3110 sacrarium,
3555 3054 3616 3099 et
3658 3046 3820 3100 inem-

525 3149 744 3205 clericis
767 3149 1008 3220 ejusdem
1039 3152 1352 3221 metropolis
1376 3152 1444 3208 de
1474 3155 1718 3208 sacrario
1739 3155 1903 3210 debet
1933 3155 2117 3220 educi,

523 3249 588 3295 et
616 3241 668 3294 in
695 3240 886 3296 ultimo
907 3241 1025 3297 loco
1042 3251 1170 3312 post
1205 3244 1490 3312 episcopos
1540 3243 1817 3298 collocari.
1856 3245 1907 3298 ls
1935 3255 2120 3300 autem

523 3334 815 3406 episcopus
839 3335 1239 3400 dioeccsaneus,
1267 3337 1358 3405 qui
1387 3337 1858 3394 consecrationem
1902 3337 2120 3392 fusurus

527 3433 619 3480 est
661 3441 824 3497 super
847 3425 1267 3497 eum,.incmpto
1295 3427 1541 3482 lntroitu,
1568 3429 1633 3482 ad
1666 3429 1886 3483 missam
1919 3444 2118 3485 secun-

527 3517 668 3572 dum.
683 3532 888 3573 morem
929 3521 1204 3588 procedat.
1232 3519 1299 3573 Et
1326 3519 1730 3578 linitolntroitu
1759 3519 1974 3574 dicatur
2003 3519 2121 3590 Kn-

529 3609 608 3663 rie
647 3609 861 3675 eleison,
915 3619 1273 3680 prosequente
1308 3611 1376 3665 ab
1407 3609 1523 3680 ipso
1575 3610 1831 3680 episcopo
1858 3609 2039 3665 Gloria
2064 3612 2122 3666 in

528 3700 745 3755 excelsis
781 3701 925 3756 Deo.
957 3701 1024 3756 Et
1074 3709 1204 3771 post
1234 3699 1417 3755 Gloria
1447 3702 1501 3755 in
1530 3701 1749 3756 excelsis
1789 3701 1920 3766 Deo,
1977 3703 2121 3758 dicat

529 3789 668 3847 hanc
699 3794 1023 3857 orationem,
1057 3807 1178 3861 quae
1206 3793 1380 3861 prima
1409 3801 1493 3845 est
1518 3792 1572 3845 in
1601 3793 1776 3848 rotula
1829 3808 2122 3848 consecra-

531 3883 720 3939 tionis.
753 3884 951 3938 Statim
983 3893 1337 3953 antemgpost
1367 3885 1692 3954 completam
1720 3885 1890 3953 ipsam
1905 3885 2122 3942 ,oratio-

533 3988 684 4037 nem,
720 3982 1011 4042 antequam
1053 3973 1270 4045 legatur.
1294 3973 1606 4041 Apostolus.
1641 3982 1988 4028 commoneat
2016 3973 2122 4027 cle-

533 4078 655 4119 rum
681 4072 734 4117 et
759 4053 965 4131 plebem
989 4071 1048 4117 ut
1086 4071 1244 4120 orent
1269 4079 1366 4132 pro
1415 4063 1716 4118 ordinando
1741 4062 1915 4120 electo
1939 4072 1996 4118 et
2022 4079 2122 4134 pro

531 4159 938 4215 ordinatoribus
983 4157 1120 4227 eius,
1150 4169 1204 4215 et
1259 4163 1490 4231 accipiat
1541 4161 1978 4217 electummanu
2021 4175 2121 4219 sua

534 4252 758 4306 dextera
801 4266 899 4321 per
930 4283 932 4290 -
958 4253 1395 4320 manummillius,
1426 4263 1479 4309 ct
1511 4254 1802 4324 incipiatur
1832 4255 2040 4320 litania,
2067 4263 2122 4314 et

533 4349 646 4395 tam
695 4341 810 4409 ipse
840 4357 964 4396 cum
988 4343 1181 4410 electo.
1221 4360 1389 4414 quam
1413 4348 1671 4402 etcaateri
1715 4348 1807 4419 qui
1845 4348 2118 4404 adfuerint

2223 3147 2318 3207 pto
2349 3136 2575 3191 lntroitu
2606 3136 2675 3188 ad
2707 3135 2924 3189 missam
2956 3135 3250 3189 secundum
3281 3149 3486 3189 morem
3547 3136 3814 3203 procidat.

2223 3241 2279 3285 et
2310 3229 2544 3286 salutato
2597 3229 2753 3282 altari
2804 3226 3061 3283 ascendat
3106 3227 3172 3281 ad
3199 3227 3381 3281 sedem
3425 3242 3611 3290 suam,
3642 3235 3701 3282 et
3724 3236 3822 3282 stet

2226 3320 2297 3375 ibi
2330 3320 2503 3374 donec
2538 3319 2589 3372 in
2617 3335 2715 3372 suo
2751 3320 2868 3372 loco
2899 3317 3120 3386 incipiat
3150 3316 3333 3370 Gloria
3357 3317 3410 3370 in
3451 3319 3679 3388 excelsis
3718 3317 3819 3372 Deo

2225 3411 2291 3466 de
2326 3410 2582 3480 gradibus
2609 3409 2778 3473 sedis,
2797 3417 2852 3462 et
2882 3417 3004 3478 post
3034 3409 3216 3462 datam
3245 3408 3548 3462 orationem
3588 3411 3821 3464 resideat

2222 3500 2275 3554 in
2305 3499 2434 3554 sede
2489 3512 2608 3561 sua,
2640 3499 3060 3554 consedentibus
3088 3512 3269 3551 secum
3322 3498 3672 3566 episcopispet
3700 3512 3818 3568 pre-

2222 3591 2472 3665 sbyteris.
2503 3590 2568 3644 Et
2603 3589 2870 3658 completa
2931 3590 3117 3652 missa,
3166 3588 3362 3642 habeat
3411 3588 3705 3659 episcopus
3735 3588 3820 3656 qui

2222 3699 2346 3739 eum
2393 3681 2665 3736 ordinavit
2717 3680 2924 3733 litteras
2986 3678 3235 3732 manibus
3292 3677 3406 3731 suis
3458 3679 3819 3747 subscriptas,

2222 3791 2358 3846 quas
2385 3774 2524 3832 sacri
2566 3787 2806 3826 canones
2856 3769 3109 3824 ordinato
3157 3770 3224 3823 ab
3270 3768 3682 3823 ordinatoribus
3716 3772 3821 3824 suis

2217 3867 2410 3940 juban
2457 3866 2728 3934 accipere,
2755 3863 3105 3934 praeferentes
3145 3862 3284 3917 diem
3317 3873 3374 3916 ct
3411 3863 3698 3917 consulem
3734 3871 3821 3916 :et

2223 3969 2510 4031 antequam
2541 3959 2823 4014 ordinatus
2862 3959 2929 4012 ab
2957 3955 3112 4010 altari
3144 3955 3408 4021 discedat,
3459 3957 3683 4010 mittant
3707 3972 3819 4011 eas-

2223 4052 2345 4110 dem
2399 4052 2608 4106 litteras
2655 4065 2817 4120 super
2855 4049 3048 4114 altare,
3096 4048 3236 4102 unde
3291 4063 3386 4102 eas
3439 4048 3721 4118 accipiant
3771 4061 3820 4100 et

2225 4146 2426 4204 donent
2448 4145 2565 4200 illas
2590 4160 2621 4204 a
2645 4160 2704 4198 se
2725 4143 3001 4206 ordinato,
3041 4152 3096 4198 et
3149 4143 3229 4198 sic
3281 4138 3536 4209 perfectis
3570 4140 3820 4194 omnibus

2219 4237 2579 4300 benedicatur
2604 4234 2884 4288 Dominus.
2920 4234 3186 4288 Cartcrum
3213 4232 3428 4302 quando
3467 4229 3821 4300 provincialis

2223 4329 2507 4390 ordinatur
2526 4326 2832 4396 episcopus,
2859 4324 2988 4393 ipsa:
3017 4325 3295 4380 canonica}
3330 4318 3528 4376 litterae
3551 4337 3582 4374 a
3612 4331 3815 4376 metro-

533 4432 827 4502 episcopi,.
843 4409 1194 4490 ὶηουτνοηιηέ
1217 4409 1352 4494 άηιε
1372 4438 1566 4504 mare,
1587 4409 1760 4509 “squ;
1787 4441 1910 4496 dum
1937 4442 2116 4498 δνθνί,
2135 4409 2201 4469 :D
2226 4418 2465 4509 politano
2491 4415 2821 4509 _etpc:eteris
2874 4415 3146 4509 episcopis
3194 4413 3605 4470 subscribendo:
3675 4422 3818 4509 sunt.

529 4531 620 4578 ter
659 4539 756 4594 pro
778 4533 1028 4595 tempore
1055 4513 1302 4582 lliniatur
1345 4530 1554 4584 litania.
1596 4530 1892 4588 Utrautem
1941 4533 2118 4590 clerus

523 4615 822 4684 .incmperit
867 4617 1048 4672 dicere
1083 4619 1411 4688 Agmst,
1435 4621 1646 4691 erigant
1675 4637 1733 4676 se
1771 4625 2035 4694 episcopi,
2063 4635 2118 4680 et

531 4707 633 4776 qui
661 4705 852 4763 fundet
864 4710 1598 4780 :consecrationcmaoeipiat
1625 4714 2119 4786 quatuor‘Evange-

532 4795 625 4860 lia,
657 4806 713 4852 ct
740 4799 954 4866 aperiat
979 4814 1075 4867 per
1111 4801 1369 4865 taedium,
1401 4809 1460 4856 et
1487 4803 1767 4859 incurvato
1798 4806 1913 4875 ipso
1944 4805 2117 4864 electo

533 4899 660 4943 ante
689 4889 884 4954 altare,
934 4891 1113 4944 mittat
1143 4888 1262 4959 ipse
1285 4891 1575 4962 Evangelia
1628 4894 2011 4963 supercollum
2063 4907 2122 4951 et

532 4983 804 5037 cervicem
831 4981 970 5049 ejus,
1011 4982 1453 5052 et-tetieant‘ipsa
1485 4983 1773 5055 Evangelia
1803 5001 1965 5054 super
1993 5002 2116 5042 eum

537 5070 646 5124 duo
672 5073 933 5143 episcopi,
967 5088 1106 5128 unus
1133 5087 1199 5128 ex
1218 5089 1333 5127 una
1371 5075 1724 5144 βελτίω-θηρι-
1745 5092 1813 5132 ex
1831 5075 2034 5141 altera,
2064 5086 2119 5132 et

537 5172 650 5218 tam
673 5178 1018 5222 consecrator
1047 5183 1210 5237 quam
1239 5175 1430 5224 onmes
1457 5169 1716 5239 episcopi,
1746 5179 1964 5225 teneant
1997 5187 2122 5226 ima-

538 5254 879 5312 nusdextras
901 5272 1026 5313 suas
1051 5273 1219 5328 super
1237 5264 1399 5326 caput
1425 5258 1734 5324 ordinandi,
1749 5267 1804 5314 et
1821 5258 1972 5313 dicat
1985 5274 2119 5315 con-

541 5351 1082 5396 secralonzllremus-
1110 5349 1426 5396 Prnnitiun-
1461 5347 1701 5396 Domine.
1728 5348 2126 5396 annulimtiani-

2227 4507 2466 4582 quandiu
2485 4507 2688 4576 legitur
2715 4506 3005 4576 Apostolus
3029 4516 3086 4561 et
3121 4513 3375 4564 cantatur
3413 4504 3820 4572 responsorium

2225 4607 2282 4654 et
2311 4597 2543 4662 alleluia,
2576 4604 2630 4650 et
2657 4597 2842 4650 statim
2865 4604 2986 4664 post
3015 4596 3231 4651 missam
3262 4593 3471 4647 ﬁnitam
3511 4594 3727 4646 dantur
3755 4590 3821 4643 ab

2225 4688 2492 4758 episcopis
2514 4695 2639 4750 ante
2661 4685 2836 4744 altare
2879 4686 3128 4740 ordinato
3175 4682 3494 4755 provinciali
3542 4682 3816 4751 episcopo,

2225 4791 2282 4837 et
2301 4779 2742 4848 archiepiscopus
2766 4786 2819 4832 et
2850 4777 2938 4831 alii
2968 4778 3204 4847 episcopi
3235 4777 3438 4830 vadunt
3469 4774 3537 4828 ad
3565 4772 3821 4840 snaJpse

2229 4885 2409 4948 autem
2440 4873 2723 4932 ordinatus
2750 4872 3179 4946 cantatmirmm
3214 4869 3304 4924 ubi
3335 4867 3488 4924 locus
3517 4874 3606 4922 est
3627 4879 3823 4936 Oppor-

2227 4978 2411 5041 tunns.

2243 5042 2248 5044 ⁷
2301 5057 2376 5114 De
2413 5057 2500 5116 bis
2537 5057 2788 5126 omnibus
2833 5070 2955 5124 quae
2996 5053 3132 5109 mihi
3178 5049 3501 5116 mandastis,
3541 5057 3599 5104 et
3637 5048 3705 5102 de
3736 5047 3820 5101 bis

2227 5137 2391 5206 etiam
2445 5164 2708 5222 quaenon
2757 5146 3083 5209 mandastis,
3135 5152 3195 5198 ut
3242 5143 3332 5203 sit,
3383 5141 3551 5196 veluti
3599 5140 3816 5202 dicitur,

2229 5241 2373 5309 quod
2412 5238 2904 5311 supererogaveris,
2939 5238 3093 5292 vobis
3139 5234 3389 5304 rescripsi
3421 5233 3661 5304 qualiter
3683 5230 3820 5284 ordi-

2225 5317 2498 5389 nationem
2531 5349 2753 5396 agamus
2791 5331 3048 5396 episcopi,
3089 5337 3146 5386 et
3188 5328 3419 5396 qualiter
3461 5327 3514 5382 in
3562 5341 3652 5381 me
3699 5333 3818 5377 acta
