3950 5396
110 249 250 311 189

667 363 1004 427 emsrom
1043 365 1212 424 xxx.
1293 336 1307 349 ’

742 497 811 536 ΑΒ
850 497 1147 537 ειηδεονοε.

125 597 220 653 De
245 596 369 668 jure
391 596 949 668 metropolitanorum,
989 614 1105 650 cum
1141 596 1205 650 de
1239 592 1480 666 Ausegisi
1506 593 1734 664 primatu

806 677 1065 738 ageretur.

290 792 455 857 (Apud
478 795 728 854 eumdem,
757 807 818 844 ex
847 792 1061 856 Ilogunt.
1085 792 1202 842 edit.
1226 791 1364 842 Joan.
1390 792 1596 857 Busan.)

210 917 261 975 1.
288 914 504 975 Domini
536 929 592 975 et
620 919 948 976 sanctissimi
979 936 1042 975 ac
1076 920 1514 976 rcverendissimi
1565 919 1734 991 patris

126 1013 322 1068 nostri
376 1013 657 1082 apostolici
708 1029 858 1083 papa:
907 1012 1134 1069 Joannis
1179 1015 1397 1068 decreta
1444 1030 1508 1068 ex
1561 1014 1736 1069 sacris

126 1104 452 1160 canonibus
489 1104 848 1175 promulgata,
879 1105 1020 1162 sicut
1041 1115 1097 1160 et
1125 1105 1296 1160 sancti
1327 1106 1640 1160 decessores
1671 1121 1736 1160 ac

124 1193 580 1265 prmdecessores
600 1196 680 1248 sui
711 1210 775 1249 ex
800 1196 1006 1250 eisdem
1034 1195 1204 1251 sacris
1224 1194 1521 1250 canonibns
1545 1195 1734 1265 spiritu

130 1285 236 1341 Dei
267 1285 528 1352 conditis,
553 1295 608 1342 et
633 1292 797 1341 totius
821 1288 1008 1342 mundi
1041 1286 1347 1342 reverentia
1377 1286 1732 1352 consecratis,

127 1379 654 1450 promulgaverunt,
685 1388 946 1448 quantum
976 1391 1044 1432 ex
1075 1379 1230 1434 nobis
1266 1387 1372 1443 est,
1403 1393 1510 1433 non
1541 1376 1737 1448 pneju—

131 1472 397 1526 dicantes
425 1471 709 1526 sententiis
735 1470 963 1525 fratrum
985 1482 1040 1526 et
1059 1471 1500 1542 cocpiscoporum
1525 1478 1738 1524 nostro-

130 1578 292 1626 rum,
323 1562 416 1633 qui
447 1563 699 1618 absentes
725 1571 888 1628 sunt,
937 1563 1004 1616 ad
1051 1578 1187 1632 quos
1230 1563 1346 1618 haec
1390 1577 1486 1616 sua
1533 1561 1734 1630 scripta

132 1654 467 1719 mittuntur,
496 1663 813 1710 reverenter
840 1653 1188 1724 suscipimus,
1218 1653 1448 1724 singulis
1473 1663 1734 1722 metropo-

135 1745 336 1800 litauis
365 1760 466 1799 suo
492 1745 616 1814 jure
643 1753 878 1808 servato,
906 1745 1051 1800 velut
1081 1746 1306 1816 mystica
1335 1744 1550 1798 Niczena
1576 1759 1735 1815 syno-

135 1835 246 1888 dus
281 1834 738 1905 irrefragabiliter
764 1837 972 1890 servari
994 1837 1256 1899 decrevit,
1281 1835 1464 1890 dicens
1482 1836 1620 1904 (con.
1638 1835 1692 1906 6)
1718 1855 1732 1888 :

143 1942 164 1976 s
186 1925 433 1995 Antiqua
456 1925 791 1981 consuetudo
811 1936 1054 1980 servetur
1073 1941 1169 1996 per
1187 1925 1498 1998 Egyptum,
1515 1927 1734 1996 Libyam

137 2022 196 2069 et
225 2013 598 2084 Pentapolim,
625 2017 698 2070 ita
729 2024 787 2070 ut
811 2015 1212 2072 Alexandrinus
1233 2018 1518 2086 episcopus
1541 2017 1734 2070 horum

140 2105 397 2160 omnium
428 2107 625 2162 habeat
649 2117 991 2178 potestatem,
1019 2109 1144 2177 quia
1165 2117 1220 2162 et
1243 2107 1392 2162 urbis
1419 2107 1604 2162 Romae
1623 2108 1738 2176 cpi-

139 2212 313 2268 scopo
337 2197 528 2266 parilis
554 2215 672 2254 mos
698 2207 802 2254 est.
851 2198 1114 2254 Similiter
1142 2209 1323 2254 autem
1363 2207 1418 2254 et
1457 2199 1595 2266 apud
1623 2199 1736 2253 An-

141 2287 412 2342 tiochiam
445 2297 784 2358 cmterasque
824 2290 1132 2360 provincias
1169 2289 1281 2344 suis
1309 2288 1585 2358 privilegia
1621 2304 1738 2343 ser-

140 2389 354 2433 ventur
376 2378 656 2434 Ecclesiis.
686 2379 945 2435 Firmitas
964 2389 1144 2435 autem
1167 2395 1380 2442 eorum,
1401 2395 1522 2449 quae
1542 2396 1740 2450 gerun-

140 2478 231 2524 tur
285 2484 395 2539 per
449 2486 887 2543 unamquamque
937 2471 1274 2544 provinciam
1323 2470 1738 2542 metropolitano

140 2561 428 2617 tribuatur
452 2564 725 2634 episcopo.
765 2582 783 2615 ι

209 2651 274 2709 Π.
314 2654 455 2722 Quae
503 2657 674 2712 sancti
716 2664 771 2712 et
812 2656 992 2728 magni
1037 2657 1254 2714 concilii
1290 2657 1496 2714 Nicteni
1520 2659 1736 2716 decreta

141 2740 346 2798 beatus
397 2743 746 2802 Innocentius
797 2748 863 2802 ad
917 2749 1282 2804 Alexandrum
1337 2749 1734 2806 Antiochenum

140 2836 468 2906 episcopum
499 2839 569 2892 ita
598 2839 865 2909 explanat,
898 2841 1082 2894 dicens
1121 2841 1293 2912 (epist.
1321 2841 1452 2912 20):
1485 2861 1504 2893 ε
1539 2841 1737 2897 Revol-

141 2937 341 2984 vcntes
375 2929 554 3000 itaque
582 2933 960 2985 auctoritatem
989 2932 1218 2986 Nicmnte
1242 2934 1453 3004 synodi,
1483 2949 1604 3003 qua:
1633 2950 1738 2988 una

138 3019 395 3074 omnium
420 3035 519 3090 per
551 3022 738 3075 orbem
784 3032 1049 3077 terrarum
1087 3033 1323 3079 mentem
1370 3025 1606 3094 explicat
1653 3041 1740 3088 sa;-

1595 247 1979 309 EPISTOLE.

1757 370 1806 429 Δ
1832 369 2103 437 videatur,
2137 378 2192 427 et
2226 370 2669 430 constantissime
2710 369 3001 441 teneatur,
3017 355 3260 433 maxime
3289 381 3419 450 quia

1833 463 2127 534 unicuique
2152 480 2468 522 concessum
2503 477 2618 534 est,
2660 469 2706 524 si
2739 466 2944 538 judicio
2981 469 3221 526 oll'ensus
3246 467 3422 529 fuerit

1835 557 2198 626 mgnitorum,
2228 559 2294 611 ad
2322 558 2610 613 concilium
2645 573 2758 615 suae
2785 561 3108 631 provinciae,
3145 563 3228 618 vel
3255 565 3418 620 etiam

1835 645 2148 703 universale
2173 664 2490 718 provocare.
2529 671 2547 703 ι
2583 652 2647 706 Et
2668 652 2795 708 hinc
2817 665 3038 709 sanctus
3066 652 3418 719 C(elestinus,

1835 739 1903 793 ad
1955 739 2030 793 rei
2087 740 2400 795 firmitatem
2453 757 2891 799 commemorans
2942 745 3156 800 decreta
3210 745 3421 814 praefati

1835 828 2126 895 Bonifacii,
2154 833 2396 887 decrevit
2429 843 2488 887 ut
2512 849 2849 904 unat'luteque
2875 837 3148 904 provincia
3181 854 3280 892 suo
3309 853 3427 895 me-

1838 920 2165 988 tropolitano
2195 923 2387 977 debeat
2419 939 2536 979 esse
2572 934 2851 982 contenta.
2891 927 3079 980 dicens
3115 928 3223 994 (ad
3259 930 3422 997 epist.

1837 1009 2050 1075 Gal/ite,
2081 1029 2132 1068 c.
2162 1013 2217 1081 4)
2244 1032 2256 1066 :
2293 1034 2310 1066 ι
2339 1013 2607 1080 Primum,
2639 1027 2698 1070 ut
2717 1017 2872 1084 juxta
2900 1017 3116 1072 decreta
3152 1033 3423 1074 canonum

1837 1119 2175 1174 uuaqnzeque
2228 1106 2506 1174 provincia
2557 1123 2654 1160 suo
2702 1107 3118 1176 metropolitano
3166 1117 3424 1165 contenta

1834 1195 1932 1256 sit,
1965 1207 2021 1250 ut
2048 1198 2356 1252 decessoris
2401 1198 2570 1252 nostri
2598 1198 2725 1252 data
2766 1199 2832 1253 ad
2871 1199 3274 1254 Narbonensem
3311 1202 3428 1271 epi-

1837 1301 2062 1355 scopum
2091 1288 2375 1342 contiuent
2403 1289 2700 1343 constituta
2720 1327 2735 1352 ,
2769 1304 2868 1344 nec
2905 1291 3246 1359 usurpationi
3275 1291 3426 1346 locus

1838 1377 1999 1433 alicui
2026 1378 2298 1434 sacerdoti
2331 1379 2383 1433 in
2416 1379 2643 1436 alterius
2671 1380 3006 1436 concedatur
3034 1382 3309 1451 iniuriam.
3343 1382 3430 1437 Sit

1837 1471 2116 1526 concessis
2151 1470 2254 1526 sibi
2282 1480 2572 1526 contentus
2597 1473 2969 1543 unusquisque
2991 1472 3428 1538 limitibus,alter

1838 1560 1894 1616 in
1927 1561 2152 1617 alterius
2181 1563 2460 1633 provincia
2485 1564 2616 1618 nihil
2639 1573 2988 1634 praesumat»
3027 1565 3091 1619 Et
3127 1566 3254 1619 item
3282 1565 3423 1620 idem

1842 1651 1958 1724 (Ad
1987 1654 2144 1724 episc.
2179 1653 2408 1722 Apuliu',
2436 1669 2486 1709 c.
2513 1654 2568 1725 1)
2594 1672 2607 1708 :
2653 1671 2671 1704 ι
2710 1653 2850 1707 Nulli
2896 1655 3165 1710 sacerdoti
3208 1669 3336 1709 suos
3365 1653 3429 1707 li-

1766 1724 1815 1787 Β
1841 1753 1959 1798 ceat
1985 1760 2223 1799 canones
2260 1724 2553 1814 ignorare,
2584 1759 2684 1798 nec
2716 1743 3012 1812 quidquam
3043 1743 3254 1808 facere,
3283 1742 3427 1811 quod

1838 1836 2064 1891 Patrum
2112 1837 2283 1908 possit
2333 1836 2532 1906 regulis
2567 1837 2812 1893 obviare.
2862 1837 2994 1904 Quae
3036 1837 3180 1890 cuitu
3209 1850 3240 1889 a
3273 1835 3429 1891 nobis

1839 1942 1928 1982 res
1957 1927 2116 1996 digna
2146 1927 2471 1991 servabitur,
2503 1927 2547 1981 si
2584 1926 2938 1982 decretalium
2985 1940 3178 1980 norma
3225 1922 3430 1979 consti-

1839 2028 2078 2074 tutorum
2110 2035 2208 2089 pro
2241 2020 2546 2089 aliquorum
2580 2019 2734 2074 libitu
2758 2059 2773 2084 ,
2810 2018 3030 2072 licentia
3059 2016 3273 2087 populis
3299 2031 3430 2086 peo-

1840 2109 2006 2164 missa
2057 2109 2382 2180 frangatur?
2411 2128 2435 2160 ⁷)
2483 2109 2550 2162 Et
2597 2117 2819 2163 sanctus
2848 2108 2957 2162 Leo
2986 2107 3054 2160 ad
3081 2105 3426 2160 Theodorum

1841 2200 2266 2269 Forojuliensem
2293 2202 2604 2272 episcopum
2634 2201 2806 2268 (epist.
2831 2200 2956 2270 9%):
2993 2218 3011 2251 ι
3036 2197 3431 2253 Sollicitudiuis

1841 2292 2060 2361 quidem
2089 2301 2194 2345 tua:
2226 2292 2271 2345 is
2300 2292 2437 2346 ordo
2464 2305 2587 2346 esse
2615 2289 2903 2353 debuerat,
2927 2296 2988 2342 ut
3011 2302 3136 2342 cum
3164 2295 3434 2356 metropo-

1841 2386 2011 2440 litano
2041 2395 2135 2440 tuo
2164 2385 2418 2455 primitus
2443 2385 2510 2438 de
2547 2398 2615 2439 eo
2651 2385 2798 2453 quod
2828 2382 3179 2452 quaerendum
3208 2381 3432 2434 videba-

1843 2487 1933 2532 tur
1959 2493 2082 2534 esse
2109 2476 2412 2540 conferres,
2442 2491 2507 2530 ac
2543 2475 2587 2529 si
2637 2475 2690 2530 id
2725 2475 2868 2545 quod
2900 2473 3190 2544 ignorabat
3213 2471 3434 2526 dilectio

1843 2579 1954 2630 tua,
1987 2568 2154 2622 etiam
2183 2568 2298 2636 ipse
2323 2567 2595 2632 nesciret,
2629 2567 2822 2621 instrui
2852 2581 2950 2620 vos
2992 2565 3199 2635 pariter
3245 2573 3434 2634 posce-

1841 2658 1991 2720 retis,
2022 2659 2146 2728 quia
2175 2659 2228 2712 in
2259 2659 2475 2722 causis,
2507 2674 2630 2728 quae
2670 2658 2740 2712 ad
2785 2656 3093 2727 generalem
3135 2657 3433 2710 observan-

1843 2750 1975 2804 tiam
2022 2748 2298 2818 pertinent
2344 2749 2589 2803 omnium
2631 2747 2843 2802 Domini
2889 2747 3271 2811 sacerdotum,
3313 2744 3434 2799 sine

1841 2841 2168 2910 primatibus
2196 2840 2329 2896 nihil
2362 2849 2577 2910 oportet
2609 2839 2832 2908 inquiri.
2874 2858 2894 2890 ι

1912 2931 2004 2985 ιν.
2045 2931 2112 2984 Ει
2134 2930 2262 3000 quia
2306 2938 2492 2984 sancta
2521 2927 2766 2982 Romana
2798 2927 3064 2990 Ecclesia,
3101 2925 3187 2982 cui
3219 2925 3426 2981 sollici-

1845 3021 1975 3076 tudo
2012 3021 2255 3075 omnium
2295 3018 2663 3076 Ecclesiarum
2712 3019 2764 3072 in
2802 3019 2963 3073 beato
2989 3017 3156 3072 Petro
3187 3016 3432 3086 principe

139 3110 467 3174 cerdotum,
518 3127 638 3179 quae
687 3114 902 3168 censuit
946 3115 1013 3168 de
1063 3115 1400 3171 Autiochena
1457 3117 1696 3173 Ecclesia
1717 3157 1732 3180 ,
1766 3105 1811 3168 C
1844 3109 2210 3182 aposlolm'llm
2239 3119 2323 3164 est
2348 3108 2658 3171 εοωηιὶθθειο
2689 3107 2876 3178 plures
2905 3105 3349 3176 mell‘OPOIimnOS
3377 3106 3433 3160 in

141 3206 366 3260 cunctis
393 3203 663 3268 ﬁdelibus,
698 3220 764 3259 ne
803 3205 1029 3260 dixerim
1061 3207 1468 3270 sacerdotibus,
1498 3223 1618 3262 esse
1647 3224 1742 3264 ne-

141 3296 450 3351 cessarium
477 3295 770 3362 custodire,
803 3312 906 3366 qua
933 3311 1096 3365 super
1120 3297 1401 3353 dioecesim
1424 3314 1575 3353 suam
1604 3315 1742 3369 prte-

144 3389 356 3444 dictam
391 3387 712 3458 Ecclesiam,
743 3404 849 3443 non
879 3404 1044 3458 super
1067 3388 1303 3459 aliquam
1337 3389 1498 3443 aliam
1524 3390 1740 3459 provin-

142 3481 289 3535 ciam
344 3479 786 3550 recognoscimus
832 3481 1207 3535 constitutam.
1252 3499 1273 3532 ι
1327 3480 1394 3534 Et
1431 3480 1741 3537 Bonifacius

139 3587 284 3644 papa
319 3574 572 3628 scribens
597 3570 662 3624 ad
692 3569 954 3626 Hilarium
994 3569 1398 3626 Narbonensem
1426 3571 1738 3641 episcopum

140 3664 330 3733 (epist.
359 3663 416 3727 '5)
445 3678 458 3715 :
505 3680 523 3711 ι
555 3660 850 3726 Convenit,
889 3661 1085 3728 inquit,
1111 3676 1208 3716 nos
1240 3670 1587 3730 paternarum
1619 3677 1742 3716 sau-

140 3755 395 3809 ctiouum
423 3751 709 3820 diligentes
735 3765 854 3806 esse
881 3750 1155 3804 custodes.
1189 3748 1328 3803 Nulli
1357 3750 1559 3804 etenim
1594 3750 1743 3804 vide-

143 3855 231 3900 tur
281 3846 562 3916 incognita
611 3845 800 3917 synodi
849 3844 1164 3899 constitutio
1193 3841 1458 3908 Nictenac,
1500 3857 1619 3912 quae
1667 3845 1739 3898 ita

145 3937 432 4008 praecipit,
476 3945 538 3990 ut
583 3937 774 3990 eadem
820 3935 1041 4005 proprie
1089 3933 1252 3989 verba
1302 3949 1588 4004 ponamus,
1639 3935 1743 3990 Per

150 4041 593 4097 unamquamque
619 4026 953 4095 provinciam
973 4025 1065 4095 jus
1091 4024 1536 4095 metropolitanos
1561 4025 1742 4097 singu-

151 4119 229 4175 los
269 4122 474 4177 habere
518 4121 754 4187 debere,
806 4135 907 4176 nec
949 4120 1204 4191 cuiquam
1236 4120 1371 4175 duas
1414 4135 1536 4176 esse
1578 4135 1740 4192 posse

156 4210 444 4280 subiectas.
478 4210 633 4279 Quod
667 4211 761 4277 illi,
795 4212 924 4282 quia
949 4211 1109 4267 aliter
1139 4211 1468 4266 credendum
1502 4226 1606 4267 non
1633 4221 1734 4277 est,

155 4301 480 4356 servandum
509 4312 701 4358 sancto
731 4302 936 4373 Spiritu
966 4310 1292 4374 suggerente
1327 4301 1577 4368 sibimet,
1610 4319 1739 4360 cen-

158 4400 398 4447 suerunt.
433 4412 452 4444 ›
494 4392 563 4447 Ει
601 4403 722 4463 post
751 4395 1066 4466 aliquanta:
1109 4412 1128 4447 r
1173 4394 1328 4462 Quod
1370 4393 1576 4450 idcirco
1604 4395 1736 4452 dici-

161 4498 310 4551 mus,
339 4495 402 4542 ut
429 4488 678 4542 advertat
721 4489 960 4544 cbaritas
1003 4498 1094 4543 tua
1144 4491 1280 4544 adeo
1329 4503 1430 4544 nos
1471 4503 1741 4544 canonum

163 4587 422 4649 prmcepta
452 4593 701 4643 servare,
754 4588 816 4634 ut
853 4580 925 4633 ita
958 4579 1277 4635 constitutio
1304 4594 1520 4650 quoque
1554 4588 1742 4634 nostra
1781 4595 1792 4608 '

169 4667 420 4735 dil‘liuiat,
475 4683 748 4742 quatenus
802 4672 1204 4742 metropolitani
1261 4673 1346 4728 sui
1403 4687 1744 4742 unaquaeque

169 4763 436 4827 provincia
477 4763 532 4820 in
578 4765 833 4820 omnibus
876 4765 1038 4820 rebus
1081 4765 1483 4822 ordinationem
1527 4781 1743 4837 semper

171 4863 453 4920 exspectet.
494 4876 516 4910 ι

238 4939 316 4994 ιιι.
361 4943 424 4998 Et
464 4954 653 5002 sancta
696 4944 933 5018 synodus
975 4945 1357 5014 episcoporum
1392 4943 1592 5002 Africa:
1617 4960 1743 5016 pro-

179 5027 356 5088 vincite
389 5037 633 5094 scribens
667 5038 733 5093 ad
778 5038 835 5094 S.
876 5037 1230 5094 leestinum
1272 5051 1465 5106 papam
1512 5037 1600 5108 (in
1639 5035 1744 5104 ﬁne

179 5124 349 5185 "tuadi
376 5127 701 5198 Africana):
740 5145 759 5178 ι
795 5128 1053 5194 Decreta,
1089 5126 1300 5195 inquit,
1344 5123 1598 5191 Niczena,
1631 5126 1746 5182 sive

185 5206 438 5272 inferioris
465 5222 665 5290 gradus
692 5220 937 5290 clericos,
971 5225 1091 5280 Sive
1118 5220 1400 5291 episcopos
1432 5222 1600 5292 ipsos,
1633 5221 1747 5276 suis

186 5310 596 5396 lbetropolitanis
623 5311 960 5380 apertissime
983 5313 1398 5373 commiserunt.
1427 5313 1748 5368 Prudentis-

1849 3202 2072 3273 speciali
2113 3217 2212 3256 sua
2251 3201 2472 3256 dioecesi
2507 3200 2688 3261 habet,
2721 3200 2864 3254 sicut
2904 3209 3126 3255 sanctus
3149 3197 3260 3252 Leo
3289 3198 3435 3267 apud

1842 3292 2195 3348 Auastasium
2233 3290 2780 3346 Thessalonicensem
2819 3289 3133 3358 episcopum
3165 3295 3436 3342 monstrat

1845 3384 2018 3454 (epist.
2049 3383 2166 3455 88),
2196 3382 2452 3438 similiter
2491 3391 2546 3437 et
2569 3381 2940 3436 Alexandrina
2970 3379 3216 3435 Ecclesia
3251 3379 3304 3434 in
3333 3394 3440 3434 sua

1842 3475 2102 3539 dilBCCSl;
2135 3474 2228 3529 sed
2259 3471 2668 3528 etAntiocbena
2697 3473 2854 3526 sedes
2890 3470 3178 3526 nonnullos
3226 3479 3438 3525 metro-

1841 3566 2114 3637 politanos
2157 3565 2211 3618 in
2243 3579 2340 3618 sua
2367 3563 2596 3617 ὀίωορεὶ
2624 3563 2810 3623 habet,
2842 3560 2984 3614 sicut
3019 3570 3242 3615 sanctus
3271 3559 3439 3617 Iuno-

1843 3654 2054 3708 centius
2101 3653 2168 3707 ad
2214 3650 2582 3706 Alexandrum
2636 3649 2879 3716 ejusdem
2931 3650 3079 3704 sedis
3123 3652 3444 3719 episcopum

1842 3745 2034 3800 scribit
2082 3745 2257 3814 (epist.
2288 3743 2402 3813 20),
2450 3751 2506 3795 et
2553 3741 2606 3796 in
2648 3740 3038 3798 ecclesiasticis
3089 3741 3330 3795 historiis
3372 3755 3447 3794 ac

1842 3835 2189 3908 synodalibus
2208 3836 2378 3906 gestis
2401 3833 2733 3898 invenimus,
2758 3832 2960 3888 eisdem
2989 3833 3154 3887 etiam
3171 3839 3442 3900 metropo-

1841 3930 2048 3994 litanis,
2104 3944 2241 3998 quos
2269 3928 2383 3984 suis
2415 3927 2638 3983 vicariis
2681 3937 2867 3986 sancta
2894 3925 3133 3980 Romana
3167 3923 3442 3978 commisit

1841 4025 2106 4087 Ecclesia,
2127 4023 2425 4080 secundum
2441 4020 2689 4076 Nicaeth
2719 4033 2906 4074 sacros
2934 4031 3175 4072 canoues
3195 4030 3291 4070 sua
3307 4015 3434 4084 jura

1839 4118 2084 4176 decrevit
2131 4116 2338 4173 servari
2367 4145 2386 4182 ,-
2433 4115 2599 4170 veluti
2654 4113 2724 4167 ad
2789 4112 3038 4165 currulem
3079 4108 3432 4163 Anastasium

1840 4211 1983 4266 idem
2012 4210 2205 4264 beatus
2240 4208 2352 4263 Leo
2383 4207 2629 4263 scribens
2659 4204 2838 4274 (epist.
2875 4201 2966 4271 88)
2995 4219 3008 4254 :
3060 4219 3078 4252 ‹
3114 4199 3303 4270 Igitur,
3351 4198 3435 4252 in-

1839 4303 1979 4374 quit,
2007 4302 2310 4359 secuudum
2342 4308 2652 4355 sanctorum
2681 4295 2902 4350 Patrum
2940 4308 3207 4356 canones,
3239 4290 3434 4360 spiritu

1845 4397 1943 4452 Dei
1973 4395 2239 4456 conditos,
2272 4400 2330 4447 et
2355 4390 2521 4444 totius
2553 4388 2738 4442 niundi
2783 4385 3094 4442 reverentia
3143 4397 3438 4438 consecra-

1849 4499 1953 4554 tos,
1998 4482 2452 4554 metrOpolitanos
2501 4477 2838 4548 singularum
2886 4473 3293 4546 provinciarum
3322 4471 3440 4539 epi-

1845 4594 2063 4650 scopos,
2099 4577 2297 4647 quibus
2339 4587 2408 4627 ex
2451 4569 2792 4641 delegatione
2841 4578 3029 4624 nostra
3077 4562 3438 4620 fraternitatis

1842 4683 1952 4730 tute
1995 4687 2128 4727 cura
2173 4663 2550 4739 pra:tcuditur,
2589 4661 2680 4730 jus
2725 4662 2939 4716 tradiue
2986 4660 3090 4715 sibi
3135 4656 3437 4724 antiquitus

1843 4763 2120 4835 dignitatis
2162 4763 2543 4816 intemeratum
2585 4755 2788 4811 habere
2837 4753 3200 4810 decrevimus,
3257 4748 3330 4802 ita
3378 4754 3438 4799 ut

1843 4872 1880 4913 a
1912 4855 2112 4926 regulis
2137 4851 2458 4924 praestitutis
2485 4849 2628 4904 nulla
2660 4858 2756 4902 aut
2796 4845 3146 4916 negligentia,
3179 4851 3269 4895 aut
3300 4855 3436 4908 pra:-

1847 4945 2156 5016 sumptione
2195 4941 2491 4996 discedant.
2541 4959 2562 4992 s
2612 4937 3010 4992 Alteudendum
3062 4940 3140 4987 est
3192 4931 3354 4997 igitur
3389 4930 3433 4983 si

1848 5037 2141 5110 apostolica
2180 5033 2338 5089 sedes
2364 5031 2795 5103 metropolitanis
2821 5041 2935 5082 sine
2965 5020 3216 5110 specialis
3243 5020 3440 5110 ditecc-

1839 5109 2001 5195 scos,
2033 5129 2176 5184 sicut
2207 5126 2261 5179 in
2287 5124 2531 5195 epistolis
2554 5121 2696 5177 beati
2724 5116 2968 5186 Gregorii
2997 5127 3062 5166 ex
3095 5109 3327 5177 Regesto
3356 5109 3438 5164 le-

1851 5218 2066 5290 gimus,
2121 5230 2261 5287 quos
2323 5224 2544 5285 propter
2613 5205 3063 5276 longinquitatem
3111 5212 3236 5250 suas
3289 5199 3440 5258 vices

3003 5304 3091 5316 ..Μ
3133 5303 3314 5316 θηΑ“Α-

1855 5311 2139 5382 agentibus
2186 5307 2473 5378 deiegavit,
2503 5320 2599 5358 sua
2626 5299 2746 5367 iura
2796 5292 3091 5350 secundum
3133 5301 3319 5343 sacros
3348 5291 3438 5346 Ni-
