3950 5396
561 201 662 264 1⁸93

1521 199 1852 258 HINCMARI
1891 192 2294 254 RHEMENSIS‘
2321 197 2841 275 ARCHIEPISCOPI

3729 209 3830 268 196

559 313 829 376 lustitute’
842 314 1418 388 atqueillrma'tiemon
1439 311 1660 372 lucebit?
1683 315 1852 384 iudici
1895 311 1964 370 de
2000 314 2146 385 ipsis
2161 325 2214 385 Α
2239 325 2318 372 tes
2347 311 2559 374 nostras
2575 320 2813 391 ejusdem
2831 321 3070 378 remedio
3091 318 3513 394 dispensationis
3539 326 3828 383 excubias.

553 412 942 484 judicareysed
966 411 1258 466 secundum
1285 410 1450 480 ipsas:
1467 407 1734 463 Conditor
1751 417 1931 461 tamen
1956 405 2135 476 legunt

562 502 1022 566 temporalium,si
1049 504 1128 553 vir
1155 501 1324 554 bonus
1345 509 1429 554 est
1457 509 1512 554 et
1532 497 1768 568 sapiens,
1797 497 1942 550 illam
1963 497 2136 557 ipsam

561 599 794 651 consulit
814 607 1095 654 :eternam,
1111 593 1178 647 de
1199 605 1303 661 qua
1327 592 1457 645 nulli
1481 594 1676 644 animae
1683 588 1927 656 judicare
1949 589 2135 642 datum

560 697 672 750 est,
691 695 750 738 ut
778 684 1071 739 secundum
1093 680 1218 750 διεῖπε
1250 679 1718 735 incommutabiles
1752 678 1983 748 regulas,
2008 677 2137 745 quid

561 779 632 832 sit
661 787 1030 847 pro'tempore
1066 775 1361 845 juhendum
1404 775 1798 840 velandumque
1844 775 2134 826 discernat.

559 867 840 922 Eternam
860 867 1031 935 igitur
1048 865 1225 933 legem
1256 864 1471 918 mundis
1489 877 1687 918 namus
1716 863 1796 917 fas
1814 871 1906 918 est
1933 877 2136 933 cogno-

559 971 731 1021 scere,
755 955 999 1025 jndicare
1033 970 1138 1010 non
1179 955 1262 1009 las
1290 964 1392 1010 est.
1443 972 1462 1006 ι

629 1048 718 1102 XI.
747 1048 912 1117 Cujus
951 1048 1277 1102 sententiam
1336 1056 1392 1102 et
1436 1047 1625 1102 beatus
1653 1047 1900 1103 Gelasius
1945 1046 2140 1103 confir-

559 1151 672 1195 mat
701 1142 754 1194 in
781 1141 1014 1195 decretis
1039 1141 1104 1193 ad
1132 1140 1416 1210 episcopos
1453 1155 1550 1213 per
1586 1140 1910 1194 Dardaniam
1937 1139 2140 1196 consti-

559 1241 740 1297 tutos,
767 1232 953 1286 dicens
982 1231 1156 1302 (epist.
1185 1231 1242 1295 2,
1281 1231 1380 1284 sub
1410 1229 1684 1301 initium):
1721 1251 1739 1282 ι
1773 1230 2135 1297 Conlidimus,

557 1323 701 1392 quod
772 1321 948 1376 nullus
999 1320 1142 1390 jam.
1182 1321 1456 1374 veraciter.
1497 1321 1838 1375 Christianus
1903 1322 2134 1392 ignoret,

560 1413 982 1482 uniuscujusque
1009 1411 1203 1482 synodi
1237 1412 1611 1476 constitutore,
1638 1405 1782 1481 qubd
1811 1412 2136 1467 universalis

557 1506 813 1561 Ecclesia:
863 1505 1109 1574 probavit
1139 1517 1412 1566 assensus,
1441 1503 1640 1557 nullam
1684 1505 1857 1574 magis
1907 1505 2133 1573 exsequi

557 1595 738 1650 sedem
780 1610 889 1664 pne
928 1593 1136 1648 caeteris
1189 1602 1442 1662 oportere
1491 1608 1652 1662 quam
1691 1594 1955 1662 primam,
2013 1609 2134 1663 quae

2239 409 2306 464 Et
2334 410 2460 466 licet
2488 413 2554 467 de
2578 413 2802 484 singulis
2822 429 2929 469 non
2956 415 3198 487 indigeas
3225 417 3476 482 edoceri,
3519 432 3550 472 a
3581 433 3697 489 quo
3715 419 3828 488 jam

2235 500 2580 571 probavimus
2610 503 2820 560 acutius
2849 506 3098 560 universa
3129 508 3358 573 servari,
3391 509 3606 580 gratius
3641 519 3826 566 tamen

2237 608 2358 650 esse
2383 595 2538 660 solet,
2567 596 2612 650 si
2644 597 2800 651 ituris
2830 605 3029 653 trames
3053 601 3375 663 ostenditur,
3407 609 3464 656 et
3492 600 3832 658 labontnris

2239 685 2463 754 injuncti
2507 688 2686 757 Operis
2736 687 2909 743 forma
2959 700 3310 746 monstratur.
3350 691 3620 748 Paternas
3666 694 3832 764 igitur

2239 775 2473 847 regulas,
2502 786 2556 831 et
2585 779 2798 832 decreta
2827 780 3183 835 sanctissimis
3217 780 3441 836 diﬂiuita
3476 784 3738 838 conciliis
3767 785 3830 838 ab

2238 868 2488 923 onmibus
2538 871 2801 924 servanda
2853 874 3188 927 mandamus.
3247 874 3302 926 ln
3353 875 3441 929 bis
3483 875 3827 946 vigilantiam

2240 968 2410 1025 tuam,
2436 961 2486 1014 in
2517 962 2599 1016 his
2620 978 2804 1017 curam
2827 971 2882 1018 et
2909 963 3163 1019 fraternae
3195 965 3396 1020 monita
3423 967 3829 1022 exhortationis

2239 1052 2594 1107 ostendimus.
2631 1054 2724 1107 His
2753 1069 2842 1120 ea,
2865 1064 3066 1125 quanta
3099 1057 3315 1127 dignum
3344 1066 3462 1121 est,
3515 1059 3826 1113 reverentia

2240 1145 2556 1208 custoditis,
2607 1145 2813 1199 nullum
2867 1146 3122 1215 relinquit
3169 1146 3338 1216 culpa:
3387 1147 3570 1202 locum
3625 1158 3830 1203 sancta:

2240 1237 2634 1293 observationis
2689 1238 3045 1294 obstaculum.
3100 1240 3177 1294 ibi
3228 1239 3309 1294 fas
3357 1239 3628 1310 nefasque
3704 1257 3829 1312 prai-

2239 1330 2499 1398 scriptum
2528 1338 2631 1393 est,
2659 1329 2729 1384 ibi
2756 1330 3085 1401 prohibitum
3107 1373 3121 1396 ,
3155 1333 3221 1388 ad
3247 1333 3390 1403 quod
3419 1333 3604 1387 nullus
3631 1334 3830 1388 audeat

2241 1423 2482 1492 aspirare
2507 1463 2523 1488 ,
2573 1424 2644 1478 ibi
2714 1440 3031 1480 concessum
3080 1425 3207 1495 quid
3261 1426 3454 1481 debeat
3504 1441 3668 1480 mens
3726 1425 3828 1482 Deo

2239 1513 2498 1584 placitura
2527 1529 2872 1583 praesumere.
2922 1517 3146 1584 Quoties
3187 1518 3452 1574 universa:
3479 1521 3664 1590 poscit
3712 1520 3830 1574 reli-

2240 1602 2416 1671 gionis
2445 1617 2607 1657 causa
2636 1604 2926 1658 concilium
2953 1645 2968 1670 ,
3013 1614 3064 1660 te
3093 1607 3272 1660 cuncti
3316 1605 3515 1662 fratres
3564 1619 3828 1664 evocante

558 1700 994 1756 unamquamque
1041 1685 1304 1754 synodum
1345 1693 1398 1737 et
1439 1699 1536 1738 sua
1564 1687 1888 1738 auctoritate
1931 1687 2134 1740 contir-

2241 1697 2606 1752 conveniant:
2644 1705 2697 1752 et
2723 1698 2766 1753 si
2799 1713 2934 1766 quos
2961 1713 3146 1753 eorum
3178 1699 3430 1768 specialis
3468 1701 3680 1770 negotii
3719 1700 3827 1771 pulo

558 1787 688 1840 mat,
720 1787 776 1831 et
819 1785 1130 1831 continuata
1165 1775 1537 1828 moderatione
1580 1775 1858 1837 custodit,
1906 1789 2005 1844 pro
2040 1791 2137 1829 suo

559 1868 765 1923 scilicet
811 1867 1131 1936 principatu,
1177 1882 1338 1936 quem
1390 1867 1582 1921 beatus
1629 1865 1821 1920 l-‘etrus
1864 1867 2138 1935 apostolus

560 1958 770 2012 Domini
804 1973 932 2013 voce
959 1967 1289 2028 perceptum,
1319 1957 1556 2012 Eccl.:sia
1581 1958 1929 2011 nihilominus
1954 1961 2138 2012 subse-

558 2064 776 2118 quente,
825 2059 880 2102 et
915 2049 1082 2102 tenuit
1129 2063 1360 2116 semper,
1393 2058 1448 2102 et
1480 2049 1694 2102 retinet.
1731 2067 1750 2098 ι
1786 2048 1852 2101 Ει
1892 2049 2139 2119 Symma-

559 2141 696 2193 chus
746 2153 884 2208 papa
935 2139 1002 2191 ad
1041 2137 1336 2192 Caesarium
1388 2123 1758 2192 Arelatensem
1825 2139 2134 2208 episcopum

557 2229 726 2298 (epist.
751 2228 772 2281 l
793 2231 871 2298 l):
897 2246 914 2278 ε
937 2227 1272 2282 ltationahile
1291 2238 1376 2282 est
1400 2239 1460 2282 ut
1474 2238 1659 2283 sancta
1681 2229 2012 2285 Arelatensis
2035 2231 2137 2286 Ec-

558 2319 720 2372 clesia
747 2319 978 2388 propriis
1001 2319 1292 2388 privilegiis
1309 2320 1638 2387 perfruatur,
1664 2329 1720 2374 et
1734 2323 1874 2388 quod
1899 2329 2136 2376 vetustas

552 2412 820 2480 praestitit,
850 2419 908 2465 et
933 2409 1152 2463 Patrum
1188 2411 1486 2464 auctoritas
1517 2411 1810 2475 roboravit,
1860 2426 1997 2466 nova
2026 2427 2134 2466 non

554 2500 715 2555 debet
743 2501 942 2556 violare
971 2501 1351 2570 praesumptio:
1387 2503 1466 2555 sic
1491 2510 1692 2568 tamen,
1726 2510 1786 2554 ut
1813 2513 2134 2557 camerarum

555 2592 922 2646 Ecelesiarum
956 2592 1234 2661 privilegia
1277 2591 1608 2660 temporibus
1633 2591 1894 2660 acquisita
1923 2609 2027 2645 non
2071 2593 2136 2644 ti-

557 2687 768 2752 tubent,
809 2685 934 2754 quia
965 2700 1072 2738 non
1102 2693 1278 2754 potest
1305 2700 1374 2738 ex
1401 2693 1552 2753 parte
1583 2684 1796 2737 firmum
1825 2699 1965 2747 esse,
1989 2685 2133 2753 quod

553 2776 921 2847 generalitatis
965 2777 1140 2846 tangit
1180 2775 1452 2844 injuriam.
1489 2774 1828 2830 Manentibus
1868 2778 2132 2845 siquidem

556 2869 642 2922 his
661 2884 782 2937 quas
813 2866 1033 2922 Patrum
1060 2867 1354 2921 constituta
1375 2865 1601 2934 singulis
1626 2866 1883 2920 Ecclesiis
1905 2881 2134 2920 conces-

552 2969 762 3024 serunt,
792 2959 1129 3012 decernimus
1151 2966 1209 3010 ut
1241 2957 1388 3012 circa
1415 2971 1502 3021 ea,
1533 2971 1656 3024 qua:
1703 2966 1814 3010 tam
1847 2957 1902 3010 in
1951 2956 2128 3010 Gallia

2237 1798 2318 1841 sat
2349 1778 2798 1858 intentiofjurgia
2830 1789 2971 1843 inter
3015 1804 3108 1844 eos
3135 1789 3324 1845 oborta
3367 1805 3663 1861 compesce
3683 1833 3700 1856 ,
3754 1791 3827 1843 di-

2237 1892 2419 1932 scussa
2452 1893 2607 1932 sacra
2656 1878 2772 1948 lege
2798 1879 3205 1933 determinando
3233 1881 3555 1935 certamina.
3592 1881 3824 1951 Quiquid

2235 1975 2415 2022 autem
2458 1967 2569 2020 illic
2615 1983 2714 2036 pro
2764 1967 2869 2022 ﬁde
2919 1975 2974 2022 et
3027 1971 3252 2023 veritate
3301 1971 3687 2034 constitutum,
3750 1971 3824 2025 vel

2235 2059 2454 2129 provida
2483 2057 2885 2126 dispensatione
2927 2069 3253 2130 praeceptum
3275 2101 3288 2123 ,
3321 2060 3404 2115 vel
3454 2077 3708 2131 persona:
3745 2077 3824 2115 no-

2236 2163 2363 2208 stra:
2435 2154 2756 2208 auctoritate
2802 2152 2965 2207 fuerit
3032 2153 3448 2219 confirmatum,
3504 2164 3716 2217 totum,
3767 2154 3824 2208 ad

2236 2244 2520 2300 scientiam
2595 2257 2836 2298 nostram
2915 2243 3179 2299 instructa
3253 2245 3530 2300 relationis
3597 2255 3824 2299 attesta-

2237 2335 2379 2389 tione
2419 2334 2714 2404 perveniat.
2761 2333 2836 2388 Eo
2884 2333 2944 2388 fit
2974 2341 3031 2387 ut
3059 2342 3114 2387 et
3161 2344 3345 2388 noster
3388 2336 3608 2389 animus
3653 2333 3820 2389 ofﬁcii

2235 2425 2501 2480 cbaritate
2527 2425 2668 2489 dati,
2699 2435 2756 2480 et
2787 2433 2910 2478 tuus
2936 2424 3224 2478 securitate
3251 2423 3565 2493 perfruatur
3589 2424 3822 2494 accepti.

2236 2518 2375 2573 Deus
2401 2526 2452 2571 te
2482 2516 2804 2570 incolumem
2831 2514 3118 2580 custodiat,
3152 2513 3322 2568 frater
3353 2514 3698 2569 charissima.
3731 2533 3753 2566 ι

2309 2606 2419 2660 XII.
2459 2606 2535 2660 Et
2570 2614 2792 2660 sanctus
2833 2603 3126 2675 Gregorius
3171 2604 3225 2658 in
3259 2603 3484 2665 epistola
3535 2603 3604 2657 ad
3651 2602 3826 2674 Virgi-

2234 2697 2363 2752 lium
2412 2696 2783 2752 Arelatensem
2831 2697 3140 2767 episcopum
3195 2695 3310 2767 (lib.
3356 2710 3431 2758 tv,
3482 2697 3638 2764 epist.
3695 2695 3820 2754 52):

2240 2807 2260 2840 ι
2303 2787 2654 2842 Fraternitati
2708 2796 2831 2851 tuae,
2877 2786 3072 2856 inquit,
3105 2787 3250 2840 vices
3299 2794 3514 2838 nostras
3546 2785 3600 2838 in
3636 2781 3822 2839 Etcle—

2235 2881 2330 2936 siis
2357 2896 2475 2950 qua:
2506 2880 2606 2934 sub
2654 2893 2820 2948 regno
2850 2887 2975 2934 sunt
3007 2876 3485 2947 pmccllentissimi
3523 2876 3618 2930 filii
3654 2876 3822 2930 nostri

2236 2971 2606 3035 Cbildeberti,
2634 2969 2785 3038 juxta
2833 2970 3114 3040 antiquum
3176 2981 3381 3022 morem
3439 2965 3550 3020 Deo
3601 2976 3824 3020 auctore

552 3066 716 3121 quam
767 3051 828 3106 in
871 3049 1134 3117 .llispania
1181 3047 1474 3117 provinciis
1517 3049 1586 3101 de
1645 3061 1809 3101 causa
1861 3046 2136 3117 religionis

2241 3036 2648 3117 committimus.
2677 3058 2915 3129 Singulis
2944 3036 3208 3128 siquidem
3240 3057 3602 3127 metropolitis
3631 3071 3824 3110 secun-

555 3141 923 3203 emerserint,
976 3138 1198 3194 solertia
1247 3147 1349 3191 tum
1391 3137 1750 3192 fraternitatis
1802 3138 2066 3210 iuvigilet.
2107 3157 2128 3192 ι

561 3241 628 3292 Et
683 3248 802 3307 post
847 3236 1158 3305 aliquanta:
1191 3251 1212 3284 ι
1265 3233 1432 3303 Igitur
1480 3235 1930 3304 quemadmodum
1973 3248 2135 3303 supra

553 3331 811 3393 diximus,
841 3343 938 3397 per
959 3327 1198 3396 singulas
1224 3326 1813 3391 Ecclesiasbeuelicia,
1843 3341 1964 3396 qme
2005 3333 2139 3379 sunt

555 3425 648 3477 diu
668 3421 960 3486 custodita,
988 3428 1288 3476 serventur.
1322 3439 1342 3470 ι
1367 3418 1435 3472 Ει
1463 3419 1588 3473 hinc
1609 3427 1826 3473 sanctus
1851 3417 2137 3470 llormisda

557 3515 610 3568 in
658 3513 890 3583 epistola
918 3513 987 3566 ad
1039 3513 1258 3566 beatum
1306 3509 1610 3580 Remigium
1663 3509 1995 3563 Bhemorum
2023 3508 2139 3577 epi-

557 3618 777 3673 ScOputlt
812 3603 1050 3673 scripsit,
1082 3603 1308 3656 dicens:
1345 3618 1362 3650 ι
1387 3600 1750 3655 Dilectissimo
1776 3597 1927 3651 fratri
1955 3596 2138 3650 Remi-

553 3697 992 3767 gio,llormisda.
1035 3673 1406 3762 Suscipimites
1442 3692 1598 3761 plena
1644 3688 2004 3743 fraternitatis
2029 3696 2133 3740 tuae

559 3789 1026 3859 wugratulatione
1055 3786 1320 3853 colloquia
1351 3822 1366 3848 ,
1398 3785 1594 3852 quibus
1619 3798 1718 3836 nos
1744 3796 2016 3852 germanae
2044 3794 2138 3833 sa-

559 3883 687 3936 lutis
718 3893 822 3935 tuae
865 3879 1158 3933 laitillcavit
1186 3876 1384 3930 indicio
1406 3874 1678 3945 corporali
1715 3889 1836 3928 cum
1887 3873 2140 3941 spiritua-

557 3977 702 4030 libus
738 3973 930 4027 oliiciis
959 3969 1328 4024 incolumitate
1365 3967 1616 4022 subuixia
1643 4005 1659 4030 ,
1689 3979 1988 4034 congruum
2019 3978 2142 4018 esse

559 4067 934 4137 petspeximus
954 4066 1090 4118 hanc
1114 4063 1282 4133 ipsam
1305 4075 1466 4130 quam
1495 4066 1674 4112 mente
1694 4057 1931 4128 gerimus
1959 4055 2138 4109 verbis

555 4157 766 4226 aperire
818 4154 1088 4208 laetitiam.
1153 4153 1284 4222 Agis
1336 4150 1480 4205 enim
1542 4147 1741 4203 summi
1813 4146 2138 4200 documenta

545 4239 846 4320 pontificis,
879 4248 1004 4300 dum
1036 4253 1088 4300 et
1119 4245 1459 4316 praedicanda
1475 4241 1640 4305 facis,
1672 4251 1728 4294 et
1749 4255 1812 4294 ea
1863 4239 2140 4293 insinuare

553 4359 659 4398 non
688 4341 889 4395 dill'ers.
930 4338 1346 4408 Prairogativatn
1391 4335 1554 4405 igitur
1585 4335 1654 4388 de
1681 4331 1854 4387 nostri
1898 4330 2136 4401 sumpsi.

556 4432 962 4488 muslelectioue
1009 4429 1216 4494 indicii,
1263 4427 1480 4497 quando
1525 4425 1578 4481 id
1607 4433 1893 4495 operatum
1927 4430 1978 4476 te
2013 4436 2138 4476 esse

553 4521 857 4585 didicimus,
885 4520 1028 4588 quod
1057 4521 1270 4574 caeteris
1297 4519 1563 4587 agendum
1612 4517 1868 4571 obnixius
1901 4514 2140 4582 impera-

555 4628 696 4677 mus,
720 4613 852 4667 utin
877 4611 1168 4679 provinciis
1198 4619 1347 4662 L'Illta
1376 4609 1769 4678 longinquitate
1799 4603 2091 4672 disjunctis
2117 4639 2132 4666 ,

553 4713 612 4759 et
641 4703 950 4772 apostolica:
999 4701 1145 4755 sedis
1171 4701 1424 4769 vigorem,
1454 4709 1512 4754 et
1546 4698 1767 4752 Patrum
1799 4695 1996 4766 regulis
2019 4703 2139 4749 stu-

555 4796 685 4850 deas
737 4793 996 4848 adlti‘bere
1037 4792 1378 4850 custodiam"
1398 4791 1550 4845 Vices
1581 4790 1766 4858 itaque
1799 4773 2014 4842 nostra's
2041 4799 2138 4854 per

553 4900 717 4941 omne
744 4898 966 4953 regnum
987 4882 1176 4940 dilecti
1205 4893 1264 4938 et
1291 4880 1596 4951 Spirituaiis
1617 4880 1708 4934 lilii
1739 4876 1914 4946 nostri
1942 4874 2136 4929 Clude-

555 4979 894 5046 vei,_quem
948 4990 1122 5047 nuper
1174 4974 1596 5028 adminiculante
1658 4985 1890 5040 superna
1944 4967 2134 5036 gratia

454 5086 456 5088 '
555 5070 826 5139 plurimis,
853 5079 912 5124 et
950 5067 1319 5140 apostolorum
1350 5063 1684 5134 temporibus
1714 5059 2134 5130 mqniparaudis,

557 5161 833 5230 signorum
919 5159 1211 5216 miraculis.
1275 5155 1712 5225 praedicationem
1801 5150 2134 5207 salutiferam

559 5251 963 5317 comitantibus,
1009 5252 1078 5304 ad
1113 5251 1274 5308 fidem
1304 5263 1426 5301 cum
1473 5255 1632 5316 gente
1662 5246 1869 5314 integra
1911 5260 2136 5300 convero

563 5338 702 5396 tisti.
747 5341 970 5393 et'sacri
1005 5341 1148 5392 dono
1192 5335 1536 5396 baptismatis
1570 5334 1927 5396 consecrasti,
1971 5335 2136 5389 salvis

2241 3153 2367 3208 dum
2398 3152 2629 3222 priscam
2655 3149 3103 3206 consuetudinem
3143 3149 3360 3218 proprio
3404 3150 3611 3202 honore
3639 3161 3824 3202 serva-

2239 3255 2316 3308 to,
2362 3243 2580 3312 pallium
2617 3257 2834 3312 quoque
2865 3240 3285 3295 transmisimus.
3320 3259 3340 3292 i
3375 3239 3440 3294 Et
3484 3239 3538 3293 in
3592 3241 3820 3308 epistola

2238 3335 2306 3389 ad
2381 3333 2719 3388 Dominicum
2795 3331 3278 3403 Cartltaginensem
3357 3330 3822 3400 archiepiscopum

2239 3425 2354 3498 (lib.
2400 3443 2477 3490 zu,
2507 3428 2659 3496 epist.
2693 3425 2813 3496 59):
2847 3427 2920 3480 De
2953 3424 3369 3485 ecclesiasticis,
3399 3424 3612 3494 Inquit,
3663 3425 3824 3495 privi-

2239 3519 2393 3591 legiis
2419 3521 2560 3589 quod
2590 3531 2769 3574 vestra
2801 3519 3114 3574 fraternitas
3142 3519 3363 3582 scribit,
3393 3518 3494 3572 hoc
3526 3520 3822 3589 postposita

2241 3612 2576 3668 dubitatione
2607 3618 2804 3674 teneat,
2853 3612 3001 3680 quia,
3048 3611 3188 3665 sicut
3219 3619 3402 3665 nostra
3448 3608 3821 3672 defendimus,

2243 3705 2314 3759 ila
2344 3703 2571 3774 singulis
2597 3704 2896 3772 quibusque
2921 3702 3178 3756 Ecclesiis
3207 3718 3301 3756 sua
3343 3699 3467 3769 jura
3512 3715 3819 3755 servamus.

2242 3795 2351 3852 Nec
2398 3797 2620 3851 cuilibet
2669 3793 2882 3848 favente
2934 3793 3112 3863 gratia
3163 3793 3304 3847 ultra
3359 3808 3524 3861 quam
3586 3804 3826 3848 meretur

2242 3886 2527 3955 impartior
2549 3924 2564 3950 ,
2609 3899 2708 3939 nec
2737 3883 2829 3938 ulli
2863 3884 2964 3938 hoc
3013 3883 3155 3952 quod
3203 3882 3291 3936 sui
3329 3881 3468 3950 juris
3499 3890 3586 3936 est
3618 3881 3821 3936 ambitu

2242 3965 2552 4030 stimulante
2603 3975 2847 4042 derogo:
2899 3973 2992 4028 sed
3025 3971 3222 4027 fratres
3286 3987 3436 4025 meos
3483 3985 3586 4040 per
3648 3971 3823 4025 omnia

2245 4068 2514 4121 honorare
2543 4065 2722 4134 cupio,
2753 4064 2938 4132 sicque
2966 4064 3156 4117 studeo
3188 4064 3392 4117 honore
3433 4061 3684 4132 singulos
3708 4063 3825 4116 sui»

2243 4159 2364 4212 vehi
2393 4197 2408 4223 ,
2439 4157 2730 4210 dummodo
2759 4172 2864 4209 non
2914 4155 2986 4208 sit
3014 4153 3156 4224 qu'od
3185 4153 3338 4207 alteri
3381 4151 3505 4220 jure
3545 4151 3618 4205 ab
3658 4154 3824 4207 altero

2243 4247 2411 4318 possit
2437 4248 2652 4317 opponi.
2694 4265 2714 4297 ι
2749 4245 2810 4299 Et
2843 4245 2908 4298 ad
2936 4243 3179 4298 Natalem
3209 4243 3587 4298 Salonitanum
3615 4244 3827 4313 opim

2244 4355 2369 4408 pum
2399 4339 2510 4410 (lib.
2543 4339 2683 4402 eod.,
2713 4339 2864 4409 epist.
2895 4338 3019 4407 '57):
3050 4355 3068 4388 ι
3090 4337 3266 4404 Quod,
3292 4336 3489 4406 inquit,
3733 4351 3825 4391 no-

2245 4432 2374 4485 stris
2403 4429 2739 4499 temporibus
2759 4429 2958 4483 debere
2985 4428 3214 4491 servari,
3241 4442 3361 4496 qua
3386 4442 3416 4480 a
3445 4426 3586 4481 meis
3610 4441 3825 4497 quoque

2243 4520 2730 4590 praedecessoribus
2761 4519 2956 4572 tradita
2999 4527 3164 4589 atque
3197 4517 3464 4572 custodita
3499 4527 3654 4582 sunt,
3687 4516 3821 4572 absit

2244 4612 2348 4665 hoc
2371 4625 2402 4663 ει
2429 4625 2534 4672 me,
2563 4618 2623 4662 ut
2650 4615 2850 4662 statuta
2889 4606 3151 4676 majorum
3180 4605 3669 4662 consacerdotibus
3697 4605 3825 4659 meis

2241 4701 2294 4754 in
2324 4701 2565 4770 qualibet
2588 4698 2832 4754 Ecclesia
2865 4698 3175 4768 infringam,
3225 4698 3353 4767 quia
3405 4697 3541 4752 mibi
3570 4697 3822 4768 iniuriam

2241 4791 2470 4854 facio,si
2501 4792 2731 4845 fratrum
2763 4807 3010 4847 meorum
3033 4791 3156 4860 jura
3187 4790 3466 4862 perturba.
3513 4808 3538 4843 ι

2312 4884 2443 4940 XIII.
2483 4883 2609 4940 llaec
2637 4886 2732 4950 ita,
2759 4893 2819 4939 ut
2846 4900 3008 4954 supra
3041 4893 3317 4940 ostensum
3347 4891 3452 4946 est,
3503 4883 3574 4939 de
3603 4883 3824 4952 antiquo

2231 4975 2355 5045 jure
2399 4977 2624 5047 singulis
2678 4976 3110 5046 metrtipolitanis
3149 4975 3468 5040 servando,
3525 4983 3583 5028 et
3638 4974 3822 5028 subse-

2237 5079 2464 5138 quentes
2519 5084 2733 5124 sacram
2803 5067 3076 5122 Niczenam
3146 5068 3411 5137 synodum
3465 5065 3820 5121 conciliorum

2238 5172 2472 5214 canentes
2526 5166 2857 5214 statuerunt.
2915 5157 3103 5212 Silicet
3163 5157 3534 5221 A‘tttiocbeni,
3584 5156 3821 5211 dicentes

2241 5248 2381 5318 (can.
2419 5249 2496 5321 9):
2523 5269 2540 5302 σ
2588 5250 2692 5303 Per
2721 5249 2958 5318 singulas
2983 5249 3228 5318 regiones
3254 5248 3535 5317 episcopos
3572 5247 3822 5302 convenit

2240 5351 2401 5393 nosse
2475 5338 2948 5396 metropolitanum
3009 5339 3320 5396 episcopum
3400 5337 3820 5390 sollicitudinem
