4012 6318
164 355 290 415 l9?-

1189 373 1283 416 :.'3:.
1346 348 2123 418 ισ-ι·-ξςι··ἐ.ιτΕΡιδεῖῸ1ισἈεδ·ίξί
2173 363 2495 415 ῖ·τῖ,ι.·›··ι.ι·γ.ι

3358 361 3462 422 Μ

161 485 406 529 canones
435 469 803 529 decreverunt
823 469 1072 543 (comi),
1101 478 1184 526 tut
1215 469 1324 528 illa.
1349 484 1474 540 qua:
1503 478 1636 526 sunt
1661 487 1758 540 per.
1787 483 1840 542 Α(
1869 490 1904 522 ι.
1926 470 1992 526 In
2011 469 2329 536 Galliam,
2357 471 2554 542 inimica
2572 463 3462 543 episcopis;-auditum-"tibi‘ancto-

163 579 612 638 unamquamque
638 564 974 636 provinciam
1000 565 1171 634 ipsius
1199 562 1494 633 provinciae
1522 564 1774 634 synodus-

163 661 470 729 dispensct,
499 657 640 712 sicut
676 653 895 710 Niczeno
920 663 1138 716 constat
1163 655 1440 710 decretum
1481 669 1604 708 esse
1628 669 1760 709 con-1

163 752 307 807 cilio.
343 749 414 804 Et
461 748 768 804 universale
815 746 1258 803 Chalcedonense
1303 747 1588 803 concilium
1631 748 1780 802 dicit.

163 843 306 911 (can.
336 840 428 913 l):
467 858 484 891 ι
509 838 768 910 Regulus,
795 839 1065 908 inquiens,
1090 847 1404 894 sanctorum.
1427 838 1642 896 Patrum
1667 853 1763 907 per

161 932 383 1004 singula
425 948 572 987 nunc
618 947 792 1002 usque
838 932 1068 987 concilia
1117 933 1441 987 constitutas
1484 933 1758 1002 proprium

159 1024 329 1078 robur
349 1023 600 1077 obtinere
627 1022 983 1076 decrevimus.
1013 1043 1032 1074 ι
1063 1022 1128 1076 Et
1156 1022 1283 1076 item
1308 1021 1451 1076 idem
1473 1022 1614 1092 (can.
1645 1023 1756 1083 19):

166 1135 184 1166 ι
218 1114 476 1169 Decrevit
503 1115 687 1183 itaque
718 1123 905 1168 sancta
932 1114 1167 1184 synodus
1191 1115 1488 1170 secundum
1537 1113 1777 1174 Patrum;

161 1221 403 1261 canones
430 1205 515 1260 bis
552 1207 604 1259 in
635 1221 777 1260 anno
805 1206 1086 1276 episcopos
1129 1206 1182 1260 in
1213 1204 1268 1259 id
1321 1204 1495 1273 ipsum
1540 1205 1591 1260 in
1625 1220 1760 1260 uua-

161 1315 377 1370 quaque
422 1300 701 1369 provincia
750 1299 1041 1354 convenire
1069 1339 1085 1364 ,
1135 1313 1246 1368 quo
1310 1297 1760 1366 metropolitanus

161 1395 388 1448 antistes
417 1391 749 1458 probaverit,
766 1400 820 1446 et
846 1392 1125 1462 corrigere
1151 1389 1383 1460 singula,
1407 1389 1453 1444 si
1481 1403 1604 1460 qua:
1644 1387 1756 1442 fore

165 1485 323 1540 tassis
351 1485 697 1538 emerserint.
739 1501 757 1533 ›
1369 1476 1377 1482 “

229 1574 371 1628 XIV.
405 1573 502 1628 Sic
529 1583 585 1628 et
611 1572 807 1627 Africa:
847 1571 1138 1643 provincia:
1162 1580 1351 1628 sancta
1383 1571 1614 1626 concilia
1663 1571 1758 1626 de-

161 1673 477 1727 creverunt,
511 1671 572 1716 ut
615 1678 736 1733 qua!
778 1662 831 1716 in
859 1661 1078 1716 Nicacno
1122 1661 1352 1717 concilio
1395 1671 1598 1718 statuta
1629 1667 1759 1716 sunt

159 1755 304 1810 omni
334 1755 495 1808 modo
516 1763 928 1818 conserventur,
951 1763 1005 1808 et
1032 1764 1090 1810 ut
1107 1755 1199 1824 qui
1228 1755 1498 1825 posterius
1518 1755 1751 1812 ordinati

1866 560 2401 618 ritatetntribuimns
2421 603 2436 628 ,
2463 563 2588 634 quia
2625 565 2696 618 ab
2731 566 2970 634 antiquis
2999 566 3456 635 predecessorum

1863 667 2107 710 meorqu
2148 655 2480 722 temporibus
2520 654 2744 725 pallium
2780 655 3119 711 Arelatensis
3162 659 3454 728 episcopus

1866 742 2094 811 accepit,
2117 757 2275 811 quem
2307 757 2407 798 nos
2433 744 2650 813 privare
2686 746 3015 802 auctoritate
3057 757 3312 818 percepta
3357 749 3460 802 tui-

1864 834 2009 889 nime
2034 835 2313 890 debemus.
2358 856 2376 887 ι
2412 837 2482 890 Et
2515 846 2640 907 post
2661 837 2935 908 aliquanta
2955 857 2976 893 ε
3009 841 3193 909 Lipsc-
3219 844 3458 897 auctori-

1865 931 1976 981 tate
1999 927 2215 996 prepria
2247 929 2527 997 episcopos
2541 928 2834 985 Galliarum
2868 931 3117 1001 judicare
3144 948 3271 988 non-
3293 944 3450 1004 pote-

1863 1017 1960 1083 ris,
1988 1019 2084 1082 sed
2120 1020 2420 1085 suadendo,
2452 1021 2791 1088 blandiendo,
2844 1025 2980 1080 bona
3009 1041 3243 1096 quoque
3287 1043 3456 1098 opera

1867 1116 1956 1162 tua
1982 1109 2062 1164 eis
2093 1111 2350 1165 imitanda
2382 1115 2758 1179 monstrando,
2800 1131 3100 1184 pravorum
3140 1127 3347 1174 mentes
3386 1121 3458 1176 ad

1864 1199 2168 1256 metitatis
2216 1201 2458 1256 studium
2496 1201 2757 1269 refon'ua,
2807 1206 2932 1275 quia
2963 1209 3237 1276 scriptum
3264 1217 3364 1264 "test
3402 1211 3456 1266 in

1861 1292 1979 1364 lege
2006 1311 2018 1348 :
2046 1293 2150 1351 Per
2175 1294 2406 1350 alienam
2427 1311 2666 1353 messem
2714 1299 2984 1355 transiens
3014 1300 3205 1356 falcem
3238 1303 3453 1359 mittere

1861 1402 1968 1442 non
1995 1387 2195 1452 debes,
2228 1389 2320 1444 sed
2371 1405 2532 1444 manu
2582 1390 2760 1460 spicas
2797 1401 3078 1448 conterere
3105 1403 3174 1449 ct
3223 1396 3456 1450 mandu-

1861 1484 1986 1535 Care
2015 1479 2191 1548 (Deut.
2225 1496 2380 1543 mu,
2405 1481 2531 1552 .25).
2563 1481 2789 1537 Falcem
2824 1485 2964 1538 enim
2995 1485 3186 1555 judicii
3237 1488 3456 1543 mittere

1860 1583 1968 1622 non
2001 1575 2155 1637 potes
2182 1568 2235 1621 in
2255 1584 2318 1622 ea
2367 1578 2571 1639 segete,
2596 1586 2716 1639 qum
2745 1572 2902 1626 alteri
2934 1574 3146 1628 videtur
3166 1590 3287 1630 esse
3307 1592 3458 1630 com-

1860 1657 2174 1718 missa.,-sed
2215 1675 2311 1728 per
2330 1658 2580 1715 cﬂ‘ectutn
2634 1663 2758 1717 boni
2811 1665 2992 1734 operis
3033 1665 3302 1722 frumenta
3348 1671 3453 1725 lto-

1863 1749 2061 1803 minica
2087 1750 2342 1804 vitiorum
2365 1767 2586 1806 suorum
2615 1753 2782 1821 paleis
2812 1755 3075 1825 exspolia,
3102 1766 3158 1813 et
3187 1759 3242 1814 in
3271 1760 3477 1818 Eccle-.

161 1855 283 1902 sunt
312 1845 590 1916 prioribus
614 1859 672 1898 se
694 1859 798 1898 non
829 1845 1065 1899 audeant
1099 1844 1393 1900 anteferre.
1429 1842 1584 1899 Unde
1611 1845 1756 1899 inter
1787 1833 1952 1895 Bsite
1973 1856 2169 1910 corpus
2190 1844 2455 1897 monendo
2475 1853 2532 1898 et
2551 1847 2940 1914 persuadendo,
2959 1849 3113 1917 quasi
3139 1851 3448 1906 mandendo

171 1951 372 1995 caetera
401 1941 472 1994 ad
512 1937 690 1992 locum
743 1939 876 1993 dicit
922 1937 1172 1993 Aurelius
1221 1937 1358 2010 (cap.
1391 1938 1528 2009 53):
1584 1957 1602 1990 ι
1636 1936 1756 1993 Non

162 2033 441 2096 decuerat,
470 2030 744 2100 inquiens,
781 2040 839 2086 ut
878 2032 993 2088 huic
1025 2039 1416 2102 repetercmus,
1460 2031 1566 2086 nisi
1613 2029 1758 2086 forte

160 2125 459 2180 existerent
500 2123 918 2178 inconsideratae
951 2133 1162 2178 mentes
1206 2122 1586 2192 quorumdam,
1635 2137 1758 2191 qua:

161 2215 230 2270 ad
279 2215 401 2270 lucc
461 2214 745 2269 statuenda
802 2223 1016 2268 nostros
1062 2221 1325 2268 acuerent
1389 2227 1600 2268 sensus.
1649 2211 1757 2268 Sed

159 2304 473 2358 communis
499 2304 607 2358 lucc
635 2319 796 2358 causa
827 2314 932 2366 est,
969 2318 1130 2372 quam
1168 2303 1465 2357 insinuavit
1497 2303 1670 2357 frater
1701 2310 1758 2356 et

163 2395 529 2450 consacerdos
597 2407 784 2450 uoster
859 2393 1213 2458 Valentinus,
1278 2402 1338 2447 ut
1389 2393 1760 2462 unusquisque

167 2497 419 2541 nostrum
456 2486 703 2540 ordinem
729 2485 830 2540 sibi
861 2486 1136 2540 decretum
1163 2500 1194 2538 a
1225 2484 1334 2538 Deo
1361 2492 1670 2554 cognoscat,
1702 2491 1759 2537 et

165 2577 496 2645 posteriores
529 2576 889 2631 anterioribus
937 2574 1204 2640 deferant,
1251 2589 1350 2629 nec
1378 2575 1458 2628 eis
1489 2571 1761 2627 inconsul-

168 2668 233 2720 tis
259 2667 465 2735 aliquid
491 2681 653 2736 agere
699 2675 1048 2745 praesumant.
1080 2665 1196 2732 Qua
1225 2664 1292 2719 de
1339 2678 1397 2717 re
1427 2664 1565 2722 dico,
1601 2670 1760 2731 prout

166 2767 354 2827 captus
381 2759 550 2812 animi
591 2759 696 2813 mei
731 2759 945 2820 retinet,
977 2772 1072 2812 eos
1099 2759 1188 2827 qui
1218 2758 1528 2826 putaverint
1559 2757 1760 2825 spretis

168 2846 474 2916 majoribus
501 2849 700 2918 aliquid
747 2849 1178 2920 prtesuutendum
1200 2889 1214 2912 ,
1246 2857 1616 2916 competenter
1637 2861 1760 2904 esse

169 2942 236 2995 ab
277 2941 432 2995 omni
476 2941 711 2995 concilio
755 2941 1102 2995 coercendos.
1134 2938 1436 3009 Xantippus
1477 2939 1762 3008 episcopus

166 3034 350 3104 primat
380 3034 526 3089 sedis
582 3032 847 3088 Numidia:
891 3033 1062 3087 dixit:
1103 3033 1321 3086 Audivit
1363 3031 1604 3085 omnium
1650 3030 1762 3082 fra-

166 3134 303 3180 trum
337 3127 626 3194 praesentia
675 3125 1110 3194 prosecutionem
1159 3123 1346 3178 fratris
1375 3132 1429 3176 et
1469 3137 1760 3178 consacer-

163 3217 302 3272 dotis
325 3220 499 3273 nostri
530 3218 760 3283 Aurelii,
787 3218 917 3288 quid
943 3218 1009 3272 ad
1038 3219 1154 3272 haec
1181 3216 1551 3288 respondent?
1578 3215 1758 3268 Datia-

162 3325 264 3363 nus
308 3311 599 3381 episcopus
633 3311 809 3365 dixit:
859 3311 990 3376 Quae
1040 3311 1305 3380 majorum
1351 3309 1594 3363 decrevit
1633 3322 1761 3362 seu-

164 3402 332 3457 tentia
361 3413 551 3457 nostro
591 3402 835 3457 assensui
878 3403 1350 3472 mancipabuntur,
1385 3412 1440 3453 ut
1467 3415 1587 3470 qua:
1617 3415 1758 3470 prte-

163 3494 452 3547 teritorum
475 3491 826 3546 conciliorum
849 3492 1016 3562 gestis
1043 3501 1295 3545 tenentur
1315 3490 1758 3560 Carthaginiensis

164 3583 420 3638 Ecclesia:
447 3594 632 3637 nostra
673 3583 986 3637 assensione
1026 3582 1184 3652 plene
1212 3583 1354 3652 apud
1382 3597 1574 3636 omnes
1604 3583 1758 3635 lirma

164 3681 474 3727 teneantur.
508 3672 754 3727 Universi
787 3673 1026 3742 episc0pi
1072 3673 1326 3726 dixerunt
1353 3687 1366 3725 :
1397 3670 1500 3725 Ilic
1529 3672 1666 3724 ordo
1705 3678 1760 3723 et

162 3779 194 3817 a
231 3763 490 3817 Patribus
514 3773 568 3818 et
612 3780 642 3817 a
677 3763 975 3833 majoribus
1018 3773 1264 3818 servatus
1307 3771 1410 3825 est,
1443 3771 1498 3817 et
1543 3777 1572 3815 a
1603 3762 1760 3816 nobis

161 3853 284 3908 Deo
317 3854 558 3922 propitio
583 3855 906 3921 servabitur,
938 3855 1087 3910 salvo
1129 3853 1296 3909 etiam
1326 3852 1450 3922 jure
1493 3855 1762 3923 primatus

163 3943 446 3998 Numidiae
476 3955 529 3998 et
555 3943 906 3999 Mauritania.
956 3964 974 3997 ι
1733 3989 1738 3994 .

235 4034 353 4089 XV.
386 4033 453 4088 Et
483 4035 605 4089 item
639 4037 798 4090 iidem
843 4035 984 4090 sacri
1033 4050 1268 4090 canones
1325 4040 1492 4106 (conc.
1537 4033 1758 4090 Milevit.

163 4144 211 4180 τ.
246 4127 374 4196 ﬂ):
415 4145 433 4176 ι
477 4126 687 4181 Placuit
717 4137 776 4182 ut
807 4128 1117 4198 quicunque
1156 4127 1412 4197 deinceps
1441 4126 1762 4181 ordinantur

164 4235 258 4289 per
288 4221 606 4288 provincias
633 4219 918 4274 Africanas
940 4261 956 4285 ,
988 4220 1198 4274 litteras
1227 4220 1494 4289 accipiant
1519 4220 1588 4273 ab
1613 4214 1762 4274 ordi-

170 4311 455 4366 natoribus
483 4312 618 4376 suis,
637 4329 796 4366 manu
821 4329 1007 4366 eorum
1044 4313 1400 4382 conscriptas,
1421 4314 1760 4368 continentes

165 4406 438 4458 consulem
454 4415 510 4460 et
531 4406 695 4468 diem,
721 4415 778 4458 ut
800 4405 944 4458 nulla
967 4405 1256 4460 altercatio
1279 4405 1346 4459 de
1363 4406 1758 4474 posterioribus

163 4495 245 4548 vel
271 4495 641 4551 anterioribus
674 4497 901 4550 oriatur.
937 4495 1088 4551 Unde
1119 4495 1363 4567 Pelagius
1387 4537 1403 4562 ,
1450 4504 1761 4552 autecessor

164 4586 337 4639 sancti
359 4584 631 4657 Gregorii,
663 4586 729 4640 ad
757 4586 1163 4642 Cltildebertum
1196 4602 1376 4658 regem
1421 4587 1757 4644 Francorum

163 4677 356 4731 scribit
375 4679 443 4732 de
469 4678 722 4748 Sapaudo
741 4679 1042 4735 Arelatensi
1066 4680 1472 4750 archiepiscopo
1493 4679 1700 4753 (Pelag.
1715 4681 1760 4748 Ι,

163 4768 316 4833 epist.
349 4767 463 4838 11),
494 4768 784 4838 increpans
812 4785 960 4836 eum,
993 4779 1052 4824 ut
1098 4771 1267 4840 ipsius
1297 4771 1477 4826 verbis
1520 4783 1758 4838 utamur,

163 4857 425 4926 quoniam
473 4861 538 4913 ad
569 4862 882 4930 petitionem
910 4864 1150 4934 episcopi
1197 4865 1267 4919 ab
1310 4879 1377 4920 eo
1424 4864 1762 4920 ordinatLin

159 4949 450 5016 judicium,
509 4957 784 5023 sequentis
827 4956 1068 5010 civitatis
1113 4957 1374 5028 episcopi,
1420 4959 1566 5029 quod
1611 4957 1759 5012 nulla

161 5043 538 5098 ecclesiastica
569 5043 686 5116 lege
713 5054 768 5100 et
793 5047 1003 5101 ratione
1033 5047 1380 5113 conceditur,
1401 5048 1756 5118 judicandum

159 5135 432 5206 jnberetis
475 5154 788 5206 occurrere,
825 5151 884 5198 ut
907 5145 1023 5213 ipso
1051 5144 1118 5199 de
1163 5145 1480 5198 conculcato
1529 5144 1632 5198 loci
1674 5145 1791 5200 sui.

163 5228 490 5297 pmjudicio
511 5242 894 5302 conquerente,
923 5235 1072 5290 illum
1093 5236 1184 5304 qni
1207 5235 1512 5304 usurpavit,
1539 5249 1776 5290 necesse

162 5319 234 5372 sit
286 5319 358 5372 de
403 5319 588 5375 illicita
632 5325 1049 5394 prazsumptione
1092 5324 1320 5394 culpari.
1355 5343 1374 5376 ι
1425 5325 1490 5378 Ει
1539 5335 1760 5380 sanctus

162 5412 468 5486 Gregorius
513 5416 924 5487 vigilantissitue
953 5419 1178 5473 servari»
1209 5418 1446 5474 decrevit
1479 5427 1538 5471 ut
1584 5427 1763 5487 poste-

163 5505 348 5559 riores
373 5520 434 5558 se
453 5507 724 5574 prioribus
753 5523 859 5562 non
885 5507 1197 5579 proderant,
1221 5517 1276 5562 et
1324 5518 1384 5562 ut
1430 5507 1608 5562 nullus
1645 5523 1761 5564 me-

165 5594 533 5664 tropolitanus
561 5597 614 5651 in
653 5598 877 5653 alterius
903 5599 1298 5668 metropolitani
1325 5598 1600 5667 provincia
1620 5638 1636 5662 ,
1671 5597 1761 5652 in-

167 5686 420 5741 consulto
445 5701 512 5742 eo
549 5689 803 5758 quiddam
845 5688 984 5760 juris
1027 5698 1352 5760 praesumat,
1400 5689 1646 5743 scribens
1691 5688 1759 5742 ad

167 5776 538 5848 Augustinum
554 5781 851 5852 Anglorum
871 5783 1183 5853 episcopum
1216 5782 1645 5854 (interrogatione
1666 5781 1755 5852 9):

1785 4549 1837 4609 D

1857 1942 2130 1988 converte.
2178 1933 2330 2000 Quod
2384 1950 2514 1992 vero
2553 1952 2621 1991 ex
2663 1939 2984 1994 auctoritate
3028 1939 3296 2011 agendum
3339 1952 3450 2008 est,

1857 2037 1980 2078 cum
2060 2024 2318 2094 praedicto
2376 2025 2676 2082 Arelatensi
2745 2030 3000 2099 episcopo
3071 2045 3310 2102 agatur,
3383 2050 3454 2090 ne

1855 2117 2197 2183 prastermitti
2225 2117 2413 2186 possit
2445 2119 2549 2174 hoc
2587 2121 2732 2188 quod
2763 2123 2986 2193 antiqua
3037 2121 3260 2180 Patrum
3306 2126 3460 2180 iusti-

1859 2206 1994 2260 tutio
2023 2207 2245 2261 invenit.
2293 2227 2313 2260 ι

1928 2295 2068 2353 XVI.
2109 2297 2175 2354 Et
2199 2299 2344 2368 quod
2378 2301 2445 2355 de
2486 2317 2594 2356 uno
2627 2302 2729 2358 hoc
2766 2303 3000 2373 primate
3025 2305 3326 2371 Gallicano,
3351 2307 3444 2378 qui

1857 2399 1887 2440 a
1915 2389 2042 2442 sede
2076 2387 2372 2456 apostolica
2403 2390 2628 2458 pallium
2673 2403 2994 2460 acceperat,
3043 2395 3201 2459 dixit,
3254 2397 3355 2450 hoc
3386 2405 3443 2450 et

1857 2479 1924 2534 de
1945 2479 2169 2550 reliquis
2197 2479 2599 2537 Gallicanorum
2647 2492 2704 2539 et
2741 2485 3079 2557 Belgicorutn
3109 2500 3272 2560 atque
3303 2482 3444 2557 Ger-

1859 2572 2196 2626 nianicorum
2236 2573 2562 2644 primatibus
2617 2586 2705 2632 est
2763 2578 2950 2649 utique
3005 2579 3444 2650 intelligendum.

1858 2660 2007 2717 Inter
2033 2679 2195 2734 quos,
2250 2667 2391 2720 sicut
2425 2675 2482 2721 et
2519 2667 2663 2722 inter
2715 2668 2954 2740 reliquos
2999 2673 3302 2744 episcopos,
3334 2675 3451 2730 lucc

1859 2749 2101 2808 conditio
2129 2755 2394 2825 regularis
2423 2769 2694 2822 servatur,
2735 2767 2796 2813 ut
2823 2761 2916 2829 qui
2963 2763 3116 2831 prius
3157 2763 3322 2818 fuerit
3350 2779 3443 2818 or-

1858 2843 2100 2910 diuatus,
2136 2846 2287 2915 prior
2335 2846 2622 2913 habeatur,
2666 2849 2814 2904 velut
2861 2851 3005 2905 idem
3053 2851 3114 2907 S.
3151 2852 3448 2925 Gregorius

1860 2934 1913 2989 in
1941 2934 2049 2989 alia.
2095 2937 2324 3004 epistola
2365 2939 2431 2991 ad
2465 2937 2765 3007 praefatum
2802 2944 3160 3011 Augustinum
3192 2953 3448 3012 patenter

1859 3028 2116 3082 ostendit.
2148 3027 2228 3082 De
2247 3030 2444 3099 quibus
2489 3032 2812 3101 primatibus
2845 3034 3007 3089 iidem
3039 3037 3180 3091 sacri
3203 3052 3444 3092 canones

1863 3120 2071 3185 dicunt,
2104 3129 2163 3175 ut
2205 3123 2869 3196 quisquisepiscoporum
2898 3137 3210 3195 accusatur,
3237 3131 3303 3184 ad
3331 3131 3444 3200 pri-

1864 3217 2064 3263 matem
2093 3213 2385 3278 provincia:
2423 3212 2596 3281 ipsius
2640 3229 2858 3272 causam
2898 3215 3109 3272 deferat
3136 3228 3456 3276 accusator.

1863 3298 1932 3353 Et
1972 3300 2062 3368 qui
2093 3304 2494 3370 provocandam
2551 3307 2883 3374 putaverint,
2929 3309 2996 3363 ad
3034 3310 3297 3378 primates
3316 3327 3442 3368 sua-

1863 3405 1982 3446 rum
2021 3393 2423 3462 provinciarum
2443 3434 2458 3460 ,
2491 3396 2631 3451 sicut
2655 3398 2807 3452 etde
2821 3400 3101 3471 episcopis
3131 3416 3273 3472 sarpe
3313 3417 3444 3458 con-

1859 3483 2110 3538 stitutum
2138 3493 2244 3550 est,
2269 3495 2586 3555 provocent.
2623 3487 2692 3543 Et
2717 3490 3024 3561 episcopus,
3057 3492 3151 3562 qui
3183 3493 3250 3547 ad
3270 3507 3445 3565 synoo

1860 3573 1989 3627 dum
2039 3578 2516 3638 nou-occurrerit,
2563 3579 2656 3633 ad:
2683 3580 2970 3648 primatem
3016 3595 3173 3637 suum
3217 3581 3445 3652 julietur

1862 3665 2124 3721 rationem
2175 3668 2546 3738 impedimenti
2591 3672 2674 3725 sui
2706 3673 2949 3728 reddere.
2981 3674 3152 3729 Etsi
3201 3677 3442 3747 episcopi

1860 3758 2004 3815 inter
2020 3775 2164 3830 quos
2189 3777 2353 3817 causa
2382 3773 2654 3830 versatur,
2689 3767 3026 3820 diversarum
3055 3778 3187 3822 sunt
3217 3770 3442 3838 provin-

1859 3850 2088 3913 ciarum,
2137 3851 2224 3906 ille
2273 3852 2479 3922 primas
2524 3854 2688 3908 debet
2733 3854 2945 3923 judiccs
2986 3858 3140 3922 dare,
3197 3859 3250 3912 in
3283 3856 3443 3926 cujus

1857 3942 2137 4012 provincia
2172 3955 2254 3998 est
2278 3945 2450 4010 locus,
2487 3947 2553 4000 de
2579 3961 2686 4016 quo
2719 3948 3084 4013 contenditur,
3128 3959 3184 4004 et
3215 3952 3444 4020 qurestio

1859 4045 1958 4102 per
1986 4032 2267 4102 episc0pos
2295 4033 2508 4104 judiccs
2532 4034 2764 4102 jubetur-
2792 4037 2958 4103 liniri,
3004 4040 3119 4094 sive
3157 4055 3292 4110 quos
3335 4042 3448 4111 pri-

1859 4134 2032 4180 metes
2057 4125 2306 4181 dederint
2322 4160 2340 4192 ,-
2379 4127 2495 4182 sive
2521 4141 2659 4196 quos
2689 4128 2832 4184 inter
2865 4145 2925 4185 se
2950 4141 3350 4201 conquerentes
3374 4131 3447 4188 vi-

1858 4217 2011 4271 cinos
2036 4233 2406 4274 ext-consensu
2427 4221 2746 4290 delegerint.
2791 4245 2794 4248 λ
2830 4265 2832 4267 .

1929 4304 2094 4362 XVII.
2137 4308 2284 4365 Ordo
2319 4319 2502 4366 autem
2543 4327 2608 4366 ac
2633 4313 2988 4384 przurogativa
3036 4315 3310 4384 prioratus
3335 4331 3444 4371 non

1859 4397 2055 4453 solum-
2083 4401 2378 4466 secundutu
2419 4416 2616 4457 sacros-
2666 4420 2903 4459 cauones
2953 4415 3008 4460 et
3051 4408 3268 4462 decreta
3301 4410 3446 4465 sedis

1862 4489 2126 4546 Romanis
2149 4492 2498 4562 pontiﬁcum,
2516 4495 2660 4550 inter
2694 4497 2978 4564 episcopos
2999 4507 3082 4552 est
3108 4513 3443 4555 conservan-

1865 4582 1986 4647 dus,
2010 4597 2208 4637 verum.
2231 4592 2287 4638 et
2311 4585 2465 4639 inter
2491 4588 2859 4658 presbyteros,
2896 4589 3038 4642 sicut
3082 4599 3304 4646 sanctus
3336 4591 3447 4648 Leo

1865 4674 2209 4740 indeqretali
2232 4691 2329 4730 sua
2352 4677 2580 4746 epistula
2620 4679 2687 4732 ad
2711 4678 3332 4736 DorumBe‘nevcntanm
3361 4683 3444 4737 ci-

1863 4768 2410 4839 vitatis-episcopum,-
2437 4784 2506 4828 ex
2529 4769 2734 4824 eisdem
2750 4773 2934 4827 sacris
2956 4775 3278 4830 canonibus
3313 4789 3444 4844 pro-

1863 4863 2123 4933 mulgata,
2151 4863 2295 4918 inter
2309 4871 2513 4918 uetera
2532 4864 2972 4920 dicit'atlulocuth
2999 4869 3174 4938 (cpiam
3197 4868 3251 4938 6)
3279 4886 3298 4922 τι
3328 4886 3350 4918 ι
3385 4867 3446 4923 Si

1865 4955 2157 5010 ambientis
2174 4956 2546 5021 intentio,-aut
2565 4956 2825 5029 limperi—t-a
2844 4957 3144 5015 faventium
3157 4960 3368 5023 studia,
3389 4957 3444 5013 id

1861 5046 2006 5116 quod
2021 5065 2042 5078 ιι
2064 5053 2336 5116 nunquam
2373 5047 2580 5103 ilrabt‘rit-
2597 5053 2996 5115 consu‘ctudo,-'
3018 5051 3346 5121 poscebant,-
3377 5057 3441 5104 ut

1861 5136 2127 5207 incipiens
2147 5137 2420 5203 emett'uis,
2455 5138 2780 5195 et'ubvullu's'
2796 5139 3441 5208 Ipraaferretur-antiquis,

1863 5228 2472 5286 tu'fueraniirliustritu
2491 5240 2682 5301 torquet
2703 5233 2982 5294 doctrinae,
3020 5241 3078 5285 ut
3113 5231 3312 5301 injuste
3341 5247 3438 5300 pe-

1864 5321 2382 5376 tentium-desideria
2423 5323 2726 5377 rationabili
2767 5324 3108 5377 auctoritate-
3132 5323 3441 5388 cohibercs,

1863 5429 1938 5471 ne
1964 5430 2123 5484 quem
2154 5415 2207 5468 in
2230 5415 2554 5469 sacerdotali
2593 5430 2818 5484 propere
2846 5414 3186 5485 pmvehebas
3210 5413 3441 5481 honore,

1864 5509 1934 5560 ad
1961 5506 2218 5573 iniuriam
2239 5521 2432 5560 eorum
2453 5507 2648 5575 quibus
2672 5504 3305 5573 sociabatur'inciperet,
3334 5505 3442 5560 ntio

1863 5611 2080 5665 norque-
2098 5613 2161 5652 se
2191 5596 2361 5663 ﬁeret,
2387 5597 2521 5651 dum
2561 5599 2615 5650 in
2643 5596 2744 5649 illo.
2763 5595 3218 5652 non-humilitatis
3241 5596 3436 5660 virtus,

1863 5689 1960 5744 sed
1986 5689 2234 5745 elationis
2259 5688 2836 5743 vitiumrobo‘raretur.
2883 5685 3066 5756 Neque
3095 5688 3252 5742 enim
3283 5687 3432 5757 igno«

1862 5781 2022 5836 rubus
2047 5781 2249 5855 dixisse
2277 5781 2584 5846 Dominum,
2613 5778 2888 5850 quod-qui
2919 5794 2981 5836 se
3012 5780 3262 5837 bumiliat
3286 5776 3436 5838 cui.
