4012 6318
569 311 672 367 I99

1553 302 1885 360 HINCMARI
1923 298 2324 368 RHEMENSIS
2357 300 2877 360 ARCHIEPISCOPI

3733 303 3840 359 Seu

570 424 793 489 tabitur,
820 422 911 494 qui
940 437 1070 478 vero
1091 433 1150 477 se
1181 417 1405 482 exaltat,
1437 414 1830 472 humiliabitur.
1854 413 2144 468 Eumdem-
2177 415 2227 472 Α
2259 411 2576 468 inconcusse
2616 413 2768 481 iuxta
2823 426 3007 468 sacras
3056 411 3268 484 regulas
3311 412 3672 470 conservatis.
3711 414 3848 480 Quae

574 529 681 586 que
710 515 911 570 dixisse
936 532 950 566 :
981 511 1288 580 Quicunque
1315 505 1418 562 vult
1450 507 1586 559 inter
1611 520 1698 558 vos
1722 503 1893 572 major
1911 502 2052 570 ﬁeri,
2083 502 2152 554 sit

572 618 736 662 vester
761 606 1015 664 minister,
1046 612 1094 656 et
1112 601 1408 672 quicunque
1436 594 1654 650 coluerit
1680 597 1814 648 inter
1839 611 1925 647 vos
1949 594 2152 663 primus

563 715 720 762 esse,
759 697 854 749 erit
898 706 1060 747 vester
1108 707 1284 744 servus
1335 687 1530 758 (Marc.
1567 703 1619 747 x,
1662 685 1778 753 45).
1825 683 1934 738 Vos
1971 690 2151 736 autem

571 790 812 860 qumritis
853 787 917 840 de
946 784 1139 854 pusillo
1189 795 1437 836 crescere
1476 788 1532 834 et
1577 779 1643 832 de
1677 779 1882 831 honore
1919 775 2152 843 majores

571 893 711 934 esse.
766 877 1062 944 Utrumque
1092 873 1235 927 enim
1278 871 1670 930 inordinatum,
1698 877 1988 935 utrumque
2013 877 2152 934 pra:-

569 977 844 1036 posterum
897 973 1000 1026 est,
1041 974 1095 1016 ct
1121 961 1298 1016 omnis
1346 959 1590 1013 laborum
1638 955 1848 1009 fructus
1886 954 2151 1016 aufertur,

567 1057 745 1113 omnis
769 1055 1084 1109 meritorum
1121 1067 1369 1106 mensura
1402 1057 1683 1112 vacuatur,
1717 1046 1759 1099 si
1788 1053 1994 1098 tantum
2030 1043 2155 1119 quis

569 1151 879 1220 assequitur
901 1148 1202 1219 dignitatis,
1237 1153 1499 1216 quantum
1537 1142 1867 1196 adulationis
1897 1139 2152 1204 obtinuit,

568 1252 629 1297 ut
656 1242 922 1311 cupiditas
947 1238 1218 1294 eminendi
1259 1253 1363 1291 non
1393 1236 1565 1291 solum
1617 1233 2020 1305 superbientem
2053 1233 2158 1286 mi-

567 1340 722 1394 nuat,
758 1330 851 1385 sed
873 1329 1037 1384 etiam
1064 1327 1464 1382 conniventem.
1516 1324 1572 1380 Si
1599 1340 1749 1385 vero,
1777 1333 1836 1377 ut
1866 1323 2153 1388 asseritur,

565 1425 728 1495 primi
761 1422 1089 1491 secundique
1120 1418 1423 1489 presbyteri
1470 1418 1617 1472 circa
1656 1417 1998 1486 Epicarpium
2026 1415 2158 1488 sibi:

567 1524 679 1572 met
706 1511 1146 1584 prmponendum,
1173 1519 1282 1564 tam
1311 1511 1435 1564 huic
1461 1509 1761 1563 assentatio
1781 1509 1902 1571 fuit,
1931 1517 1987 1561 ut
2007 1508 2156 1562 illum
2210 1503 2214 1507 ’

567 1620 691 1659 cum
716 1604 799 1658 sui
828 1605 1092 1658 dedecore
1121 1609 1411 1670 posCerent
1450 1599 1729 1662 honorari,
1761 1614 1861 1653 nec
1904 1601 2003 1652 hoc
2037 1599 2158 1669 qui-

568 1697 692 1752 dem
719 1698 822 1750 illis
836 1695 1056 1764 proprio
1082 1709 1140 1748 se
1155 1693 1360 1764 judicio
1381 1691 1762 1760 dejicientibus
1781 1691 1943 1745 tribui
1969 1691 2156 1746 debuit

2260 504 2594 575 temporibus
2661 505 2950 561 Theodosii
3011 514 3067 560 et
3123 505 3344 560 Honorii
3403 507 3799 576 imperatorum
3830 546 3847 570 ,

2256 597 2571 667 pontificatu
2626 613 2778 668 papa
2819 597 3038 662 Zosimi,
3081 612 3179 668 per
3229 605 3433 666 septem
3488 599 3803 670 provincias
3833 641 3850 662 ,

2257 689 2462 744 scilicet
2485 689 2868 755 Viennensem,
2922 690 3360 760 Lugdunensem,
3426 689 3504 742 Na
3517 690 3845 744 rhonensem

2256 779 2485 848 primam
2525 788 2580 832 et
2621 781 2934 843 secundam,
2985 789 3039 833 et
3083 779 3354 850 Alpinum,
3384 787 3440 832 et
3472 778 3856 850 NovempOpu-

2257 871 2458 936 lanam,
2498 879 2554 925 et
2599 872 2892 927 secundam
2925 865 3306 942 Aquitanicam
3341 874 3638 936 emanavit,
3672 883 3734 926 ut
3781 873 3850 927 de

2258 963 2342 1016 his
2387 962 2684 1032 provinciis
2730 963 2980 1018 honorati
3019 963 3105 1018 vel
3148 961 3526 1034 posSessorcs,
3554 962 3772 1032 judiccs
3799 972 3856 1018 et

2257 1054 2496 1122 episcopi
2543 1055 2889 1124 prmfatarum
2939 1055 3364 1124 provinciarum,
3409 1055 3477 1110 ab
3513 1053 3698 1109 Idibus
3737 1055 3852 1108 Au-

2259 1145 2398 1214 gusti
2413 1145 2823 1216 quibuscunque
2845 1146 3037 1222 mediis
3058 1145 3248 1202 diebus
3269 1147 3322 1200 in
3345 1145 3468 1200 Idus
3483 1143 3848 1216 Septembris,

2260 1237 2314 1291 in
2346 1237 2476 1290 urbe
2501 1237 2832 1302 Arelatensi,
2859 1253 2978 1308 quae
2997 1248 3053 1293 et
3079 1238 3438 1294 Constantina
3487 1247 3746 1302 vocatur,
3779 1239 3846 1291 ad

2261 1331 2550 1386 concilium
2601 1331 2815 1388 forense
2851 1332 2936 1386 vel
2979 1332 3413 1388 ecclesiasticum
3467 1333 3850 1386 convenirent.

2261 1424 2336 1478 Ita
2362 1434 2429 1508 pt
2477 1425 2542 1479 de
2588 1423 3065 1496 Novempopulana
3105 1435 3161 1480 et
3206 1426 3442 1479 secunda
3482 1424 3849 1494 Aquitanica,

2260 1529 2380 1584 qua:
2411 1516 2700 1587 provincia:
2744 1516 2955 1586 longius
3006 1517 3336 1571 constitntze-
3371 1524 3517 1579 sunt,
3574 1515 3620 1570 si
3657 1530 3850 1569 eorum

2255 1608 2466 1676 judiccs
2497 1617 2550 1662 et
2581 1608 3026 1678 metropolitanos
3056 1608 3344 1677 occupatio
3371 1616 3517 1662 certa
3561 1607 3852 1670 retineret,

2262 1701 2465 1771 legatos
2501 1717 2627 1755 suos
2665 1702 2819 1772 juxta
2868 1702 3318 1756 consuetudinem
3368 1702 3666 1761 mitterent,
3709 1700 3858 1754 sicut

545 1777 712 1856 iquod
760 1787 1034 1848 volebant,
1066 1785 1150 1838 cui
1185 1794 1293 1838 tam
1322 1783 1530 1837 misera:
1559 1782 1818 1838 voluntati
1857 1791 1908 1836 te
1941 1783 2155 1849 dignius

2267 1794 2319 1847 iu
2367 1795 2544 1847 edicto
2572 1793 2917 1862 praefatorum
2963 1794 3374 1862 imperatorum,
3417 1801 3471 1846 et
3513 1791 3565 1844 in
3596 1791 3853 1860 epistolis

567 1879 746 1935 fuerat
790 1878 1030 1941 obviare,
1087 1892 1247 1946 quam
1305 1875 1518 1929 cedere.
1580 1875 1847 1928 Deformis
1891 1884 2072 1927 autem
2103 1882 2157 1927 et

569 1973 762 2043 ignava
809 1967 1072 2036 subjectio
1119 1967 1254 2021 bene
1293 1967 1394 2020 sibi
1435 1966 1692 2029 consciis,
1730 1975 1784 2019 et
1813 1981 1916 2018 non
1945 1965 2157 2018 irritam

567 2066 890 2123 facientibus
912 2065 1140 2132 gratiam
1190 2062 1305 2126 Dei,
1337 2059 1696 2130 prmjudicare
1726 2073 1831 2112 non
1867 2056 2069 2126 potuit,
2099 2062 2158 2108 ut

569 2158 829 2228 primates
867 2171 994 2210 suos
1024 2167 1345 2223 quocunque
1387 2149 1716 2204 commercio
1752 2148 1805 2201 in
1834 2147 2157 2200 alterutrum

571 2245 982 2306 transferentes,
1007 2240 1450 2310 subsequentium
1492 2253 1713 2294 suorum
1746 2236 2055 2290 minuerent
2079 2235 2162 2288 di-

571 2319 857 2404 gnitatem,
887 2343 940 2388 et
962 2332 1396 2408 quemnltimum
1425 2331 1527 2384 sibi
1573 2336 2019 2398 anteposuerant,
2053 2343 2158 2381 cze-

570 2429 703 2484 teris
745 2425 1109 2497 praemineret.
1162 2422 1412 2477 Pratdicti
1465 2422 1630 2492 igitur
1682 2421 2008 2492 presbyteri,
2065 2419 2158 2489 qui

571 2519 822 2590 indignos
869 2533 928 2573 se
975 2515 1197 2571 honoris
1245 2516 1328 2570 sui
1365 2517 1557 2570 ordine
1595 2514 1998 2585 suntprofessi,
2035 2513 2164 2568 licet

569 2613 771 2686 privari
812 2611 974 2665 etiam
1018 2609 1321 2663 sacerdotio
1364 2617 1724 2670 mererentur,
1773 2618 1955 2661 tamen
2000 2606 2162 2660 uteis

569 2720 670 2774 pro
693 2702 1000 2772 apostolicae
1051 2701 1191 2754 sedis
1242 2701 1444 2770 pietate
1483 2709 1758 2768 parcatur,
1806 2699 1982 2768 ultimi
2017 2699 2161 2752 inter

573 2809 764 2850 omnes
793 2792 1046 2847 Ecclesiae
1075 2791 1424 2862 presbyteros
1445 2791 1769 2844 habeantur.
1794 2790 1861 2844 Et
1883 2800 1940 2844 ut
1963 2789 2157 2858 judicii

571 2888 653 2942 sui
679 2885 1001 2941 sententiam
1055 2883 1264 2947 ferant,
1300 2883 1587 2938 inferiores
1633 2884 1800 2938 etiam
1831 2883 1923 2938 illo
1969 2893 2156 2950 erunt,

572 2991 733 3048 quem
780 2974 994 3044 propria
1041 2975 1309 3030 sententia
1355 2975 1573 3028 sibimet
1601 2975 1908 3045 pnetulere,
1942 2977 2158 3030 caeteris

2263 1888 2571 1958 apostolica:
2615 1889 2760 1956 sedis
2812 1879 3128 1958 pontificum
3167 1887 3461 1941 invenitur.
3510 1886 3720 1940 Deinde
3768 1886 3856 1939 hic

2262 1979 2528 2048 primatus
2555 1993 2652 2047 per
2681 1977 2936 2047 praefatas
2977 1977 3288 2048 provincias
3317 1975 3610 2030 Viennensi
3641 1977 3853 2030 civitati

2263 2069 2584 2124 commissus
2607 2079 2711 2132 est,
2745 2069 2976 2138 indeque
3020 2069 3161 2123 hanc
3196 2067 3614 2122 sollicitudinem
3645 2067 3857 2134 cpisco-

2263 2174 2364 2228 pus
2392 2158 2722 2214 Arelatensis
2751 2159 2975 2228 recepit.

2335 2247 2473 2302 XIX.
2513 2249 2736 2303 Demum
2781 2250 2834 2303 in
2862 2263 3028 2314 regno
3055 2235 3328 2312 Clodovei,
3358 2262 3532 2317 nuper
3553 2263 3678 2302 cum
3731 2258 3858 2302 nte-

2264 2356 2357 2410 gra
2385 2350 2545 2410 gente
2577 2340 2644 2394 ad
2699 2341 2857 2394 fidem
2909 2340 3156 2395 conversi
3192 2355 3288 2409 per
3316 2348 3561 2394 sanctam
3589 2339 3862 2408 prtedica-

2268 2433 2468 2486 tionem
2502 2431 2641 2486 beati
2669 2431 2924 2502 Remigii,
2956 2432 3184 2486 Domino
3213 2440 3538 2500 cooperante
3570 2439 3626 2484 et
3647 2445 3860 2484 sermo-

2265 2540 2388 2578 nem
2409 2524 2768 2578 confirmante
2790 2530 3142 2593 sequentibus
3158 2523 3348 2592 signis,
3363 2521 3554 2576 beatus
3571 2520 3862 2576 Ilormisda

2265 2615 2412 2668 views
2442 2629 2570 2667 suas
2597 2613 2773 2667 eidem
2801 2623 2986 2667 sancto
3011 2613 3256 2682 Remigio
3308 2611 3640 2665 Rhcmorum
3683 2610 3861 2665 Duro-

2265 2715 2543 2760 cortorum
2573 2705 2810 2773 antiquae
2856 2700 3169 2772 metropolis
3199 2704 3470 2774 episcopo,
3503 2718 3624 2771 qua:
3653 2717 3864 2772 pnece-

2267 2794 2518 2849 dcntibus
2547 2795 2879 2864 temporibus
2929 2796 3119 2850 habuit
3145 2795 3246 2850 sub
3277 2811 3335 2850 se
3359 2795 3643 2849 duodecim
3667 2793 3864 2848 civita-

2268 2895 2368 2952 tes,
2393 2888 2643 2962 videlicct
2666 2887 3042 2952 Suessionum,
3070 2887 3512 2952 Catalaunorum,
3549 2886 3862 2942 Veroman-

2261 2977 2486 3041 .dorum,
2505 2978 2847 3041 Atrebatum,
2873 2976 3373 3041 Catnaracensium,
3407 2976 3861 3039 Tornacensium,

571 3070 823 3125 omnibus
875 3069 1210 3138 presbyteris
1259 3067 1311 3120 in
1353 3083 1418 3121 eo
1461 3057 1651 3121 ordine
1691 3054 2155 3138 permanentibus,
2190 3112 2234 3173 Ο
2272 3072 2660 3137 Silvanectum,
2688 3071 3126 3142 Belgivagorum,
3176 3070 3638 3132 Ambianensium,
3688 3067 3860 3122 Mori-

572 3178 732 3233 quem
766 3162 1056 3230 unicuique
1105 3160 1462 3214 ordinationis
1494 3176 1603 3214 sua:
1645 3169 1855 3229 tempus
1881 3162 2152 3230 ascripsit.

577 3255 688 3312 Nec
712 3255 998 3326 quisquam
1029 3262 1226 3324 praeter
1253 3253 1539 3322 praedictos
1575 3253 1714 3306 duos
1747 3254 2046 3306 inuninntte
2075 3253 2160 3308 di-

576 3347 800 3417 gnitatis
843 3345 1084 3414 patiatur
1131 3342 1423 3411 injuriam,
1473 3344 1569 3398 sed
1621 3344 1672 3397 in
1721 3359 1909 3397 eorum
1957 3353 2159 3399 statum

580 3437 954 3492 tantummodo
993 3427 1103 3489 hoc
1147 3443 1392 3488 recurrat
1422 3435 1798 3504 Opprobrinm,
1827 3435 1918 3504 qui
1954 3435 2161 3488 novello

575 3535 633 3582 et
660 3526 945 3579 immature
967 3524 1216 3578 ordinato
1240 3522 1527 3577 inferiores
1543 3522 1657 3577 lieri
1684 3523 1915 3594 elegere,
1935 3532 1993 3577 ut
2016 3525 2160 3578 illam

571 3617 938 3686 evangelicum
983 3617 1305 3670 sententiam
1363 3615 1429 3668 ad
1476 3630 1534 3668 se
1576 3615 1814 3668 sentiant
1861 3616 2160 3684 pertinere,

575 3725 680 3780 qua
713 3709 911 3762 dicitur
947 3725 960 3760 ε
1002 3707 1119 3775 Quo
1155 3705 1361 3774 judicio
1398 3704 1795 3772 judicavcritis,
1824 3704 2161 3771 judicabitur

576 3803 644 3858 de
685 3801 872 3864 vobis;
918 3808 972 3854 et
1013 3815 1118 3868 qua
1173 3813 1428 3852 mensura
1485 3797 1655 3850 mensi
1698 3796 1933 3861 fueritis,
1967 3798 2160 3850 eadem

577 3895 895 3966 remetietur
915 3891 1068 3946 vobis
1099 3888 1314 3960 (Matth.
1347 3904 1440 3948 vn,
1467 3888 1546 3950 2).
1573 3887 1766 3940 Paulus
1789 3903 1916 3941 vero
1940 3888 2166 3958 presby-

579 3995 664 4040 ter
698 3985 946 4038 ordinem
995 3997 1178 4038 suum.
1223 3979 1290 4033 de
1330 3993 1437 4047 quo
1483 3979 1734 4032 laudabili
1769 3978 2024 4032 firmitate
2053 3994 2159 4032 non

579 4077 767 4140 cessit,
810 4074 1071 4136 obtineat,
1118 4085 1217 4125 nec
1258 4069 1486 4123 ulterius
1523 4068 1730 4138 aliquid
1759 4069 1813 4122 in
1843 4069 2163 4138 cujusquam

579 4156 940 4239 priesnmatur
965 4164 1234 4232 iujuriam.
1276 4182 1294 4213 ι
2152 4219 2154 4222 ν

652 4257 835 4314 XVIII.
889 4257 1016 4312 [hec
1064 4257 1135 4310 ita
1178 4255 1246 4310 de
1277 4255 1400 4325 jure
1447 4255 1672 4326 singulis
1726 4255 2164 4326 metropolitanis

580 4351 974 4415 conservando,
1002 4358 1056 4405 et
1084 4360 1142 4404 ut
1169 4349 1501 4417 posteriores
1531 4363 1588 4403 se
1613 4348 1888 4418 prioribus
1916 4349 2030 4402 suis
2055 4365 2163 4403 non

2269 3180 2423 3227 num,
2450 3148 2501 3218 id
2529 3172 2635 3231 est,
2666 3163 2971 3226 Ponticum,
2991 3151 3434 3226 Bononiensium,
3459 3171 3513 3214 et
3534 3160 3862 3230 Laudunum

2272 3253 2578 3319 Clavatum,
2611 3254 2663 3308 in
2693 3245 2800 3323 quo
2827 3264 3007 3308 castro
3034 3269 3100 3307 ex
3126 3269 3222 3307 sua
3274 3253 3530 3323 parochia
3561 3251 3700 3304 idem
3733 3265 3866 3303 san-

2271 3356 2392 3400 ctus
2437 3343 2717 3414 Remigius
2767 3344 3150 3398 Africanorum
3182 3357 3450 3398 canonum
3479 3351 3534 3396 et
3559 3339 3864 3410 apostolica

2270 3437 2439 3491 fultus
2467 3437 2791 3491 auctoritate
2822 3436 3103 3492 constituit
3124 3435 3458 3504 episcopum,
3489 3448 3584 3502 per
3609 3430 3862 3499 Bclgicas

2269 3542 2325 3586 et
2360 3532 2623 3601 quasdam
2656 3531 2963 3600 provincias
3015 3529 3324 3584 Gallicanas
3352 3525 3644 3588 commisit,
3673 3534 3734 3577 ut
3761 3523 3865 3576 Dei

2269 3624 2554 3687 ecclesias,
2596 3638 2731 3692 quas
2779 3621 2973 3676 Franci
3002 3621 3181 3675 adhuc
3215 3620 3408 3690 pagani
3439 3619 3864 3672 devastaverant

2269 3725 2326 3770 et
2379 3715 2733 3770 incenderant
2781 3716 3032 3768 universa
3078 3713 3407 3783 pmdantes,
3440 3720 3492 3764 et
3521 3720 3863 3778 quacunque

2267 3820 2556 3877 perperam
2587 3813 2737 3875 gesta
2768 3803 3004 3866 fuerant,
3028 3805 3094 3856 ad
3127 3803 3364 3857 debitum
3391 3811 3598 3856 statum
3627 3798 3861 3854 reduce-

2270 3905 2376 3960 ret,
2410 3905 2662 3948 manente
2692 3894 2975 3964 privilegio
3006 3893 3308 3948 Arelatensi
3355 3891 3610 3945 Ecclesia:
3646 3890 3699 3944 in
3751 3888 3860 3942 sibi

2269 3988 2569 4054 antiquitus
2599 3986 2862 4056 delcgatis
2886 3986 3200 4054 provinciis.

2342 4076 2461 4130 XX.
2501 4076 2695 4130 Postea
2719 4091 2869 4140 vero,
2894 4086 3136 4144 tempore
3161 4075 3303 4130 beati
3328 4073 3573 4146 Gregorii
3599 4071 3861 4142 Virgilius

2265 4167 2605 4222 Arelatensis
2631 4166 2935 4235 episcopus,
2969 4175 3184 4235 petente
3212 4165 3558 4220 Childcbcrto
3604 4179 3754 4232 rege,
3804 4165 3860 4217 in

2268 4274 2437 4326 regno
2463 4257 2654 4327 ipsius,
2688 4257 2831 4312 sicut
2858 4259 3170 4312 decessores
3200 4255 3342 4310 illius
3367 4256 3418 4308 in
3461 4255 3700 4324 pt‘tl‘ftttis
3729 4269 3860 4324 pro-

2267 4352 2461 4406 vinciis
2485 4353 2806 4412 habuerant,
2841 4351 2980 4403 hanc
3013 4350 3406 4418 delegationem
3459 4349 3649 4402 eodem
3696 4347 3861 4400 beato

581 4442 894 4514 praeferant,
921 4442 1012 4495 sed
1040 4441 1288 4495 ordinem
1325 4439 1425 4492 sibi
1456 4455 1486 4494 a
1528 4439 1637 4494 Deo
1675 4439 1931 4493 traditum
1962 4439 2165 4510 quique
2196 4461 2247 4522 ι)
2271 4442 2534 4512 Gregorio
2583 4442 2957 4496 committente
3011 4441 3252 4510 suscepit
3297 4438 3410 4509 (lib.
3445 4455 3517 4502 tv,
3557 4439 3708 4508 epist.
3743 4437 3860 4503 52).

581 4549 901 4589 conservare
923 4541 1237 4603 procurent,
1277 4548 1308 4586 a
1343 4531 1573 4585 Nicmnis
1621 4532 1923 4586 canonibus
1955 4532 2163 4600 Spiritu

581 4628 675 4684 Dei
705 4627 960 4688 conditis,
983 4636 1036 4679 et
1064 4626 1228 4680 totius
1257 4625 1438 4678 mundi
1472 4625 1774 4678 reverentia
1803 4626 2160 4689 consecratis,

580 4722 900 4790 exterisque
923 4720 1093 4773 sacris
1111 4718 1409 4772 canonibus
1432 4715 1884 4784 irrefragabiliter
1905 4718 2161 4782 decretis,

581 4828 645 4867 ac
673 4811 1012 4883 providentia
1053 4819 1108 4863 et
1148 4810 1468 4863 auctoritate
1507 4810 1822 4877 pontificum
1850 4812 2162 4879 apostolica:

580 4905 724 4960 sedis
743 4921 810 4959 ex
832 4904 1034 4958 eisdem
1059 4901 1355 4956 canonibus
1377 4900 1750 4971 promulgatis,
1771 4902 1837 4954 ad
1861 4918 2049 4956 eorum
2067 4905 2159 4971 qui

582 5001 760 5055 sciunt
807 4997 1147 5062 memoriam,
1194 4996 1274 5050 vel
1307 4997 1668 5052 nescientium
1717 4996 1856 5053 forte
1912 4999 2163 5052 notitiam

582 5102 1012 5145 commemorare
1035 5087 1232 5142 debere
1263 5087 1593 5156 putavimus,
1623 5088 1878 5157 quoniam
1912 5088 1964 5142 in
1989 5087 2162 5142 Cisal-

584 5181 726 5249 pinis
767 5179 1062 5250 provinciis
1098 5177 1361 5249 delegatio
1393 5179 1591 5234 vicium
1627 5180 1940 5249 apostolica:
1975 5183 2119 5238 sedis
2145 5223 2160 5245 ,

582 5283 802 5342 propter
843 5271 1206 5326 Simoniacam
1253 5272 1501 5325 hmresint
1543 5273 1971 5342 exstirpandam,
2007 5285 2062 5329 et
2097 5276 2164 5331 ad

583 5363 1079 5432 prwsumptionem,
1099 5362 1225 5432 quia
1257 5360 1376 5414 laici
1401 5371 1650 5430 potentes
1675 5374 1893 5431 repente
1915 5372 2164 5420 tonsura-

584 5451 802 5515 bantur,
847 5462 903 5506 et
945 5453 1340 5510 ordinabuntur
1384 5447 1664 5522 episcopi,
1727 5456 2113 5524 amputandam
2144 5498 2160 5523 ,

584 5540 727 5594 sicut
755 5541 806 5592 in
835 5542 1144 5610 apostolicae
1175 5541 1320 5595 sedis
1357 5541 1694 5609 pontificum,
1724 5546 1962 5600 maxime
1985 5556 2163 5600 autem

589 5631 641 5685 in
669 5631 809 5686 beati
839 5632 1084 5704 Gregorii
1112 5635 1356 5704 epistolis
1387 5635 1638 5706 legimus,
1679 5635 1781 5690 fuit
1809 5647 2021 5700 exorta,
2055 5640 2166 5710 pri-

595 5722 804 5793 vilegiis
869 5725 1199 5795 singularum
1269 5728 1667 5799 proxinciarum
1733 5730 2165 5800 metropolitanis

2270 4538 2511 4606 Denique
2542 4545 2782 4606 tempore
2831 4533 3007 4588 Caroli
3044 4534 3326 4604 principis,
3375 4533 3590 4604 quando
3633 4542 3861 4602 prepter

2266 4631 2594 4695 discordiam
2626 4636 2681 4682 ct
2705 4626 3109 4682 contentionem
3140 4626 3206 4681 de
3233 4626 3538 4696 principatu
3569 4625 3712 4678 inter
3735 4640 3861 4678 eum

2267 4734 2323 4788 et
2355 4723 2774 4794 Raganfredum,
2825 4731 2880 4776 et
2919 4721 3223 4791 frequentia
3275 4735 3336 4774 ac
3368 4719 3548 4774 civilia
3581 4719 3693 4772 imo
3740 4717 3861 4787 plus

2269 4831 2430 4884 quam
2455 4815 2655 4876 civilia,
2687 4815 2811 4882 quia
2843 4813 3099 4867 intestina
3123 4821 3176 4865 et
3205 4810 3550 4881 parricidalia
3601 4809 3768 4875 bella,
3807 4809 3861 4862 in

2269 4907 2610 4962 Germanicis
2639 4914 2692 4959 et
2719 4905 2948 4976 Belgicis
2965 4921 3027 4959 ac
3053 4904 3348 4960 Gallicanis
3363 4887 3660 4974 provinciis
3681 4902 3863 4957 omnis

2272 4997 2460 5067 religio
2479 4997 2910 5051 Christianitatis
2933 5012 3070 5065 pene
3091 4995 3192 5050 fuit
3216 4995 3441 5058 abolita,
3471 4993 3542 5046 ita
3567 5002 3628 5047 ut
3648 4992 3862 5062 episco-

2269 5091 2351 5161 pis
2381 5091 2432 5144 in
2481 5090 2668 5160 paucis
2695 5089 2828 5144 locis
2859 5089 3106 5150 residuis,
3140 5088 3411 5158 epise0pia
3456 5086 3610 5140 laicis
3660 5087 3858 5140 donata

2270 5194 2326 5238 et
2353 5183 2514 5237 rebus
2534 5183 2706 5238 divisa
2733 5181 2956 5245 fuerint,
2988 5181 3122 5236 adeo
3147 5190 3206 5234 ut
3233 5179 3358 5234 Milo
3389 5179 3608 5248 quidam
3635 5187 3858 5232 tonsura

2266 5273 2522 5338 clericus,
2553 5274 2816 5335 moribus,
2839 5271 3049 5335 habitu,
3073 5280 3127 5325 et
3152 5280 3274 5324 actu
3306 5269 3643 5339 irreligiosus
3664 5268 3855 5330 laicus,

2265 5364 2540 5434 episcopia
2575 5363 2903 5418 Rhemorum
2935 5378 2999 5416 ac
3027 5361 3374 5415 Trevirorum
3422 5374 3695 5429 usurpans
3729 5358 3859 5412 insi-

2270 5455 2404 5518 mul,
2435 5471 2530 5525 per
2555 5455 2751 5509 umltos
2773 5469 2944 5506 anulos
2973 5452 3405 5522 pessumdcdcrit
3431 5459 3516 5504 :et
3537 5450 3694 5504 multi
3718 5449 3854 5519 jam,

2265 5548 2504 5601 maxime
2531 5547 2585 5600 in
2613 5545 2982 5600 Orientalibus
3014 5543 3346 5614 regionibus,
3374 5542 3513 5598 idola
3540 5543 3856 5604 adorarent,

2271 5648 2324 5693 et
2353 5639 2468 5693 sine
2494 5639 2762 5709 baptismo
2818 5646 3119 5699 manerent,
3171 5635 3462 5706 Gregorius
3502 5649 3530 5687 a
3561 5635 3740 5703 primo
3769 5648 3854 5685 sc-

2273 5735 2507 5797 cundus,
2555 5732 2648 5786 sed
2684 5741 2740 5788 et
2793 5731 2985 5784 tertius
3033 5728 3350 5797 Gregorius.
3389 5725 3623 5782 \V’infrid
3658 5738 3857 5792 cogno-
