4012 6318
206 308 310 365 ΞΜ

1674 285 2058 357 ΕΡῙδΤΟΙιᾸΞξ

3373 298 3476 356 202

205 423 401 473 mento
422 410 763 469 Bonifacium
785 409 1020 480 legatum
1045 407 1356 479 apostolica:
1378 405 1522 462 sedis
1542 406 1609 461 ad
1633 406 1804 461 refor-
1827 411 1879 472 Α
1907 424 2028 462 rum
2067 425 2133 463 ac
2175 408 2631 478 praedecessorum
2657 423 2876 464 suorum
2907 415 3124 475 conato,
3153 410 3224 464 ita
3251 410 3383 468 dicit
3409 415 3480 470 ad
3515 391 3522 396 κ

207 505 472 561 mandam
494 500 925 558 Christianitatis
949 498 1290 569 religionem,
1315 497 1490 567 primo
1521 495 1800 565 presbyte-

207 612 357 662 rum,
385 603 578 666 postea
606 572 738 646 vero
771 590 1086 661 episcopum
1116 588 1430 644 ordinatum
1463 586 1797 639 direxerant.

205 689 310 746 Cui
336 703 438 759 per
460 701 632 741 annos
657 683 847 755 viginti
869 683 1104 752 quinque
1128 682 1180 735 in
1201 679 1390 734 eadem
1416 676 1802 748 praedicatione

208 781 335 840 sine
367 775 635 832 cardinali
665 775 796 831 sede
823 772 1114 837 laboranti,
1144 769 1492 842 praefatorum
1518 780 1803 823 successor

207 870 513 926 Zacharias
532 883 670 938 papa
691 867 837 922 inter
857 873 1056 922 caetera
1079 864 1134 918 in
1155 862 1438 934 privilegio
1461 860 1564 916 sibi
1594 859 1802 914 directo

210 963 439 1035 scripsit
455 973 618 1032 atque
639 961 878 1017 firmavit
896 960 964 1016 ad
985 959 1164 1015 locum
1188 959 1264 1012 ita
1284 957 1468 1012 dicens
1489 955 1659 1028 (epist.
1678 953 1798 1026 I4):

216 1074 238 1106 ι
277 1054 383 1110 Ubi
414 1054 561 1108 Deus
588 1051 1033 1122 przedicationem
1065 1057 1212 1105 tuam
1252 1048 1422 1114 auxit,
1446 1047 1692 1102 obtinere
1711 1059 1803 1099 vo-

210 1145 386 1207 luisti,
422 1153 483 1198 ut
507 1143 601 1198 tibi
629 1142 988 1214 episcopalem
1013 1141 1336 1206 Ecclesiam,
1358 1139 1444 1194 vel
1470 1135 1802 1194 successori-

211 1235 319 1290 bus
377 1234 490 1288 tuis
543 1235 868 1288 confirmare
926 1233 1240 1298 debeamus,
1276 1229 1435 1298 juxta
1487 1227 1800 1284 eorumdem

211 1326 456 1381 ﬁliorum
482 1333 792 1381 nostrorum
822 1323 1158 1378 Francorum
1188 1320 1526 1391 petitionem.
1552 1317 1621 1373 Et
1642 1317 1803 1373 idcir-

215 1437 284 1476 co
308 1419 639 1475 auctoritate
663 1417 726 1471 Β.
757 1416 905 1471 Petri
935 1414 1163 1486 apostoli
1205 1411 1494 1474 sancimus,
1529 1417 1589 1463 ut
1613 1423 1805 1478 supra-

214 1514 361 1569 dicta
412 1510 659 1566 Ecclesia
688 1508 1001 1580 Moguntina
1030 1504 1308 1576 perpetuis
1339 1500 1668 1572 temporibus
1703 1498 1802 1553 tibi

1905 494 2107 550 locum.
2134 495 2278 550 Inter
2305 498 2418 552 haec
2442 497 2658 566 quidem
2687 506 2743 552 et
2765 499 2867 552 boc
2903 499 3194 563 sancimus,
3223 515 3292 555 ne
3313 502 3477 571 quili-

1902 584 1994 638 bet
2049 593 2154 640 tua:
2208 585 2504 642 dimceseos
2556 587 2756 658 regulis
2797 574 3068 657 subjectus
3117 590 3391 658 Ecclesiae,
3424 602 3480 650 te

1905 687 2239 749 contempto,
2264 680 2481 752 impune
2502 684 2697 738 audeat
2717 699 2812 738 seu
2838 684 3015 740 valeat
3029 685 3204 742 aliena
3221 698 3476 759 expetere

1905 778 1998 822 aut
2051 780 2366 840 exspectare
2410 769 2640 840 judicia,
2682 782 2742 827 ut
2782 775 3045 830 almorum
3094 776 3476 835 traditionibus

1903 859 2126 915 Patrum
2179 877 2556 933 canonumque
2612 866 3128 936 promulgationibus
3165 878 3250 922 est
3278 872 3479 927 consti-

1907 958 2104 1016 tutum,
2138 952 2286 1007 salvo
2313 954 2366 1007 in
2393 955 2647 1010 omnibus
2669 956 2791 1026 jure
2836 958 3143 1027 apostolicae
3168 969 3368 1015 nostrae
3395 977 3480 1018 se-

1903 1043 2007 1108 dis,
2032 1051 2092 1098 ut
2114 1044 2184 1099 ab
2213 1046 2329 1115 ipso
2355 1046 2522 1102 veluti
2543 1045 2760 1103 Christo
2781 1050 2950 1105 sacris
2971 1059 3057 1106 est
3082 1061 3299 1107 cautum
3320 1068 3482 1108 cano-

1903 1134 2064 1191 nibus
2092 1153 2106 1191 :
2141 1139 2234 1192 sed
2261 1139 2464 1203 cuncti,
2499 1139 2613 1194 sive
2635 1140 2687 1194 in
2711 1142 3049 1211 praelatione,
3080 1145 3196 1200 sive
3216 1146 3270 1200 in
3293 1147 3479 1200 subdi;

1905 1225 2052 1281 tione
2079 1227 2283 1292 debita,
2319 1229 2566 1284 ordinem
2591 1231 2658 1286 ab
2683 1233 3063 1291 ecclesiasticis
3090 1237 3286 1306 regulis
3317 1239 3482 1292 tradi-

1905 1324 2018 1370 tum
2050 1319 2426 1387 observantes,
2455 1321 2713 1378 obediant
2757 1334 2814 1380 et
2857 1327 3179 1397 studiosius.
3205 1330 3482 1401 obtempe-

1903 1423 2027 1462 rare
2050 1420 2362 1480 procurent.

1975 1501 2159 1557 XXIII.
2201 1504 2259 1558 In
2287 1519 2392 1574 quo
2415 1505 2634 1562 decreto
2665 1518 2719 1564 ct
2744 1507 2886 1565 beati
2915 1511 3211 1568 Innocentii
3243 1515 3482 1570 scriben-

211 1601 724 1659 eLsttccessoribus
741 1600 848 1654 tuis
894 1598 950 1652 in
980 1595 1320 1666 metropolim
1361 1594 1432 1648 sit
1460 1591 1799 1656 conﬁrmata,
1902 1592 1973 1648 tis
2000 1593 2069 1648 ad
2127 1592 2446 1650 Victricium
2503 1597 2987 1670 Rothomagensem
3040 1603 3350 1674 episcopum
3402 1613 3486 1661 eSt

212 1693 426 1750 habens
453 1691 556 1747 sub
575 1705 636 1746 se
661 1689 762 1744 has
781 1687 1019 1758 quinque
1046 1686 1314 1750 civitates,
1338 1683 1392 1738 id
1414 1691 1518 1748 est,
1542 1681 1796 1752 Tungris,
1835 1763 1870 1767 Δ
1902 1693 2121 1740 secutus
2152 1685 2453 1753 decretura,
2481 1703 2589 1758 quo
2629 1690 2759 1767 dicit
2805 1691 3102 1761 (lnnocent.
3127 1694 3181 1760 1,
3202 1698 3349 1767 epist.
3381 1696 3434 1766 I)
3467 1717 3480 1752 :

217 1784 529 1850 Coloniam,
583 1780 978 1844 Warmaciam,
1032 1777 1345 1848 Spiratiam,
1383 1783 1438 1832 et
1484 1774 1714 1840 Trectis,
1750 1783 1805 1829 et
1832 1763 1883 1827 Β
1915 1792 1933 1825 ι
1975 1773 2031 1830 Si
2059 1791 2200 1845 quae,
2252 1776 2524 1848 inquiens,
2579 1765 2758 1834 causa:
2783 1780 2869 1835 vel
2925 1763 3298 1840 contentiones
3339 1763 3482 1841 inter

209 1873 526 1930 Germaniae
576 1879 786 1944 gentes,
836 1884 972 1940 quas
1012 1877 1105 1923 tua
1162 1866 1473 1922 fraternitas
1523 1883 1620 1938 per
1644 1879 1801 1920 suam
1903 1867 2155 1936 clericos,
2198 1877 2307 1925 tam
2356 1871 2653 1942 superioris
2705 1873 2911 1928 ordinis
2956 1890 3117 1945 quam
3160 1878 3485 1933 ctiaminfc-

212 1964 662 2038 praedicationem
691 1961 894 2018 Christi
921 1961 1100 2015 lumen
1126 1973 1455 2028 cognoscere
1479 1957 1623 2014 fecit.
1647 1956 1744 2013 His
1767 1971 1800 2012 a
1905 1960 2090 2028 rioris,
2118 1960 2323 2018 fuerint
2342 1972 2570 2029 exortae,
2588 1963 2882 2034 placuiLut
2905 1969 3196 2024 secundum
3219 1971 3483 2040 synodum

212 2055 374 2109 nobis
402 2051 669 2118 diﬂinitis,
708 2065 807 2122 per
831 2050 992 2121 hujus
1032 2057 1232 2105 nostra:
1259 2048 1686 2103 confirmationis
1706 2063 1803 2119 pa-
1904 2045 2202 2119 Nicaenam,
2226 2054 2568 2125 congregatis
2596 2054 2836 2124 ejusdem
2878 2059 3167 2130 provinciae
3195 2062 3483 2134 episcopis,

215 2146 408 2217 ginam
435 2145 487 2200 in
516 2151 606 2198 tua
634 2142 876 2199 Ecclesia
914 2141 1189 2212 perpetuis
1237 2139 1570 2210 temporibus
1593 2154 1690 2210 pro
1716 2138 1800 2195 sui
1898 2140 2162 2212 judicium
2210 2144 2550 2200 terminetur.
2593 2145 2706 2202 Nec
2745 2148 2908 2204 alicui
2949 2149 3128 2218 liceat,
3156 2153 3271 2208 sine
3291 2153 3486 2223 praeju-

210 2236 634 2292 confirmatione
653 2234 770 2289 haec
794 2232 1107 2289 conservari
1128 2231 1466 2286 mandamus.
1499 2249 1519 2283 ι
1545 2228 1637 2284 Sic
1655 2229 1800 2286 enim
1904 2233 2045 2288 dicio
2069 2245 2247 2290 tamen
2277 2233 2535 2293 Romanae
2563 2237 2839 2304 Ecclesiae,
2872 2241 2959 2296 cui
2988 2241 3044 2296 iu
3070 2244 3322 2301 omnibus
3347 2262 3477 2301 cau-

214 2336 278 2382 et
304 2327 447 2382 sacri
470 2325 662 2381 Africa:
686 2323 979 2396 provincitc
1003 2337 1240 2378 canones
1263 2319 1402 2394 (cap.
1432 2320 1522 2394 86)
1549 2320 1802 2376 decreve-
1903 2323 1981 2379 sis
2003 2325 2163 2380 debet
2190 2328 2498 2383 reverentia
2529 2329 2816 2395 custodiri,
2845 2330 3047 2387 relictis
3073 2333 3156 2388 his
3181 2337 3479 2391 sacerdoti-

211 2427 374 2482 runt,
406 2425 465 2470 ut
489 2430 624 2486 quos
648 2413 1070 2470 adminiculante
1102 2411 1285 2468 divina
1313 2411 1488 2483 gratia
1515 2411 1800 2482 episcopus

211 2511 458 2584 potuerit
502 2508 701 2565 lucrari
728 2508 798 2564 ad
823 2507 1147 2565 catholicam
1178 2507 1462 2573 unitatem,
1505 2505 1573 2562 ad
1625 2506 1800 2577 ipsum

211 2603 543 2675 pertineant.

285 2693 433 2750 XXI.
476 2693 554 2748 De
580 2692 820 2763 primatu
845 2706 1062 2762 quoque
1086 2692 1143 2746 in
1190 2690 1312 2747 aliis
1349 2689 1643 2762 provinciis
1671 2691 1800 2748 item

212 2785 360 2841 idem
391 2783 691 2838 Zacharias
715 2797 854 2854 papa
875 2782 942 2838 ad
957 2781 1208 2838 eumdem
1221 2779 1558 2838 Bonifacium
1582 2781 1802 2852 scripsit

210 2880 321 2934 hoc
343 2875 507 2932 modo
526 2875 699 2948 (epist.
717 2873 776 2946 8)
802 2893 816 2930 :
853 2893 871 2927 ι
893 2874 962 2932 Et
985 2875 1113 2945 quia
1143 2875 1190 2930 si
1202 2874 1442 2939 ,deberes
1465 2873 1521 2927 in
1543 2871 1804 2941 Bajoarize

210 2967 500 3040 provincia
536 2967 628 3037 jus
677 2965 879 3021 habere
914 2963 1318 3036 praedicationis
1360 2962 1675 3028 sciscitasti,
1732 2976 1804 3015 an

211 3073 345 3122 non,
382 3072 546 3127 quam
573 3071 604 3110 a
647 3055 934 3110 decessore
960 3061 1149 3109 nostro
1193 3052 1432 3108 habuisti
1465 3065 1798 3115 concessam,

1901 2411 2026 2477 bus,
2082 2413 2173 2482 qui
2223 2413 2278 2467 in
2335 2414 2525 2471 eadem
2569 2419 2849 2488 provincia
2895 2419 2989 2474 Dei
3039 2421 3304 2478 Ecclesias
3347 2434 3480 2480 nutu

1903 2502 2088 2558 divino
2137 2505 2462 2574 gubernant,
2515 2508 2583 2563 ad
2629 2507 2764 2563 alias
2819 2510 3104 2567 convolare
3153 2515 3480 2584 provincias.

1905 2589 2059 2657 Quod
2106 2591 2153 2646 si
2180 2591 2303 2662 quis
2355 2592 2495 2649 forte
2519 2598 2943 2666 praesumpserit,
2970 2607 3027 2653 et
3066 2600 3135 2655 ab
3155 2599 3327 2657 ollicio
3349 2602 3480 2658 cleri

1905 2691 2232 2749 summotus,
2256 2693 2313 2738 et
2333 2683 2653 2752 injuriarum
2677 2703 2801 2744 reus
2822 2690 2891 2745 ab
2915 2692 3164 2748 omnibus
3185 2694 3478 2764 judicetur.

1904 2771 1961 2828 Si
1987 2783 2167 2831 autem
2191 2777 2424 2846 majores
2453 2793 2632 2862 causai
2678 2781 2734 2836 in
2763 2783 2999 2838 medium
3030 2783 3229 2840 fuerint
3254 2787 3475 2844 devolu—

1903 2872 1995 2930 tae,
2026 2866 2094 2920 ad
2120 2867 2306 2924 sedem
2335 2870 2708 2939 apostolicam,
2731 2873 2874 2930 sicut
2915 2877 3151 2947 synodus
3193 2881 3404 2947 statuit,
3427 2889 3483 2936 et

1901 2955 2063 3020 beata
2090 2959 2425 3014 consuetudo
2464 2961 2654 3032 exigit,
2706 2972 2828 3036 post
2869 2963 3130 3035 iudicium
3178 2957 3484 3041 episcopale

1905 3047 2233 3106 referantur.
2297 3071 2316 3105 ι
2371 3053 2448 3109 De
2506 3070 2612 3125 qua
2671 3056 2762 3113 hic
2820 3060 3129 3129 specialiter
3184 3066 3488 3121 reverentia

210 3168 318 3208 nos
343 3125 601 3221 denique,
633 3147 931 3203 auxiliante
955 3146 1090 3213 Deo,
1118 3160 1183 3200 ea
1205 3159 1326 3216 quae
1350 3145 1448 3200 tibi
1470 3143 1699 3214 largitus
1717 3149 1802 3199 est
1827 3125 1874 3190 C
1905 3141 2069 3208 dicat,
2127 3145 2436 3214 apostolicae
2503 3147 2616 3202 sedi
2687 3125 2958 3206 reservari
3009 3152 3226 3219 debere,
3291 3155 3377 3210 cui
3428 3157 3484 3212 in

211 3245 473 3300 decessor
500 3249 705 3304 uoster,
739 3253 847 3294 non
888 3237 1206 3302 minuimus,
1266 3236 1362 3292 sed
1415 3250 1690 3306 augemus,
1743 3241 1801 3288 et

212 3353 324 3394 non
353 3337 528 3392 solum
572 3331 899 3403 Bajoariam,
941 3332 1034 3388 sed
1062 3331 1229 3388 etiam
1257 3345 1473 3385 omnem
1501 3328 1800 3386 Galliarum

209 3429 577 3502 provinciam,
602 3423 778 3481 dohec
801 3432 856 3478 te
884 3423 1063 3479 divina
1080 3421 1307 3492 jusserit
1355 3434 1642 3491 superesse
1685 3435 1802 3476 ma»

203 3521 403 3593 jestas,
433 3525 624 3574 nostra
676 3515 796 3570 vice
847 3529 946 3586 per
994 3511 1442 3584 praedicationem
1490 3512 1587 3568 tibi
1617 3511 1798 3583 injun-

211 3621 380 3674 ctam,
406 3624 528 3680 quae
553 3605 826 3679 repereris
851 3611 1038 3660 contra
1066 3602 1432 3660 Christianam
1462 3602 1794 3676 religionem,
1841 3618 1856 3633 ο

211 3703 300 3759 vel
331 3716 600 3758 canonum
630 3699 901 3764 instituta,
935 3695 1256 3767 spiritaliter
1297 3696 1456 3752 stude
1487 3712 1552 3752 ac
1575 3696 1646 3751 ad
1673 3710 1800 3752 nor-

211 3809 373 3850 mam
403 3790 732 3847 rectitudinis
761 3787 1078 3852 reformare.
1113 3805 1132 3840 ι

296 3880 468 3936 XXII.
508 3879 612 3936 Sed
659 3891 710 3937 et
759 3895 884 3937 cum
930 3879 1083 3936 Ebbo
1142 3877 1414 3949 quondam
1466 3877 1799 3935 Rhemorum

209 3971 508 4042 cpiscopus
534 3986 592 4027 se
611 3971 663 4026 in
694 3971 902 4042 synodo
929 3971 1286 4042 quadraginta
1313 3979 1545 4039 quatuor
1585 3970 1797 4041 episco-

208 4080 408 4136 porum
438 4065 643 4133 scripto
665 4073 721 4119 et
760 4062 981 4134 pr0pria
1008 4063 1404 4135 subscriptione
1432 4078 1496 4118 ac
1522 4063 1644 4118 viva
1666 4077 1800 4119 voce

208 4171 311 4228 pro
334 4155 660 4211 criminibus
685 4155 802 4209 suis
827 4153 1127 4221 damnavit,
1150 4163 1206 4208 et
1247 4170 1279 4208 a
1331 4152 1651 4210 sacerdotali
1691 4152 1796 4208 mi-

209 4250 444 4306 nisterio
466 4247 702 4303 alienum
727 4245 979 4311 reddidit,
998 4260 1158 4316 quem
1180 4253 1368 4316 postea
1394 4244 1617 4317 Sergius
1638 4259 1795 4316 papa,

205 4341 354 4398 sicut
377 4339 544 4396 etiam
588 4338 644 4393 in
675 4337 845 4410 gestis
867 4336 984 4406 ejus
1008 4337 1223 4407 legitur,
1273 4337 1672 4402 condemnavit,
1705 4338 1799 4392 de-

208 4433 400 4490 functo
426 4433 630 4487 domno
653 4429 929 4486 Ludovico
973 4429 1326 4500 imperatore,
1356 4429 1706 4484 contentione
1729 4428 1797 4484 de

207 4537 380 4595 regno
400 4523 548 4577 inter
577 4520 718 4576 filios
738 4517 854 4588 ejus
883 4528 1097 4584 exorta,
1113 4518 1347 4588 primum
1367 4518 1435 4572 ad
1456 4518 1793 4585 Lotharium,

207 4614 407 4669 deinde
435 4612 504 4667 ad
527 4610 862 4667 Ludovicum
893 4609 1181 4664 damnatus
1229 4609 1371 4662 idem
1400 4607 1554 4662 Ebbo
1582 4625 1641 4663 se
1668 4623 1799 4664 con-

211 4705 353 4758 tulit.
388 4702 492 4771 Qui
545 4716 724 4773 reges,
778 4699 1036 4770 quoniam
1088 4714 1188 4770 per
1235 4699 1429 4754 merita
1464 4709 1795 4766 sanctorum,

207 4794 640 4851 adminiculante
691 4792 926 4850 Domino
985 4800 1040 4848 et
1089 4792 1289 4847 domno
1347 4801 1534 4847 nostro
1582 4789 1796 4858 Carolo,

210 4886 470 4942 violentia
503 4901 610 4940 non
634 4884 911 4950 valebant,
939 4898 1039 4954 per
1066 4882 1312 4962 insidias,
1340 4893 1450 4937 tam
1499 4883 1639 4952 apud
1669 4897 1795 4952 apo-

205 4978 468 5034 stolicam
503 4978 686 5033 sedem
711 4991 874 5047 quam
923 4985 981 5032 et
1004 4975 1146 5048 apud
1171 4990 1521 5044 quoscunque
1549 4975 1802 5030 valebant

205 5070 520 5140 episcopos,
557 5076 614 5123 et
662 5082 1098 5139 quaquaversum
1145 5074 1417 5135 poterant,
1466 5065 1799 5120 Rhemorum

207 5159 470 5228 episcopo
495 5156 816 5227 laqueorum
843 5155 1112 5212 tendicula
1141 5153 1364 5222 injicere
1392 5170 1510 5224 qua:
1530 5170 1802 5225 praepara-

206 5257 431 5315 verant,
461 5259 517 5305 et
547 5265 639 5304 res
685 5248 1226 5326 ipsiustemensis
1270 5247 1548 5314 Ecclesiae,
1596 5264 1716 5319 qua:
1744 5249 1800 5304 in

204 5342 448 5398 diversis
469 5343 652 5415 regnis
674 5343 793 5399 sita:
817 5351 964 5409 sunt,
989 5358 1020 5397 a
1045 5341 1289 5413 pluribus
1330 5342 1578 5417 usurpari
1615 5357 1794 5414 cmpe-

206 5440 364 5498 runt,
390 5433 567 5505 gratia
603 5442 659 5489 et
688 5433 906 5488 nomine
956 5432 1279 5489 Benedictus
1307 5448 1466 5504 papa,
1495 5434 1549 5489 in
1575 5429 1794 5502 privile-

205 5525 302 5594 gio
330 5523 662 5578 Rhemorum
689 5525 962 5594 episcOpo,
994 5523 1085 5592 qui
1132 5539 1276 5578 nunc
1301 5524 1474 5578 eidem
1501 5525 1667 5577 servit
1696 5523 1798 5578 Ec-

206 5615 416 5682 clesiae,
447 5614 510 5670 Β.
542 5615 690 5671 Petri
717 5626 772 5671 et
817 5617 1124 5686 apostolica:
1170 5616 1338 5687 ipsius
1389 5618 1534 5673 sedis
1564 5618 1798 5673 auctori-

208 5716 349 5776 tate,
378 5711 674 5765 secundum
707 5725 894 5764 sacros
925 5725 1182 5777 canones,
1212 5719 1266 5764 ct
1307 5710 1521 5766 decreta
1553 5711 1800 5768 decesso-

457 5801 732 5865 ΡΑτιιοι.
779 5802 1063 5866 CXXVI.
1140 5825 1143 5827 ·

1902 3235 2158 3290 omnibus
2203 3236 2366 3292 rebus
2419 3238 2580 3295 debet
2643 3241 2942 3296 reverentia
3002 3244 3280 3310 custodiri,
3341 3245 3487 3303 sicut

1905 3328 2144 3399 synodus
2196 3329 2406 3394 statuit,
2459 3338 2515 3384 et
2561 3339 2718 3387 vetus
2776 3333 3108 3390 consuetudo
3161 3335 3350 3406 exigit,
3421 3347 3479 3392 et

1902 3430 2041 3487 quos
2096 3433 2355 3486 canones,
2389 3420 2552 3478 tertio
2600 3430 2656 3478 et
2683 3431 2877 3494 quarto
2915 3438 2981 3480 ac
3007 3425 3238 3495 septimo
3260 3427 3483 3484 demon-

1901 3515 2042 3563 strat
2064 3509 2322 3580 capitulo.

1973 3596 2161 3654 XXIV.
2204 3600 2282 3655 De
2307 3601 2504 3671 quibus
2530 3610 2589 3659 et
2615 3602 2672 3658 S.
2703 3602 2950 3660 Gelasius
2983 3605 3036 3660 in
3065 3609 3485 3666 commonitorio

1904 3690 2032 3747 dato
2077 3691 2278 3748 Fausto
2335 3701 2521 3747 contra
2577 3693 2879 3751 Orientales
2925 3696 3204 3766 episcopos
3241 3698 3372 3753 dicit
3409 3699 3486 3755 ita

1903 3783 2077 3853 (epist.
2108 3782 2164 3854 5)
2197 3800 2212 3838 :
2249 3803 2267 3836 ‹
2297 3783 2546 3838 Viderint
2570 3800 2719 3855 ergo,
2748 3785 2796 3840 si
2823 3785 2960 3841 alios
2987 3770 3189 3841 habEnt
3223 3802 3482 3855 canones,

1873 3874 2098 3946 quibus
2126 3888 2253 3931 suas
2275 3875 2507 3945 ineptias
2530 3884 2912 3948 exsequantur.
2943 3876 3208 3932 Caeterum
3245 3878 3357 3944 isti,
3389 3880 3484 3949 qui

1901 3967 2064 4033 sacri,
2092 3966 2185 4038 qui
2216 3967 2591 4033 ecclesiastici,
2615 3969 2707 4039 qui
2745 3967 2967 4039 legitimi
2999 3967 3364 4038 celebrantur,
3391 3984 3480 4029 se-

1902 4057 2022 4114 dem
2056 4058 2406 4129 apostolicam
2438 4061 2504 4115 ad
2527 4061 2793 4132 judicium
2821 4077 3018 4118 vocare
3045 4078 3150 4118 non
3177 4075 3420 4135 possunt.
3457 4085 3478 4120 ι

1900 4149 1969 4206 Et
1994 4151 2270 4221 aliquanto
2307 4152 2597 4223 superius:
2637 4171 2656 4204 ι
2691 4153 2795 4224 Ipsi
2828 4163 2954 4210 sunt
2981 4170 3241 4223 canones,
3264 4157 3354 4236 qui
3382 4173 3479 4228 ap-

1899 4243 2218 4314 pellationes
2268 4245 2434 4298 totius
2479 4241 2734 4300 Ecclesiae
2775 4245 2841 4299 ad
2878 4243 3038 4313 hujus
3078 4247 3224 4302 sedis
3253 4261 3482 4303 examen

1898 4334 2118 4390 voluere
2146 4333 2370 4401 deferri,
2415 4333 2484 4389 ab
2520 4335 2635 4406 ipsa
2661 4349 2790 4391 vero
2816 4351 3082 4405 nusquam
3123 4353 3346 4408 prorsus
3383 4355 3483 4411 ap-

1899 4425 2092 4494 pellari
2139 4424 2337 4479 debere
2385 4434 2713 4491 sanxerunt,
2750 4445 2769 4480 ι
2821 4435 2876 4481 et
2929 4427 3155 4498 reliqua.
3204 4428 3306 4496 Qui
3351 4445 3485 4487 vero

1900 4513 2181 4585 praefatam
2219 4515 2504 4585 epistolam
2536 4517 2707 4571 sancti
2741 4516 3040 4574 Innocentii
3067 4520 3134 4575 ad
3166 4519 3482 4578 Victricium

1900 4608 2391 4678 Ilothomagensem
2423 4609 2911 4679 archiepiscopum,
2939 4625 3009 4666 ex
3052 4614 3222 4669 sacris
3259 4617 3482 4671 canoni-

1900 4699 2006 4752 bus
2057 4697 2479 4770 promulgatam,
2527 4699 2596 4753 de
2643 4715 2750 4770 qua
2805 4703 3067 4770 przemissi
3115 4706 3318 4761 decreti
3363 4705 3482 4775 ejus

1907 4789 2229 4844 sententiam
2255 4789 2348 4844 hic
2374 4789 2683 4860 posuimus,
2723 4789 3012 4862 diligenter
3035 4809 3066 4848 a
3091 4795 3361 4865 principio
3396 4797 3480 4851 sui
3568 4852 3573 4857 _

1909 4890 2073 4948 usque
2103 4879 2171 4932 ad
2203 4877 2367 4933 linem
2411 4877 2684 4949 relegerit,
2716 4880 2956 4936 inveniet
2993 4883 3181 4939 eadem
3215 4884 3281 4939 de
3314 4883 3483 4954 privi-

1903 4967 2057 5040 legiis
2084 4971 2414 5042 singulorum
2446 4971 3003 5042 metropolitanorum,
3039 4975 3244 5032 scilicet
3277 4976 3480 5044 prima-

1903 5073 2054 5118 tuum
2101 5065 2527 5134 provinciarum,
2559 5079 2679 5133 quae
2712 5074 2766 5120 et
2801 5049 3026 5123 sanctus.
3064 5066 3372 5123 Bonifacius
3411 5071 3480 5124 ad

1901 5158 2185 5228 episcopos
2225 5154 2531 5212 Gallicanos
2569 5165 2624 5211 et
2669 5157 2738 5211 ad
2776 5157 3042 5212 Hilarium
3072 5157 3477 5214 Narbonensem

1903 5250 2213 5319 episcopum
2256 5249 2558 5313 constituit,
2589 5248 2858 5315 videlicet,
2893 5259 2951 5304 ut
2989 5249 3166 5304 nullus
3209 5257 3481 5320 metropo-

1903 5343 2103 5398 litanus
2131 5345 2264 5398 duas
2293 5342 2737 5413 metmpolitanas
2767 5343 3035 5408 civitates,
3067 5343 3308 5412 duasque
3346 5359 3478 5414 pro-

1863 5435 2110 5490 .vincias
2158 5435 2351 5490 debeat
2398 5436 2595 5491 habere
2647 5434 2942 5503 subjectas,
2971 5433 3088 5488 sed
3141 5449 3478 5506 unaquaeque

1904 5529 2182 5600 provincia
2224 5529 2625 5598 metropolitani
2657 5529 2740 5583 sui
2771 5529 2823 5581 in
2861 5527 3113 5582 omnibus
3141 5527 3303 5584 rebus
3334 5531 3482 5586 ordi-

1909 5625 2181 5678 nationem
2223 5638 2439 5691 semper
2462 5629 2755 5692 cxspectet,
2787 5629 2841 5675 et
2863 5621 2930 5674 de
2968 5621 3265 5692 majoribus
3301 5625 3485 5680 causis

1913 5715 1981 5770 ad
2009 5715 2191 5772 sedem
2218 5713 2565 5785 apostolicam
2608 5711 2803 5784 singuli
2843 5713 3245 5781 metropolitani
3273 5729 3341 5770 ex
3370 5714 3484 5770 suis
3556 5719 3562 5724 ’

3007 5805 3046 5865 7
