3950 5396
151 287 272 350 2υ5

1569 291 1576 304 ι
1629 231 2014 338 erisnam.

3325 285 3434 347 106

153 407 308 482 regis
338 397 536 465 Caroli,
589 415 730 468 nime
753 377 938 454 'anieni
973 387 1185 471 "gratias
1215 397 1350 476 Deo
1397 396 1744 466 iimieratoris
1773 397 1824 457 Α
1849 409 1969 450 esse
2015 412 2136 467 quae
2179 397 2674 468 gesserit.-Quanta
2696 399 2840 456 enim
2870 399 3084 456 vicariis
3129 401 3430 462 beatissimi

154 493 406 572 Augusti.
442 507 628 570 verum
657 497 716 558 et
758 490 1072 544 invitatione
1101 488 1433 543 eonfiatrum
1469 501 1531 538 ac
1562 486 1744 554 coepi-

154 603 445 662 scoporum
496 593 830 646 nostrorum,
883 583 1171 651 Sequentes
1201 579 1552 650 apostolicam
1585 593 1743 647 regu-

154 677 268 744 lam
298 720 315 748 ,
354 695 475 750 quas
506 673 651 756 dicit
689 682 708 752 ξε
760 672 866 728 Per
903 672 1428 728 charitatem'servite
1486 672 1701 724 invicem
1728 711 1742 735 ,

156 751 384 844 subjecti
442 751 662 842 invicem
693 751 762 820 in
804 769 987 821 timore
1032 763 1225 820 Christi
1267 762 1427 834 (Gal.
1485 765 1545 832 ν)
1579 805 1592 828 ,
1651 780 1747 834 μοι·

157 865 373 928 diversa
433 860 548 917 loca
606 861 956 928 diversasque
1000 857 1302 928 provincias
1334 898 1348 921 ,
1401 858 1467 910 ad
1509 858 1745 929 synodos

159 954 451 1012 convenire
501 941 876 1026 studuimus,
909 959 964 1005 et
1017 959 1175 1020 prout
1226 950 1437 1005 dederit
1489 949 1746 1004 Dominus

155 1063 319 1119 posse
348 1045 705 1124 studebimus,
734 1055 792 1101 ut
825 1045 1140 1116 praedictum
1173 1052 1278 1107 est,
1308 1053 1362 1096 ct
1392 1057 1531 1113 sa‘pe
1564 1043 1744 1096 dicen-

158 1140 283 1198 dum
316 1149 424 1206 est,
455 1141 580 1209 quia
611 1156 716 1210 non
741 1141 808 1208 ab
839 1156 896 1196 re
923 1147 1005 1194 est
1039 1137 1234 1207 Stepius
1264 1137 1430 1192 verbo
1476 1145 1742 1207 repetere,

159 1230 303 1301 quod
341 1245 560 1300 semper
603 1227 826 1285 necesse
868 1237 950 1283 est
1005 1226 1185 1283 animo
1225 1228 1480 1292 retinere,
1529 1237 1745 1282 servato

152 1320 276 1390 jure
311 1321 581 1393 privilegii
619 1321 798 1390 domui
826 1321 1127 1386 Benedicti,
1159 1321 1203 1374 si
1234 1335 1331 1374 nos
1356 1319 1595 1374 fraterna
1621 1319 1746 1374 cha-

161 1416 294 1482 ritas
321 1411 656 1488 invitaverit,
686 1414 967 1484 potiusque
1001 1410 1174 1480 jussio
1202 1410 1509 1482 apostolica:
1557 1409 1701 1463 sedis
1726 1451 1741 1474 ,

160 1516 215 1566 et
260 1506 553 1576 przeceptio
595 1505 776 1559 domui
823 1504 995 1558 nostri
1028 1503 1207 1559 Caroli
1253 1503 1598 1574 imperatoris
1629 1502 1743 1554 Au-

159 1598 302 1667 gusti
359 1612 456 1652 nos
500 1596 565 1650 ad
609 1594 872 1668 synodum
900 1636 922 1672 ,_
949 1597 1090 1650 sicut
1142 1595 1461 1664 prmeipinnt
1521 1593 1740 1662 regulas,

158 1704 358 1746 vocare
385 1689 688 1766 decreverit
717 1704 813 1758 pro
843 1687 1062 1753 talibus,
1095 1702 1214 1756 qua:
1245 1686 1382 1741 forte
1423 1685 1742 1757 provinciali

1852 485 1996 540 Petri
2028 486 2255 556 apostoli
2283 488 2617 558 judicabitur
2649 505 2768 552 esse
2801 492 3118 552 reverentia,
3156 492 3200 546 si
3228 509 3347 562 qua:
3374 497 3430 554 in

1851 577 2158 633 sacerdotio
2208 580 2566 650 praecipiunt,
2613 580 2812 636 eisdem
2863 583 3266 636 transeuntibus
3321 563 3432 640 dis;

1851 667 2175 724 solvantur?
2207 691 2228 723 ι
2262 671 2330 725 Et
2372 681 2595 727 sanctus
2631 670 2744 727 Leo
2782 688 2917 742 papa
2960 674 3012 726 in
3053 675 3287 730 decretis
3319 678 3431 732 suis

1849 766 2081 837 prtcfixit
2127 767 2298 838 (epist.
2337 768 2389 839 1)
2434 787 2447 822 :
2491 788 2508 820 t
2534 769 2646 824 Hoc
2694 768 2874 838 itaque
2909 771 3206 826 admOnitio
3245 782 3428 829 nostra

1849 858 2133 912 denuntiat
2152 859 2294 928 quod
2316 859 2359 912 si
2388 859 2510 929 quis
2538 859 2763 914 fratrum
2790 869 2977 915 contra
3001 861 3116 914 lucc
3137 865 3428 918 constituta

1849 952 2098 1016 venerit,
2130 951 2217 1005 vel
2255 953 2439 1006 venire
2473 953 2761 1006 tentaverit
2792 993 2806 1018 ,
2844 963 2899 1007 et
2946 953 3216 1023 prohibita
3270 953 3430 1010 futuit

1850 1061 2014 1101 ausus
2046 1047 2350 1112 admittere,
2385 1061 2412 1098 a
2463 1061 2558 1099 suo
2608 1061 2665 1101 se
2725 1046 2931 1102 noverit
2987 1045 3162 1101 oﬂicio
3215 1049 3434 1104 submo-

1847 1138 2124 1201 vendum,
2188 1154 2285 1194 nec
2338 1138 2728 1192 communionis
2780 1149 2979 1193 nostra:
3033 1138 3271 1194 futurum
3310 1157 3432 1196 esse

1852 1238 2198 1292 consortem,
2249 1230 2339 1300 qui
2385 1230 2564 1284 socius
2607 1245 2726 1284 esse
2771 1229 2942 1295 noluit
2989 1230 3305 1300 disciplina}.
3353 1227 3433 1285 Ne

1850 1319 1977 1390 quid
2011 1335 2140 1376 vero
2175 1321 2280 1385 sit,
2336 1323 2476 1390 quod
2531 1322 2952 1390 prmtermissum
3011 1338 3039 1376 a
3091 1323 3244 1378 nobis
3295 1322 3433 1378 forte

1851 1416 2138 1480 credatur,
2171 1416 2350 1470 omnia
2392 1416 2684 1470 decretalia
2718 1417 3008 1470 constituta
3034 1457 3048 1482 ,
3103 1426 3210 1470 tam
3259 1418 3431 1472 beatae

1850 1506 2239 1560 recordationis
2272 1507 2590 1570 Innocentii,
2623 1522 2783 1575 qnam
2815 1508 3054 1561 omnium
3089 1508 3430 1564 decessornm

1852 1605 2164 1650 nostrorum
2193 1639 2206 1662 ,
2249 1613 2368 1666 qute
2394 1598 2461 1651 de
2489 1598 2870 1652 ecclesiasticis
2917 1599 3199 1653 ordinibus
3247 1608 3302 1652 et
3339 1615 3432 1652 ca-

1853 1703 2055 1742 nonum
2108 1689 2448 1760 promulgata
2485 1698 2612 1744 sunt
2637 1689 2956 1758 disciplinis,
2984 1690 3055 1742 ita
3086 1705 3115 1742 a
3145 1699 3323 1743 vestra
3352 1690 3432 1743 di~

159 1763 507 1856 nequiverint
529 1782 778 1835 exatnii:e
804 1779 1042 1845 difﬁniri,
1076 1779 1309 1833 maxime
1341 1780 1395 1833 in
1428 1794 1590 1832 causa
1618 1776 1742 1832 ﬁdei
1770 1757 1822 1818 Β
1849 1777 2082 1833 lcetione
2124 1780 2383 1834 custodiri
2408 1780 2603 1835 debere
2641 1781 2958 1834 mandamus
2985 1822 2998 1845 ,
3040 1790 3095 1834 ut
3129 1782 3172 1834 si
3213 1782 3332 1851 quis
3378 1782 3432 1836 in

161 1873 243 1928 vel
274 1871 544 1942 generalis
593 1870 898 1943 religionis,
949 1871 1089 1925 sicut
1142 1872 1193 1924 in
1243 1869 1553 1940 apostolicae
1603 1869 1748 1924 sedis

159 1964 518 2038 pontiﬁcum,
571 1973 625 2019 et
672 1964 722 2017 in
778 1961 1021 2033 epistolis
1071 1964 1298 2034 legimus
1354 1963 1742 2032 Augustorum.

162 2055 429 2124 Quoniam
462 2055 842 2126 imperatorem
871 2055 1195 2110 auctoritate
1225 2063 1550 2110 convocatus
1580 2067 1745 2122 gene~

163 2148 307 2208 rales
337 2149 597 2218 synodos,
627 2157 683 2202 et
708 2148 756 2200 in
791 2147 1035 2201 historiis
1062 2145 1445 2202 ecclesiasticis
1467 2153 1522 2198 et
1548 2145 1600 2196 in
1629 2144 1746 2213 epi-

160 2241 316 2298 stolis
341 2241 650 2312 apostolica:
679 2241 825 2295 sedis
851 2239 1168 2310 pontiﬁcum
1200 2239 1520 2307 reperimus.

227 2331 424 2390 XXIX.
474 2331 543 2390 Et
589 2341 810 2388 sanctus
852 2330 1146 2400 Gregorius
1200 2344 1354 2398 reges
1412 2327 1748 2386 Francorum

155 2424 401 2494 synodos
429 2423 482 2478 in
510 2422 732 2480 Gallicis
759 2430 813 2476 et
841 2421 1074 2492 Belgicis
1101 2419 1396 2490 provinciis
1445 2432 1749 2473 convocare

157 2527 305 2582 saepe
354 2513 698 2568 commonuit.
769 2509 874 2566 Sed
942 2510 1198 2580 quoniam
1227 2551 1242 2571 ,
1287 2517 1344 2562 ut
1384 2509 1490 2562 Leo
1541 2508 1751 2563 monuit

155 2605 340 2676 (epist.
373 2602 440 2658 56
467 2604 534 2658 ad
564 2593 914 2672 Anatolium),
958 2619 1112 2658 mens
1152 2601 1403 2670 potentia:
1446 2601 1601 2654 avida
1647 2613 1749 2654 nec

152 2691 401 2770 abstinet
429 2696 628 2760 vetitis,
656 2709 755 2750 nec
780 2695 976 2765 gaudet
1004 2693 1300 2757 concessis,
1332 2702 1387 2746 et
1420 2692 1632 2747 difﬁcile
1663 2701 1749 2748 εει

152 2796 208 2844 ut
235 2788 518 2866 cupiditas
550 2788 916 2859 improbormn
948 2803 1055 2842 non
1085 2786 1286 2854 aliquid
1334 2801 1494 2854 supra
1522 2799 1745 2848 mensu-g

119 2931 122 2934 .
154 2897 268 2960 ram
299 2941 304 2952 ι
333 2881 591 2960 moliatur
623 2890 898 2962 appetere
931 2899 942 2934 :
980 2896 1045 2933 ne
1077 2879 1196 2950 quis
1251 2887 1490 2932 nostrum
1546 2876 1747 2932 oblitus

154 2971 540 3042 pmceptionis
567 2970 807 3040 Apostoli
834 3012 847 3036 ,
883 2973 989 3042 imo
1017 2986 1112 3040 per
1136 2969 1447 3040 Apostolum
1490 2963 1701 3021 Domini
1725 3006 1742 3032 ,

151 3065 238 3138 qui
271 3062 416 3120 dicit
441 3061 559 3138 alii
610 3064 847 3138 onmilius
899 3063 1231 3115 exhibeamas
1280 3078 1372 3114 nos
1421 3060 1559 3128 ipsos
1611 3061 1745 3124 sicut

152 3141 258 3224 Dei.
283 3155 584 3232 ministros,
616 3137 816 3212 nemini
857 3141 1039 3206 dantes
1089 3151 1247 3205 ullam
1295 3151 1654 3219 offensionem,
1687 3156 1746 3201 ut

154 3264 253 3318 nqn
287 3249 616 3324 vituperetur
647 3246 994 3299 ministerium
1039 3255 1270 3299 nostrum
1312 3241 1409 3314 (11
1441 3241 1562 3296 Cor.
1615 3241 1699 3316 vt)
1729 3282 1745 3308 ,

154 3348 246 3402 aut
289 3321 674 3410 improbitate,
727 3345 820 3408 aut
867 3337 1234 3391 assentatione
1278 3341 1467 3390 contra
1526 3333 1747 3404 prarfata

154 3428 441 3502 privilegia
483 3411 832 3500 pertinaciter
861 3427 1114 3504 moliatur
1152 3427 1435 3497 insurgere
1461 3469 1475 3493 ,
1519 3435 1572 3480 et
1605 3427 1749 3497 peri—

155 3522 340 3592 culurn
376 3505 656 3594 intentata:
687 3520 1050 3596 damnationis
1078 3519 1249 3590 possit
1274 3520 1554 3575 incurrere
1579 3559 1593 3582 ,
1653 3518 1746 3574 de-

155 3623 420 3678 cernente
449 3612 663 3674 Zosimo
692 3628 826 3682 papa
875 3612 944 3666 ad
987 3611 1264 3665 Aurelium
1296 3651 1310 3677 ,
1358 3620 1412 3664 et
1462 3609 1747 3665 universos

155 3708 448 3778 episcopos
494 3721 587 3775 per
630 3703 875 3778 Africam
924 3705 1248 3759 constitutos
1275 3744 1290 3770 ,
1357 3703 1748 3772 tiniversosque

155 3799 448 3868 episcopos
484 3809 579 3866 per
611 3791 811 3870 Gallias
855 3804 909 3848 et
950 3802 1156 3863 septem
1193 3794 1502 3864 provincias
1548 3793 1748 3847 consti-

159 3896 330 3951 tutos,
370 3893 424 3940 et
460 3885 725 3942 universis
752 3885 1021 3955 episcopis
1064 3899 1161 3954 per
1189 3881 1500 3953 Hispaniam
1547 3885 1751 3940 consti-

164 3977 317 4041 tutis,
349 3991 379 4030 a
409 3976 526 4047 pari
560 3976 728 4045 (epist.
757 3975 833 4047 6).
871 3994 889 4026 (
925 3973 1060 4032 Cum
1087 3975 1368 4040 adversus,
1396 3975 1590 4045 inquit,
1639 3984 1749 4030 sta-

167 4076 277 4121 tuta
302 4065 522 4122 Patrum
546 4065 777 4130 venitur,
795 4081 900 4119 non
921 4073 1129 4118 tantum
1156 4063 1366 4119 illorum
1395 4065 1747 4135 providentiae

167 4165 326 4224 atque
379 4154 658 4210 sententia:
690 4195 704 4219 ,
750 4154 840 4223 qui
870 4153 923 4208 in
954 4167 1125 4208 aevum
1160 4153 1366 4207 victura
1406 4165 1740 4222 sanxerunt,

169 4245 260 4302 sed
309 4244 406 4313 ipsi
439 4242 833 4316 quodammodo
879 4239 1002 4296 fidei
1048 4250 1101 4296 et
1132 4243 1408 4299 catholica:
1449 4244 1746 4313 disciplinae

172 4334 440 4406 irrogatur
464 4333 712 4413 injuria.»
738 4331 802 4388 Et
829 4339 1048 4388 sanctus
1074 4331 1288 4388 Hilarus
1311 4347 1468 4404 papa,
1499 4342 1558 4388 ut
1581 4349 1745 4405 supra

173 4413 683 4490 ostendimus,'dicit
711 4421 882 4496 (epist.
917 4421 1004 4492 11)
1042 4442 1055 4476 :
1097 4441 1116 4473 ι
1152 4422 1267 4478 Non
1299 4427 1479 4480 minus
1519 4426 1572 4478 in
1614 4439 1742 4498 san?

173 4525 378 4572 ctarum
406 4518 750 4594 traditionem
777 4501 1109 4586 delinquitur
1140 4516 1469 4578 sanctiones.
1495 4533 1656 4587 quam
1688 4507 1740 4572 in
1776 4501 1790 4556 τ

177 4608 420 4680 iniuriam
445 4609 609 4679 ipsius
643 4605 854 4661 Domini
890 4606 1184 4677 prosilitur.
1218 4627 1238 4660 ι
1272 4608 1337 4661 Ει
1358 4619 1580 4663 sanctus
1603 4625 1743 4679 papa

177 4697 526 4772 Symmachus
571 4697 637 4752 ad
674 4695 968 4758 Cat-Savium
1013 4694 1382 4751 Arelatensem
1432 4698 1743 4768 episcopum

178 4791 303 4846 dicit
330 4790 496 4863 (epist.
530 4790 588 4860 ¹1)
625 4808 638 4844 :
671 4808 689 4840 ‹
718 4788 851 4847 Cum
902 4789 970 4842 ad
1009 4786 1295 4843 Trinitatis
1346 4789 1552 4854 instar,’
1590 4790 1744 4859 cujus

179 4896 280 4936 una
307 4889 392 4936 est
421 4891 578 4950 atque
608 4880 879 4934 individua
918 4885 1161 4947 potestas
1195 4893 1364 4933 unum
1411 4881 1481 4934 sit
1521 4895 1618 4950 per
1666 4879 1747 4937 di-

182 4977 360 5026 verses
385 4970 653 5025 antistites
681 4967 1066 5044 sacerdotium,
1103 4968 1558 5038 quemadmodum
1597 4971 1746 5039 prio-

185 5073 298 5140 rum
338 5067 534 5117 statuta
580 5077 610 5116 a
651 5061 999 5130 sequentibus
1050 5061 1302 5116 convenit
1361 5062 1588 5118 violari?
1633 5061 1750 5119 Huc

1851 1870 1938 1924 illa
1969 1871 2303 1926 commiserit
2333 1913 2346 1936 ,
2383 1872 2595 1925 veniam
2623 1871 2722 1926 sibi
2753 1871 3005 1940 deinceps
3033 1871 3246 1925 noverit
3272 1871 3435 1926 dene-

1849 1965 1986 2036 gari.
2021 1983 2037 2014 ›
2069 1962 2204 2030 Quia
2236 1963 2377 2016 enim
2414 1963 2464 2016 in
2494 1963 2634 2034 Lege
2663 1971 2719 2016 et
2765 1964 2816 2015 in
2866 1962 3154 2033 Evangelio
3204 1963 3432 2037 duorum

1848 2057 1932 2112 vel
1961 2057 2121 2110 trium
2153 2057 2365 2110 testium
2391 2064 2506 2108 rata
2530 2055 2795 2109 sententia
2813 2055 3212 2123 comprobatur,
3231 2062 3436 2124 quanto

1849 2149 2027 2202 studio
2059 2149 2250 2200 horum
2280 2155 2534 2215 quatuor,
2567 2145 2630 2197 de
2670 2146 2922 2212 qualibus
2947 2144 3080 2198 dicit
3127 2143 3386 2198 Dominus
3418 2157 3433 2195 :

1850 2235 1908 2291 Si
1937 2237 2042 2289 duo
2077 2251 2140 2288 ex
2185 2236 2323 2288 vobis
2364 2239 2710 2287 consenserint
2760 2251 2915 2303 super
2944 2244 3157 2298 terram,
3189 2234 3252 2287 de
3294 2235 3436 2287 omni

1849 2342 1904 2378 rc
1933 2326 2042 2392 ﬁet,
2076 2327 2140 2378 de
2167 2324 2482 2392 przt-stitutis
2523 2323 2855 2377 anteriorum
2887 2323 3186 2391 privilegiis
3222 2337 3436 2376 conser-

1853 2416 2043 2469 vandis
2093 2415 2378 2467 uniformis
2405 2415 2674 2466 sententia
2703 2413 2895 2467 debeat
2941 2411 3275 2476 conservari,
3309 2429 3432 2465 cor-

1851 2507 2007 2561 datus
2035 2507 2262 2576 quisque
2295 2505 2537 2558 attcndat
2561 2546 2574 2567 ,
2604 2513 2658 2557 et
2684 2505 2826 2557 unde
2852 2504 3079 2573 quisque
3110 2505 3428 2558 nostratium

1848 2612 1949 2666 pro
1986 2596 2125 2649 ﬁdeli
2159 2594 2455 2648 reverentia
2486 2611 2548 2648 ac
2575 2595 2984 2648 conservatione
3027 2594 3277 2647 meritum
3330 2594 3432 2662 sibi

1849 2690 2022 2745 beata:
2055 2687 2507 2742 remunerationis
2547 2695 2723 2754 potest
2765 2687 3072 2754 acquirere,
3114 2701 3178 2738 ne
3223 2699 3430 2754 praeva-

1848 2779 2073 2833 ricando
2113 2776 2410 2846 periculum
2444 2776 2716 2838 incurrat,
2759 2790 3086 2844 magnopere
3118 2782 3326 2828 caveat.

1918 2867 2088 2923 XXX.
2129 2868 2368 2920 Tandem
2398 2866 2635 2919 breviter
2656 2879 3082 2918 commemorare
3104 2865 3436 2925 censuimus,

1847 2963 1974 3034 quia
2026 2969 2214 3015 sancto
2246 2970 2298 3013 et
2348 2959 2656 3012 venerando
2695 2957 2810 3010 viro
2852 2956 3131 3010 Bonifaeio
3177 2956 3229 3009 in
3262 2955 3436 3012 Frisia

1849 3056 2073 3110 verbum
2105 3051 2315 3106 Domini
2345 3049 2694 3120 praedicante,
2726 3062 2870 3101 anno
2910 3047 3303 3102 lnearnationis
3337 3045 3437 3098 Do~

1771 3110 1818 3174 Ω
1856 3145 2070 3200 minicac
2100 3142 2224 3206 "iiii,
2255 3141 2516 3210 martyrio
2546 3145 2829 3200 coronato,
2867 3146 2919 3191 et
2950 3136 3275 3190 Sitnoniacze
3330 3139 3438 3188 hae-

1856 3236 1994 3290 resis
2037 3233 2341 3304 pravitate,
2372 3237 2426 3284 et
2454 3230 2848 3299 neophytorum
2878 3227 3299 3297 prassumptione
3329 3267 3342 3290 ,
3374 3241 3438 3280 ac

1853 3325 2068 3382 ueteris
2110 3325 2412 3393 quibusque
2459 3335 2557 3390 pro
2597 3328 2899 3384 temporum
2934 3318 3338 3386 Opportunitate
3385 3325 3441 3371 et

1854 3419 2114 3490 qualitate
2138 3414 2472 3485 compositis,
2516 3413 2774 3472 hactenus
2804 3409 3097 3480 provincne
3129 3407 3436 3476 Cisalpina},

1853 3510 2188 3578 temporibus
2218 3505 2432 3574 Pippini
2464 3503 2630 3574 regis,
2657 3510 2712 3555 et
2739 3500 2913 3555 Caroli
2947 3516 3011 3554 ac
3041 3499 3296 3554 Ludovici
3337 3500 3440 3553 im-

1850 3614 2187 3675 peratorum,
2231 3600 2348 3654 sine
2378 3599 2480 3651 hoc
2517 3594 2847 3664 primicerio.
2877 3592 2962 3645 vel
2993 3592 3222 3660 primate
3254 3606 3283 3644 a
3312 3591 3439 3646 sede

1854 3692 2150 3762 apostolica
2199 3687 2446 3754 delegato
2494 3696 2666 3736 annos
2694 3681 2910 3733 circiter
2940 3679 3127 3747 viginti
3175 3689 3283 3733 tres
3311 3679 3437 3748 (into

1854 3797 2022 3836 annos
2053 3773 2359 3846 nonaginta)
2390 3779 2724 3832 manserunt,
2770 3777 2824 3822 et
2855 3767 3283 3836 metropolitanis
3327 3769 3440 3822 sin-

1853 3872 1996 3946 gulis
2039 3884 2138 3924 suo
2159 3867 2282 3936 jure
2327 3873 2542 3919 servato
2567 3901 2582 3926 ,
2633 3858 2941 3930 apostolicae
2969 3858 3111 3912 sedis
3138 3856 3344 3923 favore,
3381 3869 3438 3913 et

1851 3959 2155 4033 principum
2205 3969 2428 4012 suorum
2475 3951 2866 4022 dispositione,
2908 3948 3200 4004 secundum
3251 3962 3439 4005 sacros

1851 4066 2122 4116 canones,
2175 4056 2230 4104 et
2264 4047 2480 4103 decreta
2508 4041 2748 4112 ejusdem
2781 4050 2985 4095 sanctae
3025 4039 3170 4094 sedis
3219 4038 3439 4109 pontiﬁ-

1850 4160 1996 4209 cum,
2047 4153 2276 4212 quaeque
2305 4135 2524 4191 fuerunt
2564 4133 2794 4203 agenda,
2826 4128 3167 4186 venerabiles
3197 4129 3437 4198 episcopi

1849 4258 1947 4313 per
1978 4237 2358 4295 auctoritatem
2388 4246 2659 4288 canonum
2686 4243 2988 4291 sacrorum,
3018 4236 3075 4281 et
3102 4225 3317 4280 decreta
3349 4240 3434 4280 se-

1850 4335 1932 4388 dis
1959 4333 2215 4386 Romanae
2241 4325 2554 4397 pontificum
2588 4328 2933 4392 peregerunt.

1923 4423 2118 4480 XXXI.
2155 4423 2334 4489 Drogo
2355 4419 2562 4473 interea
2587 4413 2908 4469 Metensium
2947 4413 3253 4481 episcopus,
3294 4412 3436 4468 fastu

1856 4518 2018 4588 regia:
2050 4511 2316 4585 prosapiae
2344 4509 2656 4571 subvectus,
2689 4506 2829 4560 hanc
2859 4502 3231 4573 praelationem
3265 4505 3316 4558 in
3347 4504 3439 4558 Ci-

1853 4607 2076 4676 salpinis
2101 4601 2428 4672 regionibus,
2447 4606 2604 4652 nacta
2619 4597 2850 4665 quadam
2873 4595 3180 4659 Occasione,
3197 4605 3438 4662 tempore

1854 4696 2094 4753 Lotharii
2128 4691 2472 4762 imperatoris
2499 4685 2640 4758 apud
2668 4685 2917 4756 Sergium
2948 4701 3141 4755 papam
3169 4685 3433 4749 obtinuit;

1854 4791 1949 4846 sed
1972 4788 2116 4859 quod
2145 4785 2340 4841 all'ectu
2369 4783 2579 4846 ambiit,
2609 4778 2803 4834 effectu
2838 4795 2941 4833 non
2971 4778 3194 4843 habuit;
3225 4779 3438 4846 etquod

1854 4881 2106 4937 efﬁcacia:
2136 4894 2258 4942 usu,
2289 4893 2394 4932 non
2421 4873 2888 4932 consentientibus
2920 4873 3116 4942 quibus
3149 4871 3436 4938 intererat,

1849 4972 2099 5027 obtinere
2146 4983 2274 5038 non_
2294 4968 2493 5040 potuit,
2535 4965 2931 5038 patientissime
2985 4971 3042 5017 ut
3084 4977 3204 5016 eum
3253 4961 3436 5018 decuit

1854 5064 2123 5128 toleravit,
2154 5076 2222 5117 ne
2249 5061 2563 5118 scandalum
2586 5057 2848 5112 fratribus
2877 5066 2931 5112 et
2960 5050 3439 5110 consacerdotihus
