3950 5396
157 383 264 442 2η

1637 383 2015 446 EPISTOLE.
2059 413 2087 422 --

3327 393 3440 454 2M

132 515 326 590 .qnam
371 497 579 568 grande
622 496 796 552 scelus
835 457 907 551 itit
957 495 1263 566 huiusmodi
1296 495 1600 564 translatio,
1633 498 1948 567 quatAest
1989 497 2386 560 incardiaatus.
2439 495 2546 556 Sed
2577 508 2762 570 postea
2813 501 2998 560 sedem
3052 516 3161 558 non
3213 506 3442 570 mutavit

134 588 581 658 ireliaptizationi
621 597 677 643 et
713 588 1098 644 reordinationi
1139 589 1504 660 comparando
1525 588 1750 659 conjun-

163 681 328 752 gitur.
383 677 462 733 De
505 680 930 752 rebaptizatioue
979 690 1180 747 autem,
1211 695 1374 751 quam
1423 682 1624 752 grande
1681 681 1752 738 sit

164 768 458 839 piaculum,
492 769 542 823 in
576 771 747 825 sacris
776 771 1095 838 canonibus,
1121 781 1175 828 et
1199 773 1262 828 in
1291 773 1607 844 pontificum
1637 773 1754 829 Ro-

165 873 450 914 manorum
505 859 768 926 decretis,
823 862 1130 931 specialiter
1179 872 1358 920 autem
1415 865 1467 919 in
1523 866 1751 935 epistola

167 945 360 1003 Felicis
402 965 554 1020 papae
606 947 674 1004 ad
721 952 1001 1009 universos
1055 956 1336 1025 episcopos
1378 971 1476 1026 per
1511 958 1756 1013 diversas

169 1039 477 1108 provincias
503 1041 850 1105 constitutos,
876 1044 1118 1114 quisquis
1146 1045 1325 1116 legere
1353 1047 1585 1104 voluerit
1611 1049 1758 1104 inve-

168 1131 286 1186 nire
322 1131 542 1186 valebit.
581 1131 656 1188 De
679 1135 1086 1192 reordinatione
1122 1153 1250 1197 vero
1280 1138 1338 1194 S.
1373 1138 1674 1210 {iregorius
1701 1142 1753 1196 in

168 1222 392 1292 epistola
434 1225 500 1279 ad
531 1223 798 1282 Joannem
828 1227 1241 1286 Ravennensem
1287 1231 1361 1286 ita
1387 1233 1518 1288 dicit
1540 1234 1654 1304 (tib.
1689 1249 1750 1299 ιι,

164 1331 243 1384 ep.
268 1315 398 1384 35):
430 1337 447 1368 ι
474 1314 628 1381 lilud,
651 1317 919 1390 inquiens,
948 1321 1091 1390 quod
1111 1322 1314 1386 dicitis,
1337 1332 1395 1376 ut
1423 1324 1470 1378 is
1495 1325 1586 1394 qui
1610 1325 1756 1380 ordi—

165 1417 324 1462 natus
353 1418 438 1464 est
477 1411 670 1482 iterum
716 1411 1018 1478 ordinetur,
1053 1413 1204 1468 valde
1247 1413 1532 1470 ridiculum
1568 1426 1671 1481 est,
1700 1425 1756 1472 et

164 1496 232 1552 ab
279 1499 480 1570 ingenii
527 1501 697 1556 vestri
749 1503 1184 1559 consideratione
1242 1514 1556 1562 extraneum
1598 1525 1610 1561 :
1652 1508 1756 1564 nisi

164 1585 306 1641 forte
337 1590 482 1659 quod
519 1590 823 1661 exemplum
854 1593 923 1647 ad
952 1593 1191 1648 medium
1219 1595 1524 1662 deducitur,
1551 1599 1620 1653 de
1646 1613 1755 1669 quo

163 1687 214 1732 et
243 1678 334 1733 ille
359 1679 680 1749 iudicandus
707 1691 816 1746 est,
849 1683 941 1752 qui
974 1684 1080 1738 tale
1113 1685 1314 1756 aliquid
1354 1686 1546 1744 fecisse
1575 1690 1757 1758 perhi-

161 1771 342 1826 betur.
377 1773 533 1828 Absit
564 1775 709 1829 enim
747 1791 777 1829 a
819 1775 1160 1833 fraternitate
1203 1787 1381 1836 vestra
1424 1782 1501 1836 sic
1541 1797 1751 1852 sapere.

165 1864 318 1920 Sicut
350 1865 493 1920 enim
535 1866 842 1938 baptizatus
881 1869 1050 1924 semel
1095 1871 1290 1926 iterum
1337 1873 1600 1943 baptizari
1647 1890 1756 1929 non

163 1957 359 2022 debet,”
385 1958 457 2012 ita
497 1961 589 2028 qui
630 1969 979 2016 consecratus
1017 1971 1099 2017 est
1131 1963 1316 2029 semel,
1352 1965 1405 2019 in
1435 1965 1625 2021 eodem
1663 1967 1757 2023 ite-

163 2064 286 2103 rum
316 2049 508 2105 ordine
535 2065 640 2106 non
670 2051 810 2107 valet
839 2055 1169 2109 consecrari.
1201 2075 1220 2106 ι
1250 2056 1328 2111 De
1355 2055 1522 2126 lapsis
1550 2065 1753 2124 autem,

164 2139 258 2208 qui
293 2139 360 2192 ad
400 2141 646 2196 ordinem
693 2143 820 2198 cleri
860 2159 958 2213 per
997 2144 1356 2214 ignorantiam
1395 2148 1481 2202 vel
1507 2149 1758 2204 ordinan-

163 2229 302 2282 tium
330 2230 816 2288 dissimulationem
838 2235 1085 2301 veniunt,
1108 2245 1164 2290 et
1191 2237 1256 2292 de
1284 2238 1616 2309 presbyteris
1639 2239 1759 2296 sine

163 2321 420 2378 examine
456 2313 748 2393 provectis,
779 2340 996 2382 sacrum
1037 2325 1314 2384 Nicznum
1348 2328 1658 2395 concilium,
1702 2337 1760 2388 et

164 2406 385 2470 decreta
419 2415 618 2472 Gelasli
649 2433 712 2472 ex
749 2418 939 2474 eodem
975 2421 1315 2492 promulgata
1345 2421 1594 2487 concilio,
1629 2421 1760 2491 quid

163 2505 439 2574 agendum
465 2506 534 2562 sit
567 2517 818 2577 patenter
849 2510 1164 2566 ostendant.
1635 2539 1639 2542 -

240 2593 329 2649 Vi.
365 2595 422 2650 Si
447 2626 450 2628 -
472 2608 652 2654 autem
681 2611 843 2655 causa
875 2609 1040 2657 certae
1075 2603 1416 2658 necessitatis
1439 2602 1525 2660 vel
1558 2603 1760 2660 utilitas

161 2686 233 2741 tis
265 2689 512 2760 exegerit
555 2699 613 2745 ut
645 2691 870 2760 quilibet
905 2693 1189 2765 episcopus
1223 2695 1292 2749 de
1316 2694 1537 2750 civitate
1566 2695 1621 2748 in
1653 2703 1760 2763 qua

158 2776 450 2832 ordinatus
487 2788 572 2833 est
596 2779 664 2834 ad
689 2780 846 2835 aliam
884 2783 1154 2837 civitatem
1188 2781 1567 2848 transferatur,
1599 2795 1760 2852 syno-

159 2866 302 2921 dali-
327 2868 701 2936 dispositione,
743 2869 830 2927 vel
867 2872 1172 2942 apostolica:
1205 2873 1348 2928 sedis
1378 2872 1758 2937 consensione,

160 2960 515 3030 apertissima
573 2962 782 3018 ratione
838 2963 1179 3019 manifestum
1235 2963 1351 3018 ﬁeri
1412 2964 1588 3029 debet,
1635 2963 1760 3034 quia

158 3047 504 3104 transfertur
545 3049 616 3108 de
658 3051 900 3116 civitate,
945 3052 996 3106 in
1035 3068 1141 3122 qua
1189 3053 1473 3110 ordinatus
1518 3053 1636 3118 fuit,
1665 3054 1759 3109 .ad

154 3139 336 3195 adiam
369 3140 641 3199 civitatem
668 3155 832 3200 causa
856 3144 1007 3209 fidei,
1037 3160 1147 3200 non
1162 3145 1487 3216 temporalis
1512 3159 1755 3200 commo-

1857 590 1994 648 sicut
2035 590 2108 643 in-
2139 589 2368 658 epistola
2416 591 2558 652 beati
2609 590 2858 664 Gregorii
2887 593 2978 662 qui
3022 593 3152 664 legit
3200 593 3442 654 invenire

1856 680 2075 738 valebit.
2102 681 2258 738 Eun
2289 684 2656 754 antiquiorum
2699 691 3000 753 temporum
3034 686 3282 754 exempla
3305 701 3445 756 pne:

1856 779 2152 838 tereamus,
2179 787 2422 844 tempore
2453 775 2630 832 Caroli
2657 776 2940 846 principis,
2970 793 3092 840 cum
3116 778 3250 832 ordo
3265 778 3444 840 eccle-,

1857 864 2115 921 siasticus
2164 874 2219 924 et
2270 867 2576 922 Christiana
2627 868 2815 938 religio
2868 869 2920 922 in
2975 868 3098 930 istis
3149 868 3441 939 Cisalpinis

1858 958 2170 1027 regionibus
2216 973 2354 1028 pene
2403 959 2502 1014 fuit
2545 960 2763 1024 abolita,
2796 959 3041 1028 Winirit,
3087 970 3444 1032 cegnomento

1857 1047 2165 1106 Bonifacius
2191 1066 2226 1104 a
2273 1051 2432 1110 tertio
2466 1067 2604 1122 papa
2636 1051 2900 1122 Gregorio
2927 1052 3113 1110 Roma:
3145 1052 3248 1108 fuit
3292 1052 3445 1108 ordi-

1859 1152 2019 1200 natus
2069 1145 2377 1215 episcopus,
2428 1155 2484 1202 et
2516 1162 2613 1218 pro
2655 1147 2960 1202 animarum
3010 1147 3161 1202 lucro
3207 1147 3259 1204 in
3311 1146 3444 1202 istas

1859 1234 2108 1305 regiones
2156 1235 2414 1292 directus.
2465 1236 2523 1290 ln
2569 1237 2767 1306 quibus
2809 1238 2926 1308 ejus
2960 1238 3344 1308 pratdicatione
3389 1248 3445 1294 et

1859 1333 2063 1379 sancta:
2090 1327 2519 1382 conversationis
2565 1328 2812 1396 exemplo
2839 1344 2962 1384 cum
3002 1329 3136 1384 ordo
3183 1328 3443 1394 ecclesia-

1861 1414 2028 1469 sticus
2059 1425 2113 1469 et
2145 1415 2332 1486 religio
2378 1418 2544 1485 coepit
2594 1419 2854 1486 reparari,
2887 1418 3199 1489 aliquandiu
3230 1419 3285 1474 in
3313 1419 3444 1473 civi-

1861 1513 1972 1560 tate
2000 1506 2382 1576 Agrippinensi
2418 1507 2636 1564 Colonia
2664 1507 2822 1572 sedit,
2847 1519 2901 1565 et
2927 1519 3238 1580 emergente
3260 1524 3445 1564 neces-

1863 1598 2024 1653 sitate
2049 1610 2209 1668 atque
2233 1601 2464 1656 utilitate
2485 1603 2550 1655 ad
2575 1601 2940 1673 Moguntinam
2965 1603 3237 1658 civitatem
3261 1612 3442 1658 trans-

1862 1690 2028 1755 latus,
2072 1691 2143 1748 ibi
2187 1702 2272 1748 est
2312 1693 2754 1766 archiepiscopus
2783 1694 3103 1764 regulariter
3135 1695 3443 1750 incardina-

1863 1789 1973 1845 tus,
2002 1781 2096 1836 sed
2128 1783 2310 1837 sedem
2342 1793 2524 1852 postea
2551 1800 2656 1838 non
2687 1785 2934 1850 mutavit,
2963 1787 3100 1841 sicut
3124 1787 3175 1840 in
3205 1785 3446 1856 epistolis

1785 1853 1835 1916 Β
1865 1873 2173 1946 apostolica:
2202 1875 2345 1929 sedis
2390 1875 2702 1944 pontiﬁcum
2745 1877 3018 1932 studiosus
3053 1877 3222 1933 lector
3238 1853 3445 1947 cogno-

1860 1979 2016 2020 scere
2041 1965 2313 2033 praevalet.

1930 2054 2061 2110 Vill.
2087 2054 2163 2109 De
2191 2070 2254 2110 eo
2283 2055 2549 2124 siquidem
2578 2057 2668 2125 qui
2692 2073 2800 2114 non
2825 2071 2922 2116 suo
2949 2058 3098 2123 vitio,
3132 2058 3225 2112 sed
3266 2057 3440 2112 alieno

1858 2149 2106 2219 repudio,
2140 2151 2208 2202 ad
2234 2148 2392 2204 aliam
2428 2149 2480 2202 in
2509 2165 2612 2218 qua
2662 2151 2947 2206 ordinatus
2978 2166 3082 2204 non
3120 2149 3223 2204 fuit
3255 2150 3417 2204 civita

1859 2249 1967 2296 tem
1985 2238 2330 2303 transfertur,
2350 2239 2924 2314 Antiochenicanones
2949 2240 3130 2295 dicunt
3147 2242 3288 2305 (can.
3316 2237 3404 2304 18)
3438 2271 3442 2275 -

1867 2348 1885 2381 σ
1925 2329 1982 2384 Si
2010 2329 2133 2398 quis
2163 2329 2450 2400 episcopus
2479 2329 2760 2384 ordinatus
2785 2330 2850 2384 ad
2879 2328 3190 2399 parochiam
3223 2327 3442 2382 minime

1859 2422 1950 2476 cui
1989 2429 2073 2477 est
2099 2420 2305 2478 electus
2340 2421 2658 2485 accesserit,
2695 2436 2800 2475 non
2847 2435 2943 2476 suo
2978 2418 3124 2482 vitio,
3169 2417 3264 2472 sed
3303 2415 3444 2483 quod

1859 2527 1987 2568 eum
2022 2519 2116 2566 aut.
2160 2511 2396 2586 populus
2433 2511 2582 2574 vitet,
2615 2518 2705 2563 aut
2738 2517 2957 2579 propter
3001 2508 3159 2566 aliam
3204 2520 3444 2572 causam,

1861 2621 1970 2662 non
2021 2613 2201 2659 tamen
2241 2603 2357 2672 ejus
2385 2604 2515 2657 vitio
2564 2610 2948 2672 perpetratum,
2995 2599 3080 2654 hic
3118 2606 3170 2652 et
3225 2596 3446 2651 honoris

1862 2695 1934 2751 sit
1966 2703 2019 2750 et
2040 2694 2326 2749 ministerii
2360 2693 2654 2762 particeps,
2681 2690 2972 2750 dummodo
3007 2687 3142 2744 nihil
3181 2685 3441 2741 molestus

1863 2783 2119 2838 Ecclesiae
2165 2783 2329 2838 rebus
2358 2783 2574 2846 existat,
2613 2780 2703 2836 ubi
2735 2779 3047 2834 ministrare
3081 2775 3442 2848 cognoscitur.
3487 2821 3492 2829 .

1862 2869 2034 2937 Quem
2065 2871 2227 2930 etiam
2263 2871 2553 2930 observare
2580 2867 2866 2923 conveniet
2909 2863 3168 2936 quidquid
3206 2863 3443 2934 synodus

1861 2961 2100 3034 perfecta
2132 2960 2422 3032 provincia:
2447 2958 2740 3028 iudicando
2783 2956 3104 3014 decreverit.
3149 2976 3166 3006 ι
3217 2955 3284 3008 Et.
3312 2954 3439 3026 hinc

1864 3054 1918 3112 in
1949 3054 2238 3123 Ancyrano
2286 3051 2516 3112 concilio
2567 3051 2976 3117 decretiimcst
3025 3051 3088 3101 de
3119 3047 3203 3126 his
3234 3047 3325 3117 qui
3378 3045 3445 3126 ad

1863 3142 2232 3214 episcopatum
2269 3141 2514 3210 provecti
2543 3149 2687 3206 sunt,
2735 3155 2833 3195 nec
2883 3139 3082 3211 recepti
3129 3138 3268 3210 (can.
3300 3135 3388 3208 Π)
3425 3127 3440 3190 ξ

155 3233 235 3296 di,
287 3247 400 3303 pro
431 3234 736 3289 animarum
783 3235 957 3300 lucro,
1138 3253 1236 3305 pro
1272 3207 1454 3294 rerum
1483 3247 1753 3306 tempora.-
1870 3207 2074 3307 t-Siqu—i
2099 3207 2334 3302 episCtipi
2361 3231 2592 3302 ordinati
2621 3239 2765 3294 sunt,
2792 3244 2892 3283 nec
2916 3226 3113 3297 recepti
3146 3228 3214 3307 ab
3243 3225 3330 3278 illa
3346 3241 3443 3298 pa-

153 3321 303 3380 llam
341 3333 578 3394 qttaestu,
625 3341 732 3382 non
780 3342 880 3384 suo
903 3327 1054 3395 vitio,
1108 3330 1204 3385 sed
1251 3330 1476 3386 aliorum
1511 3323 1754 3399 repudio,

155 3417 503 3473 necessitate
530 3417 1080 3487 persecutionis,‘non
1115 3421 1307 3477 ardore
1331 3422 1645 3478 ambitionis
1672 3422 1757 3478 vel

153 3514 594 3582 praesumptione
651 3514 884 3582 propriae
928 3513 1256 3581 voluntatis;
1305 3533 1489 3585 neque,
1531 3524 1592 3569 ut
1627 3516 1757 3572 dicit

151 3603 495 3673 ApOStolus,
526 3605 802 3674 quicquam
831 3615 1004 3663 sumat
1035 3606 1132 3660 sibi
1163 3607 1412 3661 honorem
1441 3607 1530 3661 sed
1559 3608 1644 3677 qui
1673 3624 1760 3678 υοτ

147 3705 328 3749 catur
375 3711 408 3746 α
446 3692 554 3746 Deo
597 3705 845 3764 tanquam
893 3693 1073 3749 Aaron
1104 3695 1272 3764 (Heb.
1306 3713 1372 3762 v,
1401 3696 1488 3764 4).
1526 3697 1677 3752 Sicut
1707 3707 1762 3754 et

145 3785 430 3843 Christus
456 3799 562 3838 non
588 3787 937 3856 semetipsum
968 3785 1287 3843 clarificavit
1315 3797 1375 3841 ut
1402 3786 1641 3855 pontifex
1669 3788 1762 3848 fle-

157 3887 276 3942 mL,
308 3877 404 3931 sed
439 3876 533 3946 qui
572 3876 781 3933 locutus
826 3885 908 3933 est
950 3879 1016 3932 ad
1045 3893 1169 3932 eum
1199 3897 1213 3932 :
1247 3878 1325 3932 Tu
1350 3895 1401 3932 es
1432 3880 1673 3934 sacerdos
1705 3882 1760 3938 in

155 3980 433 4032 clericum
453 3970 741 4024 secundum
769 3969 1004 4024 ordinem
1042 3969 1416 4026 Melchisedech
1443 3969 1614 4040 (Psal.
1646 3985 1758 4041 cu,

164 4059 246 4127 Α).
304 4057 464 4116 Aliud
497 4069 597 4116 est
635 4060 776 4115 enim
824 4070 1038 4116 mutare
1077 4068 1129 4114 et
1175 4060 1316 4114 aliud
1359 4062 1573 4126 mutari,
1621 4063 1761 4120 sicut

166 4151 322 4208 aliud
361 4159 446 4208 est
493 4152 804 4208 ministrare
843 4161 898 4210 et
945 4152 1092 4208 aliud
1147 4152 1466 4208 ministrari.
1506 4152 1657 4224 Unde
1705 4165 1761 4212 ct

170 4241 435 4299 Dominus
479 4242 534 4298 in
587 4239 874 4310 Evangelia
921 4241 1159 4312 loquitur
1205 4242 1396 4298 dicens
1435 4241 1597 4300 :N-on
1645 4247 1759 4302 veni

169 4335 487 4404 ministrari,
508 4335 598 4390 sed
625 4336 923 4390 ministrare
950 4334 1162 4406 (Matth.
1197 4352 1289 4401 xx,
1315 4335 1432 4404 28).
1463 4334 1578 4398 Non
1605 4351 1758 4410 ergo,

165 4427 310 4484 art-in
338 4426 569 4483 decretis
595 4426 900 4498 apostolicae
925 4428 1067 4483 sedis
1088 4427 1340 4499 legimus,
1371 4436 1546 4484 mutat
1573 4429 1757 4496 sedem

169 4517 274 4589 qui
313 4532 423 4573 non
469 4527 638 4574 mutat
678 4527 931 4584 mentem,
969 4518 1024 4574 id
1055 4527 1164 4582 est,
1193 4521 1422 4589 qui'non
1458 4527 1758 4590 mutatqua

164 4607 375 4676 ενιεείρί
424 4607 763 4679 episcopatus
798 4607 977 4674 debet,
1011 4609 1393 4674 intentionem,
1429 4618 1495 4666 ut.
1519 4618 1759 4678 transeat
1781 4607 1804 4655 ‘7

176 4695 244 4752 de
270 4697 506 4756 'civitate
549 4699 620 4756 ad
664 4697 932 4756 civitatem
971 4703 1067 4770 per
1108 4700 1456 4771 cupiditatem
1499 4709 1555 4758 et
1573 4701 1758 4760 ambi-

182 4786 417 4843 tionem.
590 4847 592 4849 _
993 4830 1014 4844 ,-
1348 4819 1352 4826 -
1389 4851 1393 4856 1
1563 4841 1566 4844 .

173 4929 178 4934 .
253 4875 362 4932 Vll.
415 4877 548 4936 Nam
592 4890 654 4935 ut
691 4879 983 4936 de’multis
1027 4881 1257 4951 exempli
1295 4882 1467 4952 gratia
1511 4883 1759 4952 quaedam

181 4965 502 5028 devoeemus
544 4972 598 5028 in
640 4972 896 5036 medium,
940 4972 1130 5028 beatus
1175 4974 1368 5028 Petrus
1403 4989 1564 5030 causa
1615 4973 1758 5040 ﬁdei,

175 5060 426 5117 Bordinato
472 5077 572 5131 pro
616 5077 678 5118 se
713 5061 970 5131 episcopo
1018 5063 1073 5117 in
1120 5064 1800 5133 Antiochia,-insequens-

181 5161 391 5218 longum
433 5145 740 5216 Simonem,
788 5148 1011 5208 Romam
1040 5148 1203 5221 venit,
1233 5154 1286 5207 in
1311 5168 1412 5222 qua
1437 5170 1532 5226 per
1567 5155 1758 5225 viginti

187 5248 236 5272 ⁸.
262 5244 488 5272 ηιιξὸιυ-..Α
516 5260 688 5272 Λαμιαν-Α-
719 5245 1068 5272 ΑᾌΑΑΟΑΙΑΟ---Α
1099 5257 1144 5272 Α.
1177 5247 1541 5272 Αιιζρληνιαιαιονι
1573 5247 1738 5272 ,ιιι-ηε.

1862 3305 2049 3382 rochia
2081 3323 2135 3376 in
2161 3339 2267 3394 qua
2295 3321 2508 3377 fuerant
2536 3321 2883 3391 denominati,
2915 3305 3290 3387 voluerintque
3312 3315 3446 3394 alias

1861 3397 2131 3486 cccupure
2173 3413 2480 3484 parochias,
2535 3421 2590 3467 et
2630 3412 2738 3468 vim
2789 3411 3107 3487 prmsulibus
3146 3425 3329 3464 carum
3364 3407 3443 3462 i114

1848 3508 2027 3574 -ferre,
2058 3507 2350 3572 seditiones
2383 3505 2643 3560 adversus
2671 3518 2764 3558 eos
2811 3501 3115 3563 excitando,
3148 3500 3245 3553 hos
3282 3495 3444 3568 abjici

1861 3603 2084 3673 placuit.
2111 3599 2334 3667 Quodsi
2361 3597 2626 3656 voluerint
2659 3595 2710 3650 in
2752 3592 3070 3666 presbyterii
3116 3577 3325 3652 ordine,
3356 3586 3449 3644 ubi

1843 3691 2014 3761 prius
2054 3689 2294 3754 fuerant,
2327 3695 2385 3740 ut
2411 3683 2714 3754 presbyteri
2755 3682 3011 3743 residere,
3046 3695 3151 3731 non
3179 3677 3443 3764 objiciet},-

1862 3787 1956 3848 tur
2006 3777 2220 3848 propria
2274 3775 2552 3844 dignitate.
2587 3772 2643 3826 Si
2671 3781 2850 3825 autem
2881 3768 3174 3823 seditiones
3215 3779 3448 3854 commo-

1865 3849 2064 3940 verunt
2090 3867 2296 3932 ibidem,
2313 3863 2622 3928 constitutis
2650 3860 2933 3934 episc0pi5,
2963 3857 3282 3932 presbyterii
3306 3849 3449 3940 Igno-

1865 3937 2188 4032 quelionor__
2213 3945 2413 4022 talibus
2457 3955 2757 4026 auferatur,
2816 3950 3053 4036 fiantque
3099 3937 3450 4028 damnatione

1862 4057 2149 4132 notabiles.
2178 4077 2200 4112 ι,
2221 4056 2363 4128 Dicit
2390 4053 2532 4130 enim
2556 4050 2953 4122 Antiochocum
2979 4035 3447 4117 capitulum,quia
3523 4077 3532 4080 -

1863 4149 2068 4224 regulae
2116 4161 2290 4222 sacrm
2335 4143 2686 4220 praecipiunt,
2723 4149 2786 4224 Qut
2841 4137 3001 4210 nullis
3050 4136 3234 4218 invi-tis
3293 4135 3452 4208 detur

1863 4241 2174 4316 episcopus,
2201 4236 2416 4314 _clerile,_t
2438 4235 2610 4304 plebis
2639 4240 2692 4288 et
2716 4230 2923 4308 ordinis
2949 4243 3246 4284 consensus
3276 4237 3329 4278 et
3357 4225 3451 4308 de-

1841 4330 2126 4404 ...siiierim
2177 4327 2509 4404 requiratur,
2535 4331 2599 4394 _et
2645 4321 2746 4390 ille
2780 4320 3032 4404 omnibus
3081 4324 3448 4396 przeponatur,

1864 4403 2029 4492 quem
2054 4422 2186 4477 cleri
2223 4403 2503 4490 plebisque
2557 4403 2849 4472 consensus
2893 4412 3231 4469 concorditer
3261 4418 3451 4486 postu-

1867 4513 2162 4580 lariot,.ne
2212 4509 2743 4590 civitasepiscopum
2780 4522 2887 4578 non
2919 4513 3158 4582 optatum
3197 4513 3452 4570 autcon-

1809 4593 1836 4642 τ’
1863 4610 2099 4674 ieiunat,
2132 4608 2254 4668 aut,
2289 4599 2488 4674 oderit,
2539 4605 2593 4650 et
2639 4596 2729 4669 ﬁat
2770 4596 2945 4662 minus
2993 4593 3238 4666 religiosa
3285 4606 3450 4677 quam

1853 4693 2144 4762 ,convenit,
2173 4692 2258 4746 cui
2287 4677 2394 4758 non
2425 4689 2637 4745 licuerit
2661 4687 3049 4760 liabere'qnem
3075 4681 3261 4738 voluit.
3298 4703 3314 4733 ι

1854 4761 2135 4858 ,ηιιχμυθ
2162 4799 2225 4854 eo
2255 4781 2696 4854 quinecessitate
2721 4779 3114 4852 persecutionis
3143 4776 3209 4828 de
3232 4774 3452 4828 civitate

1861 4881 1926 4946 in
1951 4895 2057 4950 qua
2085 4865 2499 4946 ordinatusfuit
2530 4872 2723 4952 transit
2751 4871 2820 4926 ad
2839 4871 3134 4928 civitatem,
3165 4864 3456 4918 Sardicen-

1867 4987 1961 5029 ses
1987 4954 2442 5038 Canonesdicunt
2463 4965 2604 5040 (con.
2627 4961 2718 5032 21)
2747 4978 2760 5028 :
2796 4983 2814 5013 ι
2858 4961 2922 5017 Ut
2955 4961 2998 5015 si
3023 4954 3217 5050 aliquis
3243 4954 3457 5050 episco-

1861 5077 1973 5134 .pus
2002 5062 2109 5116 vim
2133 5072 2422 5132 perpessus
2443 5066 2553 5120 est,
2579 5062 2632 5118 et
2673 5052 2853 5120 inique
2879 5048 3132 5120 expulsus
3155 5056 3259 5134 pro
3282 5041 3454 5134 disci-

1865 5127 2027 5222 plina,
2071 5127 2418 5222 etcatholica
2469 5141 2808 5214 confessione
2866 5139 2948 5193 vel
2992 5149 3089 5206 pro
3138 5127 3459 5222 defensione

1971 5241 2116 5272 ζιηιςο
2169 5219 2425 5272 oﬂ‘naiano
2455 5231 2695 5272 nhs-innisi
2753 5231 3008 5272 inlumpnﬂ
3038 5229 3094 5272 Hi.
3119 5221 3342 5272 dCV'OlllS
3387 5227 3454 5272 ad

1869 5241 2116 5272 -A—hnlha
2169 5235 2425 5272 amunia-1o
2455 5231 2695 5272 ηιηδίριιιςι
