4012 6318
558 383 672 444 219

1521 366 1853 426 HINCMARI
1880 338 2289 444 'aueususm
2321 353 2838 438 aucuisrtscom

3715 338 3841 395 ω

554 501 794 564 licium,-
824 497 910 555 vel
939 496 1073 555 duas
1100 508 1297 552 uxores
1326 491 1519 557 simul,
1543 490 1629 546 vel
1668 503 1890 544 uxorem
1921 495 1978 541 et
2006 499 2133 540 cou-
2161 483 2216 546 Λ
2240 478 2544 550 quentium,
2586 476 2726 532 hanc
2755 469 3159 538 observantiam
3189 465 3446 530 refutare,
3480 476 3642 564 quam
3668 458 3837 514 beati

557 593 812 649 caninam
845 589 1064 646 insimul
1100 587 1332 651 habere,
1369 584 1657 653 diligenter
1695 580 1860 636 verba
1890 578 2134 648 ejusdem

557 688 701 744 beati
747 683 991 756 Gregorii
1026 684 1079 737 in
1124 681 1348 753 epistola
1377 678 1446 734 ad
1475 679 1784 734 Bacandum
1823 676 2136 744 episcopum

555 785 749 832 «irent
790 776 1119 837 discernere,
1152 787 1256 841 qua
1293 770 1443 835 dicit,
1477 787 1580 824 non
1627 767 1694 822 de
1739 766 1955 835 longius
1999 763 2135 817 civi-

558 867 740 922 tatulis
771 882 816 918 .a
859 880 920 919 se
943 863 1174 918 invicem
1197 861 1508 932 disparatis,
1533 862 1626 914 sed
1649 859 1713 916 de
1736 853 2132 914 collimitaneis,

549 967 604 1011 ct
635 957 700 1012 de
733 966 840 1010 tam
869 954 1000 1010 cieri
1029 969 1192 1024 quam
1223 953 1398 1023 plebis
1426 949 1812 1006 imminutione
1833 945 2135 1010 destitutis,

550 1061 605 1105 et
651 1049 808 1104 rebus
857 1065 921 1104 ac
966 1045 1312 1104 facultatibus
1355 1044 1630 1100 desolatis.
1678 1061 1698 1094 ι
1741 1041 1810 1096 Et
1878 1037 2139 1108 temporis

551 1143 853 1198 necessitas
891 1156 1024 1207 nos,
1074 1139 1251 1210 inquit
1297 1138 1414 1205 (lib.
1457 1154 1497 1201 ι,
1539 1137 1691 1207 epist.
1736 1135 1814 1206 8),
1857 1139 2134 1203 perurget,

550 1242 605 1286 et
635 1233 945 1287 imminutio
976 1246 1331 1301 personarqu
1359 1229 1526 1300 exigit
1559 1235 1617 1282 ut
1647 1226 1924 1282 destitutis
1961 1223 2138 1279 eccle-

549 1321 647 1377 siis
681 1321 885 1378 salubri
933 1337 1000 1378 ac
1029 1321 1252 1390 provida
1291 1321 1583 1374 debeamus
1623 1317 1976 1386 dispositione
2006 1330 2132 1370 suc—

552 1427 793 1469 currere.
828 1412 896 1470 Et
922 1413 1042 1468 ideo
1082 1413 1336 1482 quoniam
1377 1409 1661 1466 ecclesiam
1699 1408 2128 1463 Miuturnensem

553 1501 793 1557 funditus
845 1511 955 1556 tam
1001 1501 1134 1557 cleri
1187 1517 1350 1573 quam
1399 1500 1573 1570 plebis
1623 1499 1935 1554 destitutam
1981 1496 2139 1551 deso-

551 1592 753 1649 latione
801 1596 1174 1666 cognovimus,
1231 1604 1486 1663 tuamque
1532 1608 1634 1663 pro
1675 1607 1738 1647 ea
1779 1591 2132 1661 petitionem,

551 1695 820 1756 quatenus
848 1685 1151 1741 Formianae
1185 1685 1464 1749 ecclesiae,
1507 1685 1560 1739 in
1604 1699 1710 1752 qua
1751 1698 1949 1752 corpus
1992 1680 2136 1735 beati

551 1775 764 1832 Erasini
797 1778 1056 1848 martyris
1090 1777 1399 1847 requiescit,
1437 1776 1635 1845 cuique
1677 1773 1997 1829 fraternitas
2045 1780 2134 1825 tua

2238 573 2383 629 Petri
2413 572 2591 626 sedem
2621 577 2675 623 et
2696 567 2851 636 sequi
2881 563 3058 618 videat
3087 572 3143 616 et
3174 559 3392 621 docere,
3419 553 3656 621 satisque
3683 564 3837 604 con-

2239 666 2462 721 veniens
2486 664 2576 727 sit,
2603 670 2662 716 ut
2688 668 2861 714 totum
2886 670 3083 728 corpus
3109 651 3366 712 Ecclesiae
3392 648 3445 702 in
3475 648 3575 700 hac
3601 643 3839 708 sibimet

2239 756 2615 814 observatione
2644 749 2960 812 concordet,
2986 761 3150 817 quam
3179 743 3286 798 illic
3315 742 3496 811 vigere
3524 734 3841 802 conspiciat

2240 849 2329 903 ubi
2371 847 2628 901 Dominus
2665 841 2923 898 Ecclesiae
2966 838 3132 898 totius
3161 833 3343 904 posuit
3368 830 3782 902 principatum.
3815 842 3834 874 ι

2240 942 2308 997 Et
2335 942 2466 996 item
2499 940 2638 994 idem
2676 955 2688 989 :
2726 955 2743 986 ι
2780 935 3002 995 Patres,
3044 929 3265 1002 inquit,
3308 921 3528 988 nostri,
3573 913 3840 973 catholici

2241 1034 2493 1092 videlicet
2521 1031 2774 1098 doctique
2804 1024 3111 1098 pontifices,
3147 1018 3410 1091 quidquid
3440 1030 3539 1086 pro
3571 1012 3693 1068 fide,
3734 1023 3841 1080 pro

2239 1126 2490 1189 veritate,
2534 1137 2632 1192 pro
2677 1117 3058 1176 communione
3102 1111 3367 1170 catholica
3409 1117 3569 1176 atque
3613 1109 3843 1170 aposto-

2242 1217 2384 1281 lica,
2446 1213 2740 1270 secundum
2795 1209 3196 1279 Scripturarum
3255 1199 3532 1258 tramitem
3581 1193 3841 1248 traditio-

2240 1322 2472 1378 nemque
2499 1303 2786 1373 majorum,
2818 1301 2959 1356 facta
3001 1296 3163 1360 semel
3192 1289 3609 1366 congregatione
3631 1298 3842 1339 sanxe-

2242 1411 2402 1466 runt,
2456 1397 2830 1454 inconvulsum
2875 1391 3163 1448 voluerunt
3201 1385 3458 1452 deinceps
3501 1379 3845 1442 firmumque

2241 1501 2512 1554 constare,
2555 1504 2653 1546 nec
2693 1490 2748 1543 in
2785 1488 2886 1542 liae
2923 1485 3114 1540 cadent
3141 1493 3303 1538 causa
3337 1477 3514 1530 denuo
3541 1489 3665 1543 quae
3694 1484 3845 1538 pra:-

2242 1584 2350 1640 fixa
2397 1581 2614 1636 fuerant
2668 1575 2952 1632 retractari
3003 1571 3246 1642 qualibet
3307 1564 3509 1622 recenti
3561 1575 3836 1633 prtesum-

2238 1676 2424 1747 ptione
2447 1672 2833 1743 permiserunt,
2861 1664 3260 1734 sapientissime
3285 1657 3654 1730 pervidentes,
3689 1666 3832 1720 quo—

2242 1745 2388 1822 niam
2413 1765 2462 1820 si
2501 1765 2718 1818 decreta
2752 1758 3038 1814 salubriter
3061 1754 3314 1822 cuiquam
3353 1749 3539 1803 liceret
3579 1745 3825 1804 iterare,

557 1870 830 1939 praesidet,
873 1868 1089 1941 adjungi
1113 1871 1329 1934 debeat,
1363 1870 1508 1940 piam
1537 1883 1658 1924 esse
1683 1883 1751 1922 ac
1775 1865 2135 1935 justissimam
2166 1849 2214 1909 Β
2243 1856 2450 1912 nullum
2503 1861 2690 1908 contra
2741 1849 2983 1920 singulos
3031 1853 3543 1941 quosque-prorsus
3602 1846 3830 1914 errores

559 1960 935 2031 prmvidentes,
965 1962 1332 2016 necessarium
1362 1962 1633 2025 duximus,
1660 1960 2001 2015 consulentes
2029 1967 2136 2012 tam

558 2050 875 2106 desolationi
930 2051 1105 2116 illius,
1154 2067 1317 2121 quant
1363 2061 1468 2106 tua:
1497 2051 1746 2107 ecclesiae
1795 2048 2136 2121 paupertati,

559 2139 766 2194 reditus
795 2140 1118 2210 supradictae
1145 2141 1390 2195 ecclesia:
1419 2141 1826 2204 Minturnensis,
1860 2139 1943 2194 vel
1978 2139 2137 2208 quid-

565 2231 694 2300 quid
746 2233 796 2286 ei
851 2233 1074 2301 antiquo
1123 2234 1488 2303 modernoque
1543 2233 1665 2302 jure
1720 2232 1805 2286 vel
1860 2231 2142 2302 privilegio

567 2323 743 2392 potuit
766 2325 1019 2392 petestve
1059 2323 1296 2392 qualibet
1324 2324 1534 2378 ratione
1567 2332 1894 2394 competere,
1936 2324 2004 2377 ad
2035 2333 2141 2379 tuae

562 2410 807 2466 ecclesiae
859 2411 949 2480 jus
1006 2421 1441 2483 potestatemque
1488 2415 1590 2468 hac
1646 2415 1904 2486 praecepti
1958 2416 2130 2470 nostri

563 2504 887 2559 auctoritate
932 2505 1337 2574 trausmigrare.
1365 2525 1383 2557 ›
1423 2506 1480 2560 In
1513 2506 1663 2577 cujus
1684 2507 1863 2562 verbis
1913 2508 2145 2577 quisque

563 2597 725 2652 debet
757 2601 1070 2664 attendere,
1105 2600 1230 2669 quia
1273 2600 1403 2655 dicit
1434 2600 1577 2669 quod
1610 2601 1870 2669 temporis
1904 2601 2143 2655 necessi-

559 2694 646 2743 tas
676 2695 959 2761 perurget,
996 2698 1050 2745 et
1096 2690 1404 2745 imminutio
1450 2689 1613 2761 exigit
1643 2705 1998 2759 personarum
2021 2732 2035 2756 ,
2084 2698 2143 2745 ut

559 2775 834 2833 destitutis
876 2779 1122 2834 ecclesiis
1163 2779 1359 2834 debeat
1391 2793 1744 2842 succurrere,
1792 2787 1846 2835 et
1886 2795 2133 2834 necessa-

570 2871 709 2928 rium
740 2870 890 2928 ducit
933 2883 1042 2928 tam
1079 2874 1396 2929 desolationi
1446 2874 1582 2940 loci,
1629 2890 1788 2943 quam
1827 2873 2138 2942 paupertati

560 2962 804 3018 ecclesite
838 2964 1143 3019 consulere.
1189 2962 1586 3019 Volunt'etiam
1625 2965 1875 3033 quidam,
1908 2980 1972 3019 ex
2008 2980 2142 3033 quo-

558 3054 809 3109 rttmdam
863 3055 1059 3110 nOVelli
1110 3055 1370 3124 temporis
1420 3055 1822 3119 adinveutioue,
1875 3071 2140 3124 usurpare

564 3147 1080 3216 praesumptionem,
1139 3156 1405 3218 quatenus
1457 3148 1616 3202 liceat
1669 3150 1748 3202 eis
1807 3149 1984 3204 sedes
2014 3163 2144 3203 suas

2241 1945 2440 2004 stabile
2485 1944 2806 2015 pet-sisteret
2847 1937 3100 1994 Ecclesiae
3127 1933 3502 1994 constitutum,
3531 1943 3596 1982 ac
3618 1939 3845 1995 semper

2241 2038 2412 2093 isdem
2461 2014 2738 2089 furoribus
2785 2028 3043 2085 redivivis
3093 2024 3270 2082 omnis
3325 2021 3534 2091 integra
3581 2014 3844 2071 diliinitio

2239 2128 2570 2183 turbaretur.
2609 2144 2627 2174 ι
2651 2119 3091 2192 EtSymmacltus
3120 2113 3440 2182 dicit(episl.
3478 2111 3525 2175 l,
3559 2107 3795 2176 Αἲοηὶο)
3825 2122 3838 2157 :

2247 2241 2266 2273 ι
2321 2220 2402 2276 Ad
2454 2220 2623 2288 ipsam
2674 2221 3078 2269 sacrosanctam
3129 2205 3454 2262 catholicam
3512 2200 3840 2270 religionem

2241 2317 2553 2388 pertinere,
2603 2312 2758 2380 cujus
2800 2309 2978 2366 omnis
3026 2313 3266 2376 potestas
3317 2299 3666 2370 infringitur,
3727 2293 3834 2348 nisi

2243 2387 2492 2463 universa
2520 2421 2640 2474 quae
2677 2418 2704 2456 a
2744 2400 2956 2456 Domini
2992 2393 3367 2453 sacerdotibus
3399 2389 3565 2446 semel
3609 2387 3836 2458 regula.

2245 2500 2379 2555 riter
2402 2503 2716 2552 statuuntur
2740 2501 2996 2562 perpetua
3023 2489 3151 2546 sint.
3182 2487 3334 2556 Quod
3361 2485 3494 2542 alias
3517 2481 3841 2551 contingere

2249 2590 2472 2661 poterit,
2491 2588 2538 2642 si
2567 2601 2849 2642 successor
2873 2581 3173 2639 decessoris
3203 2579 3416 2638 actibus
3443 2591 3552 2638 nou
3579 2571 3843 2634 tribuerit

2246 2679 2582 2742 ﬁrmitatem,
2611 2685 2665 2731 et
2698 2674 3002 2730 roborando
3035 2686 3160 2742 quae
3185 2678 3335 2740 gesta
3367 2676 3491 2726 sunt
3519 2664 3682 2720 faciat
3718 2672 3841 2716 rata

2243 2787 2365 2826 esse
2405 2786 2524 2840 quae
2568 2767 2815 2839 gesserit.
2859 2786 2877 2817 ι
2932 2764 2997 2819 Et
3029 2764 3154 2818 item
3190 2761 3332 2817 idem
3361 2759 3533 2829 (epist.
3571 2753 3792 2824 eadem)
3825 2767 3839 2806 :

2251 2884 2269 2916 ι
2307 2864 2519 2930 Quanta
2555 2843 2774 2916 vicariis
2822 2856 3120 2914 beatissimi
3165 2854 3314 2910 Petri
3359 2850 3588 2923 apostoli
3617 2847 3841 2920 judica-

2245 2955 2392 3010 bitur
2411 2969 2530 3008 esse
2581 2951 2915 3015 reverentia,
2955 2949 2999 3006 si
3027 2963 3147 3018 quae
3198 2947 3252 3000 in
3297 2941 3602 3000 sacerdotio
3641 2938 3842 3012 praeci-

2246 3046 2440 3115 piunt,
2496 3043 2697 3098 eisdem
2753 3038 3162 3098 transeuntibus
3218 3030 3625 3096 dissolvantur?
3685 3049 3707 3080 ι
3769 3028 3838 3100 Et

2250 3136 2376 3190 item
2427 3153 2438 3188 :
2495 3154 2512 3186 ι
2567 3132 2683 3188 Non
2733 3138 2912 3200 potest
2951 3144 3017 3183 ex
3057 3135 3210 3198 parte
3259 3126 3472 3192 firmum
3519 3136 3642 3186 esse
3685 3115 3838 3189 quod

563 3251 809 3308 mutare,
842 3257 949 3296 non
977 3237 1141 3296 causa
1180 3240 1452 3306 utilitatis,
1489 3241 1580 3296 sed
1615 3242 1942 3311 superducto
1985 3239 2139 3310 quasi
2171 3209 2216 3278 ϐ
2247 3242 2414 3297 8611οΓ
2419 3226 2620 3279 “malis
2641 3223 2808 3293 ῑ³η8ίι
2830 3219 3101 3290 ίυὶιιΐίίιυίν
3125 3226 3182 3272 ει
3217 3216 3359 3288 «μιοά
3381 3213 3536 3283 quasi
3564 3211 3631 3266 ad
3654 3219 3840 3266 ³⁵υ¹¹⁶

559 3329 866 3388 velamento
915 3332 1287 3398 necessitatis,
1341 3348 1534 3388 revera
1581 3333 1800 3402 quidem
1845 3331 2141 3387 ambitione

557 3421 908 3490 cupiditatis;
965 3424 1021 3476 in
1076 3437 1180 3492 qua
1243 3431 1741 3478 commemorantur
1798 3422 2019 3491 quidam
2076 3421 2141 3476 de

561 3511 868 3569 civitatibus
911 3515 976 3569 ad
1021 3516 1288 3580 civitates,
1331 3526 1386 3571 et
1423 3518 1588 3570 etiam
1635 3517 1702 3570 de
1744 3516 2043 3571 minoribus
2073 3515 2140 3570 ad

561 3604 799 3675 potiores
847 3605 1094 3660 translati
1142 3605 1305 3661 fuisse
1355 3607 1630 3677 episcopi,
1679 3615 1967 3675 antequam
2015 3606 2143 3662 hinc

559 3703 726 3749 certae
749 3693 1091 3751 difﬁnitiones
1115 3711 1394 3752 sacrorum
1417 3713 1684 3752 canomnn
1714 3697 1866 3752 fuere
1887 3699 2139 3766 praefixa,

561 3788 700 3854 quas
728 3786 1035 3856 transgredi
1077 3788 1441 3856 perniciosum
1467 3797 1571 3842 est.
1605 3787 1969 3853 Manifestum,
2003 3789 2142 3844 sicut

461 3931 466 3936 ,
563 3881 784 3932 Sanctus
823 3879 1042 3934 Hilarus
1083 3895 1217 3949 papa
1266 3883 1332 3936 ad
1374 3881 1654 3936 Leontium
1693 3892 1750 3936 et
1795 3884 1860 3935 ad
1909 3892 2139 3939 caeteros

563 3968 848 4038 episcopos
881 3970 1070 4024 scribit
1119 3972 1306 4026 dicens
1354 3972 1535 4039 (epist.
1587 3972 1692 4042 tt)
1737 3991 1750 4026 :
1789 3994 1808 4025 ς
1845 3974 1984 4040 Quia
2034 3989 2143 4028 non

563 4059 744 4113 minus
785 4061 838 4112 in
890 4069 1199 4114 sanctarum
1233 4063 1580 4116 traditionum
1629 4053 1961 4131 delinquitur
2014 4081 2141 4119 sian-

563 4149 795 4215 etiones,
823 4163 984 4219 quam
1014 4152 1066 4205 in
1087 4151 1337 4222 injuriam
1367 4155 1537 4222 ipsius
1551 4155 1759 4208 Domini
1788 4156 2086 4225 prosilltnr.
2119 4177 2138 4210 ι

567 4239 634 4295 Et
652 4250 870 4298 sanctus
888 4242 1210 4299 Caelestinus
1237 4245 1409 4315 (epist.
1443 4244 1530 4317 li)
1555 4262 1569 4298 ;
1593 4265 1608 4295 ι
1634 4243 1772 4298 Nulli
1803 4248 2141 4304 sacerdotum

569 4341 701 4387 suos
737 4333 897 4390 liceat
931 4347 1166 4392 canones
1191 4338 1460 4406 ignora-rp,
1497 4353 1596 4393 nec
1623 4337 1915 4408 quidquam
1941 4341 2142 4407 facere,

559 4424 718 4513 quod
749 4435 965 4496 patrum
1011 4429 1178 4499 possit
1226 4431 1427 4501 regulis
1471 4431 1709 4486 obviare.
1754 4432 1886 4499 Qnre
1922 4434 2066 4488 enim
2109 4450 2140 4489 a

561 4519 724 4574 nobis
773 4521 1070 4593 resiligna
1095 4523 1434 4588 servabitur,
1480 4524 1906 4580 si-decrctalium
1953 4541 2141 4582 norma

563 4611 980 4667 coiistitutorum
1020 4625 1120 4683 pro
1155 4615 1459 4685 aliquorum
1499 4613 1650 4669 libitn
1684 4615 1899 4670 licentia
1931 4618 2140 4687 populis

561 4705 1229 4779 peririissaifrangatnrh
1265 4711 1329 4764 Et
1371 4717 1602 4765 sanctus
1630 4710 1740 4765 Leo
1786 4711 1976 4783 (epist.
2016 4713 2136 4783 il:

555 4807 598 4847 ἰ
629 4795 748 4853 Ὴοο
795 4799 1092 4853 admonitio
1124 4807 1308 4855 nostra
1361 4803 1682 4868 denuntiat,
1729 4806 1870 4873 quod
1925 4805 1970 4858 si
2019 4806 2141 4876 quis

553 4886 798 4942 ‘fratrum
827 4893 1013 4945 contra
1045 4891 1158 4945 haec
1187 4893 1483 4947 constituta
1512 4894 1694 4949 venire
1729 4896 2039 4960 tentaverit,
2088 4905 2143 4952 et

559 4979 836 5048 prohibita
881 4979 1044 5034 fuerit
1067 4993 1235 5037 ausus
1280 4984 1600 5048 admittere,
1643 5000 1673 5040 a
1714 5002 1816 5042 suo
1846 5001 1903 5042 se
1933 4987 2144 5042 noverit

555 5068 754 5125 eﬂicio
766 5070 1214 5136 submovendum,
1241 5087 1339 5127 nec
1361 5076 1757 5130 communionis
1784 5085 1981 5131 nostra:
2011 5076 2149 5132 futu-

551 5155 706 5215 irinn
731 5177 851 5218 esse
895 5173 1231 5229 consortem,
1271 5167 1361 5234 qui
1400 5167 1577 5221 socius
1618 5183 1739 5223 esse
1787 5169 1955 5222 noluit
1981 5169 2148 5224 disci-

549 5253 749 5323 plima.
797 5273 820 5307 υ
873 5253 940 5310 Et
978 5263 1200 5310 sanctus
1249 5256 1498 5311 Gelasius
1543 5257 1713 5328 (epist.
1746 5258 1779 5312 6
1825 5259 1893 5311 ad
1938 5260 2147 5312 univer-

550 5357 658 5400 ’ωε
708 5349 907 5419 episc.)
941 5366 976 5402 -:
1033 5357 1076 5400 ὰ·
1106 5348 1350 5418 Cumque
1395 5349 1550 5404 nobis
1598 5358 1784 5404 contra
1833 5349 2149 5405 salutarium

551 5439 939 5492 "reverentiam
979 5439 1286 5510 regularum
1315 5439 1592 5508 cupiamus
1629 5449 1831 5494 temere
1859 5441 1932 5494 nil
1965 5441 2147 5506 licere,

553 5532 632 5578 ’τοι
667 5539 802 5580 cum
823 5531 977 5585 sedes
1000 5531 1292 5600 apostolica
1321 5544 1486 5600 super
1515 5531 1601 5584 his
1624 5531 1899 5593 omnibus,
1940 5530 2152 5586 favente

543 5615 808 5672 “Domino
830 5659 842 5683 ,
868 5635 989 5689 quae
1017 5624 1258 5692 palemis
1297 5622 1595 5677 canonihus
1626 5632 1751 5676 sunt
1777 5623 1995 5691 praefixa
2018 5663 2031 5688 ,
2065 5625 2153 5693 pio

588 5709 889 5777 devotaque
911 5713 1126 5767 studeat
1152 5722 1333 5767 tenere
1365 5714 1662 5783 proposito,
1713 5710 1849 5768 satis
1879 5715 2152 5784 indignum

542 5805 666 5858 "est
697 5802 1048 5874 quemqinm,
1081 5801 1163 5857 vel
1188 5802 1538 5874 pontificum,
1572 5805 1656 5861 vel
1695 5806 1944 5863 ordinum
1975 5808 2158 5864 subse-

2170 4565 2221 4628 Β

2245 3324 2480 3380 ctionem
2500 3362 2512 3384 ,
2537 3320 2708 3390 magis
2723 3326 2902 3373 autem
2930 3316 2994 3370 ad
3022 3312 3446 3372 destructionem
3475 3306 3719 3377 positum
3752 3311 3836 3358 est

2243 3415 2300 3470 in
2352 3413 2731 3468 adinventione
2788 3408 3085 3479 praemissa.
3137 3425 3155 3458 ι
3216 3402 3366 3460 Unde
3417 3399 3590 3455 sancti
3640 3395 3838 3450 Patres

2244 3507 2450 3564 Nicaeui
2475 3507 2652 3575 capite
2673 3503 2914 3560 secundo
2942 3503 3128 3557 dicunt
3157 3501 3296 3571 (can.
3326 3498 3412 3567 ll)
3457 3515 3470 3549 :
3513 3515 3530 3548 ‹
3564 3494 3836 3563 Quoniam

2249 3600 2404 3672 plura
2421 3609 2624 3668 autper
2639 3597 3041 3660 necessitatem,
3053 3603 3148 3648 aut
3165 3591 3637 3662 aliascogentibus
3665 3588 3840 3642 homi-

2245 3693 2404 3748 nibus
2435 3678 2690 3747 adversus
2714 3689 3141 3745 ecclesiasticam
3173 3685 3316 3740 facta
3347 3677 3474 3738 Sifnt
3497 3682 3778 3753 regulam;
3814 3700 3832 3731 ι

2246 3793 2304 3839 et
2342 3792 2561 3838 sanctus
2601 3782 2708 3836 Leo
2753 3795 2890 3849 papa
2939 3778 3113 3847 capite
3165 3774 3585 3847 quadragesimo
3629 3779 3832 3841 quarto

2251 3874 2608 3930 Decretalium
2638 3887 2858 3928 suorum
2881 3871 3028 3934 dicit,
3049 3868 3410 3925 omittendum
3436 3881 3555 3922 csso
3573 3874 3639 3928 ct
3663 3862 3837 3919 incul-

2246 3966 2426 4037 pabile
2466 3964 2840 4034 iudicandum,
2879 3960 3023 4029 quod
3063 3959 3364 4018 necessitas
3411 3956 3608 4022 intulit.
3657 3954 3833 4022 Quam

2248 4058 2488 4112 alienum
2523 4070 2554 4108 a
2589 4054 2799 4110 ratione
2835 4061 2890 4107 et
2933 4051 3257 4116 auctoritate
3283 4047 3634 4116 astructionis
3676 4046 3838 4113 hujus

2247 4150 2568 4221 perniciosae
2586 4146 2958 4216 perinissiouis
2985 4146 3076 4210 sit,
3099 4145 3193 4214 qui
3213 4142 3406 4198 eadem
3433 4139 3670 4210 capitula
3703 4138 3838 4208 legit

2249 4251 2496 4313 patenter
2516 4239 2782 4310 agnoscit,
2812 4238 2952 4307 quia
2973 4237 3114 4292 illius
3141 4235 3358 4292 secundi
3384 4233 3603 4304 capituli
3629 4229 3836 4287 Nimeni

2220 4333 2464 4390 concilii
2513 4347 2841 4402 processus,
2901 4330 3042 4400 quod
3095 4343 3328 4398 perpere
3379 4334 3556 4382 actum
3607 4333 3837 4380 eatenus

2249 4426 2445 4488 fuerat,
2475 4440 2541 4480 ne
2577 4424 2830 4493 deinceps
2873 4423 3102 4492 quisque
3132 4427 3444 4492 praesumat,
3471 4433 3593 4474 cum
3639 4431 3834 4488 magna

2251 4518 2689 4575 interminatione
2718 4515 3023 4586 prohibuit,
3063 4523 3120 4568 et
3140 4512 3440 4590 capitulum
3472 4508 3830 4586 quadragesi-

2249 4625 2396 4666 mum
2427 4609 2647 4666 tertium
2679 4607 2877 4664 Leonis
2895 4605 2965 4662 ab
2993 4606 3096 4661 hac
3119 4606 3328 4668 ratione
3353 4603 3562 4674 penitus
3589 4612 3677 4656 est
3705 4601 3836 4658 alie—

2250 4719 2400 4766 num,
2433 4702 2575 4758 sicut
2602 4700 2943 4769 trigesimum,
2966 4705 3216 4754 octavum
3242 4695 3538 4766 capitulum
3561 4693 3616 4746 in
3650 4693 3834 4748 decre-

2253 4795 2321 4850 tis
2345 4794 2457 4849 suis
2477 4791 2542 4845 ad
2565 4791 2910 4846 Anastasium
2933 4785 3832 4854 Thessalonicensemvepiscopum,

2248 4884 2346 4938 sed
2373 4883 2425 4936 id
2454 4883 2628 4950 ipsum
2657 4880 2947 4949 capitulum
2969 4879 3248 4935 evidenter
3265 4876 3520 4932 ostendit.
3551 4873 3660 4944 sed
3685 4885 3745 4929 et
3772 4875 3836 4936 de

2253 4975 2337 5030 bis
2365 4985 2498 5043 qua?
2527 4989 2623 5042 per
2663 4973 3038 5028 necessitatem
3069 4971 3226 5036 fiunt,
3258 4971 3544 5040 potiusque
3583 4967 3836 5038 usorpari

2252 5063 2525 5128 videntur,
2575 5072 2800 5120 sanctus
2843 5062 3185 5120 Innocentius
3227 5062 3280 5116 in
3327 5061 3560 5116 decretis
3602 5059 3719 5114 suis
3771 5057 3837 5114 ad

2255 5154 2450 5209 Rufum
2517 5163 2572 5209 et
2629 5153 2922 5214 Eusebium
2972 5169 3037 5208 ac
3093 5162 3320 5208 caeteros
3373 5151 3656 5220 episcopos
3709 5151 3839 5206 dicit

2255 5247 2428 5317 (epist.
2451 5246 2542 5317 27)
2573 5264 2586 5298 :
2617 5263 2633 5295 ι
2663 5244 2951 5300 Pervideat
2973 5258 3103 5313 ergo
3125 5242 3346 5300 dilectio
3368 5252 3550 5308 yestra
3573 5242 3838 5298 hactenus

2256 5339 2380 5394 talia
2432 5339 2725 5403 transisse,
2760 5346 2818 5391 et
2857 5337 3123 5393 advertite
3164 5337 3307 5405 quod
3348 5336 3535 5404 utique
3561 5343 3630 5389 ut
3661 5334 3840 5411 dicitis

2259 5430 2554 5486 necessitas
2591 5429 2906 5498 imperavit,
2941 5429 2994 5484 in
3023 5442 3157 5498 pace
3178 5428 3294 5499 jam
3331 5427 3591 5484 ecclesias
3634 5426 3835 5484 consti-

2257 5531 2402 5577 tutas
2459 5537 2562 5576 non
2611 5535 2768 5590 posse
2822 5535 3168 5590 praesumere.
3232 5538 3250 5570 ι
3307 5519 3376 5573 Ει
3432 5517 3589 5588 paulo
3647 5525 3837 5586 post:

2227 5657 2230 5660 .
2267 5631 2286 5665 ς
2326 5613 2511 5668 Priora
2553 5627 2682 5682 ergo
2725 5611 3042 5666 dimittenda
3092 5609 3216 5666 dico
3263 5611 3358 5664 Dei
3398 5609 3635 5679 judicio,
3677 5615 3734 5660 et
3776 5605 3842 5662 de

2265 5707 2472 5775 reliquo
2499 5704 2732 5758 maxima
2753 5702 3115 5757 sollicitudine
3135 5701 3566 5772 priecaveudum.
3599 5719 3618 5750 ι
3650 5697 3842 5766 Videre

2261 5802 2428 5874 ίεὶιυτ
2455 5808 2508 5854 ei
2539 5797 2735 5854 melius
2759 5805 2815 5854 ei
2840 5796 3086 5868 COrporis
3109 5795 3265 5853 oculo
3291 5795 3384 5867 qui
3409 5794 3523 5852 hac
3550 5792 3842 5860 adiuvem-
