3950 5396
137 179 260 234 221

140 305 290 350 runt
328 291 622 351 debuerant
669 296 819 354 Pauli
869 301 1189 355 sententiam
1233 316 1336 370 qua
1379 300 1507 355 dicit

138 385 297 439 enim
344 403 523 440 sumus
558 389 690 440 sicut
735 387 946 459 plurimi
995 389 1346 449 adulterantes
1395 391 1599 443 ret-bum
1652 389 1746 444 Dei

143 465 260 543 (II‘
287 471 407 526 Cor.
437 490 501 538 ιι,
541 473 650 546 l7).
677 495 694 527 ι
740 463 984 541 Adulter,
1018 479 1190 548 inquit
1236 479 1422 533 beatus
1453 476 1745 549 Gregorius

142 559 392 634 (Horat.
431 581 518 619 xvt
543 608 556 632 ,
598 584 716 636 cap.
748 565 876 638 25),
905 567 954 622 in
988 571 1187 623 carnali
1217 571 1359 624 cuitu
1394 587 1497 624 non
1540 571 1744 639 prolem

143 656 252 710 sed
278 645 610 726 voluptatein
640 660 850 727 qumrit,
887 661 1250 728 et-pcrversus
1280 663 1480 730 quique
1509 676 1570 714 ac
1595 677 1745 714 value

142 746 342 817 gloriae
362 748 603 803 serviens
629 762 772 804 recte
805 751 1106 806 adulterare
1141 754 1488 807 rerbum'Dei
1519 755 1738 819 dicitur,

145 837 283 906 quia
321 854 418 907 per
452 856 665 895 sacrum
707 841 976 912 eloquium
1020 859 1122 897 non
1167 842 1275 897 Deo
1315 843 1450 898 filios
1489 844 1741 914 gignere,

145 930 251 984 sed
281 944 430 984 suam
461 933 745 986 scientiam
779 933 1047 987 desiderat
1075 934 1572 1001 ostentare.'Quem
1597 936 1742 988 enim

148 1019 322 1075 libido
349 1021 533 1094 gloria:
577 1023 642 1078 ad
685 1024 1010 1094 loquendum
1040 1021 1245 1090 trahit,
1284 1028 1542 1096 voluptati
1574 1027 1744 1097 magis

150 1111 316 1184 quam
364 1117 725 1185 procreationi
765 1133 982 1186 operam
1030 1119 1307 1188 impendit.
1357 1140 1373 1171 ι
1423 1118 1513 1173 Sic
1558 1128 1612 1172 et
1651 1120 1742 1188 qni

147 1225 253 1278 pro
282 1212 475 1280 opibus
524 1221 576 1266 et
619 1211 935 1267 facultatum
980 1215 1147 1283 copiis
1193 1231 1254 1269 ac
1310 1215 1466 1268 rebus
1511 1215 1744 1268 terrenis

153 1299 453 1356 Ecclesium
495 1287 644 1356 suam
695 1285 898 1367 ululat;
936 1303 1146 1357 adulter
1186 1305 1379 1357 merito
1407 1314 1645 1368 vocatur,
1689 1313 1746 1358 et

151 1389 298 1443 inter
335 1392 610 1446 adulteros
641 1390 1002 1462 deputabitur.
1037 1392 1166 1446 Nam
1191 1392 1485 1456 civitatem,
1539 1394 1590 1445 in
1637 1409 1742 1461 qua

151 1481 349 1538 Comes
390 1483 694 1548 inhabitat,
739 1494 792 1539 et
823 1485 1003 1540 clerici
1037 1501 1100 1540 ac
1135 1485 1256 1540 laici
1287 1486 1516 1549 nobiles,
1562 1487 1656 1540 sed
1687 1496 1742 1541 et

153 1575 425 1646 ignobiles
457 1585 617 1645 atque
661 1575 847 1631 rustici
894 1576 1248 1640 laboratores,
1284 1585 1338 1630 et
1365 1578 1527 1631 etiam
1571 1574 1739 1630 ιιι(ιωί

153 1677 210 1721 ut
261 1667 432 1721 fertur
478 1667 821 1733 inhabitant,
871 1677 923 1722 et
973 1670 1024 1722 in
1075 1670 1328 1737 parocbia
1376 1670 1474 1723 sub
1524 1667 1742 1722 nomine

150 1757 465 1814 Christiano
503 1759 721 1830 degunt,
754 1759 1062 1830 episcopum
1088 1775 1248 1814 causa
1279 1759 1610 1829 cupiditatis,
1648 1765 1743 1811 aut

152 1849 347 1904 ardore
367 1849 680 1904 ambitionis
701 1849 974 1913 deserere,
1001 1857 1055 1903 et
1079 1850 1304 1905 alteram
1332 1852 1514 1903 sedem
1545 1863 1739 1904 vacan-

153 1949 259 1994 tem
293 1937 585 2000 invadere.
615 1949 668 1994 et
697 1956 818 1994 cum
851 1939 940 1994 illa
986 1941 1038 1994 in
1073 1956 1176 2009 qua
1210 1941 1493 1995 ordinatus
1524 1940 1622 1993 fuit
1644 1980 1656 2003 ,
1687 1947 1742 1994 ct

154 2033 203 2085 in
249 2048 360 2101 qua
405 2033 524 2087 sine
562 2033 798 2104 periculo
841 2033 1033 2087 mortis
1064 2033 1258 2103 degere
1303 2032 1476 2097 valet,
1523 2044 1735 2095 tenere,

155 2138 252 2176 non
291 2123 470 2178 solum
506 2134 657 2194 turpe
683 2123 776 2178 sed
807 2134 860 2177 et
889 2123 1253 2192 periculosum
1289 2135 1450 2192 atque
1474 2122 1744 2192 pernicio-

152 2228 266 2266 sum
313 2223 431 2276 est,
466 2230 586 2268 cum
631 2214 772 2268 sacri
806 2229 1041 2269 canones
1077 2215 1236 2268 etiam
1268 2215 1333 2269 de
1358 2224 1582 2268 vacante
1618 2213 1733 2283 epi-

153 2317 322 2371 scopo
354 2301 408 2355 in
443 2301 735 2357 Ecclesiam
773 2310 1047 2356 vacantem
1095 2304 1406 2373 prosiliente
1447 2303 1742 2358 decernant

153 2390 297 2462 (conc
313 2433 326 2444 .
347 2391 586 2444 Antioch.
610 2405 728 2445 can.
757 2391 865 2462 M),
890 2411 909 2443 ‹
937 2393 1058 2446 utsi
1083 2394 1204 2462 quis
1225 2392 1509 2462 cpiscopus
1531 2406 1736 2448 vacans

155 2483 200 2536 in
219 2477 538 2537 'ecclesiam‘
557 2491 836 2538 vacantem
870 2485 1132 2554 prosiliat,
1168 2487 1461 2554 sedemque
1481 2487 1743 2554 pervadat

150 2577 365 2645 absque
415 2576 624 2644 integro
653 2577 1002 2646 perfectoque
1044 2577 1304 2642 concilio,
1338 2578 1426 2633 hic
1457 2579 1744 2647 abjiciatur

153 2681 382 2721 necesse
411 2676 515 2731 est,
547 2669 644 2721 etsi
675 2679 901 2722 cunctus
927 2669 1154 2738 populus
1182 2683 1340 2739 quem
1365 2670 1590 2738 diripuit
1615 2683 1740 2723 eum

154 2754 361 2810 habere
412 2755 692 2824 delegerit.
742 2755 1048 2811 Perfectum
1095 2773 1224 2813 vero
1275 2759 1564 2813 concilium
1612 2758 1742 2812 illud

154 2854 263 2920 est,
309 2846 410 2900 ubi
453 2844 761 2900 interfuerit
800 2848 1248 2916 metropolitanns
1287 2847 1529 2904 antistes.
1571 2869 1587 2900 ι
1631 2849 1742 2904 Sed

156 2947 206 2993 et
223 2923 288 2994 ile
313 2954 388 2994 eo
411 2940 503 3008 qui
527 2933 970 2995 irrationabiliter
992 2948 1045 2995 et
1070 2942 1440 3012 irregulariter
1461 2943 1740 2998 civitatem
1783 3011 1790 3016 μ

1521 219 1526 224 -
1598 171 1976 244 EPISTOLAZ.
2013 177 2018 182 '

1555 318 1566 353 ε
1622 299 1740 353 Νοη

1843 305 2025 358 cilium
2053 305 2180 359 dicit
2209 307 2348 376 (eun.
2381 307 2496 380 li):
2522 328 2538 359 ι
2570 307 2638 364 Ut
2660 309 2874 364 etiamsi
2904 309 3027 365 talis
3047 309 3241 380 aliquis
3261 313 3434 369 casti.-

3321 196 3430 252 222

1853 397 1971 450 terit
2005 399 2339 462 temerarius,
2372 410 2428 453 ut
2457 397 2701 456 fortassis
2741 403 3143 458 excusationem
3187 401 3420 460 alleuans

1848 495 2120 540 asseveret
2163 487 2304 554 quod
2342 488 2517 557 populi
2546 490 2750 543 litteras
2779 492 3068 560 acceperit,
3093 508 3214 548 cum
3248 493 3424 550 mania

1846 577 2040 632 festum
2071 580 2141 631 sit
2167 581 2408 647 potuisse
2454 596 2651 649 paucos
2700 583 2922 650 praemio
2950 592 3003 636 et
3031 585 3280 640 mercede
3304 600 3427 640 ωτι·

1846 673 2044 739 rumpi,
2074 687 2166 725 eos
2189 673 2281 740 qui
2314 674 2583 727 sinceram
2618 675 2774 730 fidem
2827 694 2931 730 non
2960 678 3180 743 habent,
3215 689 3274 734 ut
3320 679 3430 738 cia-

1848 773 2059 818 marent
2084 765 2136 818 in
2161 765 2427 829 Ecclesia,
2459 775 2513 819 et
2545 768 2716 838 ipsum
2745 777 2928 838 petere
2955 771 3270 825 viderentur
3309 773 3423 842 opi-

1846 871 2082 924 scopum,
2119 856 2338 912 omnino
2370 858 2469 911 has
2515 858 2728 913 fraudes
2755 860 3092 914 damnandus
3127 878 3244 916 esse
3269 862 3436 916 iarbio-

1849 956 1979 1010 tror,
2009 949 2084 1000 ita
2117 957 2172 1001 ut
2204 963 2302 1002 nee
2350 947 2544 1003 laicam
2594 949 2644 1002 in
2684 949 2790 1002 line
2831 951 3265 1006 communionem
3303 949 3448 1007 talis.

1846 1039 2092 1106 accipiat.
2140 1059 2156 1090 ι
2216 1039 2352 1106 Quia
2397 1055 2525 1093 vero
2559 1042 2765 1093 duabus
2816 1042 3430 1112 metmpulitanissotlio

1846 1133 1946 1186 bus
1977 1149 2116 1185 unus
2159 1132 2608 1200 metropolitanns
2636 1133 2919 1201 episcopus
2953 1134 3277 1204 regulariter
3296 1149 3430 1203 prte-

1846 1222 2022 1275 sitlere
2053 1237 2154 1274 non
2184 1222 2403 1289 poterit,
2437 1231 2655 1276 sanctus
2701 1221 3010 1276 Bonifacius
3039 1239 3172 1292 papa
3199 1224 3430 1278 aucturi-

1848 1322 1955 1366 tatc
1987 1311 2183 1366 Nicami
2208 1313 2421 1367 concilii
2452 1313 3018 1368 manifestatscribens
3038 1317 3104 1369 ad
3134 1315 3424 1380 Hilarium,

1847 1402 2249 1458 Narbonensem
2268 1406 2576 1475 episcopum
2605 1407 2773 1474 (epist.
2798 1406 2884 1474 8):
2908 1426 2927 1457 ι
2956 1407 3116 1471 Nulli,
3151 1407 3422 1476 inquiens,

1844 1491 2058 1546 videtur
2093 1494 2361 1561 incognita
2417 1494 2604 1564 synodi
2655 1495 2968 1548 constitutio
3019 1494 3265 1558 Nicaznm,
3301 1510 3426 1562 qua:

1848 1583 1918 1637 ita
1950 1583 2193 1652 praecipit
2219 1593 2276 1637 ut
2303 1584 2490 1638 eadem
2522 1585 2740 1654 proprie
2791 1585 2950 1640 verba
3001 1599 3294 1654 ponamus;
3324 1600 3424 1653 per

1846 1689 2278 1744 unamquamque
2312 1675 2644 1743 provinciam
2686 1675 2776 1744 jus
2828 1674 3268 1743 metropolitanos
3307 1665 3426 1726 sine

1845 1764 1995 1834 gnlos
2037 1765 2236 1818 habere
2282 1765 2502 1830 debere,
2539 1781 2639 1819 nec
2678 1766 2930 1833 cuiquam
2965 1765 3098 1819 duas
3126 1780 3243 1820 esse
3270 1777 3430 1833 posse

1847 1857 2141 1925 subjectos,
2175 1857 2317 1924 quod
2350 1856 2442 1918 illi,
2478 1857 2605 1925 quia
2656 1857 2816 1910 aliter
2849 1855 3174 1910 credendum
3197 1871 3299 1910 non
3321 1862 3425 1920 est,

1845 1945 2166 2001 servandum
2208 1956 2398 2001 sancto
2433 1946 2637 2016 Spiritu
2685 1955 3015 2017 suggerente
3040 1947 3255 2019 sibimet
3293 1959 3427 2000 cen-

1844 2047 2089 2091 suerunt.
2113 2057 2132 2089 ι
2151 2038 2215 2089 Et
2239 2047 2358 2106 post
2384 2037 2695 2106 aliquanta:
2730 2058 2747 2089 ι
2783 2038 2934 2104 Quod
2964 2037 3426 2102 idcircodicimus,

1845 2136 1904 2179 ut
1943 2127 2192 2180 advertat
2222 2127 2459 2180 Charitas
2497 2138 2610 2192 tua,
2671 2129 2806 2182 adeo
2852 2143 2950 2182 nos
2989 2142 3255 2182 canonum
3284 2141 3427 2195 pra:-

1843 2227 1996 2288 ocpto
2058 2233 2298 2282 servare,
2358 2227 2414 2272 ut
2475 2219 2548 2272 ita
2601 2219 2917 2272 constitutio
2975 2233 3187 2287 quoque
3240 2227 3424 2273 nostra

1844 2310 2086 2374 dilllniat,
2114 2320 2380 2380 quatenus
2403 2310 2798 2378 metropolitani
2832 2309 2910 2364 sui
2941 2323 3280 2378 unaquaque
3297 2325 3426 2378 pro-

1842 2400 2017 2455 vincia
2056 2402 2107 2454 in
2139 2400 2392 2455 omnibus
2455 2401 2612 2454 rebus
2656 2399 3052 2453 ordinationem
3078 2413 3293 2467 semper
3327 2414 3426 2453 cxc-

1843 2499 2066 2559 spectet.
2098 2510 2113 2537 ι
2147 2489 2376 2558 Cogunt,
2415 2488 2585 2558 inquit
2637 2488 2982 2557 Augustinus,
3032 2487 3218 2542 multis
3269 2488 3423 2541 invo—

1845 2582 1960 2633 nire
2007 2581 2304 2634 medicinas
2350 2579 2640 2632 multorum
2671 2579 3040 2646 experimenta
3087 2577 3420 2632 morborum‘t

1843 2673 1910 2727 Et
1947 2674 2094 2743 quin,
2119 2681 2176 2726 ut
2221 2672 2402 2727 Daniel
2435 2671 2562 2726 dicit
2593 2689 2604 2723 :
2641 2668 3042 2724 Pcrtransibtmt
3099 2669 3332 2738 plurimi,
3367 2677 3423 2723 et

1846 2763 2118 2833 multiplex
2147 2765 2242 2816 erit
2283 2763 2502 2815 scientia
2525 2761 2686 2830 (Dan.
2741 2761 2825 2823 l2,
2863 2759 2940 2829 4),
2973 2774 3072 2829 pro
3114 2768 3422 2827 temporum

1844 2854 2176 2916 diversitate,
2212 2861 2268 2906 et
2295 2853 2604 2907 morborum
2637 2851 2918 2914 varietate,
2951 2858 3114 2919 atque
3145 2849 3426 2906 hominum

1844 2947 2098 3007 sanitate,
2119 2946 2362 3012 qumdam
2398 2943 2786 3008 conceduntur,
2811 2943 2948 2996 sicut
2974 2939 3086 2995 Noe
3108 2949 3162 2995 et
3190 2939 3424 2996 ﬁliorum

155 3049 304 3088 suam
357 3032 415 3086 in
459 3045 566 3102 qua
613 3033 892 3086 ordinatus
941 3031 1042 3086 fuit
1079 3033 1315 3096 deserit,
1363 3042 1416 3088 et
1465 3034 1530 3086 ad
1583 3035 1740 3089 aliam
1771 3019 1816 3080 (ἶ
1845 3037 1931 3107 jus
1988 3038 2188 3091 usibus.
2227 3036 2483 3090 alimenta
2527 3049 2665 3088 nova
2730 3033 3086 3103 permissione
3131 3043 3418 3096 concessa,

157 3126 378 3190 transit,
420 3122 746 3178 Sardieense
775 3125 1062 3180 concilium
1093 3125 1224 3180 dicit
1253 3125 1395 3196 (can.
1434 3126 1487 3196 1)
1525 3146 1536 3180 :
1576 3146 1594 3178 ι
1629 3126 1743 3184 Non

157 3221 336 3276 minus
357 3221 502 3275 mala
528 3220 878 3285 consuetudo,
908 3235 1066 3290 quam
1105 3221 1408 3289 perniciosa
1434 3219 1744 3289 corruptela

156 3309 754 3366 fundittts’eradicantla
796 3319 910 3376 est,
954 3327 1022 3365 ne
1067 3314 1152 3366 cui
1189 3312 1349 3367 liceat
1381 3312 1636 3381 episcopo
1679 3311 1744 3366 de

155 3399 382 3455 civitate
421 3416 515 3455 sua
555 3401 817 3454 adaliam
862 3402 1095 3456 transire
1129 3403 1426 3456 civitatem.
1461 3400 1743 3454 Manifesta

154 3501 233 3544 est
255 3492 416 3545 enim
441 3469 602 3544 causa
625 3499 733 3558 'qua
765 3492 866 3544 hoc
897 3491 1076 3545 facere
1104 3500 1294 3553 tentat,
1318 3505 1440 3544 cum
1481 3490 1660 3543 nullus
1689 3490 1744 3544 iu

155 3580 259 3638 hac
290 3593 354 3634 re
383 3582 634 3635 im‘entus
660 3582 1062 3650 sit'episcopus,
1092 3583 1181 3649 qui
1206 3583 1269 3634 de
1299 3579 1506 3646 majore
1527 3581 1746 3634 civitate

157 3671 218 3724 ad
253 3672 536 3724 'minorex‘n
589 3670 890 3724 transiret:
933 3671 1077 3723 unde
1120 3678 1342 3738 apparet
1381 3669 1623 3721 avaritiae
1662 3681 1745 3722 ar-

160 3753 288 3816 tiore
318 3765 415 3815 eos
447 3760 821 3827 inﬂammari,
879 3771 934 3816 et
983 3761 1263 3815 ambitioni
1312 3763 1547 3824 servire,
1592 3771 1647 3815 et
1685 3769 1746 3816 ut

157 3848 582 3906 dominationem
631 3851 900 3920 περικωνεῖ·
917 3851 1174 3905 omnibus
1203 3851 1402 3919 placet,
1435 3848 1742 3918 huiusmodi

161 3945 431 4013 pernicies
469 3944 677 3998 saevitis
723 3953 778 3998 et
810 3944 1092 3998 austerius
1147 3944 1480 4010 vindicetur,
1525 3953 1583 3998 ut
1642 3959 1742 4001 nec

161 4035 355 4094 laica'm
389 4037 820 4094 communionem
849 4038 1048 4092 habeat
1073 4037 1164 4106 qui
1194 4036 1318 4092 talis
1345 4046 1450 4092 est.
1487 4055 1507 4089 ι
1544 4037 1600 4090 In
1637 4037 1740 4094 hoc

167 4127 396 4199 capitulo
418 4133 586 4202 major
600 4141 654 4186 et
679 4132 856 4185 minor
873 4131 1098 4195 “civitas,
1132 4147 1239 4185 non
1259 4131 1434 4185 solum
1461 4131 1736 4201 pensanda

163 4231 246 4276 'est
271 4221 511 4287 nemine,
538 4223 633 4278 sed
655 4232 706 4278 et
732 4224 1096 4293 possessione,
1132 4226 1272 4280 sicut
1291 4234 1343 4279 et
1373 4226 1603 4280 avaritia
1633 4239 1737 4280 non

170 4312 336 4368 solum
364 4316 602 4385 pecunia:
632 4321 713 4371 est
737 4327 799 4372 ac
829 4315 1206 4386 possessionis,
1235 4319 1330 4372 sel
1357 4319 1520 4372 etiam
1554 4317 1736 4372 altittt-
1764 4363 1790 4386 Α]

172 4398 322 4459 diuis.
373 4404 431 4460 ln
479 4406 699 4462 nomine
746 4405 1165 4476 Metropolitano
1215 4409 1443 4463 avaritia
1502 4408 1732 4476 dicitur,

171 4503 294 4551 cum'
316 4513 476 4570 supra
515 4501 728 4555 modum
768 4500 1072 4555 sublimitas
1116 4501 1352 4554 ambitur
1386 4501 1484 4554 :‘ln
1521 4515 1734 4570 posses-

169 4583 333 4652 sione,
368 4589 617 4646 videlicet
646 4591 911 4646 in‘rerum
944 4605 1006 4644 ac
1039 4592 1354 4644 facultatum
1383 4592 1732 4660 eopiosltate,

175 4683 249 4731 est
283 4681 530 4747 avaritia,
572 4693 734 4754 quam
782 4681 1070 4750 Apostolus
1109 4683 1374 4736 idolorum
1419 4683 1734 4738 servitutem

159 4769 411 4846 Lappell'at.
441 4771 506 4827 Et
526 4783 747 4829 sanctus
772 4771 880 4827 Leo
899 4787 1036 4842 papa
1065 4773 1173 4826 hoc
1187 4781 1419 4841 sequutus
1437 4773 1733 4842 capitulum

169 4856 407 4932 discrerit-
427 4864 624 4934 '(epist;
651 4863 719 4919 88
745 4862 1026 4916 Anastasio
1058 4861 1348 4931 Theseum,
1387 4880 1406 4913 ι
1455 4874 1513 4916 ut
1544 4864 1591 4917 si
1619 4864 1740 4932 quis

175 4943 446 5023 cpiscopus
473 4955 711 5010 civitatis
732 4967 852 5008 sua:
877 4951 1253 5008 mediocritate
1286 4953 1532 5020 despecta
1567 4952 1742 5010 admi-

171 5035 537 5101 nistrationem
578 5045 677 5102 loci
718 5043 1032 5100 celebrioris
1059 5043 1329 5106 ambierit,
1369 5054 1422 5098 et
1461 5045 1526 5098 ad
1572 5046 1740 5115 majo-

188 5135 283 5185 rem
305 5149 358 5189 se
378 5138 580 5205 plebem
603 5149 924 5208 quacunque
948 5137 1158 5191 ratione
1181 5136 1477 5196 transierit,
1498 5152 1534 5189 .a
1559 5139 1740 5192 cathe-

187 5220 269 5276 dra
289 5229 493 5295 quidem
515 5231 748 5301 pellatur
769 5227 965 5294 aliena,
987 5229 1081 5283 sed
1102 5235 1158 5282 et
1185 5228 1394 5282 carebit
1413 5235 1466 5280 et
1491 5229 1733 5297 propria,

192 5319 352 5371 utnec
373 5318 476 5393 illis
487 5320 801 5389 praesideat,
826 5327 962 5388 quos
977 5333 1078 5389 per
1097 5319 1381 5372 avaritiam
1406 5319 1738 5386 concupivit,

1829 3129 2060 3191 deinde,
2121 3144 2219 3196 per
2251 3127 2492 3198 Moyscm
2541 3123 2736 3194 potinlo
2781 3123 3087 3179 Judaeorum
3133 3121 3422 3192 prohibita,

1849 3233 2147 3288 rursusque
2178 3219 2329 3274 nobis
2372 3226 2498 3272 sunt
2550 3219 2619 3270 ita
2651 3231 2933 3280 concessa,
2964 3223 3021 3270 ut
3052 3229 3171 3284 quae
3219 3211 3421 3270 Induit

1847 3311 2068 3366 fuerunt
2097 3309 2263 3364 vetita
2307 3309 2360 3362 in
2409 3307 2715 3376 pecoribus,
2755 3307 2910 3362 nobis
2940 3303 3427 3376 prohibeantur-iit

1847 3401 2118 3463 mribus,
2163 3400 2304 3454 sicut
2341 3399 2598 3452 Dominus
2627 3399 2677 3451 in
2729 3397 3022 3467 Evangelio
3049 3397 3178 3452 dicit
3202 3414 3226 3450 ιν
3254 3395 3427 3452 Audi-

1846 3492 1940 3544 stis
1960 3490 2084 3557 quia
2117 3489 2313 3541 dictum
2351 3497 2424 3542 est
2461 3487 2690 3555 (tntiqm's
2718 3504 2734 3540 :
2767 3503 2859 3555 ego
2907 3497 3082 3539 autem
3123 3487 3240 3539 dico
3283 3485 3426 3541 vobis

1847 3580 2064 3651 (Matth.
2088 3595 2142 3644 v,
2171 3580 2283 3646 ἐι).
2315 3579 2652 3646 Quapropter
2671 3578 2815 3645 quod
2859 3577 3065 3630 licitum
3094 3575 3216 3640 fuit,
3244 3591 3428 3632 neces-

1846 3673 2008 3730 sitate
2036 3672 2118 3726 vel
2169 3671 2422 3735 utilitate,
2453 3671 2519 3724 de
2565 3669 3031 3738 transmigrandis‘
3065 3667 3334 3737 episcopis
3351 3665 3426 3722 ab

1845 3765 2090 3821 ecclesiis
2119 3764 2184 3818 ad
2206 3764 2462 3839 ecclesias
2487 3773 2611 3818 ante
2655 3777 2932 3820 sacrarum
2959 3760 3268 3830 regularum
3289 3771 3428 3838 prae:-

1845 3857 2116 3922 lixionem,
2145 3863 2333 3925 postea
2391 3855 2656 3910 intactum
2685 3853 2806 3919 fuit,
2829 3863 2932 3917 est,
2960 3861 3015 3907 et
3052 3851 3158 3906 erit
3180 3850 3426 3906 illicitum

1842 3955 2029 4004 contra
2055 3948 2271 4003 easdem
2301 3961 2489 4002 sacras
2535 3946 2750 4016 regulas
2781 3959 3070 4014 usurpare,
3096 3953 3157 3998 ut
3205 3951 3426 3999 sanctus

1841 4038 2133 4107 GregOrius
2187 4036 2582 4100 Nazianzenus,
2611 4037 2694 4090 vir
2721 4036 3091 4102 doetissimus,
3119 4032 3428 4089 catholicis-

1841 4131 2009 4186 simus
2035 4138 2204 4198 atque
2233 4128 2734 4199 eloquentissimus,
2763 4137 2819 4184 et
2845 4129 2969 4182 vita:
3000 4127 3197 4182 merito
3231 4140 3296 4180 ac
3333 4139 3424 4179 sa»

1840 4223 2054 4292 pientite
2069 4222 2314 4276 doctrina
2329 4221 2798 4290 venerandus,qoi
2831 4221 2970 4289 apud
3000 4219 3220 4278 Graecos
3248 4217 3427 4290 Theo;-

1841 4316 1992 4384 logus
2045 4314 2475 4384 cognominatur,
2531 4313 2822 4368 multorum
2886 4314 3105 4366 decreto
3139 4310 3424 4380 episcopo.-

1841 4423 1982 4470 rum,
2013 4407 2154 4460 ut-in
2179 4405 2430 4460 historiis
2447 4404 2828 4460 ecclesiasticis
2859 4403 3085 4473 legimus
3118 4402 3233 4464 :de
3259 4414 3425 4470 parra

1841 4500 2059 4555 civitate
2080 4497 2351 4554 Nazianzo
2371 4496 2889 4564 Constantinopolim
2909 4511 3071 4554 causa
3099 4495 3226 4558 ﬁdei
3249 4502 3426 4548 transf

1839 4594 2000 4656 tatus,
2023 4606 2184 4661 quam
2209 4604 2304 4660 per
2327 4603 2500 4644 annos
2528 4589 2812 4644 duodecim
2842 4587 3204 4658 insignissime
3228 4584 3428 4655 guber-

1839 4685 2009 4746 ua-vit,
2030 4693 2084 4738 et
2106 4682 2174 4738 ab
2202 4680 2392 4738 ελπτεεὶ
2421 4682 2624 4738 Ariana
2659 4679 3043 4749 gloriosissimo
3081 4676 3346 4741 liberavit,
3371 4681 3430 4730 ot

1840 4776 2036 4844 dogma
2069 4773 2266 4829 Νεαθηί
2297 4773 2680 4844 ωηοίιὶἰιςιιθεὶ
2701 4771 2815 4841 jam
2847 4781 3120 4826 mortuum
3149 4769 3206 4824 in
3233 4766 3426 4836 eadem

1848 4867 1993 4936 regia
2031 4866 2250 4921 civitate
2291 4864 2406 4919 suis
2432 4865 2860 4936 expositionibus
2887 4874 2890 4876 '
2914 4854 3280 4923 resuscitarit,
3333 4871 3432 4928 agn-

1847 4973 2074 5012 noscens
2102 4957 2382 5026 episcopos
2419 4971 2758 5014 murmurare
2785 4970 2850 5010 eo
2877 4952 3021 5021 quod
3061 4959 3207 5006 esset
3227 4957 3284 5002 ct
3321 4949 3430 5005 alia

1833 5048 2066 5102 civitate
2106 5055 2584 5102 contra-canones
2615 5043 2911 5100 translatus
2941 5041 3006 5094 ad
3039 5038 3220 5100 aliam,
3257 5039 3433 5100 vitam

1826 5135 1956 5191 .imo
1971 5131 2516 5190 .auierrefmternum
2537 5136 2724 5196 volens
2740 5127 3080 5191 scandalum,
3099 5142 3166 5180 ne
3189 5127 3430 5194 schisnta

1851 5227 1906 5281 in
1953 5227 2246 5283 Ecclesiam
2279 5224 2622 5290 introducere
2651 5222 2945 5278 videretur,
2987 5225 3256 5274 mouente;
3287 5216 3432 5286 Apo-

1814 5317 1986 5373 --stolo
2018 5335 2030 5371 :
2065 5317 2132 5372 In
2161 5315 2399 5386 omnibus
2422 5318 2758 5374 exhibeamus
2789 5306 3131 5371 nosmetipsos
3156 5307 3286 5362 sicut
3333 5308 3428 5366 Dei
