3950 5396
114 229 225 293 εεθ

1447 225 1910 290 “·Μ15ῗοίιὶ<Ε.
1995 241 2024 272 -ι
2071 271 2074 274 -
2121 247 2158 266 ιτ

115 343 347 419 borav'it,
379 367 500 422 quae
528 351 828 407 necessaria
843 351 946 408 sibi
961 352 1140 408 etsuis
1159 351 1400 414 fuerunt,
1423 363 1488 404 ne
1510 364 1696 420 quem-
1724 349 1771 410 Α
1802 347 2014 418 (Ephes.
2039 362 2094 408 ν,
2129 344 2237 416 H).
2273 363 2291 396 ι
2319 342 2462 400 ilinc
2492 350 2714 400 sanctus
2766 345 3100 414 Augustinus
3126 361 3152 401 -:
3173 365 3208 399 ι
3237 347 3382 406 ΒΜ»

115 447 250 502 libet
299 453 573 515 gravaret,
605 454 658 500 et
688 445 925 498 inveniet
976 460 1036 499 se
1090 457 1118 498 s
1160 443 1503 498 successione
1559 441 1700 494 illius

117 545 413 600 extorrem,
446 536 601 604 cujus
628 537 779 605 sequi
807 538 1073 591 detractat
1124 534 1453 604 exemplum,
1481 540 1536 586 et
1580 531 1700 585 illo-

119 643 236 682 rum
291 628 590 697 constringi
633 629 855 696 judicio,
899 628 987 696 qui
1035 628 1144 696 jam
1183 627 1234 679 in
1259 624 1409 679 caelis
1439 637 1559 677 cum
1592 621 1703 675 Deo

115 726 362 790 regnant,
391 727 444 772 et
472 729 663 773 sancto
691 718 897 787 Spiritu
959 717 1205 786 inspirati
1256 730 1441 769 saeros
1469 728 1703 768 canones

116 823 211 878 per
240 808 494 862 eumdem
532 817 778 861 sanctum
808 806 1067 875 Spiritum
1114 805 1472 875 protulerunt,
1503 803 1703 872 quibus

108 901 449 963 decernitur,
481 909 543 953 ut
567 899 873 968 huiusmodi
904 913 1002 953 nec
1031 899 1081 951 in
1111 912 1177 951 eo
1202 898 1508 966 episeOpos,
1527 903 1587 948 ut
1615 907 1704 947 su-

117 1005 214 1062 pra
241 990 586 1061 scripsimus,
618 989 1015 1053 habeatur,nee
1041 976 1477 1043 communionem
1508 986 1704 1041 laicam

117 1093 412 1146 mereatur,
443 1083 582 1136 sicut
603 1081 881 1135 evidenter
908 1087 1128 1133 sanctus
1153 1077 1262 1132 Leo
1287 1077 1594 1148 apostolicte
1621 1091 1706 1131 se-

123 1173 206 1230 dis
230 1173 470 1243 [mutiles
499 1174 552 1227 in
580 1173 810 1228 decretis
835 1172 946 1226 suis
972 1171 1166 1225 iterato
1185 1170 1426 1224 decernit
1454 1169 1626 1238 (epist.
1651 1168 1702 1233 i,

127 1266 181 1318 in
201 1265 329 1333 ﬁne)
365 1283 380 1318 :
413 1282 432 1314 ι
462 1262 597 1327 Hoc,
629 1263 899 1330 inquiens,
930 1261 1228 1314 admonitio
1279 1271 1466 1314 nostra
1499 1260 1704 1313 denun-

126 1355 248 1419 t'iat,
279 1355 425 1424 quod
445 1351 492 1408 si
520 1354 642 1422 quis
674 1351 901 1405 fratrum
925 1358 1116 1404 contra
1146 1351 1260 1403 haec
1284 1349 1576 1403 constituta
1608 1363 1703 1401 ve-

125 1445 269 1498 nerit
296 1441 383 1498 vel
405 1443 593 1497 venire
623 1441 934 1504 teutaverit,
963 1449 1019 1495 et
1045 1439 1313 1510 prohibita
1350 1438 1512 1492 fuerit
1539 1451 1704 1491 ausus

121 1533 435 1595 admittere,
477 1547 510 1586 a
540 1547 640 1586 suo
667 1546 726 1586 se
769 1531 981 1585 noverit
1026 1529 1200 1584 otiicio
1253 1528 1702 1592 submovendum,

113 1635 218 1677 nec
245 1621 648 1678 communionis
699 1628 902 1674 nostra;
929 1617 1170 1674 futurum
1207 1634 1329 1673 esse
1373 1628 1701 1682 consortem,

1803 441 1903 494 bus
1931 439 2105 493 modis
2134 454 2238 492 non
2267 446 2318 493 te
2344 437 2582 493 maculat
2629 437 2824 503 nialus,
2853 439 2906 492 si
2932 454 3036 492 non
3061 441 3379 498 consentias

1801 537 1856 584 et
1895 528 1940 581 si
1995 527 2288 596 redarguas
2319 547 2331 580 :
2361 530 2464 582 hoc
2511 535 2596 582 est
2651 543 2762 581 non
2811 530 3384 594 communicare..nont

1803 618 2129 673 consentire.
2163 637 2186 668 ι
2223 617 2664 672 Commnuicatur
2713 618 2936 688 quippe,
2980 620 3198 688 quando
3229 620 3384 689 facta

1803 707 1922 776 eius
1941 709 2274 764 consortium
2302 708 2592 764 voluntatis
2647 709 2730 763 vel
2759 708 3164 779 approbatiouis
3190 711 3386 780 adium

1804 801 1967 872 gitur.
2005 800 2116 854 Hoc
2142 816 2274 870 ergo
2293 815 2391 854 nos
2415 800 2711 855 admonens
2737 800 3030 869 Apostolus
3052 801 3131 856 ait
3159 819 3172 856 :
3207 801 3386 860 Nolito

1805 893 2190 945 communicare
2241 891 2482 960 operibus
2538 891 2882 958 infructuosi:
2924 893 3294 960 tenebrarum;
3331 903 3388 952 et

1805 985 1930 1052 quia
1966 998 2156 1052 parum
2199 991 2318 1036 erat
2349 997 2454 1037 non
2484 983 2822 1046 consentire,
2845 984 2891 1038 si
2947 993 3266 1053 sequeretur
3291 1001 3387 1041 ne»

1804 1073 2056 1144 giigentia
2108 1071 2427 1140 disciplime,
2459 1069 2628 1141 Magis
2671 1082 2868 1136 autem,
2897 1072 3168 1142 inquit,,et
3197 1075 3388 1129 ναίω-ά-

1803 1164 1964 1232 gnite.
1993 1162 2132 1238 Quid
2161 1171 2244 1216 est
2277 1161 2441 1216 nolite
2459 1162 2864 1238 communicare
2890 1163 2912 1217 ?
2951 1163 3130 1218 Nolite
3155 1179 3387 1220 consen-

1805 1253 1930 1316 tire,
1966 1252 2133 1306 nolite
2168 1251 2408 1315 laudare,
2438 1237 2604 1305 nolite
2630 1257 2949 1322 approbare.
2983 1254 3123 1320 Quid
3170 1263 3255 1309 est
3283 1270 3386 1309 att-

1806 1351 1912 1398 tem
1940 1344 2110 1412 inagis
2141 1351 2195 1396 et
2249 1342 2605 1412 redarguite?
2655 1343 3054 1412 reprehendite,
3107 1345 3388 1416 corripite,

1804 1444 2068 1490 coercete.
2103 1434 2236 1490 Nam
2262 1443 2317 1489 et
2345 1444 2590 1490 sanctum
2619 1435 2933 1490 Africanum
2973 1436 3264 1494 concilium
3294 1453 3389 1494 eos

1803 1529 1894 1598 qui
1919 1529 2193 1599 negligunt
2223 1529 2337 1584 loca
2365 1530 2432 1583 ad
2451 1544 2604 1584 suam
2631 1531 2946 1586 cathedram
2972 1533 3296 1601 pertinentia
3330 1535 3388 1590 in

1804 1619 2128 1674 catholicam
2160 1621 2422 1675 imitatum
2481 1620 2700 1686 lucrari,
2749 1623 3025 1678 conveniri
3053 1639 3085 1678 a
3115 1625 3390 1695 diligenti-

111 1717 203 1785 qui
234 1717 422 1771 socius
464 1729 586 1770 esse
634 1715 806 1770 noluit
832 1713 1148 1783 disciplinas.
1179 1711 1258 1766 Ne
1277 1711 1412 1781 quid
1447 1724 1578 1764 vero
1603 1709 1694 1772 sit.
1729 1705 1773 1763 Β
1799 1711 1901 1764 bus
1925 1709 2121 1764 vicinis
2147 1711 2436 1779 episcopis,
2471 1718 2530 1765 ut
2558 1711 2612 1765 id
2633 1727 2800 1780 agere
2849 1729 2956 1768 non
2986 1723 3286 1778 morentur,
3319 1715 3390 1771 si-

114 1809 270 1877 quod
306 1807 733 1876 przetermissum
760 1822 790 1860 a
821 1807 979 1861 nobis
1015 1804 1154 1858 forte
1205 1803 1481 1866 credatur,
1513 1799 1696 1856 omnia

111 1898 408 1952 decretalis
433 1899 750 1964 constituta,
782 1907 894 1952 tam
924 1898 1095 1952 beatae
1123 1895 1517 1950 recordationis
1540 1893 1700 1948 luno-

111 1987 298 2053 oeutii,
328 2003 494 2058 qttum
522 1989 761 2042 omnium
820 1989 1163 2043 decessorum
1218 1994 1545 2050 nostrorum,
1576 1999 1700 2054 qum

112 2075 589 2138 de-ecoieslasticis
619 2079 901 2134 ordinibus
948 2087 1001 2133 et
1053 2093 1326 2133 canonum.
1362 2076 1700 2146 promulgata

111 2183 242 2225 sum
271 2171 598 2240 disciplinis,
629 2172 700 2226 ita
731 2187 762 2225 a
795 2180 978 2225 vestra
1005 2171 1295 2225 dilectione
1319 2169 1578 2224 custodiri
1602 2169 1698 2222 de-

111 2263 245 2318 bere
288 2263 632 2326 mandamus,
663 2273 722 2318 ut
771 2263 818 2320 si
847 2263 970 2334 quis
993 2264 1048 2317 in
1077 2262 1165 2317 illa
1193 2261 1550 2325 commiserit,
1603 2275 1719 2316 vet

120 2353 264 2408 niam
297 2355 405 2409 sibi
431 2354 684 2424 deinceps
708 2355 919 2409 noverit
942 2354 1214 2424 denegari.
1253 2372 1274 2405 ι

186 2443 320 2500 XV.
351 2447 462 2500 Cur
505 2447 644 2501 enim
692 2461 797 2500 non
821 2455 1004 2516 posset
1030 2445 1312 2517 religiosus
1339 2445 1500 2500 homo
1511 2453 1566 2500 et
1587 2443 1701 2515 epi-

104 2539 318 2608 scopus
341 2552 406 2593 ac
427 2537 732 2602 continens,
764 2539 885 2593 siue
909 2523 1080 2592 uxore
1104 2546 1162 2591 et
1190 2536 1340 2601 ﬁliis,
1373 2537 1448 2590 ita
1481 2537 1536 2590 in
1562 2536 1698 2591 civi-

117 2636 226 2682 tate
251 2642 354 2683 sua
387 2628 586 2694 vivere,
631 2628 776 2683 sicut
828 2627 1107 2683 saecularis
1141 2628 1302 2682 homo
1327 2641 1535 2691 comes,
1569 2641 1699 2682 uno.

111 2729 226 2774 rem
259 2719 476 2774 habens
528 2728 582 2774 et
609 2720 834 2784 liberos,
860 2719 1029 2774 etiam
1090 2719 1233 2774 inter
1259 2732 1502 2790 paganos
1527 2718 1697 2773 vivit:

108 2811 425 2881 passerum
451 2825 574 2865 cum
599 2809 732 2864 alias
769 2809 1136 2880 possessiones
1165 2818 1220 2863 et
1263 2808 1509 2864 abbatias
1533 2807 1718 2882 largi-.

111 2902 262 2956 tione
289 2901 475 2955 domui
505 2902 648 2972 regis
683 2901 898 2965 habeat,
921 2901 1065 2956 unde
1092 2909 1338 2970 sumptus
1365 2899 1563 2954 habere
1608 2913 1700 2953 va-

112 2992 204 3055 let,
229 2992 532 3062 gibusad
564 2993 674 3047 Deo
695 2991 1056 3054 serviendum,
1080 2999 1134 3044 et
1157 2990 1514 3044 ministerium
1541 3003 1698 3043 suum

1799 1811 2027 1870 guantcr
2059 1817 2181 1856 cum
2235 1800 2550 1858 diﬂiuitioue
2579 1804 2881 1858 certissima
2929 1807 3196 1876 praecipit,
3225 1807 3390 1863 sicuti

1800 1911 1898 1951 suo
1927 1896 2043 1950 loco
2099 1897 2329 1968 diligens
2382 1899 2553 1952 lector
2600 1899 2858 1954 inveniet.
2913 1900 2982 1954 Et
3024 1907 3244 1955 constat
3267 1913 3392 1956 esse

1800 1987 2188 2052 certissimum,
2239 1988 2365 2056 quia
2409 1989 2512 2042 iste
2555 1989 2832 2042 civitatem
2862 2003 3050 2055 suam,
3087 1990 3276 2060 inqua
3301 2005 3390 2045 re-o

1801 2088 2020 2134 manent
2049 2080 2232 2148 plures
2279 2081 2369 2149 qui
2425 2081 2716 2150 episcopali
2773 2081 3077 2138 ministerio
3117 2082 3392 2151 iudigenty

1799 2187 1900 2242 pro
1925 2174 2032 2226 alia
2081 2173 2344 2243 quietiore
2397 2189 2468 2229 ac
2506 2173 2854 2244 locupletiore
2883 2175 3191 2239 mutaverit,
3231 2182 3285 2229 et
3313 2175 3393 2230 al-

1802 2272 1976 2318 terum
2005 2262 2121 2317 loco
2149 2277 2247 2316 suo
2292 2263 2535 2317 ordinari
2578 2264 2906 2332 permiserit,
2933 2263 3084 2332 quia,
3118 2272 3180 2318 ut
3222 2278 3392 2334 supra

1800 2355 2136 2410 ostendimus
2160 2393 2175 2420 ,
2208 2355 2416 2410 duabus
2441 2356 2873 2424 metropolitanis
2898 2355 3212 2412 civitatibus
3244 2371 3386 2426 prae-

1802 2448 1978 2504 sidere
2001 2462 2108 2502 non
2139 2456 2339 2517 potest,
2388 2462 2492 2502 non
2540 2462 2637 2518 pro
2687 2447 2992 2502 animarum
3053 2447 3244 2513 lucro,
3296 2447 3393 2503 sed

1799 2556 1904 2612 pro
1947 2542 2231 2611 temporali
2280 2551 2572 2612 augmento
2617 2558 2738 2597 cum
2791 2543 3019 2612 spiritali
3078 2557 3178 2600 suo
3223 2544 3394 2599 detri-

1801 2643 1984 2690 mento
2013 2635 2116 2689 hoc
2156 2643 2284 2705 agat
2306 2675 2319 2699 ,
2349 2636 2498 2704 quia,
2537 2644 2594 2688 ut
2622 2635 2736 2689 Leo
2761 2635 2895 2689 dicit
2916 2672 2930 2699 ,
2961 2647 3088 2689 nou-
3117 2635 3395 2704 potabitur

1803 2725 1974 2778 honor
2003 2724 2090 2779 ille
2119 2724 2389 2795 legitimus
2411 2765 2424 2789 ,
2476 2725 2565 2794 qui
2618 2725 2784 2779 fuerit
2809 2732 2998 2780 contra
3029 2724 3226 2780 divinae
3257 2725 3394 2795 legis

1800 2823 2065 2884 puecept-a
2087 2814 2601 2869 collatus.Fautores
2617 2823 2796 2869 autem
2821 2829 2886 2870 ac
2909 2813 3252 2870 ordinatores
3279 2817 3392 2870 hu-

1797 2904 2028 2974 iusmodi
2058 2906 2230 2958 sancti
2245 2919 2394 2974 papa:
2411 2905 2671 2974 Simplicii
2689 2904 2933 2975 percellit
2952 2905 3238 2960 decretalis
3258 2919 3384 2960 sen-

1805 2995 1973 3050 tentia
2003 3008 2109 3064 qua
2141 2995 2317 3058 dicit,
2370 2994 2746 3063 Privilegium,
2804 2994 3053 3063 inquiens
3078 3033 3094 3058 ,
3153 3003 3395 3052 meretur-

111 3084 525 3154 essequendum
546 3084 600 3138 in
629 3083 782 3153 plebe
806 3082 912 3137 sibi
938 3082 1229 3137 commissa
1277 3081 1526 3136 sufﬁcere
1571 3095 1697 3150 pose
1730 3065 1775 3140 (ἓ
1805 3087 2054 3139 amittere
2083 3085 2172 3153 qui
2203 3085 2466 3154 permissa
2523 3084 2624 3140 sibi
2675 3085 2917 3140 abutitur
2943 3094 3232 3155 potestate.
3264 3086 3396 3144 Haec

118 3176 249 3232 sat?
285 3194 306 3228 ι
356 3175 466 3230 Sed
483 3184 634 3239 sunt,
662 3175 836 3244 inquit
866 3174 1156 3244 Gregorius
1182 3174 1342 3243 (hom.
1373 3173 1437 3226 ill
1464 3173 1518 3226 in
1553 3172 1694 3244 Eia),

109 3268 364 3324 nonnulli
395 3268 494 3337 qui
523 3268 650 3323 dum
677 3268 799 3337 plus
840 3277 1114 3322 terrenam
1140 3266 1496 3322 substantiam
1534 3281 1700 3333 quam

109 3376 246 3416 oves
279 3359 546 3431 diligunt,
592 3362 786 3416 merito
810 3376 1004 3416 nomen
1059 3361 1294 3429 pastoris
1339 3360 1590 3430 perdunt.
1624 3358 1703 3413 De

109 3453 314 3522 quibus
371 3452 618 3521 protinus
667 3451 953 3506 subditur:
997 3450 1358 3505 Hercsnarius
1411 3461 1612 3514 autem,
1650 3457 1700 3503 et

108 3543 329 3612 quiznon
348 3549 428 3596 est
452 3550 654 3609 pastor,
667 3542 1101 3610 .cujus-nonsunt
1128 3557 1246 3595 oves
1284 3541 1526 3609 proprias,
1563 3539 1700 3593 videt

109 3633 302 3704 lupum
339 3633 672 3696 cenantem,
715 3643 762 3686 st
808 3632 1021 3686 dimittit
1047 3648 1159 3686 oves
1187 3640 1236 3685 et
1273 3631 1404 3700 fugit
1429 3629 1608 3700 (Joan.
1641 3646 1700 3693 ι,

112 3724 224 3796 η).
259 3723 389 3778 Non
441 3730 631 3791 pastor
675 3723 766 3778 sed
818 3724 1444 3782 mercenarius‘vocatur,
1476 3722 1566 3790 qui
1594 3735 1702 3776 non

110 3831 210 3886 pro
237 3829 441 3872 amore
473 3813 661 3868 intimo
684 3829 808 3870 oves
832 3816 1161 3879 Dominicas,
1216 3815 1308 3870 sed
1340 3815 1408 3870 ad
1435 3824 1705 3883 temperas

111 3905 194 3962 les
217 3903 520 3963 mercedes
548 3905 736 3971 pascit.
767 3904 1132 3962 Mercenarius
1157 3907 1374 3975 quippe,
1398 3906 1486 3975 qui
1524 3906 1701 3960 locum

114 3996 338 4065 quidem
370 3993 613 4064 pastoris
639 4002 800 4062 tenet,
813 3996 911 4054 sed
935 3995 1082 4050 lucra
1111 3997 1416 4052 animarum
1439 4012 1543 4051 non
1557 4010 1704 4064 qure-

113 4089 476 4155 rit,-terrenis
521 4090 819 4144 commodis
865 4091 1053 4154 inhiat,
1105 4091 1309 4145 honore
1375 4089 1704 4158 prazlationis

111 4183 338 4252 gaudet,
361 4179 751 4248 temporalibus
773 4180 937 4245 lucris
960 4182 1217 4251 pascitur,
1245 4182 1480 4250 impensa
1510 4181 1609 4236 sibi
1636 4180 1703 4235 ab

116 4274 433 4330 hominibus
456 4273 755 4327 reverentia
784 4273 1017 4328 laetatur.
1039 4273 1161 4330 Istae
1185 4280 1310 4328 sunt
1336 4273 1534 4326 etenim
1561 4287 1704 4328 mere

110 4367 276 4422 cedes
301 4363 744 4428 mercenarii,.ut
759 4380 864 4434 pro
891 4380 958 4420 eo
995 4366 1112 4434 ipso
1145 4365 1298 4433 quod
1334 4365 1385 4419 in
1444 4363 1706 4432 regimine

112 4458 348 4520 laborat,
381 4457 473 4514 hic
502 4458 646 4525 quod
691 4459 887 4527 quaerit
930 4459 1188 4521 inveniat,
1211 4467 1269 4511 et
1299 4458 1365 4513 ab
1392 4457 1709 4512 haereditate

107 4547 294 4617 gregis
345 4547 401 4600 in
470 4554 744 4615 posterum
775 4547 986 4602 alienus
1038 4547 1256 4603 existat.
1291 4566 1310 4600 ι
1370 4547 1708 4616 (Mdu-908‘

109 4638 404 4709 aliqum):
439 4637 509 4692 Et
537 4669 540 4672 -
565 4638 888 4708 lupus-rapit
930 4648 984 4693 et
1025 4639 1281 4708 dispergit
1319 4652 1470 4694 oves.
1529 4637 1708 4706 Lupus

48 4757 50 4762 ι
111 4731 346 4792 renitet
398 4730 770 4786 mercenarius
816 4729 972 4800 fugit,
1022 4730 1147 4798 quia
1179 4729 1707 4801 malignusspiritus

114 4819 616 4876 mentes-ﬁdelium.
654 4821 710 4876 in
741 4822 1040 4876 tentatione
1070 4820 1324 4888 dilaniat,
1347 4831 1402 4878 et
1429 4820 1476 4876 is
1500 4821 1592 4889 qui
1629 4819 1705 4875 loc

116 4929 239 4976 eum
266 4914 708 4986 pastoris-tenet,
732 4931 919 4974 curam
952 4914 1334 4971 sollicitudinis
1369 4929 1486 4972 non.
1503 4914 1705 4970 habet:

111 5005 320 5061 animas
344 5011 602 5073 pereunt,
620 5015 685 5062 et
713 5005 830 5074 ipse
857 5005 924 5062 de
955 5004 1183 5060 terrenis
1227 5005 1526 5060 commodis
1556 5005 1708 5062 laeta-

113 5101 292 5149 tur...)
329 5090 498 5148 Unde
521 5093 648 5162 quia
679 5094 828 5152 sicut
852 5092 1040 5150 beatus
1089 5091 1220 5147 dicit
1247 5090 1494 5148 Gclasius
1518 5091 1708 5162 (epist.

115 5182 212 5250 10,
233 5183 308 5248 ad
331 5182 704 5256 Anatasiam)
739 5202 751 5235 :
783 5202 805 5236 ι
827 5182 944 5237 Duo
969 5190 1095 5238 sunt
1121 5183 1318 5252 quibus
1339 5183 1712 5253 principaliter

111 5277 360 5333 mundus
393 5276 736 5350 hicregitur,
763 5277 1060 5330 auctoritas
1111 5291 1268 5332 sacra
1293 5276 1607 5346 pontiﬁcum.
1655 5280 1714 5332 et

115 5370 322 5396 MM'::I
355 5377 598 5396 “Aio-anin—
645 5368 981 5396 -A~-.t\nAIIM
1014 5376 1091 5396 ΑηΙ
1123 5369 1386 5396 ΑἏΞΑΛΛΙἹέη
1424 5384 1485 5396 nn
1515 5368 1713 5396 ...ιζ’-Αἰ-

1802 3185 2063 3246 quantum
2120 3190 2218 3246 pro
2272 3184 2514 3245 tempore
2559 3183 2616 3230 et
2662 3177 3018 3246 occupatione
3085 3177 3279 3242 licuit,
3337 3185 3398 3235 et

1803 3265 2062 3320 Dominus
2102 3265 2168 3317 ad
2203 3275 2432 3319 mentem
2475 3265 2606 3318 mihi
2657 3266 2846 3321 venire
2883 3267 3186 3332 concessit,
3217 3267 3281 3322 de
3311 3248 3397 3324 his

1803 3372 1923 3427 quae
1950 3357 2385 3426 interrogaveras
2407 3395 2423 3421 ,
2461 3356 2653 3411 Frater
2684 3357 3029 3423 cborissime,
3059 3359 3156 3414 tibi
3173 3371 3397 3429 respon-

1804 3447 1932 3503 dere
1974 3447 2180 3502 curavi.
2218 3446 2348 3514 Quae
2393 3448 2438 3502 si
2493 3447 2746 3517 cuiquam
2799 3449 3175 3517 displicuerint
3198 3487 3214 3514 ,
3272 3465 3398 3508 nou-

1804 3547 1996 3596 coutra
2055 3554 2144 3593 me
2181 3540 2277 3592 sed
2319 3547 2506 3594 contra
2558 3554 2617 3593 se
2659 3540 2967 3604 irascatur,
3019 3541 3144 3608 quia
3205 3549 3398 3599 contra

1805 3636 1968 3690 verba
1997 3633 2178 3687 divina
2210 3623 2393 3686 nist'in
2415 3631 2616 3686 malum
2647 3645 2806 3686 suum
2838 3631 3000 3687 irasci
3031 3647 3138 3686 non
3169 3635 3400 3701 poterit.i

1805 3724 1942 3778 Dum
1993 3737 2125 3792 ergo
2173 3731 2260 3776 est
2282 3722 2334 3776 in
2366 3722 2468 3783 via,
2519 3721 2572 3776 id
2603 3724 2769 3777 estin
2799 3722 2903 3777 hac
2939 3722 3070 3786 vita,
3097 3725 3401 3781 concordet}

1806 3830 1926 3872 cum
1955 3812 2266 3870 adversario
2318 3827 2419 3868 suo
2459 3813 2584 3877 cito,
2630 3828 2698 3868 ne
2725 3813 2862 3869 forte
2913 3814 3091 3869 tradat
3137 3830 3260 3870 eum
3293 3817 3400 3873 ade-

1804 3907 2078 3962 versarius
2091 3921 2226 3960 suns
2239 3906 2427 3975 iudici,
2447 3914 2506 3960 et
2511 3906 2676 3975 judex
2692 3907 2868 3962 tradat
2880 3921 3006 3962 eum
3037 3907 3312 3973 ministro,
3335 3917 3398 3967 et

1806 3998 2056 4054 minister
2077 3997 2259 4050 mittat
2284 3995 2432 4050 illum
2460 3997 2515 4050 in
2537 4011 2840 4062 carcerem,
2859 3998 3054 4063 Amen,
3109 4013 3218 4057 non
3248 4001 3402 4057 esiet

1807 4091 1930 4144 inde
1959 4089 2133 4144 donec
2157 4089 2343 4144 reddet
2373 4089 2724 4144 novissimum
2775 4091 3151 4160 quadrantem.
3197 4092 3400 4150 Notum

1806 4190 1890 4235 est
1920 4180 2000 4232 vel
2028 4195 2192 4248 parva
2245 4179 2312 4233 de
2338 4180 2627 4248 scripturis
2681 4180 3000 4246 scientibus,
3047 4183 3177 4251 quia
3205 4183 3260 4236 in
3289 4184 3402 4241 hoc

1809 4273 1929 4328 loco
1953 4272 2300 4326 adversarius
2329 4281 2516 4327 noster
2545 4272 2747 4329 dicitur
2770 4287 2953 4328 sermo
2970 4274 3100 4338 'Dei,
3131 4275 3400 4343 quoniam

1805 4367 1963 4437 jubet
1991 4365 2268 4418 contraria
2297 4364 2558 4434 operibus
2583 4366 2785 4420 nostris
2813 4365 2971 4421 malis
3005 4380 3127 4436 qum
3162 4366 3394 4436 agimus:

1814 4458 1912 4514 Cui
1941 4457 1984 4510 si
2033 4469 2137 4510 non
2193 4456 2727 4516 concordaverimus,
2760 4455 2907 4525 justo
2938 4456 3032 4510 Dei
3058 4455 3266 4524 judicio
3287 4469 3392 4524 per

1814 4546 2120 4602 ministrum
2164 4546 2443 4600 mittamur
2472 4545 2526 4599 in
2553 4559 2857 4612 carcerem,
2919 4556 2976 4601 et
3019 4560 3126 4600 non
3149 4545 3398 4600 sitiemus

1812 4639 1962 4702 inde,
1988 4639 2168 4702 donec
2187 4637 2477 4692 reddamus
2519 4638 2872 4693 novissimum
2928 4639 3310 4710 quadrantem,
3342 4634 3400 4688 id

1811 4738 1916 4795 est,
1943 4731 2363 4794 exsoluamus-et
2392 4729 2672 4786 minimum
2697 4740 3002 4800 peccatum.

2227 4857 2230 4860 '
2310 4841 2646 4900 EPISTOLA
2685 4839 2904 4900 XXXII.

2324 4931 2392 4994 tu
2427 4935 2664 4993 mm:
2695 4929 2886 5001 mpm,

2205 5021 2363 5078 Caroli
2384 5025 2428 5077 il
2454 5025 2762 5091 imperatoris
2781 5028 2995 5078 nomine.

1860 5107 1932 5160 De
1973 5105 2195 5178 ,ἱτιάῖέδίδ
2224 5119 2275 5162 ει
2307 5111 2742 5184 appellationibus
2781 5113 3138 5182 episcoporum
3167 5109 3220 5157 et
3257 5109 3368 5170 pra-

1824 5200 1840 5220 ·-
2339 5225 2342 5230 .
2389 5219 2392 5222 -
2431 5185 2780 5253 sbyteronm.
2819 5205 2822 5222 =
2903 5195 2906 5200 '
3155 5197 3180 5222 ~-'

1869 5279 2032 5342 (Apud
2058 5278 2310 5346 eumdem,
2327 5298 2394 5337 ex
2420 5285 2639 5335 edition
2664 5281 2948 5340 loguuuus
3135 5261 3400 5331 Busiris)”

2063 5363 2248 5396 ἱραί-νυνι
2323 5385 2385 5396 ..η
2459 5361 2914 5396 -ιηιιηωιιιῖααίηιηη
2974 5356 3118 5396 Dan-3
3195 5352 3406 5396 illum:

1891 5362 2248 5396 anniiacimﬁ
2323 5385 2385 5396 ..η
2459 5361 2914 5396 -ιιενηωιιιῖςιαὲηιηη
2974 5356 3118 5396 Dan-3
