3950 5396
536 305 636 362 251

1459 301 1468 358 ς’
1518 298 1848 356 HlNCMARl
1887 297 2282 355 RHEMENSIS
2321 298 2841 357 ARCHIEPISCOPI

3711 298 3811 353 232

609 418 652 474 l.
688 418 988 489 Antequam
1055 413 1348 487 provinciae
1423 414 1795 484 Transalpinte
1820 455 1835 480 ,
1894 421 2118 484 propter
2149 422 2197 481 Α
2226 416 2503 486 religionis
2533 417 2761 486 sumpsit
2802 416 3036 481 initium,
3077 425 3133 471 et
3174 416 3418 487 quotidie
3447 413 3659 486 gratias
3680 413 3810 475 Deo.

539 511 834 569 seditiones
863 519 918 566 et
946 510 1082 565 bella
1112 509 1434 578 frequentia,
1467 508 1874 580 progenitorum
1907 517 2121 564 nostro-

541 618 662 658 rum
713 601 1086 671 temporibus,
1136 615 1414 654 sacrarum
1467 599 1642 670 legum
1694 614 1757 653 ac
1810 599 2120 670 regularum

539 696 789 751 notitiam
837 705 892 749 et
939 692 1376 748 observationem
1425 691 1584 762 plene
1635 700 1890 762 caperent
1919 731 1934 756 ,
1981 690 2123 744 sicut

539 796 727 859 postea
753 800 847 854 per
886 784 1215 839 incrementa
1246 781 1424 837 studio
1453 781 1669 839 illorum
1699 781 1768 835 ab
1804 781 1908 835 hac
1932 788 2121 834 saneta

537 877 666 932 sede
691 875 861 945 gratia
903 873 1000 928 Dei
1044 881 1346 942 ceperunt,
1380 871 1630 942 gloriosae
1680 871 1959 926 memoria:
1990 884 2123 924 avus

536 977 723 1025 noster
745 966 970 1022 Carolus
1017 967 1315 1036 imperator
1356 964 1665 1036 Augustus,
1703 963 1794 1018 diu
1841 977 1939 1031 per
1968 976 2124 1032 egre-

539 1059 654 1129 gios
679 1072 743 1112 ac
767 1056 1052 1127 praecipuae
1085 1046 1428 1110 auctoritatis
1473 1062 1529 1108 et
1553 1052 1832 1124 sapientia:
1860 1052 2028 1118 viros,
2057 1051 2124 1106 de

537 1147 870 1219 presbyteris
903 1161 968 1201 ex
1017 1146 1341 1201 criminibus
1389 1142 1706 1208 ditl‘amatis,
1769 1142 2003 1212 qualiter
2037 1141 2125 1210 ju-

538 1239 706 1295 dicari
746 1238 831 1291 vel
856 1252 1086 1309 purgare
1111 1252 1170 1292 se
1195 1237 1427 1291 debeant
1454 1233 1791 1305 perquisivit,
1822 1243 1878 1287 et
1899 1233 2118 1303 reperit,

537 1329 679 1385 sicut
709 1329 762 1383 in
794 1344 904 1383 suae
935 1326 1233 1398 imperialis
1257 1325 1599 1382 auctoritatis
1645 1325 1837 1380 edictis
1859 1364 1876 1392 ,
1919 1341 2040 1395 qua:
2069 1325 2123 1379 in

537 1421 642 1476 alia
685 1421 944 1476 schedula
986 1421 1250 1478 habemus
1289 1419 1490 1490 scripta
1520 1459 1536 1484 ,
1584 1418 1816 1488 posteris
1863 1418 2125 1473 servanda

539 1512 780 1581 reliquit,
808 1525 1036 1582 quinque
1066 1526 1237 1580 usque
1284 1512 1351 1565 ad
1383 1518 1570 1565 nostra
1618 1518 1860 1579 tempora
1892 1525 1960 1564 ex
2000 1518 2126 1564 tunc

537 1603 593 1658 in
624 1603 998 1673 Transalpinis
1050 1603 1362 1674 regionibus
1408 1609 1645 1666 servata,
1676 1609 1731 1656 et
1777 1601 1999 1673 quando
2027 1615 2125 1656 ne-

540 1695 768 1750 cessitas
789 1695 1081 1764 postulavit
1105 1702 1364 1749 exsecuta
1387 1691 1624 1747 fuerunt.

2221 510 2386 564 sumit
2427 518 2797 579 augmentum,
2847 518 2903 564 ct
2947 509 2991 564 si
3038 509 3166 579 quid
3199 509 3338 564 male
3368 509 3424 562 in
3455 522 3590 578 agro
3634 505 3812 560 Domi-

2222 602 2344 656 nico
2374 601 2620 670 pullulat,
2648 601 2851 656 decreti
2878 602 3042 656 vestri
3069 602 3204 656 falce
3236 601 3533 658 recidatur.
3559 600 3618 655 Si
3649 600 3811 655 etiam

2222 707 2669 763 quorumcunque
2725 692 3052 764 negligentia
3084 735 3098 759 ,
3164 693 3248 748 vel
3305 693 3738 764 praesumptione
3783 708 3812 744 a

2221 783 2538 853 praestitutis
2569 781 2768 853 regulis
2801 792 2883 838 est
2914 783 3254 850 discessum,
3287 792 3484 838 vestra:
3520 781 3812 837 auctorita-

2223 874 2293 928 tis
2322 874 2583 930 indttstria
2609 875 2680 931 sit
2707 875 3078 931 reformatum.

2293 962 2380 1020 IV.
2425 963 2576 1019 Sicut
2635 965 2728 1020 Dei
2771 965 2949 1020 virtus
2973 965 3220 1022 Christus
3273 973 3328 1020 et
3371 962 3469 1020 Dei
3515 961 3810 1034 sapientia,

2223 1055 2469 1112 ordinem
2517 1072 2580 1112 ac
2608 1058 2928 1129 dignitatem
2973 1058 3342 1128 apostolorum
3385 1065 3442 1112 et
3470 1056 3814 1126 septuaginta

2225 1145 2609 1215 discipulorum
2641 1147 2696 1202 in
2743 1147 2925 1202 carnis
2949 1147 3237 1218 przcsentia
3270 1145 3544 1208 distinxit,
3572 1153 3636 1198 ut
3657 1144 3814 1199 lectio

2223 1236 2400 1291 sancti
2445 1236 2718 1307 Evangelii
2761 1247 3011 1308 patenter
3039 1237 3319 1294 ostendit:
3369 1235 3442 1291 ita
3489 1237 3638 1291 idem
3683 1235 3813 1305 ipse,

2222 1339 2320 1396 per
2344 1342 2503 1396 quem
2531 1330 2686 1399 reges
2726 1338 2974 1400 regnant,
3015 1339 3070 1383 et
3113 1328 3422 1384 conditores
3464 1327 3650 1398 legum
3672 1324 3816 1395 iusta

2227 1417 2546 1483 decernunt,
2599 1419 2770 1473 sacris
2803 1418 3011 1487 legibus
3044 1427 3099 1472 et
3125 1419 3443 1483 canonibus,
3494 1416 3696 1487 spiritu
3724 1433 3817 1472 suo

2229 1508 2462 1564 conditis
2495 1549 2509 1574 ,
2567 1519 2624 1564 et
2672 1500 2836 1565 totius
2866 1510 3050 1565 mundi
3083 1511 3389 1565 reverentia
3435 1509 3778 1566 consecratis
3800 1549 3815 1572 ,

2226 1601 2474 1656 ordinem
2515 1610 2572 1656 et
2620 1601 2934 1672 dignitatem
2983 1603 3381 1675 episcoporum,
3429 1603 3526 1674 qui
3555 1602 3742 1658 locum
3768 1601 3816 1656 in

2230 1689 2469 1746 Ecclesia
2511 1701 2693 1748 tenent
2735 1693 3122 1764 apostolorum,
3151 1703 3205 1749 et
3231 1695 3712 1766 presbyterorum,
3733 1693 3816 1764 qui

608 1783 672 1839 ll.
709 1785 768 1839 In
819 1784 1010 1841 diebus
1054 1793 1236 1840 autem
1287 1783 1492 1838 domini
1541 1791 1597 1836 et
1642 1781 1903 1852 genitoris
1950 1780 2122 1838 nostri
2149 1778 2198 1838 B
2226 1782 2586 1850 subrogantur
2633 1783 2749 1839 loco
2798 1784 3137 1855 septuaginta
3188 1784 3622 1853 discipulorum,
3675 1793 3732 1838 et
3769 1784 3817 1838 in

540 1877 645 1947 pina
677 1877 952 1932 memoriae
998 1875 1258 1930 Ludovici
1311 1873 1675 1944 imperatoris,
1720 1887 1843 1926 cum
1901 1870 2015 1942 ipsa
2043 1880 2126 1926 te-

541 1967 688 2038 pesci
741 1967 1020 2022 exsecutio
1086 1966 1426 2036 aliquatenus
1497 1964 1693 2034 erepit;
1747 1964 1886 2034 apud
1931 1978 2128 2034 papam

543 2058 843 2128 Eugenium
871 2057 997 2112 inde
1028 2058 1096 2113 ab
1124 2073 1188 2113 eo
1217 2056 1571 2112 commonitio
1613 2056 1755 2111 facta
1779 2064 1879 2109 est.
1913 2054 2026 2122 Qua
2059 2053 2129 2110 de

543 2162 604 2203 re
652 2147 915 2217 synodum
967 2146 1159 2203 iisdem
1207 2146 1532 2201 universalis
1598 2161 1735 2216 papa
1797 2160 2124 2212 convocans,

543 2240 687 2295 inter
710 2239 813 2294 alia
842 2238 1115 2310 generalia
1139 2239 1360 2293 decreta
1388 2237 1730 2308 promulgare
1752 2237 1980 2304 curavit,
2007 2251 2128 2307 quin

544 2333 655 2389 Leo
699 2333 766 2389 lV
797 2342 1038 2404 tempore
1089 2333 1275 2388 fratris
1317 2334 1488 2388 nostri
1521 2333 1784 2399 Lotharii,
1831 2341 1888 2388 et
1914 2332 2126 2403 nepotis

541 2425 710 2480 nostri
739 2424 1030 2490 Ludovici,
1062 2424 1398 2480 observanda
1441 2425 1704 2490 decrevit,
1754 2425 1896 2481 sicut
1942 2423 1998 2478 in
2037 2436 2127 2495 ge-

539 2522 640 2577 stis
665 2520 1038 2591 synodalibus,
1061 2529 1117 2575 et
1146 2519 1198 2574 in
1230 2518 1389 2589 hujus
1413 2529 1614 2575 sancke
1642 2519 1900 2574 Romanae
1938 2517 2126 2573 Eccle-

540 2613 636 2668 siae
689 2611 910 2666 archivo
963 2611 1156 2667 haberi
1215 2611 1512 2676 credimus,
1568 2619 1624 2666 et
1671 2611 1739 2665 ab
1783 2610 1886 2664 hac
1937 2618 2124 2665 sancta

540 2702 671 2756 sede
716 2701 916 2756 nostris
967 2701 1344 2758 decessoribus
1398 2702 1602 2757 directa
1660 2700 1958 2756 venerabili
2006 2716 2125 2756 san-

541 2789 723 2846 ctione
758 2790 1041 2846 habemus.
1093 2789 1230 2846 Cum
1275 2800 1456 2846 autem
1504 2806 1610 2848 non
1650 2789 1810 2862 longe
1857 2799 1982 2845 ante
2022 2789 2123 2846 hos

539 2898 712 2939 annos
755 2897 924 2954 nepos
985 2891 1172 2939 noster
1237 2883 1546 2939 Ludovicus
1611 2883 1776 2939 Italia:
1831 2884 2123 2955 imperator

541 2974 800 3030 instinctu
846 2974 1206 3044 quorumdam
1275 2982 1466 3030 contra
1532 2989 1632 3030 nos
1682 2989 1742 3029 se
1785 2976 2116 3042 commovit,

542 3065 723 3120 missae
752 3064 892 3119 sunt'
905 3064 1062 3120 nobis
1085 3064 1326 3134 epistolae
1351 3063 1506 3134 quasi
1537 3077 1605 3118 ex
1631 3065 1940 3133 apostolicae
1964 3065 2120 3134 hujus

2229 1874 2696 1930 administratione
2741 1883 2796 1930 et
2844 1876 2898 1930 in
2950 1876 3196 1940 honore,
3247 1875 3392 1930 sicut
3448 1884 3504 1930 et
3550 1871 3816 1936 in,Veteri

2229 1964 2574 2022 Testamento
2601 1967 2745 2023 inter
2773 1983 3014 2024 summos
3033 1967 3317 2040 pontiﬁces
3339 1976 3395 2022 et
3421 1967 3570 2022 inter
3596 1967 3818 2022 minoris

2227 2056 2433 2112 ordinis
2465 2056 2774 2112 sacerdotes
2796 2057 3075 2113 discrevit.
3104 2056 3448 2128 Quapropter
3473 2056 3545 2110 ab
3568 2057 3816 2112 omnibus

2225 2145 2530 2202 honorandi
2584 2163 2649 2204 ac
2723 2149 3021 2204 venerandi
3067 2158 3194 2204 sunt
3241 2165 3341 2220 pro
3407 2148 3666 2220 patribus
3715 2148 3817 2202 nati

2226 2236 2344 2304 ﬁlii,
2371 2239 2426 2294 id
2453 2247 2539 2293 est
2573 2254 2673 2309 pro
2717 2241 2980 2311 apostolis
3011 2240 3247 2296 ordinati
3277 2239 3540 2311 episcopi,
3571 2247 3630 2294 et
3679 2239 3821 2294 ordi-

2225 2331 2311 2385 nis
2359 2330 2644 2402 dignitate,
2699 2340 2757 2388 et
2803 2332 2946 2388 illius
2999 2331 3220 2396 honore,
3282 2331 3373 2400 qui
3426 2331 3509 2386 eis
3563 2331 3822 2402 apostolis

2225 2422 2363 2478 dixit
2389 2440 2402 2476 :
2427 2423 2550 2478 Jam
2583 2441 2687 2479 non
2717 2426 2892 2479 dicam
2935 2443 3022 2480 vos
3069 2441 3277 2490 servos,
3327 2424 3418 2479 sed
3449 2425 3650 2478 anticus
3684 2441 3819 2478 meos

2227 2513 2410 2587 (Joan.
2444 2533 2532 2585 xv,
2565 2517 2697 2587 15);
2749 2525 2804 2572 et
2831 2535 2842 2570 :
2877 2517 2981 2584 Qui
3005 2535 3089 2572 vos
3122 2517 3270 2571 audit
3298 2533 3381 2570 me
3406 2516 3594 2582 audit,
3644 2527 3701 2570 et
3737 2516 3819 2588 qui

2223 2621 2314 2659 vos
2339 2606 2534 2677 spernit
2569 2623 2648 2661 me
2677 2607 2871 2677 spernit
2903 2607 3055 2679 (Luc.
3090 2624 3147 2672 χ,
3195 2606 3325 2678 16);
3377 2616 3432 2661 et
3463 2605 3531 2661 de
3560 2606 3680 2661 eis:
3718 2605 3816 2671 Ite,

2226 2687 2463 2752 nuntiate
2490 2698 2744 2769 fratribus
2771 2699 2899 2755 meis
2937 2699 3166 2772 (Matth.
3194 2713 3384 2765 xxvnu,
3429 2684 3552 2768 10$.
3585 2699 3653 2753 Et
3679 2699 3818 2765 alia,

2224 2803 2344 2860 quae
2373 2788 2440 2844 de
2469 2789 2686 2845 illorum
2713 2791 3022 2847 veneranda
3065 2790 3424 2847 honoratione
3457 2805 3634 2846 sacrm
3673 2789 3822 2848 Scri-

2223 2890 2398 2954 ptura:
2427 2891 2607 2940 textus
2643 2885 2934 2956 eloquitur.

2295 2975 2359 3030 ν.
2390 2975 2515 3044 ξριιὶ
2559 2974 2699 3031 forte
2754 2978 2800 3032 si
2845 2977 3011 3048 aliqui
3062 2976 3449 3049 temporalibus
3496 2977 3662 3033 rebus
3694 2986 3819 3033 sunt

2223 3080 2513 3136 pauperes,
2565 3076 2622 3123 et
2647 3067 2787 3123 forte
2818 3069 3014 3124 merito
3042 3069 3237 3125 divites
3257 3110 3270 3132 ,
3317 3085 3419 3138 pro
3447 3079 3605 3126 certo
3631 3079 3818 3127 autem

541 3155 686 3211 sedis
712 3155 1033 3210 auctoritate
1063 3170 1129 3210 ac
1173 3156 1416 3220 nomine,
1452 3169 1589 3225 quas
1623 3157 1831 3210 tenoris
1866 3157 2119 3213 inconve-
2147 3129 2194 3196 α
2224 3165 2350 3211 sunt
2377 3157 2565 3212 ordine
2610 3173 2766 3214 sacro
2797 3158 3086 3227 sublimes,
3129 3175 3161 3214 a
3192 3159 3340 3215 nullo
3367 3160 3647 3230 quolibet,
3705 3162 3818 3216 sive

541 3247 747 3303 nientia
775 3248 918 3303 hanc
944 3256 1186 3304 sanctam
1215 3255 1271 3303 et
1301 3247 1747 3304 discretissimam
1798 3247 1979 3304 sedem
2010 3264 2119 3306 non

544 3339 758 3394 misisse
785 3339 1045 3395 ostendit.

614 3428 702 3484 Ill.
739 3429 806 3483 Et
836 3429 1091 3499 quoniam
1131 3428 1316 3497 pravis
1347 3429 1544 3497 sacpius
1573 3443 1738 3498 prava
1767 3444 1928 3498 quam
1973 3438 2119 3485 recta

541 3519 801 3575 innotesci
849 3519 1056 3586 solent,
1098 3528 1227 3574 nata
1255 3520 1385 3575 hinc
1410 3521 1714 3588 occasione,
1748 3521 2124 3590 Transalpina-

541 3624 659 3665 rum
685 3611 966 3681 regionum
990 3609 1330 3680 presbyteri,
1362 3625 1392 3663 a
1423 3609 1536 3665 suis
1561 3610 1828 3681 episcopis
1859 3611 1924 3666 de
1958 3612 2121 3668 certis

539 3699 859 3757 criminibus
886 3701 1206 3773 regulariter
1245 3701 1313 3756 ab
1339 3702 1528 3758 ordine
1556 3685 1878 3758 sacerdotali
1901 3705 2118 3777 dejecti,

537 3800 593 3846 et
619 3791 949 3860 paenitentiae
996 3792 1228 3858 subacti,
1281 3793 1399 3848 sine
1440 3793 1656 3849 licentia
1688 3802 1744 3849 et
1788 3797 2121 3853 conscientia

537 3881 828 3950 primatum
869 3889 924 3935 et
961 3882 1337 3951 episcoporum
1370 3899 1588 3939 suorum
1614 3925 1628 3950 ,
1677 3887 1786 3941 huc
1833 3889 2039 3956 venire,
2066 3897 2118 3944 et

539 3971 668 4026 hinc
702 3970 980 4040 epistolas,
1012 3985 1130 4038 qua:
1157 3972 1354 4042 regulis
1394 3989 1501 4028 non
1529 3979 1884 4045 conveniunt,
1915 3981 2122 4037 referre

526 4067 841 4129 'cteperunt.
894 4058 1042 4126 Quas
1089 4076 1198 4116 non
1240 4062 1485 4133 jussione
1537 4068 1831 4134 apostolica
1858 4110 1874 4135 ,
1909 4071 2024 4137 sed,
2061 4081 2122 4127 ut

538 4152 739 4208 assolet
761 4151 924 4207 etiam
954 4151 1009 4206 in
1057 4153 1369 4223 republica,
1416 4166 1636 4226 propter
1685 4159 2001 4230 multiplicia
2035 4178 2122 4220 re-

539 4242 893 4299 clamatorum
941 4245 1154 4316 negotia
1183 4286 1196 4310 ,
1235 4260 1682 4319 quorumcunque
1748 4251 2119 4310 ministrorum

541 4336 696 4405 quasi
726 4335 812 4405 pia
842 4336 1188 4393 miseratione
1231 4335 1420 4406 factas,
1463 4347 1519 4394 et
1565 4356 1664 4397 nos
1715 4341 1860 4399 illius
1886 4346 2121 4417 regionis

540 4435 732 4496 putant
759 4427 1018 4497 episcopi.
1059 4429 1398 4500 Quapropter
1435 4435 1583 4501 quia,
1613 4441 1674 4487 ut
1701 4445 1920 4490 sanctus
1941 4436 2121 4508 Augu-

543 4515 717 4571 stinus
732 4515 1043 4588 dicit(epist.
1067 4518 1154 4577 50.
1172 4520 1241 4572 ad
1265 4520 1600 4591 Bonifacium
1615 4524 1896 4598 comitem),
1921 4536 2120 4597 cogunt

541 4607 738 4662 multas
781 4607 1024 4663 invenire
1067 4611 1365 4666 medicinas
1411 4612 1698 4668 multorum
1747 4616 2136 4685 experimenta.

544 4701 885 4765 morborum,
917 4702 1236 4759 intermissis
1265 4711 1504 4774 {propter
1532 4705 1897 4774 prolixitatem
1937 4725 2121 4767 sacra-

541 4807 725 4848 rarum
769 4790 947 4863 legum
997 4793 1244 4861 capitulis
1293 4795 1755 4864 prwdecessorum
1807 4809 2120 4856 nostrorum

542 4883 953 4954 imperatorum,
1006 4885 1203 4954 quibus
1253 4887 1633 4945 ecclesiastica:
1679 4891 1877 4963 regulae
1922 4907 2120 4949 conso-

543 4983 714 5040 nant,
762 4975 1128 5030 neeessarium
1175 4975 1426 5032 duximus
1470 4981 1706 5048 pandere
1759 4983 2120 5040 sanctissimm

2146 4490 2199 4550 D

2220 3250 2614 3317 ecclesiastica,
2637 3253 2752 3308 sive
2780 3253 3024 3308 saeculari
3050 3261 3318 3324 potestate
3339 3254 3592 3324 praedito,
3619 3255 3817 3310 debent

2219 3343 2506 3413 vilipendi,
2554 3359 2656 3399 nec
2699 3346 3008 3416 potentibus
3049 3345 3230 3402 saeculi
3279 3344 3442 3400 modo
3487 3361 3818 3417 quocunque

2218 3434 2498 3504 postponi,
2570 3436 2916 3506 praecipiente
2963 3436 3214 3492 omnibus
3266 3435 3514 3505 apostolo
3566 3434 3810 3493 Iacobo:

2223 3523 2404 3579 Nolite
2427 3526 2483 3579 in
2506 3543 2848 3597 personarum
2886 3527 3179 3598 acceptione
3199 3527 3387 3582 habere
3409 3527 3573 3596 ﬁdem
3601 3525 3814 3580 Domini

2222 3615 2387 3670 nostri
2414 3615 2542 3670 Jesu
2573 3614 2767 3670 Christi
2799 3616 2982 3688 gloria:
3011 3612 3164 3690 (Jac.
3194 3633 3256 3680 ιι,
3290 3617 3388 3687 ‘1),
3418 3617 3552 3687 quia
3580 3632 3689 3671 non
3723 3615 3812 3687 qui

2221 3706 2443 3761 ditiores
2471 3705 2539 3760 ad
2567 3705 2846 3773 saeculum,
2878 3706 2934 3761 hi
2969 3707 3022 3760 in
3051 3707 3235 3762 divino
3261 3707 3513 3762 examine
3535 3714 3676 3762 sunt
3700 3721 3816 3760 me-

2221 3793 2402 3850 liores.
2444 3795 2653 3860 Nonne,
2714 3795 2908 3866 inquit,
2943 3795 3082 3851 Deus
3112 3795 3261 3866 elegit
3303 3811 3560 3866 pauperes
3609 3797 3667 3848 in
3720 3797 3816 3849 hoc

2226 3887 2447 3953 mundo,
2479 3888 2662 3942 divites
2691 3888 2746 3940 in
2775 3887 2898 3957 ﬁde,
2941 3897 2988 3942 et
3032 3886 3264 3941 hwredes
3293 3887 3438 3954 regni
3463 3925 3478 3951 ,
3526 3886 3672 3956 quod
3697 3901 3816 3956 pro-

2221 3980 2366 4032 misit
2416 3978 2750 4048 diligentibus
2805 3979 2896 4033 se?
2938 3977 3112 4049 (ibid.,
3144 3978 3222 4050 5.)
3266 3986 3321 4033 et
3367 3976 3622 4032 Paulus:
3658 3976 3814 4048 Igno-

2223 4071 2347 4126 bilia
2373 4082 2421 4125 et
2463 4071 2873 4142 contemptibilia
2899 4072 3081 4125 mundi
3123 4070 3272 4142 elegit
3301 4069 3465 4135 Deus,
3494 4079 3554 4125 et
3584 4070 3811 4142 reliqua.

2223 4161 2275 4234 (1
2310 4161 2434 4217 Cor.
2475 4179 2517 4229 ι,
2555 4162 2670 4234 28.)
2718 4163 2786 4217 Et
2823 4173 3039 4219 sanctus
3063 4163 3356 4234 Gregorius
3403 4163 3457 4215 in
3481 4163 3723 4232 epistola
3751 4160 3817 4215 ad

2222 4251 2539 4308 Mauricinm
2587 4253 2969 4324 imperatorem
3021 4253 3133 4326 (lib.
3167 4269 3241 4318 tv,
3289 4253 3439 4323 epist.
3470 4253 3567 4325 5t)
3603 4271 3617 4308 :
3655 4272 3676 4305 ι
3715 4253 3816 4307 Sa-

2222 4347 2551 4413 cerdotibus,
2588 4346 2792 4417 inquit,
2838 4363 2944 4403 non
2976 4360 3045 4402 ex
3076 4354 3286 4402 terrena
3316 4352 3592 4415 potestate
3639 4344 3819 4400 Domi-

2224 4453 2327 4492 nus
2362 4448 2547 4493 noster
2574 4438 2735 4493 citius
2779 4439 3090 4509 indignetur
3115 4479 3130 4503 ,
3181 4437 3272 4493 sed
3304 4434 3599 4492 excellenti
3648 4435 3823 4492 censio

2228 4530 2529 4596 deratione,
2574 4539 2794 4600 propter
2846 4546 2970 4585 eum
3020 4529 3174 4599 cujus
3221 4527 3363 4584 servi
3398 4536 3567 4592 sunt,
3622 4528 3705 4584 eis
3748 4529 3817 4582 ita

2229 4622 2556 4686 dominetur,
2581 4629 2642 4674 ut
2665 4621 2826 4675 etiam
2857 4620 3092 4676 debitam
3123 4620 3485 4675 reverentiam
3516 4619 3816 4689 impendat.

2230 4711 2367 4768 Nam
2414 4713 2466 4767 in
2515 4710 2710 4768 divinis
2762 4711 2990 4779 eloquiis
3034 4710 3324 4781 aliquando
3370 4711 3698 4765 sacerdotes
3722 4708 3816 4771 dii,

2230 4803 2517 4875 aliquando
2546 4803 2720 4874 angeli
2757 4813 3039 4858 vocantur.
3073 4799 3207 4857 Nam
3239 4811 3293 4858 et
3323 4817 3422 4873 per
3450 4801 3724 4872 Moysem,
3754 4799 3820 4853 de

2236 4910 2301 4951 eo
2353 4895 2446 4966 qui
2501 4895 2568 4949 ad
2611 4893 2980 4965 juramentum
3026 4894 3370 4950 deducendus
3415 4902 3525 4960 est,
3581 4893 3817 4948 dicitur:

2226 4987 2462 5048 Applica
2500 4986 2647 5041 illum
2707 4989 2776 5044 ad
2834 4989 2982 5048 deos,
3027 4988 3082 5044 id
3127 4996 3208 5044 est
3250 4988 3316 5042 ad
3359 4987 3699 5043 sacerdotes.
3757 4985 3822 5039 Et
