4012 6318
530 426 636 481 255

1496 404 1826 463 HINCMARI
1869 398 2262 458 RllEMENSlS
2301 397 2819 456 ARCl-llEPISCOPl

3714 399 3826 458 236

531 537 727 597 diderit
749 533 1035 605 episcopos
1064 525 1333 589 suﬂicere,
1368 531 1426 576 ut
1447 521 1663 593 negotio
1697 517 1989 574 terminum
2017 513 2116 568 im—
2143 517 2194 576 Α
2221 512 2448 605 arbitrio
2479 512 2562 605 vel
2585 510 2794 605 judicio
2835 511 2929 581 qui
2961 524 3086 566 eum
3109 509 3514 605 judicavcrunt,
3545 527 3674 605 cum
3707 514 3828 582 epi-

529 638 756 706 ponant,
783 626 947 681 faciet
976 621 1120 692 quod
1141 614 1542 687 sapientissimo
1581 609 1808 667 consilio
1835 607 2115 706 judicave-

536 699 624 782 rit.
659 720 876 780 Interim
906 726 1088 771 tamen
1112 711 1252 767 alter
1275 708 1563 780 episcopus
1584 704 1642 760 in
1667 701 1925 760 cathedra
1947 699 2113 769 depo-

532 821 622 877 siti
648 814 886 888 episcopi
909 818 1032 882 post
1071 805 1484 880 appellationem
1515 801 1632 870 ejus
1678 816 1786 856 non
1813 797 2123 888 ordinetur,

533 885 825 978 antequam
855 917 1018 960 causa
1045 898 1168 969 ejus
1185 897 1349 956 fuerit
1387 896 1441 951 in
1478 891 1684 966 judicio
1721 886 1959 960 episcopi
2009 885 2119 940 Ro-

533 1001 678 1058 mani
707 995 1081 1053 determinata.
1120 1011 1136 1042 ι

603 1094 696 1151 1X.
725 1092 856 1160 Quae
883 1085 1200 1145 constitutio
1227 1079 1598 1154 appellationis
1654 1076 1720 1130 ad
1768 1070 2122 1144 apostolicam

535 1189 717 1246 sedem
748 1199 856 1241 non
896 1179 1171 1239 discordat
1193 1194 1223 1230 a
1250 1191 1402 1232 sacra
1428 1181 1483 1227 et
1510 1170 1736 1242 mystica
1787 1165 2004 1221 Nicaeus
2036 1177 2124 1234 sy-

535 1277 702 1343 nodo,
731 1275 800 1332 de
828 1289 934 1344 qua
961 1284 1189 1340 magnus
1209 1266 1319 1322 Leo
1344 1279 1482 1336 papa
1507 1262 1576 1316 ad
1613 1257 1922 1314 Anatolium
1982 1254 2120 1310 seri-

533 1373 642 1446 psit
671 1369 849 1444 (epist.
870 1365 985 1436 56).
1021 1384 1040 1416 ι
1073 1363 1191 1426 illa,
1237 1360 1506 1430 inquiens,
1557 1354 1899 1446 Nicapnorum
1954 1363 2122 1446 eano—

535 1439 792 1535 numper
814 1467 1062 1517 sanctum
1087 1470 1216 1510 vere
1257 1451 1519 1522 Spiritum
1563 1445 1828 1535 ordinata
1884 1439 2124 1500 conditio

536 1562 592 1617 in
614 1531 763 1615 nulla
789 1568 1026 1625 unquam
1054 1559 1210 1622 parte
1234 1555 1316 1602 est
1342 1531 1605 1601 solubilis.
1637 1539 1793 1596 Nulla
1820 1537 2040 1594 sibimet
2057 1535 2126 1590 de

537 1649 986 1721 multiplicatione
1049 1637 1486 1714 congregationis
1545 1633 1828 1706 synodalia
1892 1628 2124 1686 concilia

446 1779 448 1781 -
538 1742 908 1806 blandiantur,
932 1751 1104 1808 neque
1128 1731 1388 1788 trecentis
1416 1729 1521 1784 illis
1547 1728 1738 1782 decem
1789 1733 1952 1793 atque
2001 1727 2126 1776 octo

537 1832 806 1908 episcopis
838 1825 1236 1900 quantumlibet
1254 1820 1526 1891 copiosior
1563 1831 1826 1873 numerus
1877 1811 2126 1868 sacerdo-

2225 603 2404 674 sc0pis
2445 603 2538 673 qui
2587 603 2639 657 in
2663 601 2891 657 ﬁnitima
2921 611 2977 657 et
3021 601 3324 673 propinqua
3366 602 3648 673 provincia
3696 613 3827 658 sunt

2224 695 2896 766 prmcipiunt‘terminari,
2940 704 3213 766 quatenus
3263 695 3378 751 sive
3421 695 3478 750 in
3522 696 3826 761 manenda,

2225 790 2342 845 sive
2369 789 2426 844 in
2447 785 2784 842 immutanda
2804 787 3096 852 sententia,
3119 786 3277 856 juxta
3307 785 3560 843 Nicienos
3582 802 3827 843 canones

2225 898 2512 940 commune
2540 882 2612 938 sit
2638 881 2919 953 placitum.
2956 881 3032 937 De
3079 880 3280 952 quibus
3311 881 3485 937 sacris
3517 881 3832 937 canonibus

2226 975 2458 1032 Nicaenis
2496 974 2812 1030 Africanum
2845 973 3137 1030 concilium
3175 975 3242 1030 ad
3274 983 3525 1030 sanctum
3571 972 3831 1029 Catiesti—

2226 1084 2353 1124 num
2407 1083 2603 1138 papam
2659 1068 2905 1123 scribens
2954 1069 3094 1137 (cap.
3122 1066 3268 1138 105),
3308 1084 3326 1118 ι
3361 1065 3828 1134 Prudentissime,

2226 1161 2420 1231 inquit,
2461 1158 2868 1228 justissimequc
2916 1158 3292 1228 providerunt,
3337 1173 3688 1229 quaecunque
3726 1174 3828 1214 ne-

2225 1253 2370 1324 gotia
2401 1252 2454 1306 in
2491 1251 2603 1306 suis
2635 1251 2768 1306 locis
2790 1251 2879 1305 ubi
2902 1258 3026 1306 orta
3047 1258 3178 1306 sunt
3203 1249 3460 1316 ﬁnitmda,
3486 1265 3588 1307 nec
3605 1251 3829 1306 unicui-

2225 1361 2331 1416 que
2343 1345 2635 1416 provincim
2658 1344 2890 1414 gratiam
2915 1341 3148 1414 Spiritus
3161 1344 3340 1399 sancti
3357 1342 3692 1408 defuturam,
3719 1358 3830 1414 qua

2226 1439 2452 1510 aequitas
2475 1454 2506 1493 a
2524 1437 2726 1494 Christi
2754 1438 3132 1496 sacerdotibus
3150 1448 3206 1494 et
3223 1441 3518 1510 prudenter
3536 1439 3795 1496 videatur
3807 1479 3827 1506 ,

2227 1543 2284 1588 et
2311 1531 2756 1588 constantissime
2782 1539 3055 1588 teneatur.
3091 1552 3109 1585 ι

2299 1623 2414 1680 ΧΠ.
2458 1622 2663 1679 Beatus
2707 1638 2926 1696 quoque
2979 1624 3332 1681 Innocentius
3381 1623 3449 1680 ad
3500 1623 3831 1681 Victrieium

2229 1717 2722 1788 llotbomagensem
2745 1717 3062 1787 episcopum
3087 1717 3198 1772 duo
3220 1716 3456 1788 capitula
3487 1717 3675 1788 magni
3699 1733 3834 1773 con—

2229 1810 2342 1866 cilii
2378 1808 2620 1864 Nicaeni:
2658 1807 2734 1863 De
2775 1809 2860 1863 bis
2887 1808 3143 1866 videlicet
3165 1810 3260 1879 qui
3295 1809 3688 1865 communione
3720 1809 3832 1880 pri-

542 1898 993 1992 mmcomparare
1022 1932 1082 1973 se
1118 1915 1314 1969 audeat
1337 1910 1418 1966 vel
1467 1908 1749 1980 praeferre,
1801 1920 1924 1960 eum
1974 1911 2128 1957 tanto
2155 1898 2202 1960 Β
2232 1913 2428 1959 vantur
2455 1917 2522 1958 ex
2548 1902 2729 1968 clero;
2755 1911 2810 1957 et
2851 1901 2994 1957 aliud
3025 1920 3037 1956 :
3075 1900 3146 1958 Ut
3178 1917 3277 1973 per
3317 1901 3559 1975 singulas
3603 1902 3832 1974 provin-

541 2018 800 2076 divinitus
824 2010 1109 2085 privilegio
1130 2006 1346 2062 Nieiena
1377 2005 1449 2058 sit
1497 2001 1737 2073 synodus
1781 2002 2145 2062 consecrata;

540 2121 603 2171 ut
626 2111 744 2169 sive
763 2122 864 2180 per
882 2104 1185 2176 pauciores,
1235 2100 1350 2154 sive
1394 2112 1489 2167 per
1535 2095 1716 2165 plures
1759 2089 2126 2148 ecclesiastica

535 2205 740 2279 judicia
769 2199 1135 2259 celebrentur,
1167 2193 1316 2248 omni
1339 2191 1554 2281 penitus
1587 2185 1910 2281 auctoritate
1930 2183 2002 2238 sit
2030 2197 2128 2281 va-

539 2271 724 2361 cuum,
754 2287 1018 2363 quidquid
1049 2288 1117 2341 ab
1143 2283 1356 2338 illorum
1406 2279 1572 2335 fuerit
1614 2275 2000 2334 constitutione
2053 2271 2133 2326 di-

539 2402 779 2448 versum.
812 2403 833 2438 ι
871 2383 948 2439 De
974 2379 1128 2449 cujus
1156 2373 1438 2446 privilegio
1460 2370 1604 2445 etB.
1634 2365 1956 2423 Ambrosius
1999 2363 2132 2418 dicit

540 2485 659 2558 (lib.
683 2481 786 2538 Ide
810 2477 967 2542 Fide,
998 2493 1045 2530 c.
1066 2474 1155 2544 9);
1185 2489 1204 2523 ι
1240 2469 1356 2525 Non
1412 2467 1646 2558 humana
1691 2459 1980 2523 industria,
2023 2471 2131 2557 non

540 2557 933 2646 compositione
959 2566 1138 2635 aliqua
1164 2604 1188 2628 ,
1231 2559 1458 2616 trecenti
1491 2557 1690 2646 decem
1725 2561 1783 2607 et
1818 2559 1958 2646 (octo
2018 2563 2132 2619 epio

540 2644 693 2734 scopi
719 2663 790 2718 ad
815 2657 1106 2718 concilium
1160 2655 1533 2708 convenerunt
1563 2664 1575 2700 :
1601 2645 1696 2702 sed
1723 2652 1784 2697 ut
1814 2644 1868 2697 in
1904 2651 2132 2734 numero

541 2732 757 2820 eorum,
784 2766 880 2824 per
905 2751 1255 2822 signumsuae
1302 2740 1572 2813 passionis
1620 2747 1676 2793 et
1723 2733 1980 2798 nominis,
2027 2732 2133 2788 Do-

543 2846 726 2904 minus
749 2842 909 2900 Jesus
935 2855 1035 2898 suo
1060 2853 1120 2894 se
1144 2835 1399 2909 probaret
1451 2833 1640 2887 adesse
1691 2827 1942 2892 concilio,
1997 2839 2132 2881 crux

545 2940 601 2996 in
630 2936 907 3001 trecentis,
940 2932 1066 2990 Iesu
1095 2943 1290 2986 nomen
1324 2928 1378 2982 in
1401 2926 1586 2981 decem
1618 2931 1671 2979 et
1704 2931 1828 2977 octo
1852 2927 1938 2976 est
1959 2931 2136 2973 sacer-

545 3032 780 3089 dotibus.
812 3049 830 3082 ›
878 3045 896 3080 t
933 3026 1002 3083 Et
1025 3024 1177 3087 mihi,
1211 3021 1387 3092 inquit
1409 3018 1645 3074 Hilarius
1692 3015 1791 3087 (De
1837 3012 2048 3084 synod.,
2079 3011 2135 3065 in

546 3125 697 3197 ﬁne),
727 3122 817 3180 ille
844 3122 961 3193 ipse
980 3132 1238 3175 numerus
1266 3115 1354 3170 hic
1379 3120 1601 3169 sanctus
1625 3117 1734 3175 est,
1759 3107 1813 3162 in
1832 3120 1940 3175 quo
1961 3103 2136 3160 Abra-

545 3221 670 3273 ham
702 3217 878 3271 victor
915 3227 1102 3284 regum
1135 3208 1448 3279 impiorum,
1471 3205 1542 3259 ab
1567 3218 1634 3258 eo
1662 3201 1755 3271 qui
1794 3198 1987 3255 aeterni
2041 3212 2131 3252 sa-

546 3263 772 3366 cerdotii
801 3315 886 3363 est
911 3263 1085 3360 fo:ma
1107 3263 1467 3356 benedicitur.
1501 3315 1522 3347 ι
1556 3293 1625 3349 Et
1648 3293 1776 3348 hinc
1835 3291 1963 3346 item
2011 3289 2134 3344 bea-
2161 3263 2207 3328 ο

549 3415 634 3461 tus
657 3404 768 3460 Leo
793 3417 931 3475 papa
989 3400 1056 3455 ad
1100 3396 1408 3453 Anatolium
1445 3393 1616 3464 (epist.
1665 3390 1758 3456 56,
1803 3395 1926 3458 post
1976 3398 2134 3456 supe-

549 3498 745 3569 riora);
782 3513 800 3547 r
841 3493 1032 3550 Sancti
1063 3491 1137 3546 illi
1182 3500 1237 3545 et
1284 3485 1622 3544 venerabiles
1667 3481 1876 3547 Patres,
1929 3479 2022 3549 qui
2079 3478 2134 3531 in

548 3591 682 3645 urbe
733 3586 949 3643 Niczena
974 3627 990 3650 ,
1060 3581 1324 3653 sacrilego
1377 3579 1506 3634 Ario
1549 3591 1672 3631 cum
1723 3587 1818 3629 sua
1860 3571 2136 3640 impietate

547 3682 824 3746 damnato,
854 3689 1139 3733 mansuras
1165 3689 1336 3744 usque
1366 3671 1421 3725 in
1450 3671 1614 3724 linem
1640 3664 1828 3721 mundi
1849 3664 1996 3734 leges
2046 3675 2138 3716 ec-

547 3772 972 3830 clesiasticorum
1001 3782 1269 3824 canonum
1310 3763 1690 3824 condiderunt,
1749 3766 1804 3813 et
1853 3755 1998 3828 apud
2039 3767 2137 3809 nos

546 3865 602 3920 in
640 3872 755 3919 toto
793 3863 925 3917 orbe
955 3869 1225 3916 terrarum
1278 3856 1331 3909 in
1379 3854 1491 3908 suis
1530 3848 2015 3908 constitutionibus
2061 3844 2141 3898 vi-

546 3963 698 4020 vunt,
722 3962 776 4008 et
801 3953 847 4008 si
889 3950 1016 4021 quid
1065 3961 1293 4017 usquam
1344 3945 1499 4000 aliter
1551 3959 1713 4014 quam
1768 3941 1846 3997 illi
1896 3947 2138 3995 statuere

547 4044 916 4119 praesumitur,
953 4041 1069 4096 sine
1105 4037 1454 4092 cunctatione
1473 4043 1743 4090 cassatnr.
1781 4052 1801 4085 ι

619 4135 688 4192 Χ.
719 4134 872 4202 Quod
915 4137 1162 4188 sanctum
1193 4138 1247 4182 et
1279 4126 1566 4196 mysticum
1613 4121 1903 4180 concilium
1944 4120 2134 4190 praeci-

547 4230 628 4303 pit
672 4226 811 4300 (can.
839 4226 938 4296 v):
975 4213 994 4275 t
1034 4224 1107 4277 De
1136 4222 1234 4300 his
1269 4219 1360 4288 qui
1409 4215 1789 4273 communione
1831 4214 2135 4284 privantur,

549 4331 608 4375 ut
635 4320 752 4375 sive
783 4332 849 4373 ex
893 4316 1058 4378 clero,
1091 4315 1203 4368 sive
1241 4326 1307 4366 ex
1346 4310 1484 4364 laico
1522 4308 1731 4374 ordine,
1765 4308 1833 4363 ab
1873 4306 2140 4378 episcopis

546 4427 646 4482 per
689 4419 1124 4479 unamquamque
1173 4401 1504 4474 provinciam
1551 4399 1819 4455 sententia
1871 4398 2139 4471 regularis

548 4505 813 4569 obtineat,
846 4510 902 4556 ut
933 4501 988 4556 hi
1039 4499 1128 4569 qui
1177 4495 1522 4566 objiciuntur,
1573 4493 1641 4548 ab
1669 4493 1789 4548 aliis
1837 4508 1942 4547 non
1995 4491 2136 4547 reci-

547 4598 765 4670 piantur
800 4614 812 4648 :
847 4593 1156 4665 requiratur
1186 4599 1391 4654 autem,
1435 4604 1502 4643 ne
1544 4587 2010 4658 pusillanimitate,
2045 4594 2137 4640 aut
2158 4631 2214 4694 Β

550 4687 915 4752 contentione,
947 4686 1026 4741 \el
1065 4684 1168 4739 alio
1197 4683 1439 4754 quolibet
1471 4681 1710 4751 episcopi
1758 4679 1912 4744 vitio,
1952 4679 2133 4734 videa-

550 4793 638 4839 tur
668 4797 700 4837 a
727 4778 1148 4852 congregatione
1178 4775 1438 4829 seclusus.
1475 4773 1543 4829 Ut
1564 4774 1667 4828 hoc
1695 4785 1824 4841 ergo
1857 4770 2134 4825 decentius

550 4877 875 4946 inquiratur,
914 4874 1050 4928 bene
1095 4869 1295 4939 placuit
1335 4869 1489 4922 annis
1541 4867 1767 4937 singulis
1809 4875 1902 4934 per
1946 4879 2134 4919 unam-

548 4983 818 5041 quamque
848 4963 1181 5038 provinciam
1216 4962 1297 5016 bis
1334 4962 1386 5014 in
1421 4977 1561 5015 anno
1588 4959 1815 5016 concilia
1845 4957 2131 5023 celebrari,

547 5076 608 5120 ut
641 5063 1000 5120 communiter
1028 5101 1042 5125 ,
1085 5059 1336 5112 omnibus
1375 5055 1534 5113 siinul
1591 5054 1858 5127 episcopis
1907 5069 2133 5125 congre-

548 5161 690 5233 gatis
711 5155 1023 5230 provincim,
1055 5151 1413 5207 discutiantur
1442 5150 1748 5220 bujusmodi
1783 5150 2128 5220 quaestiones,

549 5264 602 5310 et
630 5254 732 5318 sic,
760 5251 851 5322 qui
879 5265 976 5305 suo
1011 5253 1375 5318 peccaverunt
1409 5243 1690 5300 evidenter
1724 5242 1996 5315 episcopo,
2040 5259 2132 5298 ex—

549 5345 930 5403 eonnnunicati
963 5341 1361 5398 rationabiliter
1391 5340 1456 5393 ab
1487 5338 1740 5393 omnibus
1771 5337 2128 5403 :cstimentur,

551 5453 827 5507 usquequo
859 5437 940 5490 vel
976 5435 1027 5490 in
1057 5432 1353 5496 communi,
1392 5430 1470 5484 vel
1507 5430 1757 5500 episcopo
1785 5429 1993 5500 placeat
2027 5430 2127 5484 hu-

551 5529 850 5583 maniorem
877 5543 975 5598 pro
1000 5525 1196 5581 talibus
1229 5523 1370 5578 ferre
1394 5523 1739 5576 sententiam.
1776 5539 1793 5572 ι

621 5618 708 5674 XI.
743 5619 906 5688 Cujus
929 5612 1128 5675 Sancte
1159 5617 1346 5690 synodi
1376 5613 1820 5669 constitutionem
1849 5610 2131 5668 Sardicen-

551 5730 637 5769 ses
671 5728 908 5768 canones
944 5727 1046 5765 non
1076 5709 1384 5766 coni'ellunt
1435 5709 1572 5780 (cup.
1611 5706 1685 5778 7),
1721 5707 1810 5776 qui
1844 5717 1965 5759 cum
1999 5721 2132 5774 pon-

552 5806 710 5862 tiiicis
733 5803 960 5860 Romani
1005 5802 1206 5858 vicario
1237 5802 1320 5855 vel
1367 5801 1593 5855 arbitrio
1639 5809 1860 5854 causam
1896 5797 2132 5867 episcopi

552 5901 604 5955 in
643 5897 957 5972 provinciali
1006 5895 1210 5964 synodo
1246 5892 1471 5962 judicati
1499 5933 1511 5956 ,
1548 5892 1708 5946 etiam
1755 5889 2129 5960 episcoporum

2231 1998 2344 2055 cias
2363 1997 2476 2053 suis
2495 1996 2778 2066 privilegia
2800 2003 3086 2052 serventur
3112 1995 3370 2054 Ecclesiis
3395 2013 3412 2064 ;
3432 2006 3490 2053 et
3517 1997 3829 2067 capitulum

2233 2087 2574 2146 Sardieeusis
2602 2085 2818 2144 concilii
2860 2087 2927 2142 de
2955 2087 3338 2157 episcoporum
3364 2087 3434 2142 ad
3464 2087 3832 2158 apostolicam

2233 2182 2414 2239 sedem
2469 2179 2849 2249 appellatione,
2899 2195 3006 2236 uno
3058 2179 3300 2249 capitulo
3344 2179 3618 2251 sagaciter
3666 2188 3836 2249 atque

2236 2282 2485 2345 patenter
2529 2271 2792 2342 explicat,
2837 2271 3023 2327 dicens
3068 2271 3242 2342 (epist.
3272 2272 3296 2325 l
3331 2271 3638 2343 Innocent.)
3667 2286 3684 2324 :
3719 2291 3737 2322 ο
3776 2270 3834 2327 Si

2234 2384 2359 2439 quas
2399 2375 2578 2422 autem
2630 2381 2809 2421 causa:
2839 2365 2924 2420 vel
2974 2367 3354 2423 contentiones
3397 2367 3540 2422 inter
3593 2366 3832 2422 clericos

2233 2466 2346 2513 tam
2377 2456 2676 2528 superioris
2711 2454 2929 2526 gradus,
2972 2469 3139 2526 quam
3163 2457 3330 2512 etiam
3368 2455 3677 2523 inferioris,
3718 2457 3837 2513 fue-

2237 2549 2352 2604 rint
2376 2557 2600 2615 exortus,
2627 2548 2830 2618 placuit
2858 2556 2916 2602 ut
2938 2550 3234 2604 secundum
3249 2547 3835 2618 synndumNieienam,

2236 2642 2579 2714 congregatis
2593 2641 2842 2697 omnibus
2858 2641 3100 2711 ejusdem
3124 2643 3418 2712 provincia
3433 2644 3727 2714 episcOpis,
3743 2643 3837 2713 ju-

2235 2734 2438 2790 dicium
2470 2733 2821 2799 terminetur;
2856 2749 2955 2790 nec
2981 2733 3140 2790 alicui
3173 2735 3352 2800 liceat,
3378 2737 3497 2792 sine
3514 2733 3841 2808 praeiudicio

2236 2836 2418 2884 tamen
2469 2825 2744 2882 Romanis
2783 2825 3056 2891 Ecclesiae,
3111 2825 3197 2882 cui
3247 2827 3302 2882 in
3351 2827 3605 2884 omnibus
3655 2828 3845 2884 causis

2237 2917 2400 2977 debet
2437 2920 2746 2976 reverentia
2774 2919 3058 2982 custodiri,
3099 2920 3307 2976 relictis
3340 2921 3425 2977 his
3453 2922 3842 2978 sacerdotibus

2235 3015 2329 3086 qui
2367 3013 2422 3070 in
2445 3013 2634 3069 eadem
2666 3013 2947 3083 provincia
2976 3012 3068 3068 Dei
3119 3011 3420 3068 Ecclesium
3469 3022 3604 3068 nutu
3651 3013 3844 3069 divino

2237 3110 2559 3182 gubernant,
2609 3111 2677 3164 ad
2714 3109 2849 3164 alias
2897 3109 3186 3166 convolare
3222 3109 3556 3179 provincias.
3587 3109 3749 3178 Quod
3793 3109 3834 3165 si

2239 3203 2362 3274 quis
2388 3201 2528 3257 forte
2544 3201 2970 3271 praesumpserit,
2993 3210 3048 3256 et
3071 3202 3140 3256 ab
3161 3200 3342 3257 ofﬁcio
3356 3201 3490 3256 cieri
3517 3203 3838 3268 submotus,

2239 3305 2290 3352 et
2320 3293 2644 3363 injurisrum
2677 3309 2801 3349 reus
2847 3294 2914 3350 ab
2948 3295 3202 3350 omnibus
3226 3293 3521 3362 jndieetnr.
3553 3294 3612 3350 Si
3655 3306 3843 3352 autem

2239 3390 2474 3460 majores
2499 3404 2676 3444 causm
2704 3389 2757 3442 in
2794 3388 2974 3444 medio
3002 3387 3206 3444 iuerint
3231 3387 3518 3453 devolutis,
3548 3389 3618 3442 ad
3645 3391 3841 3445 sedem

2244 3480 2612 3551 apostolicam,
2667 3480 2806 3534 sicut
2859 3480 3094 3551 synodus
3143 3481 3357 3545 statuit,
3401 3491 3456 3535 et
3493 3482 3654 3536 beata
3699 3496 3838 3536 con-

2238 3571 2466 3628 suetudo
2486 3571 2672 3641 exigit,
2702 3579 2821 3642 post
2842 3569 3108 3640 judicium
3133 3571 3444 3643 episcopale
3466 3572 3837 3629 referantur.»

2239 3665 2295 3720 In
2323 3679 2390 3721 eo
2415 3665 2562 3720 enim
2593 3666 2737 3734 quod
2762 3665 2915 3731 dicit,
2943 3677 3004 3721 ut
3028 3665 3326 3720 secundum
3356 3667 3622 3739 synodum
3656 3667 3840 3723 Nicae-

2240 3771 2386 3822 nam,
2433 3756 2774 3827 congregatis
2829 3756 3071 3827 ejusdem
3118 3757 3412 3828 provinciae
3456 3760 3728 3830 episcOpis
3780 3760 3844 3815 de

2239 3851 2445 3908 exortis
2460 3852 2639 3906 causis
2653 3849 2922 3918 judicium
2949 3850 3298 3915 terminetur,
3314 3851 3612 3922 capitulum
3632 3851 3844 3908 Nicmni

2241 3945 2456 4001 concilii
2490 3946 2554 4000 de
2603 3944 3091 4000 excommunicatis
3147 3943 3400 4015 explanat
3431 3965 3444 4000 :
3478 3946 3534 4001 in
3577 3962 3643 4002 eo
3697 3947 3841 4018 quod

2242 4040 2309 4092 ad
2353 4037 2489 4093 alias
2535 4051 2918 4108 quemcunque
2957 4040 3022 4094 de
3057 4037 3434 4095 ecclesiastico
3479 4040 3673 4095 ordine
3718 4057 3845 4112 pro-

2242 4127 2394 4184 hibet
2422 4128 2711 4184 convolare
2752 4131 3078 4200 provincias,
3107 4131 3252 4186 aliud
3283 4131 3579 4201 capitulum
3629 4131 3844 4187 Μιεεηί

2250 4219 2466 4275 concilii
2515 4221 2766 4288 explicat,
2817 4224 2960 4291 quod
2987 4221 3156 4290 jubet,
3192 4232 3256 4277 nt
3291 4235 3390 4294 per
3440 4224 3689 4293 singulas
3719 4239 3846 4295 pro-

2245 4311 2452 4366 vincias
2512 4313 2622 4366 suis
2674 4313 2950 4382 privilegia
3002 4324 3289 4367 serventur
3359 4313 3624 4369 Ecclesiis
3654 4353 3671 4380 ,
3727 4315 3844 4370 sine

2242 4404 2556 4475 praeiudicio
2590 4413 2767 4459 tamen
2809 4405 3072 4461 Romanae
3099 4405 3396 4461 Ecclesiae:
3431 4415 3490 4463 ut
3516 4407 3562 4460 si
3602 4407 3845 4478 majores

2244 4511 2442 4565 causae,
2475 4509 2706 4568 quarum
2739 4513 2845 4552 una
2877 4508 2962 4554 est
3000 4499 3066 4555 de
3113 4499 3352 4570 episcopi
3393 4499 3624 4571 judicati
3660 4501 3846 4574 appel—

2244 4590 2460 4658 latione,
2505 4591 2558 4645 in
2591 4590 2768 4646 medio
2812 4590 3014 4647 fuerint
3059 4591 3346 4659 devoluta,
3378 4593 3446 4649 ad
3483 4593 3672 4649 sedem
3718 4609 3845 4665 apo-

2243 4685 2513 4752 stolicam,
2541 4685 2679 4742 sicut
2711 4685 2971 4757 synodus,
2996 4686 3125 4757 quin
3148 4685 3519 4754 Sardicensis,
3545 4689 3763 4754 statuit,
3791 4696 3846 4743 et

2243 4789 2399 4835 vetus
2447 4779 2780 4835 consuetudo
2829 4779 3034 4851 exigit,
3075 4788 3198 4851 post
3243 4779 3507 4850 judicium
3532 4780 3846 4852 episcopale

2248 4873 2573 4928 refcrantur.
2610 4871 2850 4938 Scilicet,
2896 4885 2954 4927 ut
2984 4879 3076 4927 aut
3111 4870 3268 4940 juxta
3309 4873 3652 4943 praemissum
3679 4872 3845 4944 septi-

2249 4979 2394 5019 mum
2445 4963 2788 5020 Sardicensis
2842 4965 3058 5020 concilii
3123 4965 3459 5036 capitulum,
3517 4965 3846 5036 appellantis

2245 5055 2484 5127 episcopi
2510 5069 2672 5111 causa
2699 5057 2750 5111 in
2783 5057 3086 5128 provincia,
3123 5059 3180 5112 in
3215 5073 3322 5128 qua
3351 5057 3452 5114 fuit
3493 5069 3713 5123 exorta,
3743 5058 3844 5114 dit-

2247 5148 2488 5217 ﬂniatur,
2536 5159 2632 5207 aut
2664 5151 2930 5223 judicium
2970 5155 3353 5226 episcoporum
3393 5156 3712 5227 provincia,
3761 5169 3844 5212 se-

2245 5243 2479 5298 cundum
2516 5243 2732 5299 decreta
2772 5242 3058 5312 Bonifueii,
3100 5247 3414 5316 apostolicae
3460 5248 3608 5304 sedis
3654 5258 3844 5304 aucto-

2245 5333 2408 5387 ritate
2454 5333 2828 5401 conﬂrmetur,
2871 5344 2926 5391 et
2964 5337 3104 5394 sicut
3147 5338 3260 5394 Leo
3312 5340 3553 5410 scripsit,
3595 5339 3840 5409 ejusdem

2243 5425 2388 5481 sedis
2421 5426 2690 5481 sententia
2735 5428 3043 5485 robOretur.
3073 5429 3210 5496 Quia
3253 5445 3385 5487 vero
3428 5439 3650 5486 sanctus
3682 5431 3841 5488 Inno-

2241 5517 2455 5574 centius
2501 5532 2605 5572 uon
2661 5517 2957 5587 Niczenam,
2991 5522 3090 5578 sed
3140 5521 3526 5580 Sardicensem
3574 5524 3840 5595 synodum

2242 5610 2308 5664 de
2342 5610 2703 5681 appellatione
2751 5612 2994 5685 episcopi
3033 5615 3101 5671 ad
3135 5616 3322 5672 sedem
3374 5616 3736 5686 apostoiieam
3788 5616 3839 5670 in

2241 5705 2618 5761 auctoritatem
2675 5706 2879 5774 traxit,
2939 5710 3033 5781 qui
3091 5717 3354 5783 utrasque
3406 5713 3650 5782 synodos
3683 5712 3834 5781 legit,

2243 5807 2429 5869 aperte
2451 5797 2724 5869 intelligit.

2311 5886 2443 5980 Xlll.
2489 5888 2846 5977 Sacrai‘leges
2873 5908 2935 5982 ac
2975 5897 3208 5982 (regula,
3239 5897 3594 5971 presbyteros
3639 5905 3696 5954 et
3741 5909 3839 5953 ev:-
