3950 5396
120 189 241 249 I3?

1535 188 1920 249 EPISTOLAS.

3317 193 3422 253 258

125 294 287 341 teros
331 282 608 341 inferioris
657 283 862 356 gradus
898 283 1160 352 clericos,
1224 298 1331 340 non
1387 284 1514 341 alibi
1561 302 1726 357 quam
1755 288 1807 349 Δ
1835 284 2066 339 ebenum
2093 285 2405 356 episcOpum
2436 284 2613 357 (epist,
2635 286 2726 357 50)
2754 305 2765 340 :
2790 286 3197 356 «Revolventes,
3223 289 3421 362 inquit,

124 378 276 453 apud
307 392 435 433 suos
461 375 749 447 episcopos
776 376 1097 453 praecipiunt
1124 376 1370 433 accusari
1399 395 1412 431 :
1445 393 1477 433 a
1508 378 1728 449 quibus,

123 469 278 525 sicut
323 466 524 524 Africa:
562 466 858 539 provinciae
898 482 1134 525 canones
1165 467 1492 534 decernunt,
1537 484 1728 527 eorum

124 579 298 619 causa
328 562 493 620 debet
517 562 714 627 audiri,
740 571 797 618 et
826 562 967 619 sicut
1013 572 1235 619 sanctus
1274 562 1575 636 Gregorius
1597 580 1729 622 con-

123 654 332 720 stituit,
370 668 496 712 cum
546 653 884 725 presbyteris
912 653 999 709 vel
1044 651 1257 710 clericis
1301 669 1414 710 suae
1458 656 1729 726 parochitc

115 745 382 816 iudicari.
426 744 531 819 Qui
562 745 705 801 forte
748 745 795 801 si
830 743 901 802 de
918 742 1139 817 judiciis
1186 747 1566 819 episcoporum
1597 763 1726 805 suo-

126 856 259 895 rum
290 838 470 911 questi
502 837 728 909 fuerint.
751 839 821 897 ad
840 854 977 913 quos
1003 839 1083 894 eis
1106 839 1178 897 sit
1203 840 1635 912 provocandum,
1662 842 1727 898 de

123 932 496 1006 appellatione
527 932 973 1007 presbyterorum
1020 948 1086 990 ac
1133 933 1487 991 diaconorum
1532 935 1598 990 ad
1648 935 1727 991 vi-

125 1028 289 1083 cinos
312 1038 370 1084 et
396 1025 665 1084 ﬁnitimos
694 1027 1003 1101 episcopos,
1033 1042 1173 1099 papa
1200 1027 1454 1085 Zosimus
1483 1029 1538 1084 in
1578 1042 1723 1084 com-

126 1118 430 1175 monitorio
463 1132 562 1191 per
588 1112 910 1175 Faustinum
955 1117 1271 1193 episcopum
1316 1128 1373 1175 et
1418 1118 1725 1190 Philippum

127 1226 194 1267 ac
235 1209 483 1269 Asellum
511 1211 863 1283 presbyteros
901 1210 1111 1266 directo
1155 1210 1575 1281 Carthaginensi
1604 1226 1728 1268 oon-

137 1300 292 1369 cilio,
350 1302 408 1358 in
453 1300 682 1359 concilio
735 1298 1044 1359 Sardicensi
1097 1302 1333 1372 capitulo
1381 1303 1595 1361 decimo
1641 1320 1728 1360 se-

128 1394 311 1467 ptimo
345 1395 654 1452 continetur
683 1395 788 1453 hoc
813 1381 1004 1461 modo,
1053 1394 1214 1453 Osius
1260 1395 1545 1469 episcopus
1593 1396 1727 1453 dixit

128 1489 279 1560 (cap.
310 1487 449 1561 i7):
489 1508 509 1542 ι
545 1488 703 1558 Quod
733 1490 1035 1552 me,iadbuc
1082 1497 1287 1557 movet,
1341 1489 1571 1546 reticere
1616 1504 1723 1546 non

127 1580 329 1637 debeo.
368 1579 426 1636 Si
456 1581 742 1655 episcopus
764 1583 889 1654 quis
906 1580 1049 1638 forte
1073 1580 1387 1648 iracundus,
1419 1584 1566 1653 quod
1602 1596 1723 1639 esse

1837 374 2220 432 auctoritatem
2248 374 2480 433 Nicaeum
2521 378 2734 451 synodi,
2766 396 2886 450 quae
2913 397 3018 436 una
3047 383 3290 441 omnium
3320 400 3418 455 per

1833 467 2021 523 orbem
2052 475 2322 549 terrarum
2354 479 2592 526 mentem
2622 470 2857 542 explicat
2882 474 3262 543 sacerdotum,
3297 492 3419 548 quat

1833 559 2044 615 censuit
2068 559 2134 617 de
2161 561 2500 618 Antiochena
2540 562 2779 620 Ecclesia
2805 567 3018 621 cunctis
3041 564 3310 634 ﬁdelibus,
3349 582 3419 624 uc

1833 649 2067 708 dixerim
2100 654 2494 721 sacerdotibus,
2542 670 2661 711 esse
2704 658 3074 713 necessarium
3122 659 3423 729 custodire,

1830 763 1937 819 qua
1981 762 2146 820 super
2202 749 2483 806 dioecesim
2534 765 2689 806 suam
2734 734 3051 823 praedictam
3096 752 3418 822 Ecclesiarn,

1832 855 1939 896 non
1965 856 2130 912 super
2149 840 2309 897 aliam
2336 842 2575 913 aliquam
2600 845 2957 915 provinciam,
2981 848 3422 918 recognoscimus

1831 931 2203 991 constitutam.
2239 955 2257 987 ι
2296 935 2362 990 Et
2395 934 2713 992 Bonifacius
2737 952 2874 1007 papa
2899 940 2967 994 ad
2994 937 3261 995 Hilarium
3286 938 3422 996 Nar-

1830 1026 2124 1083 bonensem
2177 1027 2349 1098 (epist.
2397 1027 2562 1099 ill):
2602 1046 2619 1079 ι
2646 1027 2809 1095 Nulli,
2844 1030 3039 1101 inquit,
3074 1030 3291 1088 videtur
3332 1034 3421 1088 in-

1829 1117 2046 1190 cognita
2094 1119 2284 1191 synodi
2314 1116 2545 1175 Nicatnaa
2589 1120 2928 1187 constitutio,
2959 1137 3079 1193 quae
3114 1123 3190 1178 ita
3223 1124 3422 1195 praeci-

1830 1209 1929 1281 pit,
1958 1218 2021 1265 ut
2049 1209 2239 1265 eadem
2279 1211 2501 1282 proprie
2550 1212 2718 1269 verba
2764 1227 3053 1283 ponamus,
3098 1228 3197 1284 per
3226 1231 3421 1271 unam-

1830 1318 2102 1374 quamque
2151 1303 2489 1375 provinciam
2537 1305 2629 1378 jus
2678 1304 3124 1377 metropolitanos
3176 1308 3418 1380 singulos

1826 1393 2035 1451 habere
2075 1394 2291 1463 debere,
2338 1410 2438 1452 nec
2485 1397 2742 1469 cuiquam
2782 1398 2916 1454 duas
2961 1414 3082 1455 esse
3126 1397 3417 1469 subjectos.

1828 1484 1984 1555 Quod
2009 1486 2105 1555 illi,
2132 1489 2259 1559 quia
2288 1488 2446 1546 aliter
2466 1491 2797 1547 credendum
2823 1506 2933 1548 non
2959 1500 3064 1558 est,
3090 1493 3420 1550 servandum

1831 1575 2037 1650 Spiritu
2067 1589 2256 1636 sancto
2284 1591 2611 1654 suggerente
2639 1582 2861 1640 sibimet
2882 1594 3229 1641 censuerunt.
3262 1586 3420 1655 Quod

126 1687 244 1729 non
274 1672 461 1738 debet,
482 1673 591 1729 cito
618 1684 675 1731 ei
699 1688 892 1746 aspere
914 1683 1290 1733 commovetur
1313 1676 1579 1732 adversus
1601 1690 1724 1747 pro.
1751 1658 1802 1723 Β
1830 1669 2034 1728 idcirco
2056 1671 2308 1758 dicimus,
2338 1682 2398 1729 ut
2437 1675 2686 1731 advertat
2722 1674 2965 1732 Charitas
3002 1686 3112 1739 tua,
3145 1678 3283 1733 adeo
3318 1694 3421 1734 nos

125 1763 413 1837 sby'terum
440 1764 555 1821 sive
582 1762 871 1822 diaconum
906 1782 1088 1834 suum,
1113 1774 1170 1824 et
1197 1767 1567 1825 exterminare
1596 1781 1723 1823 eum

126 1856 470 1913 de'Ecclesia
499 1857 749 1922 voluerit,
786 1859 1180 1931 providendum
1208 1867 1315 1927 est,
1356 1875 1425 1916 ne
1462 1859 1725 1918 innocens

125 1949 446 2018 damnetur,
498 1961 598 2007 aut
641 1951 832 2023 perdat
866 1953 1330 2021 communionem,
1378 1962 1433 2011 et
1473 1954 1602 2011 ideo
1627 1956 1725 2011 ba-

123 2037 259 2096 be'at
303 2047 630 2110 potestatem
676 2042 725 2099 is
768 2042 859 2115 qui
909 2042 1154 2115 abjectus
1202 2051 1309 2114 est,
1338 2052 1401 2100 ut
1441 2044 1726 2117 episcopos

123 2129 396 2189 finitimos
441 2131 773 2205 interpellet,
803 2142 860 2191 et
886 2149 1056 2192 causa
1082 2132 1205 2205 ejus
1246 2134 1522 2206 audiatur,
1570 2135 1726 2193 ctdio

124 2223 391 2296 ligentius
431 2234 695 2283 tractetur
723 2241 738 2281 :
764 2227 895 2299 quia
939 2243 1055 2285 non
1093 2235 1313 2300 oportet
1335 2229 1523 2301 negari
1550 2228 1602 2285 ei
1628 2243 1727 2285 au-

125 2315 399 2374 dientiam
442 2318 682 2391 roganti.
714 2318 783 2374 Et
823 2319 917 2376 ille
960 2320 1273 2392 cpiscopus,
1316 2320 1410 2391 qui
1445 2319 1594 2390 iuste
1634 2329 1728 2377 aut

123 2406 337 2479 injuste
366 2425 499 2481 eum,
527 2411 749 2481 abiecit,
779 2411 1051 2482 patienter
1079 2411 1315 2487 accipiat
1357 2421 1422 2467 ut
1446 2411 1726 2483 negotium

124 2500 479 2572 discutiatur,
514 2511 579 2560 ut
603 2503 690 2559 vel
732 2502 992 2575 probetur
1031 2503 1307 2562 sententia
1352 2502 1475 2576 ejus
1502 2518 1534 2558 a
1558 2502 1726 2574 pluri-

128 2592 256 2660 mis,
282 2592 374 2649 vel
402 2594 743 2652 emendetur.
773 2594 979 2653 Tamen
1031 2597 1353 2668 priusquam
1382 2595 1563 2655 omnia
1600 2594 1723 2653 dili-

123 2692 322 2756 genter
372 2686 690 2766 etﬁdeliter
734 2688 1141 2755 examinentur,
1187 2704 1313 2744 eum
1350 2687 1444 2759 qui
1488 2685 1725 2742 fuerata

124 2780 519 2837 communione
566 2790 855 2854 separatus
878 2822 899 2851 ,
937 2790 1065 2839 ante
1121 2782 1491 2855 cognitionem
1544 2781 1726 2839 nullus

128 2873 293 2929 debet
336 2888 673 2944 praesumere
722 2884 785 2932 ut
826 2891 954 2933 eum
995 2876 1367 2935 communioni
1415 2876 1609 2934 societ.
1657 2874 1725 2931 Hi

127 2981 285 3033 vero,
318 2967 415 3041 qui
454 2968 793 3025 conveniunt
845 2968 918 3033 ad
967 2969 1330 3038 audiendum,
1388 2969 1437 3026 si
1491 2969 1728 3026 viderint

130 3058 460 3115 clericorum
490 3074 610 3117 esse
634 3059 843 3117 fastum
888 3069 947 3125 et
973 3061 1307 3133 superbiam,
1337 3062 1464 3132 quia
1493 3075 1603 3117 non
1628 3060 1725 3117 de—

128 3163 215 3211 cet
244 3162 307 3211 ut
332 3154 620 3227 episcopus
644 3153 903 3226 iniuriam
933 3154 1025 3212 vel
1048 3154 1433 3213 contumeliam
1465 3153 1726 3226 patiatur,

129 3247 608 3307 severioribuseos
630 3247 1117 3322 verhiseastigent,
1144 3256 1206 3306 ut
1230 3248 1485 3306 obediant
1500 3247 1729 3305 normata

129 3340 471 3414 praecipienti
500 3340 795 3413 episcopo;
845 3341 973 3411 quia
998 3342 1143 3401 sicut
1179 3341 1269 3397 ille
1293 3341 1507 3399 clericis
1553 3341 1729 3399 since-

131 3434 546 3497 rum‘exltibere
584 3434 751 3491 debet
778 3447 1020 3491 amorem
1050 3434 1359 3501 cbaritatis,
1405 3435 1483 3491 ita
1514 3448 1730 3503 quoque

130 3526 379 3585 vicissim
410 3524 643 3588 ministri
675 3523 919 3582 infucata
942 3525 1146 3583 debent
1194 3525 1454 3596 episcopo
1509 3539 1611 3580 suo
1635 3538 1731 3579 ex-

127 3618 331 3674 bibere
353 3614 631 3684 obsequia.
676 3634 696 3668 ι

202 3703 352 3764 XIV.
382 3704 493 3760 Nec
517 3706 625 3762 hoc
664 3705 961 3777 capitulum
998 3704 1347 3764 Sardlcensis
1376 3705 1594 3762 concilii
1619 3704 1731 3761 dis-

129 3799 339 3858 sentire
386 3794 605 3853 videtur
632 3812 663 3853 a
692 3798 932 3867 capitulo
971 3798 1179 3856 Nicacni
1208 3798 1458 3868 concilii,
1488 3814 1599 3870 quo
1636 3813 1733 3857 ex.

129 3891 383 3963 pressius
413 3896 470 3944 et
510 3888 775 3958 apertius,
820 3903 985 3959 quam
1040 3888 1369 3947 Sardioense
1412 3888 1727 3958 concilim,

130 3983 381 4041 decrevit
407 3982 475 4038 de
517 3982 605 4039 his
649 3982 744 4052 qui
790 3984 1172 4041 communione
1220 3983 1504 4054 privantur
1545 3999 1578 4039 a
1603 3999 1731 4055 pro-

128 4079 260 4150 prio
291 4076 566 4148 episcopo,
598 4076 743 4133 sicut
778 4092 943 4147 supra
980 4076 1284 4149 posuimus,
1319 4078 1471 4134 etde
1510 4076 1730 4148 privile-

127 4170 237 4243 giis
265 4169 601 4241 singulorum
634 4170 1180 4240 metropolitanorum
1209 4171 1398 4228 dicens
1436 4173 1579 4246 (can.
1615 4171 1673 4245 6)
1708 4188 1725 4227 :

134 4283 154 4315 s
185 4261 433 4330 Antiqua
481 4262 815 4318 consuetudo
858 4271 1107 4323 servetur
1140 4277 1236 4334 per
1288 4262 1605 4337 Egyptum,
1637 4263 1729 4319 Li-

1827 1781 2098 1827 canonum
2134 1779 2405 1840 praecepta
2434 1785 2679 1835 servare,
2713 1778 2772 1825 ut
2812 1770 2888 1825 ita
2916 1770 3236 1827 constitutio
3282 1786 3419 1841 quo-

1824 1876 1931 1933 que
1959 1869 2146 1919 nostra
2177 1860 2429 1930 diﬂiniat,
2455 1869 2727 1933 quatenus
2753 1861 3156 1935 metropolitani
3177 1862 3259 1918 sui
3287 1877 3422 1918 una-

1826 1967 2056 2027 quaeque
2107 1954 2389 2025 provincia
2420 1954 2476 2010 in
2512 1954 2770 2011 omnibus
2806 1955 2971 2012 rebus
3018 1956 3421 2011 ordinationem

1825 2059 2042 2116 semper
2075 2056 2373 2117 exspectet.
2406 2066 2427 2100 ι
2461 2046 2529 2103 Et
2559 2048 2645 2103 his
2671 2055 3038 2104 consonanter
3082 2047 3416 2104 leestinus

1828 2134 1931 2207 (ep.
1957 2136 2049 2201 ll,
2088 2152 2180 2205 per
2224 2133 2479 2195 Visum.
2511 2148 2559 2192 et
2586 2137 2856 2211 Narbon.)
2884 2157 2897 2194 :
2922 2158 2941 2192 ι
2976 2138 3140 2195 Juxta
3168 2140 3414 2207 decreta,

1828 2224 2021 2297 inquit,
2055 2240 2353 2295 canonum,
2381 2230 3034 2302 unaquaequeprovincia
3074 2246 3172 2288 suo
3207 2241 3413 2291 metro-

1825 2317 2067 2391 politano
2090 2327 2347 2377 contenta
2374 2320 2481 2387 sit,
2526 2330 2588 2376 ut
2632 2321 2937 2379 decessoris
2977 2324 3153 2380 nostri
3186 2325 3314 2382 data
3350 2325 3420 2383 ad

1825 2412 2239 2470 Narbonensem
2265 2415 2582 2486 episcOpum
2609 2415 2899 2472 continent
2940 2418 3262 2474 constituta.
3306 2417 3420 2473 Nec

1827 2507 2163 2577 usurpationi
2188 2506 2343 2564 locus
2364 2507 2528 2563 alicui
2555 2508 2827 2564 sacerdoti
2856 2507 2914 2563 in
2956 2507 3184 2565 alterius
3221 2522 3421 2565 conce-

1824 2599 1985 2657 datur
2012 2598 2291 2673 injuriam.
2334 2598 2418 2657 Sit
2454 2600 2729 2657 concessis
2769 2600 2875 2657 sibi
2910 2607 3200 2657 contentus
3246 2616 3415 2657 unus—

1810 2693 2056 2765 quisque
2093 2692 2388 2762 limitibus,
2420 2692 2561 2749 alter
2591 2692 2650 2747 in
2693 2691 2920 2749 alterius
2951 2691 3233 2761 provincia
3278 2690 3418 2747 nihil

1824 2793 2146 2855 praesumat.
2177 2804 2196 2837 ι
2234 2784 2302 2839 Et
2329 2782 2442 2840 Leo
2470 2783 2542 2845 ad
2564 2780 2866 2838 Maximum
2901 2781 3219 2853 episcopum
3244 2780 3416 2854 (epist.

1826 2875 1935 2932 66:
1973 2897 1992 2931 ι
2021 2875 2163 2944 Etsi,
2218 2876 2416 2947 inquit,
2461 2876 2677 2932 diversa
2702 2890 3095 2947 nonnunquam
3135 2882 3266 2932 sunt
3304 2890 3419 2930 me-

1828 2967 1931 3025 rita
1956 2969 2273 3040 prmsulum,
2293 2966 2417 3038 jura
2452 2976 2634 3025 tamen
2656 2977 2980 3041 permanent
3007 2969 3238 3025 sodium.
3270 2988 3288 3022 ι
3519 3033 3529 3041 _

1904 3058 2045 3117 XVI.
2074 3060 2144 3117 Et
2164 3060 2569 3119 Antiocheam
2594 3059 2911 3128 concilium,
2940 3076 3188 3135 amsgna
3209 3063 3419 3133 synodo

1826 3153 2260 3215 Chalcedonensi
2289 3152 2509 3220 actione
2529 3153 2851 3215 duodecima
2896 3152 3268 3210 favorabiliter
3310 3153 3424 3209 col-

1827 3247 2129 3314 laudatum,
2157 3261 2392 3317 sequens
2422 3247 2648 3303 decreta
2674 3246 2880 3304 Nicani
2906 3248 3123 3307 concilii
3154 3248 3297 3321 (can.
3327 3247 3418 3319 6):

1832 3358 1855 3394 ι
1884 3338 2115 3409 Siquis,
2157 3338 2359 3409 inquit,
2396 3353 2430 3397 a
2476 3337 2703 3409 proprio
2725 3339 2993 3409 episcopo
3032 3340 3421 3397 communione

1829 3431 2073 3501 privatus
2119 3438 2222 3495 est,
2252 3444 2361 3485 non
2398 3437 2537 3485 ante
2590 3429 2924 3499 suscipiatur
2969 3430 3041 3486 ab
3068 3430 3215 3498 aliis,
3254 3446 3420 3500 quam

1830 3537 1931 3579 suo
1956 3521 2338 3578 reconcilietur
2350 3520 2608 3590 episcopo
2629 3526 2723 3574 aut
2761 3529 2911 3575 certe
2932 3520 3001 3574 ad
3013 3520 3279 3591 synodum
3299 3536 3421 3592 quae

1830 3625 2194 3687 congregatur
2241 3626 2542 3668 occurrens
2594 3625 2695 3685 pro
2750 3626 2813 3668 se
2856 3611 3180 3678 satisfaciat,
3217 3622 3274 3669 et
3298 3628 3424 3685 per-

1832 3708 2066 3779 suadens
2091 3705 2325 3763 concilio
2346 3703 2673 3760 sententiam
2706 3702 2969 3776 suscipiat
3014 3703 3261 3760 alteram.
3289 3704 3420 3763 [lies

1833 3810 2017 3858 autem
2040 3798 2294 3857 difﬁnitio
2320 3804 2543 3853 maneat
2562 3795 2710 3853 circa
2739 3797 2929 3864 laicus,
2960 3806 3016 3853 et
3045 3799 3418 3871 presbyteros,

1830 3902 1888 3950 et
1926 3893 2204 3956 diaconos,
2235 3902 2533 3960 omnesun
2573 3890 2667 3961 qui
2716 3890 2818 3946 sub
2842 3890 3026 3963 regula
3085 3905 3215 3948 esse
3259 3908 3417 3949 mon-

1830 3995 2093 4044 strantur.
2121 4003 2141 4037 ι
2171 3983 2239 4039 Et
2262 3982 2491 4053 loquens
2511 3982 2583 4039 dc
2599 3983 2846 4039 conciliis
2871 3984 3111 4055 capitulo
3127 3985 3417 4054 vigesimo,

1832 4082 1964 4140 dicit
1990 4100 2005 4136 :
2029 4098 2049 4132 ι
2068 4080 2127 4135 In
2141 4078 2275 4150 ipsis
2293 4076 2541 4133 conciliis
2560 4076 2741 4132 adsint
2764 4077 3091 4150 presbyteri,
3105 4077 3417 4146 etjdiaconi,

1831 4182 1889 4229 et
1915 4188 2128 4238 omnes,
2157 4169 2251 4240 qui
2280 4183 2343 4225 se
2362 4168 2523 4224 lases
2548 4168 2882 4233 existimant,
2927 4178 2983 4224 et
3024 4168 3217 4240 synodi
3251 4181 3422 4239 expe-

1833 4264 2044 4319 riantur
2084 4272 2336 4316 examen.
2368 4258 2541 4315 Nullis
2563 4272 2693 4314 vero
2712 4257 2874 4314 liceat
2898 4258 3043 4328 apud
3066 4272 3128 4313 se
3148 4257 3426 4314 celebrare

128 4354 303 4426 bﬁm
353 4364 411 4409 et
437 4355 778 4427 Pentapolim
809 4375 823 4410 :
865 4358 938 4413 ita
966 4365 1025 4413 ut
1064 4356 1462 4415 Alexandrinus
1504 4360 1723 4429 episco-
1755 4405 1808 4429 η
1834 4353 2088 4420 concilia,
2119 4359 2325 4422 praeter
2343 4364 2438 4407 eos
2478 4350 2679 4420 quibus
2728 4348 3146 4418 metropolitana
3182 4349 3306 4420 jura
3340 4351 3423 4403 vi~

129 4463 237 4518 pus
270 4448 465 4503 horum
492 4449 737 4504 omnium
769 4450 1479 4522 habeat-potestatem,quia
1499 4458 1556 4507 et
1580 4451 1731 4507 urbis

131 4537 327 4593 Romae
351 4547 611 4612 episcopo
644 4540 836 4613 parilis
862 4556 983 4597 mos
1021 4548 1123 4596 est.
1154 4538 1418 4596 Similiter
1447 4550 1629 4596 autem
1677 4550 1735 4598 et

134 4628 282 4699 apud
303 4630 673 4699 Antiochiam,
700 4641 1034 4704 ceterasque
1059 4632 1388 4703 provincias,
1423 4634 1540 4688 suis
1559 4634 1730 4704 privi-

137 4720 281 4790 legia
300 4731 594 4780 serventur
617 4723 901 4787 Rcclcsiis.
923 4745 942 4777 r
971 4724 1123 4793 Quod
1149 4725 1373 4794 exponit
1396 4725 1734 4783 Antiochus

138 4814 380 4884 synodus
434 4816 625 4873 dicens
670 4816 813 4889 (catt.
861 4816 921 4887 9)
954 4834 966 4871 :
1001 4815 1151 4875 «Per
1195 4816 1439 4887 ninguida
1487 4818 1735 4888 regiones

139 4907 402 4963 convenit
452 4907 743 4980 episcopos
780 4922 961 4975 Imssc,
1014 4907 1485 4979 metropolitanum
1529 4910 1737 4979 episco-

139 5013 266 5069 pum
294 4996 733 5058 sollicitudinem
768 5001 929 5057 totius
952 5001 1245 5072 provincia:
1269 5016 1478 5072 gerere.
1510 5000 1737 5074 Propter

139 5098 279 5167 quod
330 5099 405 5156 ad
461 5097 807 5169 metropolim
850 5108 1039 5155 Omnes
1080 5098 1334 5168 undique,
1378 5099 1469 5167 qui
1518 5079 1736 5169 negotia

137 5192 394 5250 videntur
445 5193 671 5259 habere,
700 5203 1051 5250 concurrant.
1086 5215 1106 5249 ι
1138 5193 1205 5249 Et
1233 5180 1734 5264 Constantinopoli-

138 5291 327 5341 tanum
359 5283 657 5341 concilium
684 5284 868 5339 dicens
898 5284 1041 5357 (can.
1070 5284 1125 5360 i)
1150 5305 1163 5341 :
1188 5302 1207 5339 ο
1244 5284 1313 5341 Ut
1335 5283 1435 5357 illa.
1458 5298 1582 5354 quae
1610 5290 1739 5338 sunt

1754 4405 1811 4468 D

1834 4449 2031 4504 dentur
2053 4460 2177 4501 esse
2208 4445 2520 4502 commissa.
2559 4464 2581 4497 ι
2606 4444 2677 4499 Et
2705 4443 2945 4513 capitulo
2971 4443 3181 4499 decimo
3218 4451 3376 4498 sexto
3407 4460 3419 4496 :

1841 4557 1865 4592 ς
1896 4536 2206 4594 Perfectum
2227 4549 2357 4601 vero
2395 4535 2686 4592 concilium
2714 4533 2844 4590 illud
2867 4543 2978 4601 est,
3000 4535 3091 4590 ubi
3114 4533 3423 4589 interfuerit

1838 4629 2288 4699 mctropolitanus
2314 4627 2563 4685 antistes.
2595 4646 2615 4681 ι

1913 4720 2075 4778 XVll.
2096 4719 2447 4793 Appellantes
2486 4731 2674 4777 autem
2714 4719 3043 4790 presbyteri,
3067 4717 3156 4774 vel
3179 4716 3419 4783 diaconi,

1840 4829 1871 4867 a
1898 4812 2096 4883 quibus
2124 4822 2181 4869 et
2207 4810 2442 4883 qualiter
2482 4814 2591 4869 sint
2626 4810 2929 4883 iudicandi,
2950 4809 3105 4865 "sacri
3138 4806 3426 4877 Carthagi-

1841 4920 2040 4962 ucnscs
2067 4920 2309 4962 canones
2353 4906 2591 4975 capitulo
2618 4903 2885 4974 vigesimo
2912 4911 2969 4956 et
3004 4897 3242 4971 capitulo
3280 4898 3427 4969 vige-

1843 5001 1984 5057 simo
2024 5007 2218 5057 octavo
2259 4997 2542 5057 evidenter
2568 4994 2882 5056 ostendunt.
2919 4990 3022 5046 Ubi
3069 4998 3249 5045 autem
3290 4988 3435 5045 inter

1843 5102 2189 5151 accusatores
2226 5102 2283 5149 et
2311 5103 2595 5149 accusatos
2622 5100 2790 5145 causa
2824 5084 3015 5137 debeat
3056 5079 3271 5151 agitari,
3302 5080 3435 5136 Car-

1843 5186 2165 5258 thaginense
2190 5182 2483 5242 concilium
2517 5182 2727 5241 statuit,
2768 5175 2952 5229 dicens
2986 5174 3131 5243 (can.
3152 5171 3283 5243 30)’:
3320 5192 3337 5225 ε
3368 5175 3439 5231 Ut

1849 5288 2157 5345 accusatus,
2183 5277 2269 5334 vel
2297 5286 2602 5341 accusator,
2630 5273 2686 5327 in
2710 5279 2779 5321 eo
2799 5264 2938 5327 loco,
2967 5265 3111 5320 unde
3134 5272 3217 5322 est
3235 5263 3327 5322 ille
3345 5270 3441 5338 qui

1851 5380 2137 5396 AAAaq-AA-‘..
2192 5371 2370 5396 ’κρέα-ιη
2406 5365 2449 5396 οἶ

2113 5389 2137 5396 ..
2192 5371 2370 5396 1..-“...
2406 5365 2507 5396 aut:
2543 5365 2707 5396 ηιιηηο
2742 5355 3046 5396 ιπιηῐίπιιιηι
3098 5370 3207 5396 mm
3235 5371 3341 5396 nnn
3372 5361 3435 5396 eis
