3950 5396
517 395 625 462 959

1483 405 1813 462 ΗΙΝΟΜΑΒΙ
1849 404 2246 472 RHEMENSIS
2280 405 2799 463 ARCHIEPISCOPI

3698 405 3804 462 360

519 533 645 574 reus
673 519 993 589 prohibetur
1029 518 1225 573 audiri.
1257 538 1276 570 ι
1308 518 1376 573 Et
1397 518 1528 572 item
1556 536 1567 570 :
1603 538 1622 570 ί
1653 519 1712 574 Si
1745 519 1866 586 quis
1901 517 2100 574 adver—
2127 521 2182 593 Α
2208 515 2403 578 iisdem
2423 517 2672 590 synodis,
2698 516 3189 602 antellongissimaa
3216 517 3396 602 aetatis
3421 532 3598 600 annos
3624 495 3804 602 usque

519 613 760 677 sarium,
816 621 908 667 aut
963 611 1315 679 repetitione,
1368 618 1460 665 aut
1505 611 1756 665 criminis
1801 609 2104 680 obiectione

517 703 838 774 pulsaverit,
867 702 1164 772 provincia,
1190 703 1244 755 in
1276 717 1380 770 qua
1405 701 1653 757 consistit
1681 701 1774 758 ille
1795 700 1887 769 qui
1918 699 2100 769 pulsa-

523 804 634 859 tur,
664 809 792 848 suas
821 802 1009 848 exerat
1037 793 1302 858 actiones,
1331 808 1431 858 nec
1463 793 1699 848 aestimet
1729 791 2103 847 adversarium

519 902 679 940 suum
707 884 831 938 alibi
857 893 951 940 aut
974 885 1185 956 longius
1212 885 1656 954 pertrahendum.
1687 903 1709 935 ›
1741 884 1820 940 Illi
1853 898 1984 938 Vero
2008 883 2103 952 qui

516 975 764 1044 pulsatus
784 975 965 1040 fuerit,
995 976 1039 1029 si
1058 975 1295 1043 judicem
1319 986 1629 1045 suspectum
1648 975 1919 1039 habuerit,
1942 974 2104 1028 liceat

507 1067 815 1136 appellare,
851 1067 1061 1121 scilicet
1088 1067 1472 1122 ecclesiasticis
1500 1067 1565 1121 ad
1593 1067 1854 1121 ﬁnitimos
1891 1065 2104 1134 episco-

516 1175 634 1229 pos,
679 1167 739 1212 ut
788 1158 1142 1214 Sardiceuses
1169 1168 1225 1214 et
1253 1159 1706 1229 Carthaginenses
1747 1171 2009 1222 canones,
2042 1164 2103 1210 ut

515 1253 899 1324 prmmisimus,
933 1253 1310 1316 decreverunt,
1337 1253 1423 1306 vel
1467 1253 1534 1306 ad
1579 1250 1931 1322 provincialia
1972 1265 2102 1306 con-

519 1347 665 1411 cilia,
695 1347 834 1400 sicut
866 1345 1007 1400 sacri
1031 1343 1232 1400 Nicaeni
1265 1355 1324 1400 et
1349 1346 1668 1401 Antioeheui
1695 1359 1936 1401 canones
1963 1359 2095 1399 con-

520 1440 832 1504 stituerunt,
865 1447 921 1492 et
951 1438 1091 1492 sicut
1117 1437 1432 1492 Africanum
1461 1438 1750 1494 concilium
1785 1439 1838 1492 in
1867 1436 2100 1507 epistola

517 1533 584 1586 ad
616 1532 966 1587 C(elestinum
1010 1547 1206 1601 papam
1250 1532 1489 1586 ostendit
1531 1533 1668 1601 (cap.
1702 1530 1870 1599 105):
1908 1549 1925 1581 ι
1972 1529 2104 1584 Uni-

517 1623 736 1693 cuique,
771 1623 1037 1691 inquiens,
1070 1638 1390 1678 concessum
1413 1631 1521 1687 est,
1549 1623 1596 1676 si
1631 1620 1834 1690 judicio
1863 1620 2104 1678 offensus

518 1716 684 1770 fuerit
706 1716 1067 1785 cegnitorum,
1093 1717 1162 1769 ad
1187 1716 1476 1770 concilium
1502 1731 1615 1771 sua:
1656 1716 1972 1784 provincias,
2016 1717 2104 1773 vel

513 1811 678 1863 etiam
728 1809 1032 1864 universale
1077 1823 1395 1878 provocare.
1451 1809 1564 1864 Nisi
1616 1808 1756 1864 forte
1806 1811 2095 1880 quisquam

2209 609 2277 664 ad
2329 617 2515 664 nostra
2564 597 2806 677 tempera
2845 597 3108 686 'servata,‘
3138 620 3194 665 et
3225 597 3282 664 ad
3303 597 3698 667 decessioribus’
3729 599 3801 667 ac

2205 697 2694 768 praedecessoribus
2724 713 2913 754 eorum
2953 687 3139 755 secuta
3170 709 3224 753 et
3265 687 3797 756 essecuta‘fuerunt.

2209 787 2338 855 Quae
2365 789 2410 842 si
2441 788 2604 844 etiam
2644 787 2752 844 illis
2779 798 3015 856 servata,
3041 797 3095 844 et
3121 789 3187 844 ab
3213 787 3293 844 eis
3322 785 3510 845 secuta
3545 799 3602 845 et
3648 804 3804 846 exse-

2208 889 2335 936 cuta
2364 897 2472 936 non
2499 879 2721 947 fuerint,
2751 880 2886 936 nihil
2911 881 3256 954 prodest'eos
3286 873 3590 938 sccundum
3610 897 3800 940 sacros

2209 987 2446 1030 canones
2497 982 2553 1028 et
2577 975 2790 1030 decreta
2831 973 2975 1028 sedis
3015 971 3277 1028 Romanae
3305 973 3650 1043 pontiﬁcum,
3707 990 3801 1044 pro

2208 1065 2478 1120 accusatis
2508 1067 2839 1136 presbyteris
2866 1065 2932 1122 de
2963 1063 3265 1120 manifestis
3292 1065 3620 1121 criminibus
3648 1081 3799 1120 com-

2206 1160 2566 1230 provinciales
2608 1161 2984 1232 episcoporum
3026 1161 3258 1232 synodos
3294 1157 3672 1231 frequentare.
3707 1164 3798 1218 sed

2207 1248 2372 1306 faciet
2425 1250 2652 1306 licenter
2701 1251 2928 1321 quisque
2979 1253 3422 1324 presbyterorum
3479 1252 3794 1322 quodlibet,

2206 1341 2349 1397 unde
2377 1342 2424 1397 si
2451 1341 2616 1398 fuerit
2641 1347 2984 1414 redargutus,
3012 1328 3190 1399 veniat
3218 1341 3470 1400 Romam.

2278 1434 2396 1490 XX.
2443 1435 2513 1490 Et
2561 1437 2688 1506 quia
2747 1452 2844 1506 pro
2888 1436 3114 1507 singulis
3162 1437 3496 1510 presbyteris
3555 1438 3794 1508 episcopi

2208 1530 2549 1601 Transalpini
2582 1532 2903 1604 regulariter
2925 1531 3184 1601 iudicatis
3213 1533 3408 1588 missos
3435 1531 3701 1603 dirigere,
3747 1541 3794 1584 et

2207 1623 2479 1678 actionum
2503 1625 2824 1681 documenta
2842 1625 3079 1681 scribere
3099 1642 3206 1681 non
3230 1625 3433 1690 valent,
3451 1639 3554 1680 nec
3579 1626 3793 1679 testium

2206 1714 2542 1770 necessarias
2573 1731 2858 1784 personas,
2890 1716 2976 1771 vel
3002 1727 3221 1786 propter
3248 1731 3436 1781 sexus,
3466 1716 3553 1772 vel
3579 1728 3794 1787 propter

2206 1807 2502 1861 senectutis
2533 1807 2922 1874 inﬁrmitatem,
2950 1808 3032 1862 vel
3059 1824 3158 1878 pro
3188 1808 3375 1881 multis
3413 1808 3538 1866 aliis
3571 1809 3792 1879 impedi-

517 1909 620 1965 est,
674 1900 765 1969 qui
819 1898 1002 1954 credat
1053 1898 1368 1953 unicuilibet
1416 1913 1576 1967 posse
1622 1899 1791 1953 Deum
1852 1887 2176 1954 nostrumB
2205 1897 2426 1963 mentis,
2454 1897 2560 1953 huc
2587 1899 2908 1967 producere,
2940 1898 3263 1956 ﬁducialiter
3293 1899 3499 1974 poterit
3526 1900 3790 1955 mentiens

515 1989 782 2043 examinis
834 1989 1098 2059 inspirare
1146 1987 1452 2057 justitiam,
1503 1999 1560 2043 et
1613 1989 2101 2045 innumerabilibus

514 2080 855 2150 congregatis
883 2081 937 2133 in
967 2080 1259 2136 concilium
1282 2079 1661 2136 sacerdotibus
1685 2080 1973 2151 denegare,
2007 2088 2101 2134 aut

515 2171 788 2240 quomodo
843 2171 1021 2240 ipsum
1086 2172 1513 2225 transmarinum
1595 2169 1858 2241 judicium
1932 2170 2100 2242 (quod

511 2262 849 2316 tantumdem
881 2271 985 2327 est,
1015 2261 1479 2332 Transalpinam),
1498 2270 1675 2316 ratum
1700 2262 1825 2326 erit,
1857 2263 1924 2318 ad
1953 2261 2099 2331 quod

513 2356 734 2410 testium
764 2353 1088 2409 necessariae
1118 2369 1382 2423 personae,
1413 2355 1498 2410 vel
1529 2363 1753 2425 propter
1786 2370 1968 2421 sexus,
2010 2353 2096 2409 vel

510 2453 734 2516 propter
761 2445 1058 2500 senectutis
1102 2444 1494 2511 inﬁrmitatem,
1525 2445 1610 2500 vel
1646 2446 1831 2502 multis
1865 2445 1992 2500 aliis
2017 2445 2097 2498 in-

511 2537 858 2594 currentibus
899 2537 1326 2606 impedimentis,
1358 2538 1550 2594 adduci
1589 2553 1700 2593 non
1742 2538 2037 2608 poterunt?
2070 2557 2089 2590 ν

575 2627 758 2683 XVIII.
806 2629 854 2681 Α
878 2627 1148 2695 judicibus
1179 2639 1383 2692 autem,
1414 2628 1530 2683 sive
1548 2643 1684 2696 quos
1709 2627 1864 2697 juxta
1891 2629 2096 2684 Africa-

511 2731 611 2772 nos
631 2731 872 2772 canones
899 2717 1156 2786 primates
1174 2718 1440 2782 dederint,
1469 2718 1583 2773 sive
1604 2733 1741 2788 quos
1763 2719 1866 2788 ipsi
1886 2719 2095 2775 vicinos

518 2822 586 2861 ex
633 2821 900 2861 consensu
947 2806 1268 2876 delegarint,
1313 2822 1476 2862 causa
1505 2806 1742 2861 ﬁnienda
1779 2807 2095 2878 regulariter

505 2899 791 2968 provocari
821 2914 925 2952 non
953 2907 1146 2967 potest.
1200 2900 1268 2954 Et
1313 2909 1532 2955 sanctus
1560 2898 1855 2971 Gregorius
1885 2904 1937 2956 in
1973 2903 2090 2973 epi-

503 2989 642 3045 stola
691 2990 760 3045 ad
806 2988 1116 3046 Gallicanos
1153 2991 1437 3061 episcopos
1476 2992 1587 3062 (lib.
1623 3009 1698 3058 χι,
1729 2995 1877 3062 epist.
1910 2995 2036 3067 110)
2074 3014 2088 3050 :

511 3102 530 3134 ι
559 3083 672 3137 Nec
700 3083 804 3138 hoe
827 3124 841 3148 ,
872 3084 1068 3152 inquit,
1113 3085 1170 3138 in
1199 3085 1302 3139 hac
1343 3085 1721 3142 sollicitudinis
1745 3097 1898 3156 parte
1928 3088 2090 3144 relin-

501 3176 738 3244 quimus,
780 3178 923 3244 quod
956 3175 1021 3231 de
1069 3177 1330 3232 habendis
1373 3193 1470 3247 per
1513 3179 1799 3248 parochias
1842 3181 2087 3244 conciliis

2207 1989 2407 2058 quique
2439 1989 2802 2046 innocentiam
2850 2006 3005 2046 suam
3050 2005 3313 2058 asserere,
3365 2007 3489 2046 cum
3534 2009 3645 2048 non
3693 1993 3791 2047 erit

2205 2080 2295 2149 qui
2328 2080 2607 2136 mendacia
2633 2081 2750 2151 ejus
2777 2083 2950 2154 possit
2981 2082 3247 2140 refellere.
3277 2081 3454 2147 Unde,
3489 2086 3638 2138 sicut
3661 2102 3787 2157 pres-

2201 2167 2472 2233 misimus,
2506 2168 2683 2239 legum
2714 2178 2769 2223 et
2796 2185 3062 2226 canonum
3110 2173 3453 2240 conditores,
3481 2169 3786 2244 prude..“‘~

2203 2260 2339 2316 sime
2353 2259 2764 2334 justissimeque
2787 2264 3063 2342 viderunt,
3103 2281 3442 2337 quaecunque
3488 2269 3709 2338 negotia
3739 2269 3786 2323 in

2203 2351 2315 2406 suis
2346 2350 2498 2418 locis,
2533 2352 2622 2407 ubi
2657 2361 2778 2408 orta
2829 2365 2979 2421 sunt,
3019 2356 3274 2422 ﬁnienda,
3308 2367 3365 2412 et
3392 2373 3493 2427 per
3535 2374 3784 2430 expreSSa

2200 2442 2509 2512 regularum
2535 2443 2743 2513 judicia
2787 2445 3174 2502 discretissime
3211 2447 3536 2517 judicauda,
3568 2463 3624 2505 et
3674 2461 3784 2522 post

2196 2532 2456 2602 judicium
2491 2538 2882 2592 conservanda.
2932 2537 3163 2595 Maxime
3192 2540 3257 2596 de
3283 2541 3784 2599 subintroductione

2199 2633 2390 2679 contra
2443 2627 2658 2697 regulas
2712 2629 3042 2686 mulierum:
3081 2647 3180 2701 pro
3217 2615 3343 2708 qua
3392 2633 3462 2689 ab
3516 2636 3781 2708 episcopis

2202 2717 2572 2787 Transalpinis
2602 2723 2902 2794 presbyteri
2934 2725 3252 2795 regulariter
3281 2725 3513 2794 judicati
3549 2731 3616 2782 ad
3651 2729 3780 2784 hanc

2199 2818 2442 2874 sanctam
2471 2808 2769 2865 Romanam
2798 2813 2979 2868 sedem
3008 2813 3194 2869 insciis
3233 2816 3346 2870 suis
3375 2818 3658 2888 episcopis
3702 2835 3782 2875 ve-

2199 2901 2373 2966 niunt,
2406 2911 2459 2958 et
2485 2903 2564 2958 eis
2591 2903 2845 2974 epistolas
2874 2922 3064 2962 eorum
3094 2907 3434 2982 refragantes
3457 2906 3783 2982 judicia‘de-

2197 2991 2400 3058 ferunt,
2430 3011 2631 3065 eosque
2679 2998 2764 3051 vel
2809 2999 3213 3060 comministros
3263 3003 3485 3058 illorum
3531 3006 3602 3058 ad
3650 3007 3778 3060 hanc

2196 3087 2380 3142 sedem
2419 3089 2483 3142 ad
2531 3091 2967 3158 conquerendum
3022 3102 3210 3150 contra
3241 3110 3333 3151 eos
3363 3097 3564 3152 venire
3601 3097 3776 3168 praeci-

2195 3177 2367 3247 piunt,
2413 3179 2553 3248 quod
2601 3179 2760 3234 nullis
2805 3182 3148 3252 antiquorum
3194 3181 3404 3256 legibus
3450 3188 3540 3242 vel
3569 3201 3775 3260 patrum

503 3265 729 3320 Patrum
776 3266 1114 3336 providentia
1161 3245 1410 3323 utilitatis
1460 3245 1624 3326 causa
1667 3273 1935 3328 sancitum
1981 3245 2172 3330 estC'C
2195 3245 2397 3342 regulis
2426 3245 2700 3328 decretum
2737 3272 2902 3330 fuisse
2934 3245 3179 3346 legimus.

506 3356 661 3412 Unde
690 3371 757 3411 ne
782 3373 887 3426 qua
918 3357 1061 3412 inter
1108 3357 1307 3414 fratres
1360 3359 1650 3426 dissensio,
1697 3377 1766 3417 ne
1807 3379 1912 3433 qua
1946 3365 2088 3420 inter

501 3446 823 3516 praepositos
863 3454 918 3498 et
938 3445 1215 3515 subjectos
1267 3447 1377 3502 sint
1413 3447 1651 3505 fomenta
1693 3450 1996 3516 discordiae,
2030 3453 2086 3508 in

495 3553 667 3592 unum
699 3537 1012 3592 sacerdotes
1045 3539 1333 3592 convenire
1363 3553 1584 3594 necesse
1611 3548 1716 3606 est,
1757 3550 1817 3594 ut
1854 3543 1920 3596 de
1947 3543 2084 3598 inci-

498 3627 749 3684 dentibus
791 3629 973 3684 causis
1017 3628 1358 3699 disceptatio,
1387 3638 1443 3684 et
1471 3630 1543 3684 sit
1571 3630 1802 3687 salubris
1827 3633 1892 3686 de
1916 3633 2082 3694 eccle-

493 3719 711 3774 siastica
758 3719 1139 3776 observatione
1185 3719 1442 3786 collatio;
1475 3731 1742 3790 quatenus
1795 3723 1923 3777 dum
1981 3739 2080 3794 per

491 3809 595 3866 hoc
621 3819 677 3867 et
717 3811 990 3881 preterita
1037 3811 1405 3883 corriguntur,
1433 3820 1488 3867 et
1535 3814 1782 3883 regulam
1829 3814 2077 3870 futuram

490 3901 830 3970 suscipiunt,
875 3904 1216 3973 omnipotens
1267 3903 1467 3974 ubique
1518 3905 1779 3962 Dominus
1809 3951 1814 3960 .
1843 3905 2077 3964 fratrum

489 3992 787 4048 concordia
813 3993 1146 4048 collaudetur
1179 4011 1194 4046 :
1232 3993 1387 4062 cujus
1421 3996 1578 4052 vobis
1620 3997 1811 4054 adesse
1841 4015 2081 4068 praesen-

493 4084 645 4148 tiam,
686 4085 732 4138 si
782 4085 899 4139 hinc
948 4084 1327 4154 observabitis,
1377 4089 1592 4155 scitote,
1648 4092 1774 4159 quia
1803 4093 2070 4164 scriptum

489 4184 577 4230 est
596 4193 609 4228 :
630 4173 735 4229 Ubi
757 4175 955 4244 fuerint
981 4181 1280 4249 congregati
1301 4181 1406 4234 duo
1421 4181 1498 4237 vel
1519 4192 1624 4237 tres
1637 4185 1690 4237 in
1709 4186 1918 4242 nomine
1938 4205 2072 4256 meo,

489 4265 563 4319 ibi
589 4283 708 4320 sum
731 4267 788 4321 in
812 4268 1189 4324 medianum
1237 4270 1453 4341 (Matth.
1488 4274 1666 4346 xvru).
1712 4275 1770 4332 Si
1810 4291 1938 4349 ergo
1974 4281 2074 4338 ad-

490 4373 612 4414 esse
644 4357 893 4430 dignatur
921 4361 1011 4416 ubi
1037 4362 1142 4417 duo
1161 4363 1246 4417 vel
1279 4371 1390 4418 tres
1411 4362 1633 4434 fuerint,
1662 4380 1870 4439 quanto
1895 4373 2074 4430 minus

487 4463 595 4503 non
621 4449 812 4517 deerit,
852 4451 945 4508 ubi
979 4452 1166 4522 plures
1210 4458 1564 4514 convenerint
1605 4463 1956 4520 sacerdotes?
2006 4467 2074 4520 Et

453 4541 726 4611 quidem,
775 4542 897 4612 quia
951 4543 1016 4598 de
1070 4544 1374 4601 adhibendo
1407 4545 1493 4603 bis
1547 4549 1602 4604 in
1654 4566 1798 4609 anno
1839 4555 2071 4618 concilio

2262 3361 2401 3416 XXI.
2457 3363 2602 3430 Quas
2647 3365 2903 3434 epistolas
2934 3368 3108 3423 sacris
3139 3370 3342 3440 regulis
3391 3373 3614 3440 obvias,
3642 3375 3774 3429 utin

2191 3451 2508 3528 praefatione
2562 3441 2734 3526 hujus'
2763 3459 3005 3527 opusculi
3053 3465 3631 3530 commemoravimus,
3681 3480 3770 3522 nec

2191 3547 2511 3604 auctoritate
2552 3550 2845 3618 apostolica
2880 3551 3048 3608 fuisse
3074 3555 3295 3620 missas,
3328 3557 3426 3612 sed
3457 3559 3774 3630 compilatas

2189 3652 2636 3710 quorumcunque
2656 3641 2878 3698 vafrieia
2901 3646 3191 3702 credimus.
3215 3645 3334 3716 Non
3365 3651 3518 3704 enim
3553 3652 3653 3705 sibi
3679 3652 3771 3720 ipsi

2189 3731 2346 3785 sedes
2388 3732 2682 3801 apostolica
2707 3744 2885 3806 potest
2919 3751 3041 3792 esse
3075 3740 3345 3794 contraria
3399 3742 3488 3797 vel
3538 3743 3764 3798 diversa.

2188 3819 2260 3874 De
2288 3836 2390 3891 qua
2422 3820 2666 3879 Gelasius
2699 3841 2833 3896 papa
2862 3826 2992 3882 dicit
3015 3827 3183 3898 (epist.
3233 3831 3295 3884 H
3329 3831 3400 3885 ad
3443 3833 3718 3904 Dardan.)
3748 3852 3760 3887 :

2190 3931 2205 3960 ι
2240 3913 2591 3982 Conlidimus,
2623 3919 2763 3987 quod
2792 3921 2970 3976 nullus
2989 3921 3102 3990 jam
3133 3926 3398 3980 veraciter
3422 3926 3760 3983 Christianus

2181 4002 2410 4074 ignoret,
2427 4007 2844 4080 uniuscujusque
2875 4014 3062 4084 synodi
3087 4017 3466 4084 constitutum,
3485 4021 3632 4090 quod
3655 4022 3761 4075 uni-

2182 4097 2406 4153 versalis
2451 4098 2706 4156 Ecclesia:
2748 4104 2997 4172 probavit
3043 4121 3315 4174 assensus,
3348 4110 3556 4186 nullam
3599 4115 3757 4184 magis

2179 4187 2401 4256 exsequi
2430 4190 2612 4244 sedem
2637 4208 2748 4262 prae
2770 4195 2984 4251 caeteris
3006 4205 3282 4268 oportere,
3306 4215 3478 4268 quam
3509 4204 3753 4272 primam,

2179 4293 2296 4346 qua:
2325 4288 2379 4335 et
2415 4295 2851 4354 unamquamque
2883 4287 3169 4356 synodum,
3222 4297 3276 4343 et
3306 4305 3406 4344 sua
3444 4294 3758 4351 auctoritate

2177 4368 2479 4436 confirmat,
2511 4381 2565 4426 et
2595 4374 2908 4430 continuata
2935 4379 3306 4435 moderatione
3356 4383 3623 4450 custodit,
3665 4400 3756 4455 pro

2177 4475 2273 4517 suo
2308 4461 2517 4547 scilicet
2552 4463 2881 4536 principatu,
2938 4484 3098 4539 quem
3146 4472 3337 4528 beatus
3383 4473 3586 4531 Petrus
3633 4492 3748 4547 apo-

2143 4541 2150 4610 ί
2176 4543 2344 4607 stolas
2376 4552 2587 4616 Domini
2620 4571 2750 4612 voce
2777 4569 3110 4632 perceptum,
3139 4560 3382 4618 Ecclesia
3406 4541 3751 4622 nihilomiiﬂis

476 4629 707 4688 Patrum
733 4633 809 4688 sit
832 4634 1031 4706 regulis
1065 4645 1351 4705 statutum,
1379 4653 1490 4696 non
1514 4639 1680 4710 latet;
1711 4645 1806 4700 sed
1834 4662 1906 4703 ne
1931 4620 2148 4704 fortem
2175 4645 2535 4716 subsequente
2559 4689 2573 4714 ,
2630 4659 2685 4703 et
2740 4620 2909 4708 tenuit
2939 4620 3204 4723 .semper,
3254 4664 3307 4708 et

483 4723 668 4794 aliqua
695 4724 906 4794 impleri
939 4726 1042 4784 hoc
1085 4730 1380 4786 necessitas
1406 4747 1515 4787 non
1556 4736 1856 4804 permittat,
1903 4740 2068 4795 semel

484 4819 668 4870 tamen
697 4815 815 4871 sine
859 4820 1208 4876 excusatione
1252 4821 1430 4894 aliqua
1467 4825 1806 4884 decernimus
1843 4846 2067 4902 congre-

482 4905 624 4974 gari,
671 4913 731 4960 ut
781 4909 1182 4976 exspectatione
1223 4913 1438 4968 concilii
1482 4916 1616 4972 nihil
1641 4933 1890 4988 pravum,
1929 4923 2066 4978 nihil

1209 5002 1345 5060 Nam
1387 5006 1706 5074 plerumque
1734 5053 1748 5076 ,
1799 5015 1902 5071 etsi
1954 5031 2064 5072 non

2173 4735 2300 4794 item
2347 4735 2519 4809 (epist.
2553 4739 2603 4810 l)
2634 4759 2645 4793 :
2687 4760 2704 4791 ι
2733 4739 2977 4812 Cumque
3009 4743 3162 4799 nobis
3192 4757 3386 4800 contra
3435 4747 3751 4816 salutarium

2172 4829 2532 4882 reverentiam
2575 4829 2882 4902 regularum
2916 4833 3195 4904 cupiamus
3226 4817 3438 4894 temere.
3478 4841 3557 4895 nil
3581 4841 3748 4907 licere,

2168 4928 2223 4978 et
2253 4921 2560 4992 cumsedes
2589 4925 2882 4996 apostolica
2932 4927 3179 5004 superior
3226 4929 3311 4984 his
3342 4931 3630 5004 omnibus,
3682 4933 3751 4988 fa-

2169 5018 2328 5079 vente
2358 5011 2608 5078 Domino,
2641 5030 2761 5080 quae
2783 5001 3026 5080 paternis
3045 5021 3347 5076 canonibus
3377 5001 3509 5078 sunt
3536 5001 3750 5080 praefixa
