4012 6318
220 409 331 466 est
1235 374 1401 423 ιν
1470 380 2095 448 ιυ·ῖ³*ΕΡ191εόΙὶᾹζ.’ί
2224 402 2227 407 ·
2294 394 2373 429 ιτ
3404 382 3511 438 sta

228 483 341 593 que
372 486 541 591 ius};
570 486 756 570 sacras
787 494 1021 586 regulas,
1072 510 1137 567 ad
1169 514 1364 566 manus
1392 486 1820 579 impoéiti‘Onern,
1850 494 1904 567 Α
1929 514 2044 557 rem
2060 498 2268 559 habere
2290 514 2397 556 non
2418 498 2772 571 permittitur,
2790 499 3026 557 maxime
3046 500 3118 557 ab
3136 499 3284 559 omni
3308 500 3511 559 femina

231 591 289 672 et
311 613 383 669 ad
409 592 651 685 synodos
682 604 1114 679 bucconvenire
1156 596 1361 670 solent,
1385 604 1485 673 ipsi
1512 614 1610 672 pro
1653 598 1828 685 recla-
1924 596 2001 650 sit
2045 593 2418 649 abstinendus.
2463 592 2531 647 Et
2572 592 2704 647 item
2731 610 2799 647 ειμι
2832 591 3099 655 Sacerdos
3142 594 3381 661 etenim,
3418 603 3515 651 aut

226 682 475 763 matione
503 682 694 759 contra
724 699 1161 771 presbyterorum
1200 708 1419 753 suorum
1452 694 1519 750 ad
1536 682 1825 775 prtefatam
1929 688 2107 758 quivis
2144 686 2285 743 alius
2310 686 2365 741 in
2393 686 2637 741 ordinem
2673 685 3098 763 ecclesiasticum
3123 695 3434 757 provectus,
3466 688 3514 745 si

231 791 701 865 exanimationem
730 788 1097 871 conveniant,
1124 782 1431 845 sicut‘sacri
1481 780 1717 840 canones
1763 776 1828 839 ac
1926 781 1984 835 in
2014 796 2082 836 eo
2105 779 2311 836 scelere
2348 778 2692 844 inveniatur,
2738 794 2850 849 quo
2894 780 3232 863 abjiciendus
3277 782 3510 847 existat,

229 889 385 961 leges
431 883 779 959 praecipiunt,
827 890 887 936 ut
949 881 1016 943 ad
1060 876 1371 957 primatem
1404 875 1829 955 uniuscujusque

222 978 558 1051 provinciae.
588 975 682 1046 qui
714 972 929 1044 negotia
950 962 1210 1051 videntur
1243 970 1445 1024 habere
1473 972 1824 1033 concurrant,

228 1048 317 1124 vel
368 1066 439 1123 ad
508 1065 784 1138 synodum
811 1105 828 1133 ,
868 1048 960 1134 qui
1005 1078 1063 1118 se
1105 1048 1262 1117 iaesos
1316 1059 1672 1126 existimant,
1719 1072 1828 1130 quo

232 1175 343 1215 non
367 1158 443 1214 sit
473 1154 689 1213 difﬁcile
721 1167 887 1212 testes
913 1152 1212 1226 producere
1237 1194 1250 1217 ,
1284 1153 1599 1207 imitentur.
1626 1148 1828 1205 Trans-

232 1248 434 1319 alpinis
460 1258 669 1315 antem,
699 1257 753 1302 et
772 1247 914 1311 aliis,
939 1244 1030 1317 qui
1054 1246 1107 1299 in
1140 1244 1389 1299 similiter
1413 1242 1722 1315 longinquis
1752 1254 1829 1297 re-

230 1340 492 1413 gionibus
518 1328 945 1401 cummorantur,
964 1320 1260 1407 apostolica
1278 1334 1454 1399 sedes,
1470 1342 1526 1389 et
1544 1320 1828 1389 sacrorum

230 1418 525 1487 canonum
542 1429 993 1502 promulgatores,
1025 1418 1280 1496 loquente
1308 1427 1361 1480 in
1391 1420 1472 1482 eis
1493 1433 1681 1480 sancto
1704 1422 1829 1491 Spi-

230 1524 375 1588 ritu,
425 1537 549 1593 quze
602 1529 728 1575 sunt
774 1510 1069 1588 unicuique
1123 1517 1417 1588 provinciae
1460 1515 1740 1588 possibilia
1773 1523 1830 1572 et

208 1606 552 1668 "auctoritati
584 1611 982 1691 convenientia,
1030 1619 1191 1679 atque
1238 1609 1359 1680 paci
1393 1607 1649 1664 Ecclesiae
1697 1622 1829 1663 eon-

229 1706 523 1779 grnentia,
597 1703 830 1759 tenenda
907 1710 962 1756 et
1034 1698 1381 1772 exsequenda
1439 1700 1829 1779 discretittsime

226 1776 609 1866 prmﬁserttnt.
802 1782 805 1787 ’
850 1860 851 1866 γ
1104 1792 1110 1805 ⁴
1825 1776 1831 1782 ’

1922 872 2209 942 depositus
2260 870 2598 941 providentia
2652 860 3079 941 episcupihene
3125 871 3345 941 proviso
3392 871 3513 933 loco

1922 960 2313 1029 constituatur,
2329 962 2419 1016 ubi
2442 970 2665 1030 peccata
2695 960 2897 1031 lugeat,
2918 968 2975 1017 et
2992 960 3225 1017 ulterius
3242 976 3351 1019 non
3369 977 3516 1017 com-

1927 1055 2132 1110 mittat.
2166 1068 2186 1106 ι
2224 1052 2318 1108 Sic
2344 1061 2401 1107 et
2428 1066 2658 1122 magnus
2688 1051 2804 1107 Leo
2838 1067 2995 1123 papa,
3027 1051 3184 1123 longe
3210 1063 3335 1110 ante
3372 1054 3515 1108 hanc

1930 1145 2408 1210 constitutionem,
2442 1145 2764 1201 auctoritate
2792 1158 2962 1199 sacrae
2999 1143 3293 1215 Scripturae
3321 1146 3387 1200 ad
3416 1145 3513 1201 Hi-

1928 1239 2125 1307 larium
2156 1236 2565 1293 Narbonensem
2590 1236 3014 1306 decrevit(epist.
3034 1236 3209 1303 95.ad
3238 1236 3514 1292 Rusticum

1931 1330 2232 1402 Narbon.),
2271 1349 2291 1382 ι
2319 1337 2382 1384 ιιι
2401 1329 2704 1401 presbyteri
2732 1328 2817 1383 vel
2856 1328 3070 1384 diaconi
3106 1328 3243 1399 lapsi
3282 1330 3348 1384 ad
3388 1345 3513 1399 pro-

1928 1423 2247 1478 merendam
2295 1419 2723 1476 misericordiam
2776 1419 2901 1484 Dei,
2942 1421 3209 1489 privatam
3257 1428 3518 1490 expetant

1928 1510 2314 1581 secessionem,
2352 1514 2443 1568 ubi
2472 1513 2579 1569 illis
2606 1512 2926 1581 satisfactio,
2955 1513 3002 1569 si
3030 1511 3196 1569 fuerit
3218 1513 3378 1583 digna
3397 1554 3411 1578 ,
3442 1513 3517 1570 sit

1927 1610 2090 1666 etiam
2119 1610 2416 1665 tutetuosa.
2448 1625 2468 1660 ι
2858 1632 2859 1635 η
3312 1658 3315 1661 .

2002 1698 2190 1755 XXIV.
2216 1700 2351 1755 Cum
2382 1700 2500 1754 haec
2543 1699 2620 1753 ita
2659 1713 2720 1753 se
2760 1699 3014 1764 habeant,
3043 1715 3151 1756 non
3177 1710 3263 1757 est
3293 1700 3517 1773 perfun—

1929 1794 2105 1848 ctorie
2126 1791 2515 1848 attendendum
2546 1800 2746 1847 vestrae
2765 1792 3060 1862 pontificali
3096 1793 3432 1860 auctoritati,
3461 1801 3518 1848 et

302 1870 469 1939 XXII.
506 1881 761 1953 Legimus
808 1860 994 1946 etiam,
1046 1881 1296 1951 quamvis
1338 1880 1637 1946 rarissime,
1687 1862 1902 1961 prae-“3
1929 1892 2131 1939 nostra
2157 1882 2425 1953 imperiali
2454 1883 2744 1954 potestati,
2768 1860 2915 1953 quid
2955 1886 3385 1953 praedecessores
3418 1899 3517 1940 no-

206 1952 211 1963 I
227 1955 449 2047 ceptum
464 1993 496 2032 a
519 1952 647 2032 sede
666 1970 982 2048 apoStOiica,
1004 1976 1266 2045 quosdam
1280 1974 1346 2029 de
1360 1973 1826 2046 longinquioribus

224 2069 511 2143 parochiis
532 2070 785 2141 specialis
821 2068 1119 2124 dioeceseos
1153 2067 1383 2123 Romani
1412 2066 1709 2138 pontificis,
1758 2068 1825 2123 ad

230 2162 397 2237 cujus
440 2162 858 2220 sollicitudinem
900 2154 1223 2217 universalis
1270 2160 1513 2217 Ecclesia
1566 2161 1822 2231 pertinet,

222 2240 469 2337 propter
498 2263 838 2333 contumaces
890 2254 1265 2309 contentiones
1310 2252 1519 2324 aliquos
1566 2252 1823 2307 invitatos

202 2349 452 2425 fuisse:
490 2348 582 2425 sed
608 2347 674 2405 de
721 2346 1097 2420 Transalpinis
1123 2345 1455 2418 regionibus,
1494 2345 1692 2416 quibus
1735 2345 1825 2400 de-

226 2449 381 2496 creta
404 2424 689 2513 privilegia
721 2439 926 2496 servari
950 2439 1171 2506 debent,
1187 2437 1296 2494 tale
1327 2437 1456 2510 quid
1482 2452 1583 2511 pro
1597 2436 1825 2509 presby-

227 2539 476 2586 terorum
504 2539 561 2586 et
583 2528 935 2585 diaconorum
957 2529 1315 2600 appellatione
1329 2544 1360 2583 a
1384 2529 1511 2584 sede
1526 2527 1822 2597 apostolica

226 2614 577 2693 prteceptum'
619 2620 787 2677 fuisse
839 2634 965 2699 non
995 2620 1241 2691 legimus.
1297 2621 1375 2676 De
1440 2616 1824 2675 ecclesiasticis

1929 1978 2045 2032 stri
2074 1977 2143 2032 de
2186 1976 2472 2033 servandis
2514 1977 2688 2032 sacris
2718 1976 2927 2047 legibus
2968 1985 3024 2032 et
3066 1977 3274 2033 sanctis
3316 1976 3518 2049 regulis

1929 2070 2284 2126 decernentes
2329 2068 2765 2133 constituerunt,
2806 2083 2875 2123 ex
2912 2083 3143 2138 quorum
3178 2067 3511 2139 pluralitate,

1929 2174 2101 2232 pauca
2150 2173 2415 2225 numero,
2465 2172 2573 2214 non
2611 2174 2783 2229 pauca
2812 2160 3055 2229 pondere
3088 2159 3177 2214 hic
3205 2160 3516 2216 censuimus

1925 2268 2151 2325 ponere.
2179 2254 2258 2310 De
2292 2254 2505 2325 legibus
2544 2268 2780 2324 namque
2809 2252 3238 2319 Valentinianus,
3269 2253 3517 2309 Theodo-

1902 2338 2043 2425 'sius
2088 2354 2144 2402 et
2191 2347 2459 2403 Arcadius
2507 2348 2867 2402 decreverunt
2910 2346 3154 2403 dicentes
3181 2346 3257 2417 (l.
3295 2362 3335 2401 ιι
3375 2344 3513 2400 Cod.

1940 2436 2164 2505 Theod.,
2194 2436 2274 2493 De
2299 2437 2580 2493 Constitut.
2612 2438 2970 2509 principum):
3024 2454 3043 2487 ι
3080 2436 3380 2505 Perpensas
3423 2451 3515 2491 se-

1926 2530 2176 2587 renitatis
2204 2538 2406 2587 nostrae
2437 2530 2596 2601 longa
2628 2528 3025 2585 deliberatione
3050 2527 3473 2584 constitutiones
3496 2568 3514 2593 ,

1924 2637 2028 2679 nec
2062 2612 2320 2693 ignorare
2364 2635 2713 2690 quemquam,
2746 2635 2847 2676 nec
2875 2618 3217 2676 dissimulare
3242 2618 3515 2689 permitti-

226 2712 593 2773 nihilorninus
636 2711 935 2787 privilegiis
966 2714 1050 2789 ‘in
1101 2711 1344 2785 epistolis
1384 2713 1530 2768 beati
1574 2711 1823 2783 Gregorii

227 2803 464 2875 legimus
490 2804 558 2859 ad
609 2803 950 2860 Dominicum
978 2802 1466 2876 Carthaginensem
1504 2804 1823 2875 episcopum

1896 2722 2068 2771 'mus.
2106 2714 2505 2785 interpretatio.
2553 2713 2728 2785 Leges
2773 2713 2989 2769 nescire
3033 2713 3164 2768 nulli
3205 2712 3389 2778 liceat,
3421 2722 3515 2767 aut

1925 2824 2047 2882 qua:
2064 2792 2199 2866 sunt
2223 2814 2426 2865 statuta
2458 2798 2826 2864 contemnere.
2860 2825 2880 2860 ›
2916 2806 2985 2861 Et
3017 2816 3239 2861 sanctus
3258 2804 3513 2861 leesti-

226 2892 341 2985 (tib.
367 2912 444 2983 in.
468 2897 621 2966 epist.
652 2896 745 2967 59)
774 2916 786 2952 :
822 2917 840 2949 ι
858 2894 1057 2954 Vestra
1086 2895 1425 2966 fraternitas,
1470 2897 1672 2968 inquit,
1713 2898 1820 2955 hec
1924 2920 2029 2960 nus
2046 2904 2202 2985 paria
2228 2901 2296 2959 de
2323 2902 2493 2958 sacris
2517 2900 2816 2958 canonibus
2836 2900 2967 2956 dicit
2986 2899 3158 2973 (epist.
3180 2897 3268 2971 3):
3298 2916 3318 2950 ι
3347 2895 3512 2961 Nulli,

222 2978 530 3083 postposita
583 2988 921 3081 dubitatione
968 2992 1219 3059 retineat,
1265 2992 1409 3063 quia
1447 2993 1588 3049 sicut
1632 3001 1820 3048 nostra
1927 2978 2208 3068 inquiens,
2263 2995 2534 3052 sacerdoti
2576 3008 2701 3049 suos
2752 2992 2915 3049 liceat
2951 3005 3191 3047 canones
3237 2989 3510 3061 ignorare,

226 3078 593 3147 defendimus,
622 3078 697 3139 ita
720 3085 947 3156 singulis
967 3085 1272 3165 quibusque
1292 3084 1557 3161 Ecclesiis
1581 3098 1679 3141 sua
1694 3085 1818 3157 jura
1920 3102 2024 3143 nec
2049 3087 2345 3157 quidquam
2387 3086 2598 3150 facere,
2645 3084 2790 3155 quod
2828 3083 3053 3139 Patrum
3095 3083 3269 3152 possit
3313 3081 3516 3153 regulis

149 3228 159 3239 ,
227 3166 536 3229 servamus.
559 3172 672 3229 Nec
697 3170 945 3242 cuilibet,
972 3172 1190 3231 favente
1214 3172 1414 3231 Christi
1446 3176 1643 3247 gratia,
1673 3174 1891 3247 ultra“
1923 3178 2165 3235 obviare.
2195 3178 2326 3246 Qua:
2354 3179 2499 3235 enim
2527 3193 2557 3231 a
2582 3176 2739 3232 nobis
2774 3189 2863 3232 res
2895 3176 3056 3247 digna
3081 3174 3389 3230 servabitur
3410 3215 3425 3241 ,
3466 3173 3516 3228 si

227 3278 394 3333 quam
420 3275 666 3319 meretur
693 3265 997 3336 impertiar,
1033 3280 1133 3321 nec
1154 3264 1250 3319 ulli
1274 3265 1380 3321 hoc
1406 3265 1550 3334 quod
1579 3265 1661 3322 sui
1676 3265 1829 3336 juris

228 3363 314 3411 est
351 3352 563 3412 ambitu
591 3356 901 3414 stimulante
940 3357 1245 3431 derogab'o;
1278 3360 1374 3415 sed
1422 3357 1626 3415 fratres
1669 3375 1821 3416 meos

230 3449 506 3527 honorare
528 3465 630 3521 per
657 3440 839 3506 omnia
881 3451 1058 3523 cupio,
1093 3450 1279 3525 sicque
1304 3454 1494 3510 studeo
1519 3469 1612 3510 eos
1646 3453 1700 3509 in
1726 3452 1822 3509 ho-

192 3536 205 3543 ’
234 3544 426 3596 norem
457 3541 729 3624 subvehi,
750 3540 1041 3599 dummodo
1066 3559 1173 3600 non
1200 3544 1291 3611 sit,
1321 3547 1466 3616 quod
1497 3546 1651 3601 alteri
1697 3545 1821 3615 jure

233 3632 306 3687 ab
339 3632 510 3689 altero
545 3634 719 3704 possit
744 3636 967 3705 opponi.
1005 3654 1025 3689 ι
1052 3630 1120 3690 Ει
1164 3635 1291 3691 alibi
1341 3637 1485 3691 idem
1534 3636 1661 3692 hinc
1691 3637 1823 3692 dicit

226 3718 361 3796 (lib.
393 3740 471 3789 ιι,
491 3724 634 3795 epist.
667 3725 760 3799 37)
793 3744 805 3780 :
842 3744 861 3777 ι
891 3726 1045 3795 Quod
1072 3742 1204 3784 vero
1225 3726 1427 3793 dicitis,
1454 3728 1652 3784 vestris
1683 3735 1820 3783 tem-

242 3815 477 3887 poribus
507 3804 691 3889 debere
716 3819 921 3874 servari
953 3804 1081 3889 quae
1104 3835 1136 3874 a
1166 3820 1302 3875 meis
1331 3814 1546 3890 quoque
1574 3800 1821 3874 decesso-

240 3905 397 3985 ribus
422 3908 612 3963 tradita
647 3917 808 3981 atque
832 3911 1101 3967 custodita
1128 3918 1272 3978 sunt,
1326 3910 1468 3967 absit
1502 3911 1606 3966 hoc
1638 3925 1669 3965 a
1708 3926 1818 3978 me,

198 3998 211 4001 ’
230 4007 295 4054 ιιι
322 4005 529 4054 statuta
554 4001 815 4072 majorum
839 4002 1312 4059 consacerdotibus
1337 4000 1472 4057 meis
1494 4002 1548 4056 in
1581 3998 1822 4071 qualibet

210 4086 479 4146 Ecclesia
504 4080 975 4165 infringam,vquia
1004 4094 1139 4174 mihi
1168 4093 1418 4164 injuriam
1442 4092 1612 4167 facio,
1644 4092 1688 4148 si
1710 4091 1821 4147 fra-

234 4194 380 4242 trum
401 4201 658 4263 ⁸ιῐιθοιιιιιι
679 4187 804 4259 jura
833 4190 1112 4261 perturho.
1146 4209 1167 4243 ι

264 4272 497 4361 ηχξιιι.
529 4278 770 4337 Tandem
786 4282 949 4355 hinc,
977 4291 1189 4363 praeter.
1217 4282 1470 4353 antiquas
1508 4280 1818 4354 regularum

216 4356 299 4427 ac
324 4372 504 4446 legum
532 4374 964 4441 constitutiones,
994 4376 1047 4430 in
1078 4356 1331 4445 promptu
1370 4375 1634 4430 habemus
1660 4388 1821 4446 syno-

232 4464 378 4535 dalia
411 4460 647 4547 capitula
671 4465 1112 4547 apos‘ltolicorum,
1145 4466 1367 4538 Eugenii
1387 4508 1402 4533 ,
1432 4482 1580 4547 anno
1608 4464 1819 4537 imperii

200 4618 207 4631 η
232 4555 447 4643 decimo
475 4536 636 4613 tertio
663 4536 840 4612 damni
868 4566 924 4613 et
951 4556 1210 4631 genitoris
1235 4536 1414 4613 nostri
1432 4536 1695 4613 Ludovici
1715 4599 1741 4639 ,
1762 4568 1819 4623 et

232 4634 379 4735 anno
405 4640 617 4721 decimo
641 4648 861 4725 imperii
889 4648 1135 4705 Lotharii
1167 4646 1356 4705 fratris
1382 4650 1592 4727 nostri,
1631 4634 1818 4703 mense

214 4724 587 4809 'Novenibrio,
616 4730 786 4810 atque
823 4738 1024 4797 Leonis
1064 4736 1132 4794 ιν
1152 4780 1167 4807 ,
1212 4755 1355 4796 anno
1382 4724 1625 4795 Lotharii
1655 4740 1819 4793 trice-

196 4826 645 4919 "simo‘septinto,
663 4840 718 4889 et
738 4814 995 4905 Ludovici
1019 4824 1230 4905 nepotis
1250 4833 1423 4889 nostri
1446 4847 1586 4887 anno
1608 4832 1816 4903 quinto,

204 4912 423 4995 "mense
452 4912 1255 5007 Decembrio‘decreta,quibus
1282 4925 1622 4997 praecipiunt,
1645 4942 1663 4975 ι
1683 4933 1744 4979 ιιι
1772 4924 1819 4980 si

186 5016 505 5103 “quispiam
532 5006 894 5090 Sacerdotum,
928 5023 979 5078 id
1008 5029 1115 5089 est,
1147 5006 1434 5094 episcopus
1455 5060 1469 5087 ,
1501 5020 1816 5091 presbyter,

228 5110 517 5179 diaconus,
548 5110 632 5167 vel
675 5112 837 5167 etiam
868 5111 1256 5178 subdiaconus,
1293 5111 1361 5165 de
1391 5107 1822 5181 quaeunque‘fe-

210 5199 383 5283 Ilitilia
413 5185 642 5281 crimine
672 5188 1048 5277 fornicationis
1077 5186 1381 5271 suspectus,
1411 5208 1534 5273 post
1566 5200 1818 5271 primam,

188 5278 725 5371 "secundamqueet
752 5278 968 5349 tertiam
1009 5292 1483 5348 commonitionem
1516 5282 1535 5363 (
1552 5300 1825 5362 metropo-

220 5366 537 5465 'li'ta'ni,"v‘el
565 5366 788 5461 alterius
816 5374 1205 5454 episcopifaut
1244 5382 1362 5452 ejus
1408 5381 1497 5440 cui
1541 5374 1823 5454 subiacere

204 5456 452 5553 :videtur
464 5460 497 5545 )”
512 5456 1067 5549 inveniaturfabulari
1094 5491 1216 5551 cum
1238 5490 1325 5543 ea,
1348 5473 1434 5530 vel
1460 5472 1640 5547 aliquo
1664 5476 1820 5531 modo

231 5567 577 5631 conversari,
613 5569 875 5625 canonice
898 5567 1190 5638 iudicetur.
1210 5552 1215 5559 ’
1235 5588 1254 5621 ›
1286 5566 1624 5640 Quapropter
1653 5583 1820 5622 unus-

216 5640 471 5747 quisque
500 5659 785 5733 episcopus
828 5658 887 5714 in'
930 5660 1022 5716 tali
1067 5656 1403 5743 restudiose
1432 5652 1495 5714 ac
1536 5652 1824 5730 diligenter

200 5734 677 5833 'e‘uramhhabere
706 5746 866 5833 debet
885 5742 997 5833 ,‘fne'
1021 5738 1263 5833 Ecclesia
1301 5746 1502 5833 Christi
1531 5764 1562 5805 a
1590 5751 1824 5823 propriis

233 5824 415 5912 pessit
443 5824 710 5899 sordidari
738 5824 1048 5899 "ministris:
1088 5830 1212 5914 quia
1242 5830 1364 5898 cuin
1386 5841 1664 5915 propriam
1690 5858 1826 5900 uxo-

1927 3268 2279 3326 decretalium
2309 3283 2498 3324 norma
2528 3269 2948 3324 constitutorum
2973 3281 3073 3339 pro
3102 3267 3414 3336 aliquorum
3442 3264 3511 3319 li-

1924 3360 2042 3416 bitu
2072 3358 2290 3414 licentia
2318 3359 2530 3430 populis
2554 3360 2822 3431 permissa
2851 3358 3170 3431 frangatur?
3205 3378 3223 3408 ι
3257 3357 3422 3425 Quia,
3454 3366 3515 3412 ut

1927 3452 2164 3510 Hilarius
2197 3470 2335 3526 papa
2381 3454 2512 3509 dicit
2535 3454 2707 3527 (epist.
2750 3454 2837 3520 11,
2874 3454 2944 3509 ad
2970 3453 3307 3525 Leontium),
3343 3472 3361 3504 ‹
3395 3450 3512 3506 Non

1924 3547 2105 3602 minus
2127 3546 2181 3600 in
2210 3553 2521 3602 sanctarum
2545 3546 2897 3602 traditionum
2924 3546 3254 3615 delinquitur
3276 3545 3515 3599 sanctio-

1924 3652 2046 3703 nes,
2076 3652 2238 3707 quam
2264 3637 2317 3691 in
2342 3637 2598 3708 injuriam
2624 3638 2797 3706 ipsius
2823 3636 3036 3691 Domini
3069 3637 3510 3707 prosilitur,cum

1923 3729 2256 3798 exspectatio
2282 3725 2492 3783 fructus
2522 3728 2694 3782 nostri
2722 3727 3032 3792 ministerii,
3072 3742 3177 3782 non
3219 3729 3272 3780 in
3320 3728 3508 3782 latitu-

1923 3820 2049 3875 dine
2076 3819 2386 3890 regionum,
2414 3819 2510 3873 sed
2542 3819 2595 3872 in
2631 3817 2991 3887 acquisitione
3030 3826 3263 3888 ponatur
3303 3818 3512 3872 anima-

1923 3924 2064 3965 rum.
2095 3928 2113 3961 ι
2141 3909 2207 3964 Et
2226 3909 2375 3974 item,
2398 3909 2465 3962 de
2492 3907 2698 3978 legibus
2720 3906 2928 3977 praefati
2954 3907 3178 3977 Augusti
3203 3906 3262 3981 (Ι.
3289 3922 3348 3961 ιιι
3372 3907 3503 3962 Cod.

1926 3997 2052 4066 Th.,
2087 3997 2231 4070 eod.)
2260 4017 2273 4052 :
2316 4017 2334 4050 ι
2372 3997 2570 4054 Omnia
2616 3998 2916 4052 constituta
2943 4012 3051 4052 non
3090 3999 3384 4068 praeteritis
3420 4012 3511 4054 ca-

1920 4088 2185 4146 lumniam
2213 4088 2439 4155 faciunt,
2475 4089 2569 4143 sed
2599 4087 2796 4143 futuris
2830 4084 3070 4157 regulam
3096 4089 3395 4158 imponunt.
3429 4088 3513 4142 ln-

1923 4185 2264 4256 terpretatio.
2299 4182 2502 4240 Omnes
2530 4182 2678 4252 leges
2700 4196 2812 4237 non
2839 4195 2904 4237 ea
2933 4195 3055 4251 quae
3083 4182 3342 4236 anteriori
3374 4189 3511 4235 tem-

1920 4290 2056 4347 pore
2085 4274 2237 4332 facta
2252 4280 2379 4329 sunt
2399 4272 2679 4336 damnant,
2697 4268 2791 4325 sed
2811 4269 2866 4324 in
2894 4267 3140 4325 futurum
3168 4271 3509 4326 observanda

1925 4369 2282 4425 00nstituunt.
2326 4385 2345 4418 ι
3234 4376 3245 4389 ‘

1996 4456 2163 4514 XXV.
2210 4458 2280 4513 Et
2318 4458 2448 4514 hinc
2477 4456 2851 4531 Symmachus
2892 4466 3035 4528 papa
3084 4457 3277 4529 (epist.
3324 4458 3388 4523 1,
3441 4457 3510 4510 ad

1925 4551 2265 4623 Eonium):
2305 4571 2323 4603 ‹
2358 4551 2496 4607 Dum
2528 4551 2595 4605 ad
2626 4549 2911 4605 Trinitatis
2949 4551 3179 4616 iustar,‘
3206 4550 3362 4621 cujus
3405 4563 3511 4605 una

1923 4652 2009 4700 est
2039 4655 2202 4714 atque
2226 4638 2504 4699 individua
2536 4650 2800 4711 potestas,
2833 4656 3002 4696 unum
3039 4643 3110 4697 sit
3138 4656 3236 4713 per
3267 4628 3510 4697 diversos

1923 4732 2194 4790 antistites
2222 4732 2607 4798 sacerdotium,
2633 4730 3090 4801 quemadmodum
3116 4733 3370 4805 priorum
3392 4738 3502 4786 sta-

1886 4832 1887 4835 “
1924 4838 2042 4886 tuta
2088 4842 2118 4885 a
2156 4826 2516 4901 ‘sequentibus
2551 4828 2809 4884 convenit
2844 4827 3085 4884 violari?
3119 4826 3235 4883 Huc
3267 4824 3509 4891 accedit,

1924 4922 2068 4994 quod
2099 4918 2213 4978 haec
2239 4922 2282 4977 si
2314 4921 2531 4976 eveniat
2553 4921 2946 4976 sententiarum
2965 4921 3222 4984 varietas,
3246 4919 3314 4973 ad
3336 4919 3505 4986 ipsam

1925 5020 2325 5069 sacrosanctam
2348 5008 2674 5066 catholicam
2701 5009 3016 5080 religionem
3044 5006 3317 5064 credimus
3337 5007 3509 5075 perti-

1924 5121 2078 5173 nere,
2103 5105 2258 5175 cujus
2283 5105 2461 5160 omnis
2487 5113 2731 5175 potestas
2749 5091 3081 5174 infringitur,
3102 5108 3206 5157 fllSt
3230 5112 3512 5167 universa,
3566 5085 3577 5093 ’

1926 5214 2047 5272 qua:
2087 5214 2117 5252 a
2140 5190 2373 5252 'Domini
2405 5197 2779 5253 sacerdotibus
2823 5196 2992 5252 semet
3016 5191 3354 5264 regulariter
3398 5203 3512 5247 sta-

1922 5286 2169 5354 tuuntur,
2184 5296 2443 5358 perpetua
2467 5287 2594 5342 sint.
2624 5286 2777 5355 Quod
2798 5285 2931 5340 alias
2950 5284 3264 5353 contingere
3282 5283 3508 5352 poterit,

1925 5384 1971 5439 si
2001 5395 2285 5437 successor
2311 5378 2616 5436 decessoris
2653 5378 2863 5434 actibus
2902 5391 3010 5431 non
3054 5374 3306 5430 tribuerit
3340 5374 3512 5431 tinni-

1929 5482 2116 5540 tatem,
2144 5482 2200 5527 et
2225 5473 2531 5528 roborando
2555 5486 2675 5542 quae
2707 5478 2856 5542 gesta
2882 5472 3026 5535 Sunt,
3052 5468 3219 5524 faciat
3239 5478 3359 5525 rata
3385 5464 3508 5525 esse

1924 5581 2044 5638 quae
2075 5565 2320 5639 gesserit.
2340 5564 2573 5633 Quanta
2611 5562 2755 5618 enim
2784 5560 3001 5615 vicariis
3023 5559 3325 5616 beatissimi
3357 5559 3505 5616 Petri

1927 5660 2154 5731 apostoli
2171 5642 2503 5728 iudicabitur
2522 5669 2642 5710 esse
2669 5652 2994 5719 reverentia,
3023 5656 3069 5710 si
3093 5668 3214 5725 quae
3239 5657 3293 5710 in
3321 5669 3501 5712 sacer-

1911 5744 2075 5809 dotio
2118 5747 2468 5823 praecipiunt,
2511 5760 2577 5801 ea
2615 5745 2828 5801 hisdem
2858 5746 3265 5804 transeuntibus
3310 5746 3508 5804 dissol-

1890 5858 1895 5859 ’
1927 5842 2166 5899 vantur?
2192 5861 2211 5894 ι
2248 5838 2377 5895 Haec
2402 5828 2885 5912 igitur‘servemus
2911 5838 3111 5895 nostris
3141 5836 3472 5913 temporibus
3492 5874 3508 5905 ,
