4012 6318
495 414 600 495 eis

1466 426 1617 481 HINC
1629 425 1791 481 .ll.\lll
1834 423 2228 482 RllEMENSlﬁ
2270 428 2789 487 ARCHIEPISCOPI

3682 423 3785 479 ἃμ

499 563 655 613 tanto
687 551 897 629 gratius
923 592 936 617 ,
990 560 1192 621 quanto
1241 557 1294 603 et
1336 547 1591 603 Ecclesiae
1635 556 1689 602 et
1734 547 1957 616 imperio
1987 546 2093 600 crit
2121 544 2172 604 Α
2199 547 2427 615 animas,
2463 563 2582 619 quae
2611 563 2714 603 non
2747 546 3071 609 moriuntur,
3102 549 3159 596 et
3183 538 3534 595 viviﬁcabant
3574 537 3785 592 animas

496 646 786 721 capacius,
832 654 888 701 et
932 644 1202 699 servando
1245 658 1365 715 qua:
1404 640 1648 714 legalitcr
1679 657 1742 696 ac
1771 640 2092 712 regulariter

497 749 652 814 gesta
682 748 828 805 sunt,
862 747 978 791 rata
1018 752 1139 792 esse
1186 734 1458 790 faciamus
1489 751 1610 807 qua:
1633 734 1882 807 legaliter
1914 750 1979 791 ac
2007 749 2093 789 re-

496 831 759 904 gulariter
788 829 1140 901 gesserimus.

568 923 760 981 XXVI.
794 921 1203 995 Suggerendum
1240 921 1405 976 etiam
1433 931 1632 977 vestra:
1659 937 1884 977 summae
1907 930 2094 977 aucto-

495 1016 645 1073 ritati
682 1015 1049 1071 necessarium
1078 1014 1383 1079 credimus,
1414 1022 1472 1067 ut
1502 1014 1568 1068 de
1594 1012 1954 1083 quorumdam
1981 1012 2090 1082 epi-

496 1124 783 1180 scoporum
820 1108 1121 1167 coercenda
1151 1107 1436 1163 inconside
1449 1107 1687 1171 ratione,
1717 1103 1851 1161 alios
1877 1106 2093 1159 decreto

496 1199 737 1273 generali
792 1200 1152 1266 instruentes,
1202 1208 1392 1254 cautos
1440 1197 1728 1253 efﬁciatis:
1771 1207 1829 1251 ut
1863 1211 2091 1266 quorum

501 1292 703 1347 debent
745 1305 867 1346 esse
900 1298 1112 1345 matura
1161 1299 1215 1342 et
1263 1303 1525 1360 perpensa
1566 1287 1803 1359 judicia,
1845 1302 1951 1341 non
1988 1286 2096 1341 sint

498 1383 809 1455 praecipites
841 1384 894 1437 in
926 1379 1270 1453 proferendis
1317 1381 1635 1446 sententiis,
1686 1396 1785 1435 nec
1830 1378 1986 1434 facile
2030 1395 2095 1435 ac
2142 1456 2149 1457 ί

497 1474 797 1535 indiscrete
818 1514 833 1540 ,
883 1487 1059 1543 neque
1088 1471 1249 1527 aliter
1278 1472 1381 1526 nisi
1407 1470 1565 1540 juxta
1608 1480 1918 1525 sanctarum
1948 1468 2095 1525 Scri-

492 1574 779 1637 pturarum
831 1564 1139 1629 tramitem,
1196 1564 1653 1633 traditionemque
1701 1561 1998 1631 majorum,
2042 1572 2097 1617 et

495 1674 598 1731 pro
626 1656 973 1715 evidentibus
1002 1656 1209 1727 culpis,
1249 1669 1628 1726 quemcunque
1655 1669 1684 1708 a
1715 1654 2096 1709 communione

498 1748 745 1820 corporis
767 1757 823 1804 et
847 1746 1127 1819 sanguinis
1152 1747 1367 1802 Domini
1396 1747 1486 1801 Dei
1516 1742 1685 1801 nostri
1711 1744 1839 1802 Jesu
1869 1744 2090 1810 Christi,

495 1840 551 1896 in
591 1840 790 1911 quibus
837 1848 962 1911 post
1008 1838 1231 1895 unicum
1284 1838 1615 1909 baptismum
1662 1838 1934 1911 praecipue
1990 1839 2095 1893 hu-

2197 656 2316 711 qua:
2338 656 2442 695 non
2474 641 2662 695 vivunt
2680 638 2900 712 (Ezech.
2933 634 3075 707 XIII).
3100 631 3219 689 Non
3243 630 3564 687 morientem
3586 629 3788 699 quippe

2197 731 2521 797 moniticat,
2576 731 2667 801 qui
2714 728 2926 807 justum
2956 726 3201 791 damnat,
3254 733 3311 779 et
3352 737 3463 777 non
3514 720 3786 777 victurum

2197 823 2477 879 viviﬁcare
2504 823 2729 888 nititur,
2762 822 2854 891 qui
2894 834 3050 875 reum
3090 816 3358 889 supplicio
3386 813 3676 870 absolvere
3700 829 3789 869 co—

2198 928 2375 972 natur.
2413 914 2605 971 Causa:
2648 931 2776 986 ergo
2814 912 3110 985 pensanda:
3140 919 3285 973 sunt,
3312 917 3372 966 et
3417 916 3546 967 tunc
3586 904 3788 975 ligandi

2198 1019 2361 1079 atque
2386 1009 2625 1066 solvendi
2656 1018 2894 1081 potestas
2922 1006 3244 1065 exercenda.
3279 1024 3300 1057 ι

2268 1086 2502 1158 ΧΧἫΗ.
2555 1104 2657 1169 Qui
2708 1100 3057 1159 beatissimus
3103 1100 3295 1156 doctor
3345 1095 3552 1167 Spiritu
3600 1103 3793 1151 sancto

2199 1194 2438 1265 repletus
2459 1195 2661 1265 passim
2682 1194 2737 1249 in
2766 1195 2925 1251 dictis
2955 1194 3067 1250 suis
3087 1190 3324 1249 ostendit
3341 1232 3355 1256 ,
3378 1187 3637 1261 quoniam
3686 1187 3793 1258 epi-

2200 1292 2420 1357 8copus,
2450 1288 2541 1358 qui
2569 1289 2620 1342 in
2646 1286 2858 1358 ligando
2880 1296 2933 1342 et
2963 1285 3221 1342 solvendo
3248 1282 3470 1339 interim
3501 1280 3791 1337 arbitrii.

2198 1388 2305 1433 non
2335 1381 2575 1449 sequitur
2598 1377 2825 1449 judicis,
2857 1379 2974 1450 ipse
3012 1376 3217 1451 ligandi
3245 1383 3301 1432 et
3334 1375 3579 1432 solvendi
3626 1383 3783 1444 pote-

2198 1462 2513 1541 state,?1uin
2545 1478 2597 1524 et
2630 1484 2794 1540 regno
2810 1467 2905 1524 Dei
2936 1483 2996 1526 se
3023 1469 3224 1540 privat,
3256 1466 3301 1523 si
3326 1466 3658 1537 alligationic
3683 1480 3792 1518 tua-

2198 1561 2452 1616 ledictum
2497 1576 2603 1616 non
2638 1561 2843 1631 judicio
2874 1561 3135 1632 justitize,
3185 1561 3281 1616 sed
3311 1559 3481 1615 livore
3532 1559 3791 1613 vindicta:

2201 1652 2490 1723 depromit,
2523 1650 2690 1710 Paulo
2713 1663 3032 1719 attestante,
3068 1654 3161 1725 qui
3189 1652 3321 1707 dicit
3352 1670 3366 1705 :
3407 1648 3596 1721 Neque
3622 1650 3792 1705 malc-

2199 1744 2302 1799 dici
2335 1762 2546 1815 regnum
2585 1745 2685 1801 Dei
2721 1745 3059 1817 possidebunt
3089 1744 3106 1810 (
3137 1744 3163 1799 Ι
3198 1744 3323 1799 Cor.
3352 1728 3452 1816 vi).
3481 1740 3619 1811 Quia
3665 1756 3795 1799 vero

2201 1853 2358 1893 saera
2390 1838 2675 1909 Scriptura
2698 1840 2907 1895 duobus
2930 1841 3102 1895 modis
3132 1838 3476 1894 maledictum
3501 1845 3795 1903 memorat,

497 1948 677 1989 mana:
708 1932 900 1987 salutis
935 1931 1308 1986 reconciliatio
1338 1942 1392 1989 et
1429 1948 1638 1991 summa
1675 1932 1961 1999 consistit,
1995 1944 2093 2002 pro
2121 1918 2172 1982 Β
2200 1930 2343 1986 aliud
2376 1930 2629 1988 videlicet
2668 1932 2813 2003 quod
2860 1932 3147 2004 approbat,
3179 1939 3234 1987 et
3273 1928 3420 1985 aliud
3455 1928 3603 2000 quod
3638 1926 3796 1983 dam-

501 2025 616 2081 suis
640 2022 875 2094 injuriis,
892 2022 977 2078 vel
1002 2024 1168 2078 animi
1194 2024 1276 2078 sui
1301 2023 1537 2079 motibus
1553 2037 1618 2077 ac
1634 2023 1911 2078 iracundia
1939 2037 2092 2092 sepa-

502 2127 644 2174 rent.
675 2117 942 2188 Quoniam
973 2136 989 2166 ‹
1016 2117 1091 2171 ira
1124 2115 1443 2181 sacerdotis,
1471 2126 1527 2170 ut
1557 2125 1778 2172 sanctus
1806 2116 1935 2171 dicit
1956 2113 2091 2170 Gre-

503 2212 692 2287 gorius
715 2207 878 2283 (hom.
914 2208 1000 2277 l7,
1028 2210 1081 2263 in
1125 2208 1377 2281 Erang.),
1406 2223 1749 2280 nequaquam
1783 2207 1942 2264 debet
1971 2223 2091 2263 esse

492 2319 741 2377 prreceps
764 2313 817 2358 et
838 2303 1182 2373 perturbata,
1227 2302 1321 2356 sed
1358 2301 1532 2370 magis
1563 2316 1631 2355 ex
1664 2299 1880 2356 consilii
1913 2298 2092 2371 gravi—

450 2406 459 2413 ‘
493 2404 605 2451 tate
634 2393 924 2451 metuenda
951 2412 965 2460 ;
1008 2410 1108 2449 nec
1138 2392 1337 2448 debent
1385 2402 1591 2448 temere
1622 2392 1922 2449 indiscussa
1947 2391 2093 2461 judi-

494 2501 640 2552 care,
675 2500 777 2541 nec
795 2485 999 2559 passim
1032 2485 1175 2541 dicta
1208 2484 1325 2540 sine
1358 2484 1682 2557 probatione
1708 2486 1963 2552 credere,
1996 2485 2090 2541 sed

495 2577 741 2634 auctoris
769 2578 948 2633 nostri
984 2576 1128 2633 facta
1154 2591 1407 2647 pensare,
1446 2576 1533 2633 cui
1580 2592 1704 2632 cum
1732 2576 1917 2631 omnia
1944 2575 2089 2631 nuda

493 2674 550 2721 et
575 2674 765 2736 aperta
794 2665 923 2731 sint,
951 2663 1092 2719 mala
1123 2673 1301 2719 tamen
1328 2663 1581 2731 Sodoma:
1607 2665 1781 2720 noluit
1803 2676 1929 2720 ante
1947 2665 2091 2736 judi-

494 2774 644 2826 care,
680 2760 821 2815 sicut
850 2774 1006 2814 saera
1041 2760 1199 2815 docet
1236 2758 1488 2825 historia,
1521 2773 1683 2828 quam
1710 2758 1963 2830 probare,
1993 2773 2092 2813 nos

498 2850 780 2909 instruens
803 2867 875 2909 ne
901 2851 1044 2909 mala
1072 2852 1356 2908 hominum
1395 2862 1522 2907 ante
1550 2866 1943 2923 praesumamus
1973 2866 2090 2907 cre-

503 2941 636 3000 dere
664 2958 828 3015 quam
854 2942 1107 3016 probare.
1145 2962 1164 2996 ι

566 3031 780 3090 XXVII.
816 3032 1130 3109 Sequantur
1165 3042 1345 3088 autem
1387 3033 1442 3088 in
1482 3032 1811 3104 proferenda
1841 3032 2088 3105 judiciali

496 3133 768 3190 sententia
799 3141 1114 3188 sanctorum
1139 3130 1398 3187 Romana
1421 3130 1566 3186 sedis
1588 3130 1904 3200 pontificum
1926 3128 2092 3185 docu-

492 3234 700 3293 menta,
732 3224 955 3290 Leonis,
988 3233 1151 3293 atque
1172 3222 1418 3296 Gregorii
1452 3241 1466 3278 :
1498 3243 1516 3275 ι
1550 3223 1873 3280 Beatissimo
1898 3221 2085 3289 Petro,

2196 2030 2325 2087 nat,
2357 2021 2516 2077 aliter
2555 2023 2701 2076 enim
2740 2021 3087 2078 maledictum
3139 2020 3415 2093 profertur
3447 2017 3661 2088 judicio
3706 2018 3797 2087 jn-

2197 2114 2380 2178 stititc,
2407 2114 2565 2169 aliter
2592 2114 2764 2170 livore
2790 2114 3063 2178 vindictae,
3097 2112 3274 2169 sancti
3301 2112 3428 2179 viri,
3455 2126 3585 2167 cum
3614 2111 3674 2166 in
3702 2124 3791 2166 ex-

2196 2207 2708 2263 communicationis
2762 2206 3078 2278 alligatione
3120 2204 3523 2261 maledictiunis
3578 2211 3798 2260 senun-

2199 2301 2327 2357 tiam
2360 2301 2662 2372 proferunt,
2692 2316 2798 2358 non
2828 2302 2895 2357 ad
2920 2298 3066 2357 hanc
3095 2315 3161 2356 ex
3192 2307 3320 2355 voto
3342 2296 3522 2354 livida:
3547 2296 3797 2362 ritimis,

2196 2393 2289 2450 sed
2312 2410 2375 2449 ex
2395 2394 2621 2465 iustitia:
2645 2394 2898 2469 examine
2913 2401 3225 2464 erumpunt.
3248 2391 3399 2446 lntus
3416 2390 3562 2446 enim
3586 2386 3798 2445 subtile

2196 2485 2290 2542 Dei
2313 2486 2574 2557 judicium
2624 2486 2928 2558 aspiciunt,
2961 2497 3014 2541 et
3045 2484 3183 2541 mala
3228 2483 3376 2539 foras
3414 2482 3796 2554 exsurgentia,

2196 2578 2321 2648 quia
2360 2577 2649 2635 maledicto
2679 2577 2963 2648 alliganda:
3002 2573 3587 2634 exeommunicationis
3626 2573 3800 2630 fbrire

2198 2672 2451 2741 debeant,
2483 2679 2841 2743 cognoscunt,
2877 2679 2928 2726 et
2952 2684 3020 2724 eo
3052 2671 3105 2725 in
3134 2667 3462 2739 alligatiouis
3482 2682 3549 2723 ac
3577 2682 3802 2722 exeam.

2197 2763 2592 2819 municationis
2645 2762 2936 2837 maledicto
2972 2776 3079 2816 non
3116 2766 3383 2831 peccant,
3417 2758 3561 2828 quod
3596 2757 3669 2811 ab
3710 2756 3799 2811 in-

2196 2864 2355 2911 terno
2378 2853 2583 2926 judicio
2614 2868 2721 2909 non
2757 2853 3092 2909 discordant.
3122 2848 3325 2905 Contra
3354 2847 3802 2905 “communica.

2198 2948 2365 3005 tionis
2422 2947 2794 3013 maledictum,
2848 2944 3021 3002 livore
3070 2944 3324 3000 vindictae
3382 2943 3796 3014 depromptum,

2194 3057 2326 3099 voce
2372 3041 2524 3097 Pauli
2579 3039 2926 3111 przedicantis
2959 3037 3334 3104 admonemur,
3397 3036 3489 3107 qui
3534 3033 3658 3091 ait:
3692 3033 3797 3090 Be-

2199 3137 2442 3202 nedicite,
2460 3145 2508 3191 et
2538 3134 2697 3189 nolite
2717 3133 3031 3188 maledicere
3053 3133 3216 3205 (from.
3240 3146 3344 3197 1m,
3360 3130 3611 3203 14),quia
3632 3144 3801 3200 neque

2195 3230 2441 3287 maledici
2470 3244 2686 3300 regnum
2735 3226 2833 3281 Dei
2878 3225 3214 3297 possidebunt
3262 3223 3330 3298 (1
3378 3221 3503 3278 Cor.
3552 3237 3629 3289 vi,
3684 3220 3796 3292 ιθ).

490 3292 808 3386 inquitLeo
845 3316 1023 3389 (εει-ιιι.
1049 3292 1104 3382 3,
1134 3318 1189 3371 in
1229 3292 1421 3372 Annio.
1456 3317 1761 3388 assumpt.),
1803 3334 1831 3370 a
1872 3316 2089 3372 Christo
2117 3292 2162 3357 Ο
2198 3323 2332 3379 Nam
2383 3323 2426 3378 si
2474 3338 2503 3376 a
2526 3292 2795 3392 vqnolibel
2824 3292 2930 3376 non
2981 3318 3214 3374 fortasse
3236 3292 3307 3373 ex
3345 3314 3573 3380 malitia,
3608 3315 3703 3371 sed
3730 3330 3795 3370 Ol

495 3406 697 3461 dicitur
728 3426 740 3459 :
788 3403 909 3461 Tibi
946 3406 1086 3462 dabo
1116 3406 1295 3464 claves
1329 3406 1480 3479 regni
1511 3407 1773 3463 caelorum
1795 3448 1808 3472 ,
1853 3416 1907 3461 et
1942 3424 2090 3477 quzc-

500 3516 717 3573 cunque
770 3499 1026 3573 ligaveris
1070 3518 1231 3579 super
1278 3512 1502 3569 terram,
1536 3512 1696 3557 erunt
1742 3503 1909 3576 ligata
1938 3510 1991 3557 et
2038 3504 2090 3557 in

500 3591 683 3661 melis;
717 3600 772 3649 et
816 3609 1156 3667 quaecunque
1198 3592 1423 3652 solveris
1473 3612 1636 3669 super
1663 3604 1901 3664 terram,
1934 3606 2095 3653 erunt

494 3686 670 3744 soluta
700 3690 835 3745 etin
875 3690 1048 3746 ccelis.
1079 3689 1357 3745 Transivit
1397 3689 1617 3760 quidem
1647 3691 1812 3747 etiam
1855 3689 1907 3744 in
1959 3689 2090 3746 alios

494 3782 767 3853 apostolos
786 3783 877 3853 jus
910 3782 1068 3840 istius
1096 3783 1405 3855 potestatis,
1434 3792 1490 3839 et
1514 3784 1583 3839 ad
1614 3798 1803 3839 omnes
1833 3781 2093 3839 Ecclesiae

487 3873 762 3944 principes
789 3874 996 3929 decreti
1040 3873 1201 3943 hujus
1228 3872 1548 3928 constitutio
1592 3873 1921 3930 comtneavit
1954 3892 1964 3926 :
1997 3871 2091 3927 sed

491 3978 600 4018 non
628 3963 830 4019 frustra
855 3964 946 4017 uni
975 3965 1394 4019 commendatur
1421 3965 1568 4035 quod
1596 3965 1850 4020 omnibus
1879 3966 2094 4023 intime-

491 4061 599 4109 tur.
634 4052 799 4108 Petro
824 4053 969 4108 enim
999 4051 1121 4107 ideo
1155 4053 1258 4108 hoc
1290 4053 1643 4125 singulariter
1674 4054 1937 4122 creditur,
1966 4055 2089 4125 quia

493 4145 706 4201 cunctis
731 4144 996 4200 Ecclesia:
1023 4145 1331 4200 rectoribus
1360 4142 1507 4201 Petri
1537 4143 1709 4199 forma
1740 4145 2088 4216 praeponitur.

488 4235 671 4293 Manet
698 4250 829 4306 ergo
862 4234 1010 4290 Petri
1047 4235 1391 4308 privilegium
1415 4276 1428 4300 ,
1475 4235 1781 4306 ubicunque
1821 4235 1993 4292 fertur
2027 4253 2093 4293 ex

490 4326 662 4396 ipsius
692 4326 951 4395 aequitate
975 4324 1261 4397 judicium.
1293 4324 1405 4382 Nec
1434 4327 1601 4382 nimia
1628 4338 1746 4395 est,
1771 4327 1854 4383 vel
1885 4328 2089 4383 severi-

491 4424 595 4481 tas,
625 4417 709 4479 vel
736 4418 1016 4483 remissio,
1065 4418 1153 4473 ubi
1190 4419 1329 4473 nihil
1360 4418 1585 4492 ligatum
1608 4460 1622 4485 ,
1656 4419 1790 4476 nihil
1832 4428 1914 4477 est
1942 4420 2089 4479 solu-

498 4516 638 4574 tum,
666 4508 773 4565 nisi
804 4510 950 4579 quod
974 4510 1169 4567 beatus
1193 4509 1407 4577 Petrus,
1442 4521 1537 4566 aut
1576 4512 1775 4587 ligarit,
1802 4525 1893 4567 aut
1924 4515 2093 4569 solve-

2196 3416 2393 3490 linguae
2440 3415 2671 3481 incuria,
2716 3410 3118 3469 maledic‘tionis
3162 3411 3392 3468 verbum
3436 3408 3714 3481 jaculatnr
3736 3406 3797 3464 in

2194 3511 2523 3591 proximum,
2564 3507 2703 3581 apud
2727 3508 3033 3564 districtum
3053 3507 3314 3579 judicent,
3341 3518 3372 3560 a
3395 3519 3503 3576 quo
3527 3500 3595 3559 de

2196 3590 2366 3658 verbo
2396 3601 2538 3657 ratio
2578 3600 2634 3655 in
2676 3600 2763 3654 die
2796 3598 2985 3675 judicii
3035 3598 3298 3669 poscitur,
3348 3590 3676 3651 damnabilis
3714 3602 3803 3647 est

2194 3692 2287 3748 ille
2310 3708 2512 3757 sermo,
2542 3691 2635 3762 qui
2666 3689 2872 3745 malitia
2899 3702 3007 3745 non
3036 3698 3207 3756 caret,
3237 3697 3293 3743 et
3319 3684 3555 3761 poenalis
3579 3692 3664 3741 est
3688 3683 3798 3748 ille,

2199 3784 2290 3861 qui
2340 3784 2406 3837 ah
2459 3781 2709 3838 utilitatis
2768 3776 3009 3837 bonitate
3066 3787 3261 3846 vacat,
3314 3778 3654 3851 pensandum
3713 3785 3802 3831 est

2199 3891 2525 3947 magnopere
2557 3882 2763 3949 quanta
2795 3872 3269 3928 animadversione
3297 3870 3578 3942 plectentia
3608 3878 3696 3925 est
3729 3868 3802 3923 ab

2199 3967 2473 4040 episcopo,
2504 3965 2659 4036 cujus
2690 3978 2868 4021 sermo
2898 3979 3113 4036 semper
3139 3964 3277 4030 sale,
3304 3963 3359 4019 id
3389 3971 3474 4018 est
3506 3962 3796 4032 sapientia,

2198 4058 2444 4114 conditus
2470 4072 2591 4113 esse
2637 4057 2953 4128 praecipitur
2982 4053 3181 4128 (Cales.
3217 4070 3306 4122 IV,
3333 4052 3401 4125 6)
3426 4095 3441 4121 ,
3464 4052 3708 4125 jaculata
3741 4052 3800 4107 in

2198 4149 2505 4220 proximum
2533 4147 2747 4219 injusta:
2773 4147 3105 4219 alligationis
3126 4144 3641 4211 excommunicatio,
3678 4159 3800 4214 qum

2198 4239 2375 4310 potius
2402 4240 2642 4294 vocanda
2668 4247 2758 4294 est
2786 4238 3116 4295 maledictio.

2268 4329 2460 4386 XXIX.
2484 4330 2794 4402 Sequemur
2812 4332 2993 4401 itaque
3018 4329 3275 4387 Ecclesia
3297 4338 3502 4386 sancta:
3518 4336 3798 4392 rectores,

2197 4442 2430 4500 quorum
2458 4426 2621 4482 dorsa
2654 4424 2918 4481 mentium
2952 4422 3175 4481 incudes
3206 4433 3332 4479 sunt
3354 4423 3639 4478 hominum
3666 4437 3799 4493 pec-

2197 4529 2466 4589 catorum,
2509 4520 2723 4577 dicente
2764 4520 3052 4575 Psalmista
3088 4538 3100 4574 :
3136 4516 3311 4590 Supra
3357 4518 3574 4572 dorsum
3621 4534 3800 4571 meum

627 4620 645 4653 ι
676 4600 824 4704 Ἠίιιο
860 4612 1010 4659 certa
1044 4604 1483 4663 consideratione
1511 4605 1672 4662 datur
1702 4608 1927 4681 intelligi
1960 4610 2087 4679 quia
2118 4652 2168 4712 Β
2195 4612 2581 4684 fabricaverunt
2608 4621 2903 4683 peccatores
2935 4606 3109 4680 (Paul.
3139 4609 3459 4681 cumuli),
3490 4609 3545 4664 in
3574 4623 3801 4679 separa-

493 4691 550 4747 in
568 4690 866 4767 judicando
909 4709 1018 4750 non
1051 4704 1133 4750 est
1162 4695 1309 4752 Petri
1358 4697 1725 4771 privilegium,
1763 4699 1849 4755 ubi
1880 4717 1985 4756 non
2020 4718 2083 4757 cx

496 4787 668 4857 ipsius
695 4786 870 4843 fertur
893 4789 1152 4858 aequitate
1175 4788 1464 4857 judicium.
1491 4791 1586 4847 Est
1624 4793 1787 4865 igitdr
1832 4793 2085 4867 praijudi-

492 4884 667 4951 cium,
696 4900 805 4939 non
840 4885 1130 4957 judicium,
1165 4888 1292 4958 quia
1338 4906 1444 4947 non
1480 4888 1604 4960 jure
1640 4892 1870 4960 dictum,
1920 4894 1974 4949 id
2002 4903 2084 4950 est

493 4991 600 5031 non
625 4976 854 5051 justitias
878 4976 994 5049 lege
1017 4978 1305 5047 prolatum.
1341 4979 1474 5036 EtS.
1494 4981 1787 5051 Gregorius
1812 4983 1983 5054 (hom.
2015 4983 2085 5038 '26

490 5067 548 5121 in
578 5066 797 5138 Ezech.)
829 5087 841 5123 :
881 5086 901 5121 ι
933 5067 1088 5140 Saepe
1117 5070 1315 5138 agitur,
1350 5071 1521 5143 utqui
1551 5073 1723 5127 nescit
1751 5084 1931 5128 tenere
1966 5089 2078 5127 mo-

493 5160 771 5219 deramina
800 5161 925 5215 vitae
955 5176 1100 5229 suae,
1121 5160 1291 5233 judcx
1330 5161 1455 5217 vita:
1497 5162 1591 5217 fiat
1639 5163 1862 5229 alicmc,
1897 5174 1956 5217 ut
2002 5163 2088 5218 vel

492 5250 712 5308 damnet
738 5251 1061 5318 immeritos,
1088 5252 1170 5309 vel
1203 5253 1337 5308 alios
1365 5254 1481 5324 ipse
1509 5254 1705 5327 ligatus
1735 5255 1928 5321 solvat,
1961 5274 2081 5312 eum

493 5360 604 5401 sua:
624 5345 921 5404 voluntatis
952 5356 1133 5403 motus
1156 5389 1171 5413 ,
1207 5364 1315 5404 non
1347 5357 1526 5404 autent
1560 5364 1849 5404 causarum
1892 5352 2083 5406 merita

493 5439 756 5508 sequitur.
793 5440 945 5499 Unde
993 5441 1053 5496 fit
1099 5450 1157 5496 ut
1184 5442 1298 5513 ipse
1349 5443 1450 5497 hac
1482 5442 1682 5515 ligandi
1734 5459 1798 5500 ac
1844 5445 2084 5502 solvendi

494 5540 765 5605 potestate
787 5548 848 5589 se
874 5537 1081 5605 privet.
1112 5538 1203 5607 qui
1238 5538 1379 5593 hanc
1420 5552 1516 5608 pro
1552 5539 1665 5595 suis
1695 5538 2081 5601 voluntatibus,

494 5633 550 5679 et
580 5638 689 5678 non
718 5638 817 5694 pro
862 5626 1229 5695 subiectorum
1282 5629 1523 5685 moribus
1558 5640 1796 5686 exercet.
1836 5631 2087 5688 Judieare

494 5714 640 5769 enim
666 5713 829 5785 digne
860 5716 925 5771 de
964 5719 1194 5773 subditis
1229 5730 1539 5790 nequeunt,
1585 5723 1673 5792 qui
1724 5723 1778 5777 in
1822 5722 2087 5794 subjecto-

494 5820 618 5861 rum
666 5807 848 5863 causis
894 5823 991 5865 sua
1038 5812 1118 5865 vel
1176 5812 1298 5867 odia
1350 5814 1433 5867 vel
1480 5815 1713 5883 gratiam
1763 5826 2083 5886 sequuntur.

494 5895 653 5955 Unde
704 5908 853 5957 recte
902 5914 1002 5973 per
1043 5904 1361 5974 prephetam
1406 5904 1645 5960 dicitur:
1692 5905 2088 5965 Mortificabant

2197 4704 2340 4759 tione
2368 4720 2395 4758 a
2428 4703 2831 4769 communione,
2864 4710 2917 4757 et
2943 4702 3387 4758 reconciliatione
3418 4708 3796 4756 sacramento-

2196 4811 2316 4849 rum
2352 4793 2577 4859 Christi,
2605 4806 2821 4849 sacrum
2846 4791 3131 4848 Nicrennm
3160 4791 3472 4855 concilium,
3504 4800 3557 4844 et
3593 4787 3799 4845 Africae

2192 4887 2484 4959 provinciae
2533 4901 2791 4951 canones,
2847 4884 3025 4941 Siricii
3075 4898 3319 4955 quoque,
3368 4894 3424 4939 et
3470 4880 3795 4943 lnnoccntii.

2194 4991 2354 5051 atque
2384 4979 2583 5036 Leonis
2610 4979 2832 5036 decreta
2852 5021 2866 5047 ,
2898 4988 2951 5035 et
2980 4976 3263 5050 epistolam
3296 4977 3468 5048 ipsius
3494 4974 3697 5030 Leonis
3726 4974 3798 5029 ad

2186 5078 2539 5137 Theodorum
2587 5076 3015 5147 Forojuliensem
3066 5076 3379 5151 epiSwpum
3427 5071 3607 5145 (epist.
3661 5070 3731 5125 59
3749 5069 3793 5139 ).

2190 5174 2299 5229 Sed
2330 5183 2383 5228 et
2411 5190 2571 5244 quem
2601 5175 2667 5228 de
2697 5171 3072 5228 ecclesiastico
3102 5168 3323 5232 ordine,
3355 5163 3796 5222 clarescentibus

2191 5265 2529 5336 gravioribus
2558 5263 2729 5337 culpis
2753 5305 2765 5327 ,
2813 5264 2980 5335 gradu
3012 5246 3345 5333 privaverint
3367 5302 3382 5325 ,
3408 5257 3797 5315 communione

2191 5355 2436 5427 corporis
2465 5364 2521 5411 et
2557 5355 2837 5428 sanguinis
2882 5352 3108 5416 Christi,
3157 5360 3216 5407 ut
3261 5365 3499 5408 canones
3541 5347 3796 5419 prmlixe-

2192 5456 2334 5513 runt,
2363 5462 2465 5503 non
2494 5448 2728 5518 privent.
2762 5445 2886 5501 Haec
2918 5454 2999 5501 est
3024 5445 3193 5511 enim,
3222 5444 3508 5514 Scriptura
3537 5442 3755 5497 dicente
3774 5483 3789 5505 ,

2195 5539 2394 5592 directa
2430 5540 2529 5604 via,
2571 5540 2643 5592 ita
2678 5548 2733 5591 ut
2767 5538 2891 5591 recti
2930 5537 3194 5591 ambulent
3235 5537 3290 5591 in
3320 5554 3405 5601 ea,
3434 5544 3482 5590 el
3518 5551 3610 5589 nec
3640 5534 3795 5587 slulti

2197 5640 2368 5684 errent
2393 5647 2487 5701 per
2528 5647 2643 5685 eam
2677 5629 2810 5700 (lsa.
2853 5645 3023 5696 xxxv,
3051 5629 3127 5700 8).
3158 5630 3234 5686 De
3272 5627 3471 5698 injuste
3520 5627 3793 5698 siquidem

2197 5721 2817 5789 excommunicantibus,
2834 5722 2916 5777 vel
2938 5722 3448 5787 excommunicatis,
3468 5720 3598 5790 quid
3623 5720 3793 5775 etiam

2197 5815 2283 5868 lex
2318 5796 2633 5871 Justiniana
2654 5814 2912 5870 decernat
2937 5856 2951 5881 ,
2996 5822 3227 5870 vestram
3259 5813 3581 5885 sapientiam
3622 5813 3797 5868 latere

2198 5926 2303 5968 non
2337 5917 2532 5984 potest.
