4012 6318
248 308 382 369 943

316 382 321 387 ’
770 423 1107 485 EPISTOLA
1147 425 1386 483 XXXI".
1651 512 1659 519 _

246 536 334 578 an
373 528 659 579 ertScoros
695 535 995 577 mmsrs
1043 535 1303 577 ntmcesrs
1356 538 1425 577 ετ
1462 536 1635 578 oms
1668 536 1864 579 eccun-

663 604 767 648 su
804 601 1083 650 πανοπε
1120 608 1190 651 ΕΤ
1230 608 1468 650 ιιίυειεθ.

351 706 622 764 Aduersus
648 704 947 775 Odaerum,
988 707 1775 847 excommunicationi»

934 793 1001 834 no
1027 794 1045 831 ι
1179 817 1195 835 .

934 793 1195 835 unum.

688 879 788 945 (Ex
809 880 916 933 Act.
940 892 1076 944 prov.
1103 881 1234 932 Eccl.
1255 880 1460 945 item.)

330 984 661 1041 {insonans
696 985 987 1057 episcopus
1026 1000 1091 1041 ac
1118 984 1294 1056 plebis
1318 986 1415 1040 Dei
1443 986 1679 1043 {animus
1697 1031 1711 1057 ,
1737 1000 1863 1043 cum

252 1077 491 1148 collegis
524 1075 734 1133 nostris
770 1075 1174 1133 venerabilibus
1203 1077 1502 1135 dioecescos
1528 1079 1864 1136 Rhemorum

252 1168 557 1243 episcopis,
586 1166 842 1224 omnibus
858 1166 1121 1226 Ecclesiae
1138 1180 1349 1226 sanetae
1375 1170 1682 1228 rectoribus
1704 1181 1866 1245 atque

253 1260 538 1327 ﬁdelibus,
565 1260 634 1316 ad
668 1274 899 1332 quorum
942 1258 1194 1317 notitiam
1244 1263 1360 1318 haec
1400 1265 1683 1334 sequentia
1712 1273 1864 1336 pote-

253 1362 383 1411 runt
409 1355 706 1425 pervenire
732 1372 748 1409 :
778 1364 838 1410 ut
859 1355 1095 1412 scientes
1124 1371 1155 1411 a
1185 1357 1403 1427 quibus,
1435 1366 1491 1415 et
1518 1358 1774 1431 qualiter,
1801 1374 1866 1415 ac

256 1445 539 1517 quotiens,
564 1451 619 1501 et
643 1460 745 1518 pro
778 1446 976 1518 quibus
1014 1448 1331 1505 excessibus
1372 1449 1619 1507 Odacrus
1646 1451 1867 1507 invasor

254 1539 519 1595 Ecclesize
539 1537 906 1617 Belvaccnsis,
928 1540 1286 1613 sulfraganeae
1308 1552 1506 1599 nostrae
1528 1545 1860 1616 metropolis,

253 1635 323 1693 sit
351 1634 886 1701 excommunicatus,
916 1636 985 1691 ab
1006 1634 1128 1706 ejus
1154 1637 1461 1709 perniciosa
1483 1640 1864 1696 communione

252 1743 313 1785 se
362 1737 637 1797 caveant,
680 1743 785 1799 ne,
824 1735 889 1784 ut
935 1729 1195 1804 scriptum
1224 1741 1337 1797 est,
1362 1731 1539 1804 picem
1583 1740 1862 1806 tangentes

1713 307 2091 369 EPISTOLAﬂ.

1894 430 1943 491 Α
1968 426 2183 485 futurus
2209 430 2524 503 episcopus,
2566 434 2659 502 qui
2687 433 2862 490 sacris
2893 434 3196 493 canonihus
3234 451 3340 493 non
3384 440 3562 503 valeat

3454 326 3560 384 2&6

1970 521 2214 589 obviare,
2250 531 2307 579 et
2330 537 2456 579 etim
2487 525 2705 581 decreto
2746 526 3084 598 singulorum
3120 529 3373 586 manibus
3402 533 3562 590 robo—

1971 624 2092 672 rato
2138 618 2208 672 ad
2268 618 2747 689 metropolitanum
2803 628 2860 677 et
2915 628 3142 678 caeteros
3202 624 3565 694 provinciales

1969 711 2275 782 episcopos,
2290 711 2414 782 ipso
2431 712 2799 769 interventore
2819 714 3114 781 mediante,
3138 718 3470 788 perducatur
3493 721 3563 781 ad

1967 804 2403 870 ordinationem,
2454 815 2511 860 et
2534 805 2615 862 sic
2656 807 2929 862 communi
2972 817 3293 865 cunctorum
3342 810 3565 869 decreto

1968 896 2311 964 rationabili,
2370 906 2425 953 et
2474 898 2773 955 secundum
2828 898 3072 969 regulam
3132 892 3562 959 ecclesiasticam

1969 989 2343 1058 comprobato,
2374 989 2672 1046 secundum
2717 998 2975 1060 quartum
3004 999 3062 1045 et
3103 1000 3314 1047 sexwm
3354 993 3563 1063 capitu-

1967 1080 2081 1136 lum
2110 1082 2353 1153 mystice
2394 1082 2589 1155 synodi
2628 1081 2903 1150 Nicasius,
2948 1091 3002 1139 et
3037 1084 3194 1153 juxta
3242 1085 3560 1143 vicesimum

1966 1186 2219 1250 quartum
2272 1178 2569 1249 capitulum
2614 1179 2936 1237 Antiocheni
2975 1182 3207 1238 concilia
3250 1183 3561 1248 adulatur,

1967 1272 2109 1328 sicut
2128 1279 2187 1330 et
2216 1281 2439 1331 sanctus
2474 1271 2771 1345 Gregorius
2810 1274 3091 1333 mldtoties
3123 1276 3177 1332 in
3216 1284 3435 1348 regesto
3462 1291 3561 1333 suo

1966 1360 2232 1419 decernit.
2267 1361 2417 1430 Quos
2444 1377 2632 1423 sacros
2653 1379 2894 1425 canones
2918 1365 3185 1434 Odacrus.
3217 1367 3439 1427 invasor
3459 1382 3563 1442 per

1967 1460 2184 1508 exteras
2207 1460 2507 1523 potestates
2528 1454 2763 1511 viduatae
2783 1454 3130 1515 Bclvacensis
3144 1457 3415 1526 ecclesiae,
3430 1473 3560 1519 con-

1968 1549 2214 1599 temnens
2247 1552 2408 1614 atque
2452 1545 2787 1602 conculcans
2828 1561 2929 1616 pro
2954 1547 3129 1605 nihilo
3154 1547 3330 1617 duxit,
3358 1558 3415 1605 et
3440 1548 3557 1621 jam

1964 1633 2250 1705 plusquam
2320 1651 2521 1694 annum
2586 1652 2892 1711 usurpans,
2954 1654 3055 1701 sua
3122 1643 3405 1714 tyrannica
3468 1643 3560 1698 dc-

1968 1726 2273 1785 vastatione
2326 1727 2698 1798 captivatam,
2760 1737 2953 1789 contra
3014 1747 3271 1805 magnum
3338 1733 3561 1793 Chalce-

253 1819 612 1890 inquinentor
641 1818 709 1877 ab
737 1833 799 1875 ea
821 1861 839 1888 ,
869 1829 926 1877 et
951 1821 1068 1877 ovis
1099 1822 1343 1880 morbida
1364 1866 1379 1891 ,
1407 1824 1510 1883 nisi
1535 1827 1857 1896 quantocius
1887 1811 1934 1873 Β
1963 1815 2204 1874 doncnsc
2240 1818 2538 1877 concilium
2573 1829 2956 1883 sexcentarum
2996 1824 3218 1895 triginta
3248 1833 3306 1883 et
3340 1840 3408 1885 eo
3444 1840 3560 1880 atu-

252 1926 284 1966 a
315 1925 457 1968 sano
482 1924 647 1985 grege
674 1910 842 1969 fuerit
871 1924 1145 1985 separata,
1175 1914 1375 1973 multos
1402 1928 1502 1974 suo
1521 1920 1713 1975 morbo
1734 1918 1856 1975 inli-

252 2004 388 2065 ciat.

325 2094 372 2151 1.
404 2093 560 2152 Sicut
586 2096 746 2173 longe
776 2108 902 2155 ante
922 2098 1243 2171 prmdictum
1270 2111 1354 2158 est
1380 2117 1415 2157 a
1432 2096 1552 2160 Deo
1582 2117 1679 2174 per
1704 2103 1855 2161 Psal-

251 2190 527 2247 mistam:
557 2188 852 2248 Convallem
896 2193 1357 2252 tabernaculorum
1396 2197 1640 2254 dimetiar
1668 2196 1852 2271 (Paul.

253 2280 424 2352 cvn),
456 2283 557 2339 hoc
584 2290 685 2349 est,
718 2286 1053 2343 utcatholici
1078 2288 1327 2345 doctores
1351 2287 1608 2359 produnt,
1634 2291 1852 2345 univer-

247 2362 381 2427 suni
405 2373 594 2429 orbem
638 2382 932 2444 terrarum,
956 2379 1050 2450 qui
1073 2377 1231 2435 vallis
1260 2378 1730 2436 tabernaculorum
1756 2396 1856 2453 pro

250 2464 587 2521 habitaculis
630 2480 919 2536 corporum
964 2467 1144 2529 dictus
1180 2482 1262 2528 est
1288 2514 1302 2539 ,
1334 2473 1498 2529 etiam
1538 2474 1855 2545 priusquam

248 2557 509 2616 Christus
539 2561 744 2619 mundo
766 2578 864 2634 per
892 2564 1322 2625 incarnationem
1348 2564 1610 2633 illuxerit,
1642 2569 1853 2624 dimen-

248 2668 374 2711 sum
415 2653 592 2713 fuisse
631 2655 888 2734 legimus,
924 2676 1089 2732 quam
1134 2660 1526 2719 dimensionem
1565 2662 1850 2719 habemus.

248 2745 317 2805 Et
343 2756 495 2818 post,
525 2757 587 2803 ut
608 2748 734 2806 item
762 2752 878 2823 ipse
910 2755 1190 2825 prmcepit,
1228 2752 1555 2823 Distribuite,
1579 2755 1854 2828 inquiens,

250 2838 436 2896 dantes
464 2841 585 2913 ejus
614 2838 788 2914 (Psal.
825 2845 1021 2916 xum),
1046 2843 1299 2903 videlicet
1320 2845 1649 2904 universalis
1674 2847 1858 2905 Eccle-

132 2976 140 2984 .
250 2933 347 2989 sia:
375 2942 492 2992 toto
514 2943 787 2993 terrarum
818 2936 950 2996 orbe
977 2939 1327 3015 ditiusae,.per
1353 2944 1724 3000 custodiarum
1757 2960 1853 3016 pa-

250 3024 475 3081 rochias
511 3026 826 3085 distinctam
867 3031 1246 3102 cognoscimus
1269 3074 1283 3098 ,
1334 3048 1496 3106 quam
1542 3034 1708 3090 etiam
1746 3034 1856 3091 dis-

1955 1907 2099 1977 plius
2128 1909 2543 1980 episcoporum,
2586 1912 2733 1983 quod
2776 1914 3027 1986 praerupit
3073 1915 3217 1973 intra
3269 1923 3378 1975 tres
3407 1930 3561 1973 men-

1956 2015 2045 2057 ses
2064 2001 2438 2061 ordinationes
2458 2004 2843 2077 episcoporum
2873 2004 3137 2065 celebrari
3166 2003 3349 2077 (conc.
3393 2003 3558 2063 Chal-

1956 2096 2106 2162 ced.,
2154 2110 2282 2152 an.
2336 2095 2451 2168 25).
2504 2095 2623 2159 Han
2674 2113 2936 2163 reverens
2979 2098 3221 2159 divinum
3258 2098 3559 2173 iudicium,

1958 2201 2061 2243 nec
2110 2201 2353 2257 pensans
2381 2197 2650 2259 quantum
2677 2189 2981 2261 periculum
3024 2190 3127 2256 sit,
3166 2190 3292 2263 quia
3333 2188 3388 2247 in
3430 2204 3561 2265 pro-

1956 2278 2102 2334 xime
2153 2278 2483 2350 praecedenti
2539 2292 2713 2339 coena:
2762 2280 3061 2341 Dominicae
3113 2281 3228 2346 die,
3287 2280 3441 2339 multi
3486 2280 3555 2335 ab

1957 2371 2144 2430 Odone
2197 2372 2449 2445 episcopo
2512 2388 2613 2445 pro
2667 2373 2902 2446 publicis
2957 2373 3278 2433 criminibus
3337 2374 3393 2431 in
3457 2388 3559 2444 pu-

1956 2463 2099 2521 blica
2146 2463 2469 2534 ptenitentia
2516 2465 2821 2535 constituti,
2857 2464 3002 2536 quod
3050 2464 3158 2522 nisi
3198 2464 3271 2533 ab
3298 2464 3561 2538 episcopo

1957 2553 2077 2611 ﬁeri
2106 2553 2258 2623 licet,
2288 2556 2407 2613 sine
2437 2554 2880 2619 reconciliatione
2904 2564 2962 2615 et
2987 2555 3368 2619 communione
3402 2570 3558 2613 sacra

1958 2657 2240 2721 gementes
2294 2658 2696 2715 remanserunt,
2744 2650 2935 2720 quanti
2988 2649 3109 2713 sine
3157 2648 3418 2711 canonico
3462 2648 3559 2707 ba-

1954 2741 2159 2815 ptismo
2196 2748 2255 2796 et
2287 2740 2585 2812 episcepali
2632 2740 3044 2820 consignatione
3086 2740 3269 2801 relicti
3315 2740 3554 2807 luerunt,

1958 2838 2178 2907 quantis
2206 2838 2605 2897 rusticanarum
2632 2837 3017 2909 parochiarum
3045 2839 3105 2899 in
3138 2848 3288 2899 tanto
3316 2847 3559 2911 tempore

1952 2932 2292 3004 presbyteris
2330 2930 2622 2999 defunctis,
2650 2932 2894 3002 ipsarum
2926 2932 3315 3004 parocltiarum
3340 2932 3557 3005 parvuli

1956 3024 2078 3081 sine
2095 3023 2368 3094 baptismo
2391 3023 2574 3093 perire
2613 3031 2930 3094 potuerunt.
2958 3024 3147 3094 quanti
3176 3023 3303 3093 viri,
3343 3033 3560 3095 quantae

252 3115 577 3173 unctionem
625 3118 913 3175 habemus.
950 3117 1113 3178 Unde
1154 3124 1299 3178 sacri
1344 3110 1617 3191 canones,
1663 3124 1855 3195 spiritu

1961 3116 2193 3179 feminae,
2242 3115 2364 3175 sine
2408 3114 2850 3177 reconciliatione
2896 3114 2962 3175 et'
2997 3117 3141 3174 sacri
3169 3117 3277 3175 olei
3302 3117 3561 3175 unctione

251 3209 350 3265 Dei
373 3210 579 3267 conditi
603 3253 617 3279 ,
647 3221 702 3269 et
730 3214 895 3269 totius
926 3217 1113 3272 mundi
1162 3217 1466 3274 reverentia
1510 3221 1851 3288 consecrati,

1961 3218 2125 3281 atque
2148 3215 2342 3267 sancta
2362 3210 2770 3277 communione.
2814 3218 2871 3267 et
2886 3210 3012 3271 sine
3032 3226 3223 3267 eorum
3253 3210 3556 3267 animarum

249 3303 556 3363 decernunt
585 3303 825 3364 dicentes
850 3306 1019 3381 (conc.
1058 3308 1325 3379 Antioch.,
1361 3326 1427 3368 an
1455 3310 1580 3381 ⁸541,
1605 3330 1722 3369 can.
1750 3314 1810 3387 9)
1836 3333 1851 3371 :

255 3417 275 3450 ι
315 3397 426 3455 Per
474 3399 719 3475 singulas
772 3403 1019 3477 regiones
1067 3403 1348 3485 episcolios
1395 3409 1646 3465 convenit
1695 3421 1854 3466 nosse

247 3490 735 3567 metropolitanum
757 3495 1070 3571 episcopum
1095 3497 1515 3557 sollicitudinem
1544 3502 1705 3559 totius
1727 3516 1855 3575 pro-

250 3581 452 3637 vinciae
490 3597 699 3659 gerere,
737 3602 757 3636 ι
791 3593 847 3641 et
878 3585 1083 3657 reliqua
1125 3603 1244 3659 qua)
1290 3589 1488 3646 ibidem
1531 3600 1850 3663 sequuntur.

255 3669 336 3725 Et
363 3680 576 3733 sanctus
600 3672 913 3737 Bonifacius
944 3692 1103 3753 papa,
1136 3680 1434 3751 explanans
1460 3691 1672 3737 sextum
1699 3684 1851 3754 capis

260 3764 442 3821 tulum
489 3766 723 3841 mysticae
756 3768 989 3827 Nicaeum
1036 3773 1227 3848 synodi
1256 3816 1270 3841 ,
1300 3788 1398 3846 per
1439 3790 1601 3846 quam
1634 3786 1854 3833 sanctus

255 3856 502 3930 Spiritus
537 3871 617 3917 est
652 3861 864 3920 locutus
914 3864 1029 3920 ait:
1090 3885 1109 3918 ι
1148 3865 1545 3939 Metropolitani
1591 3868 1673 3924 sui
1718 3885 1853 3925 nna-

249 3966 488 4023 qnaequc
530 3954 808 4023 provincia
859 3956 913 4012 in
952 3956 1205 4016 omnibus
1240 3959 1403 4015 rebus
1453 3959 1851 4017 ordinationem

249 4030 472 4113 semper
500 4052 801 4119 exspectet,
833 4066 854 4100 ι

322 4132 385 4188 ll.
416 4131 649 4209 Propter
671 4152 769 4193 nos
794 4146 976 4195 autem
998 4139 1271 4207 homines,
1294 4150 1348 4197 et
1363 4150 1587 4215 propter
1611 4153 1851 4200 nostram

246 4222 517 4292 salutem,
550 4226 819 4283 mediator
858 4228 951 4285 Dei
999 4238 1053 4284 et
1079 4230 1358 4286 hominum
1392 4233 1555 4297 homo
1602 4232 1851 4292 Christus

246 4313 413 4372 Jcsus
458 4317 528 4372 ad
575 4317 826 4375 homines
852 4319 1028 4375 dixit:
1079 4320 1203 4376 Non
1254 4339 1371 4377 sum
1413 4325 1603 4379 missus
1640 4326 1739 4380 nisi
1783 4328 1854 4383 ad

251 4423 373 4461 oves
400 4424 518 4479 qua:
544 4408 810 4479 perierunt
837 4409 1022 4464 domus
1044 4408 1215 4489 Israel
1230 4411 1469 4485 (Matth.,
1504 4414 1623 4485 15);
1651 4424 1705 4471 ct
1724 4416 1851 4472 item

251 4498 387 4554 dicit
418 4516 431 4553 :
464 4496 533 4552 Et
561 4498 699 4555 alias
728 4517 844 4563 opes
871 4502 1054 4569 habeo,
1083 4519 1200 4575 qua:
1228 4520 1332 4558 non
1352 4515 1473 4560 sunt
1499 4522 1563 4561 ex
1584 4508 1680 4561 hoc
1705 4507 1848 4575 ovili,

1956 3316 2056 3374 per
2080 3302 2358 3361 cratim
2400 3299 2675 3361 solemnes
2711 3302 3187 3365 omnmwdationc
3222 3302 3430 3362 deisto
3451 3316 3559 3359 sae-

1954 3403 2081 3454 culo
2104 3382 2377 3455 exierunt.
2422 3392 2627 3455 Contra
2660 3395 2816 3467 cuius
2855 3393 3118 3453 diutinam
3158 3394 3555 3466 pervasionem,

1954 3490 2100 3547 ultra
2144 3489 2437 3550 terminum
2480 3489 2840 3547 constitutum
2868 3503 2903 3549 ο
2926 3487 3161 3558 praefato
3203 3502 3404 3558 magno
3428 3503 3561 3549 con-

1954 3582 2105 3648 cilio,
2138 3582 2314 3638 sancti
2342 3581 2461 3647 Dei,
2506 3596 2604 3651 per
2644 3570 2805 3650 quos.
2832 3587 3053 3641 auctus
3082 3578 3321 3664 Spiritus
3344 3594 3414 3637 ea
3435 3594 3562 3651 quia:

1954 3674 2030 3729 ibi
2068 3681 2202 3729 sunt
2243 3670 2473 3727 dimnita
2514 3670 2779 3744 decrevit.
2826 3670 3018 3741 etiam
3064 3685 3191 3727 cum
3235 3670 3459 3731 Christo
3501 3671 3559 3731 in

1954 3763 2097 3820 creto
2116 3770 2377 3832 reptant,
2404 3761 2727 3819 terribiliter
2744 3761 3015 3827 clamant,
3036 3775 3138 3821 eos
3162 3761 3256 3831 qui
3296 3762 3415 3823 ausi
3435 3761 3559 3823 ωε-

1954 3855 2067 3910 rint
2111 3863 2236 3924 post
2258 3850 2641 3915 diﬂnitionem
2678 3868 2890 3923 magna:
2912 3860 2982 3919 et
3014 3852 3348 3915 universalis
3394 3853 3562 3926 διάυε

1954 3946 2147 4019 synodi
2184 3945 2479 4016 quidquam
2506 3958 2577 4000 ex
2615 3945 2700 4001 his
2729 3959 2850 4015 qua:
2875 3954 3010 4005 sunt
3060 3945 3334 4016 prohibita
3362 3959 3559 4017 perpe-

1955 4044 2123 4103 trane,
2148 4035 2394 4093 dect-erit
2416 4042 2609 4092 sancta
2652 4037 2895 4107 synodus
2918 4052 2952 4095 a
2980 4037 3200 4108 proprio
3245 4035 3557 4106 lutjustnodi

1955 4130 2125 4198 gradu
2154 4129 2432 4187 recedere.
2466 4129 2532 4187 Et
2562 4136 2786 4187 sancws
2823 4127 3118 4200 Gregorius
3142 4129 3216 4186 ad
3240 4128 3560 4191 Gallicanos

1955 4225 2238 4297 episcopos
2272 4224 2520 4281 scribens
2547 4222 2616 4281 de
2645 4222 2952 4293 huiusmodi
2989 4224 3289 4294 impnetorc
3306 4223 3427 4296 (lib.
3449 4238 3550 4291 πυ,

1955 4318 2108 4388 epist.
2146 4315 2273 4389 HO)
2304 4334 2317 4370 :
2346 4335 2371 4368 ιι
2402 4316 2565 4381 Dum,
2598 4316 2795 4387 inquit,
2818 4330 2934 4371 non
2966 4315 3207 4373 cilicium
3235 4316 3332 4375 sed
3358 4330 3556 4377 nomen

1957 4411 2207 4478 attendit,
2250 4411 2509 4467 sacerdos
2556 4427 2664 4467 non
2717 4424 2858 4476 esse,
2905 4409 3137 4468 δαιω
3182 4410 3559 4468 tantumnodo

1956 4502 2195 4558 inaniter
2220 4503 2577 4574 concupiscit.
2603 4502 2765 4570 Quod
2794 4502 2842 4557 si
2865 4501 2952 4559 sic
2979 4500 3134 4569 licet,
3164 4501 3299 4574 quid
3330 4516 3426 4574 per
3452 4503 3559 4561 hoc

250 4598 303 4646 et
331 4590 454 4646 illas
484 4599 687 4663 oportet
716 4610 795 4648 me
821 4556 1108 4665 adducere;
1130 4604 1177 4649 et
1203 4612 1377 4651 vocem
1406 4614 1576 4653 meam
1606 4556 1848 4668 audient:
1878 4556 1931 4618 Β
1957 4594 2104 4651 aliud
2147 4593 2346 4665 agitur,
2386 4596 2494 4651 nisi
2539 4603 2600 4649 ut
2640 4594 2783 4653 nulla
2820 4594 2891 4649 de
2927 4602 3054 4651 actu
3097 4594 3367 4664 WWO.
3408 4592 3558 4649 ﬂuuii

250 4691 301 4738 et
322 4683 415 4753 fiet
445 4700 611 4740 unum
642 4684 793 4752 ovile,
817 4694 863 4741 et
887 4702 1023 4741 unus
1043 4697 1228 4759 pastor
1247 4688 1457 4761 (Joan.,
1483 4688 1560 4763 ι).
1594 4689 1849 4748 Sanctam

252 4774 548 4849 designans
589 4764 890 4833 Ecclesiam
924 4793 990 4834 ex
1023 4779 1437 4837 circumcisione
1480 4798 1543 4838 ac
1589 4784 1853 4855 praeputio

252 4865 357 4922 sub
384 4881 443 4922 se
483 4876 702 4939 pastore
728 4884 890 4937 vero,
942 4871 1033 4941 qui
1077 4873 1258 4942 posuit
1302 4876 1539 4930 animam
1573 4890 1725 4932 suam
1754 4892 1853 4947 pro

251 4959 451 5016 ovibus
479 4962 611 5027 suis,
641 4963 759 5035 ipso
785 4963 1031 5036 angulari
1059 4964 1233 5035 lapide
1260 4966 1574 5023 uniendam.
1600 4967 1679 5024 De
1702 4966 1855 5037 cujus

253 5060 463 5108 sancta:
504 5053 763 5111 Ecclesiae
809 5056 936 5112 ovili
978 5055 1122 5112 idem
1175 5057 1349 5113 dicit:
1387 5058 1492 5123 Qui
1536 5077 1638 5115 non
1684 5061 1852 5117 intrat

252 5162 350 5215 per
383 5146 573 5201 ostium
602 5148 658 5201 in
689 5147 819 5203 ovile
850 5150 1021 5205 ovium
1042 5191 1057 5216 ,
1101 5150 1193 5205 sed
1232 5151 1467 5206 ascendit
1507 5152 1743 5221 aliunde,
1770 5155 1853 5209 hic

252 5242 348 5310 [ur
379 5249 453 5295 est
485 5250 533 5297 et
576 5242 714 5297 latro
759 5242 967 5315 (Joan.,
1016 5244 1127 5316 10).
1163 5238 1409 5315 Qualiter
1452 5255 1631 5302 autem
1664 5256 1855 5319 etquo

253 5335 453 5392 ordine
480 5337 712 5410 quisque
736 5338 805 5393 ad
848 5337 1011 5409 hujus
1039 5340 1212 5395 sancti
1246 5340 1405 5396 ovilis
1435 5332 1767 5407 custodiam,
1800 5342 1853 5396 id

254 5436 343 5486 est
374 5429 443 5485 ad
469 5429 709 5502 regimen
740 5438 943 5488 sancta:
971 5430 1213 5489 ecclcSiae
1249 5432 1509 5489 accedere
1533 5450 1595 5489 ac
1628 5434 1851 5504 provehi

257 5521 479 5589 debeat,
518 5521 664 5579 sacri
694 5537 933 5579 canones
957 5531 1203 5595 patenter
1246 5525 1556 5579 ostendunt.
1592 5523 1854 5581 Videlicet

237 5622 319 5668 ἰιι
353 5627 577 5684 operam
608 5612 773 5670 dante
820 5615 1189 5670 interventorc
1239 5616 1555 5682 constituto,
1603 5616 1856 5689 episcopo

259 5710 484 5774 pastore
512 5704 746 5760 viduata:
767 5704 1042 5771 ecclesiae,
1066 5713 1121 5760 et
1165 5721 1195 5760 a
1239 5705 1387 5762 clero
1416 5715 1471 5762 ct
1492 5722 1521 5760 a
1553 5707 1706 5776 plebe
1727 5749 1741 5774 ,
1767 5724 1855 5764 se-

262 5795 499 5850 cundum
527 5796 884 5868 apostolicam
913 5804 967 5853 et
1004 5797 1319 5853 canonicam
1352 5797 1603 5865 formam,
1628 5797 1858 5871 eligatur

1956 4688 2261 4747 sollicitudo
2298 4690 2369 4745 de
2416 4689 2682 4755 moribus,
2724 4687 2868 4743 nulla
2908 4689 2983 4744 ait
3008 4689 3077 4744 de
3102 4689 3217 4770 vita
3255 4687 3559 4744 discussis?

1953 4782 2034 4836 Ex
2072 4796 2179 4852 qua
2208 4796 2287 4847 re,
2326 4782 2371 4836 si
2406 4789 2559 4837 recte
2586 4781 2890 4837 libraminis
2908 4782 3322 4841 examinatione
3350 4794 3554 4850 pense-

1958 4885 2064 4941 tur,
2096 4877 2224 4931 dum
2250 4876 2501 4945 improbe
2520 4862 2600 4930 'ad
2628 4878 2843 4933 inanem
2874 4875 3101 4945 gloriam
3125 4874 3307 4930 iewm
3333 4870 3558 4928 festinat

1958 4969 2210 5023 utilitatis
2243 4966 2490 5038 arripere
2512 5008 2526 5032 ,
2576 4980 2645 5021 eo
2689 4967 2809 5037 ipso
2858 4968 3030 5039 magis
3080 4966 3227 5036 quod
3291 4966 3557 5020 bonum

1959 5062 2155 5131 quaerit
2198 5060 2452 5131 indignus
2484 5066 2592 5114 est.
2632 5058 2792 5119 Sim
2836 5068 3018 5115 autem
3065 5058 3113 5113 is
3152 5056 3249 5125 ῳί
3294 5055 3556 5111 invitatus

1960 5152 2162 5216 renuit,
2204 5151 2465 5221 quaesitus
2502 5147 2723 5221 refugit.
2748 5149 2923 5205 sacris
2951 5158 3038 5205 est
3068 5146 3337 5204 altaribus
3364 5145 3554 5205 adum-
3602 5166 3605 5169 λ

1961 5242 2190 5309 vendas,
2219 5243 2298 5298 sic
2321 5242 2416 5313 qui
2453 5242 2596 5297 ultm
2620 5242 2811 5305 ambit,
2849 5240 2932 5294 vel
2966 5241 3281 5310 importune
3314 5252 3379 5295 se
3406 5237 3554 5306 inge-
3613 5294 3624 5303 ,

1962 5337 2056 5401 rit,
2080 5345 2163 5393 est
2186 5336 2377 5407 procul
2401 5336 2564 5392 dubio
2590 5334 2951 5407 repelludus.
2983 5331 3122 5389 Nam
3138 5332 3234 5403 qui
3254 5331 3336 5391 sic
3361 5330 3556 5387 nitimr

1962 5430 2029 5486 ad
2064 5430 2258 5485 altiora
2287 5433 2670 5493 conscendere,
2714 5424 2847 5497 quid
2878 5426 2984 5497 agit
3027 5425 3221 5481 nisiut
3258 5424 3554 5483 crescemlo

1962 5526 2261 5591 decrescat,
2310 5532 2365 5579 ct
2409 5523 2749 5580 ascendendo
2791 5519 3032 5576 exterius
3071 5520 3300 5576 interius
3340 5519 3391 5574 in
3426 5529 3557 5587 pro-

1962 5616 2186 5673 fundum
2216 5616 2552 5671 descendat?
2579 5633 2597 5666 ι

2036 5708 2120 5764 ill.
2148 5708 2293 5763 idem
2320 5715 2566 5763 sanctum
2608 5718 2976 5776 magnumque
3002 5701 3288 5759 concilium
3316 5696 3555 5757 ductavit

1967 5804 2136 5869 (conc.
2189 5798 2463 5866 Chalced,
2512 5812 2634 5854 cun.
2688 5797 2781 5867 25)
2820 5814 2896 5851 :.¢
2953 5795 3023 5852 lit
3068 5795 3273 5850 reditus
3323 5789 3554 5845 viduata:
