4012 6318
507 334 610 408 242

1441 348 1768 406 lilNCMAlll
1808 351 2204 412 RHEMENSIS
2237 355 2754 413 ARGHIEPISCOPI

3661 365 3767 424 248

499 461 753 520 .ecclesiae
769 479 944 532 penes
968 481 1313 522 (nconomunr
1343 468 1854 534 ejusdem-ecclesiae
1876 476 2086 547 integre
2111 477 2162 543 Α
2191 482 2442 537 ctoritate
2481 483 2848 550 intendimus,
2881 485 2934 539 in
2970 485 3068 541 hac
3105 487 3388 558 tyrannica
3416 487 3612 544 Odacri
3645 503 3768 560 pcr-

506 564 923 620 conservenbur,
953 575 972 608 ι
999 559 1444 626 quospmdictus
1469 561 1686 616 invasor
1707 563 1946 620 Odacrus
1965 568 2082 622 sine

503 646 616 714 ulla
662 647 858 706 divinae
901 648 1035 719 legis
1076 653 1376 708 reverentia
1413 663 1679 724 usurpare
1721 661 2080 730 praesumpsit.

496 736 845 811 Quapropter
869 756 992 797 cum
1021 742 1142 798 aliis
1169 744 1476 814 huiusmodi
1509 753 1990 821 praesumptor-ibus
2015 756 2083 810 ab

507 831 696 886 eodem
729 842 912 886 sancto
940 842 991 887 et
1022 848 1221 902 magno
1251 837 1480 892 concilio
1522 840 1850 908 percellitur,
1897 852 1958 897 ιιι
1991 845 2083 913 qui

505 923 622 978 ausi
657 921 854 976 fuerint
881 933 1001 992 post
1032 925 1426 986 diiiinitionem
1449 946 1655 1001 magna:
1679 943 1735 986 et.
1762 935 2084 992 universalis

507 1011 666 1079 hujus
687 1014 874 1084 synodi
901 1017 1208 1086 quidquam
1255 1037 1319 1074 ex
1359 1021 1446 1074 his
1485 1037 1605 1090 qua;
1651 1035 1776 1078 sunt
1811 1028 2084 1094 prohibita

505 1113 839 1173 perpetrare,
871 1106 1110 1162 decrevit
1130 1119 1316 1166 sancta
1345 1111 1632 1181 synodus'a
1652 1116 1873 1185 proprio
1903 1116 2086 1186 hujus-

501 1196 649 1252 modi
677 1197 848 1267 gradu
876 1199 1150 1256 recedere.

573 1308 663 1364 IV.
691 1310 952 1377 Odaerus,
979 1317 1166 1372 relicto
1200 1318 1569 1375 ecclesiastico
1591 1321 1796 1389 judicio
1817 1334 1870 1380 et
1901 1341 2082 1382 sacro-

504 1421 625 1460 rum
651 1420 916 1463 canonum
947 1410 1281 1479 diilinitione,
1310 1427 1408 1483 per
1427 1415 1738 1472 srecularem
1761 1429 2083 1488 potestatem

502 1497 723 1554 invasor
747 1516 926 1555 rerum
950 1511 1004 1556 et
1041 1503 1355 1559 facultatum
1383 1506 1872 1565 ecclesiasticarum
1903 1512 2088 1568 Belva—

503 1590 682 1644 censis
737 1590 1031 1659 Ecclesiae,
1082 1609 1202 1664 qua:
1266 1598 1560 1651 secundum
1627 1614 1809 1655 sacras
1873 1606 2086 1673 regulas

499 1679 802 1737 oblationes
831 1683 1186 1752 appellantur,
1234 1688 1360 1757 quia
1415 1689 1643 1745 Domino
1681 1690 2001 1758 offeruntur,
2033 1704 2087 1749 et

500 1783 624 1826 vota
677 1782 802 1827 sunt
853 1775 1110 1842 fidelium,
1161 1781 1456 1848 ac'pretia
1517 1791 1882 1850 peccatorum,
1925 1795 2085 1856 atque

2189 571 2411 626 vasione
2472 576 2717 629 vacantis
2779 574 3028 630 ecclesiae
3084 578 3406 635 invenimus.
3457 579 3770 650 Apostolus

2187 679 2422 734 namque
2468 667 2643 721 dicit:
2667 667 2925 733 Avaritia,
2973 679 3220 739 qure‘est
3247 670 3507 726 idolorum
3546 674 3770 730 servitus

2189 755 2413 826 (Colosa.
2449 758 2556 827 ιιι).
2586 757 2652 812 Et
2674 759 2865 814 beatus
2901 757 3196 831 Gregorius
3221 762 3444 832 loquens
3481 764 3548 819 de
3583 771 3767 819 tenta-

2190 846 2334 901 tione
2369 848 2639 904 Dominica
2668 851 2721 904 in
2756 852 3026 922 Evangelii
3072 854 3310 920 humilia,
3352 867 3406 910 et
3432 855 3602 911 altera
3646 871 3773 912 sen-

2191 939 2356 992 tentia
2394 939 2603 1007 praefati
2636 941 2860 1010 apostoli
2907 943 3143 997 ostendit
3181 945 3461 1000 avaritiam
3501 961 3629 1002 esse
3665 962 3769 1001 non

2187 1029 2360 1083 solum
2407 1033 2666 1099 pecuniae,
2716 1034 2810 1087 sed
2852 1035 3014 1089 etiam
3063 1035 3373 1092 altitudinis.
3419 1037 3487 1094 Et
3525 1037 3772 1095 Odacrus

2189 1120 2409 1176 invasor
2433 1125 2674 1179 vacantis
2695 1125 2957 1190 ecclesiae,
2987 1127 3112 1196 quia
3153 1129 3447 1183 secundum
3485 1143 3773 1185 sacrorum

2095 1261 2098 1264 .
2188 1227 2453 1269 canonum
2478 1217 2772 1282 tramitem,
2815 1218 2881 1271 ad
2920 1227 3233 1287 provectum
3267 1220 3588 1290 episcopalis
3622 1221 3772 1276 ordi-

2188 1305 2295 1369 nis,
2323 1315 2498 1361 utres
2524 1313 2580 1361 et
2625 1307 2908 1363 facultates
2943 1307 3114 1378 ipsius
3161 1311 3403 1366 ecclesiae
3441 1313 3772 1382 possideret,

2189 1399 2299 1453 Deo
2334 1399 2536 1469 judice,
2585 1400 2866 1468 pervenire
2913 1413 3018 1454 non
3053 1403 3268 1466 meruit,
3313 1417 3411 1473 per
3454 1403 3772 1458 saecularem

2188 1500 2513 1563 potestatem
2539 1493 2691 1561 prius
2738 1505 2828 1546 res
2872 1500 2928 1546 et
2971 1492 3279 1547 facultatem
3325 1495 3493 1564 ipsius
3527 1496 3776 1550 ecclesia:

2189 1586 2436 1646 vacantis
2465 1585 2716 1650 obtinuit,
2765 1594 2826 1640 ut
2870 1586 3009 1641 saltu
3050 1601 3268 1656 quoquo
3302 1589 3461 1643 modo
3490 1589 3560 1643 ad
3592 1590 3776 1643 aitilu~

2190 1679 2369 1734 dinem
2414 1680 2736 1750 episcopalis
2775 1681 3009 1734 nominis
3042 1681 3370 1751 perveniret,
3416 1689 3470 1736 et
3519 1683 3776 1735 sacerdos

2189 1785 2297 1825 non
2327 1785 2464 1835 esse,
2498 1774 2593 1827 sed
2635 1773 2741 1827 dici
2773 1774 3144 1829 tantummodo
3169 1775 3404 1830 inaniter
3441 1776 3770 1846 concupivit.

504 1864 829 1932 patrimonia
871 1882 1189 1936 pauperum,
1232 1871 1427 1939 ipsein
1461 1887 1517 1926 se
1549 1874 1910 1930 damnationis
1959 1893 2084 1933 sen-
2113 1867 2162 1928 Β
2189 1862 2304 1917 Νοη
2337 1864 2636 1930 alicnde“,
2691 1866 2819 1935 (lilia
2866 1866 2945 1920 Sic
2975 1865 3042 1920 ab
3093 1867 3210 1936 ipso
3259 1865 3496 1935 οῗιΐίειον
3555 1883 3772 1922 summ”

503 1961 725 2014 tentiam
762 1957 1041 2028 jacnlavit,
1068 1965 1193 2032 quia
1243 1963 1379 2019 sicut
1409 1975 1628 2022 sanctus
1653 1967 1764 2040 Leo
1792 1985 1931 2040 papa
1963 1987 2086 2026 cum

503 2051 749 2108 Romana
799 2057 1000 2126 synodo
1047 2055 1293 2112 diilinivit
1335 2058 1503 2129 (epist.
1536 2059 1626 2129 96)
1663 2079 1674 2114 :
1717 2081 1734 2112 ι
1771 2061 2088 2132 Quicunque

501 2145 602 2198 sub
647 2143 828 2215 regula
875 2147 1057 2214 positi,
1112 2147 1298 2204 relicto
1343 2150 1708 2207 ecclesiastico
1753 2153 1974 2223 judicio,
2020 2155 2088 2209 ad

503 2238 804 2305 patrocinia
834 2237 1093 2294 laicorum
1127 2241 1429 2307 convolare,
1460 2252 1512 2299 et
1535 2245 1735 2315 judicia
1777 2262 1959 2302 eorum
1989 2263 2086 2302 ex-

496 2342 702 2401 petere,
753 2341 808 2388 et
845 2338 1206 2404 przetermisso
1253 2338 1538 2394 sacerdote
1579 2355 1690 2395 suae
1726 2343 1983 2402 ecclesiae,
2020 2344 2086 2398 ad

502 2425 944 2495 disceptationem
963 2430 1296 2484 saecularium
1311 2434 1580 2500 venerint,
1603 2436 1772 2490 sacris
1787 2435 2086 2505 liminibus,

499 2515 550 2569 id
583 2525 666 2571 est
695 2518 763 2572 ab
790 2520 1030 2577 ecclesia:
1077 2522 1239 2577 aditis
1266 2524 1480 2595 expelli,
1514 2535 1568 2581 et
1611 2543 1642 2581 a
1676 2528 1881 2583 cmlesti
1913 2533 2085 2586 arceri

504 2607 714 2673 altario,
743 2610 796 2664 id
825 2620 910 2665 est
932 2628 961 2666 a
991 2627 1216 2683 corpore
1252 2625 1306 2669 et
1335 2618 1596 2688 sanguine
1623 2619 1819 2675 Christi
1845 2626 2087 2692 separari

494 2697 772 2765 jubentur.
797 2720 815 2752 ι
837 2700 903 2755 Et
921 2717 1156 2759 canones
1175 2707 1311 2760 sacri
1335 2706 1602 2763 difiiniunt
1628 2713 1796 2780 (conc.
1815 2716 2082 2783 Amice/1.,

497 2805 620 2846 can.
655 2789 714 2863 2)
756 2809 770 2848 :
817 2813 838 2847 (
892 2793 962 2852 Ut
992 2797 1214 2865 quilibet
1253 2803 1452 2874 regulae
1495 2803 1766 2872 subjectus
1805 2805 2084 2872 Ecclesize,

497 2889 699 2951 praeter
726 2886 1008 2941 consilium
1043 2897 1097 2944 et
1123 2889 1334 2948 litteras
1363 2895 1738 2965 episcoporum
1771 2897 2083 2965 provinciae,

496 2983 550 3028 et
573 2978 839 3047 praecipue
862 2982 1284 3052 metropolitani,
1300 2986 1489 3042 adierit
1515 2989 1922 3059 imperatorem,
1941 2992 2084 3048 hunc

497 3069 774 3134 reprobari
805 3079 860 3125 et
890 3071 1047 3140 abjiei
1093 3085 1367 3144 oportere,
1415 3095 1521 3134 non
1562 3079 1733 3135 solum
1766 3097 1794 3135 a
1838 3097 2082 3138 comma-

497 3158 679 3223 nione,
709 3176 898 3217 verum
929 3174 984 3218 et
1017 3166 1086 3219 ab
1122 3167 1328 3224 honore
1368 3169 1520 3237 cujus
1559 3173 1829 3243 particeps
1871 3176 2085 3230 videtur

2193 1956 2467 2026 pontiﬁce,
2499 1971 2563 2012 ac
2591 1972 2720 2026 rege
2747 1973 2958 2028 regum,
3004 1966 3129 2013 sunt
3158 1958 3412 2014 distincta
3440 1969 3774 2029 potestatum

2191 2049 2389 2114 ofﬁcia,
2418 2055 2479 2102 ut
2502 2049 2759 2119 spiritalis
2788 2050 2929 2104 actio
2954 2064 2984 2103 a
3007 2050 3315 2104 carnalibus
3338 2051 3568 2105 distaret
3589 2050 3776 2105 incur-

2191 2143 2360 2206 sibus,
2387 2151 2443 2197 et
2467 2142 2765 2198 militantes
2802 2143 2912 2198 Deo
2940 2143 3162 2199 minime
3199 2159 3257 2199 se
3283 2144 3512 2215 negotiis
3542 2139 3764 2200 saeculal

2189 2237 2339 2291 ribus
2365 2237 2733 2305 implicarent,
2764 2249 2828 2291 ac
2850 2237 3091 2291 vicissim
3139 2252 3244 2292 non
3279 2238 3354 2292 illi
3389 2240 3550 2294 rebus
3575 2239 3774 2295 divinis

2188 2328 2480 2397 praesidere
2496 2327 2828 2394 viderentur,
2854 2329 2946 2397 qui
2968 2337 3151 2383 essent
3170 2329 3402 2400 negotiis
3423 2329 3777 2387 szecuiaribus

2189 2417 2468 2488 implicati.
2513 2419 2581 2473 Et
2624 2417 2910 2475 saeculares
2944 2421 3046 2475 viri
3095 2421 3448 2476 sacerdotum
3473 2423 3777 2491 penderent

2183 2509 2404 2577 judicio,
2435 2525 2543 2566 non
2593 2512 2902 2567 sacerdotes
2942 2513 3009 2566 ad
3037 2528 3192 2567 suam
3223 2513 3486 2569 deberent
3526 2516 3775 2584 redigere

2190 2601 2519 2656 voluntatem
2547 2619 2563 2656 :
2593 2610 2650 2656 et
2674 2603 2983 2658 sacerdotes
3005 2605 3341 2659 saecularium
3358 2605 3562 2675 judicia
3587 2608 3771 2663 discu-

2189 2704 2388 2760 terent,
2441 2711 2550 2751 non
2599 2706 2779 2754 autem
2829 2699 3116 2754 saeculares
3183 2699 3524 2754 sacerdotum
3565 2700 3771 2768 judicia

2190 2788 2563 2853 molestarent,
2593 2791 2735 2844 sicut
2760 2790 2953 2845 litterae
2983 2791 3240 2847 divinitus
3284 2791 3562 2862 inspirata:
3593 2797 3773 2848 mani-

2188 2877 2325 2934 feste
2347 2880 2740 2946 demonstrant,
2762 2890 2819 2937 et
2851 2881 3235 2940 Constantinus
3257 2899 3485 2956 magnus
3529 2886 3771 2956 impera-

2187 2981 2273 3026 tor
2299 2973 2353 3026 in
2383 2972 2599 3028 Nicaeno
2631 2975 2861 3030 concilio
2913 2989 2970 3030 se
3016 2977 3225 3032 illorum
3272 2979 3493 3048 judiciis
3526 2977 3772 3033 subdens

2187 3063 2439 3118 ostendit.
2475 3063 2570 3120 His
2599 3067 2762 3135 igitur
2800 3067 2876 3121 ita
2899 3083 2958 3122 se
2986 3069 3330 3136 habentibus,
3374 3069 3622 3125 Odacrus
3672 3083 3772 3140 per

2190 3154 2470 3207 avaritiam
2522 3164 2579 3210 et
2615 3156 2937 3221 altitudinis,
2969 3166 3026 3212 et
3049 3160 3422 3227 possessionis,
3468 3161 3521 3214 in
3572 3175 3769 3230 perva-

500 3250 754 3307 εχίειθι-ε,
788 3273 805 3304 ,
831 3253 900 3308 Et
933 3259 1160 3312 ἐθηριυε
1190 3257 1404 3316 Hilarus
1429 3278 1568 3333 papa
1598 3265 1649 3319 in
1677 3241 1909 3322 dcc—retis
1931 3269 2042 3322 suis
2068 3287 2080 3322 ε
2113 3241 2168 3306 C~
2192 3247 2346 3300 sione
2382 3248 2626 3302 vacantis
2675 3249 2920 3304 ecclesiae
2951 3251 3230 3306 idololatra
3267 3267 3391 3307 esse
3437 3253 3790 3307 ostenditur;

501 3355 522 3391 ι
555 3341 670 3396 Non
700 3344 896 3409 minus,
928 3346 1123 3416 inquit,
1151 3350 1204 3403 in
1238 3362 1546 3408 sanctarum
1596 3355 1943 3412 traditionum
1988 3359 2082 3413 de-

495 3433 760 3502 linquitur
807 3439 1134 3504 sanctiones,
1179 3457 1338 3511 quam
1389 3445 1441 3499 in
1489 3446 1738 3516 injuriam
1780 3451 1945 3520 ipsius
1982 3451 2085 3506 Do-

495 3523 627 3578 mini
673 3526 970 3595 prosilitur.
1013 3549 1032 3580 ι
1087 3529 1477 3591 Schismaticus
1527 3537 1708 3608 igitur,
1759 3541 1824 3595 ab
1879 3542 2084 3599 unitate

495 3613 749 3672 Ecclesia:
783 3632 880 3687 per
907 3635 1182 3678 sacrontm
1214 3640 1479 3681 canonum
1515 3639 1902 3699 contemptum,
1930 3636 2018 3702 qui
2053 3650 2082 3690 a

495 3714 686 3762 sancto
702 3719 829 3764 sunt
858 3707 1064 3780 Spiritu
1088 3716 1285 3770 conditi
1309 3725 1362 3771 et
1387 3719 1548 3775 totius
1571 3723 1751 3776 mundi
1783 3726 2082 3779 reverentia

495 3801 822 3865 consecrati,
883 3805 1117 3873 seipsum
1178 3806 1466 3874 scindens,
1519 3810 1647 3867 licet
1705 3813 1844 3868 forte
1893 3817 2080 3870 eodem

493 3890 661 3956 cuitu,
687 3893 880 3948 eodem
911 3895 1016 3949 ritu
1050 3898 1237 3951 credat
1264 3907 1324 3951 ut
1347 3902 1617 3966 catholici,
1645 3903 1698 3956 in
1728 3905 1869 3959 malo
1901 3914 2080 3961 tamen

491 3995 591 4037 sno
645 3999 742 4051 per
788 3985 1139 4052 cupiditatem
1197 4000 1378 4043 manet
1426 3993 1786 4049 damnationis
1836 3995 2077 4051 dissidio.

491 4073 762 4139 Quantum
817 4085 998 4130 autem
1047 4078 1118 4131 sit
1168 4080 1368 4133 malum
1419 4076 1694 4137 dissidium
1746 4086 2077 4152 schismatis,

493 4174 714 4219 sanctus
739 4166 1070 4237 Augustinus
1114 4169 1169 4224 in
1216 4170 1354 4225 libro
1385 4172 1450 4226 de
1485 4173 1762 4243 Baptismo
1799 4191 1865 4230 ex
1909 4180 2079 4235 sacris

491 4255 827 4310 demonstrat
861 4254 1158 4327 Scripturis
1199 4259 1300 4315 hoc
1325 4262 1523 4318 modo:
1561 4282 1578 4314 ι
1613 4264 1729 4319 Νοιι
1793 4265 2079 4326 aiferamus

491 4354 722 4401 staterae
757 4349 994 4414 dolosas,
1025 4352 1115 4407 ubi
1161 4353 1528 4422 appendamus
1554 4357 1698 4425 quod
1724 4358 1989 4425 volumus,
2025 4370 2080 4416 et

488 4439 759 4504 quomodo
801 4441 1066 4507 volumus,
1106 4458 1207 4514 pro
1234 4445 1458 4501 arbitrio
1497 4455 1682 4503 nostro
1712 4449 1950 4507 dicentes
1976 4453 2079 4507 hoc

487 4541 672 4597 grave,
696 4530 798 4584 hoc
829 4531 947 4586 leve
970 4541 1072 4600 est,
1111 4536 1205 4590 sed
1232 4534 1524 4593 ail'eramus
1547 4539 1783 4594 divinam
1815 4553 2075 4598 stateram

2186 3337 2290 3393 Per
2336 3340 2555 3412 Moysen
2611 3344 2677 3397 de
2713 3342 2938 3397 Domino
2991 3345 3190 3400 dicitur
3231 3363 3246 3398 :
3294 3344 3361 3398 In
3401 3345 3617 3399 dextera
3653 3346 3770 3415 ejus

2187 3431 2339 3498 ignea
2365 3430 2450 3484 lex
2478 3431 2659 3501 (Deut.
2689 3432 2907 3505 χχχιιι).
2944 3451 2965 3484 ε
2992 3432 3050 3486 ln
3080 3435 3322 3499 sinistra,
3347 3435 3520 3503 inquit
3561 3429 3772 3506 Gregoc

2187 3521 2320 3586 rius,
2376 3524 2594 3590 reprobi
2643 3525 2736 3592 qui
2797 3533 2852 3579 et
2897 3525 2967 3579 ad
3015 3525 3290 3581 sinistram
3337 3526 3566 3594 ponendi
3616 3535 3767 3589 sunt,

2186 3617 2408 3671 dextera
2463 3626 2642 3672 autem
2704 3618 2797 3672 Dei
2839 3619 3179 3690 appellantur
3233 3620 3412 3674 electi.
3458 3619 3764 3674 lndextera

2185 3721 2314 3777 ergo
2344 3707 2437 3762 Dei
2473 3709 2560 3763 lex
2589 3710 2742 3777 ignea
2778 3717 2878 3773 est,
2908 3712 3032 3780 quia
3059 3710 3215 3765 electi
3246 3711 3495 3764 mandata
3519 3710 3767 3764 caelestia

2185 3814 2526 3870 nequaquam
2547 3802 2746 3872 frigido
2773 3805 2936 3858 corde
2963 3804 3210 3868 audiunt,
3247 3805 3339 3858 sed
3381 3805 3448 3858 ad
3476 3805 3590 3858 haec
3615 3818 3770 3857 amt»

2187 3891 2262 3946 ris
2289 3892 2464 3946 intimi
2501 3892 2710 3948 facibus
2741 3895 3102 3948 inardescunt.
3139 3914 3157 3945 ι
3180 3895 3245 3948 Εῑ
3273 3892 3565 3963 Apostolus
3596 3894 3764 3948 dicit:

2184 3979 2325 4035 Deus
2351 3993 2528 4036 noster
2564 3984 2700 4053 ignis
2729 4001 3034 4040 consumens
3058 3996 3133 4040 est
3177 3985 3363 4056 (Hebr.
3393 3985 3490 4057 χιι)
3515 4001 3529 4047 ;
3579 3993 3636 4039 et
3665 3984 3770 4037 Do-

2183 4072 2398 4126 minus:
2430 4071 2615 4142 Ignem
2661 4077 2774 4129 veni
2812 4079 3016 4131 mittere
3039 4079 3096 4130 in
3131 4087 3350 4142 terram,
3382 4087 3428 4130 et
3477 4075 3606 4147 quid
3649 4079 3764 4130 toto

2184 4161 2286 4215 nisi
2310 4169 2366 4214 ut
2391 4161 2616 4216 ardeat?
2647 4161 2798 4233 (Luc.
2829 4166 2950 4219 mi.
2979 4165 3158 4236 Ignem
3185 4165 3452 4220 Dominus
3473 4166 3528 4218 in
3559 4173 3764 4220 ternum

2182 4252 2367 4317 mittit,
2395 4269 2518 4308 cum
2552 4253 2727 4309 alllata
2779 4256 3015 4326 Spiritus
3053 4259 3225 4311 sancti
3263 4259 3425 4312 corda
3455 4258 3764 4313 carnalium

2183 4348 2438 4402 incendit.
2469 4347 2704 4418 Spiritus
2755 4351 2916 4420 igitur
2942 4363 3160 4408 sanctus
3202 4353 3473 4422 ignisest.
3516 4352 3584 4407 Et
3612 4355 3761 4408 sacri
3795 4383 3798 4392 ι

2181 4454 2440 4504 canones,
2469 4441 2608 4495 sicut
2632 4429 2880 4512 legimus,
2923 4453 3113 4499 sancto
3147 4453 3272 4498 sunt
3299 4445 3504 4514 Spiritu
3534 4448 3762 4510 conditi,

2181 4543 2315 4596 quos
2367 4526 2611 4586 Odacrus
2654 4529 2861 4587 facibus
2911 4545 3021 4586 suae
3075 4535 3384 4603 cupiditatis
3411 4551 3764 4601 succensus,

487 4618 877 4690 derScripturis
918 4625 1122 4680 sanctis
1157 4635 1411 4698 tanquam
1438 4630 1508 4684 de
1542 4631 1812 4686 thesauris
1831 4633 2074 4689 Domini-

2185 4637 2308 4677 cum
2331 4637 2440 4678 non
2466 4637 2564 4694 per
2591 4625 2892 4694 spiritalem
2937 4625 3364 4682 ecclesiasticam
3395 4628 3762 4692 traditionem,

486 4711 599 4774 cis,-
628 4720 682 4765 et
724 4712 777 4766 in
828 4712 919 4766 illa
967 4715 1098 4783 quid
1143 4717 1214 4771 sit
1273 4719 1492 4789 gravius
1538 4723 1922 4792 appendamus,
1967 4726 2076 4782 imo

487 4815 594 4856 non
621 4806 1010 4881 appendamus,
1048 4807 1156 4860 sed.
1190 4824 1221 4861 a
1266 4809 1500 4866 Βοηιὶηο
1529 4827 1765 4884 appensa
1809 4828 2070 4886 recogno-

485 4909 722 4952 scamus.
757 4894 1023 4968 Tempore
1061 4899 1172 4965 illo,
1221 4916 1328 4970 quo
1367 4901 1626 4958 Dominus
1659 4905 1840 4975 priora
1879 4907 2074 4962 delicta

485 4991 797 5046 recentibus
821 5006 1106 5060 poenarum
1151 4993 1411 5064 exemplis
1446 4997 1684 5052 cavenda
1729 4999 2074 5065 monstravit,

483 5082 766 5137 et'idolum
787 5083 1108 5139 fabricatum
1137 5094 1301 5157 atque
1323 5086 1610 5143 adoratum
1635 5098 1736 5154 est,
1761 5100 1816 5144 et
1841 5091 2072 5160 prophe-

485 5175 624 5232 ticus
640 5176 778 5232 iiber
795 5177 874 5232 ira
889 5178 1034 5248 regis
1050 5180 1442 5248 contemptoris
1461 5181 1715 5236 incensus
1729 5191 1819 5247 ;~et
1831 5182 2080 5238 scitisma'

487 5276 773 5336 tentatum,
807 5270 1319 5342 idololatriagladio
1342 5274 1528 5342 punita
1563 5282 1666 5340 est,
1701 5276 1911 5329 exustio
1945 5275 2076 5332 libri

485 5361 678 5418 bellica
708 5365 856 5419 caede
879 5373 935 5419 et
957 5361 1255 5434 peregrina
1283 5366 1614 5436 captivitate,
1645 5367 1879 5422 sciiisma
1919 5368 2089 5422 hiatu-

489 5458 656 5506 terra:
693 5453 921 5522 sepultis
961 5454 1273 5510 auctoribus
1316 5456 1471 5520 vivis,
1517 5465 1572 5510 et
1605 5457 1816 5512 caeteris
1861 5457 2071 5513 caelesti
2129 5522 2140 5534 _

486 5542 614 5611 igne
650 5547 1004 5616 consumptis,
1039 5548 1162 5616 quis
1180 5548 1297 5618 jam
1339 5549 1662 5604 dubitaverit
1682 5550 1785 5604 hoc
1802 5563 1924 5605 esse
1951 5565 2094 5605 sce-r

486 5635 714 5690 leratius
737 5640 1104 5705 commissum,
1129 5643 1271 5710 quod
1297 5651 1382 5697 est
1400 5644 1617 5713 gravius
1633 5643 2004 5699 vindicatum?
2040 5663 2059 5697 ι

489 5726 621 5793 Quae
641 5728 744 5782 tria
773 5731 969 5800 gravia
987 5733 1293 5798 commissa,
1319 5744 1376 5789 et
1395 5750 1502 5790 non
1525 5735 1624 5790 levi
1643 5737 1921 5806 punitione
1947 5735 2067 5789 vin-

485 5817 737 5883 dicenda,
767 5822 812 5876 si
841 5821 1127 5888 diligenter
1171 5835 1484 5881 sanctarum
1527 5827 1932 5896 Scripturarum
1963 5841 2062 5880 au-

2181 4717 2411 4786 sedper
2449 4717 2722 4772 carnalem
2750 4717 2936 4773 saeculi
2969 4727 3293 4789 potestatem
3325 4729 3542 4791 pastore
3567 4735 3769 4775 vacan-
3799 4727 3802 4738 '

2179 4818 2288 4865 tem
2341 4811 2622 4866 ecclesiam
2677 4813 2974 4880 usurpavit,
3017 4812 3284 4882 Spiritum
3355 4819 3604 4870 sanctum
3651 4828 3762 4884 quo

2182 4901 2311 4958 facti
2357 4911 2484 4962 sunt
2522 4904 2723 4958 conditi
2771 4920 3027 4971 canones,
3065 4908 3394 4961 reclamante
3433 4906 3714 4976 Scriptura
3746 4924 3761 4959 :

2184 4992 2444 5064 Spiritum
2471 4994 2658 5049 ιιιοιέιε
2694 4999 3021 5068 emuinguere
3061 4998 3108 5069 (i
3151 4997 3331 5056 Thess.
3365 5011 3443 5070 ν),
3493 5007 3778 5068 quantum-

2180 5100 2248 5140 ex
2273 5086 2391 5157 ipso
2413 5095 2504 5142 est
2533 5087 2882 5158 exstinguere
2911 5091 3246 5158 procuravit,
3289 5101 3344 5145 et
3375 5093 3760 5145 auctoritatem

2181 5194 2458 5236 sacrorum
2489 5191 2781 5246 canonum,
2809 5197 2875 5236 ne
2911 5184 3113 5253 vigeret
3147 5184 3202 5238 in
3248 5183 3480 5239 ecclesia
3513 5199 3612 5237 sua
3646 5198 3762 5237 mo-

2179 5271 2366 5328 [itione
2415 5275 2571 5343 quasi
2607 5275 2901 5330 incendere
2944 5275 3254 5330 attentavit.
3285 5275 3422 5342 Quia
3464 5289 3595 5329 vero
3635 5291 3758 5329 cum

2178 5361 2470 5416 catholicis-
2519 5362 2728 5418 unitate
2783 5363 3072 5427 Ecclesia,
3125 5379 3155 5417 a
3203 5378 3318 5433 quo
3363 5373 3585 5433 propter
3630 5379 3760 5418 suos

2177 5466 2435 5509 excessus
2458 5453 2600 5508 sicut
2643 5455 2981 5530 ostendimus
3023 5463 3076 5507 ct
3117 5455 3170 5508 in
3199 5453 3466 5523 reliquum
3510 5456 3762 5509 ostende-

2177 5555 2318 5604 mus,
2366 5551 2448 5602 est
2491 5543 3022 5609 exconmiunicatus,
3075 5559 3260 5599 sacros
3301 5559 3538 5600 canones
3593 5545 3761 5598 totius

2175 5634 2360 5692 mundi
2392 5636 2690 5692 reverentia
2720 5646 3067 5690 consecratos
3094 5651 3200 5691 non
3229 5638 3493 5707 sequitur,
3521 5637 3666 5691 sient
3689 5651 3753 5690 ex

2174 5731 2558 5800 suprascriptis
2580 5731 2749 5785 sacris
2763 5731 3048 5785 sententiis
3069 5729 3470 5793 manifestatur,
3497 5731 3758 5784 schisma-

2175 5826 2312 5882 ticus
2333 5839 2456 5880 esse
2503 5824 2690 5892 negari
2719 5838 2824 5879 non
2853 5831 3052 5891 potest.
3079 5824 3472 5894 sicutsanctua
3498 5823 3758 5891 Augusti-
