  <div class='ocr_page' id='page_1' title='image "/cluster/home/n/w/nwhite01/storage/ocr_20150623/126/hvd.32044015471675/130.png"; bbox 0 0 3950 5396; ppageno 0'>
   <div class='ocr_carea' id='block_1_1' title="bbox 149 365 261 427">
    <p class='ocr_par' dir='ltr' id='par_1_1' title="bbox 149 365 261 427">
     <span class='ocr_line' id='line_1_1' title="bbox 149 365 261 427; baseline -0.036 0"><span class='ocrx_word' id='word_1_1' title='bbox 149 365 261 427; x_wconf 64' lang='grc'><strong>249</strong></span> 
     </span>
    </p>
   </div>
   <div class='ocr_carea' id='block_1_2' title="bbox 1506 361 2289 422">
    <p class='ocr_par' dir='ltr' id='par_1_2' title="bbox 1506 361 2289 422">
     <span class='ocr_line' id='line_1_2' title="bbox 1506 361 2289 422; baseline 0 -2"><span class='ocrx_word' id='word_1_2' title='bbox 1506 380 1513 399; x_wconf 75' lang='grc' dir='ltr'>τ</span> <span class='ocrx_word' id='word_1_3' title='bbox 1544 361 1927 422; x_wconf 67' lang='lat' dir='ltr'><strong>EPISTOLE.</strong></span> <span class='ocrx_word' id='word_1_4' title='bbox 2212 380 2217 409; x_wconf 76' lang='grc' dir='ltr'>π</span> <span class='ocrx_word' id='word_1_5' title='bbox 2284 380 2289 391; x_wconf 73' lang='lat'><em>‘</em></span> 
     </span>
    </p>
   </div>
   <div class='ocr_carea' id='block_1_3' title="bbox 3305 371 3412 430">
    <p class='ocr_par' dir='ltr' id='par_1_3' title="bbox 3305 371 3412 430">
     <span class='ocr_line' id='line_1_3' title="bbox 3305 371 3412 430; baseline 0.019 -3"><span class='ocrx_word' id='word_1_6' title='bbox 3305 371 3412 430; x_wconf 63' lang='lat'><strong>250</strong></span> 
     </span>
    </p>
   </div>
   <div class='ocr_carea' id='block_1_4' title="bbox 153 481 3428 555">
    <p class='ocr_par' dir='ltr' id='par_1_4' title="bbox 153 481 3428 555">
     <span class='ocr_line' id='line_1_4' title="bbox 153 481 3428 555; baseline 0 -14"><span class='ocrx_word' id='word_1_7' title='bbox 153 498 259 543; x_wconf 85' lang='lat' dir='ltr'><strong>nus</strong></span> <span class='ocrx_word' id='word_1_8' title='bbox 285 482 353 539; x_wconf 77' lang='lat' dir='ltr'><strong>iu</strong></span> <span class='ocrx_word' id='word_1_9' title='bbox 375 490 613 541; x_wconf 84' lang='lat' dir='ltr'><strong>tractatu</strong></span> <span class='ocrx_word' id='word_1_10' title='bbox 660 483 936 554; x_wconf 78' lang='lat' dir='ltr'><strong>Evangelii</strong></span> <span class='ocrx_word' id='word_1_11' title='bbox 958 485 1253 549; x_wconf 80' lang='lat' dir='ltr'><strong>secundum</strong></span> <span class='ocrx_word' id='word_1_12' title='bbox 1278 484 1541 542; x_wconf 78' lang='lat' dir='ltr'><strong>Joannem</strong></span> <span class='ocrx_word' id='word_1_13' title='bbox 1565 488 1821 555; x_wconf 64' lang='lat' dir='ltr'><strong>osten—A</strong></span> <span class='ocrx_word' id='word_1_14' title='bbox 1848 483 1944 548; x_wconf 89' lang='lat' dir='ltr'><strong>sis,</strong></span> <span class='ocrx_word' id='word_1_15' title='bbox 2012 483 2154 539; x_wconf 98' lang='lat' dir='ltr'><strong>sicut</strong></span> <span class='ocrx_word' id='word_1_16' title='bbox 2219 483 2384 539; x_wconf 84' lang='lat' dir='ltr'><strong>etiam</strong></span> <span class='ocrx_word' id='word_1_17' title='bbox 2450 484 2722 541; x_wconf 78' lang='lat' dir='ltr'><strong>solemnes</strong></span> <span class='ocrx_word' id='word_1_18' title='bbox 2778 481 3057 539; x_wconf 83' lang='lat' dir='ltr'><strong>orationes</strong></span> <span class='ocrx_word' id='word_1_19' title='bbox 3110 481 3428 542; x_wconf 71' lang='lat' dir='ltr'><strong>universalis</strong></span> 
     </span>
    </p>
   </div>
   <div class='ocr_carea' id='block_1_5' title="bbox 152 576 1743 650">
    <p class='ocr_par' dir='ltr' id='par_1_5' title="bbox 152 576 1743 650">
     <span class='ocr_line' id='line_1_5' title="bbox 152 576 1743 650; baseline 0.001 -18"><span class='ocrx_word' id='word_1_20' title='bbox 152 578 252 632; x_wconf 86' lang='lat' dir='ltr'><strong>dit.</strong></span> <span class='ocrx_word' id='word_1_21' title='bbox 285 596 305 628; x_wconf 71' lang='grc' dir='ltr'>ι</span> <span class='ocrx_word' id='word_1_22' title='bbox 340 576 635 645; x_wconf 78' lang='lat' dir='ltr'><strong>Habemus,</strong></span> <span class='ocrx_word' id='word_1_23' title='bbox 662 578 933 648; x_wconf 82' lang='lat' dir='ltr'><strong>inquiens,</strong></span> <span class='ocrx_word' id='word_1_24' title='bbox 955 588 1203 637; x_wconf 89' lang='lat' dir='ltr'><strong>sanctum</strong></span> <span class='ocrx_word' id='word_1_25' title='bbox 1233 579 1495 650; x_wconf 75' lang='lat' dir='ltr'><strong>Spiritum</strong></span> <span class='ocrx_word' id='word_1_26' title='bbox 1517 578 1561 634; x_wconf 88' lang='lat' dir='ltr'><strong>si</strong></span> <span class='ocrx_word' id='word_1_27' title='bbox 1593 592 1743 634; x_wconf 87' lang='lat' dir='ltr'><strong>ama-</strong></span> 
     </span>
    </p>
   </div>
   <div class='ocr_carea' id='block_1_6' title="bbox 152 668 1742 741">
    <p class='ocr_par' dir='ltr' id='par_1_6' title="bbox 152 668 1742 741">
     <span class='ocr_line' id='line_1_6' title="bbox 152 668 1742 741; baseline 0 -14"><span class='ocrx_word' id='word_1_28' title='bbox 152 686 275 727; x_wconf 86' lang='lat' dir='ltr'><strong>mus</strong></span> <span class='ocrx_word' id='word_1_29' title='bbox 312 668 636 736; x_wconf 83' lang='lat' dir='ltr'><strong>Ecclesiam,</strong></span> <span class='ocrx_word' id='word_1_30' title='bbox 663 686 910 729; x_wconf 87' lang='lat' dir='ltr'><strong>amamus</strong></span> <span class='ocrx_word' id='word_1_31' title='bbox 937 681 1142 737; x_wconf 88' lang='lat' dir='ltr'><strong>autem,</strong></span> <span class='ocrx_word' id='word_1_32' title='bbox 1178 672 1227 727; x_wconf 89' lang='lat' dir='ltr'><strong>si</strong></span> <span class='ocrx_word' id='word_1_33' title='bbox 1256 672 1309 726; x_wconf 93' lang='lat' dir='ltr'><strong>in</strong></span> <span class='ocrx_word' id='word_1_34' title='bbox 1336 670 1455 740; x_wconf 86' lang='lat' dir='ltr'><strong>ejus</strong></span> <span class='ocrx_word' id='word_1_35' title='bbox 1480 683 1742 741; x_wconf 84' lang='lat' dir='ltr'><strong>compage</strong></span> 
     </span>
    </p>
   </div>
   <div class='ocr_carea' id='block_1_7' title="bbox 152 759 1742 833">
    <p class='ocr_par' dir='ltr' id='par_1_7' title="bbox 152 759 1742 833">
     <span class='ocr_line' id='line_1_7' title="bbox 152 759 1742 833; baseline 0.003 -19"><span class='ocrx_word' id='word_1_36' title='bbox 152 768 207 815; x_wconf 90' lang='lat' dir='ltr'><strong>et</strong></span> <span class='ocrx_word' id='word_1_37' title='bbox 247 759 523 817; x_wconf 84' lang='lat' dir='ltr'><strong>eharitate</strong></span> <span class='ocrx_word' id='word_1_38' title='bbox 544 762 917 819; x_wconf 72' lang='lat' dir='ltr'><strong>consistimus.</strong></span> <span class='ocrx_word' id='word_1_39' title='bbox 953 783 972 818; x_wconf 71' lang='grc' dir='ltr'><strong><em>ι</em></strong></span> <span class='ocrx_word' id='word_1_40' title='bbox 1002 763 1071 819; x_wconf 89' lang='lat' dir='ltr'><strong>Et</strong></span> <span class='ocrx_word' id='word_1_41' title='bbox 1094 765 1147 823; x_wconf 91' lang='lat' dir='ltr'><strong>in</strong></span> <span class='ocrx_word' id='word_1_42' title='bbox 1172 762 1399 833; x_wconf 81' lang='lat' dir='ltr'><strong>epistola</strong></span> <span class='ocrx_word' id='word_1_43' title='bbox 1424 762 1640 819; x_wconf 87' lang='lat' dir='ltr'><strong>concilii</strong></span> <span class='ocrx_word' id='word_1_44' title='bbox 1674 762 1742 818; x_wconf 89' lang='lat' dir='ltr'><strong>ad</strong></span> 
     </span>
    </p>
   </div>
   <div class='ocr_carea' id='block_1_8' title="bbox 152 851 1742 927">
    <p class='ocr_par' dir='ltr' id='par_1_8' title="bbox 152 851 1742 927">
     <span class='ocr_line' id='line_1_8' title="bbox 152 851 1742 927; baseline 0.001 -20"><span class='ocrx_word' id='word_1_45' title='bbox 152 851 510 908; x_wconf 70' lang='lat' dir='ltr'><strong>Donatistae:</strong></span> <span class='ocrx_word' id='word_1_46' title='bbox 551 871 571 906; x_wconf 72' lang='grc' dir='ltr'>ι</span> <span class='ocrx_word' id='word_1_47' title='bbox 622 855 881 927; x_wconf 80' lang='lat' dir='ltr'><strong>Quisquis</strong></span> <span class='ocrx_word' id='word_1_48' title='bbox 906 870 941 911; x_wconf 88' lang='lat' dir='ltr'><strong>a</strong></span> <span class='ocrx_word' id='word_1_49' title='bbox 988 854 1252 915; x_wconf 84' lang='lat' dir='ltr'><strong>catholica</strong></span> <span class='ocrx_word' id='word_1_50' title='bbox 1292 854 1538 911; x_wconf 78' lang='lat' dir='ltr'><strong>Ecclesia</strong></span> <span class='ocrx_word' id='word_1_51' title='bbox 1576 852 1742 911; x_wconf 82' lang='lat' dir='ltr'><strong>fuerit</strong></span> 
     </span>
    </p>
   </div>
   <div class='ocr_carea' id='block_1_9' title="bbox 154 944 1741 1014">
    <p class='ocr_par' dir='ltr' id='par_1_9' title="bbox 154 944 1741 1014">
     <span class='ocr_line' id='line_1_9' title="bbox 154 944 1741 1014; baseline 0.001 -15"><span class='ocrx_word' id='word_1_52' title='bbox 154 951 463 1013; x_wconf 88' lang='lat' dir='ltr'><strong>separatus,</strong></span> <span class='ocrx_word' id='word_1_53' title='bbox 504 945 907 1014; x_wconf 86' lang='lat' dir='ltr'><strong>quantumlibet</strong></span> <span class='ocrx_word' id='word_1_54' title='bbox 954 945 1298 1002; x_wconf 76' lang='lat' dir='ltr'><strong>laudabiliter</strong></span> <span class='ocrx_word' id='word_1_55' title='bbox 1325 960 1385 1001; x_wconf 89' lang='lat' dir='ltr'><strong>se</strong></span> <span class='ocrx_word' id='word_1_56' title='bbox 1412 945 1598 1002; x_wconf 90' lang='lat' dir='ltr'><strong>vivere</strong></span> <span class='ocrx_word' id='word_1_57' title='bbox 1626 944 1741 1000; x_wconf 82' lang='lat' dir='ltr'><strong>exi-</strong></span> 
     </span>
    </p>
   </div>
   <div class='ocr_carea' id='block_1_10' title="bbox 151 1032 1742 1107">
    <p class='ocr_par' dir='ltr' id='par_1_10' title="bbox 151 1032 1742 1107">
     <span class='ocr_line' id='line_1_10' title="bbox 151 1032 1742 1107; baseline 0.001 -19"><span class='ocrx_word' id='word_1_58' title='bbox 151 1032 351 1097; x_wconf 87' lang='lat' dir='ltr'><strong>stimet,</strong></span> <span class='ocrx_word' id='word_1_59' title='bbox 383 1033 493 1089; x_wconf 89' lang='lat' dir='ltr'><strong>hoc</strong></span> <span class='ocrx_word' id='word_1_60' title='bbox 509 1033 626 1090; x_wconf 90' lang='lat' dir='ltr'><strong>solo</strong></span> <span class='ocrx_word' id='word_1_61' title='bbox 656 1035 863 1093; x_wconf 86' lang='lat' dir='ltr'><strong>scelere</strong></span> <span class='ocrx_word' id='word_1_62' title='bbox 892 1037 1035 1107; x_wconf 90' lang='lat' dir='ltr'><strong>quod</strong></span> <span class='ocrx_word' id='word_1_63' title='bbox 1082 1052 1112 1090; x_wconf 90' lang='lat' dir='ltr'><strong>a</strong></span> <span class='ocrx_word' id='word_1_64' title='bbox 1155 1036 1358 1093; x_wconf 83' lang='lat' dir='ltr'><strong>Christi</strong></span> <span class='ocrx_word' id='word_1_65' title='bbox 1389 1036 1598 1091; x_wconf 85' lang='lat' dir='ltr'><strong>unitate</strong></span> <span class='ocrx_word' id='word_1_66' title='bbox 1630 1035 1742 1090; x_wconf 87' lang='lat' dir='ltr'><strong>dis-</strong></span> 
     </span>
    </p>
   </div>
   <div class='ocr_carea' id='block_1_11' title="bbox 146 1121 1740 1191">
    <p class='ocr_par' dir='ltr' id='par_1_11' title="bbox 146 1121 1740 1191">
     <span class='ocr_line' id='line_1_11' title="bbox 146 1121 1740 1191; baseline 0.003 -14"><span class='ocrx_word' id='word_1_67' title='bbox 146 1121 364 1191; x_wconf 78' lang='lat' dir='ltr'><strong>iunctus</strong></span> <span class='ocrx_word' id='word_1_68' title='bbox 387 1132 497 1190; x_wconf 87' lang='lat' dir='ltr'><strong>est,</strong></span> <span class='ocrx_word' id='word_1_69' title='bbox 528 1140 637 1181; x_wconf 91' lang='lat' dir='ltr'><strong>non</strong></span> <span class='ocrx_word' id='word_1_70' title='bbox 686 1126 908 1182; x_wconf 83' lang='lat' dir='ltr'><strong>habebit</strong></span> <span class='ocrx_word' id='word_1_71' title='bbox 931 1126 1124 1190; x_wconf 88' lang='lat' dir='ltr'><strong>vitam,</strong></span> <span class='ocrx_word' id='word_1_72' title='bbox 1156 1127 1257 1181; x_wconf 88' lang='lat' dir='ltr'><strong>sed</strong></span> <span class='ocrx_word' id='word_1_73' title='bbox 1305 1127 1384 1181; x_wconf 90' lang='lat' dir='ltr'><strong>ira</strong></span> <span class='ocrx_word' id='word_1_74' title='bbox 1416 1124 1511 1182; x_wconf 87' lang='lat' dir='ltr'><strong>Dei</strong></span> <span class='ocrx_word' id='word_1_75' title='bbox 1553 1133 1740 1181; x_wconf 90' lang='lat' dir='ltr'><strong>manet</strong></span> 
     </span>
    </p>
   </div>
   <div class='ocr_carea' id='block_1_12' title="bbox 154 1214 1739 1286">
    <p class='ocr_par' dir='ltr' id='par_1_12' title="bbox 154 1214 1739 1286">
     <span class='ocr_line' id='line_1_12' title="bbox 154 1214 1739 1286; baseline 0.001 -17"><span class='ocrx_word' id='word_1_76' title='bbox 154 1228 313 1284; x_wconf 82' lang='lat' dir='ltr'><strong>super</strong></span> <span class='ocrx_word' id='word_1_77' title='bbox 336 1229 485 1270; x_wconf 89' lang='lat' dir='ltr'><strong>eum.</strong></span> <span class='ocrx_word' id='word_1_78' title='bbox 533 1214 792 1286; x_wconf 82' lang='lat' dir='ltr'><strong>Quisquis</strong></span> <span class='ocrx_word' id='word_1_79' title='bbox 839 1225 1020 1273; x_wconf 88' lang='lat' dir='ltr'><strong>autem</strong></span> <span class='ocrx_word' id='word_1_80' title='bbox 1059 1217 1116 1272; x_wconf 92' lang='lat' dir='ltr'><strong>in</strong></span> <span class='ocrx_word' id='word_1_81' title='bbox 1161 1217 1265 1273; x_wconf 85' lang='lat' dir='ltr'><strong>hac</strong></span> <span class='ocrx_word' id='word_1_82' title='bbox 1310 1215 1555 1273; x_wconf 85' lang='lat' dir='ltr'><strong>Ecclesia</strong></span> <span class='ocrx_word' id='word_1_83' title='bbox 1601 1217 1739 1271; x_wconf 89' lang='lat' dir='ltr'><strong>bene</strong></span> 
     </span>
    </p>
   </div>
   <div class='ocr_carea' id='block_1_13' title="bbox 150 1307 1738 1381">
    <p class='ocr_par' dir='ltr' id='par_1_13' title="bbox 150 1307 1738 1381">
     <span class='ocr_line' id='line_1_13' title="bbox 150 1307 1738 1381; baseline 0.003 -20"><span class='ocrx_word' id='word_1_84' title='bbox 150 1307 362 1373; x_wconf 79' lang='lat' dir='ltr'><strong>vixerit,</strong></span> <span class='ocrx_word' id='word_1_85' title='bbox 412 1308 550 1365; x_wconf 85' lang='lat' dir='ltr'><strong>nihil</strong></span> <span class='ocrx_word' id='word_1_86' title='bbox 587 1309 639 1364; x_wconf 91' lang='lat' dir='ltr'><strong>ei</strong></span> <span class='ocrx_word' id='word_1_87' title='bbox 680 1308 1039 1381; x_wconf 55' lang='lat' dir='ltr'><strong>prejudicant</strong></span> <span class='ocrx_word' id='word_1_88' title='bbox 1076 1310 1253 1367; x_wconf 87' lang='lat' dir='ltr'><strong>aliena</strong></span> <span class='ocrx_word' id='word_1_89' title='bbox 1302 1318 1547 1381; x_wconf 87' lang='lat' dir='ltr'><strong>peccata,</strong></span> <span class='ocrx_word' id='word_1_90' title='bbox 1597 1308 1738 1376; x_wconf 82' lang='lat' dir='ltr'><strong>Quia</strong></span> 
     </span>
    </p>
   </div>
   <div class='ocr_carea' id='block_1_14' title="bbox 149 1398 1733 1485">
    <p class='ocr_par' dir='ltr' id='par_1_14' title="bbox 149 1398 1733 1485">
     <span class='ocr_line' id='line_1_14' title="bbox 149 1398 1733 1485; baseline 0.001 -34"><span class='ocrx_word' id='word_1_91' title='bbox 149 1399 501 1470; x_wconf 67' lang='lat' dir='ltr'><strong>unusquisque</strong></span> <span class='ocrx_word' id='word_1_92' title='bbox 528 1398 583 1455; x_wconf 89' lang='lat' dir='ltr'><strong>in</strong></span> <span class='ocrx_word' id='word_1_93' title='bbox 610 1414 675 1454; x_wconf 87' lang='lat' dir='ltr'><strong>ea</strong></span> <span class='ocrx_word' id='word_1_94' title='bbox 704 1402 977 1471; x_wconf 84' lang='lat' dir='ltr'><strong>proprium</strong></span> <span class='ocrx_word' id='word_1_95' title='bbox 1013 1417 1145 1456; x_wconf 78' lang='lat' dir='ltr'><strong>onus</strong></span> <span class='ocrx_word' id='word_1_96' title='bbox 1162 1400 1418 1485; x_wconf 58' lang='lat' dir='ltr'><strong>.portabit</strong></span> <span class='ocrx_word' id='word_1_97' title='bbox 1467 1399 1612 1472; x_wconf 85' lang='lat' dir='ltr'><strong>(Gal.</strong></span> <span class='ocrx_word' id='word_1_98' title='bbox 1658 1400 1733 1471; x_wconf 91' lang='lat' dir='ltr'><strong>v),</strong></span> 
     </span>
    </p>
   </div>
   <div class='ocr_carea' id='block_1_15' title="bbox 148 1491 1735 1566">
    <p class='ocr_par' dir='ltr' id='par_1_15' title="bbox 148 1491 1735 1566">
     <span class='ocr_line' id='line_1_15' title="bbox 148 1491 1735 1566; baseline 0.003 -20"><span class='ocrx_word' id='word_1_99' title='bbox 148 1491 282 1547; x_wconf 88' lang='lat' dir='ltr'><strong>sicut</strong></span> <span class='ocrx_word' id='word_1_100' title='bbox 325 1492 463 1546; x_wconf 85' lang='lat' dir='ltr'><strong>dicit</strong></span> <span class='ocrx_word' id='word_1_101' title='bbox 503 1492 815 1565; x_wconf 80' lang='lat' dir='ltr'><strong>Apostolus,</strong></span> <span class='ocrx_word' id='word_1_102' title='bbox 876 1494 948 1549; x_wconf 83' lang='lat' dir='ltr'><strong>Et</strong></span> <span class='ocrx_word' id='word_1_103' title='bbox 995 1496 1289 1565; x_wconf 78' lang='lat' dir='ltr'><strong>quicunque</strong></span> <span class='ocrx_word' id='word_1_104' title='bbox 1345 1496 1401 1549; x_wconf 86' lang='lat' dir='ltr'><strong>in</strong></span> <span class='ocrx_word' id='word_1_105' title='bbox 1441 1511 1502 1549; x_wconf 82' lang='lat' dir='ltr'><strong>ea</strong></span> <span class='ocrx_word' id='word_1_106' title='bbox 1546 1510 1735 1566; x_wconf 82' lang='lat' dir='ltr'><strong>corpus</strong></span> 
     </span>
    </p>
   </div>
   <div class='ocr_carea' id='block_1_16' title="bbox 150 1577 1735 1658">
    <p class='ocr_par' dir='ltr' id='par_1_16' title="bbox 150 1577 1735 1658">
     <span class='ocr_line' id='line_1_16' title="bbox 150 1577 1735 1658; baseline 0.003 -20"><span class='ocrx_word' id='word_1_107' title='bbox 150 1580 337 1638; x_wconf 77' lang='lat' dir='ltr'><strong>Christi</strong></span> <span class='ocrx_word' id='word_1_108' title='bbox 358 1577 760 1640; x_wconf 73' lang='lat' dir='ltr'><strong>manduc&#39;averit</strong></span> <span class='ocrx_word' id='word_1_109' title='bbox 787 1587 1018 1657; x_wconf 81' lang='lat' dir='ltr'><strong>indigne,</strong></span> <span class='ocrx_word' id='word_1_110' title='bbox 1034 1586 1303 1658; x_wconf 80' lang='lat' dir='ltr'><strong>judicium</strong></span> <span class='ocrx_word' id='word_1_111' title='bbox 1321 1587 1422 1643; x_wconf 75' lang='lat' dir='ltr'><strong>sibi</strong></span> <span class='ocrx_word' id='word_1_112' title='bbox 1449 1588 1735 1643; x_wconf 83' lang='lat' dir='ltr'><strong>manducat</strong></span> 
     </span>
    </p>
   </div>
   <div class='ocr_carea' id='block_1_17' title="bbox 148 1674 1734 1749">
    <p class='ocr_par' dir='ltr' id='par_1_17' title="bbox 148 1674 1734 1749">
     <span class='ocr_line' id='line_1_17' title="bbox 148 1674 1734 1749; baseline 0.005 -22"><span class='ocrx_word' id='word_1_113' title='bbox 148 1684 192 1728; x_wconf 83' lang='lat' dir='ltr'><strong>et</strong></span> <span class='ocrx_word' id='word_1_114' title='bbox 241 1674 368 1728; x_wconf 77' lang='lat' dir='ltr'><strong>bibit</strong></span> <span class='ocrx_word' id='word_1_115' title='bbox 420 1675 473 1746; x_wconf 90' lang='lat' dir='ltr'><strong>(I</strong></span> <span class='ocrx_word' id='word_1_116' title='bbox 501 1676 626 1731; x_wconf 81' lang='lat' dir='ltr'><strong>Cor.</strong></span> <span class='ocrx_word' id='word_1_117' title='bbox 660 1678 758 1749; x_wconf 79' lang='lat' dir='ltr'><strong>xl).</strong></span> <span class='ocrx_word' id='word_1_118' title='bbox 789 1677 927 1734; x_wconf 90' lang='lat' dir='ltr'><strong>Cum</strong></span> <span class='ocrx_word' id='word_1_119' title='bbox 969 1679 1113 1734; x_wconf 91' lang='lat' dir='ltr'><strong>enim</strong></span> <span class='ocrx_word' id='word_1_120' title='bbox 1155 1677 1287 1734; x_wconf 87' lang='lat' dir='ltr'><strong>dicit</strong></span> <span class='ocrx_word' id='word_1_121' title='bbox 1320 1680 1588 1749; x_wconf 84' lang='lat' dir='ltr'><strong>judicium</strong></span> <span class='ocrx_word' id='word_1_122' title='bbox 1633 1680 1734 1735; x_wconf 74' lang='lat' dir='ltr'><strong>sibi</strong></span> 
     </span>
    </p>
   </div>
   <div class='ocr_carea' id='block_1_18' title="bbox 147 1768 1731 1844">
    <p class='ocr_par' dir='ltr' id='par_1_18' title="bbox 147 1768 1731 1844">
     <span class='ocr_line' id='line_1_18' title="bbox 147 1768 1731 1844; baseline 0.007 -24"><span class='ocrx_word' id='word_1_123' title='bbox 147 1768 454 1836; x_wconf 73' lang='lat' dir='ltr'><strong>manducet,</strong></span> <span class='ocrx_word' id='word_1_124' title='bbox 505 1772 640 1827; x_wconf 87' lang='lat' dir='ltr'><strong>satis</strong></span> <span class='ocrx_word' id='word_1_125' title='bbox 684 1774 922 1829; x_wconf 85' lang='lat' dir='ltr'><strong>ostendit</strong></span> <span class='ocrx_word' id='word_1_126' title='bbox 962 1774 1088 1843; x_wconf 91' lang='lat' dir='ltr'><strong>quia</strong></span> <span class='ocrx_word' id='word_1_127' title='bbox 1118 1788 1225 1828; x_wconf 91' lang='lat' dir='ltr'><strong>non</strong></span> <span class='ocrx_word' id='word_1_128' title='bbox 1267 1774 1424 1830; x_wconf 84' lang='lat' dir='ltr'><strong>alteri</strong></span> <span class='ocrx_word' id='word_1_129' title='bbox 1464 1774 1731 1844; x_wconf 89' lang='lat' dir='ltr'><strong>judicium</strong></span> 
     </span>
    </p>
   </div>
   <div class='ocr_carea' id='block_1_19' title="bbox 1845 572 3428 647">
    <p class='ocr_par' dir='ltr' id='par_1_19' title="bbox 1845 572 3428 647">
     <span class='ocr_line' id='line_1_19' title="bbox 1845 572 3428 647; baseline 0.001 -18"><span class='ocrx_word' id='word_1_130' title='bbox 1845 572 2100 631; x_wconf 63' lang='lat' dir='ltr'><strong>Ecclesiae</strong></span> <span class='ocrx_word' id='word_1_131' title='bbox 2134 576 2189 630; x_wconf 94' lang='lat' dir='ltr'><strong>in</strong></span> <span class='ocrx_word' id='word_1_132' title='bbox 2242 576 2329 631; x_wconf 90' lang='lat' dir='ltr'><strong>die</strong></span> <span class='ocrx_word' id='word_1_133' title='bbox 2381 577 2554 632; x_wconf 86' lang='lat' dir='ltr'><strong>sancti</strong></span> <span class='ocrx_word' id='word_1_134' title='bbox 2608 590 2932 647; x_wconf 87' lang='lat' dir='ltr'><strong>parasceves</strong></span> <span class='ocrx_word' id='word_1_135' title='bbox 2983 582 3169 646; x_wconf 84' lang='lat' dir='ltr'><strong>aperte</strong></span> <span class='ocrx_word' id='word_1_136' title='bbox 3204 575 3428 631; x_wconf 87' lang='lat' dir='ltr'><strong>demon-</strong></span> 
     </span>
    </p>
   </div>
   <div class='ocr_carea' id='block_1_20' title="bbox 1843 673 3428 745">
    <p class='ocr_par' dir='ltr' id='par_1_20' title="bbox 1843 673 3428 745">
     <span class='ocr_line' id='line_1_20' title="bbox 1843 673 3428 745; baseline 0.003 -18"><span class='ocrx_word' id='word_1_137' title='bbox 1843 678 2038 736; x_wconf 86' lang='lat' dir='ltr'><strong>strant,</strong></span> <span class='ocrx_word' id='word_1_138' title='bbox 2086 681 2359 728; x_wconf 74' lang='lat' dir='ltr'><strong>annuente</strong></span> <span class='ocrx_word' id='word_1_139' title='bbox 2404 674 2636 729; x_wconf 81' lang='lat' dir='ltr'><strong>veritate</strong></span> <span class='ocrx_word' id='word_1_140' title='bbox 2675 673 2964 730; x_wconf 82' lang='lat' dir='ltr'><strong>ostendere</strong></span> <span class='ocrx_word' id='word_1_141' title='bbox 2990 674 3428 745; x_wconf 75' lang='lat' dir='ltr'><strong>procul-abimus,</strong></span> 
     </span>
    </p>
   </div>
   <div class='ocr_carea' id='block_1_21' title="bbox 1841 764 3433 834">
    <p class='ocr_par' dir='ltr' id='par_1_21' title="bbox 1841 764 3433 834">
     <span class='ocr_line' id='line_1_21' title="bbox 1841 764 3433 834; baseline 0.001 -16"><span class='ocrx_word' id='word_1_142' title='bbox 1841 764 1973 834; x_wconf 83' lang='lat' dir='ltr'><strong>quia</strong></span> <span class='ocrx_word' id='word_1_143' title='bbox 2014 779 2116 822; x_wconf 91' lang='lat' dir='ltr'><strong>nec</strong></span> <span class='ocrx_word' id='word_1_144' title='bbox 2171 780 2202 819; x_wconf 87' lang='lat' dir='ltr'><strong>a</strong></span> <span class='ocrx_word' id='word_1_145' title='bbox 2256 764 2605 822; x_wconf 86' lang='lat' dir='ltr'><strong>damnatione</strong></span> <span class='ocrx_word' id='word_1_146' title='bbox 2661 765 2974 823; x_wconf 73' lang='lat' dir='ltr'><strong>simoniaca:</strong></span> <span class='ocrx_word' id='word_1_147' title='bbox 3025 765 3297 823; x_wconf 67' lang='lat' dir='ltr'><strong>haereseos</strong></span> <span class='ocrx_word' id='word_1_148' title='bbox 3346 774 3433 823; x_wconf 89' lang='lat' dir='ltr'><strong>est</strong></span> 
     </span>
    </p>
   </div>
   <div class='ocr_carea' id='block_1_22' title="bbox 1842 856 3431 929">
    <p class='ocr_par' dir='ltr' id='par_1_22' title="bbox 1842 856 3431 929">
     <span class='ocr_line' id='line_1_22' title="bbox 1842 856 3431 929; baseline -0.001 -17"><span class='ocrx_word' id='word_1_149' title='bbox 1842 856 2118 913; x_wconf 91' lang='lat' dir='ltr'><strong>immunis.</strong></span> <span class='ocrx_word' id='word_1_150' title='bbox 2149 856 2411 911; x_wconf 82' lang='lat' dir='ltr'><strong>Dominus</strong></span> <span class='ocrx_word' id='word_1_151' title='bbox 2447 857 2579 913; x_wconf 90' lang='lat' dir='ltr'><strong>dicit</strong></span> <span class='ocrx_word' id='word_1_152' title='bbox 2612 858 2667 913; x_wconf 92' lang='lat' dir='ltr'><strong>in</strong></span> <span class='ocrx_word' id='word_1_153' title='bbox 2695 856 2989 929; x_wconf 89' lang='lat' dir='ltr'><strong>Evangello</strong></span> <span class='ocrx_word' id='word_1_154' title='bbox 3021 857 3113 922; x_wconf 72' lang='lat' dir='ltr'><strong>de.</strong></span> <span class='ocrx_word' id='word_1_155' title='bbox 3135 856 3431 928; x_wconf 71' lang='lat' dir='ltr'><strong>largiendis</strong></span> 
     </span>
    </p>
   </div>
   <div class='ocr_carea' id='block_1_23' title="bbox 1842 947 3430 1019">
    <p class='ocr_par' dir='ltr' id='par_1_23' title="bbox 1842 947 3430 1019">
     <span class='ocr_line' id='line_1_23' title="bbox 1842 947 3430 1019; baseline 0.001 -18"><span class='ocrx_word' id='word_1_156' title='bbox 1842 947 2017 1004; x_wconf 89' lang='lat' dir='ltr'><strong>sacris</strong></span> <span class='ocrx_word' id='word_1_157' title='bbox 2079 947 2365 1003; x_wconf 83' lang='lat' dir='ltr'><strong>ordinibus</strong></span> <span class='ocrx_word' id='word_1_158' title='bbox 2418 965 2435 1002; x_wconf 89' lang='lat'><strong>:</strong></span> <span class='ocrx_word' id='word_1_159' title='bbox 2492 947 2672 1005; x_wconf 79' lang='lat' dir='ltr'><strong>Gratis</strong></span> <span class='ocrx_word' id='word_1_160' title='bbox 2732 950 3024 1019; x_wconf 77' lang='lat' dir='ltr'><strong>accepistis,</strong></span> <span class='ocrx_word' id='word_1_161' title='bbox 3092 948 3254 1019; x_wconf 78' lang='lat' dir='ltr'><strong>gratis</strong></span> <span class='ocrx_word' id='word_1_162' title='bbox 3308 949 3430 1003; x_wconf 81' lang='lat' dir='ltr'><strong>date</strong></span> 
     </span>
    </p>
   </div>
   <div class='ocr_carea' id='block_1_24' title="bbox 1842 1035 3422 1111">
    <p class='ocr_par' dir='ltr' id='par_1_24' title="bbox 1842 1035 3422 1111">
     <span class='ocr_line' id='line_1_24' title="bbox 1842 1035 3422 1111; baseline 0.001 -20"><span class='ocrx_word' id='word_1_163' title='bbox 1842 1035 2059 1107; x_wconf 76' lang='lat' dir='ltr'><strong>(Matth.</strong></span> <span class='ocrx_word' id='word_1_164' title='bbox 2101 1037 2183 1110; x_wconf 73' lang='grc' dir='ltr'><strong>χ).</strong></span> <span class='ocrx_word' id='word_1_165' title='bbox 2218 1056 2238 1089; x_wconf 75' lang='grc' dir='ltr'>ι</span> <span class='ocrx_word' id='word_1_166' title='bbox 2274 1037 2621 1104; x_wconf 83' lang='lat' dir='ltr'><strong>Praesciebat,</strong></span> <span class='ocrx_word' id='word_1_167' title='bbox 2668 1040 2844 1111; x_wconf 86' lang='lat' dir='ltr'><strong>inquit</strong></span> <span class='ocrx_word' id='word_1_168' title='bbox 2884 1038 3077 1094; x_wconf 83' lang='lat' dir='ltr'><strong>beatus</strong></span> <span class='ocrx_word' id='word_1_169' title='bbox 3109 1036 3422 1109; x_wconf 86' lang='lat' dir='ltr'><strong>Gregorius,</strong></span> 
     </span>
    </p>
   </div>
   <div class='ocr_carea' id='block_1_25' title="bbox 1842 1126 3425 1201">
    <p class='ocr_par' dir='ltr' id='par_1_25' title="bbox 1842 1126 3425 1201">
     <span class='ocr_line' id='line_1_25' title="bbox 1842 1126 3425 1201; baseline 0.001 -20"><span class='ocrx_word' id='word_1_170' title='bbox 1842 1126 2134 1183; x_wconf 84' lang='lat' dir='ltr'><strong>nonnullos</strong></span> <span class='ocrx_word' id='word_1_171' title='bbox 2191 1128 2295 1184; x_wconf 87' lang='lat' dir='ltr'><strong>hoc</strong></span> <span class='ocrx_word' id='word_1_172' title='bbox 2352 1129 2530 1199; x_wconf 90' lang='lat' dir='ltr'><strong>ipsum</strong></span> <span class='ocrx_word' id='word_1_173' title='bbox 2570 1129 2770 1184; x_wconf 90' lang='lat' dir='ltr'><strong>donum</strong></span> <span class='ocrx_word' id='word_1_174' title='bbox 2821 1129 3027 1201; x_wconf 87' lang='lat' dir='ltr'><strong>accepti</strong></span> <span class='ocrx_word' id='word_1_175' title='bbox 3084 1127 3318 1198; x_wconf 87' lang='lat' dir='ltr'><strong>Spiritus</strong></span> <span class='ocrx_word' id='word_1_176' title='bbox 3372 1128 3425 1183; x_wconf 93' lang='lat' dir='ltr'><strong>in</strong></span> 
     </span>
    </p>
   </div>
   <div class='ocr_carea' id='block_1_26' title="bbox 1840 1217 3428 1289">
    <p class='ocr_par' dir='ltr' id='par_1_26' title="bbox 1840 1217 3428 1289">
     <span class='ocr_line' id='line_1_26' title="bbox 1840 1217 3428 1289; baseline 0.001 -18"><span class='ocrx_word' id='word_1_177' title='bbox 1840 1232 1999 1272; x_wconf 92' lang='lat' dir='ltr'><strong>usum</strong></span> <span class='ocrx_word' id='word_1_178' title='bbox 2032 1218 2418 1289; x_wconf 78' lang='lat' dir='ltr'><strong>negotiationis</strong></span> <span class='ocrx_word' id='word_1_179' title='bbox 2448 1217 2747 1285; x_wconf 83' lang='lat' dir='ltr'><strong>inﬂectere,</strong></span> <span class='ocrx_word' id='word_1_180' title='bbox 2780 1228 2837 1275; x_wconf 91' lang='lat' dir='ltr'><strong>et</strong></span> <span class='ocrx_word' id='word_1_181' title='bbox 2860 1217 3246 1275; x_wconf 81' lang='lat' dir='ltr'><strong>miraculorum</strong></span> <span class='ocrx_word' id='word_1_182' title='bbox 3275 1218 3428 1289; x_wconf 87' lang='lat' dir='ltr'><strong>signa</strong></span> 
     </span>
    </p>
   </div>
   <div class='ocr_carea' id='block_1_27' title="bbox 1840 1299 3427 1380">
    <p class='ocr_par' dir='ltr' id='par_1_27' title="bbox 1840 1299 3427 1380">
     <span class='ocr_line' id='line_1_27' title="bbox 1840 1299 3427 1380; baseline -0.001 -17"><span class='ocrx_word' id='word_1_183' title='bbox 1840 1309 1909 1364; x_wconf 91' lang='lat' dir='ltr'><strong>ad</strong></span> <span class='ocrx_word' id='word_1_184' title='bbox 1939 1310 2183 1365; x_wconf 75' lang='lat' dir='ltr'><strong>avaritiae</strong></span> <span class='ocrx_word' id='word_1_185' title='bbox 2240 1311 2561 1380; x_wconf 89' lang='lat' dir='ltr'><strong>obsequium</strong></span> <span class='ocrx_word' id='word_1_186' title='bbox 2607 1299 2898 1367; x_wconf 82' lang='lat' dir='ltr'><strong>declinare.</strong></span> <span class='ocrx_word' id='word_1_187' title='bbox 2953 1309 3094 1367; x_wconf 78' lang='lat' dir='ltr'><strong>Hinc</strong></span> <span class='ocrx_word' id='word_1_188' title='bbox 3128 1318 3211 1365; x_wconf 90' lang='lat' dir='ltr'><strong>est</strong></span> <span class='ocrx_word' id='word_1_189' title='bbox 3258 1309 3427 1376; x_wconf 91' lang='lat' dir='ltr'><strong>enim,</strong></span> 
     </span>
    </p>
   </div>
   <div class='ocr_carea' id='block_1_28' title="bbox 1840 1400 3427 1475">
    <p class='ocr_par' dir='ltr' id='par_1_28' title="bbox 1840 1400 3427 1475">
     <span class='ocr_line' id='line_1_28' title="bbox 1840 1400 3427 1475; baseline -0.004 -15"><span class='ocrx_word' id='word_1_190' title='bbox 1840 1405 1983 1475; x_wconf 92' lang='lat' dir='ltr'><strong>quod</strong></span> <span class='ocrx_word' id='word_1_191' title='bbox 2022 1402 2211 1459; x_wconf 88' lang='lat' dir='ltr'><strong>Simon</strong></span> <span class='ocrx_word' id='word_1_192' title='bbox 2255 1417 2446 1474; x_wconf 84' lang='lat' dir='ltr'><strong>magus</strong></span> <span class='ocrx_word' id='word_1_193' title='bbox 2477 1417 2575 1473; x_wconf 87' lang='lat' dir='ltr'><strong>per</strong></span> <span class='ocrx_word' id='word_1_194' title='bbox 2601 1403 3007 1473; x_wconf 88' lang='lat' dir='ltr'><strong>impositionem</strong></span> <span class='ocrx_word' id='word_1_195' title='bbox 3042 1415 3239 1458; x_wconf 89' lang='lat' dir='ltr'><strong>manus</strong></span> <span class='ocrx_word' id='word_1_196' title='bbox 3283 1400 3427 1455; x_wconf 83' lang='lat' dir='ltr'><strong>edita</strong></span> 
     </span>
    </p>
   </div>
   <div class='ocr_carea' id='block_1_29' title="bbox 1839 1491 3427 1567">
    <p class='ocr_par' dir='ltr' id='par_1_29' title="bbox 1839 1491 3427 1567">
     <span class='ocr_line' id='line_1_29' title="bbox 1839 1491 3427 1567; baseline -0.003 -18"><span class='ocrx_word' id='word_1_197' title='bbox 1839 1494 2102 1551; x_wconf 88' lang='lat' dir='ltr'><strong>miracula</strong></span> <span class='ocrx_word' id='word_1_198' title='bbox 2149 1494 2523 1564; x_wconf 90' lang='lat' dir='ltr'><strong>conspiciens,</strong></span> <span class='ocrx_word' id='word_1_199' title='bbox 2574 1494 2860 1567; x_wconf 83' lang='lat' dir='ltr'><strong>percipere</strong></span> <span class='ocrx_word' id='word_1_200' title='bbox 2925 1492 3128 1549; x_wconf 90' lang='lat' dir='ltr'><strong>donum</strong></span> <span class='ocrx_word' id='word_1_201' title='bbox 3190 1491 3427 1563; x_wconf 88' lang='lat' dir='ltr'><strong>Spiritus</strong></span> 
     </span>
    </p>
   </div>
   <div class='ocr_carea' id='block_1_30' title="bbox 1837 1583 3428 1656">
    <p class='ocr_par' dir='ltr' id='par_1_30' title="bbox 1837 1583 3428 1656">
     <span class='ocr_line' id='line_1_30' title="bbox 1837 1583 3428 1656; baseline -0.003 -14"><span class='ocrx_word' id='word_1_202' title='bbox 1837 1586 2013 1642; x_wconf 87' lang='lat' dir='ltr'><strong>sancti</strong></span> <span class='ocrx_word' id='word_1_203' title='bbox 2052 1586 2284 1656; x_wconf 89' lang='lat' dir='ltr'><strong>pecunia</strong></span> <span class='ocrx_word' id='word_1_204' title='bbox 2335 1586 2527 1653; x_wconf 90' lang='lat' dir='ltr'><strong>voluit,</strong></span> <span class='ocrx_word' id='word_1_205' title='bbox 2568 1584 2778 1641; x_wconf 85' lang='lat' dir='ltr'><strong>scilicet</strong></span> <span class='ocrx_word' id='word_1_206' title='bbox 2807 1590 2867 1639; x_wconf 94' lang='lat' dir='ltr'><strong>ut</strong></span> <span class='ocrx_word' id='word_1_207' title='bbox 2891 1583 3135 1639; x_wconf 89' lang='lat' dir='ltr'><strong>deterius</strong></span> <span class='ocrx_word' id='word_1_208' title='bbox 3164 1583 3428 1640; x_wconf 85' lang='lat' dir='ltr'><strong>venderet</strong></span> 
     </span>
    </p>
   </div>
   <div class='ocr_carea' id='block_1_31' title="bbox 1837 1673 3428 1751">
    <p class='ocr_par' dir='ltr' id='par_1_31' title="bbox 1837 1673 3428 1751">
     <span class='ocr_line' id='line_1_31' title="bbox 1837 1673 3428 1751; baseline -0.002 -18"><span class='ocrx_word' id='word_1_209' title='bbox 1837 1680 1979 1749; x_wconf 91' lang='lat' dir='ltr'><strong>quod</strong></span> <span class='ocrx_word' id='word_1_210' title='bbox 2029 1679 2173 1735; x_wconf 89' lang='lat' dir='ltr'><strong>male</strong></span> <span class='ocrx_word' id='word_1_211' title='bbox 2206 1686 2599 1751; x_wconf 87' lang='lat' dir='ltr'><strong>comparasset.</strong></span> <span class='ocrx_word' id='word_1_212' title='bbox 2659 1676 2813 1733; x_wconf 89' lang='lat' dir='ltr'><strong>Unde</strong></span> <span class='ocrx_word' id='word_1_213' title='bbox 2860 1676 3000 1733; x_wconf 90' lang='lat' dir='ltr'><strong>bene</strong></span> <span class='ocrx_word' id='word_1_214' title='bbox 3061 1690 3183 1731; x_wconf 89' lang='lat' dir='ltr'><strong>cum</strong></span> <span class='ocrx_word' id='word_1_215' title='bbox 3219 1673 3428 1745; x_wconf 86' lang='lat' dir='ltr'><strong>justum</strong></span> 
     </span>
    </p>
   </div>
   <div class='ocr_carea' id='block_1_32' title="bbox 1835 1766 3428 1839">
    <p class='ocr_par' dir='ltr' id='par_1_32' title="bbox 1835 1766 3428 1839">
     <span class='ocr_line' id='line_1_32' title="bbox 1835 1766 3428 1839; baseline -0.004 -15"><span class='ocrx_word' id='word_1_216' title='bbox 1835 1769 2014 1824; x_wconf 91' lang='lat' dir='ltr'><strong>virum</strong></span> <span class='ocrx_word' id='word_1_217' title='bbox 2062 1769 2394 1825; x_wconf 85' lang='lat' dir='ltr'><strong>describeret</strong></span> <span class='ocrx_word' id='word_1_218' title='bbox 2420 1768 2682 1839; x_wconf 85' lang='lat' dir='ltr'><strong>propheta</strong></span> <span class='ocrx_word' id='word_1_219' title='bbox 2711 1766 2827 1821; x_wconf 89' lang='lat' dir='ltr'><strong>ait:</strong></span> <span class='ocrx_word' id='word_1_220' title='bbox 2870 1767 2974 1833; x_wconf 86' lang='lat' dir='ltr'><strong>Qui</strong></span> <span class='ocrx_word' id='word_1_221' title='bbox 3016 1768 3212 1821; x_wconf 74' lang='lat' dir='ltr'><strong>excutit</strong></span> <span class='ocrx_word' id='word_1_222' title='bbox 3238 1779 3428 1822; x_wconf 79' lang='lat' dir='ltr'><strong>manus</strong></span> 
     </span>
    </p>
   </div>
   <div class='ocr_carea' id='block_1_33' title="bbox 149 1856 3424 1941">
    <p class='ocr_par' dir='ltr' id='par_1_33' title="bbox 149 1856 3424 1941">
     <span class='ocr_line' id='line_1_33' title="bbox 149 1856 3424 1941; baseline 0 -30"><span class='ocrx_word' id='word_1_223' title='bbox 149 1856 457 1924; x_wconf 85' lang='lat' dir='ltr'><strong>manducat,</strong></span> <span class='ocrx_word' id='word_1_224' title='bbox 488 1860 583 1915; x_wconf 88' lang='lat' dir='ltr'><strong>sed</strong></span> <span class='ocrx_word' id='word_1_225' title='bbox 618 1860 746 1927; x_wconf 91' lang='lat' dir='ltr'><strong>sibi,</strong></span> <span class='ocrx_word' id='word_1_226' title='bbox 799 1862 927 1932; x_wconf 86' lang='lat' dir='ltr'><strong>quia</strong></span> <span class='ocrx_word' id='word_1_227' title='bbox 976 1863 1288 1919; x_wconf 89' lang='lat' dir='ltr'><strong>communio</strong></span> <span class='ocrx_word' id='word_1_228' title='bbox 1315 1865 1582 1921; x_wconf 89' lang='lat' dir='ltr'><strong>malorum</strong></span> <span class='ocrx_word' id='word_1_229' title='bbox 1622 1881 1729 1921; x_wconf 90' lang='lat' dir='ltr'><strong>non</strong></span> <span class='ocrx_word' id='word_1_230' title='bbox 1760 1880 1808 1941; x_wconf 75' lang='grc' dir='ltr'><strong>Β</strong></span> <span class='ocrx_word' id='word_1_231' title='bbox 1837 1878 1962 1917; x_wconf 79' lang='lat' dir='ltr'><strong>suas</strong></span> <span class='ocrx_word' id='word_1_232' title='bbox 1990 1862 2055 1915; x_wconf 87' lang='lat' dir='ltr'><strong>ab</strong></span> <span class='ocrx_word' id='word_1_233' title='bbox 2086 1862 2228 1915; x_wconf 86' lang='lat' dir='ltr'><strong>omni</strong></span> <span class='ocrx_word' id='word_1_234' title='bbox 2254 1876 2468 1915; x_wconf 86' lang='lat' dir='ltr'><strong>munere</strong></span> <span class='ocrx_word' id='word_1_235' title='bbox 2494 1859 2593 1932; x_wconf 81' lang='lat' dir='ltr'><strong>(Is.</strong></span> <span class='ocrx_word' id='word_1_236' title='bbox 2625 1858 2846 1930; x_wconf 66' lang='grc' dir='ltr'><strong>χχχιιι).</strong></span> <span class='ocrx_word' id='word_1_237' title='bbox 2874 1856 3060 1927; x_wconf 86' lang='lat' dir='ltr'><strong>Neque</strong></span> <span class='ocrx_word' id='word_1_238' title='bbox 3085 1858 3233 1914; x_wconf 89' lang='lat' dir='ltr'><strong>enim</strong></span> <span class='ocrx_word' id='word_1_239' title='bbox 3269 1857 3424 1925; x_wconf 89' lang='lat' dir='ltr'><strong>dicit,</strong></span> 
     </span>
    </p>
   </div>
   <div class='ocr_carea' id='block_1_34' title="bbox 146 1948 1732 2026">
    <p class='ocr_par' dir='ltr' id='par_1_34' title="bbox 146 1948 1732 2026">
     <span class='ocr_line' id='line_1_34' title="bbox 146 1948 1732 2026; baseline 0.006 -21"><span class='ocrx_word' id='word_1_240' title='bbox 146 1948 378 2006; x_wconf 84' lang='lat' dir='ltr'><strong>maculat</strong></span> <span class='ocrx_word' id='word_1_241' title='bbox 403 1950 638 2021; x_wconf 86' lang='lat' dir='ltr'><strong>aliquem</strong></span> <span class='ocrx_word' id='word_1_242' title='bbox 669 1950 1089 2026; x_wconf 78' lang='lat' dir='ltr'><strong>participatione</strong></span> <span class='ocrx_word' id='word_1_243' title='bbox 1124 1967 1611 2023; x_wconf 85' lang='lat' dir='ltr'><strong>sacramentorum,</strong></span> <span class='ocrx_word' id='word_1_244' title='bbox 1636 1959 1732 2014; x_wconf 90' lang='lat' dir='ltr'><strong>sed</strong></span> 
     </span>
    </p>
   </div>
   <div class='ocr_carea' id='block_1_35' title="bbox 145 2043 1733 2109">
    <p class='ocr_par' dir='ltr' id='par_1_35' title="bbox 145 2043 1733 2109">
     <span class='ocr_line' id='line_1_35' title="bbox 145 2043 1733 2109; baseline 0.005 -9"><span class='ocrx_word' id='word_1_245' title='bbox 145 2056 411 2100; x_wconf 82' lang='lat' dir='ltr'><strong>consensu</strong></span> <span class='ocrx_word' id='word_1_246' title='bbox 456 2043 744 2102; x_wconf 80' lang='lat' dir='ltr'><strong>factorum.</strong></span> <span class='ocrx_word' id='word_1_247' title='bbox 791 2046 926 2103; x_wconf 84' lang='lat' dir='ltr'><strong>Nam</strong></span> <span class='ocrx_word' id='word_1_248' title='bbox 953 2049 1078 2105; x_wconf 90' lang='lat' dir='ltr'><strong>siin</strong></span> <span class='ocrx_word' id='word_1_249' title='bbox 1125 2049 1283 2109; x_wconf 77' lang='lat' dir='ltr'><strong>factis</strong></span> <span class='ocrx_word' id='word_1_250' title='bbox 1328 2050 1484 2106; x_wconf 90' lang='lat' dir='ltr'><strong>malis</strong></span> <span class='ocrx_word' id='word_1_251' title='bbox 1514 2068 1619 2107; x_wconf 90' lang='lat' dir='ltr'><strong>non</strong></span> <span class='ocrx_word' id='word_1_252' title='bbox 1649 2053 1733 2108; x_wconf 92' lang='lat' dir='ltr'><strong>eis</strong></span> 
     </span>
    </p>
   </div>
   <div class='ocr_carea' id='block_1_36' title="bbox 146 2134 1732 2210">
    <p class='ocr_par' dir='ltr' id='par_1_36' title="bbox 146 2134 1732 2210">
     <span class='ocr_line' id='line_1_36' title="bbox 146 2134 1732 2210; baseline 0.007 -23"><span class='ocrx_word' id='word_1_253' title='bbox 146 2134 370 2205; x_wconf 88' lang='lat' dir='ltr'><strong>quisque</strong></span> <span class='ocrx_word' id='word_1_254' title='bbox 425 2138 752 2205; x_wconf 89' lang='lat' dir='ltr'><strong>consentiat,</strong></span> <span class='ocrx_word' id='word_1_255' title='bbox 802 2147 984 2210; x_wconf 89' lang='lat' dir='ltr'><strong>portat</strong></span> <span class='ocrx_word' id='word_1_256' title='bbox 1017 2140 1192 2197; x_wconf 86' lang='lat' dir='ltr'><strong>malus</strong></span> <span class='ocrx_word' id='word_1_257' title='bbox 1223 2157 1445 2198; x_wconf 85' lang='lat' dir='ltr'><strong>causam</strong></span> <span class='ocrx_word' id='word_1_258' title='bbox 1486 2158 1640 2198; x_wconf 88' lang='lat' dir='ltr'><strong>suam</strong></span> <span class='ocrx_word' id='word_1_259' title='bbox 1671 2152 1732 2200; x_wconf 89' lang='lat' dir='ltr'><strong>et</strong></span> 
     </span>
    </p>
   </div>
   <div class='ocr_carea' id='block_1_37' title="bbox 145 2235 1728 2307">
    <p class='ocr_par' dir='ltr' id='par_1_37' title="bbox 145 2235 1728 2307">
     <span class='ocr_line' id='line_1_37' title="bbox 145 2235 1728 2307; baseline 0.003 -20"><span class='ocrx_word' id='word_1_260' title='bbox 145 2243 433 2299; x_wconf 81' lang='lat' dir='ltr'><strong>personam</strong></span> <span class='ocrx_word' id='word_1_261' title='bbox 479 2247 655 2299; x_wconf 84' lang='lat' dir='ltr'><strong>suam,</strong></span> <span class='ocrx_word' id='word_1_262' title='bbox 711 2248 820 2289; x_wconf 89' lang='lat' dir='ltr'><strong>non</strong></span> <span class='ocrx_word' id='word_1_263' title='bbox 867 2235 1185 2306; x_wconf 71' lang='lat' dir='ltr'><strong>prrejudicat</strong></span> <span class='ocrx_word' id='word_1_264' title='bbox 1223 2236 1421 2303; x_wconf 91' lang='lat' dir='ltr'><strong>alteri,</strong></span> <span class='ocrx_word' id='word_1_265' title='bbox 1463 2252 1625 2307; x_wconf 78' lang='lat' dir='ltr'><strong>quem</strong></span> <span class='ocrx_word' id='word_1_266' title='bbox 1672 2239 1728 2297; x_wconf 87' lang='lat' dir='ltr'><strong>in</strong></span> 
     </span>
    </p>
   </div>
   <div class='ocr_carea' id='block_1_38' title="bbox 143 2325 1722 2397">
    <p class='ocr_par' dir='ltr' id='par_1_38' title="bbox 143 2325 1722 2397">
     <span class='ocr_line' id='line_1_38' title="bbox 143 2325 1722 2397; baseline 0.002 -17"><span class='ocrx_word' id='word_1_267' title='bbox 143 2325 494 2381; x_wconf 85' lang='lat' dir='ltr'><strong>consensione</strong></span> <span class='ocrx_word' id='word_1_268' title='bbox 514 2327 641 2382; x_wconf 89' lang='lat' dir='ltr'><strong>mali</strong></span> <span class='ocrx_word' id='word_1_269' title='bbox 666 2328 848 2397; x_wconf 90' lang='lat' dir='ltr'><strong>operis</strong></span> <span class='ocrx_word' id='word_1_270' title='bbox 870 2329 1075 2385; x_wconf 86' lang='lat' dir='ltr'><strong>socium</strong></span> <span class='ocrx_word' id='word_1_271' title='bbox 1102 2344 1208 2385; x_wconf 90' lang='lat' dir='ltr'><strong>non</strong></span> <span class='ocrx_word' id='word_1_272' title='bbox 1234 2329 1396 2385; x_wconf 88' lang='lat' dir='ltr'><strong>habet</strong></span> <span class='ocrx_word' id='word_1_273' title='bbox 1423 2331 1722 2386; x_wconf 58' lang='lat' dir='ltr'><strong>criminisa</strong></span> 
     </span>
    </p>
   </div>
   <div class='ocr_carea' id='block_1_39' title="bbox 144 2413 1730 2491">
    <p class='ocr_par' dir='ltr' id='par_1_39' title="bbox 144 2413 1730 2491">
     <span class='ocr_line' id='line_1_39' title="bbox 144 2413 1730 2491; baseline 0.006 -22"><span class='ocrx_word' id='word_1_274' title='bbox 144 2413 234 2483; x_wconf 85' lang='lat' dir='ltr'><strong>Qui</strong></span> <span class='ocrx_word' id='word_1_275' title='bbox 262 2431 404 2472; x_wconf 89' lang='lat' dir='ltr'><strong>vero</strong></span> <span class='ocrx_word' id='word_1_276' title='bbox 427 2432 496 2473; x_wconf 75' lang='lat' dir='ltr'><strong>ex</strong></span> <span class='ocrx_word' id='word_1_277' title='bbox 517 2433 844 2490; x_wconf 89' lang='lat' dir='ltr'><strong>quocunque</strong></span> <span class='ocrx_word' id='word_1_278' title='bbox 881 2428 1050 2484; x_wconf 87' lang='lat' dir='ltr'><strong>statu,</strong></span> <span class='ocrx_word' id='word_1_279' title='bbox 1079 2422 1161 2476; x_wconf 91' lang='lat' dir='ltr'><strong>vel</strong></span> <span class='ocrx_word' id='word_1_280' title='bbox 1187 2436 1510 2491; x_wconf 89' lang='lat' dir='ltr'><strong>quocunque</strong></span> <span class='ocrx_word' id='word_1_281' title='bbox 1535 2422 1730 2479; x_wconf 88' lang='lat' dir='ltr'><strong>ordine</strong></span> 
     </span>
    </p>
   </div>
   <div class='ocr_carea' id='block_1_40' title="bbox 143 2509 1731 2587">
    <p class='ocr_par' dir='ltr' id='par_1_40' title="bbox 143 2509 1731 2587">
     <span class='ocr_line' id='line_1_40' title="bbox 143 2509 1731 2587; baseline 0.005 -23"><span class='ocrx_word' id='word_1_282' title='bbox 143 2509 418 2566; x_wconf 87' lang='lat' dir='ltr'><strong>schismati</strong></span> <span class='ocrx_word' id='word_1_283' title='bbox 444 2510 559 2580; x_wconf 85' lang='lat' dir='ltr'><strong>ejus</strong></span> <span class='ocrx_word' id='word_1_284' title='bbox 585 2513 790 2581; x_wconf 77' lang='lat' dir='ltr'><strong>favent,</strong></span> <span class='ocrx_word' id='word_1_285' title='bbox 820 2516 1104 2572; x_wconf 89' lang='lat' dir='ltr'><strong>attendant</strong></span> <span class='ocrx_word' id='word_1_286' title='bbox 1125 2526 1180 2572; x_wconf 89' lang='lat' dir='ltr'><strong>et</strong></span> <span class='ocrx_word' id='word_1_287' title='bbox 1205 2519 1513 2587; x_wconf 87' lang='lat' dir='ltr'><strong>appendant</strong></span> <span class='ocrx_word' id='word_1_288' title='bbox 1534 2516 1731 2573; x_wconf 80' lang='lat' dir='ltr'><strong>diﬂini-</strong></span> 
     </span>
    </p>
   </div>
   <div class='ocr_carea' id='block_1_41' title="bbox 144 2602 1728 2679">
    <p class='ocr_par' dir='ltr' id='par_1_41' title="bbox 144 2602 1728 2679">
     <span class='ocr_line' id='line_1_41' title="bbox 144 2602 1728 2679; baseline 0.006 -24"><span class='ocrx_word' id='word_1_289' title='bbox 144 2602 327 2659; x_wconf 87' lang='lat' dir='ltr'><strong>tionem</strong></span> <span class='ocrx_word' id='word_1_290' title='bbox 353 2606 668 2673; x_wconf 72' lang='lat' dir='ltr'><strong>apostolica:</strong></span> <span class='ocrx_word' id='word_1_291' title='bbox 703 2608 872 2674; x_wconf 88' lang='lat' dir='ltr'><strong>sedis,</strong></span> <span class='ocrx_word' id='word_1_292' title='bbox 905 2624 1068 2679; x_wconf 90' lang='lat' dir='ltr'><strong>quam</strong></span> <span class='ocrx_word' id='word_1_293' title='bbox 1097 2610 1333 2667; x_wconf 86' lang='lat' dir='ltr'><strong>decretis</strong></span> <span class='ocrx_word' id='word_1_294' title='bbox 1360 2611 1474 2667; x_wconf 89' lang='lat' dir='ltr'><strong>suis</strong></span> <span class='ocrx_word' id='word_1_295' title='bbox 1499 2612 1728 2667; x_wconf 89' lang='lat' dir='ltr'><strong>inseruit</strong></span> 
     </span>
    </p>
   </div>
   <div class='ocr_carea' id='block_1_42' title="bbox 142 2692 1729 2774">
    <p class='ocr_par' dir='ltr' id='par_1_42' title="bbox 142 2692 1729 2774">
     <span class='ocr_line' id='line_1_42' title="bbox 142 2692 1729 2774; baseline 0.008 -28"><span class='ocrx_word' id='word_1_296' title='bbox 142 2692 334 2761; x_wconf 86' lang='lat' dir='ltr'><strong>dicens,</strong></span> <span class='ocrx_word' id='word_1_297' title='bbox 375 2713 398 2746; x_wconf 74' lang='grc' dir='ltr'>ι</span> <span class='ocrx_word' id='word_1_298' title='bbox 435 2695 718 2769; x_wconf 87' lang='lat' dir='ltr'><strong>Quisquis,</strong></span> <span class='ocrx_word' id='word_1_299' title='bbox 738 2700 936 2770; x_wconf 90' lang='lat' dir='ltr'><strong>inquit,</strong></span> <span class='ocrx_word' id='word_1_300' title='bbox 960 2704 1188 2759; x_wconf 87' lang='lat' dir='ltr'><strong>assentit</strong></span> <span class='ocrx_word' id='word_1_301' title='bbox 1211 2703 1442 2774; x_wconf 90' lang='lat' dir='ltr'><strong>principi</strong></span> <span class='ocrx_word' id='word_1_302' title='bbox 1468 2702 1729 2758; x_wconf 86' lang='lat' dir='ltr'><strong>schisma-</strong></span> 
     </span>
    </p>
   </div>
   <div class='ocr_carea' id='block_1_43' title="bbox 141 2782 1727 2863">
    <p class='ocr_par' dir='ltr' id='par_1_43' title="bbox 141 2782 1727 2863">
     <span class='ocr_line' id='line_1_43' title="bbox 141 2782 1727 2863; baseline 0.008 -27"><span class='ocrx_word' id='word_1_303' title='bbox 141 2782 223 2850; x_wconf 90' lang='lat' dir='ltr'><strong>tis,</strong></span> <span class='ocrx_word' id='word_1_304' title='bbox 254 2786 646 2845; x_wconf 88' lang='lat' dir='ltr'><strong>schismaticus</strong></span> <span class='ocrx_word' id='word_1_305' title='bbox 672 2805 795 2846; x_wconf 90' lang='lat' dir='ltr'><strong>esse</strong></span> <span class='ocrx_word' id='word_1_306' title='bbox 823 2794 1006 2863; x_wconf 81' lang='lat' dir='ltr'><strong>negari</strong></span> <span class='ocrx_word' id='word_1_307' title='bbox 1038 2809 1144 2849; x_wconf 89' lang='lat' dir='ltr'><strong>non</strong></span> <span class='ocrx_word' id='word_1_308' title='bbox 1170 2794 1390 2863; x_wconf 90' lang='lat' dir='ltr'><strong>poterit.</strong></span> <span class='ocrx_word' id='word_1_309' title='bbox 1414 2793 1570 2862; x_wconf 84' lang='lat' dir='ltr'><strong>Quod</strong></span> <span class='ocrx_word' id='word_1_310' title='bbox 1604 2803 1659 2848; x_wconf 90' lang='lat' dir='ltr'><strong>et</strong></span> <span class='ocrx_word' id='word_1_311' title='bbox 1680 2794 1727 2850; x_wconf 89' lang='lat' dir='ltr'><strong>si</strong></span> 
     </span>
    </p>
   </div>
   <div class='ocr_carea' id='block_1_44' title="bbox 139 2881 1727 2948">
    <p class='ocr_par' dir='ltr' id='par_1_44' title="bbox 139 2881 1727 2948">
     <span class='ocr_line' id='line_1_44' title="bbox 139 2881 1727 2948; baseline 0.008 -21"><span class='ocrx_word' id='word_1_312' title='bbox 139 2888 316 2935; x_wconf 89' lang='lat' dir='ltr'><strong>omnes</strong></span> <span class='ocrx_word' id='word_1_313' title='bbox 355 2881 688 2936; x_wconf 85' lang='lat' dir='ltr'><strong>.saeerdotes</strong></span> <span class='ocrx_word' id='word_1_314' title='bbox 734 2891 791 2936; x_wconf 91' lang='lat' dir='ltr'><strong>et</strong></span> <span class='ocrx_word' id='word_1_315' title='bbox 828 2883 1063 2939; x_wconf 89' lang='lat' dir='ltr'><strong>mundus</strong></span> <span class='ocrx_word' id='word_1_316' title='bbox 1103 2883 1396 2948; x_wconf 87' lang='lat' dir='ltr'><strong>assentiat,</strong></span> <span class='ocrx_word' id='word_1_317' title='bbox 1447 2884 1727 2940; x_wconf 81' lang='lat' dir='ltr'><strong>damnatio</strong></span> 
     </span>
    </p>
   </div>
   <div class='ocr_carea' id='block_1_45' title="bbox 139 2969 1727 3044">
    <p class='ocr_par' dir='ltr' id='par_1_45' title="bbox 139 2969 1727 3044">
     <span class='ocr_line' id='line_1_45' title="bbox 139 2969 1727 3044; baseline 0.004 -22"><span class='ocrx_word' id='word_1_318' title='bbox 139 2969 540 3039; x_wconf 85' lang='lat' dir='ltr'><strong>consentientes</strong></span> <span class='ocrx_word' id='word_1_319' title='bbox 593 2971 836 3038; x_wconf 82' lang='lat' dir='ltr'><strong>involvit,</strong></span> <span class='ocrx_word' id='word_1_320' title='bbox 895 2989 1003 3029; x_wconf 90' lang='lat' dir='ltr'><strong>non</strong></span> <span class='ocrx_word' id='word_1_321' title='bbox 1048 2974 1550 3044; x_wconf 63' lang='lat' dir='ltr'><strong>praevaricationem</strong></span> <span class='ocrx_word' id='word_1_322' title='bbox 1598 2989 1727 3030; x_wconf 88' lang='lat' dir='ltr'><strong>con-</strong></span> 
     </span>
    </p>
   </div>
   <div class='ocr_carea' id='block_1_46' title="bbox 140 3062 1724 3133">
    <p class='ocr_par' dir='ltr' id='par_1_46' title="bbox 140 3062 1724 3133">
     <span class='ocr_line' id='line_1_46' title="bbox 140 3062 1724 3133; baseline 0.005 -20"><span class='ocrx_word' id='word_1_323' title='bbox 140 3075 319 3119; x_wconf 79' lang='lat' dir='ltr'><strong>sensus</strong></span> <span class='ocrx_word' id='word_1_324' title='bbox 379 3062 634 3121; x_wconf 78' lang='lat' dir='ltr'><strong>absolvit.</strong></span> <span class='ocrx_word' id='word_1_325' title='bbox 682 3064 797 3121; x_wconf 83' lang='lat' dir='ltr'><strong>Non</strong></span> <span class='ocrx_word' id='word_1_326' title='bbox 830 3067 975 3122; x_wconf 89' lang='lat' dir='ltr'><strong>enim</strong></span> <span class='ocrx_word' id='word_1_327' title='bbox 1029 3068 1237 3124; x_wconf 90' lang='lat' dir='ltr'><strong>crimen</strong></span> <span class='ocrx_word' id='word_1_328' title='bbox 1291 3068 1575 3133; x_wconf 89' lang='lat' dir='ltr'><strong>minuitur,</strong></span> <span class='ocrx_word' id='word_1_329' title='bbox 1627 3067 1724 3123; x_wconf 88' lang='lat' dir='ltr'><strong>sed</strong></span> 
     </span>
    </p>
   </div>
   <div class='ocr_carea' id='block_1_47' title="bbox 140 3154 1723 3230">
    <p class='ocr_par' dir='ltr' id='par_1_47' title="bbox 140 3154 1723 3230">
     <span class='ocr_line' id='line_1_47' title="bbox 140 3154 1723 3230; baseline 0.005 -25"><span class='ocrx_word' id='word_1_330' title='bbox 140 3154 419 3221; x_wconf 84' lang='lat' dir='ltr'><strong>accrescit,</strong></span> <span class='ocrx_word' id='word_1_331' title='bbox 469 3171 592 3211; x_wconf 90' lang='lat' dir='ltr'><strong>cum</strong></span> <span class='ocrx_word' id='word_1_332' title='bbox 637 3158 891 3227; x_wconf 77' lang='lat' dir='ltr'><strong>generale</strong></span> <span class='ocrx_word' id='word_1_333' title='bbox 937 3159 997 3213; x_wconf 80' lang='lat' dir='ltr'><strong>(it</strong></span> <span class='ocrx_word' id='word_1_334' title='bbox 1041 3174 1107 3214; x_wconf 84' lang='lat' dir='ltr'><strong>ex</strong></span> <span class='ocrx_word' id='word_1_335' title='bbox 1138 3160 1370 3230; x_wconf 85' lang='lat' dir='ltr'><strong>privato.</strong></span> <span class='ocrx_word' id='word_1_336' title='bbox 1430 3160 1543 3217; x_wconf 82' lang='lat' dir='ltr'><strong>Hoc</strong></span> <span class='ocrx_word' id='word_1_337' title='bbox 1576 3160 1723 3214; x_wconf 86' lang='lat' dir='ltr'><strong>enim</strong></span> 
     </span>
    </p>
   </div>
   <div class='ocr_carea' id='block_1_48' title="bbox 1836 1948 3427 2025">
    <p class='ocr_par' dir='ltr' id='par_1_48' title="bbox 1836 1948 3427 2025">
     <span class='ocr_line' id='line_1_48' title="bbox 1836 1948 3427 2025; baseline -0.003 -17"><span class='ocrx_word' id='word_1_338' title='bbox 1836 1954 1927 2025; x_wconf 91' lang='lat' dir='ltr'><strong>qui</strong></span> <span class='ocrx_word' id='word_1_339' title='bbox 1974 1954 2183 2008; x_wconf 82' lang='lat' dir='ltr'><strong>excutit</strong></span> <span class='ocrx_word' id='word_1_340' title='bbox 2226 1968 2421 2009; x_wconf 89' lang='lat' dir='ltr'><strong>manus</strong></span> <span class='ocrx_word' id='word_1_341' title='bbox 2461 1967 2589 2009; x_wconf 88' lang='lat' dir='ltr'><strong>suas</strong></span> <span class='ocrx_word' id='word_1_342' title='bbox 2627 1967 2657 2006; x_wconf 90' lang='lat' dir='ltr'><strong>a</strong></span> <span class='ocrx_word' id='word_1_343' title='bbox 2685 1965 2930 2017; x_wconf 90' lang='lat' dir='ltr'><strong>munere,</strong></span> <span class='ocrx_word' id='word_1_344' title='bbox 2970 1949 3065 2005; x_wconf 90' lang='lat' dir='ltr'><strong>sed</strong></span> <span class='ocrx_word' id='word_1_345' title='bbox 3093 1949 3340 2018; x_wconf 76' lang='lat' dir='ltr'><strong>adjunxit</strong></span> <span class='ocrx_word' id='word_1_346' title='bbox 3360 1948 3427 2003; x_wconf 83' lang='lat' dir='ltr'><strong>ab</strong></span> 
     </span>
    </p>
   </div>
   <div class='ocr_carea' id='block_1_49' title="bbox 1838 2041 3430 2116">
    <p class='ocr_par' dir='ltr' id='par_1_49' title="bbox 1838 2041 3430 2116">
     <span class='ocr_line' id='line_1_49' title="bbox 1838 2041 3430 2116; baseline -0.003 -15"><span class='ocrx_word' id='word_1_347' title='bbox 1838 2047 2003 2111; x_wconf 86' lang='lat' dir='ltr'><strong>omni,</strong></span> <span class='ocrx_word' id='word_1_348' title='bbox 2038 2046 2165 2116; x_wconf 90' lang='lat' dir='ltr'><strong>quia</strong></span> <span class='ocrx_word' id='word_1_349' title='bbox 2197 2046 2346 2102; x_wconf 88' lang='lat' dir='ltr'><strong>aliud</strong></span> <span class='ocrx_word' id='word_1_350' title='bbox 2378 2053 2463 2101; x_wconf 88' lang='lat' dir='ltr'><strong>est</strong></span> <span class='ocrx_word' id='word_1_351' title='bbox 2485 2060 2683 2101; x_wconf 89' lang='lat' dir='ltr'><strong>munus</strong></span> <span class='ocrx_word' id='word_1_352' title='bbox 2709 2045 2777 2099; x_wconf 87' lang='lat' dir='ltr'><strong>ab</strong></span> <span class='ocrx_word' id='word_1_353' title='bbox 2800 2043 3081 2114; x_wconf 86' lang='lat' dir='ltr'><strong>obsequio,</strong></span> <span class='ocrx_word' id='word_1_354' title='bbox 3127 2041 3275 2097; x_wconf 87' lang='lat' dir='ltr'><strong>aliud</strong></span> <span class='ocrx_word' id='word_1_355' title='bbox 3309 2057 3430 2097; x_wconf 89' lang='lat' dir='ltr'><strong>mu-</strong></span> 
     </span>
    </p>
   </div>
   <div class='ocr_carea' id='block_1_50' title="bbox 1834 2134 3427 2208">
    <p class='ocr_par' dir='ltr' id='par_1_50' title="bbox 1834 2134 3427 2208">
     <span class='ocr_line' id='line_1_50' title="bbox 1834 2134 3427 2208; baseline -0.004 -13"><span class='ocrx_word' id='word_1_356' title='bbox 1834 2156 1938 2195; x_wconf 90' lang='lat' dir='ltr'><strong>nus</strong></span> <span class='ocrx_word' id='word_1_357' title='bbox 1959 2156 1989 2195; x_wconf 90' lang='lat' dir='ltr'><strong>a</strong></span> <span class='ocrx_word' id='word_1_358' title='bbox 2013 2155 2201 2204; x_wconf 90' lang='lat' dir='ltr'><strong>manu,</strong></span> <span class='ocrx_word' id='word_1_359' title='bbox 2231 2140 2377 2194; x_wconf 86' lang='lat' dir='ltr'><strong>aliud</strong></span> <span class='ocrx_word' id='word_1_360' title='bbox 2404 2154 2603 2194; x_wconf 89' lang='lat' dir='ltr'><strong>munus</strong></span> <span class='ocrx_word' id='word_1_361' title='bbox 2630 2153 2659 2191; x_wconf 91' lang='lat' dir='ltr'><strong>a</strong></span> <span class='ocrx_word' id='word_1_362' title='bbox 2681 2137 2886 2208; x_wconf 77' lang='lat' dir='ltr'><strong>lingua.</strong></span> <span class='ocrx_word' id='word_1_363' title='bbox 2913 2134 3108 2190; x_wconf 80' lang='lat' dir='ltr'><strong>Munus</strong></span> <span class='ocrx_word' id='word_1_364' title='bbox 3134 2134 3333 2205; x_wconf 88' lang='lat' dir='ltr'><strong>quippe</strong></span> <span class='ocrx_word' id='word_1_365' title='bbox 3357 2134 3427 2188; x_wconf 88' lang='lat' dir='ltr'><strong>ab</strong></span> 
     </span>
    </p>
   </div>
   <div class='ocr_carea' id='block_1_51' title="bbox 1832 2232 3426 2307">
    <p class='ocr_par' dir='ltr' id='par_1_51' title="bbox 1832 2232 3426 2307">
     <span class='ocr_line' id='line_1_51' title="bbox 1832 2232 3426 2307; baseline -0.006 -14"><span class='ocrx_word' id='word_1_366' title='bbox 1832 2237 2095 2307; x_wconf 91' lang='lat' dir='ltr'><strong>obsequio</strong></span> <span class='ocrx_word' id='word_1_367' title='bbox 2120 2246 2228 2303; x_wconf 87' lang='lat' dir='ltr'><strong>est,</strong></span> <span class='ocrx_word' id='word_1_368' title='bbox 2254 2234 2525 2305; x_wconf 73' lang='lat' dir='ltr'><strong>subiectio</strong></span> <span class='ocrx_word' id='word_1_369' title='bbox 2571 2232 2810 2288; x_wconf 89' lang='lat' dir='ltr'><strong>indebite</strong></span> <span class='ocrx_word' id='word_1_370' title='bbox 2853 2232 3117 2301; x_wconf 88' lang='lat' dir='ltr'><strong>impensa,</strong></span> <span class='ocrx_word' id='word_1_371' title='bbox 3169 2243 3365 2284; x_wconf 89' lang='lat' dir='ltr'><strong>munus</strong></span> <span class='ocrx_word' id='word_1_372' title='bbox 3394 2242 3426 2283; x_wconf 91' lang='lat' dir='ltr'><strong>a</strong></span> 
     </span>
    </p>
   </div>
   <div class='ocr_carea' id='block_1_52' title="bbox 1833 2323 3428 2401">
    <p class='ocr_par' dir='ltr' id='par_1_52' title="bbox 1833 2323 3428 2401">
     <span class='ocr_line' id='line_1_52' title="bbox 1833 2323 3428 2401; baseline -0.006 -16"><span class='ocrx_word' id='word_1_373' title='bbox 1833 2346 2001 2385; x_wconf 91' lang='lat' dir='ltr'><strong>manu</strong></span> <span class='ocrx_word' id='word_1_374' title='bbox 2024 2331 2279 2401; x_wconf 89' lang='lat' dir='ltr'><strong>pecunia,</strong></span> <span class='ocrx_word' id='word_1_375' title='bbox 2307 2346 2501 2385; x_wconf 89' lang='lat' dir='ltr'><strong>munus</strong></span> <span class='ocrx_word' id='word_1_376' title='bbox 2531 2343 2562 2382; x_wconf 90' lang='lat' dir='ltr'><strong>a</strong></span> <span class='ocrx_word' id='word_1_377' title='bbox 2606 2327 2789 2397; x_wconf 81' lang='lat' dir='ltr'><strong>lingua</strong></span> <span class='ocrx_word' id='word_1_378' title='bbox 2830 2325 3002 2381; x_wconf 80' lang='lat' dir='ltr'><strong>favor.</strong></span> <span class='ocrx_word' id='word_1_379' title='bbox 3030 2323 3134 2392; x_wconf 88' lang='lat' dir='ltr'><strong>Qui</strong></span> <span class='ocrx_word' id='word_1_380' title='bbox 3179 2336 3308 2394; x_wconf 91' lang='lat' dir='ltr'><strong>ergo</strong></span> <span class='ocrx_word' id='word_1_381' title='bbox 3342 2336 3428 2375; x_wconf 85' lang='lat' dir='ltr'><strong>sa-</strong></span> 
     </span>
    </p>
   </div>
   <div class='ocr_carea' id='block_1_53' title="bbox 1833 2416 3427 2484">
    <p class='ocr_par' dir='ltr' id='par_1_53' title="bbox 1833 2416 3427 2484">
     <span class='ocr_line' id='line_1_53' title="bbox 1833 2416 3427 2484; baseline -0.007 -7"><span class='ocrx_word' id='word_1_382' title='bbox 1833 2437 1959 2477; x_wconf 90' lang='lat' dir='ltr'><strong>cros</strong></span> <span class='ocrx_word' id='word_1_383' title='bbox 1988 2422 2209 2478; x_wconf 89' lang='lat' dir='ltr'><strong>ordines</strong></span> <span class='ocrx_word' id='word_1_384' title='bbox 2240 2420 2454 2484; x_wconf 87' lang='lat' dir='ltr'><strong>tribuit,</strong></span> <span class='ocrx_word' id='word_1_385' title='bbox 2485 2426 2614 2472; x_wconf 92' lang='lat' dir='ltr'><strong>tunc</strong></span> <span class='ocrx_word' id='word_1_386' title='bbox 2642 2416 2712 2472; x_wconf 88' lang='lat' dir='ltr'><strong>ab</strong></span> <span class='ocrx_word' id='word_1_387' title='bbox 2757 2416 2905 2470; x_wconf 91' lang='lat' dir='ltr'><strong>omni</strong></span> <span class='ocrx_word' id='word_1_388' title='bbox 2953 2426 3182 2469; x_wconf 90' lang='lat' dir='ltr'><strong>munere</strong></span> <span class='ocrx_word' id='word_1_389' title='bbox 3230 2424 3427 2466; x_wconf 85' lang='lat' dir='ltr'><strong>manus</strong></span> 
     </span>
    </p>
   </div>
   <div class='ocr_carea' id='block_1_54' title="bbox 1832 2502 3424 2584">
    <p class='ocr_par' dir='ltr' id='par_1_54' title="bbox 1832 2502 3424 2584">
     <span class='ocr_line' id='line_1_54' title="bbox 1832 2502 3424 2584; baseline -0.007 -16"><span class='ocrx_word' id='word_1_390' title='bbox 1832 2514 2058 2579; x_wconf 81' lang='lat' dir='ltr'><strong>excutit,</strong></span> <span class='ocrx_word' id='word_1_391' title='bbox 2090 2512 2306 2584; x_wconf 87' lang='lat' dir='ltr'><strong>quando</strong></span> <span class='ocrx_word' id='word_1_392' title='bbox 2342 2511 2396 2567; x_wconf 93' lang='lat' dir='ltr'><strong>in</strong></span> <span class='ocrx_word' id='word_1_393' title='bbox 2424 2510 2621 2565; x_wconf 90' lang='lat' dir='ltr'><strong>divinis</strong></span> <span class='ocrx_word' id='word_1_394' title='bbox 2650 2509 2813 2564; x_wconf 88' lang='lat' dir='ltr'><strong>rebus</strong></span> <span class='ocrx_word' id='word_1_395' title='bbox 2844 2521 2951 2562; x_wconf 91' lang='lat' dir='ltr'><strong>non</strong></span> <span class='ocrx_word' id='word_1_396' title='bbox 3000 2505 3173 2579; x_wconf 85' lang='lat' dir='ltr'><strong>solum</strong></span> <span class='ocrx_word' id='word_1_397' title='bbox 3223 2502 3424 2559; x_wconf 90' lang='lat' dir='ltr'><strong>nullam</strong></span> 
     </span>
    </p>
   </div>
   <div class='ocr_carea' id='block_1_55' title="bbox 1807 2594 3424 2679">
    <p class='ocr_par' dir='ltr' id='par_1_55' title="bbox 1807 2594 3424 2679">
     <span class='ocr_line' id='line_1_55' title="bbox 1807 2594 3424 2679; baseline -0.007 -20"><span class='ocrx_word' id='word_1_398' title='bbox 1807 2607 2137 2679; x_wconf 86' lang='lat' dir='ltr'><strong>-pecuniam.</strong></span> <span class='ocrx_word' id='word_1_399' title='bbox 2173 2604 2267 2662; x_wconf 90' lang='lat' dir='ltr'><strong>sed</strong></span> <span class='ocrx_word' id='word_1_400' title='bbox 2299 2604 2463 2660; x_wconf 90' lang='lat' dir='ltr'><strong>etiam</strong></span> <span class='ocrx_word' id='word_1_401' title='bbox 2494 2603 2784 2657; x_wconf 86' lang='lat' dir='ltr'><strong>humanam</strong></span> <span class='ocrx_word' id='word_1_402' title='bbox 2824 2598 3057 2670; x_wconf 79' lang='lat' dir='ltr'><strong>gratiam</strong></span> <span class='ocrx_word' id='word_1_403' title='bbox 3089 2612 3198 2653; x_wconf 91' lang='lat' dir='ltr'><strong>non</strong></span> <span class='ocrx_word' id='word_1_404' title='bbox 3239 2594 3424 2666; x_wconf 89' lang='lat' dir='ltr'><strong>requi-</strong></span> 
     </span>
    </p>
   </div>
   <div class='ocr_carea' id='block_1_56' title="bbox 1829 2692 3426 2753">
    <p class='ocr_par' dir='ltr' id='par_1_56' title="bbox 1829 2692 3426 2753">
     <span class='ocr_line' id='line_1_56' title="bbox 1829 2692 3426 2753; baseline -0.009 0"><span class='ocrx_word' id='word_1_405' title='bbox 1829 2700 1921 2753; x_wconf 87' lang='lat' dir='ltr'><strong>rit.</strong></span> <span class='ocrx_word' id='word_1_406' title='bbox 1960 2717 1980 2751; x_wconf 76' lang='grc' dir='ltr'><strong><em>ι</em></strong></span> <span class='ocrx_word' id='word_1_407' title='bbox 2015 2695 2169 2753; x_wconf 85' lang='lat' dir='ltr'><strong>Unde</strong></span> <span class='ocrx_word' id='word_1_408' title='bbox 2215 2695 2475 2749; x_wconf 89' lang='lat' dir='ltr'><strong>Dominus</strong></span> <span class='ocrx_word' id='word_1_409' title='bbox 2502 2693 2801 2748; x_wconf 90' lang='lat' dir='ltr'><strong>vendentes</strong></span> <span class='ocrx_word' id='word_1_410' title='bbox 2822 2699 2877 2745; x_wconf 91' lang='lat' dir='ltr'><strong>et</strong></span> <span class='ocrx_word' id='word_1_411' title='bbox 2904 2696 3153 2745; x_wconf 89' lang='lat' dir='ltr'><strong>ementes</strong></span> <span class='ocrx_word' id='word_1_412' title='bbox 3184 2700 3256 2742; x_wconf 78' lang='lat' dir='ltr'><strong>ex</strong></span> <span class='ocrx_word' id='word_1_413' title='bbox 3283 2692 3426 2740; x_wconf 87' lang='lat' dir='ltr'><strong>tem-</strong></span> 
     </span>
    </p>
   </div>
   <div class='ocr_carea' id='block_1_57' title="bbox 1827 2778 3426 2862">
    <p class='ocr_par' dir='ltr' id='par_1_57' title="bbox 1827 2778 3426 2862">
     <span class='ocr_line' id='line_1_57' title="bbox 1827 2778 3426 2862; baseline -0.008 -17"><span class='ocrx_word' id='word_1_414' title='bbox 1827 2790 1919 2862; x_wconf 88' lang='lat' dir='ltr'><strong>plo</strong></span> <span class='ocrx_word' id='word_1_415' title='bbox 1940 2789 2204 2854; x_wconf 87' lang='lat' dir='ltr'><strong>eliminat,</strong></span> <span class='ocrx_word' id='word_1_416' title='bbox 2236 2786 2365 2857; x_wconf 86' lang='lat' dir='ltr'><strong>quia</strong></span> <span class='ocrx_word' id='word_1_417' title='bbox 2395 2785 2482 2839; x_wconf 87' lang='lat' dir='ltr'><strong>vel</strong></span> <span class='ocrx_word' id='word_1_418' title='bbox 2507 2799 2603 2840; x_wconf 92' lang='lat' dir='ltr'><strong>eos</strong></span> <span class='ocrx_word' id='word_1_419' title='bbox 2624 2799 2723 2854; x_wconf 89' lang='lat' dir='ltr'><strong>pro</strong></span> <span class='ocrx_word' id='word_1_420' title='bbox 2754 2796 2981 2837; x_wconf 89' lang='lat' dir='ltr'><strong>munere</strong></span> <span class='ocrx_word' id='word_1_421' title='bbox 3023 2778 3426 2849; x_wconf 87' lang='lat' dir='ltr'><strong>impositionem</strong></span> 
     </span>
    </p>
   </div>
   <div class='ocr_carea' id='block_1_58' title="bbox 1828 2871 3426 2945">
    <p class='ocr_par' dir='ltr' id='par_1_58' title="bbox 1828 2871 3426 2945">
     <span class='ocr_line' id='line_1_58' title="bbox 1828 2871 3426 2945; baseline -0.006 -10"><span class='ocrx_word' id='word_1_422' title='bbox 1828 2896 2085 2935; x_wconf 89' lang='lat' dir='ltr'><strong>manuum</strong></span> <span class='ocrx_word' id='word_1_423' title='bbox 2113 2879 2381 2944; x_wconf 91' lang='lat' dir='ltr'><strong>tribuunt,</strong></span> <span class='ocrx_word' id='word_1_424' title='bbox 2403 2876 2488 2932; x_wconf 88' lang='lat' dir='ltr'><strong>vel</strong></span> <span class='ocrx_word' id='word_1_425' title='bbox 2513 2890 2606 2931; x_wconf 88' lang='lat' dir='ltr'><strong>eos</strong></span> <span class='ocrx_word' id='word_1_426' title='bbox 2626 2875 2719 2945; x_wconf 91' lang='lat' dir='ltr'><strong>qui</strong></span> <span class='ocrx_word' id='word_1_427' title='bbox 2742 2874 2946 2929; x_wconf 90' lang='lat' dir='ltr'><strong>donum</strong></span> <span class='ocrx_word' id='word_1_428' title='bbox 2972 2871 3213 2943; x_wconf 88' lang='lat' dir='ltr'><strong>Spiritus</strong></span> <span class='ocrx_word' id='word_1_429' title='bbox 3242 2882 3426 2925; x_wconf 83' lang='lat' dir='ltr'><strong>emere</strong></span> 
     </span>
    </p>
   </div>
   <div class='ocr_carea' id='block_1_59' title="bbox 1827 2962 3423 3038">
    <p class='ocr_par' dir='ltr' id='par_1_59' title="bbox 1827 2962 3423 3038">
     <span class='ocr_line' id='line_1_59' title="bbox 1827 2962 3423 3038; baseline -0.008 -9"><span class='ocrx_word' id='word_1_430' title='bbox 1827 2976 2077 3029; x_wconf 90' lang='lat' dir='ltr'><strong>nituntur</strong></span> <span class='ocrx_word' id='word_1_431' title='bbox 2101 2974 2340 3028; x_wconf 72' lang='lat' dir='ltr'><strong>damnat.</strong></span> <span class='ocrx_word' id='word_1_432' title='bbox 2374 2968 2683 3025; x_wconf 82' lang='lat' dir='ltr'><strong>Vendentes</strong></span> <span class='ocrx_word' id='word_1_433' title='bbox 2711 2967 2909 3038; x_wconf 88' lang='lat' dir='ltr'><strong>quippe</strong></span> <span class='ocrx_word' id='word_1_434' title='bbox 2938 2966 2994 3022; x_wconf 91' lang='lat' dir='ltr'><strong>in</strong></span> <span class='ocrx_word' id='word_1_435' title='bbox 3032 2962 3234 3035; x_wconf 88' lang='lat' dir='ltr'><strong>templo</strong></span> <span class='ocrx_word' id='word_1_436' title='bbox 3269 2973 3423 3028; x_wconf 90' lang='lat' dir='ltr'><strong>sunt,</strong></span> 
     </span>
    </p>
   </div>
   <div class='ocr_carea' id='block_1_60' title="bbox 1827 3057 3422 3136">
    <p class='ocr_par' dir='ltr' id='par_1_60' title="bbox 1827 3057 3422 3136">
     <span class='ocr_line' id='line_1_60' title="bbox 1827 3057 3422 3136; baseline -0.007 -15"><span class='ocrx_word' id='word_1_437' title='bbox 1827 3066 1919 3136; x_wconf 89' lang='lat' dir='ltr'><strong>qui</strong></span> <span class='ocrx_word' id='word_1_438' title='bbox 1959 3066 2061 3121; x_wconf 90' lang='lat' dir='ltr'><strong>hoc</strong></span> <span class='ocrx_word' id='word_1_439' title='bbox 2093 3064 2237 3134; x_wconf 92' lang='lat' dir='ltr'><strong>quod</strong></span> <span class='ocrx_word' id='word_1_440' title='bbox 2266 3062 2590 3133; x_wconf 89' lang='lat' dir='ltr'><strong>quibusdam</strong></span> <span class='ocrx_word' id='word_1_441' title='bbox 2613 3061 2736 3131; x_wconf 86' lang='lat' dir='ltr'><strong>jure</strong></span> <span class='ocrx_word' id='word_1_442' title='bbox 2776 3058 3036 3130; x_wconf 85' lang='lat' dir='ltr'><strong>competit</strong></span> <span class='ocrx_word' id='word_1_443' title='bbox 3079 3057 3148 3113; x_wconf 90' lang='lat' dir='ltr'><strong>ad</strong></span> <span class='ocrx_word' id='word_1_444' title='bbox 3184 3057 3422 3127; x_wconf 87' lang='lat' dir='ltr'><strong>pretium</strong></span> 
     </span>
    </p>
   </div>
   <div class='ocr_carea' id='block_1_61' title="bbox 1830 3147 3420 3229">
    <p class='ocr_par' dir='ltr' id='par_1_61' title="bbox 1830 3147 3420 3229">
     <span class='ocr_line' id='line_1_61' title="bbox 1830 3147 3420 3229; baseline -0.006 -18"><span class='ocrx_word' id='word_1_445' title='bbox 1830 3158 2153 3229; x_wconf 85' lang='lat' dir='ltr'><strong>largiuntur.</strong></span> <span class='ocrx_word' id='word_1_446' title='bbox 2192 3156 2451 3211; x_wconf 85' lang='lat' dir='ltr'><strong>Ementes</strong></span> <span class='ocrx_word' id='word_1_447' title='bbox 2486 3168 2616 3209; x_wconf 91' lang='lat' dir='ltr'><strong>vero</strong></span> <span class='ocrx_word' id='word_1_448' title='bbox 2651 3153 2704 3206; x_wconf 90' lang='lat' dir='ltr'><strong>in</strong></span> <span class='ocrx_word' id='word_1_449' title='bbox 2742 3150 2941 3221; x_wconf 89' lang='lat' dir='ltr'><strong>templo</strong></span> <span class='ocrx_word' id='word_1_450' title='bbox 2975 3155 3126 3214; x_wconf 90' lang='lat' dir='ltr'><strong>sunt,</strong></span> <span class='ocrx_word' id='word_1_451' title='bbox 3170 3147 3262 3218; x_wconf 91' lang='lat' dir='ltr'><strong>qui</strong></span> <span class='ocrx_word' id='word_1_452' title='bbox 3291 3147 3420 3201; x_wconf 90' lang='lat' dir='ltr'><strong>dato</strong></span> 
     </span>
    </p>
   </div>
   <div class='ocr_carea' id='block_1_62' title="bbox 139 3238 3424 3322">
    <p class='ocr_par' dir='ltr' id='par_1_62' title="bbox 139 3238 3424 3322">
     <span class='ocr_line' id='line_1_62' title="bbox 139 3238 3424 3322; baseline -0 -28"><span class='ocrx_word' id='word_1_453' title='bbox 139 3242 271 3299; x_wconf 84' lang='lat' dir='ltr'><strong>Deus</strong></span> <span class='ocrx_word' id='word_1_454' title='bbox 320 3248 571 3302; x_wconf 88' lang='lat' dir='ltr'><strong>omnium</strong></span> <span class='ocrx_word' id='word_1_455' title='bbox 619 3248 912 3315; x_wconf 84' lang='lat' dir='ltr'><strong>indicavit,</strong></span> <span class='ocrx_word' id='word_1_456' title='bbox 953 3250 1047 3320; x_wconf 88' lang='lat' dir='ltr'><strong>qui</strong></span> <span class='ocrx_word' id='word_1_457' title='bbox 1088 3251 1350 3307; x_wconf 90' lang='lat' dir='ltr'><strong>mundum</strong></span> <span class='ocrx_word' id='word_1_458' title='bbox 1408 3262 1723 3322; x_wconf 84' lang='lat' dir='ltr'><strong>peccantem</strong></span> <span class='ocrx_word' id='word_1_459' title='bbox 1753 3248 1809 3316; x_wconf 27' lang='lat' dir='ltr'><strong>Ct</strong></span> <span class='ocrx_word' id='word_1_460' title='bbox 1832 3250 2075 3319; x_wconf 88' lang='lat' dir='ltr'><strong>patronis</strong></span> <span class='ocrx_word' id='word_1_461' title='bbox 2100 3248 2325 3319; x_wconf 74' lang='lat' dir='ltr'><strong>praemio</strong></span> <span class='ocrx_word' id='word_1_462' title='bbox 2365 3254 2551 3302; x_wconf 90' lang='lat' dir='ltr'><strong>emunt</strong></span> <span class='ocrx_word' id='word_1_463' title='bbox 2604 3252 2910 3317; x_wconf 90' lang='lat' dir='ltr'><strong>peccatum.</strong></span> <span class='ocrx_word' id='word_1_464' title='bbox 2959 3242 3098 3297; x_wconf 83' lang='lat' dir='ltr'><strong>Hine</strong></span> <span class='ocrx_word' id='word_1_465' title='bbox 3140 3248 3227 3295; x_wconf 91' lang='lat' dir='ltr'><strong>est</strong></span> <span class='ocrx_word' id='word_1_466' title='bbox 3278 3238 3424 3310; x_wconf 91' lang='lat' dir='ltr'><strong>quod</strong></span> 
     </span>
    </p>
   </div>
   <div class='ocr_carea' id='block_1_63' title="bbox 140 3337 1727 3412">
    <p class='ocr_par' dir='ltr' id='par_1_63' title="bbox 140 3337 1727 3412">
     <span class='ocr_line' id='line_1_63' title="bbox 140 3337 1727 3412; baseline 0.005 -21"><span class='ocrx_word' id='word_1_467' title='bbox 140 3337 372 3403; x_wconf 75' lang='lat' dir='ltr'><strong>generali</strong></span> <span class='ocrx_word' id='word_1_468' title='bbox 406 3338 929 3397; x_wconf 87' lang='lat' dir='ltr'><strong>diluviointeremit.</strong></span> <span class='ocrx_word' id='word_1_469' title='bbox 966 3363 985 3395; x_wconf 73' lang='grc' dir='ltr'><strong><em>ι</em></strong></span> <span class='ocrx_word' id='word_1_470' title='bbox 1030 3343 1205 3399; x_wconf 83' lang='lat' dir='ltr'><strong>Isdem</strong></span> <span class='ocrx_word' id='word_1_471' title='bbox 1235 3359 1387 3409; x_wconf 88' lang='lat' dir='ltr'><strong>vero,</strong></span> <span class='ocrx_word' id='word_1_472' title='bbox 1433 3353 1493 3400; x_wconf 90' lang='lat' dir='ltr'><strong>ut</strong></span> <span class='ocrx_word' id='word_1_473' title='bbox 1513 3342 1727 3412; x_wconf 85' lang='lat' dir='ltr'><strong>jactant</strong></span> 
     </span>
    </p>
   </div>
   <div class='ocr_carea' id='block_1_64' title="bbox 139 3423 1727 3505">
    <p class='ocr_par' dir='ltr' id='par_1_64' title="bbox 139 3423 1727 3505">
     <span class='ocr_line' id='line_1_64' title="bbox 139 3423 1727 3505; baseline 0.009 -28"><span class='ocrx_word' id='word_1_474' title='bbox 139 3423 375 3486; x_wconf 84' lang='lat' dir='ltr'><strong>fautores</strong></span> <span class='ocrx_word' id='word_1_475' title='bbox 402 3428 506 3495; x_wconf 87' lang='lat' dir='ltr'><strong>sui,</strong></span> <span class='ocrx_word' id='word_1_476' title='bbox 530 3438 585 3485; x_wconf 91' lang='lat' dir='ltr'><strong>et</strong></span> <span class='ocrx_word' id='word_1_477' title='bbox 606 3431 941 3501; x_wconf 87' lang='lat' dir='ltr'><strong>appiaudunt</strong></span> <span class='ocrx_word' id='word_1_478' title='bbox 960 3434 1010 3489; x_wconf 89' lang='lat' dir='ltr'><strong>ei</strong></span> <span class='ocrx_word' id='word_1_479' title='bbox 1035 3435 1325 3505; x_wconf 87' lang='lat' dir='ltr'><strong>complices</strong></span> <span class='ocrx_word' id='word_1_480' title='bbox 1348 3436 1727 3505; x_wconf 71' lang='lat' dir='ltr'><strong>praesumptio-</strong></span> 
     </span>
    </p>
   </div>
   <div class='ocr_carea' id='block_1_65' title="bbox 139 3516 1724 3596">
    <p class='ocr_par' dir='ltr' id='par_1_65' title="bbox 139 3516 1724 3596">
     <span class='ocr_line' id='line_1_65' title="bbox 139 3516 1724 3596; baseline 0.007 -26"><span class='ocrx_word' id='word_1_481' title='bbox 139 3516 217 3572; x_wconf 88' lang='lat' dir='ltr'><strong>nis</strong></span> <span class='ocrx_word' id='word_1_482' title='bbox 266 3534 400 3585; x_wconf 64' lang='lat' dir='ltr'><strong>sum,</strong></span> <span class='ocrx_word' id='word_1_483' title='bbox 454 3535 564 3581; x_wconf 89' lang='lat' dir='ltr'><strong>non</strong></span> <span class='ocrx_word' id='word_1_484' title='bbox 616 3537 925 3593; x_wconf 89' lang='lat' dir='ltr'><strong>proponens</strong></span> <span class='ocrx_word' id='word_1_485' title='bbox 979 3524 1148 3580; x_wconf 90' lang='lat' dir='ltr'><strong>Deum</strong></span> <span class='ocrx_word' id='word_1_486' title='bbox 1200 3534 1328 3579; x_wconf 86' lang='lat' dir='ltr'><strong>ante</strong></span> <span class='ocrx_word' id='word_1_487' title='bbox 1373 3534 1724 3596; x_wconf 87' lang='lat' dir='ltr'><strong>conspectum</strong></span> 
     </span>
    </p>
   </div>
   <div class='ocr_carea' id='block_1_66' title="bbox 137 3615 1726 3688">
    <p class='ocr_par' dir='ltr' id='par_1_66' title="bbox 137 3615 1726 3688">
     <span class='ocr_line' id='line_1_66' title="bbox 137 3615 1726 3688; baseline 0.008 -26"><span class='ocrx_word' id='word_1_488' title='bbox 137 3624 309 3677; x_wconf 87' lang='lat' dir='ltr'><strong>suum,</strong></span> <span class='ocrx_word' id='word_1_489' title='bbox 340 3616 628 3682; x_wconf 88' lang='lat' dir='ltr'><strong>persuadet</strong></span> <span class='ocrx_word' id='word_1_490' title='bbox 663 3615 768 3670; x_wconf 90' lang='lat' dir='ltr'><strong>sibi</strong></span> <span class='ocrx_word' id='word_1_491' title='bbox 799 3623 984 3672; x_wconf 89' lang='lat' dir='ltr'><strong>tenere</strong></span> <span class='ocrx_word' id='word_1_492' title='bbox 1020 3627 1077 3675; x_wconf 89' lang='lat' dir='ltr'><strong>et</strong></span> <span class='ocrx_word' id='word_1_493' title='bbox 1122 3633 1385 3688; x_wconf 88' lang='lat' dir='ltr'><strong>usurpare</strong></span> <span class='ocrx_word' id='word_1_494' title='bbox 1430 3636 1515 3675; x_wconf 88' lang='lat' dir='ltr'><strong>res</strong></span> <span class='ocrx_word' id='word_1_495' title='bbox 1544 3635 1613 3675; x_wconf 89' lang='lat' dir='ltr'><strong>ac</strong></span> <span class='ocrx_word' id='word_1_496' title='bbox 1645 3619 1726 3675; x_wconf 80' lang='lat' dir='ltr'><strong>ia-</strong></span> 
     </span>
    </p>
   </div>
   <div class='ocr_carea' id='block_1_67' title="bbox 133 3701 1726 3774">
    <p class='ocr_par' dir='ltr' id='par_1_67' title="bbox 133 3701 1726 3774">
     <span class='ocr_line' id='line_1_67' title="bbox 133 3701 1726 3774; baseline 0.008 -21"><span class='ocrx_word' id='word_1_497' title='bbox 133 3701 366 3759; x_wconf 88' lang='lat' dir='ltr'><strong>cultates</strong></span> <span class='ocrx_word' id='word_1_498' title='bbox 418 3720 449 3759; x_wconf 93' lang='lat' dir='ltr'><strong>a</strong></span> <span class='ocrx_word' id='word_1_499' title='bbox 497 3721 556 3760; x_wconf 90' lang='lat' dir='ltr'><strong>se</strong></span> <span class='ocrx_word' id='word_1_500' title='bbox 600 3708 806 3765; x_wconf 63' lang='lat' dir='ltr'><strong>invasa:</strong></span> <span class='ocrx_word' id='word_1_501' title='bbox 860 3708 1128 3774; x_wconf 61' lang='lat' dir='ltr'><strong>ecclesiae,</strong></span> <span class='ocrx_word' id='word_1_502' title='bbox 1160 3711 1373 3764; x_wconf 88' lang='lat' dir='ltr'><strong>etiamsi</strong></span> <span class='ocrx_word' id='word_1_503' title='bbox 1421 3711 1489 3765; x_wconf 89' lang='lat' dir='ltr'><strong>ad</strong></span> <span class='ocrx_word' id='word_1_504' title='bbox 1528 3725 1726 3766; x_wconf 89' lang='lat' dir='ltr'><strong>nomen</strong></span> 
     </span>
    </p>
   </div>
   <div class='ocr_carea' id='block_1_68' title="bbox 130 3799 1723 3871">
    <p class='ocr_par' dir='ltr' id='par_1_68' title="bbox 130 3799 1723 3871">
     <span class='ocr_line' id='line_1_68' title="bbox 130 3799 1723 3871; baseline 0.005 -19"><span class='ocrx_word' id='word_1_505' title='bbox 130 3799 444 3868; x_wconf 85' lang='lat' dir='ltr'><strong>episcopale</strong></span> <span class='ocrx_word' id='word_1_506' title='bbox 468 3802 757 3870; x_wconf 87' lang='lat' dir='ltr'><strong>pervenire</strong></span> <span class='ocrx_word' id='word_1_507' title='bbox 785 3803 1108 3871; x_wconf 80' lang='lat' dir='ltr'><strong>nequiverit,</strong></span> <span class='ocrx_word' id='word_1_508' title='bbox 1138 3813 1476 3860; x_wconf 89' lang='lat' dir='ltr'><strong>assumentes</strong></span> <span class='ocrx_word' id='word_1_509' title='bbox 1523 3805 1579 3860; x_wconf 89' lang='lat' dir='ltr'><strong>in</strong></span> <span class='ocrx_word' id='word_1_510' title='bbox 1624 3820 1723 3860; x_wconf 85' lang='lat' dir='ltr'><strong>au-</strong></span> 
     </span>
    </p>
   </div>
   <div class='ocr_carea' id='block_1_69' title="bbox 132 3893 1723 3965">
    <p class='ocr_par' dir='ltr' id='par_1_69' title="bbox 132 3893 1723 3965">
     <span class='ocr_line' id='line_1_69' title="bbox 132 3893 1723 3965; baseline 0.004 -22"><span class='ocrx_word' id='word_1_511' title='bbox 132 3900 411 3957; x_wconf 73' lang='lat' dir='ltr'><strong>gmentum</strong></span> <span class='ocrx_word' id='word_1_512' title='bbox 456 3907 569 3948; x_wconf 65' lang='lat' dir='ltr'><strong>suae</strong></span> <span class='ocrx_word' id='word_1_513' title='bbox 608 3893 974 3950; x_wconf 81' lang='lat' dir='ltr'><strong>damnationis</strong></span> <span class='ocrx_word' id='word_1_514' title='bbox 1003 3894 1247 3964; x_wconf 80' lang='lat' dir='ltr'><strong>exempla</strong></span> <span class='ocrx_word' id='word_1_515' title='bbox 1291 3896 1358 3951; x_wconf 90' lang='lat' dir='ltr'><strong>de</strong></span> <span class='ocrx_word' id='word_1_516' title='bbox 1402 3895 1723 3965; x_wconf 83' lang='lat' dir='ltr'><strong>quibusdam</strong></span> 
     </span>
    </p>
   </div>
   <div class='ocr_carea' id='block_1_70' title="bbox 134 3980 1724 4056">
    <p class='ocr_par' dir='ltr' id='par_1_70' title="bbox 134 3980 1724 4056">
     <span class='ocr_line' id='line_1_70' title="bbox 134 3980 1724 4056; baseline 0.005 -23"><span class='ocrx_word' id='word_1_517' title='bbox 134 3980 402 4046; x_wconf 83' lang='lat' dir='ltr'><strong>ecclesiis,</strong></span> <span class='ocrx_word' id='word_1_518' title='bbox 443 3997 566 4052; x_wconf 65' lang='lat' dir='ltr'><strong>quae</strong></span> <span class='ocrx_word' id='word_1_519' title='bbox 614 3985 976 4054; x_wconf 84' lang='lat' dir='ltr'><strong>quorumdam</strong></span> <span class='ocrx_word' id='word_1_520' title='bbox 1028 3986 1334 4055; x_wconf 87' lang='lat' dir='ltr'><strong>principum</strong></span> <span class='ocrx_word' id='word_1_521' title='bbox 1387 3986 1724 4056; x_wconf 85' lang='lat' dir='ltr'><strong>temporibus</strong></span> 
     </span>
    </p>
   </div>
   <div class='ocr_carea' id='block_1_71' title="bbox 136 4069 1724 4147">
    <p class='ocr_par' dir='ltr' id='par_1_71' title="bbox 136 4069 1724 4147">
     <span class='ocr_line' id='line_1_71' title="bbox 136 4069 1724 4147; baseline 0.006 -24"><span class='ocrx_word' id='word_1_522' title='bbox 136 4069 219 4124; x_wconf 89' lang='lat' dir='ltr'><strong>diu</strong></span> <span class='ocrx_word' id='word_1_523' title='bbox 242 4071 363 4129; x_wconf 90' lang='lat' dir='ltr'><strong>sine</strong></span> <span class='ocrx_word' id='word_1_524' title='bbox 394 4083 614 4142; x_wconf 87' lang='lat' dir='ltr'><strong>pastore</strong></span> <span class='ocrx_word' id='word_1_525' title='bbox 641 4085 922 4142; x_wconf 88' lang='lat' dir='ltr'><strong>vacarunt,</strong></span> <span class='ocrx_word' id='word_1_526' title='bbox 952 4091 1051 4131; x_wconf 89' lang='lat' dir='ltr'><strong>sua</strong></span> <span class='ocrx_word' id='word_1_527' title='bbox 1092 4092 1255 4146; x_wconf 87' lang='lat' dir='ltr'><strong>opera</strong></span> <span class='ocrx_word' id='word_1_528' title='bbox 1284 4079 1439 4147; x_wconf 91' lang='lat' dir='ltr'><strong>quasi</strong></span> <span class='ocrx_word' id='word_1_529' title='bbox 1465 4094 1530 4133; x_wconf 76' lang='lat' dir='ltr'><strong>ex</strong></span> <span class='ocrx_word' id='word_1_530' title='bbox 1578 4094 1724 4133; x_wconf 89' lang='lat' dir='ltr'><strong>mor-</strong></span> 
     </span>
    </p>
   </div>
   <div class='ocr_carea' id='block_1_72' title="bbox 142 4163 1724 4242">
    <p class='ocr_par' dir='ltr' id='par_1_72' title="bbox 142 4163 1724 4242">
     <span class='ocr_line' id='line_1_72' title="bbox 142 4163 1724 4242; baseline 0.008 -28"><span class='ocrx_word' id='word_1_531' title='bbox 142 4163 239 4217; x_wconf 87' lang='lat' dir='ltr'><strong>tuis</strong></span> <span class='ocrx_word' id='word_1_532' title='bbox 261 4164 511 4234; x_wconf 88' lang='lat' dir='ltr'><strong>pellibus,</strong></span> <span class='ocrx_word' id='word_1_533' title='bbox 547 4176 604 4223; x_wconf 92' lang='lat' dir='ltr'><strong>ut</strong></span> <span class='ocrx_word' id='word_1_534' title='bbox 633 4167 826 4223; x_wconf 84' lang='lat' dir='ltr'><strong>beatus</strong></span> <span class='ocrx_word' id='word_1_535' title='bbox 864 4170 1206 4225; x_wconf 81' lang='lat' dir='ltr'><strong>demonstrat</strong></span> <span class='ocrx_word' id='word_1_536' title='bbox 1242 4169 1557 4242; x_wconf 86' lang='lat' dir='ltr'><strong>Gregorius,</strong></span> <span class='ocrx_word' id='word_1_537' title='bbox 1598 4184 1724 4225; x_wconf 90' lang='lat' dir='ltr'><strong>cre-</strong></span> 
     </span>
    </p>
   </div>
   <div class='ocr_carea' id='block_1_73' title="bbox 143 4252 1722 4330">
    <p class='ocr_par' dir='ltr' id='par_1_73' title="bbox 143 4252 1722 4330">
     <span class='ocr_line' id='line_1_73' title="bbox 143 4252 1722 4330; baseline 0.007 -22"><span class='ocrx_word' id='word_1_538' title='bbox 143 4252 323 4311; x_wconf 82' lang='lat' dir='ltr'><strong>dentes</strong></span> <span class='ocrx_word' id='word_1_539' title='bbox 376 4258 610 4323; x_wconf 89' lang='lat' dir='ltr'><strong>muniri,</strong></span> <span class='ocrx_word' id='word_1_540' title='bbox 668 4261 795 4314; x_wconf 90' lang='lat' dir='ltr'><strong>dum</strong></span> <span class='ocrx_word' id='word_1_541' title='bbox 829 4262 1154 4330; x_wconf 78' lang='lat' dir='ltr'><strong>pravitatem</strong></span> <span class='ocrx_word' id='word_1_542' title='bbox 1198 4278 1350 4317; x_wconf 85' lang='lat' dir='ltr'><strong>suam</strong></span> <span class='ocrx_word' id='word_1_543' title='bbox 1401 4277 1470 4318; x_wconf 72' lang='lat' dir='ltr'><strong>ex</strong></span> <span class='ocrx_word' id='word_1_544' title='bbox 1524 4263 1722 4319; x_wconf 88' lang='lat' dir='ltr'><strong>alienis</strong></span> 
     </span>
    </p>
   </div>
   <div class='ocr_carea' id='block_1_74' title="bbox 147 4348 1721 4428">
    <p class='ocr_par' dir='ltr' id='par_1_74' title="bbox 147 4348 1721 4428">
     <span class='ocr_line' id='line_1_74' title="bbox 147 4348 1721 4428; baseline 0.008 -30"><span class='ocrx_word' id='word_1_545' title='bbox 147 4348 491 4410; x_wconf 86' lang='lat' dir='ltr'><strong>pravitatibus</strong></span> <span class='ocrx_word' id='word_1_546' title='bbox 559 4359 792 4407; x_wconf 86' lang='lat' dir='ltr'><strong>tuentur.</strong></span> <span class='ocrx_word' id='word_1_547' title='bbox 854 4354 990 4419; x_wconf 85' lang='lat' dir='ltr'><strong>Quia</strong></span> <span class='ocrx_word' id='word_1_548' title='bbox 1046 4354 1191 4409; x_wconf 90' lang='lat' dir='ltr'><strong>enim</strong></span> <span class='ocrx_word' id='word_1_549' title='bbox 1240 4354 1371 4410; x_wconf 84' lang='lat' dir='ltr'><strong>talia</strong></span> <span class='ocrx_word' id='word_1_550' title='bbox 1424 4356 1721 4428; x_wconf 87' lang='lat' dir='ltr'><strong>contigisse</strong></span> 
     </span>
    </p>
   </div>
   <div class='ocr_carea' id='block_1_75' title="bbox 147 4441 1720 4520">
    <p class='ocr_par' dir='ltr' id='par_1_75' title="bbox 147 4441 1720 4520">
     <span class='ocr_line' id='line_1_75' title="bbox 147 4441 1720 4520; baseline 0.009 -29"><span class='ocrx_word' id='word_1_551' title='bbox 147 4441 501 4511; x_wconf 79' lang='lat' dir='ltr'><strong>considerant,</strong></span> <span class='ocrx_word' id='word_1_552' title='bbox 554 4459 619 4501; x_wconf 82' lang='lat' dir='ltr'><strong>se</strong></span> <span class='ocrx_word' id='word_1_553' title='bbox 659 4446 775 4502; x_wconf 67' lang='lat' dir='ltr'><strong>haec</strong></span> <span class='ocrx_word' id='word_1_554' title='bbox 827 4444 1009 4503; x_wconf 80' lang='lat' dir='ltr'><strong>facere</strong></span> <span class='ocrx_word' id='word_1_555' title='bbox 1054 4447 1289 4505; x_wconf 77' lang='lat' dir='ltr'><strong>licenter</strong></span> <span class='ocrx_word' id='word_1_556' title='bbox 1327 4458 1539 4520; x_wconf 89' lang='lat' dir='ltr'><strong>putant,</strong></span> <span class='ocrx_word' id='word_1_557' title='bbox 1574 4450 1720 4520; x_wconf 88' lang='lat' dir='ltr'><strong>quod</strong></span> 
     </span>
    </p>
   </div>
   <div class='ocr_carea' id='block_1_76' title="bbox 149 4529 1725 4598">
    <p class='ocr_par' dir='ltr' id='par_1_76' title="bbox 149 4529 1725 4598">
     <span class='ocr_line' id='line_1_76' title="bbox 149 4529 1725 4598; baseline 0.006 -11"><span class='ocrx_word' id='word_1_558' title='bbox 149 4529 369 4590; x_wconf 84' lang='lat' dir='ltr'><strong>scbisma</strong></span> <span class='ocrx_word' id='word_1_559' title='bbox 420 4552 543 4592; x_wconf 87' lang='lat' dir='ltr'><strong>esse</strong></span> <span class='ocrx_word' id='word_1_560' title='bbox 585 4546 778 4595; x_wconf 84' lang='lat' dir='ltr'><strong>contra</strong></span> <span class='ocrx_word' id='word_1_561' title='bbox 807 4540 1155 4596; x_wconf 86' lang='lat' dir='ltr'><strong>traditionem</strong></span> <span class='ocrx_word' id='word_1_562' title='bbox 1202 4542 1627 4598; x_wconf 83' lang='lat' dir='ltr'><strong>ecclesiasticam</strong></span> <span class='ocrx_word' id='word_1_563' title='bbox 1665 4551 1725 4597; x_wconf 86' lang='lat' dir='ltr'><strong>et</strong></span> 
     </span>
    </p>
   </div>
   <div class='ocr_carea' id='block_1_77' title="bbox 1829 3333 3424 3397">
    <p class='ocr_par' dir='ltr' id='par_1_77' title="bbox 1829 3333 3424 3397">
     <span class='ocr_line' id='line_1_77' title="bbox 1829 3333 3424 3397; baseline -0.004 -3"><span class='ocrx_word' id='word_1_564' title='bbox 1829 3339 1969 3394; x_wconf 89' lang='lat' dir='ltr'><strong>sacri</strong></span> <span class='ocrx_word' id='word_1_565' title='bbox 2003 3353 2240 3395; x_wconf 89' lang='lat' dir='ltr'><strong>canones</strong></span> <span class='ocrx_word' id='word_1_566' title='bbox 2269 3337 2625 3391; x_wconf 87' lang='lat' dir='ltr'><strong>simoniacam</strong></span> <span class='ocrx_word' id='word_1_567' title='bbox 2651 3335 2901 3390; x_wconf 84' lang='lat' dir='ltr'><strong>haeresim</strong></span> <span class='ocrx_word' id='word_1_568' title='bbox 2940 3333 3221 3397; x_wconf 86' lang='lat' dir='ltr'><strong>damnant,</strong></span> <span class='ocrx_word' id='word_1_569' title='bbox 3250 3341 3306 3388; x_wconf 91' lang='lat' dir='ltr'><strong>et</strong></span> <span class='ocrx_word' id='word_1_570' title='bbox 3328 3345 3424 3387; x_wconf 86' lang='lat' dir='ltr'><strong>eos</strong></span> 
     </span>
    </p>
   </div>
   <div class='ocr_carea' id='block_1_78' title="bbox 1828 3422 3424 3497">
    <p class='ocr_par' dir='ltr' id='par_1_78' title="bbox 1828 3422 3424 3497">
     <span class='ocr_line' id='line_1_78' title="bbox 1828 3422 3424 3497; baseline -0.004 -15"><span class='ocrx_word' id='word_1_571' title='bbox 1828 3426 2131 3484; x_wconf 87' lang='lat' dir='ltr'><strong>sacerdotio</strong></span> <span class='ocrx_word' id='word_1_572' title='bbox 2152 3427 2353 3497; x_wconf 89' lang='lat' dir='ltr'><strong>privari</strong></span> <span class='ocrx_word' id='word_1_573' title='bbox 2380 3427 2720 3497; x_wconf 66' lang='lat' dir='ltr'><strong>praacipiunt,</strong></span> <span class='ocrx_word' id='word_1_574' title='bbox 2751 3426 2844 3494; x_wconf 89' lang='lat' dir='ltr'><strong>qui</strong></span> <span class='ocrx_word' id='word_1_575' title='bbox 2874 3425 2938 3480; x_wconf 90' lang='lat' dir='ltr'><strong>de</strong></span> <span class='ocrx_word' id='word_1_576' title='bbox 2958 3422 3253 3493; x_wconf 82' lang='lat' dir='ltr'><strong>largiendis</strong></span> <span class='ocrx_word' id='word_1_577' title='bbox 3278 3423 3424 3478; x_wconf 86' lang='lat' dir='ltr'><strong>ordi-</strong></span> 
     </span>
    </p>
   </div>
   <div class='ocr_carea' id='block_1_79' title="bbox 1828 3517 3425 3592">
    <p class='ocr_par' dir='ltr' id='par_1_79' title="bbox 1828 3517 3425 3592">
     <span class='ocr_line' id='line_1_79' title="bbox 1828 3517 3425 3592; baseline -0.004 -16"><span class='ocrx_word' id='word_1_578' title='bbox 1828 3522 1987 3576; x_wconf 90' lang='lat' dir='ltr'><strong>nibus</strong></span> <span class='ocrx_word' id='word_1_579' title='bbox 2014 3521 2248 3592; x_wconf 90' lang='lat' dir='ltr'><strong>pretium</strong></span> <span class='ocrx_word' id='word_1_580' title='bbox 2278 3527 2546 3590; x_wconf 72' lang='lat' dir='ltr'><strong>quterunt.</strong></span> <span class='ocrx_word' id='word_1_581' title='bbox 2605 3519 2673 3572; x_wconf 92' lang='lat' dir='ltr'><strong>Et</strong></span> <span class='ocrx_word' id='word_1_582' title='bbox 2710 3533 2834 3573; x_wconf 92' lang='lat' dir='ltr'><strong>cum</strong></span> <span class='ocrx_word' id='word_1_583' title='bbox 2864 3517 3041 3588; x_wconf 87' lang='lat' dir='ltr'><strong>prima</strong></span> <span class='ocrx_word' id='word_1_584' title='bbox 3080 3523 3271 3572; x_wconf 87' lang='lat' dir='ltr'><strong>contra</strong></span> <span class='ocrx_word' id='word_1_585' title='bbox 3299 3530 3425 3571; x_wconf 80' lang='lat' dir='ltr'><strong>san-</strong></span> 
     </span>
    </p>
   </div>
   <div class='ocr_carea' id='block_1_80' title="bbox 1827 3610 3427 3681">
    <p class='ocr_par' dir='ltr' id='par_1_80' title="bbox 1827 3610 3427 3681">
     <span class='ocr_line' id='line_1_80' title="bbox 1827 3610 3427 3681; baseline -0.008 -7"><span class='ocrx_word' id='word_1_586' title='bbox 1827 3627 1973 3674; x_wconf 87' lang='lat' dir='ltr'><strong>ctam</strong></span> <span class='ocrx_word' id='word_1_587' title='bbox 2010 3615 2310 3671; x_wconf 90' lang='lat' dir='ltr'><strong>Ecclesiam</strong></span> <span class='ocrx_word' id='word_1_588' title='bbox 2359 3613 2662 3669; x_wconf 86' lang='lat' dir='ltr'><strong>simoniaca</strong></span> <span class='ocrx_word' id='word_1_589' title='bbox 2710 3611 2936 3666; x_wconf 67' lang='lat' dir='ltr'><strong>haeresis</strong></span> <span class='ocrx_word' id='word_1_590' title='bbox 2966 3610 3038 3664; x_wconf 90' lang='lat' dir='ltr'><strong>sit</strong></span> <span class='ocrx_word' id='word_1_591' title='bbox 3081 3616 3298 3681; x_wconf 81' lang='lat' dir='ltr'><strong>exorta,</strong></span> <span class='ocrx_word' id='word_1_592' title='bbox 3325 3622 3427 3663; x_wconf 89' lang='lat' dir='ltr'><strong>cur</strong></span> 
     </span>
    </p>
   </div>
   <div class='ocr_carea' id='block_1_81' title="bbox 1828 3698 3463 3774">
    <p class='ocr_par' dir='ltr' id='par_1_81' title="bbox 1828 3698 3463 3774">
     <span class='ocr_line' id='line_1_81' title="bbox 1828 3698 3463 3774; baseline -0.004 -13"><span class='ocrx_word' id='word_1_593' title='bbox 1828 3722 1935 3761; x_wconf 92' lang='lat' dir='ltr'><strong>non</strong></span> <span class='ocrx_word' id='word_1_594' title='bbox 1963 3705 2177 3763; x_wconf 91' lang='lat' dir='ltr'><strong>videtur</strong></span> <span class='ocrx_word' id='word_1_595' title='bbox 2212 3704 2338 3774; x_wconf 90' lang='lat' dir='ltr'><strong>quia</strong></span> <span class='ocrx_word' id='word_1_596' title='bbox 2358 3719 2483 3758; x_wconf 92' lang='lat' dir='ltr'><strong>eum</strong></span> <span class='ocrx_word' id='word_1_597' title='bbox 2512 3719 2671 3773; x_wconf 89' lang='lat' dir='ltr'><strong>quem</strong></span> <span class='ocrx_word' id='word_1_598' title='bbox 2696 3716 2819 3756; x_wconf 91' lang='lat' dir='ltr'><strong>cum</strong></span> <span class='ocrx_word' id='word_1_599' title='bbox 2858 3700 3035 3769; x_wconf 88' lang='lat' dir='ltr'><strong>pretio</strong></span> <span class='ocrx_word' id='word_1_600' title='bbox 3053 3698 3277 3755; x_wconf 90' lang='lat' dir='ltr'><strong>ordinat</strong></span> <span class='ocrx_word' id='word_1_601' title='bbox 3295 3713 3424 3769; x_wconf 85' lang='lat' dir='ltr'><strong>pro-</strong></span> <span class='ocrx_word' id='word_1_602' title='bbox 3446 3716 3463 3727; x_wconf 85' lang='grc'>·</span> 
     </span>
    </p>
   </div>
   <div class='ocr_carea' id='block_1_82' title="bbox 1828 3791 3423 3866">
    <p class='ocr_par' dir='ltr' id='par_1_82' title="bbox 1828 3791 3423 3866">
     <span class='ocr_line' id='line_1_82' title="bbox 1828 3791 3423 3866; baseline -0.004 -15"><span class='ocrx_word' id='word_1_603' title='bbox 1828 3796 2077 3851; x_wconf 86' lang='lat' dir='ltr'><strong>vehendo</strong></span> <span class='ocrx_word' id='word_1_604' title='bbox 2097 3796 2209 3866; x_wconf 87' lang='lat' dir='ltr'><strong>agit</strong></span> <span class='ocrx_word' id='word_1_605' title='bbox 2249 3802 2307 3848; x_wconf 89' lang='lat' dir='ltr'><strong>ut</strong></span> <span class='ocrx_word' id='word_1_606' title='bbox 2337 3794 2628 3853; x_wconf 73' lang='lat' dir='ltr'><strong>haereticus</strong></span> <span class='ocrx_word' id='word_1_607' title='bbox 2649 3792 2783 3847; x_wconf 80' lang='lat' dir='ltr'><strong>ﬂat?</strong></span> <span class='ocrx_word' id='word_1_608' title='bbox 2807 3791 2948 3847; x_wconf 88' lang='lat' dir='ltr'><strong>sacri</strong></span> <span class='ocrx_word' id='word_1_609' title='bbox 2984 3804 3220 3861; x_wconf 88' lang='lat' dir='ltr'><strong>namque</strong></span> <span class='ocrx_word' id='word_1_610' title='bbox 3251 3804 3423 3845; x_wconf 86' lang='lat' dir='ltr'><strong>cauo—</strong></span> 
     </span>
    </p>
   </div>
   <div class='ocr_carea' id='block_1_83' title="bbox 1828 3881 3431 3953">
    <p class='ocr_par' dir='ltr' id='par_1_83' title="bbox 1828 3881 3431 3953">
     <span class='ocr_line' id='line_1_83' title="bbox 1828 3881 3431 3953; baseline -0.003 -10"><span class='ocrx_word' id='word_1_611' title='bbox 1828 3902 1927 3943; x_wconf 88' lang='lat' dir='ltr'><strong>nes</strong></span> <span class='ocrx_word' id='word_1_612' title='bbox 1964 3895 2021 3941; x_wconf 90' lang='lat' dir='ltr'><strong>et</strong></span> <span class='ocrx_word' id='word_1_613' title='bbox 2046 3886 2362 3943; x_wconf 87' lang='lat' dir='ltr'><strong>ordinantes</strong></span> <span class='ocrx_word' id='word_1_614' title='bbox 2386 3893 2443 3939; x_wconf 89' lang='lat' dir='ltr'><strong>et</strong></span> <span class='ocrx_word' id='word_1_615' title='bbox 2481 3882 2762 3938; x_wconf 86' lang='lat' dir='ltr'><strong>ordinatos</strong></span> <span class='ocrx_word' id='word_1_616' title='bbox 2799 3896 2897 3953; x_wconf 89' lang='lat' dir='ltr'><strong>pro</strong></span> <span class='ocrx_word' id='word_1_617' title='bbox 2941 3894 3185 3948; x_wconf 89' lang='lat' dir='ltr'><strong>munere,</strong></span> <span class='ocrx_word' id='word_1_618' title='bbox 3232 3881 3331 3938; x_wconf 86' lang='lat' dir='ltr'><strong>sed</strong></span> <span class='ocrx_word' id='word_1_619' title='bbox 3369 3889 3431 3938; x_wconf 90' lang='lat' dir='ltr'><strong>et</strong></span> 
     </span>
    </p>
   </div>
   <div class='ocr_carea' id='block_1_84' title="bbox 1828 3972 3427 4047">
    <p class='ocr_par' dir='ltr' id='par_1_84' title="bbox 1828 3972 3427 4047">
     <span class='ocr_line' id='line_1_84' title="bbox 1828 3972 3427 4047; baseline -0.004 -13"><span class='ocrx_word' id='word_1_620' title='bbox 1828 3978 2224 4035; x_wconf 86' lang='lat' dir='ltr'><strong>interventores</strong></span> <span class='ocrx_word' id='word_1_621' title='bbox 2255 3973 2709 4047; x_wconf 85' lang='lat' dir='ltr'><strong>irrel‘ragabiliter</strong></span> <span class='ocrx_word' id='word_1_622' title='bbox 2763 3974 3048 4039; x_wconf 89' lang='lat' dir='ltr'><strong>damnant,</strong></span> <span class='ocrx_word' id='word_1_623' title='bbox 3086 3972 3228 4029; x_wconf 88' lang='lat' dir='ltr'><strong>sicut</strong></span> <span class='ocrx_word' id='word_1_624' title='bbox 3253 3973 3427 4030; x_wconf 91' lang='lat' dir='ltr'><strong>lector</strong></span> 
     </span>
    </p>
   </div>
   <div class='ocr_carea' id='block_1_85' title="bbox 1826 4064 3425 4141">
    <p class='ocr_par' dir='ltr' id='par_1_85' title="bbox 1826 4064 3425 4141">
     <span class='ocr_line' id='line_1_85' title="bbox 1826 4064 3425 4141; baseline -0.001 -15"><span class='ocrx_word' id='word_1_625' title='bbox 1826 4072 1881 4126; x_wconf 92' lang='lat' dir='ltr'><strong>in</strong></span> <span class='ocrx_word' id='word_1_626' title='bbox 1911 4072 2151 4128; x_wconf 87' lang='lat' dir='ltr'><strong>secundo</strong></span> <span class='ocrx_word' id='word_1_627' title='bbox 2198 4069 2435 4141; x_wconf 85' lang='lat' dir='ltr'><strong>capitulo</strong></span> <span class='ocrx_word' id='word_1_628' title='bbox 2466 4068 2649 4141; x_wconf 85' lang='lat' dir='ltr'><strong>magni</strong></span> <span class='ocrx_word' id='word_1_629' title='bbox 2703 4064 3160 4124; x_wconf 88' lang='lat' dir='ltr'><strong>Chalcedonensis</strong></span> <span class='ocrx_word' id='word_1_630' title='bbox 3204 4066 3425 4124; x_wconf 77' lang='lat' dir='ltr'><strong>concilii</strong></span> 
     </span>
    </p>
   </div>
   <div class='ocr_carea' id='block_1_86' title="bbox 1823 4156 3427 4235">
    <p class='ocr_par' dir='ltr' id='par_1_86' title="bbox 1823 4156 3427 4235">
     <span class='ocr_line' id='line_1_86' title="bbox 1823 4156 3427 4235; baseline -0.002 -14"><span class='ocrx_word' id='word_1_631' title='bbox 1823 4165 2024 4235; x_wconf 87' lang='lat' dir='ltr'><strong>poterit</strong></span> <span class='ocrx_word' id='word_1_632' title='bbox 2059 4164 2321 4223; x_wconf 91' lang='lat' dir='ltr'><strong>invenire.</strong></span> <span class='ocrx_word' id='word_1_633' title='bbox 2354 4162 2465 4221; x_wconf 88' lang='lat' dir='ltr'><strong>Nos</strong></span> <span class='ocrx_word' id='word_1_634' title='bbox 2498 4163 2718 4233; x_wconf 86' lang='lat' dir='ltr'><strong>quidem</strong></span> <span class='ocrx_word' id='word_1_635' title='bbox 2755 4156 2871 4217; x_wconf 82' lang='lat' dir='ltr'><strong>non</strong></span> <span class='ocrx_word' id='word_1_636' title='bbox 2906 4161 3111 4217; x_wconf 86' lang='lat' dir='ltr'><strong>incerta</strong></span> <span class='ocrx_word' id='word_1_637' title='bbox 3158 4161 3427 4218; x_wconf 80' lang='lat' dir='ltr'><strong>relatione</strong></span> 
     </span>
    </p>
   </div>
   <div class='ocr_carea' id='block_1_87' title="bbox 1824 4255 3426 4330">
    <p class='ocr_par' dir='ltr' id='par_1_87' title="bbox 1824 4255 3426 4330">
     <span class='ocr_line' id='line_1_87' title="bbox 1824 4255 3426 4330; baseline -0.002 -14"><span class='ocrx_word' id='word_1_638' title='bbox 1824 4273 1968 4330; x_wconf 68' lang='lat' dir='ltr'><strong>saepe</strong></span> <span class='ocrx_word' id='word_1_639' title='bbox 2000 4256 2171 4317; x_wconf 83' lang='lat' dir='ltr'><strong>fatum</strong></span> <span class='ocrx_word' id='word_1_640' title='bbox 2196 4256 2494 4323; x_wconf 87' lang='lat' dir='ltr'><strong>Odacrum,</strong></span> <span class='ocrx_word' id='word_1_641' title='bbox 2516 4271 2624 4313; x_wconf 91' lang='lat' dir='ltr'><strong>non</strong></span> <span class='ocrx_word' id='word_1_642' title='bbox 2659 4255 2836 4312; x_wconf 87' lang='lat' dir='ltr'><strong>solum</strong></span> <span class='ocrx_word' id='word_1_643' title='bbox 2872 4255 3185 4325; x_wconf 91' lang='lat' dir='ltr'><strong>pecuniam,</strong></span> <span class='ocrx_word' id='word_1_644' title='bbox 3227 4255 3323 4311; x_wconf 85' lang='lat' dir='ltr'><strong>sed</strong></span> <span class='ocrx_word' id='word_1_645' title='bbox 3366 4262 3426 4312; x_wconf 85' lang='lat' dir='ltr'><strong>et</strong></span> 
     </span>
    </p>
   </div>
   <div class='ocr_carea' id='block_1_88' title="bbox 1827 4345 3426 4422">
    <p class='ocr_par' dir='ltr' id='par_1_88' title="bbox 1827 4345 3426 4422">
     <span class='ocr_line' id='line_1_88' title="bbox 1827 4345 3426 4422; baseline -0.003 -17"><span class='ocrx_word' id='word_1_646' title='bbox 1827 4367 1916 4407; x_wconf 91' lang='lat' dir='ltr'><strong>res</strong></span> <span class='ocrx_word' id='word_1_647' title='bbox 1939 4365 2038 4422; x_wconf 90' lang='lat' dir='ltr'><strong>per</strong></span> <span class='ocrx_word' id='word_1_648' title='bbox 2060 4365 2168 4404; x_wconf 89' lang='lat' dir='ltr'><strong>non</strong></span> <span class='ocrx_word' id='word_1_649' title='bbox 2194 4350 2413 4419; x_wconf 86' lang='lat' dir='ltr'><strong>ignotas</strong></span> <span class='ocrx_word' id='word_1_650' title='bbox 2435 4362 2698 4420; x_wconf 87' lang='lat' dir='ltr'><strong>personas</strong></span> <span class='ocrx_word' id='word_1_651' title='bbox 2717 4361 2814 4417; x_wconf 90' lang='lat' dir='ltr'><strong>pro</strong></span> <span class='ocrx_word' id='word_1_652' title='bbox 2834 4345 3186 4416; x_wconf 89' lang='lat' dir='ltr'><strong>percipiendo</strong></span> <span class='ocrx_word' id='word_1_653' title='bbox 3212 4346 3426 4416; x_wconf 59' lang='lat' dir='ltr'><strong>episcoé-</strong></span> 
     </span>
    </p>
   </div>
   <div class='ocr_carea' id='block_1_89' title="bbox 1824 4437 3424 4513">
    <p class='ocr_par' dir='ltr' id='par_1_89' title="bbox 1824 4437 3424 4513">
     <span class='ocr_line' id='line_1_89' title="bbox 1824 4437 3424 4513; baseline -0.003 -18"><span class='ocrx_word' id='word_1_654' title='bbox 1824 4442 1931 4513; x_wconf 86' lang='lat' dir='ltr'><strong>pali</strong></span> <span class='ocrx_word' id='word_1_655' title='bbox 1961 4440 2154 4497; x_wconf 90' lang='lat' dir='ltr'><strong>ordine</strong></span> <span class='ocrx_word' id='word_1_656' title='bbox 2182 4439 2446 4497; x_wconf 87' lang='lat' dir='ltr'><strong>obtulisse</strong></span> <span class='ocrx_word' id='word_1_657' title='bbox 2474 4438 2858 4508; x_wconf 90' lang='lat' dir='ltr'><strong>comperimus.</strong></span> <span class='ocrx_word' id='word_1_658' title='bbox 2888 4437 2957 4493; x_wconf 84' lang='lat' dir='ltr'><strong>Et</strong></span> <span class='ocrx_word' id='word_1_659' title='bbox 2993 4445 3217 4493; x_wconf 89' lang='lat' dir='ltr'><strong>sanctus</strong></span> <span class='ocrx_word' id='word_1_660' title='bbox 3237 4437 3424 4506; x_wconf 64' lang='lat' dir='ltr'><strong>Augu~</strong></span> 
     </span>
    </p>
   </div>
   <div class='ocr_carea' id='block_1_90' title="bbox 1824 4531 3425 4594">
    <p class='ocr_par' dir='ltr' id='par_1_90' title="bbox 1824 4531 3425 4594">
     <span class='ocr_line' id='line_1_90' title="bbox 1824 4531 3425 4594; baseline -0.004 0"><span class='ocrx_word' id='word_1_661' title='bbox 1824 4539 2002 4594; x_wconf 90' lang='lat' dir='ltr'><strong>stinus</strong></span> <span class='ocrx_word' id='word_1_662' title='bbox 2030 4537 2084 4592; x_wconf 92' lang='lat' dir='ltr'><strong>in</strong></span> <span class='ocrx_word' id='word_1_663' title='bbox 2112 4536 2252 4592; x_wconf 85' lang='lat' dir='ltr'><strong>libro</strong></span> <span class='ocrx_word' id='word_1_664' title='bbox 2278 4536 2344 4590; x_wconf 88' lang='lat' dir='ltr'><strong>de</strong></span> <span class='ocrx_word' id='word_1_665' title='bbox 2368 4534 2606 4591; x_wconf 85' lang='lat' dir='ltr'><strong>utilitate</strong></span> <span class='ocrx_word' id='word_1_666' title='bbox 2635 4532 2891 4590; x_wconf 91' lang='lat' dir='ltr'><strong>credendi</strong></span> <span class='ocrx_word' id='word_1_667' title='bbox 2915 4532 2992 4587; x_wconf 89' lang='lat' dir='ltr'><strong>ait</strong></span> <span class='ocrx_word' id='word_1_668' title='bbox 3018 4550 3031 4587; x_wconf 91' lang='lat'><strong>:</strong></span> <span class='ocrx_word' id='word_1_669' title='bbox 3068 4550 3086 4584; x_wconf 76' lang='grc' dir='ltr'>ι</span> <span class='ocrx_word' id='word_1_670' title='bbox 3127 4531 3425 4588; x_wconf 82' lang='lat' dir='ltr'><strong>Haereticus</strong></span> 
     </span>
    </p>
   </div>
   <div class='ocr_carea' id='block_1_91' title="bbox 151 4620 3421 4700">
    <p class='ocr_par' dir='ltr' id='par_1_91' title="bbox 151 4620 3421 4700">
     <span class='ocr_line' id='line_1_91' title="bbox 151 4620 3421 4700; baseline 0 -25"><span class='ocrx_word' id='word_1_671' title='bbox 151 4632 412 4682; x_wconf 82' lang='lat' dir='ltr'><strong>sacrorum</strong></span> <span class='ocrx_word' id='word_1_672' title='bbox 439 4642 705 4683; x_wconf 77' lang='lat' dir='ltr'><strong>canonum</strong></span> <span class='ocrx_word' id='word_1_673' title='bbox 731 4630 1172 4684; x_wconf 88' lang='lat' dir='ltr'><strong>constitutionem</strong></span> <span class='ocrx_word' id='word_1_674' title='bbox 1201 4639 1452 4700; x_wconf 87' lang='lat' dir='ltr'><strong>patenter</strong></span> <span class='ocrx_word' id='word_1_675' title='bbox 1476 4631 1718 4687; x_wconf 84' lang='lat' dir='ltr'><strong>ostendi-</strong></span> <span class='ocrx_word' id='word_1_676' title='bbox 1750 4620 1909 4693; x_wconf 46' lang='lat' dir='ltr'><strong>Dtest</strong></span> <span class='ocrx_word' id='word_1_677' title='bbox 1936 4629 2029 4699; x_wconf 91' lang='lat' dir='ltr'><strong>qui</strong></span> <span class='ocrx_word' id='word_1_678' title='bbox 2059 4620 2289 4697; x_wconf 85' lang='lat' dir='ltr'><strong>alicujus</strong></span> <span class='ocrx_word' id='word_1_679' title='bbox 2320 4626 2638 4699; x_wconf 88' lang='lat' dir='ltr'><strong>temporalis</strong></span> <span class='ocrx_word' id='word_1_680' title='bbox 2659 4627 2935 4682; x_wconf 87' lang='lat' dir='ltr'><strong>commodi</strong></span> <span class='ocrx_word' id='word_1_681' title='bbox 2957 4634 3012 4683; x_wconf 90' lang='lat' dir='ltr'><strong>et</strong></span> <span class='ocrx_word' id='word_1_682' title='bbox 3046 4625 3284 4681; x_wconf 81' lang='lat' dir='ltr'><strong>maxime</strong></span> <span class='ocrx_word' id='word_1_683' title='bbox 3303 4622 3421 4695; x_wconf 84' lang='lat' dir='ltr'><strong>glo-</strong></span> 
     </span>
    </p>
   </div>
   <div class='ocr_carea' id='block_1_92' title="bbox 152 4716 1717 4794">
    <p class='ocr_par' dir='ltr' id='par_1_92' title="bbox 152 4716 1717 4794">
     <span class='ocr_line' id='line_1_92' title="bbox 152 4716 1717 4794; baseline 0.009 -29"><span class='ocrx_word' id='word_1_684' title='bbox 152 4718 249 4767; x_wconf 84' lang='lat' dir='ltr'><strong>tur.</strong></span> <span class='ocrx_word' id='word_1_685' title='bbox 272 4716 423 4783; x_wconf 80' lang='lat' dir='ltr'><strong>Quod</strong></span> <span class='ocrx_word' id='word_1_686' title='bbox 471 4728 698 4781; x_wconf 88' lang='lat' dir='ltr'><strong>sanctus</strong></span> <span class='ocrx_word' id='word_1_687' title='bbox 734 4719 1034 4793; x_wconf 80' lang='lat' dir='ltr'><strong>Gregorius</strong></span> <span class='ocrx_word' id='word_1_688' title='bbox 1082 4722 1136 4776; x_wconf 91' lang='lat' dir='ltr'><strong>in</strong></span> <span class='ocrx_word' id='word_1_689' title='bbox 1156 4722 1443 4794; x_wconf 77' lang='lat' dir='ltr'><strong>Evangelii</strong></span> <span class='ocrx_word' id='word_1_690' title='bbox 1496 4724 1717 4779; x_wconf 88' lang='lat' dir='ltr'><strong>homilia</strong></span> 
     </span>
    </p>
   </div>
   <div class='ocr_carea' id='block_1_93' title="bbox 154 4806 1723 4887">
    <p class='ocr_par' dir='ltr' id='par_1_93' title="bbox 154 4806 1723 4887">
     <span class='ocr_line' id='line_1_93' title="bbox 154 4806 1723 4887; baseline 0.007 -26"><span class='ocrx_word' id='word_1_691' title='bbox 154 4806 411 4881; x_wconf 76' lang='lat' dir='ltr'><strong>redarguit</strong></span> <span class='ocrx_word' id='word_1_692' title='bbox 456 4814 685 4870; x_wconf 88' lang='lat' dir='ltr'><strong>dicens:</strong></span> <span class='ocrx_word' id='word_1_693' title='bbox 720 4834 738 4866; x_wconf 74' lang='grc' dir='ltr'><strong><em>ι</em></strong></span> <span class='ocrx_word' id='word_1_694' title='bbox 785 4813 923 4873; x_wconf 86' lang='lat' dir='ltr'><strong>Sunt</strong></span> <span class='ocrx_word' id='word_1_695' title='bbox 969 4815 1236 4882; x_wconf 79' lang='lat' dir='ltr'><strong>nonnulli,</strong></span> <span class='ocrx_word' id='word_1_696' title='bbox 1288 4818 1381 4887; x_wconf 89' lang='lat' dir='ltr'><strong>qui</strong></span> <span class='ocrx_word' id='word_1_697' title='bbox 1423 4816 1553 4872; x_wconf 92' lang='lat' dir='ltr'><strong>dum</strong></span> <span class='ocrx_word' id='word_1_698' title='bbox 1599 4817 1723 4887; x_wconf 89' lang='lat' dir='ltr'><strong>plus</strong></span> 
     </span>
    </p>
   </div>
   <div class='ocr_carea' id='block_1_94' title="bbox 153 4902 1721 4980">
    <p class='ocr_par' dir='ltr' id='par_1_94' title="bbox 153 4902 1721 4980">
     <span class='ocr_line' id='line_1_94' title="bbox 153 4902 1721 4980; baseline 0.01 -34"><span class='ocrx_word' id='word_1_699' title='bbox 153 4902 403 4961; x_wconf 83' lang='lat' dir='ltr'><strong>terrenam</strong></span> <span class='ocrx_word' id='word_1_700' title='bbox 450 4906 814 4963; x_wconf 85' lang='lat' dir='ltr'><strong>substantiam</strong></span> <span class='ocrx_word' id='word_1_701' title='bbox 854 4922 1018 4977; x_wconf 83' lang='lat' dir='ltr'><strong>quam</strong></span> <span class='ocrx_word' id='word_1_702' title='bbox 1062 4922 1199 4963; x_wconf 88' lang='lat' dir='ltr'><strong>.oves</strong></span> <span class='ocrx_word' id='word_1_703' title='bbox 1228 4909 1721 4980; x_wconf 83' lang='lat' dir='ltr'><strong>diligunt,merito</strong></span> 
     </span>
    </p>
   </div>
   <div class='ocr_carea' id='block_1_95' title="bbox 158 4998 1720 5068">
    <p class='ocr_par' dir='ltr' id='par_1_95' title="bbox 158 4998 1720 5068">
     <span class='ocr_line' id='line_1_95' title="bbox 158 4998 1720 5068; baseline 0.006 -20"><span class='ocrx_word' id='word_1_704' title='bbox 158 4999 329 5050; x_wconf 79' lang='lat' dir='ltr'><strong>nomen</strong></span> <span class='ocrx_word' id='word_1_705' title='bbox 354 4998 594 5066; x_wconf 85' lang='lat' dir='ltr'><strong>pastoris</strong></span> <span class='ocrx_word' id='word_1_706' title='bbox 621 4999 871 5068; x_wconf 82' lang='lat' dir='ltr'><strong>perdunt,</strong></span> <span class='ocrx_word' id='word_1_707' title='bbox 903 5001 1039 5068; x_wconf 84' lang='lat' dir='ltr'><strong>quia</strong></span> <span class='ocrx_word' id='word_1_708' title='bbox 1060 5014 1168 5053; x_wconf 87' lang='lat' dir='ltr'><strong>non</strong></span> <span class='ocrx_word' id='word_1_709' title='bbox 1197 5014 1296 5068; x_wconf 86' lang='lat' dir='ltr'><strong>pro</strong></span> <span class='ocrx_word' id='word_1_710' title='bbox 1314 5017 1504 5057; x_wconf 72' lang='lat' dir='ltr'><strong>antore</strong></span> <span class='ocrx_word' id='word_1_711' title='bbox 1524 5000 1720 5058; x_wconf 88' lang='lat' dir='ltr'><strong>intimo</strong></span> 
     </span>
    </p>
   </div>
   <div class='ocr_carea' id='block_1_96' title="bbox 157 5086 1722 5161">
    <p class='ocr_par' dir='ltr' id='par_1_96' title="bbox 157 5086 1722 5161">
     <span class='ocr_line' id='line_1_96' title="bbox 157 5086 1722 5161; baseline 0.005 -24"><span class='ocrx_word' id='word_1_712' title='bbox 157 5093 267 5138; x_wconf 76' lang='lat' dir='ltr'><strong>oves</strong></span> <span class='ocrx_word' id='word_1_713' title='bbox 313 5086 642 5153; x_wconf 77' lang='lat' dir='ltr'><strong>Dominicas,</strong></span> <span class='ocrx_word' id='word_1_714' title='bbox 688 5090 781 5144; x_wconf 85' lang='lat' dir='ltr'><strong>sed</strong></span> <span class='ocrx_word' id='word_1_715' title='bbox 808 5091 878 5145; x_wconf 82' lang='lat' dir='ltr'><strong>ad</strong></span> <span class='ocrx_word' id='word_1_716' title='bbox 924 5090 1255 5160; x_wconf 81' lang='lat' dir='ltr'><strong>temporales</strong></span> <span class='ocrx_word' id='word_1_717' title='bbox 1286 5092 1585 5147; x_wconf 76' lang='lat' dir='ltr'><strong>mercedes</strong></span> <span class='ocrx_word' id='word_1_718' title='bbox 1625 5106 1722 5161; x_wconf 83' lang='lat' dir='ltr'><strong>pa-</strong></span> 
     </span>
    </p>
   </div>
   <div class='ocr_carea' id='block_1_97' title="bbox 158 5181 1723 5256">
    <p class='ocr_par' dir='ltr' id='par_1_97' title="bbox 158 5181 1723 5256">
     <span class='ocr_line' id='line_1_97' title="bbox 158 5181 1723 5256; baseline 0.005 -23"><span class='ocrx_word' id='word_1_719' title='bbox 158 5186 310 5234; x_wconf 71' lang='lat' dir='ltr'><strong>scunt.</strong></span> <span class='ocrx_word' id='word_1_720' title='bbox 343 5181 720 5240; x_wconf 79' lang='lat' dir='ltr'><strong>llereonarius</strong></span> <span class='ocrx_word' id='word_1_721' title='bbox 759 5185 1097 5256; x_wconf 25' lang='lat' dir='ltr'><strong>quippetest,</strong></span> <span class='ocrx_word' id='word_1_722' title='bbox 1125 5186 1221 5254; x_wconf 77' lang='lat' dir='ltr'><strong>qui</strong></span> <span class='ocrx_word' id='word_1_723' title='bbox 1264 5184 1439 5241; x_wconf 84' lang='lat' dir='ltr'><strong>locum</strong></span> <span class='ocrx_word' id='word_1_724' title='bbox 1485 5185 1723 5255; x_wconf 82' lang='lat' dir='ltr'><strong>pastoris</strong></span> 
     </span>
    </p>
   </div>
   <div class='ocr_carea' id='block_1_98' title="bbox 162 5271 1720 5304">
    <p class='ocr_par' dir='ltr' id='par_1_98' title="bbox 162 5271 1720 5304">
     <span class='ocr_line' id='line_1_98' title="bbox 162 5271 1720 5304; baseline 0 0"><span class='ocrx_word' id='word_1_725' title='bbox 162 5271 286 5304; x_wconf 61' lang='grc' dir='ltr'><strong>’Μ</strong></span> <span class='ocrx_word' id='word_1_726' title='bbox 342 5276 461 5304; x_wconf 56' lang='grc' dir='ltr'><strong>ηΑΛᾹ</strong></span> <span class='ocrx_word' id='word_1_727' title='bbox 508 5275 658 5304; x_wconf 58' lang='grc' dir='ltr'><strong>διαί-ιώ.</strong></span> <span class='ocrx_word' id='word_1_728' title='bbox 708 5276 1009 5304; x_wconf 54' lang='grc' dir='ltr'><strong>ηηῖωηκιιακ</strong></span> <span class='ocrx_word' id='word_1_729' title='bbox 1061 5284 1167 5304; x_wconf 62' lang='grc' dir='ltr'><strong>καθ-ι</strong></span> <span class='ocrx_word' id='word_1_730' title='bbox 1226 5280 1412 5304; x_wconf 57' lang='grc' dir='ltr'><strong>ηιιαηκὲι</strong></span> <span class='ocrx_word' id='word_1_731' title='bbox 1466 5276 1720 5304; x_wconf 55' lang='lat' dir='ltr'><strong>,Onn-nn:n</strong></span> 
     </span>
    </p>
   </div>
   <div class='ocr_carea' id='block_1_99' title="bbox 1823 4714 3424 4794">
    <p class='ocr_par' dir='ltr' id='par_1_99' title="bbox 1823 4714 3424 4794">
     <span class='ocr_line' id='line_1_99' title="bbox 1823 4714 3424 4794; baseline -0.007 -14"><span class='ocrx_word' id='word_1_732' title='bbox 1823 4726 1920 4782; x_wconf 74' lang='lat' dir='ltr'><strong>ria:</strong></span> <span class='ocrx_word' id='word_1_733' title='bbox 1946 4723 2393 4794; x_wconf 85' lang='lat' dir='ltr'><strong>principatusqne</strong></span> <span class='ocrx_word' id='word_1_734' title='bbox 2420 4720 2617 4790; x_wconf 87' lang='lat' dir='ltr'><strong>gratia,</strong></span> <span class='ocrx_word' id='word_1_735' title='bbox 2639 4718 2805 4775; x_wconf 77' lang='lat' dir='ltr'><strong>falsas</strong></span> <span class='ocrx_word' id='word_1_736' title='bbox 2838 4734 2903 4773; x_wconf 87' lang='lat' dir='ltr'><strong>ac</strong></span> <span class='ocrx_word' id='word_1_737' title='bbox 2934 4732 3106 4775; x_wconf 83' lang='lat' dir='ltr'><strong>novas</strong></span> <span class='ocrx_word' id='word_1_738' title='bbox 3138 4714 3424 4785; x_wconf 82' lang='lat' dir='ltr'><strong>opiniones</strong></span> 
     </span>
    </p>
   </div>
   <div class='ocr_carea' id='block_1_100' title="bbox 1823 4804 3423 4888">
    <p class='ocr_par' dir='ltr' id='par_1_100' title="bbox 1823 4804 3423 4888">
     <span class='ocr_line' id='line_1_100' title="bbox 1823 4804 3423 4888; baseline -0.009 -16"><span class='ocrx_word' id='word_1_739' title='bbox 1823 4818 1907 4872; x_wconf 83' lang='lat' dir='ltr'><strong>vel</strong></span> <span class='ocrx_word' id='word_1_740' title='bbox 1956 4816 2131 4888; x_wconf 85' lang='lat' dir='ltr'><strong>gignit</strong></span> <span class='ocrx_word' id='word_1_741' title='bbox 2174 4814 2259 4869; x_wconf 87' lang='lat' dir='ltr'><strong>vel</strong></span> <span class='ocrx_word' id='word_1_742' title='bbox 2302 4815 2567 4884; x_wconf 82' lang='lat' dir='ltr'><strong>sequitur.</strong></span> <span class='ocrx_word' id='word_1_743' title='bbox 2609 4811 2703 4867; x_wconf 79' lang='lat' dir='ltr'><strong>Ille</strong></span> <span class='ocrx_word' id='word_1_744' title='bbox 2755 4821 2935 4868; x_wconf 88' lang='lat' dir='ltr'><strong>autem</strong></span> <span class='ocrx_word' id='word_1_745' title='bbox 2972 4808 3079 4880; x_wconf 84' lang='lat' dir='ltr'><strong>qui</strong></span> <span class='ocrx_word' id='word_1_746' title='bbox 3115 4804 3423 4874; x_wconf 73' lang='lat' dir='ltr'><strong>huiusmodi</strong></span> 
     </span>
    </p>
   </div>
   <div class='ocr_carea' id='block_1_101' title="bbox 1823 4894 3425 4975">
    <p class='ocr_par' dir='ltr' id='par_1_101' title="bbox 1823 4894 3425 4975">
     <span class='ocr_line' id='line_1_101' title="bbox 1823 4894 3425 4975; baseline -0.011 -12"><span class='ocrx_word' id='word_1_747' title='bbox 1823 4907 2030 4965; x_wconf 82' lang='lat' dir='ltr'><strong>homini</strong></span> <span class='ocrx_word' id='word_1_748' title='bbox 2061 4904 2259 4971; x_wconf 90' lang='lat' dir='ltr'><strong>credit,</strong></span> <span class='ocrx_word' id='word_1_749' title='bbox 2291 4907 2459 4962; x_wconf 74' lang='lat' dir='ltr'><strong>homo</strong></span> <span class='ocrx_word' id='word_1_750' title='bbox 2477 4910 2564 4959; x_wconf 83' lang='lat' dir='ltr'><strong>est</strong></span> <span class='ocrx_word' id='word_1_751' title='bbox 2619 4903 3006 4975; x_wconf 76' lang='lat' dir='ltr'><strong>imaginatione</strong></span> <span class='ocrx_word' id='word_1_752' title='bbox 3027 4896 3264 4970; x_wconf 80' lang='lat' dir='ltr'><strong>quadam</strong></span> <span class='ocrx_word' id='word_1_753' title='bbox 3302 4894 3425 4964; x_wconf 78' lang='lat' dir='ltr'><strong>pie-</strong></span> 
     </span>
    </p>
   </div>
   <div class='ocr_carea' id='block_1_102' title="bbox 1826 4995 3413 5055">
    <p class='ocr_par' dir='ltr' id='par_1_102' title="bbox 1826 4995 3413 5055">
     <span class='ocr_line' id='line_1_102' title="bbox 1826 4995 3413 5055; baseline -0.012 -4"><span class='ocrx_word' id='word_1_754' title='bbox 1826 4998 1954 5055; x_wconf 85' lang='lat' dir='ltr'><strong>tatis</strong></span> <span class='ocrx_word' id='word_1_755' title='bbox 1984 4995 2194 5052; x_wconf 89' lang='lat' dir='ltr'><strong>illusus.</strong></span> <span class='ocrx_word' id='word_1_756' title='bbox 2228 5014 2246 5047; x_wconf 77' lang='grc' dir='ltr'><strong><em>ι</em></strong></span> <span class='ocrx_word' id='word_1_757' title='bbox 3406 5014 3413 5023; x_wconf 65' lang='grc' dir='ltr'>η</span> 
     </span>
    </p>
   </div>
   <div class='ocr_carea' id='block_1_103' title="bbox 1900 5082 3412 5163">
    <p class='ocr_par' dir='ltr' id='par_1_103' title="bbox 1900 5082 3412 5163">
     <span class='ocr_line' id='line_1_103' title="bbox 1900 5082 3412 5163; baseline -0.009 -19"><span class='ocrx_word' id='word_1_758' title='bbox 1900 5089 1985 5144; x_wconf 84' lang='lat' dir='ltr'><strong>Vl.</strong></span> <span class='ocrx_word' id='word_1_759' title='bbox 2013 5089 2073 5143; x_wconf 90' lang='lat' dir='ltr'><strong>ln</strong></span> <span class='ocrx_word' id='word_1_760' title='bbox 2109 5088 2393 5163; x_wconf 84' lang='lat' dir='ltr'><strong>privilegio</strong></span> <span class='ocrx_word' id='word_1_761' title='bbox 2432 5086 2780 5145; x_wconf 84' lang='lat' dir='ltr'><strong>Belvacensis</strong></span> <span class='ocrx_word' id='word_1_762' title='bbox 2825 5082 3103 5145; x_wconf 78' lang='lat' dir='ltr'><strong>Ecclesiae,</strong></span> <span class='ocrx_word' id='word_1_763' title='bbox 3131 5086 3412 5132; x_wconf 72' lang='lat' dir='ltr'><strong>consensu</strong></span> 
     </span>
    </p>
   </div>
   <div class='ocr_carea' id='block_1_104' title="bbox 1827 5165 3422 5252">
    <p class='ocr_par' dir='ltr' id='par_1_104' title="bbox 1827 5165 3422 5252">
     <span class='ocr_line' id='line_1_104' title="bbox 1827 5165 3422 5252; baseline -0.006 -13"><span class='ocrx_word' id='word_1_764' title='bbox 1827 5181 2010 5239; x_wconf 85' lang='lat' dir='ltr'><strong>domui</strong></span> <span class='ocrx_word' id='word_1_765' title='bbox 2038 5178 2222 5235; x_wconf 66' lang='grc' dir='ltr'><strong>Κποιί</strong></span> <span class='ocrx_word' id='word_1_766' title='bbox 2265 5197 2363 5239; x_wconf 87' lang='lat' dir='ltr'><strong>nos</strong></span> <span class='ocrx_word' id='word_1_767' title='bbox 2411 5178 2654 5252; x_wconf 83' lang='lat' dir='ltr'><strong>episcopi</strong></span> <span class='ocrx_word' id='word_1_768' title='bbox 2703 5186 2941 5249; x_wconf 89' lang='lat' dir='ltr'><strong>quatuor</strong></span> <span class='ocrx_word' id='word_1_769' title='bbox 2988 5165 3422 5242; x_wconf 69' lang='lat' dir='ltr'><strong>provinciarum.</strong></span> 
     </span>
    </p>
   </div>
   <div class='ocr_carea' id='block_1_105' title="bbox 1824 5260 3416 5304">
    <p class='ocr_par' dir='ltr' id='par_1_105' title="bbox 1824 5260 3416 5304">
     <span class='ocr_line' id='line_1_105' title="bbox 1824 5260 3416 5304; baseline -0.006 0"><span class='ocrx_word' id='word_1_770' title='bbox 1824 5273 2159 5304; x_wconf 59' lang='lat' dir='ltr'><strong>“Lamum-am</strong></span> <span class='ocrx_word' id='word_1_771' title='bbox 2186 5273 2397 5302; x_wconf 67' lang='grc' dir='ltr'><strong>οΛῖΙΞου-ιι</strong></span> <span class='ocrx_word' id='word_1_772' title='bbox 2486 5273 2524 5300; x_wconf 80' lang='lat' dir='ltr'><strong>D</strong></span> <span class='ocrx_word' id='word_1_773' title='bbox 2539 5268 3010 5300; x_wconf 69' lang='lat' dir='ltr'><strong>Lnlnmnnnno:um</strong></span> <span class='ocrx_word' id='word_1_774' title='bbox 3066 5260 3416 5298; x_wconf 69' lang='grc' dir='ltr'><strong>Τιινηηηνιιηι</strong></span> 
     </span>
    </p>
   </div>
  </div>
