4012 6318
497 388 598 445 951

1435 386 1763 443 HINCMARI
1804 382 2202 444 RIIEMENSIS
2240 384 2762 445 ARCHIEPISCOPI

3688 389 3795 445 252

501 519 693 569 contra
722 524 844 566 eam
871 507 1057 566 venire
1083 508 1398 575 tentaverit,
1417 523 1569 563 reum
1597 523 1655 563 se
1686 506 2091 577 divinojudicio
2118 515 2170 575 Α
2195 522 2342 572 vere,
2377 523 2440 562 ac
2464 523 2564 579 per
2604 507 2708 563 hoc
2738 522 2837 564 nec
2878 507 3270 564 absolutionem
3303 516 3504 565 sanetae
3535 507 3795 568 Ecclesia:

503 606 736 663 existere
766 603 834 658 de
855 612 1164 675 perpetrata
1210 602 1498 674 iniquitate
1527 610 1839 671 cognoscat.
1876 601 1943 655 Et
1988 602 2091 657 nisi

500 698 587 755 vel
635 712 696 752 ea
743 710 863 766 quae
898 696 968 751 ab
1026 694 1117 751 illo
1157 702 1283 750 sunt
1336 693 1474 763 male
1525 693 1703 750 ablata
1751 691 2092 759 restituerit,

508 793 592 847 vel
620 792 780 862 digna
824 788 1143 860 poenitentia
1198 788 1381 844 illicita
1422 796 1542 845 acta
1591 787 1907 853 deﬂevcrit,
1956 803 1987 842 a
2015 803 2095 851 sa-

503 885 813 943 cratissimo
864 897 1094 959 corpore
1143 897 1207 938 ac
1248 882 1510 953 sanguine
1572 881 1664 936 Dei
1720 880 1935 935 Domini
1986 880 2095 935 Ite-

500 976 802 1051 dcmptoris
832 976 1003 1033 nostri
1050 974 1179 1032 Jesu
1229 974 1433 1031 Christi
1466 974 1676 1029 alienus
1710 962 1802 1027 fiat
1847 980 2012 1043 atque
2041 972 2093 1026 in

499 1078 703 1127 aeterno
730 1067 992 1124 'cxamine
1014 1066 1277 1122 districta:
1299 1065 1488 1120 ultioni
1532 1063 1828 1132 subjaceat.
1876 1083 1893 1115 ι
1926 1062 1992 1117 Et
2040 1062 2093 1117 in

500 1161 605 1217 hac
628 1159 1017 1219 constitutione
1042 1167 1228 1215 nostra
1271 1157 1486 1213 Domini
1511 1157 1669 1213 nobis
1700 1154 1941 1211 adfuisse
1956 1169 2097 1229 prte-

498 1256 729 1313 sentiam
769 1254 1064 1320 credhnus,
1114 1250 1412 1311 secundum
1474 1249 1892 1322 promissionem
1942 1262 2094 1303 suam

498 1363 602 1420 qua
627 1347 795 1402 dicit:
829 1343 928 1401 Ubi
956 1346 1173 1417 fuerunt
1202 1343 1505 1417 congregati
1538 1344 1643 1397 duo
1672 1352 1761 1396 aut
1791 1351 1895 1399 tres
1918 1342 1970 1396 in
1999 1358 2094 1395 no-

499 1441 638 1495 mine
662 1456 799 1504 meo,
823 1438 893 1492 ibi
925 1454 1041 1501 sum
1076 1438 1130 1491 in
1164 1436 1333 1491 medio
1375 1451 1556 1491 eorum
1584 1432 1798 1505 (Matth.
1824 1431 2003 1511 xvm).
2038 1431 2095 1487 Si

498 1549 628 1605 ergo
663 1534 852 1588 adesse
882 1531 1139 1607 dignatur
1166 1531 1259 1589 ubi
1306 1529 1512 1587 fuerint
1553 1529 1659 1585 duo
1713 1528 1793 1583 vel
1826 1536 1939 1585 tres
1969 1534 2097 1583 co'no

492 1627 707 1703 gregati
760 1627 815 1681 in
866 1625 1087 1687 nomine
1118 1640 1237 1689 suo,
1270 1633 1475 1696 quanto
1525 1622 1698 1694 magis
1741 1638 1847 1689 non
1900 1622 2092 1687 deerit,

490 1719 587 1781 ubi
623 1718 807 1792 plures
832 1717 1217 1777 auctoritatem
1252 1716 1399 1773 illius
1431 1726 1725 1788 sequentes
1760 1716 2097 1785 conveniunt

503 1810 586 1867 vel
614 1796 963 1866 consentiunt
1002 1806 1351 1865 sacerdotes?
1397 1807 1500 1881 Qui
1545 1816 1724 1862 autem
1760 1821 1825 1861 ex
1876 1805 1962 1861 his
2004 1807 2095 1879 qui

2197 596 2360 671 quam
2393 609 2614 671 praestat
2665 600 2913 657 lidclibus
2944 617 3127 656 veram
3163 610 3393 673 putant,
3444 602 3488 658 si
3532 602 3794 676 ligaturas

2197 696 2312 764 ejus
2333 696 2516 752 valere
2549 711 2657 753 non
2681 697 2969 757 aestimant.
2987 695 3189 752 Contra
3220 711 3355 771 quos
3387 696 3591 753 diutius
3614 698 3793 769 dispu-

2199 789 2421 851 tandum
2449 805 2554 847 non
2579 799 2679 857 est,
2705 790 2830 867 quia
2856 806 2955 860 per
2984 790 3167 847 onmia
3201 789 3532 861 despiciendi
3564 799 3622 845 ct
3660 807 3791 847 ana-

2198 882 2587 940 thematizandi
2630 890 2775 948 sunt,
2803 891 2855 937 et
2878 882 3018 937 unde
3051 897 3111 939 se
3147 881 3336 936 fallere
3364 881 3657 939 veritatem
3680 900 3793 951 cre-

2198 974 2492 1039 dunt,indc
2518 976 2568 1031 in
2596 975 2829 1047 peccatis
2852 974 2963 1029 suis
2985 974 3255 1039 veraciter
3280 974 3543 1045 ligantur,
3591 990 3793 1047 eosque

2198 1075 2253 1120 et
2282 1081 2401 1141 ego,
2450 1078 2502 1129 et
2529 1083 2717 1124 omnes
2750 1067 3001 1123 catholici
3040 1068 3305 1141 episc0pi,
3334 1076 3498 1138 atque
3538 1066 3791 1125 universa

2201 1159 2463 1225 Ecclesia,
2506 1161 3052 1228 anathematizamus,
3084 1162 3211 1230 quia
3261 1158 3476 1219 veritati
3504 1159 3793 1227 contrariae

2200 1252 2441 1309 sentiunt
2467 1263 2522 1308 et
2550 1230 2827 1309 contraria
2859 1252 3171 1329 loquuntur.
3206 1273 3223 1306 ι

2254 1344 2383 1403 Vlll.
2410 1345 2568 1407 Sacri
2604 1345 2835 1415 denique
2868 1344 3068 1403 Nicmni
3111 1360 3347 1423 canones
3373 1345 3702 1413 dcccrnunt,
3730 1345 3794 1401 de

2197 1440 2283 1497 bis
2318 1441 2408 1513 qui
2442 1441 2818 1503 communione
2850 1441 3162 1513 privantur,
3188 1455 3286 1505 seu
3320 1456 3385 1496 ex
3413 1440 3564 1499 clero
3606 1455 3702 1497 seu
3728 1454 3793 1495 ex

2200 1533 2337 1591 laico
2364 1533 2554 1588 ordine
2584 1533 2753 1605 (conc.
2775 1531 2897 1587 Nic.
2929 1531 3165 1597 (111.525,
3195 1532 3389 1605 can.5)
3411 1551 3423 1586 :
3447 1551 3465 1584 ι
3487 1532 3795 1605 Ahepisco-

2197 1625 2279 1701 pis
2302 1640 2397 1695 per
2422 1638 2859 1694 unamquamque
2877 1623 3215 1696 provinciam
3236 1624 3504 1683 sententia
3526 1623 3796 1695 regularis

2200 1715 2463 1781 obtineat,
2496 1725 2553 1771 ut
2576 1715 2632 1772 hi
2666 1720 2756 1787 qui
2782 1714 3112 1787 abjiciuutur
3140 1716 3208 1772 alt
3238 1715 3357 1772 aliis
3385 1731 3493 1777 non
3526 1716 3796 1791 recipian-

2205 1816 2309 1862 tur.
2353 1829 2369 1860 ι
2406 1809 2481 1865 De
2526 1807 2683 1879 cujus
2734 1810 2915 1881 magni
2968 1809 3181 1867 concilii
3235 1808 3523 1881 privilegio
3570 1818 3798 1871 sanctus

490 1903 609 1979 jam
650 1904 715 1958 ad
769 1902 1055 1961 Dominum
1103 1908 1465 1979 perrexerunt
1516 1900 1569 1955 in
1627 1899 1849 1956 sedibus
1906 1904 2172 1965 eorum‘B
2202 1900 2441 1957 Hilarius
2494 1911 2548 1956 et
2584 1901 2778 1957 beatus
2807 1900 3130 1961 Ambrosius
3159 1900 3480 1963 mirabiliter
3508 1899 3795 1964 scribunt;

502 2001 911 2061 successerunt,
950 1993 1092 2051 sicut
1122 2002 1343 2050 sanctus
1375 1992 1609 2050 Siricius
1629 1993 1683 2049 in
1716 1992 1950 2051 decretis
1981 1991 2094 2047 suis

503 2085 863 2157 demonstrat,
894 2083 950 2140 in
982 2099 1171 2149 eorum
1199 2084 1415 2140 labores
1441 2100 1712 2155 curasque
1735 2083 1935 2139 debent
1974 2098 2095 2138 suc-

502 2178 719 2251 cedere,
748 2186 803 2233 et
832 2188 1354 2251 qumantecessores
1388 2190 1575 2239 eorum
1608 2184 1911 2233 statuerant
1936 2192 2093 2248 regu-

496 2268 709 2339 lariter,
757 2270 1042 2329 conamine
1070 2286 1282 2327 summo
1322 2269 1629 2326 defendere.
1692 2267 1825 2324 Nam
1854 2310 1870 2335 ,
1918 2268 2095 2341 inquit

507 2350 869 2439 Simmachus
894 2377 1055 2433 papa,
1086 2381 1105 2413 ι
1140 2360 1275 2418 Dum
1318 2361 1385 2417 ad
1407 2359 1695 2417 Trinitatis
1719 2360 1913 2427 instar,
1945 2359 2099 2433 cujus

503 2468 608 2509 una
636 2460 720 2506 est
750 2460 913 2527 atque
936 2451 1210 2509 individua
1235 2460 1497 2527 potestas,
1521 2468 1688 2511 unum
1713 2452 1783 2506 sit
1805 2467 1902 2522 per
1923 2451 2098 2506 diver-

400 2578 403 2581 ‹
502 2558 591 2601 sos
643 2543 920 2599 antistites
969 2546 1358 2612 sacerdotium,
1407 2544 1864 2616 quemadmodum
1915 2543 2097 2617 priora

505 2643 708 2691 statuta
735 2652 765 2687 a
798 2635 1155 2723 sequentibus
1183 2636 1439 2691 convenit
1472 2634 1700 2691 violari?
1731 2633 1846 2693 Huc
1891 2632 2100 2689 accedit

504 2725 649 2809 quod
680 2724 797 2780 haec
822 2724 864 2779 si
888 2725 1105 2807 eveniat
1132 2726 1526 2781 sententiarum
1551 2726 1811 2790 varietas,
1831 2723 1897 2779 ad
1924 2725 2097 2795 ipsam

504 2825 911 2876 sacrosanctam
953 2817 1282 2874 catholicam
1312 2818 1633 2892 religionem
1661 2817 1937 2874 credimus
1977 2831 2099 2889 per-

506 2908 703 2974 tinere,
739 2906 891 2983 cujus
931 2910 1110 2971 omnis
1138 2918 1383 2989 potestas
1427 2908 1743 2982 infringitur
1770 2950 1785 2975 ,
1831 2908 1934 2964 nisi
1980 2909 2099 2964 uni-

504 3012 665 3055 versa
697 3017 818 3072 qua:
846 3016 877 3055 a
925 3000 1139 3057 Domini
1172 3003 1549 3059 sacerdotibus
1590 3001 1756 3057 semel
1786 3009 2101 3057 statuuntur

510 3100 770 3165 perpetua
802 3093 932 3161 sint,
961 3095 1104 3165 quod
1134 3093 1268 3151 alias
1298 3095 1614 3167 contingere
1653 3093 1877 3166 poterit,
1902 3094 1948 3148 si
1980 3108 2101 3149 suc—

511 3201 696 3244 cessor
726 3187 1027 3249 decessoris
1055 3188 1265 3243 actibus
1287 3204 1394 3244 non
1418 3188 1669 3245 tribuerit
1692 3186 2026 3253 firmitatem,
2048 3194 2102 3241 et

2201 1995 2294 2050 sed
2325 2001 2380 2049 et
2412 2009 2638 2065 magnus
2662 1991 2772 2055 Leo
2798 2007 2932 2069 papa
2962 1992 3092 2047 dicit
3118 1990 3291 2064 (epist.
3314 1990 3433 2057 106,
3448 1992 3525 2053 ad
3550 1992 3799 2057 Anatpl.,

2200 2103 2249 2143 ο.
2276 2087 2312 2141 2
2351 2095 2407 2141 et
2450 2084 2541 2157 It):
2582 2084 2819 2151 «Tanto,
2862 2084 3152 2157 inquiens,
3209 2084 3467 2153 divinitus
3510 2085 3801 2157 privilegio

2199 2176 2415 2234 Nicaena
2447 2185 2530 2232 est
2558 2178 2794 2253 synodus
2837 2185 3182 2244 consecrata,
3216 2184 3273 2230 ut
3306 2177 3418 2232 sive
3442 2191 3542 2248 per
3569 2178 3797 2250 paucio-

2199 2287 2309 2337 res,
2340 2271 2455 2328 slve
2477 2288 2573 2347 per
2590 2271 2775 2345 plures
2799 2271 3171 2327 ecclesiastica
3188 2270 3393 2343 judicia
3420 2268 3797 2333 celebrentur,

2200 2364 2348 2421 omni
2377 2365 2593 2435 penitus
2642 2364 2967 2419 auctoritate
3005 2363 3076 2419 sit
3104 2379 3359 2431 vacuum,
3414 2363 3680 2446 quidquid
3727 2365 3799 2421 ab

2202 2456 2415 2511 illorum
2472 2454 2636 2511 fuerit
2679 2455 3070 2511 constitutione
3112 2455 3409 2511 diversum.
3472 2475 3489 2509 ι
3541 2454 3609 2511 Et
3665 2455 3798 2510 item

2203 2544 2375 2617 (epist.
2412 2543 2502 2621 55)
2539 2560 2553 2599 :
2586 2565 2603 2597 ‹
2635 2534 2822 2601 sancti
2862 2544 2937 2600 illi
2968 2553 3023 2600 et
3063 2543 3406 2607 venerabiles
3459 2544 3673 2615 Patres,
3701 2546 3797 2616 qui

2203 2638 2257 2694 in
2304 2624 2436 2693 uibe
2467 2636 2705 2701 Nicmna,
2736 2637 2999 2713 sacrilego
3046 2638 3177 2693 Ario
3216 2655 3338 2695 cum
3382 2654 3481 2705 sua
3514 2639 3802 2721 impietate

2203 2731 2499 2797 damnato,
2546 2745 2833 2786 mansuras
2879 2746 3050 2803 usque
3094 2730 3148 2785 in
3200 2730 3361 2785 ﬁnem
3408 2730 3595 2791 mundi
3649 2729 3802 2803 leges

2204 2820 2719 2878 ecclesiasticorum'
2758 2838 3029 2879 canonum
3089 2822 3493 2891 condiderunt,
3553 2832 3606 2879 et
3653 2823 3803 2895 apud

2203 2928 2303 2968 nos
2348 2912 2403 2968 in
2446 2921 2559 2969 toto
2600 2914 2731 2969 orbe
2764 2923 3033 2969 terrarum
3066 2914 3120 2973 in
3167 2914 3280 2969 suis
3314 2898 3803 2970 constitutionibus

2206 3005 2413 3070 vivunt,
2439 3012 2493 3059 et
2541 3006 2586 3060 si
2619 3005 2749 3077 quid
2783 3019 3011 3077 usquam
3037 3005 3197 3062 aliter
3226 3021 3388 3077 quam
3429 3005 3504 3063 illi
3552 3013 3804 3062 statuere

2205 3099 2587 3171 praesumitur,
2631 3098 2749 3154 sine
2800 3099 3147 3155 cunctatione
3193 3107 3460 3156 cassatur.
3510 3116 3531 3151 ι
3564 3097 3635 3154 Et
3669 3099 3803 3155 item

2207 3188 2351 3245 idem
2378 3190 2431 3244 in
2462 3189 2719 3246 decretali
2769 3206 2868 3248 sua
2896 3190 3124 3263 epistola
3172 3190 3364 3265 (epist.
3396 3190 3487 3263 12,
3532 3192 3603 3248 ad
3634 3192 3800 3262 cpite.

505 3278 813 3336 roborando
841 3296 960 3357 quae
982 3289 1136 3352 gesta
1165 3290 1291 3336 sunt
1327 3280 1491 3336 faciat
1527 3287 1641 3336 rata
1681 3293 1802 3336 esse
1839 3294 1958 3357 quae
1984 3294 2103 3350 ges-
2132 3281 2177 3346 Ε
2208 3281 2404 3351 Afric.,
2454 3301 2501 3338 ε.
2534 3282 2592 3355 2)
2627 3298 2642 3337 :
2679 3301 2698 3335 ί
2734 3283 2886 3339 Beati
2918 3282 3065 3341 Pauli
3107 3282 3337 3361 apostoli
3384 3299 3485 3357 per
3533 3283 3805 3356 Spiritum

506 3377 658 3434 serit.
697 3376 910 3446 Quanta
933 3377 1078 3433 enim
1117 3376 1335 3432 vicariis
1371 3375 1669 3432 beatissimi
1693 3374 1839 3433 Petri
1869 3372 2098 3446 apostoli

502 3466 839 3545 iudicabitur
881 3484 1003 3523 esse
1052 3470 1394 3533 reverentia,
1453 3469 1499 3523 si
1553 3483 1674 3543 quae
1705 3466 1758 3522 in
1795 3466 2102 3531 sacerdotio

498 3563 852 3643 praacipiunt,
885 3563 1072 3625 iisdem
1106 3564 1507 3620 transeuntibus
1540 3560 1943 3618 dissolvantur?
1990 3580 2008 3611 ι

464 3714 471 3719 ,
581 3655 690 3715 Vll.
724 3657 780 3712 In
804 3657 1096 3735 privilegio
1127 3657 1307 3714 domui
1346 3671 1501 3727 papa:
1530 3653 1759 3723 Nicolai,
1789 3653 1932 3725 quod
1965 3661 2102 3709 tem-

504 3760 640 3829 pore
683 3746 886 3814 Odonis
917 3748 1159 3825 episcopi
1207 3747 1454 3804 ecclesia:
1484 3746 1797 3804 Belvacensi
1852 3745 2101 3813 contulit,

506 3844 578 3907 ad
620 3843 796 3903 locum
826 3845 905 3909 ita
942 3844 1208 3917 scriptum
1236 3851 1319 3898 est
1348 3860 1361 3898 :
1396 3860 1416 3894 ι
1451 3840 1637 3897 Nullus
1668 3842 1854 3915 itaque
1886 3855 2095 3917 regum,

514 3936 979 4011 nullusjutlicum,
1002 3936 1181 4000 nullus
1209 3936 1578 4007 cujuscunque
1609 3933 1886 3993 smcularis
1911 3940 2106 4005 poten-

505 4029 600 4093 tia!
628 4030 890 4103 dignitate
916 4027 1083 4091 fultus
1103 4066 1119 4094 ,
1149 4027 1202 4083 in
1233 4028 1397 4083 rebus
1425 4026 1509 4081 vel
1540 4026 1681 4081 villis
1726 4026 1810 4079 vel
1842 4026 1988 4096 agris
2017 4022 2103 4077 vel

508 4121 816 4194 mancipiis,
844 4120 930 4185 vel
959 4119 1221 4191 quidquid
1276 4118 1344 4175 ad
1396 4117 1727 4179 monasteria
1780 4116 1980 4179 ibidem
2020 4113 2109 4170 de-

512 4215 715 4287 scripta
750 4214 1009 4273 collatum
1061 4213 1243 4285 fuerit,
1285 4219 1613 4284 potestatem
1645 4210 1845 4273 habeat
1891 4208 1975 4265 vel
2007 4208 2106 4264 do-

515 4306 756 4367 minandi
786 4307 870 4362 vel
898 4307 1218 4381 accipiendi,
1260 4306 1344 4362 vel
1391 4303 1694 4371 auferendi,
1743 4311 1942 4375 praeter
1990 4303 2106 4375 cpi-

520 4413 746 4469 sc0pdnm
799 4398 1165 4466 Belvacensis,
1210 4401 1302 4470 qui
1342 4413 1442 4470 per
1478 4411 1691 4469 tempus
1736 4393 2106 4473 iueritjeidem

510 4491 772 4571 praelatus
814 4494 1057 4553 ecclesiae
1101 4508 1116 4549 :
1152 4493 1249 4551 sed
1280 4492 1541 4565 quidquid
1572 4492 1624 4546 in
1657 4505 1791 4547 auro
1828 4489 1912 4545 vel
1941 4490 1993 4545 in
2024 4504 2109 4549 ar-

512 4592 707 4658 gento,
754 4584 841 4642 vel
880 4585 937 4645 in
985 4601 1310 4661 quacunque
1348 4584 1697 4657 supellectili,
1751 4584 1833 4641 vel
1868 4583 1920 4637 in
1959 4581 2108 4638 omni

2206 3374 2302 3433 Dei
2334 3375 2531 3432 emissa
2562 3377 2854 3450 praeceptio
2885 3387 2993 3444 est,
3023 3394 3128 3451 qua
3156 3378 3210 3435 in
3258 3393 3490 3452 persona
3521 3378 3801 3439 Timothei

2206 3470 2448 3526 omnium
2476 3468 2681 3527 Christi
2731 3471 3073 3529 sacerdotum
3130 3487 3392 3535 numerus
3439 3472 3706 3533 eruditur,
3750 3480 3809 3527 et

2207 3560 2436 3634 proinde
2468 3562 2764 3633 unicuique
2793 3571 3040 3619 nostrum
3068 3562 3267 3621 dicitur
3294 3582 3308 3618 :
3360 3561 3559 3619 Manus
3606 3562 3809 3617 nemini

2202 3640 2311 3709 ~cito
2342 3655 2687 3725 imposueris,
2733 3672 2894 3728 neque
2943 3657 3291 3717 communire;
3339 3654 3566 3725 peccatis
3611 3654 3806 3717 alienis

2211 3744 2259 3817 (I
2283 3742 2417 3800 Tim.
2449 3744 2533 3817 v);
2558 3766 2576 3798 ι
2604 3754 2661 3802 et
2678 3745 2839 3818 paulo
2860 3756 2982 3820 post
3016 3762 3031 3801 :
3061 3767 3081 3801 ι
3112 3746 3252 3817 Quid
3275 3756 3361 3811 est
3393 3747 3807 3805 communicare

2208 3822 2447 3911 peccatis
2474 3837 2686 3907 alienis,
2716 3840 2822 3897 nisi
2856 3838 3018 3896 talem
3046 3838 3186 3896 eiIici
3206 3840 3635 3911 ordinationem,
3663 3855 3803 3911 qua-

2209 3926 2279 3984 lis
2310 3929 2401 3985 ille
2421 3937 2508 3986 est
2527 3930 2621 4001 qui
2652 3946 2759 3986 non
2784 3932 2982 3987 meruit
3001 3930 3280 3997 ordinari?
3305 3932 3443 3988 sicut
3489 3931 3637 3987 enim
3680 3930 3811 3989 boni

2210 4024 2391 4095 operis
2421 4024 2523 4081 sibi
2551 4034 2835 4096 comparat
2864 4025 3123 4094 fructum,
3166 4028 3257 4100 qui
3299 4035 3507 4084 rectum
3559 4035 3710 4083 tenet
3752 4025 3811 4081 in

2211 4118 2460 4191 eligendo
2501 4120 2785 4178 sacerdote
2826 4122 3125 4194 judicium,
3175 4122 3251 4179 ita
3300 4121 3451 4197 gravi
3481 4120 3811 4192 semctipum

2211 4213 2377 4270 allicit
2407 4214 2627 4283 damno,
2666 4216 2758 4288 qui
2791 4216 2844 4271 in
2885 4231 3043 4273 suum
3086 4215 3375 4287 collegium
3404 4213 3636 4271 assumit
3672 4212 3814 4266 indi-

2208 4321 2393 4379 gnum,
2410 4303 2529 4365 Non
2551 4322 2682 4383 ergo
2697 4308 2751 4364 in
2772 4306 3096 4380 cujusquam
3123 4321 3360 4378 persona
3382 4305 3813 4378 praetermitten~

2212 4398 2338 4459 dum
2372 4408 2473 4467 est,
2507 4400 2654 4471 quod
2678 4400 2947 4467 institutis
2966 4399 3317 4471 generalibus
3348 4398 3682 4467 continetur,
3713 4410 3816 4451 nec

2212 4489 2485 4563 putandus
2509 4497 2592 4545 est
2625 4490 2917 4559 honor,ille
2949 4490 3253 4563 legitimus,
3301 4489 3393 4561 qui
3428 4488 3593 4546 fuerit
3617 4498 3813 4546 contra

2213 4580 2409 4638 divinae
2435 4581 2570 4654 legis
2582 4592 2851 4654 praecepta
2883 4582 3129 4641 collatus.
3163 4602 3180 4635 ι
3204 4582 3271 4636 Et
3294 4582 3424 4639 item
3448 4581 3625 4639 idem:
3659 4600 3678 4633 ι
3705 4579 3813 4641 Su—

518 4675 791 4745 facultatis
818 4679 1119 4743 substantia
1164 4679 1295 4755 ipsis
1320 4688 1406 4735 est
1449 4677 1797 4733 monasteriis
1827 4675 1987 4731 hodie
2018 4675 2109 4729 de-
2140 4672 2190 4737 D
2215 4673 2419 4745 perilue
2448 4682 2603 4730 extra
2636 4673 2935 4729 Ecclesium
2962 4674 3155 4749 positis
3184 4674 3513 4739 resistimus,
3538 4672 3583 4729 si
3624 4673 3699 4727 ab
3728 4672 3817 4729 his

516 4766 788 4841 legatum,
841 4769 925 4827 vel
981 4768 1175 4826 futuris
1217 4770 1554 4853 temporibus
1611 4769 1775 4823 fuerit
1830 4766 2105 4835 collatum,

519 4861 759 4937 episcopi
796 4859 1144 4927 Belvacensis
1169 4862 1538 4921 distributioni
1566 4868 1623 4917 et
1648 4860 1978 4917 ordinationi
2016 4860 2111 4914 fiat

526 4953 852 5021 subiectura,
896 4969 997 5011 nec
1022 4954 1247 5010 alterius
1270 4956 1570 5026 potestatis
1588 4953 1679 5024 jus
1700 4955 1788 5011 vel
1813 4953 2111 5011 dominatio

521 5062 685 5120 super
712 5047 791 5102 eis
818 5054 1142 5117 potestatem
1179 5047 1457 5119 aliquam,
1502 5048 1605 5104 nisi
1636 5056 1899 5125 quantmn
1931 5046 2110 5103 divina

523 5141 821 5225 auctoritas
842 5149 897 5199 et
916 5141 1003 5201 lex
1034 5149 1090 5198 et
1108 5142 1319 5213 justitia
1348 5142 1636 5212 permittit,
1655 5142 2108 5201 obtineat.........

524 5233 695 5291 oculis
742 5235 810 5291 ad
856 5235 1036 5306 ignem
1080 5242 1401 5307 perpetuum
1462 5234 1641 5291 vadat.
1694 5231 1847 5290 Unde
1903 5233 2002 5305 ipsi
2058 5242 2114 5289 et

523 5326 641 5383 auis
664 5325 1016 5397 complicibus
1038 5326 1358 5383 inculcanda
1392 5335 1475 5381 est
1502 5326 1767 5381 sententia
1800 5326 1941 5381 beati
1977 5325 2112 5383 Gre-

528 5417 686 5486 gorii,
718 5433 880 5489 quam
915 5416 970 5475 in
1001 5418 1227 5493 epistola
1259 5418 1573 5477 Graecorum
1626 5419 1873 5489 partibus
1919 5426 2111 5473 contra

516 5496 761 5577 quatuor
797 5509 935 5565 male
963 5511 1313 5571 sentientium
1343 5510 1576 5581 capitula
1606 5510 1807 5585 posuit,
1840 5510 1933 5583 qui
1978 5524 2111 5567 ana-

533 5599 868 5657 thematizati
892 5619 1015 5657 cum
1056 5604 1176 5661 aliis
1215 5605 1535 5676 perniciosis
1574 5604 1983 5674 persuadebunt
2014 5603 2115 5659 sibi

533 5695 893 5751 anathematis
917 5697 1131 5754 vinculo
1181 5714 1288 5757 non
1319 5699 1511 5757 teneri.
1550 5717 1567 5750 t
1609 5698 1744 5770 Ipsi,
1783 5698 1979 5768 inquit,
2013 5697 2114 5755 sibi

534 5792 702 5842 testes
730 5796 856 5842 sunt
886 5788 1010 5857 quia
1040 5788 1332 5851 Christiani
1379 5806 1484 5851 non
1508 5799 1669 5853 sunt,
1702 5789 1793 5861 qui
1826 5788 2117 5859 ligamenta

533 5884 733 5933 sanctae
780 5877 1038 5934 Ecclesiae
1067 5880 1219 5933 vanis
1269 5895 1327 5936 se
1368 5883 1636 5936 restituant
1684 5880 1968 5935 conatibus
2015 5880 2123 5937 sol-

2216 4766 2309 4836 qui
2358 4766 2503 4823 intus
2548 4775 2677 4821 sunt
2724 4764 2777 4820 in
2823 4764 2902 4821 cis
2946 4781 3083 4837 quos
3120 4765 3397 4836 decipiunt
3439 4762 3813 4821 vulnerantur.

2217 4859 2441 4931 Oportet
2466 4860 2663 4919 etenim
2693 4874 2792 4914 nos
2829 4858 3128 4933 evangelici
3176 4858 3487 4917 meminisse
3522 4857 3815 4929 praecepti,

2217 4953 2359 5027 quod
2391 4952 2460 5006 ab
2487 4952 2599 5027 ipsa
2648 4952 2878 5007 veritate
2923 4951 3262 5027 praecipitur,
3291 4961 3350 5005 ut
3382 4951 3426 5006 si
3462 4965 3563 5005 nos
3593 4949 3816 5009 oculus.

2219 5055 2311 5102 aut
2338 5062 2452 5118 pes,
2483 5056 2576 5101 aut
2605 5042 2828 5102 deutera
2872 5046 3325 5103 scandalizaverit
3353 5061 3569 5112 manus,
3600 5060 3630 5101 a
3663 5060 3816 5101 auu-

2219 5156 2355 5213 page
2378 5141 2622 5211 corporis
2646 5139 2945 5207 auferatur,
2974 5140 3100 5212 quia
3134 5139 3327 5196 melius
3352 5141 3425 5195 sit
3452 5139 3539 5203 his
3564 5139 3619 5195 in
3649 5139 3821 5197 eccle-

2224 5232 2301 5285 sia
2331 5247 2519 5286 carere
2546 5233 2913 5288 membrorum
2940 5272 2955 5301 ,
2986 5248 3149 5304 quam
3193 5248 3319 5291 cum
3352 5234 3488 5307 ipsis
3529 5233 3583 5287 in
3613 5241 3819 5289 aeterna

2198 5380 2203 5389 ,
2224 5323 2304 5379 ire
2328 5324 2607 5396 supplicia.
2645 5344 2661 5376 ι

2294 5414 2609 5487 Abjicienda
2661 5433 2883 5489 prorsus
2929 5418 3188 5491 pestifera
3237 5420 3352 5475 haec
3408 5434 3438 5474 a
3489 5416 3821 5477 sacerdotali

2224 5511 2407 5585 vigore
2446 5512 2708 5582 patientia
2748 5521 2854 5577 est,
2904 5528 3022 5583 quae
3052 5512 3272 5568 sibimet
3304 5512 3546 5585 peccatis
3589 5509 3823 5565 aliorum

2220 5604 2498 5675 parcendo
2524 5620 2632 5659 non
2664 5604 2869 5673 parcit,
2901 5605 3043 5661 sicut
3076 5603 3193 5661 lleli
3224 5606 3497 5677 quondam
3540 5602 3824 5663 sacerdos.

2228 5695 2458 5752 filiorum
2490 5711 2709 5752 suorum
2746 5695 2940 5751 delicta
2978 5696 3280 5762 tolerando.
3308 5713 3432 5755 cum
3460 5685 3597 5771 ipsis
3625 5696 3827 5753 divina:

2218 5788 2444 5862 iustitiae
2472 5789 2796 5846 sententiam
2829 5789 3025 5845 meruit
3066 5791 3326 5861 cxpertiri
3346 5833 3360 5857 ,
3389 5791 3518 5861 quia
3546 5788 3705 5862 segni
3735 5788 3827 5843 in-

2228 5882 2499 5954 dulgentia
2557 5882 2915 5938 dissimutavit
2967 5882 3205 5954 plectere
3258 5893 3598 5955 peccatores.
3652 5881 3828 5953 Igitur
