3950 5396
212 351 336 408 253

1632 351 2011 412 EPISTOL/E.

3404 326 3569 416 est

207 464 381 538 juxta
411 471 743 538 praeceptum
777 463 1001 522 Levitici
1024 508 1037 532 ,
1068 466 1123 523 in
1155 454 1262 537 quo
1302 467 1502 537 ieprosi
1542 467 1824 523 domorum
1856 466 1901 528 Α
1928 465 2251 537 pnecipiunt
2278 467 2495 539 regulae.
2530 469 2888 528 Accusatores
2930 470 3111 529 autem
3138 485 3201 528 ae
3245 480 3412 531 testes
3440 479 3508 533 ad

216 559 435 632 lapides
474 575 506 615 a
555 560 839 615 sacerdote
868 560 1086 635 inspici,
1118 569 1174 617 et
1200 560 1291 632 qui
1322 576 1386 617 ex
1420 562 1497 617 eis
1537 560 1815 639 puriﬁcari

216 656 570 729 nequiverit,
595 654 711 731 jam
741 656 885 712 inter
928 657 1234 713 immundos
1277 657 1615 727 computari,
1663 672 1727 711 ac
1753 654 1819 711 de

208 746 418 807 ’ordine
465 748 792 809 mundorum
830 749 1069 822 lapidum
1104 751 1417 822 praecipitur
1456 751 1606 817 erui,
1653 759 1707 805 et
1753 750 1819 805 de

219 844 435 903 caalesti
482 842 753 913 aedilicio,
800 844 1054 902 videlicet
1099 854 1287 902 sancta
1335 844 1611 911 Ecclesia,
1673 846 1820 900 velut

223 935 479 1009 indignus
503 935 661 1007 abjici
681 977 697 1005 ,
736 950 801 992 ac
833 936 1014 992 divino
1042 938 1291 993 examine
1320 937 1457 1002 alius
1495 938 1586 1008 qui
1624 936 1819 1010 dignus

219 1037 308 1084 est
336 1029 391 1084 in
422 1028 545 1085 loco
577 1026 721 1085 illius
750 1028 1028 1095 substitui,
1066 1030 1191 1101 quia
1225 1043 1368 1100 szepe
1406 1028 1551 1084 fatus
1576 1026 1821 1085 Odacrus

221 1135 338 1175 non
378 1129 461 1175 est
504 1120 737 1177 clericus
785 1119 1110 1179 Rhemensis
1156 1130 1357 1179 nostra:
1401 1120 1725 1195 provinciae,
1767 1128 1823 1175 et

219 1221 418 1267 contra
466 1228 654 1273 sacras
703 1213 851 1289 leges
901 1223 956 1270 et
1003 1214 1221 1287 regulas
1272 1222 1553 1277 vacantem
1602 1221 1822 1284 pastore

218 1302 627 1377 suﬁ‘raganeam
676 1306 989 1379 metropolis
1039 1315 1239 1363 nostrae
1280 1306 1521 1367 ecclesia?
1562 1306 1822 1363 invadere

216 1398 609 1471 praesumpsit,
644 1407 699 1453 et
733 1399 941 1455 reditus
970 1398 1212 1456 ecclesia:
1255 1399 1510 1464 viduatae,
1542 1412 1677 1468 quas
1707 1413 1823 1453 ma-

217 1502 396 1558 gnum
434 1486 874 1547 Chalcedonense
922 1490 1210 1547 concilium
1256 1506 1423 1561 penes
1478 1502 1819 1546 meonomum

218 1575 473 1645 ejusdem
498 1577 746 1636 ecclesia:
774 1580 985 1659 integre
1014 1582 1328 1635 conservari
1358 1580 1622 1653 praecipit,
1655 1580 1824 1635 sacri-

182 1748 189 1753 ‘
220 1668 347 1739 lege
382 1673 694 1747 usurpavit,
721 1689 845 1731 cum
882 1672 1108 1729 diiiinito
1135 1672 1342 1751 judicio
1382 1673 1553 1746 ipsius
1584 1672 1817 1739 concilii,

219 1771 281 1817 ct
334 1766 1299 1839 excommunicationeepiscoporum
1331 1774 1563 1837 quatuor
1595 1765 1820 1843 provin-

218 1852 475 1925 ciarum,
508 1856 729 1931 insuper
771 1865 826 1915 et
868 1836 1050 1914 domui
1095 1836 1245 1937 papae
1272 1836 1475 1914 Nicolai
1517 1836 1822 1929 apostolica:
1850 1836 1899 1901 Β

218 1948 375 2003 sedis
422 1951 729 2023 pontificis,
786 1967 818 2007 a
864 1952 1020 2009 nobis
1073 1952 1381 2025 evangelica
1428 1962 1485 2007 'et
1526 1952 1821 2021 apostolica

219 2050 396 2112 atque
434 2046 698 2107 canonica
718 2046 1045 2111 auctoritate
1093 2047 1164 2101 sit
1210 2045 1734 2110 excommunicatus,
1765 2053 1823 2097 ut

172 2208 179 2211 _
217 2153 509 2213 nunquam
540 2139 626 2196 vel
657 2156 921 2213 nusquam
948 2141 1002 2195 in
1030 2139 1307 2221 provincia
1341 2138 1652 2209 metropolis
1675 2138 1822 2192 Rhe-

210 2252 447 2297 morum
472 2237 729 2297 Ecclesiae
754 2240 807 2294 in
836 2240 1010 2317 gradu
1038 2237 1408 2295 ecclesiastico
1430 2235 1738 2302 ministret,
1767 2244 1823 2291 et

214 2329 269 2385 si
318 2330 376 2389 in
408 2331 709 2402 pertinacia
742 2348 852 2393 suae
893 2333 1235 2404 pervasionis
1266 2332 1333 2387 de
1374 2340 1573 2387 caetero
1598 2344 1819 2384 manere

212 2423 669 2499 praesumpserit,
698 2440 975 2499 nunquam
1006 2424 1089 2487 vel
1120 2439 1383 2501 nusquam
1427 2422 1480 2476 in
1526 2419 1817 2477 Rhemensi

211 2513 508 2583 provincia
545 2530 667 2573 cum
692 2514 876 2586 aliquo
897 2514 1211 2575 Christiano
1232 2513 1619 2579 communicet,
1643 2525 1818 2580 neque

212 2620 429 2681 corpus
455 2615 511 2662 et
530 2608 852 2687 sanguinem
874 2607 1100 2677 Christi,
1134 2609 1238 2665 nisi
1265 2607 1424 2672 forte,
1444 2606 1604 2677 juxta
1630 2605 1817 2678 mysti-

206 2711 343 2750 cam
390 2694 660 2761 Nicaenam
702 2698 970 2777 synodum
1002 2698 1143 2773 (can.
1180 2700 1290 2769 15),
1325 2699 1379 2752 in
1423 2697 1571 2753 exitu
1608 2695 1816 2769 positus

206 2788 485 2851 viaticum
512 2805 713 2855 ,tllunus
736 2806 908 2853 sacra:
934 2791 1335 2855 communionis
1363 2790 1612 2862 accipiat.

708 2916 1050 2981 ωετοω
1088 2917 1329 2977 XXXIV.

435 3022 519 3063 ω-
536 3022 777 3067 mu
814 3025 1110 3077 uiscera:
1156 3022 1595 3071 causam.

238 3117 332 3175 De
358 3117 610 3177 Humido
640 3133 687 3179 et
716 3124 871 3181 malae
913 3126 1070 3194 fama:
1108 3126 1392 3197 presbyteri
1436 3125 1769 3196 purgatione.

1922 559 2283 615 accusandum
2326 559 2411 615 vel
2451 561 2516 615 ad
2546 561 2945 618 testiﬁcandum
2978 561 3117 620 tales
3134 565 3510 636 suscipiuntur

1920 650 2218 708 secundum
2246 652 2560 710 Africanum
2578 656 2890 724 concilium,
2904 659 3096 729 quales
3114 660 3345 731 publieae
3362 656 3511 733 leges

1920 741 1976 797 in
2010 742 2173 798 malle
2211 744 2297 800 vel
2324 744 2599 801 audienda
2625 748 2693 801 ad
2737 747 3102 805 accusandum
3132 759 3193 807 et
3219 752 3286 807 ad
3316 753 3513 809 testiﬁ-

1920 835 2153 893 candum
2178 834 2491 893 admittunt.
2521 838 2580 895 Si
2613 851 2793 897 autem
2840 829 2981 897 mala
3013 842 3162 897 fama
3202 856 3271 898 ex
3322 845 3516 901 simili-

1917 930 2109 989 tudine
2155 946 2255 1007 per
2305 933 2618 1005 parochiam
2684 937 2750 991 de
2803 938 3122 1009 presbytero
3158 939 3389 1005 exierit,
3453 942 3507 994 et

1922 1031 2269 1079 accusatores
2298 1033 2353 1079 et
2400 1033 2568 1081 testes
2616 1025 2819 1097 legales
2867 1027 3163 1097 defuerint,
3210 1046 3279 1085 ne
3321 1039 3511 1087 contra

1922 1114 2243 1186 Apostolum
2264 1116 2606 1172 inﬁmorum
2639 1118 2803 1174 corda
2842 1120 2913 1175 de
2953 1120 3092 1176 mala
3113 1122 3259 1178 fama
3292 1125 3514 1196 presby-

1926 1207 2029 1263 teri
2082 1209 2492 1278 percutiuntur,
2549 1219 2606 1273 et
2660 1225 2727 1267 ne
2777 1212 3114 1289 vituperetur
3156 1214 3512 1271 ministerium

1924 1312 2167 1360 nostrum
2195 1345 2209 1367 ,
2269 1319 2445 1375 neque
2499 1306 2802 1361 securiores
2859 1308 3162 1380 presbyteri
3220 1309 3513 1364 existentes

1924 1399 2177 1457 licentius
2212 1402 2264 1456 in
2307 1410 2588 1474 peccatum
2640 1402 2917 1469 labantur,
2969 1405 3266 1460 secundum
3295 1405 3513 1461 decreta

1924 1494 2210 1566 majorum,
2244 1511 2367 1552 cum
2395 1497 2758 1552 denominatis
2788 1497 2890 1553 sibi
2921 1497 3119 1554 vicinis
3148 1498 3511 1571 presbyteris,

1924 1605 2061 1661 quos
2086 1592 2292 1648 scimus
2315 1609 2374 1650 se
2404 1593 2547 1650 nolle
2582 1592 2863 1663 perjurare
2908 1605 3273 1662 sacramento,
3310 1595 3511 1652 famam

1924 1698 2078 1737 suam
2124 1693 2337 1757 purget.
2370 1683 2427 1741 Si
2460 1694 2642 1743 autem
2694 1685 3071 1745 denominatos
3121 1703 3149 1742 a
3203 1686 3362 1744 nobis
3410 1689 3514 1745 sibi

1924 1778 2271 1849 presbyteros
2300 1781 2367 1835 ad
2390 1779 2589 1835 famam
2621 1795 2775 1836 suam
2805 1782 3142 1854 purgandam
3171 1783 3373 1858 habere
3413 1797 3511 1837 ne-

1926 1867 2064 1939 quit,
2094 1877 2148 1923 et
2182 1868 2314 1925 alios
2339 1870 2405 1926 ad
2442 1885 2626 1927 secum
2677 1870 2969 1941 jurandum
2998 1870 3338 1937 conduxerit,
3382 1886 3517 1942 quo-

1926 1959 2070 2014 niam
2094 1963 2302 2032 experti
2325 1977 2512 2020 sumus
2540 1952 2802 2035 quosdam
2819 1964 2887 2020 ad
2905 1965 3135 2021 invicem
3151 1965 3510 2035 conspirasse,

1924 2060 1984 2107 ut
2017 2055 2252 2124 reputati
2302 2064 2489 2112 mutuo
2520 2056 2573 2111 in
2603 2072 2695 2112 sua
2748 2057 3070 2128 purgatione
3116 2059 3324 2129 jurcnt,
3375 2057 3514 2114 sicut

1922 2151 1977 2197 et
2005 2144 2307 2217 presbyteri
2336 2143 2481 2216 pleni
2509 2144 2692 2217 iniqua
2724 2146 3054 2219 cogitatione
3095 2149 3355 2204 adversus
3406 2147 3511 2201 8η.-

1922 2246 2148 2290 sannam
2177 2236 2644 2306 conSpiraverunt,
2667 2252 2849 2293 coram
2882 2238 3052 2293 misso
3070 2237 3231 2294 nobis
3245 2238 3512 2304 credibili,

1920 2326 2362 2413 presbyterinqui
2390 2327 2445 2383 in
2477 2329 2799 2413 purgatione
2838 2329 3081 2385 infamati
3113 2330 3408 2388 sacerdotis
3454 2344 3512 2386 se

1920 2422 2039 2473 una‘
2054 2399 2174 2474 et’un
2191 2399 2347 2475 eo'ad
2370 2408 2750 2494 jusjurandum
2774 2422 3026 2491 offerunt,
3051 2425 3510 2482 examinationem

1910 2509 2112 2579 iudicis
2138 2528 2235 2583 per
2263 2515 2583 2571 advocatum
2612 2502 2857 2572 infamati
2883 2519 3188 2590 presbyteri
3220 2520 3510 2588 recipiunt,

1918 2611 1977 2658 ut
2008 2606 2059 2659 in
2080 2615 2421 2663 sacramento
2448 2624 2506 2664 se
2532 2608 2644 2665 Deo
2672 2626 2778 2665 non
2811 2612 3058 2681 perdant,
3090 2611 3231 2667 sicut
3249 2613 3509 2683 quosdam

1915 2694 2046 2751 hinc
2096 2696 2211 2766 jam
2266 2699 2501 2755 revictos
2557 2701 2937 2773 comperimus.
3001 2702 3277 2758 invocatio
3329 2710 3508 2758 autem

1914 2800 2080 2856 super
2101 2803 2222 2842 eum
2246 2788 2338 2859 qui
2370 2788 2435 2844 ad
2458 2788 2724 2858 judicium
2751 2792 2863 2846 exit
2894 2792 3017 2847 talis
3066 2792 3324 2860 habetur,
3364 2790 3506 2867 quod

1914 2877 2029 2949 ipse
2073 2881 2360 2955 presbyter
2401 2882 2565 2938 talem
2610 2898 2890 2940 accessum
2920 2893 2977 2940 et
3015 2880 3506 2957 frequentationem

1912 2977 1967 3026 et
2005 2968 2462 3030 cohabitationem
2507 2984 2698 3031 contra
2732 2990 2917 3033 sacros
2955 2991 3193 3034 canones
3248 2991 3370 3033 cum
3408 2974 3506 3032 illa

1912 3062 2110 3120 femina
2142 3080 2247 3121 non
2276 3066 2550 3134 habuerit,
2595 3069 2736 3124 unde
2764 3070 2905 3125 mala
2951 3071 3187 3140 suspicio
3237 3079 3291 3126 et
3314 3071 3506 3126 incon-

1909 3156 2135 3212 veniens
2164 3159 2433 3214 sacerdoti
2464 3159 2608 3215 fama
2652 3161 2848 3216 merito
2895 3169 3079 3231 posset
3121 3161 3296 3217 exire.
3349 3160 3503 3216 Sicut

271 3231 447 3297 (Apud
471 3234 735 3299 Sirmond.,
760 3250 824 3289 ex
850 3237 1020 3291 codice
1044 3239 1097 3290 S.
1122 3237 1372 3290 Laurentii
1398 3238 1727 3302 Leodiensls.)

1918 3249 2052 3304 enim
2082 3250 2261 3307 vitiosi
2311 3253 2631 3324 presbyteri,
2681 3218 2944 3309 suadenle
2990 3254 3225 3319 diabolo,
3284 3252 3503 3308 adinve—

274 3339 600 3405 "INCMARUS
640 3343 975 3407 Bhemorutn
1028 3347 1309 3425 episcopus
1356 3363 1419 3405 ac
1478 3346 1652 3425 plebis
1707 3345 1801 3402 Dei

189 3433 452 3495 famulus
484 3479 498 3503 ,
550 3438 752 3504 dilecto
797 3439 955 3498 fratri
1019 3450 1074 3502 et
1131 3439 1424 3503 venerabili
1483 3439 1802 3515 coepiscopo

181 3528 403 3596 Joslm
430 3529 679 3591 salutem.
1264 3542 1265 3549 ‘

277 3621 391 3674 Istc
418 3621 726 3691 presbyter,
748 3621 970 3677 nomine
996 3622 1294 3685 Hunoldus,
1325 3622 1461 3679 dixit
1494 3621 1624 3695 mihi
1672 3621 1800 3693 quia

171 3708 560 3782 presbyteros
588 3708 794 3764 habens
824 3726 947 3765 cum
979 3711 1177 3781 quibus
1204 3710 1401 3765 famam
1432 3727 1583 3766 suam
1618 3724 1800 3766 sacra-

179 3807 395 3856 mento
425 3814 658 3870 purgare
682 3797 849 3855 Voluit
872 3799 943 3856 de
968 3801 1206 3871 quidam
1226 3800 1446 3865 femina,
1468 3802 1797 3871 etquoniam

182 3889 629 3953 examinationis
644 3890 910 3963 judicium
944 3892 1117 3953 noluit
1154 3892 1356 3963 facere,
1385 3901 1444 3949 ut
1474 3890 1547 3947 illi
1577 3892 1799 3962 presby-

187 3983 307 4039 teri
347 3998 468 4037 cum
514 3999 580 4038 eo
626 3985 870 4040 securius
910 3986 1099 4057 jurare
1147 3994 1407 4056 possent,
1461 3984 1796 4040 sacerdotale

185 4070 565 4128 ministerium
610 4075 965 4132 interdictum
1009 4083 1091 4131 est
1138 4074 1239 4130 illi.
1272 4074 1426 4132 Unde
1457 4075 1692 4144 qualiter
1735 4075 1793 4129 in

186 4175 391 4219 nostra
417 4167 678 4235 parochia
715 4183 780 4223 ex
832 4169 1162 4225 auctoritate
1204 4167 1469 4237 majorum
1520 4176 1790 4233 tenemus,

189 4256 335 4313 tnae'
363 4256 636 4317 dilectioni
678 4264 1020 4318 mandaturus.
1067 4261 1222 4318 Sicut
1260 4260 1321 4317 S.
1356 4261 1656 4332 Gregorius
1698 4260 1793 4316 de-

185 4352 399 4415 crevit.
433 4368 531 4423 per
554 4354 781 4413 Noricos
810 4364 978 4417 testes
1004 4364 1348 4415 sacramento
1392 4352 1687 4427 inquiritur
1723 4350 1791 4406 de
1880 4356 1883 4361 ’

184 4444 359 4499 malae
384 4443 540 4505 fallite
562 4448 897 4521 presbylero,
920 4456 981 4505 ut
1008 4449 1138 4511 inde
1166 4448 1404 4511 scientes
1433 4462 1532 4507 nec
1558 4446 1787 4507 tuenda-

183 4536 344 4591 cittm
394 4537 593 4606 dicam,
624 4554 729 4597 inec
762 4541 1046 4603 veritatem
1091 4540 1389 4611 reticeam;
1440 4548 1500 4594 et
1546 4536 1788 4614 exceptis

183 4629 633 4694 accusatoribus,
659 4640 716 4691 et
737 4646 832 4691 sex
858 4640 1026 4691 testes
1050 4631 1255 4703 jurent.
1276 4630 1345 4685 Et
1365 4638 1489 4706 post
1516 4629 1621 4685 hoc
1632 4628 1788 4697 jura-

184 4722 465 4784 wentum,
492 4736 597 4783 non
623 4720 1024 4795 interrogamus
1056 4722 1123 4782 de
1152 4720 1441 4781 concubitu
1478 4720 1783 4795 presbyteri

181 4826 317 4867 cum
351 4826 671 4885 quacumuw
700 4814 923 4881 marina.
976 4813 1103 4887 quia
1140 4829 1243 4875 nec
1282 4816 1390 4875 hoc
1424 4828 1663 4877 canones
1692 4814 1787 4875 lna-

180 4906 348 4967 Ιιθιιι,
378 4906 471 4965 sed
509 4909 574 4967 de
608 4920 839 4965 accessu
884 4915 941 4963 et
966 4907 1430 4981 frumentatione,
1461 4924 1524 4967 ac
1564 4906 1785 4967 collabi-

183 4994 401 5053 tatione
424 5012 546 5060 cum
587 4997 811 5057 feminis
850 5006 1039 5057 contra
1096 4999 1441 5061 interdictum
1496 5013 1781 5059 sacrorum

182 5104 458 5116 (.38nnﬁllln‘
508 5104 651 5116 ...ι-ΙΑ
684 5104 821 5116 κτηιις
851 5104 1081 5116 ηιιρε-ι-ιιὲα
1116 5104 1160 5116 ΑΙ
1196 5104 1581 5116 .*ΑΑ“--Α-αΖΑ-ιισι
1610 5106 1765 5116 “AnA-

508 5091 651 5116 ...ιλιι
684 5090 821 5116 κτηι..
851 5093 1081 5116 ’.ηκκξιιξα
1116 5101 1160 5116 ..ι

1904 3340 2079 3403 niunt,
2110 3347 2169 3396 ut
2194 3340 2247 3396 in
2280 3343 2487 3398 mansis
2513 3342 2625 3399 suis
2654 3344 2722 3399 de
2768 3344 2941 3410 aiode,
2974 3342 3061 3400 vel
3114 3343 3376 3409 naturali,
3418 3341 3501 3398 vel

1904 3443 2241 3504 comparato,
2277 3435 2520 3491 feminas
2557 3434 2820 3503 habeant,
2869 3453 2991 3508 quae
3039 3436 3254 3494 illorum
3296 3448 3503 3507 pannos

1892 3526 2105 3594 lavant,
2134 3538 2189 3582 et
2210 3528 2535 3583 vestimenta
2556 3526 2665 3585 illis
2692 3528 2920 3594 faciunt,
2951 3539 3007 3583 et
3035 3527 3305 3583 interdum
3336 3528 3499 3581 etiam

1902 3617 2084 3673 claves
2108 3618 2426 3673 facultatum
2459 3617 2673 3673 illorum
2725 3619 3079 3688 praevideant,
3128 3616 3318 3687 sicque
3372 3630 3497 3671 cum

1902 3707 1982 3761 eis
2034 3705 2483 3762 inconvenienter
2526 3705 2861 3771 cohabitcnt,
2916 3707 3014 3772 ita,
3075 3706 3219 3762 sicut
3273 3713 3497 3762 sanctus

1900 3796 2242 3871 Augustinus
2270 3797 2419 3867 dicit,
2451 3798 2601 3852 varia
2623 3798 2936 3853 morborum
2961 3811 3160 3870 genera
3188 3810 3325 3852 nova
3352 3811 3498 3868 quas.

1896 3903 2021 3945 rere
2050 3898 2250 3960 cogunt
2284 3884 2804 3944 medicamentortim
2830 3890 3230 3960 experimenta,
3260 3897 3321 3943 ut
3364 3888 3493 3958 quia

1899 3984 2190 4039 interdicto
2219 3997 2487 4063 canonum
2522 3991 2576 4037 et
2620 3981 2800 4055 legum
2847 3982 3110 4039 obaudire
3147 3993 3251 4037 non
3278 3989 3490 4047 curant,

1897 4092 2143 4135 censurae
2172 4076 2462 4133 severitate
2491 4077 2558 4131 ab
2584 4078 2664 4132 eis
2678 4077 2957 4133 discedere
2986 4077 3235 4133 timeant.
3260 4077 3396 4131 Data
3423 4086 3492 4129 xv

1897 4167 2121 4224 Kalend.
2166 4168 2400 4245 Apriles,
2437 4166 2733 4223 indictione
2762 4182 2855 4222 vn.

2392 4312 2723 4371 EPISTOLA
2769 4310 2985 4371 XXXV.

2435 4442 2502 4487 AD
2522 4442 2697 4485 W8
2714 4442 2955 4484 γιηιεε.

1967 4534 2232 4597 Godbaldi
2251 4536 2537 4609 presbyteri
2568 4539 2632 4592 de
2661 4539 2856 4607 femina
2887 4538 3109 4593 convicti
3135 4535 3407 4606 depositio.

1929 4647 2089 4712 (Apud
2116 4645 2366 4713 eumdem,
2391 4661 2457 4699 ex
2482 4649 2831 4773 veteiriggidsiqe
2862 4652 3011 4703 sancti
3048 4646 3298 4698 Laurentii
3329 4645 3454 4695 Leo-

1963 4814 2282 4870 HINCIARUS
2312 4816 2604 4891 episcopus
2634 4830 2697 4873 ac
2724 4816 2895 4887 plebis
2920 4818 3015 4873 Dei
3046 4812 3298 4869 faniulus.

1961 4907 2157 4963 Notum
2178 4905 2251 4958 sit
2275 4911 2532 4967 omnibus
2546 4916 2748 4965 sanctae
2763 4909 2856 4963 Dei
2883 4907 3138 4965 Ecclesia:
3161 4898 3489 4967 rectoribus,

1891 4999 2155 5057 ministris
2203 5010 2428 5072 quoque
2476 5018 2541 5059 ac
2590 4998 2734 5065 liliis,
2781 5002 2847 5055 ad
2897 5016 3033 5072 quos
3064 4999 3181 5051 lucc
3234 4996 3498 5057 poterunt

2009 5089 2176 5116 .-..:...-.
2230 5088 2358 5116 πηξ..
2396 5097 2464 5116 Π,
2496 5089 2709 5116 n...l.l...-.
2737 5090 2996 5116 ,ηιιηυιιιηκ
3024 5080 3312 5116 η-οεὶινίωη
3336 5089 3494 5112 mum-

1891 5108 2004 5116 ..κει-ν-
