4012 6318
245 471 322 526 25'

320 472 365 540 7.

583 545 585 548 ’
618 543 622 552 ’
674 537 677 538 ν
716 537 1058 646 aetati;
1087 547 1233 646 XXX
1245 537 1374 644 vui.

676 693 746 732 AD
783 694 1120 738 ΑδΔβΤΑδιωι
1158 695 1402 736 ABBA'I‘EI

237 763 481 830 Romam
556 768 718 824 missa
785 786 905 832 eum
972 772 1350 852 increpatorias
1420 788 1570 845 papa;
1639 773 1838 830 litteras

909 852 1205 911 accepisset.

265 917 272 924 ”
363 919 532 1002 (Apud
556 941 803 1005 eumdem,
827 954 891 992 ex
915 941 1083 994 codice
1108 943 1330 995 ecclesias
1347 931 1722 1004 'Laudinensis.)

317 1042 642 1102 Emensus
679 1045 1011 1128 Rhemorum
1057 1049 1342 1120 episcopus
1391 1051 1735 1132 sanctissimo
1785 1059 1839 1106 et

233 1135 512 1199 ﬁdissimo
532 1138 689 1193 fratri
717 1125 1023 1196 Amusxo
1046 1141 1302 1212 religioso
1327 1143 1512 1200 abbati
1546 1125 1836 1214 plurimam

242 1229 298 1283 in
331 1230 618 1304 Salvatore
643 1232 896 1290 salutem.

235 1383 240 1388 _
314 1321 926 1388 Multisinﬁrmitatibus
945 1334 1002 1382 et
1025 1327 1390 1386 anxietatibus
1412 1345 1632 1399 pressus
1661 1345 1834 1400 pauca

233 1414 427 1468 scribo
448 1415 538 1470 cui
563 1416 730 1471 multa
755 1417 941 1483 debeo,
966 1428 1021 1474 et
1041 1435 1202 1488 quem
1227 1421 1456 1476 multum
1476 1421 1640 1493 diligo
1672 1437 1736 1477 ac
1766 1421 1834 1478 de

240 1519 352 1574 quo
379 1505 613 1566 multum
656 1508 888 1564 confido.
918 1509 1186 1566 Caeterum
1215 1511 1454 1582 epistola:
1495 1513 1678 1568 domui
1706 1527 1834 1582 apo-

227 1597 442 1664 stolici,
488 1612 586 1666 per
629 1599 910 1671 Egilonem
956 1603 1321 1660 venerabilem
1368 1605 1832 1675 archiepiscopum

225 1691 402 1748 .nobis
423 1691 644 1748 directa:
667 1733 683 1759 ,
715 1695 783 1750 ad
824 1706 1010 1750 nostra
1056 1697 1260 1767 scripta
1310 1697 1726 1767 respondentes.
1776 1696 1829 1752 in

235 1785 566 1854 quibusdam
590 1786 748 1842 aliter
769 1798 1090 1855 sonuerunt,
1111 1805 1276 1859 quam
1298 1804 1396 1844 nos
1417 1803 1530 1844 sua:
1549 1788 1831 1844 sanctitati

221 1884 292 1930 .et
326 1878 644 1932 auctoritati
673 1878 1068 1949 scripserimus.
1091 1878 1199 1934 Sed
1221 1888 1404 1938 certus
1427 1894 1549 1934 sum
1568 1881 1693 1949 quia
1718 1894 1824 1935 non

232 1969 394 2023 aliter
439 1969 555 2038 ipse
602 1970 759 2027 nobis
804 1971 1113 2041 rescripsit,
1160 1971 1263 2026 nisi
1301 1979 1362 2024 ut
1403 1970 1456 2024 in
1498 1970 1715 2041 scriptis
1756 1985 1823 2024 ex

229 2071 430 2115 nostra
453 2068 608 2130 parte
629 2060 732 2116 sibi
762 2063 1023 2131 porrectis
1051 2061 1275 2116 invenit.
1309 2059 1418 2115 Nos
1450 2068 1650 2124 tamen,
1694 2074 1821 2115 vera

227 2149 565 2220 exemplaria
590 2151 903 2208 eorumdem
928 2151 1254 2222 scriptorum
1286 2167 1316 2204 a
1349 2151 1504 2206 nobis
1531 2151 1821 2206 missorum

233 2241 525 2308 habentes,
553 2243 615 2299 de
663 2243 986 2314 quibusdam
1019 2244 1200 2298 causis
1243 2258 1348 2298 non
1377 2244 1450 2298 ita
1477 2245 1819 2313 scripsimus,

231 2333 390 2388 sicut
416 2332 612 2396 habere
658 2336 880 2406 scriptis
903 2335 1021 2406 ejus
1051 2335 1360 2406 relegimus.
1395 2335 1550 2392 Unde
1587 2333 1632 2389 si
1677 2343 1732 2389 et
1767 2336 1819 2390 in

225 2425 326 2492 his,
365 2427 624 2497 scriptis,
671 2429 740 2484 de
788 2431 996 2500 synodo
1044 2430 1186 2499 apud
1231 2428 1431 2494 Trecas
1476 2429 1577 2485 sub
1629 2429 1820 2500 sigillis

212 2515 470 2594 quinque
508 2517 885 2590 episcoporum
905 2559 923 2586 ,
959 2534 1226 2576 consensu
1257 2519 1498 2574 omnium
1530 2519 1622 2588 qui
1649 2519 1817 2574 inter-

213 2606 449 2670 .fucrunt
471 2607 713 2676 directis,
736 2609 918 2676 aliter,
946 2611 1087 2681 quod
1108 2609 1347 2666 futurum
1384 2626 1491 2666 non
1525 2611 1815 2680 credimus,

209 2711 260 2772 ,ᾳ
286 2712 615 2770 quocunque
642 2698 803 2755 fuerit
830 2701 1077 2765 missum,
1117 2701 1202 2756 vel
1231 2710 1417 2758 contra
1441 2716 1503 2756 ea
1528 2701 1813 2756 transmis-

209 2791 490 2864 sum-hie
530 2792 854 2848 venerabilis
900 2792 1068 2848 frater
1117 2802 1172 2849 et
1229 2793 1582 2865 coepiscopus
1629 2805 1816 2849 noster

209 2883 504 2960 .rActardus
526 2899 656 2940 vera
681 2884 1012 2958 exemplaria
1032 2885 1358 2955 scriptorum
1385 2884 1626 2953 ejusdem
1655 2900 1815 2956 syno—

205 2974 280 3052 gdi
309 2993 410 3050 ex,
451 2978 780 3034 authenticis
828 2978 1072 3047 accepit,
1113 2995 1233 3048 quae
1277 2978 1477 3034 domno
1517 2980 1814 3049 apostolico

225 3077 540 3142 monstrare
565 3068 613 3124 si
639 3066 807 3134 fuerit
835 3083 1055 3124 necesse
1095 3069 1310 3124 valebit.
1356 3068 1486 3136 Quae
1517 3066 1660 3125 forte
1698 3069 1811 3125 col-

221 3143 332 3222 lata
361 3161 474 3226 his,
498 3176 620 3232 qua:
656 3160 826 3224 Leoni
845 3179 996 3234 papae
1021 3163 1089 3218 ab
1116 3164 1387 3236 episcopis
1410 3164 1812 3236 provinciarum

204 3247 622 3328 LCisalpinarum
647 3292 662 3318 ,
693 3259 764 3310 et,
793 3267 824 3306 a
867 3251 1124 3309 Lothario
1169 3254 1517 3326 imperatore,
1565 3255 1660 3309 sed
1700 3262 1756 3308 et
1782 3270 1810 3308 a

225 3355 353 3409 rege
380 3339 578 3410 Carolo
601 3342 806 3397 directa
836 3341 1074 3408 fuerunt,
1097 3344 1164 3398 de
1193 3359 1426 3418 quorum
1454 3344 1813 3415 exemplario—

225 3445 349 3484 rum
377 3446 545 3486 sensu
567 3432 681 3487 haec
705 3432 869 3502 missa
897 3434 1138 3504 episcopi
1164 3434 1500 3506 collegerunt
1528 3474 1543 3501 ,
1572 3443 1633 3490 ut
1657 3445 1815 3490 autu-

219 3537 352 3587 mo,
399 3539 508 3578 non
549 3524 860 3580 discordare
896 3527 1174 3581 intellectu
1223 3529 1595 3594 invenientur,
1640 3545 1813 3600 quan-

219 3629 392 3684 quam
439 3613 621 3669 mitius
679 3616 923 3684 quaedam
981 3618 1300 3686 scripserint
1344 3620 1438 3692 qui
1490 3621 1656 3690 gestis
1704 3635 1814 3676 non

167 3729 170 3732 -
209 3699 610 3770 interfuerunt,
638 3721 796 3775 quam
830 3707 903 3761 illi
935 3709 1027 3777 qui
1051 3724 1113 3763 ea
1135 3726 1256 3780 quae
1285 3721 1594 3789 gesserunt,
1620 3699 1813 3784 Sergio

223 3808 390 3862 papae
437 3795 684 3851 mittenda
733 3806 788 3852 et
835 3796 1001 3852 Leoni
1054 3801 1214 3854 missa
1245 3803 1598 3870 scripserunt.
1632 3803 1698 3856 Et
1748 3803 1814 3856 de

201 3883 576 3960 restitutione
600 3885 794 3943 Ebonis
818 3901 915 3958 per
938 3889 1174 3944 edictum
1200 3889 1446 3949 Lutharii
1469 3892 1814 3962 imperatoris

220 3971 280 4026 in
311 3975 530 4044 scriptis
577 3980 689 4035 suis
735 3981 860 4036 ideo
902 3996 1012 4038 non
1047 3983 1354 4052 miserunt,
1405 3985 1663 4055 quoniam
1711 3986 1815 4056 ipsi

219 4066 486 4136 episcopi,
526 4086 753 4139 quorum
789 4073 987 4128 ibidem
1010 4076 1230 4129 nomina
1282 4077 1400 4132 sine
1440 4077 1656 4132 illorum
1686 4079 1813 4133 sub-

221 4161 613 4230 scriptionibus
662 4175 788 4220 sunt
847 4168 1098 4223 adnotata
1147 4210 1161 4236 ,
1220 4168 1396 4224 eidem
1450 4169 1812 4242 qualicunque

220 4252 558 4308 restitutioni
611 4270 668 4310 se
716 4272 823 4312 non
867 4241 1194 4312 interfuisse
1229 4259 1518 4326 dixerunt,
1571 4241 1816 4317 sicutiet

220 4341 507 4400 Rotbadus
551 4347 712 4403 modo
744 4347 799 4401 in
835 4351 1042 4418 synodo
1073 4348 1218 4417 apud
1239 4346 1464 4404 "Trecas
1497 4349 1664 4404 dixit.
1721 4349 1816 4404 Est

220 4435 408 4498 etiam,
441 4438 699 4506 quoniam
718 4447 773 4502 et
796 4453 830 4493 a
856 4437 1196 4508 Sergiopost
1218 4441 1468 4496 eamdem
1513 4441 1815 4500 restitutio-

221 4542 346 4592 nem
385 4528 779 4604 damnationis
845 4523 1194 4610 sententiam
1237 4531 1295 4586 in
1343 4519 1487 4588 eum
1548 4532 1814 4602 prolatam

219 4607 490 4698 legerunt,
521 4621 662 4676 sicut
691 4623 859 4678 codex
891 4607 1257 4692 episcopalis,
1306 4631 1362 4678 et
1392 4621 1586 4678 litterae
1619 4625 1813 4690 domui

201 4695 505 4794 apostolici
551 4727 651 4781 per
693 4710 973 4780 Egilonem
1006 4712 1164 4779 nobis
1201 4711 1380 4776 missa:
1419 4712 1813 4792 demonstrant.
1839 4671 1896 4743 Ῑ)

203 4795 333 4870 Sed
353 4801 486 4855 etde
509 4802 694 4858 charta
715 4801 1205 4874 transmigrationis
1222 4804 1462 4866 adgaliam
1481 4806 1815 4880 parochiam,

222 4905 255 4944 a
283 4890 550 4963 Gregorio
569 4909 708 4966 papa
734 4895 958 4966 praefato
1001 4896 1176 4952 Eboni
1210 4896 1385 4966 facta,
1425 4899 1560 4954 nihil
1598 4900 1652 4955 in
1681 4916 1820 4972 prae-

221 4985 388 5062 dictis
444 5001 632 5040 eorum
683 4988 899 5058 scriptis
952 4987 1225 5056 habetur,
1269 4992 1527 5062 quoniam
1571 4992 1640 5060 in
1698 4993 1819 5052 istis

225 5077 428 5131 nostris
453 5068 766 5149 regionibus
805 5088 963 5135 antea
1006 5081 1122 5137 visa
1165 5081 1447 5152 nonfuit,
1484 5083 1588 5139 nisi
1627 5085 1816 5151 modo,

225 5159 364 5246 cum,
379 5164 604 5221 dilectus
628 5165 796 5223 frater
823 5177 1008 5225 noster
1028 5169 1289 5236 Vulfadus
1317 5172 1460 5242 apud
1483 5173 1683 5230 Trecas
1700 5189 1819 5240 eam

224 5253 385 5309 nobis
407 5259 644 5312 ostendit
669 5277 683 5312 :
713 5273 834 5334 qua:
860 5269 1044 5316 utrum
1073 5277 1104 5316 a
1127 5260 1408 5334 Gregorio,
1445 5264 1532 5318 cui
1561 5265 1823 5320 successit

224 5343 473 5417 Sergius,
501 5347 627 5403 data
661 5349 822 5405 fuerit
849 5367 918 5406 an
955 5369 1083 5420 non,
1109 5369 1174 5408 ex
1206 5353 1410 5408 scrinio
1441 5364 1641 5412 sancite
1678 5358 1822 5413 sedis

226 5436 490 5492 Romanae
507 5446 568 5494 ut
579 5441 849 5498 credimus
863 5443 987 5498 sciri
1004 5443 1225 5498 valebit.
1241 5443 1591 5501 Ordinatores
1606 5443 1821 5518 quoque

223 5529 332 5583 mei
361 5528 686 5587 Bbemensis
707 5534 999 5604 provincia:
1032 5533 1353 5607 suffraganci
1391 5537 1654 5610 episcopi',
1681 5553 1822 5611 saepe

222 5622 451 5689 passim,
472 5623 562 5677 sed
576 5631 630 5677 et
651 5623 703 5679 in
723 5625 929 5695 synodo
949 5619 1179 5695 professi
1197 5626 1413 5682 fuerunt
1430 5627 1604 5683 eidem
1627 5619 1822 5697 Eboni,

224 5729 336 5767 non
369 5707 797 5771 communicasse
825 5717 879 5770 in
904 5716 988 5772 his
1016 5719 1156 5771 unde
1187 5716 1364 5773 fuerat
1385 5713 1822 5776 excommunica-

227 5816 337 5867 117$,
363 5806 476 5862 'nisi
502 5807 659 5863 modo
705 5807 874 5864 frater
917 5808 1214 5873 Rothadus,
1249 5817 1308 5864 ut
1348 5801 1815 5881 quidam’putant,

227 5916 395 5956 eausa
422 5916 548 5972 erga
577 5917 664 5958 me
684 5901 806 5970 zeli,
837 5902 928 5972 qui
956 5902 1202 5958 eumdem
1247 5901 1486 5960 Ebouem
1519 5904 1810 5974 damnavit,

1664 439 1819 552 rarts

1925 421 1966 460 U/
2017 431 2062 452 ’ν’
2115 433 2118 450 ⁵
2297 427 2420 469 ,Ζίίί
2467 425 2587 470 "Ili!
3431 443 3506 476 ’λ’

1925 478 2045 531 αΑε.
2577 555 2583 562 ,
3431 489 3511 541 95‘

1807 645 1812 656 ,
1872 571 1923 653 λ
1949 598 2007 664 ct_
2031 571 2115 646 me
2137 571 2320 664 elegit,
2349 608 2412 650 ac
2439 609 2566 668 cum
2583 571 2808 666 caeteris
2825 573 3101 668 episcopis
3141 581 3409 672 ordinavit
3427 573 3536 681 ,llct

2309 418 2322 440 7:
2345 439 2358 468 ι’
2391 427 2420 469 ίί
2467 431 2508 456 τί
2535 425 2587 470 ίίι

3431 459 3535 543 ess

1943 681 2034 752 qui
2055 680 2255 736 dicitur
2280 683 2460 754 dicere
2481 685 2626 754 quod
2649 685 2868 766 quidam
2910 687 3146 764 episcopi
3175 703 3212 766 av
3245 680 3536 766 saepedicto

1941 769 2382 848 Eboneannulos
2419 785 2473 854 et
2501 763 2724 844 baculos
2767 761 3104 850 acceperint,
3134 761 3534 854 cumquaedam

1943 864 2179 932 synodus
2233 853 2510 938 Gallicana
2563 883 2685 944 quae
2741 868 2996 924 Toletana
3054 879 3282 928 vocatur
3319 853 3530 944 dicat:

1941 951 2260 1024 Episcopus,
2290 939 2604 1024 presbyter,
2630 966 2725 1024 aut
2753 957 3013 1014 diaconus
3038 999 3052 1023 ,
3089 960 3132 1015 si
3163 976 3192 1016 a
3225 941 3395 1034 gradu
3436 980 3533 1019 suo

1940 1042 2137 1112 injuste
2163 1043 2402 1114 dejectus
2424 1047 2478 1100 in
2511 1035 2748 1118 secunda
2773 1051 2977 1120 synodo
3007 1052 3264 1126 innocens
3290 1054 3531 1122 reperia-

1941 1145 2048 1203 tur,
2072 1154 2178 1194 non
2209 1148 2386 1210 potest
2411 1155 2532 1206 esse
2558 1141 2702 1210 quod
2723 1141 2916 1208 fuerat,
2949 1145 3050 1197 nisi
3069 1145 3272 1215 gradus
3301 1145 3534 1201 amissos

1939 1230 2183 1300 recipiat,
2216 1233 2470 1301 quoniam
2495 1248 2679 1288 coram
2717 1234 2910 1291 altario
2949 1236 3014 1290 de
3043 1227 3224 1290 manu
3253 1237 3535 1307 episcopo-

1938 1337 2077 1388 rum,
2096 1323 2139 1378 si
2164 1325 2452 1395 episcopus
2477 1335 2581 1392 est,
2598 1327 2864 1393 orarium,
2886 1329 3144 1384 annulum
3171 1337 3227 1384 et
3251 1331 3529 1398 baculum,

1936 1425 1993 1470 et
2015 1417 2094 1470 sic
2117 1415 2337 1470 demum
2363 1419 2429 1472 de
2457 1419 2683 1489 reliquis
2700 1419 3050 1490 persequitur
3070 1421 3347 1491 gradibus.
3375 1423 3529 1478 Unde

1934 1514 2147 1564 constat
2177 1508 2300 1576 quia
2343 1508 2511 1564 isdem
2558 1509 2697 1580 qu,
2716 1510 2987 1579 dejectus,
3040 1513 3334 1567 secundum
3389 1513 3529 1588 hanc

1943 1598 2422 1664 constitutionem,
2457 1601 2525 1654 ab
2573 1601 2839 1670 episcopis
2885 1602 3142 1656 annulum
3169 1611 3224 1658 et
3269 1603 3520 1658 baculum

1932 1689 2199 1758 accipere,
2247 1699 2438 1745 etnon
2483 1691 2753 1761 episcopis
2798 1691 2929 1747 dare
2956 1693 3236 1750 debuerat.
3281 1695 3349 1750 Et
3394 1697 3524 1768 quia

1934 1780 2214 1852 Scriptura
2245 1785 2375 1839 dicit
2402 1803 2414 1837 :
2449 1784 2494 1837 Α
2515 1786 2641 1854 ﬁliis
2673 1789 2776 1841 tuis
2803 1804 2946 1854 cave,
2972 1799 3020 1842 et
3043 1806 3074 1842 a
3101 1791 3395 1846 domesticis
3417 1794 3520 1848 tuis

1897 1875 2138 1930 .attende
2167 1874 2356 1946 (Ereti.
2391 1893 2562 1944 xxx",
2587 1877 2699 1950 28),
2727 1887 2780 1933 et
2801 1881 3172 1951 unusquisque
3197 1898 3255 1938 se
3279 1899 3309 1937 a
3335 1885 3522 1956 proxi-

1928 1981 2018 2020 mo
2043 1983 2140 2022 suo
2165 1969 2455 2033 custodiat,
2487 1978 2540 2024 et
2568 1970 2625 2038 in
2651 1972 2797 2025 omni
2822 1971 2992 2027 fratre
3037 1991 3135 2029 suo
3175 1992 3281 2030 non
3323 1975 3524 2032 habeat

1926 2056 2225 2139 ﬁduciam;
2257 2068 2314 2113 et
2357 2043 2558 2114 inimici
2591 2061 2817 2116 hominis
2861 2064 3131 2118 domestici
3176 2065 3286 2134 ejus
3331 2063 3518 2139 (Mich.

1923 2163 2022 2214 vn,
2047 2149 2147 2222 ,6),
2171 2137 2281 2222 ego
2311 2168 2408 2223 per
2437 2153 2665 2210 missum
2698 2169 2876 2209 meum
2918 2157 3247 2226 exemplaria
3291 2137 3520 2228 scripto-

1923 2255 2042 2294 rum
2083 2257 2254 2311 nuper
2283 2243 2338 2296 in
2366 2245 2573 2315 synodo
2600 2245 2739 2315 apud
2771 2245 2975 2301 Trecas
3015 2247 3288 2303 factorum
3333 2251 3515 2305 mitte-

1922 2345 2057 2397 rem,
2085 2347 2152 2387 ne
2175 2332 2315 2388 forte
2341 2336 2409 2388 ab
2446 2335 2638 2391 amicis
2661 2337 2818 2404 meis,
2851 2353 3079 2408 quorum
3113 2337 3512 2396 infestationem

1918 2422 2115 2492 patior,
2149 2421 2330 2494 aliqua
2361 2423 2608 2481 fortassis
2640 2443 2766 2498 erga
2807 2444 2892 2481 me
2932 2429 2984 2483 in
3024 2429 3104 2484 eis
3133 2431 3511 2501 compilentur,

1919 2512 1965 2570 si
2009 2511 2209 2580 solide,
2259 2524 2482 2587 propter
2524 2518 2881 2588 quorumdam
2925 2520 3230 2589 principum
3271 2537 3396 2593 erga
3427 2540 3514 2580 me

1919 2599 2361 2673 Commotionem,
2377 2607 2571 2678 quibus
2593 2610 2658 2664 ad
2682 2625 2776 2664 sua
2798 2619 2923 2664 vota
2949 2609 3162 2679 placere
3184 2628 3290 2666 non
3317 2615 3508 2679 audeo,

1917 2693 2058 2748 sicut
2082 2694 2173 2752 hic
2198 2695 2455 2765 praefatus
2485 2697 2810 2754 venerabilis
2834 2708 2888 2753 et
2925 2697 3284 2755 consacerdos
3325 2710 3512 2756 noster

1914 2785 2071 2842 vobis
2101 2787 2224 2840 viva
2245 2803 2379 2843 voce
2405 2788 2582 2842 dicere
2602 2799 2800 2859 potest,
2833 2789 3087 2845 valerem;
3137 2791 3211 2846 De
3243 2808 3350 2861 quo
3380 2793 3512 2848 cha—

1915 2877 2136 2931 rissimo
2168 2886 2222 2932 et
2252 2875 2513 2932 ﬁdissimo
2543 2875 2735 2943 fratre,
2776 2886 2831 2932 et
2859 2879 3152 2934 venerabili
3174 2897 3236 2935 ac
3257 2881 3510 2950 prudenti

1915 2967 2430 3039 episcopo,vestram
2454 2978 2575 3039 peto
2589 2967 2862 3026 indubiam
2879 2971 3219 3040 charitatem,
3234 2981 3294 3024 ut
3313 2972 3512 3027 domno

1915 3061 2238 3131 apostolico,
2270 3070 2323 3116 et
2351 3062 2494 3130 patri
2539 3070 2723 3117 nostro
2754 3062 3002 3126 Arsenio,
3049 3071 3103 3117 et
3127 3063 3338 3118 caeteris
3361 3062 3512 3117 fami-

1913 3135 2140 3206 liaribus
2170 3153 2367 3207 vestris
2393 3168 2516 3207 eum
2543 3154 2955 3218 commendetis,
2987 3161 3041 3208 et
3069 3152 3186 3222 ejus
3217 3153 3510 3208 necessita-

1917 3243 2063 3300 tibus
2109 3252 2272 3313 atque
2316 3241 2728 3299 rationabilibus
2771 3243 3121 3314 petitionibus
3160 3259 3259 3314 pro
3303 3243 3511 3298 viribus

1919 3335 2278 3390 concurratis.
2306 3333 2375 3388 Et
2404 3336 2680 3404 quoniam,
2719 3338 2933 3405 quando
2959 3338 3026 3390 ad
3067 3336 3328 3407 synodum
3367 3334 3507 3404 apud

1919 3425 2120 3483 Trecas
2148 3426 2290 3492 veni,
2323 3442 2432 3482 non
2461 3427 2648 3498 putavi
2673 3441 2794 3482 eum
2817 3443 2938 3482 cum
2969 3425 3239 3497 legatione
3264 3423 3508 3496 synodali

1917 3507 1986 3574 ex
2011 3519 2124 3588 ipsa
2150 3517 2355 3590 synodo
2377 3516 2606 3572 Romam
2631 3519 2854 3584 iturum,
2883 3517 3008 3571 talia
3031 3516 3115 3573 vel
3135 3518 3212 3572 ita
3234 3517 3501 3586 condigna

1916 3609 2109 3664 exenia
2141 3624 2352 3663 mecum
2384 3623 2493 3663 non
2541 3608 2714 3672 attuli,
2744 3617 2802 3662 ut
2838 3609 3037 3662 domno
3077 3605 3406 3677 apostolico,
3450 3614 3504 3661 et

1918 3699 2201 3758 Carissimo
2222 3701 2372 3756 Patri
2423 3712 2611 3758 nostro
2636 3701 2897 3766 Arsenio,
2942 3716 3007 3754 ac
3047 3701 3197 3755 vobis
3243 3700 3503 3768 condigne

1917 3773 2135 3846 mittere.
2184 3806 2445 3860 possem;
2498 3798 2552 3844 et
2605 3797 2728 3859 post
2787 3788 3053 3859 synodum
3108 3788 3176 3842 ad
3230 3786 3504 3843 civitatem

1918 3889 2158 3936 nostram
2206 3879 2454 3935 infirmus
2504 3892 2791 3934 remanens
2846 3880 2900 3932 in
2953 3877 3189 3948 quadam
3252 3876 3505 3931 Ecclesia:

1863 4009 1867 4014 -
1915 3968 2118 4030 uestrae
2147 3973 2350 4040 villula,
2388 3975 2569 4030 redire
2597 3982 2722 4030 ante
2769 3971 3158 4046 profectionem
3206 3967 3350 4027 illius
3400 3989 3506 4026 non

1917 4073 2113 4142 potui,
2159 4069 2232 4129 ne
2284 4071 2340 4127 in
2409 4079 2578 4128 totum
2631 4087 2728 4150 vos
2779 4067 3252 4142 quantulacunque
3291 4065 3511 4150 benedi-

1917 4161 2187 4218 ctiuncula
2217 4161 2439 4232 visitare
2465 4148 2813 4222 dimitterem,
2860 4173 2958 4229 pro
2980 4166 3179 4214 nostrae
3201 4148 3508 4227 exiguitatis

1917 4253 2178 4308 memoria
2206 4252 2361 4308 mitto
2382 4249 2535 4307 vobis
2574 4259 2671 4322 per
2696 4264 2818 4305 eum
2867 4253 3120 4306 erusnam
3165 4247 3230 4303 de
3278 4249 3506 4318 pellibus

1917 4343 2102 4409 variis,
2132 4359 2255 4398 cum
2277 4359 2454 4412 panno
2480 4341 2750 4398 coloribus
2772 4340 2943 4407 vario,
2970 4355 3146 4410 qua...
3163 4337 3366 4394 Cretera
3391 4355 3507 4409 pcr-

1914 4450 2084 4504 pauca
2113 4434 2316 4488 desunt.

2398 4525 2738 4628 EPISTOLA
2772 4545 3017 4604 xxxrx.
3325 4617 3330 4626 ι

2129 4665 2201 4716 Α»
2226 4665 2444 4718 nunc:
2476 4664 2782 4726 arietem
2823 4664 3288 4714 BELLAV-ACENSEM,

2382 4761 2504 4819 Pro-
2533 4761 2765 4831 episcopi
2797 4761 3044 4818 elatione.

2319 4871 2417 4936 (Ex
2437 4873 2730 4938 Δαείιμηορ.
2756 4869 2880 4927 sed.
2903 4874 3110 4938 nam.)

1995 4977 2305 5036 Hmcnanus
2328 4988 2532 5035 sanctae
2555 4977 2871 5051 metropolis
2892 4981 3146 5036 Ecclesia:
3168 4981 3501 5036 Rhemorum

1922 5065 2224 5143 epiSCOpus,
2260 5089 2324 5129 ac
2367 5071 2544 5144 plebis
2583 5071 2680 5130 Dei
2722 5071 2974 5141 famulus,
3004 5072 3149 5129 clero
3179 5081 3234 5128 et
3265 5072 3404 5141 plebi
3449 5073 3505 5126 in

1925 5165 2185 5234 PM‘OChia
2213 5159 2529 5222 Bel'vacens'i
2555 5163 2904 5222 ‘consistenti.
3046 5181 3048 5184 ·
3111 5184 3124 5190 -
3259 5163 3262 5180 λ
3491 5173 3496 5188 ε

1995 5253 2131 5324 Quia
2163 5246 2417 5314 defuncto
2448 5255 2664 5326 dilecto,
2685 5259 2772 5313 vel
2796 5255 3116 5322 venerabili,
3143 5253 3421 5311 confratre'
3441 5251 3505 5309 ac

1924 5346 2210 5403 sacerdote
2237 5353 2444 5414 nostro,
2479 5338 2648 5418 patre
2669 5347 2920 5404 videlicet
2951 5353 3034 5402 ac”
3060 5337 3278 5416 pastore
3321 5347 3508 5401 vestro

1924 5439 2114 5500 Odone'
2133 5451 2156 5509 ,'
2182 5437 2465 5500 electione
2500 5435 2762 5500 caneniea’
2809 5458 2839 5496 a
2873 5437 3090 5495 domino
3145 5447 3331 5495 nostro
3379 5445 3507 5508 rege

1914 5527 2079 5590 vobis
2108 5535 2264 5589 solita
2291 5536 2627 5606 benignitate
2659 5533 2942 5598 concessa,
2969 5545 3196 5587 necesse
3225 5525 3329 5587 erit
3355 5541 3413 5587 ut
3441 5527 3508 5586 de

1926 5624 2170 5696 eligendo
2198 5635 2360 5696 atque
2407 5609 2784 5681 constituendo
2831 5622 2984 5678 vobis
3013 5619 3249 5694 pastore,
3279 5619 3364 5677 've'l
3407 5617 3502 5679 dos

1925 5726 2073 5772 ctore
2096 5727 2257 5788 atque
2281 5703 2520 5781 rectore,
2531 5713 2825 5771 secundum
2847 5713 3246 5771 ecclesiasticas
3270 5714 3502 5787 regulas,

1923 5809 2062 5863 votis
2090 5809 2291 5865 nostris
2318 5806 2370 5862 in
2407 5821 2573 5861 unum
2605 5805 2834 5880 Domino
2877 5805 3151 5864 mediante
3180 5805 3506 5861 c0nvenien—

1922 5901 2084 5970 tibus,
2114 5902 2405 5973 prmmissis
2432 5895 2654 5971 jejuniis
2685 5897 2740 5957 et'
2767 5899 3078 5955 litaniarum
3108 5893 3492 5956 obsecrationi-
