3950 5396
501 390 606 448 259

1465 389 1796 446 HINCMARI
1834 387 2232 448 RHEMENSIS
2266 389 2790 446 ARCHIEPISCOPI
2846 402 2851 407 ‘

3686 387 3792 445 260

503 508 623 571 bus,
656 512 892 558 tractare
923 504 1247 572 quantocius
1275 503 1592 559 maturetis:
1626 512 1682 559 et
1705 513 1932 560 exorato
1961 518 2026 560 eo
2053 519 2084 558 a
2112 508 2165 566 Α
2191 521 2298 560 non
2321 504 2386 561 de
2413 505 2665 561 omnibus
2691 504 2761 559 sit
2787 502 2940 558 laicis
2981 502 3362 559 constitutum.
3396 500 3587 574 Neque
3643 503 3789 558 enim

500 615 607 672 quo
636 607 719 654 est
749 609 909 653 omne
935 597 1120 653 datum
1145 597 1428 668 optimum,
1453 606 1508 653 et
1538 613 1699 654 omne
1729 598 1929 653 donum
1957 611 2086 670 per—

499 695 722 757 fectum,
750 691 948 762 quique
975 689 1107 745 facit
1137 690 1419 745 unanimes
1445 690 1692 745 habitare
1723 691 1776 746 in
1800 690 1981 756 domo,
2011 690 2087 746 ita

497 803 594 843 vos
622 802 748 843 cum
797 784 986 840 studiis
1029 783 1187 855 hujus
1228 783 1522 840 venerandi
1559 782 1748 838 fratris
1801 783 2087 854 aecoepi-

498 881 646 951 scopi
674 879 847 937 nostri
871 892 921 945 α,
957 879 1044 933 cui
1093 879 1392 934 secundum
1427 877 1823 934 institutionem
1864 877 2088 933 canoni-

495 988 617 1028 cam
646 971 941 1027 visitatoris
967 967 1203 1026 cilicium
1237 970 1291 1024 in
1314 967 1575 1032 Ecclesia,
1607 970 1760 1040 cujus
1792 985 1978 1026 amore
2004 968 2088 1024 vel

494 1066 680 1136 vigore
711 1063 991 1129 fovemini,
1018 1061 1402 1134 delegavimus,
1440 1063 1491 1116 in
1539 1060 1804 1119 electione
1853 1062 2088 1134 regula-ri

498 1157 882 1224 concorditer;
925 1167 981 1211 ut
1030 1165 1249 1228 pastore
1279 1173 1377 1212 vos
1410 1156 1611 1211 diutius
1660 1156 1948 1213 destitutos
1978 1169 2087 1212 non

495 1253 738 1310 deleatis.
769 1254 845 1308 De
873 1251 1027 1322 cujus
1059 1249 1308 1307 videlicet
1334 1267 1362 1304 a
1394 1249 1547 1306 nobis
1576 1249 1934 1306 consecrandi
1969 1249 2086 1321 epi-

493 1347 644 1417 scopi
677 1346 960 1410 electione,
998 1361 1097 1416 pro
1147 1345 1400 1416 imposito
1451 1343 1607 1400 nobis
1660 1343 1984 1414 ministerio,
2033 1349 2088 1399 et

495 1453 626 1494 cura
657 1437 824 1494 totius
875 1433 1169 1510 provinciae
1213 1435 1512 1490 secundum
1564 1433 1808 1508 mysticae
1856 1431 2089 1490 Nicaeum
2137 1498 2142 1513 ι

495 1531 684 1603 synodi
731 1547 969 1588 canones
998 1529 1269 1602 delegata,
1298 1527 1627 1584 fraternitati
1672 1536 1869 1586 vestrae
1901 1535 2088 1586 aucto-

496 1626 716 1682 ritatem
748 1624 1008 1680 divinitus
1040 1622 1432 1694 promulgatam
1478 1621 1731 1678 intimare
1768 1623 2084 1694 satagimus.

494 1715 677 1772 Primo
707 1714 936 1782 scilicet,
967 1723 1026 1768 ut
1052 1715 1333 1769 decretum
1360 1713 1478 1768 sine
1507 1712 1809 1770 visitatoris
1843 1728 2083 1785 prmsen-

497 1809 569 1864 tia
600 1823 760 1864 nemo
810 1806 1084 1874 conﬁciat,
1121 1803 1273 1876 cujus
1305 1805 1616 1862 testimonio
1644 1804 1968 1863 clericorum
2021 1817 2086 1861 ac

2193 598 2376 654 clerici
2423 599 2609 664 nasci,
2635 607 2691 654 et
2738 612 2846 653 non
2898 596 3013 653 ﬁeri
3057 606 3318 667 possunt;
3362 597 3458 652 sed
3505 597 3790 667 designata

2191 700 2318 747 sunt
2347 706 2569 762 genera,
2591 693 2660 748 de
2691 693 2888 762 quibus
2917 691 2986 746 ad
3015 691 3330 748 clericatum
3361 693 3656 762 pervenire
3688 709 3788 749 non

2191 793 2417 855 possunt
2463 802 2478 838 :
2518 784 2570 839 id
2600 793 2684 840 est
2732 784 2778 839 si
2823 784 2944 855 quis
2974 783 3150 840 fidelis
3177 783 3526 850 militaverit;
3577 785 3628 840 si
3675 787 3790 855 quis

2193 876 2365 933 ﬁdelis
2395 892 2590 933 causas
2636 878 2831 950 egerit,
2863 878 2966 933 hoc
3014 886 3118 944 est,
3148 878 3538 948 postulaverit;
3581 880 3629 935 si
3675 881 3790 949 quis

2193 969 2368 1025 ﬁdelis
2406 969 2909 1036 administraverit;
2946 970 2991 1025 si
3021 967 3146 1041 quis
3174 971 3259 1025 vir
3305 977 3428 1026 ante
3458 972 3722 1037 servivit;
3748 973 3788 1027 si

2191 1063 2313 1132 quis
2340 1061 2613 1132 publicam
2661 1061 3036 1132 panitentiam
3068 1075 3168 1131 pro
3197 1061 3370 1133 culpis
3415 1062 3789 1118 erimioalibus

2193 1155 2337 1224 egit;
2369 1155 2414 1210 si
2447 1155 2568 1225 quis
2595 1154 2868 1226 bigamus,
2901 1154 2989 1209 vel
3015 1154 3248 1210 maritus
3272 1154 3445 1210 vidua:
3482 1148 3610 1219 fuit,
3638 1154 3726 1210 vel
3749 1155 3790 1209 si

2193 1247 2576 1314 concubinam,
2607 1248 2694 1303 vel
2723 1247 2971 1318 pellicem
2995 1247 3166 1303 novit.
3200 1248 3398 1304 Cavete
3430 1247 3788 1303 nihilominus

2193 1355 2260 1398 ne
2303 1342 2668 1408 illitteratum,
2703 1340 2785 1398 vel
2838 1339 3064 1411 alicujus
3103 1341 3374 1399 haereseos
3409 1351 3572 1412 peste
3604 1355 3788 1397 eorru-

2193 1446 2368 1508 ptum,
2387 1451 2450 1492 ae
2481 1436 2785 1506 aliquorum
2816 1435 3187 1492 membrorum
3213 1437 3409 1492 damna
3437 1449 3786 1507 perpessum;

2192 1543 2298 1584 non
2332 1530 2735 1600 negociatorem
2771 1528 3050 1595 clericum,
3075 1538 3170 1586 aut
3197 1529 3504 1587 inhonestis
3532 1535 3592 1584 et
3627 1527 3790 1598 turpi-

2191 1621 2293 1675 bus
2343 1621 2508 1676 lucris
2559 1619 2932 1686 incubantem,
2981 1629 3073 1676 aut
3131 1619 3418 1678 horrendis
3465 1619 3790 1689 quibusdam

2192 1713 2514 1770 criminibus
2537 1712 2870 1783 implicatum
2895 1713 2980 1768 vel
3011 1709 3368 1775 ditatuatum,
3392 1710 3482 1764 vel
3505 1710 3787 1765 daemoniis

2192 1806 2565 1877 similibusque
2595 1805 2946 1877 passionibus
2986 1805 3282 1870 irretitum,
3310 1803 3516 1874 eligere
3556 1809 3786 1857 attente-

497 1899 696 1955 civium
732 1896 904 1969 possit
939 1896 1271 1952 unanimitas
1299 1895 1589 1952 declarari.
1646 1896 1848 1955 Deinde
1878 1939 1890 1963 ,
1920 1904 1980 1952 ut
2023 1879 2166 1952 de‘B
2198 1900 2265 1956 tis
2301 1915 2313 1954 :
2342 1902 2438 1956 sed
2475 1899 2659 1955 domui
2707 1893 2802 1954 Dei
2845 1897 3088 1971 dignum,
3121 1897 3338 1953 ﬁdelem
3365 1901 3536 1968 atque
3559 1894 3791 1966 pruden-

498 1989 728 2046 echesia
755 1997 974 2052 vestra,
1011 1987 1124 2044 sive
1172 1989 1243 2044 sit
1273 1989 1327 2043 in
1362 1987 1608 2056 civitate,
1647 1988 1762 2044 sive
1796 1988 1849 2043 in
1905 2003 2092 2044 mona-

494 2086 696 2150 steriis,
735 2086 822 2141 his
867 2085 1170 2155 disciplinis
1217 2084 1542 2152 institutum,
1578 2096 1634 2141 et
1663 2086 1736 2141 ita
1780 2083 2092 2157 apostolicae

493 2176 684 2233 forma:
713 2175 1162 2242 convenientem,
1191 2175 1275 2234 de.
1294 2177 1618 2232 diaconibus
1647 2177 1731 2231 vel
1759 2173 2092 2249 presbyteris

499 2269 712 2342 eligatis
766 2270 942 2335 vobis,
977 2276 1200 2325 auctore
1251 2278 1306 2323 et
1353 2268 1565 2324 fautore
1614 2261 1863 2333 Domino,
1896 2282 2088 2324 conse-

493 2364 754 2419 crandum
805 2363 1151 2433 episcopum,
1184 2361 1319 2417 sicut
1354 2377 1477 2416 cum
1522 2359 1586 2416 de
1642 2359 1889 2435 eligendo
1928 2369 2093 2432 atque

495 2456 876 2514 constituendo
899 2454 1150 2526 episcopo
1177 2463 1382 2525 ageret,
1410 2447 1532 2509 Tito
1560 2461 1614 2508 et
1637 2445 1923 2509 Timotheo
1952 2451 2092 2507 Pau-

497 2550 580 2605 lus
610 2549 851 2621 depingit
879 2546 1172 2620 apostolus.
1213 2547 1281 2602 Et
1310 2548 1375 2612 si,
1400 2547 1542 2617 quod
1572 2546 1732 2611 absit,
1763 2547 1828 2600 de
1851 2543 2090 2601 civitatis

494 2658 558 2700 ac
606 2643 863 2714 parmene
905 2651 1104 2698 vestra:
1152 2640 1387 2706 clericis,
1412 2637 1748 2695 ordinandus
1805 2639 2092 2709 episcopus

498 2733 679 2791 nullus
709 2734 936 2803 dignus,.
954 2732 1040 2788 vel
1078 2732 1304 2788 idoneus
1338 2746 1552 2787 summo
1583 2729 1911 2796 sacerdotio,
1945 2730 2092 2801 quod

493 2825 713 2881 evenire
742 2839 848 2880 non
891 2823 1186 2886 credimus,
1214 2822 1415 2894 poterit
1462 2821 1692 2877 inveniri
1729 2839 1742 2875 :
1773 2829 1903 2876 tunc
1950 2813 2088 2875 aite-

496 2935 619 2975 rum
645 2919 710 2974 de
740 2917 912 2973 altera
949 2917 1248 2972 dioceeseos
1281 2923 1481 2972 nostra:
1528 2913 1785 2982 ecclesia,
1815 2914 1957 2971 unde
1995 2930 2093 2970 no-

493 3012 580 3070 bis
609 3011 908 3067 secundum
953 3009 1274 3065 Africanum
1307 3008 1602 3065 concilium
1641 3009 1782 3080 (can.
1814 3005 1936 3080 22),
1973 3009 2090 3064 sine

495 3103 814 3173 cuiusquam
848 3101 1304 3170 contradictione,
1333 3101 1620 3157 ordinandi
1649 3116 1977 3172 quemquam
2001 3115 2091 3155 ca-

494 3195 693 3250 nonice
727 3193 962 3250 electum
1007 3201 1063 3248 et
1103 3193 1334 3265 petitum
1384 3200 1469 3248 est
1517 3192 1780 3247 attributa
1827 3190 2044 3248 licentia
2071 3231 2085 3257 ,

2198 1999 2305 2050 tem
2336 1993 2645 2050 ministrum
2697 1994 3134 2066 dispensatorem
3171 1991 3372 2064 eligite.
3402 1991 3686 2059 Quatenus
3717 1988 3790 2043 in-

2197 2087 2367 2142 terius
2414 2087 2764 2157 exteriusque
2820 2083 3085 2143 decenter
3133 2094 3398 2151 ornatus,
3437 2081 3674 2140 formam
3719 2081 3789 2136 vi-

2194 2178 2355 2234 vendi
2405 2177 2559 2234 vobis
2590 2177 2840 2250 religiosa
2882 2179 3300 2236 conversatione
3329 2179 3697 2241 demonstret,
3741 2182 3791 2231 et

2197 2283 2329 2326 sana
2359 2269 2630 2338 doctrina,
2685 2270 2827 2327 inter
2857 2272 3017 2343 hujus
3068 2271 3252 2328 mundi
3285 2283 3350 2328 ac
3379 2270 3790 2327 tribulationum

2199 2363 2470 2430 tenebras,
2503 2369 2652 2420 recto
2694 2363 2831 2419 calle
2876 2364 3158 2435 gradiendi
3206 2365 3324 2421 sine
3377 2359 3687 2421 odensione
3733 2364 3790 2419 ad

2196 2465 2413 2528 portum
2436 2455 2627 2512 salutis
2648 2466 2864 2511 aeternae
2891 2455 3073 2512 lumen
3096 2457 3450 2512 manifestare
3471 2455 3785 2525 prmvaleat;

2196 2555 2250 2604 et
2299 2555 2488 2604 contra
2535 2547 2876 2604 barbaricam
2921 2545 3344 2613 infestationem,
3376 2548 3422 2603 si
3458 2547 3611 2619 quod
3641 2546 3792 2611 absit,

2197 2640 2474 2705 acciderit,
2506 2639 2659 2696 vobis
2683 2638 2826 2696 ferre
2855 2638 3128 2695 auxilium
3158 2639 3446 2711 prudentia
3476 2639 3644 2704 sciat,
3668 2636 3788 2691 viri-

2197 2731 2347 2788 litate
2377 2731 2575 2800 valeat,
2599 2733 2959 2803 temperantia
2989 2731 3239 2789 consulat
3272 2747 3286 2786 :
3315 2735 3370 2788 et
3395 2732 3482 2788 sic
3528 2731 3793 2788 exteriora

2198 2827 2562 2894 administret,
2596 2840 2656 2882 ut
2683 2828 2941 2882 interiora
2975 2841 3082 2883 non
3112 2828 3368 2893 deserat;
3398 2825 3479 2882 sic
3520 2821 3790 2883 interiori-

2197 2919 2298 2978 bus
2324 2919 2545 2986 serviat,
2593 2928 2652 2975 ut
2677 2921 2948 2975 exteriora
2979 2919 3197 2991 penitus
3228 2934 3333 2976 non
3387 2919 3698 2990 relinquat;
3746 2929 3793 2972 et

2197 3011 2573 3079 ambidexter,
2620 3011 3056 3082 contemplationi
3124 3017 3306 3067 mente
3358 3011 3637 3067 inserviat
3679 3012 3790 3065 vita:

2197 3102 2388 3161 activa:
2439 3101 2678 3160 servitiis
2729 3105 2989 3172 intentus,
3037 3112 3096 3159 ut
3144 3101 3316 3160 ﬁdelis
3344 3113 3544 3161 servos
3575 3113 3633 3160 et
3677 3118 3792 3175 pru-

2197 3201 2352 3268 dens,
2375 3199 2660 3257 conservis
2689 3201 2742 3254 in
2776 3209 3020 3272 tempore
3051 3199 3220 3254 tritici
3251 3210 3598 3266 mensuram,
3636 3199 3689 3253 id
3718 3207 3792 3253 est

493 3290 718 3362 eligere,
747 3296 1076 3358 procurate;
1117 3287 1210 3357 qui
1240 3287 1436 3342 merito
1465 3286 1590 3341 vitae
1626 3294 1682 3340 et
1707 3284 1949 3341 scientim
1985 3288 2084 3340 do-

2192 3295 2412 3349 modum
2438 3291 2587 3348 verbi
2614 3291 2760 3358 ﬁdei,
2791 3254 3018 3362 probate
3059 3287 3351 3362 dispenset.
3382 3287 3504 3345 Non
3538 3289 3718 3346 solum
3745 3289 3790 3342 in

495 3381 670 3437 ctrina
714 3382 870 3436 vobis
917 3394 1153 3451 prmesse
1198 3378 1410 3444 valeat,
1444 3387 1500 3434 et
1543 3378 1802 3449 prodesse
1838 3397 1851 3432 :
1885 3377 2089 3448 quique

495 3472 668 3528 sacris
693 3471 1012 3534 eanonibus,
1041 3469 1314 3542 praacipue
1360 3467 1600 3538 capitulo
1633 3466 2086 3539 Carthaginensis

492 3563 707 3619 concilii
754 3563 921 3634 (conc.
965 3559 1150 3617 Carth.
1193 3578 1280 3616 an.
1326 3559 1450 3626 598,
1485 3577 1603 3613 can.
1645 3559 1696 3629 i)
1731 3577 1744 3611 :
1777 3557 1965 3624 Qualis
1994 3556 2087 3635 de-

494 3655 618 3711 beat
661 3655 900 3710 ordinari
934 3654 1240 3725 episcopus,
1274 3667 1380 3708 non
1418 3651 1609 3707 debeat
1661 3651 1917 3715 obviare;
1965 3658 2020 3705 et
2054 3664 2085 3705 a

491 3749 723 3806 decretis
751 3751 994 3815 Patrum,
1026 3748 1208 3804 Sirieii
1254 3746 1527 3811 videlicet,
1560 3745 1880 3811 Innocentii,
1909 3743 2084 3800 Coele-

491 3843 642 3908 stini,
671 3841 888 3906 Leonis,
919 3840 1144 3905 Gclasii,
1175 3847 1340 3910 atque
1385 3838 1660 3909 Gregorii,
1688 3846 1954 3908 quantum
1989 3851 2083 3907 pa-

492 3935 621 3989 titur
650 3936 886 3990 humana
918 3933 1207 4003 fragilitas,
1237 3940 1293 3985 et
1315 3932 1567 4000 poteritis
1602 3932 1944 4000 conspicere,
1975 3945 2084 3985 non

491 4027 670 4081 valeat
690 4024 1070 4096 quoquomodo
1103 4023 1431 4092 discrepare.
1463 4021 1521 4076 Si
1553 4023 1718 4076 etiam
1750 4023 1817 4078 de
1858 4022 2084 4076 alterius

491 4117 716 4172 dioecesi
748 4115 1163 4184 archiepiscopi,
1195 4114 1281 4169 vel
1312 4114 1552 4185 parmcia
1599 4115 1864 4185 episcopi,
1897 4129 2084 4186 quem-

491 4209 638 4278 piam
667 4209 818 4264 vobis
852 4215 1038 4262 notum
1068 4207 1372 4278 proﬁcuum
1403 4214 1456 4259 et
1498 4205 1687 4260 utilem
1717 4205 1919 4276 eligere
1970 4222 2082 4261 ma-

493 4302 704 4358 lueritis
734 4321 747 4356 :
795 4316 1016 4357 necesse
1046 4301 1199 4358 vobis
1226 4301 1352 4366 erit,
1383 4316 1506 4356 eum
1555 4300 1892 4370 beneplacito
1941 4302 2083 4359 illius

497 4395 758 4464 episcopi,
787 4393 941 4464 cujus
962 4393 1228 4459 intererit,
1256 4391 1524 4447 etlitteris
1549 4393 1829 4448 canonicis
1849 4394 2080 4464 petitum

491 4486 758 4551 obtinere,
791 4496 847 4542 et
875 4487 940 4542 ad
973 4502 1072 4541 nos
1100 4485 1248 4541 illum
1276 4485 1550 4540 mediante
1582 4484 1864 4540 visitatore
1901 4493 2082 4540 vestro

491 4577 908 4632 examinandum
957 4578 1263 4642 adducere;
1298 4584 1580 4648 quatenus,
1617 4576 1661 4631 si
1693 4591 1964 4649 congruus
1992 4591 2080 4631 sa-

491 4672 598 4728 cris
627 4669 927 4726 canonibus
970 4670 1219 4727 inventus
1260 4665 1442 4737 fuerit,
1475 4667 1629 4724 vobis
1653 4667 1936 4723 ordinetur
1966 4669 2077 4738 epi-

491 4782 708 4837 scapus.
741 4766 880 4820 Ante
908 4764 1088 4818 omnia
1119 4769 1300 4819 autem
1331 4771 1518 4818 cavete
1541 4761 1594 4817 in
1617 4762 1879 4819 electione
1907 4763 2078 4834 ponti-

491 4859 609 4914 ﬁcis
630 4858 830 4913 malum
853 4855 1163 4913 simoniaew
1185 4855 1454 4912 haereseos
1473 4895 1487 4921 ,
1514 4869 1580 4910 ne
1603 4869 1699 4927 pro
1725 4856 1851 4912 dato
1873 4857 2074 4927 aliquo,

491 4949 574 5004 vel
604 4949 964 5020 promissione
1007 4946 1217 5014 illicita,
1245 4962 1419 5018 neque
1444 4963 1542 5016 pro
1590 4947 1765 5016 gratia
1795 4947 2079 5016 cujuscun-

490 5058 594 5112 que
639 5043 723 5098 vel
783 5042 1156 5098 familiaritate
1212 5051 1307 5097 aut
1365 5043 1771 5113 propinquitate
1824 5041 2072 5112 alicujus,

491 5137 798 5208 quempiam
850 5137 1126 5192 attentetis
1180 5136 1400 5205 eligere.
1457 5134 1572 5191 Non
1624 5150 1768 5202 eum,
1798 5136 1884 5190 eui
1930 5133 2073 5190 nulla

2189 3387 2595 3458 praedicationis
2635 3401 2908 3453 sermone,
2939 3401 3005 3440 ac
3034 3382 3474 3440 conversationis
3518 3381 3784 3452 exeinplo,

2187 3496 2381 3542 verum
2408 3480 2463 3536 in
2496 3477 2708 3537 cunctis
2742 3478 2903 3536 saluti
2935 3494 2998 3535 ac
3023 3475 3150 3534 vitae
3180 3477 3511 3536 necessariis
3547 3490 3782 3534 necessa-

2187 3573 2268 3628 ria
2296 3582 2351 3629 et
2377 3580 2678 3644 opportuna
2709 3571 3027 3642 praevideat.
3577 3586 3584 3591 κ

2257 3661 2580 3734 Huiusmodi
2630 3671 2851 3728 autem,
2903 3671 3168 3733 quantum
3214 3651 3480 3716 Dominus
3534 3656 3784 3722 dederit,

2188 3755 2305 3828 ipso
2333 3763 2668 3827 cooperante
2699 3753 2935 3810 electum
2959 3769 3084 3810 cum
3114 3753 3396 3810 visitatore
3421 3761 3634 3819 vestro,
3658 3767 3786 3823 prae-

2188 3854 2344 3902 sente
2393 3846 2603 3903 scilicet
2635 3845 2914 3902 confratre
2945 3854 3160 3912 nostro,
3191 3853 3246 3902 et
3291 3861 3414 3900 cum
3451 3841 3678 3900 decreto
3703 3857 3787 3896 ca-

2188 3938 2408 4004 nonico,
2438 3937 2505 3993 ad
2534 3937 2858 3994 humilitatis
2888 3949 3089 3995 nostrae
3119 3933 3546 3993 sollicitudinem
3582 3932 3784 3991 exami-

2189 4030 2428 4086 nandum
2464 4027 2715 4085 adducite
2749 4047 2762 4084 :
2797 4029 2948 4101 quia,
2980 4038 3041 4084 ut
3072 4028 3233 4101 longe
3260 4037 3386 4082 ante
3443 4042 3544 4083 nos
3584 4025 3780 4080 dictum

2186 4132 2291 4192 est,
2325 4139 2433 4178 non
2469 4132 2553 4180 est
2599 4121 2758 4178 facile
2809 4121 3181 4188 dimittendus,
3223 4119 3308 4176 cui
3361 4123 3447 4175 est
3495 4117 3776 4190 proximus

2187 4208 2626 4272 committendus.
2658 4213 3009 4271 Pracnoscere
3024 4230 3122 4270 vos
3152 4211 3382 4284 denique
3408 4209 3555 4279 volo,
3582 4210 3706 4283 quia
3741 4208 3781 4262 si

2185 4325 2474 4382 personam
2513 4326 2543 4365 a
2575 4309 2748 4367 sacris
2778 4309 3082 4366 canonibus
3106 4307 3318 4372 deviam
3352 4305 3596 4361 scienter
3625 4301 3776 4357 nobis

2187 4403 2547 4469 adduxeritis,
2579 4418 2690 4458 non
2717 4403 2891 4459 solum
2925 4418 2992 4457 ex
3040 4416 3103 4456 ea
3131 4395 3445 4472 pontiﬁcem
3476 4413 3586 4452 non
3623 4395 3780 4450 habe-

2184 4498 2332 4564 bitis,
2373 4513 2564 4552 verum
2593 4497 2756 4553 etiam
2781 4512 2882 4567 pro
2912 4494 3099 4551 illicita
3131 4484 3421 4558 electione,
3455 4500 3515 4545 ut
3540 4497 3777 4545 contem-

2185 4603 2369 4665 ptores
2393 4608 2686 4660 canonum,
2711 4589 2978 4661 judicium
3011 4588 3321 4645 incurretis.
3357 4583 3465 4641 Sed
3499 4592 3558 4639 et
3592 4592 3778 4640 nostro

2185 4703 2249 4744 ac
2277 4688 2722 4759 coepiscoporum
2753 4693 3066 4742 nostrorum
3111 4681 3318 4754 judicio
3348 4678 3588 4734 refutata
3619 4676 3779 4732 ratio—

2185 4780 2436 4835 nabiliter
2463 4778 2730 4836 electione
2753 4785 2933 4834 vestra
2959 4779 3278 4846 incongrua,
3301 4772 3465 4827 talem
3486 4767 3776 4826 secundum

2185 4869 2546 4926 Laodicenses
2573 4883 2812 4925 canones
2843 4865 3180 4923 studebimus
3208 4862 3429 4933 eligere,
3464 4859 3559 4930 qui
3588 4855 3777 4913 vestris

2185 4959 2392 5014 vitiosis
2422 4957 2790 5013 voluntatibus
2821 4975 2926 5013 non
2959 4955 3140 5011 valeat
3168 4952 3502 5010 consentire.
3548 4947 3682 5019 Quia
3712 4946 3779 5002 si-

2185 5060 2274 5106 cut
2301 5051 2440 5105 bene
2471 5050 2786 5122 petentibus
2818 5049 2947 5105 dicit
3006 5047 3268 5104 Dominus
3297 5064 3309 5100 :
3345 5044 3540 5110 Petite,
3564 5054 3610 5098 et
3648 5041 3778 5096 acci—

2181 5144 2332 5215 pietis
2361 5143 2578 5216 (Manli.
2605 5146 2725 5215 vn),
2754 5145 2832 5199 ita
2859 5153 2916 5198 et
2941 5158 3039 5213 per
3073 5138 3375 5212 apostolum
3430 5139 3574 5193 male
3599 5144 3776 5208 peten-
