  <div class='ocr_page' id='page_1' title='image "/cluster/home/n/w/nwhite01/storage/ocr_20150623/126/hvd.32044015471675/136.png"; bbox 0 0 3950 5396; ppageno 0'>
   <div class='ocr_carea' id='block_1_1' title="bbox 119 389 224 448">
    <p class='ocr_par' dir='ltr' id='par_1_1' title="bbox 119 389 224 448">
     <span class='ocr_line' id='line_1_1' title="bbox 119 389 224 448; baseline 0 0"><span class='ocrx_word' id='word_1_1' title='bbox 119 389 224 448; x_wconf 70' lang='grc'><strong>261</strong></span> 
     </span>
    </p>
   </div>
   <div class='ocr_carea' id='block_1_2' title="bbox 1583 390 1960 449">
    <p class='ocr_par' dir='ltr' id='par_1_2' title="bbox 1583 390 1960 449">
     <span class='ocr_line' id='line_1_2' title="bbox 1583 390 1960 449; baseline -0.003 -3"><span class='ocrx_word' id='word_1_2' title='bbox 1583 390 1960 449; x_wconf 62' lang='grc' dir='ltr'><strong>Εριδτοιιίε.</strong></span> 
     </span>
    </p>
   </div>
   <div class='ocr_carea' id='block_1_3' title="bbox 3289 398 3398 450">
    <p class='ocr_par' dir='ltr' id='par_1_3' title="bbox 3289 398 3398 450">
     <span class='ocr_line' id='line_1_3' title="bbox 3289 398 3398 450; baseline 0 0"><span class='ocrx_word' id='word_1_3' title='bbox 3289 398 3398 450; x_wconf 65' lang='lat'><strong>9.62</strong></span> 
     </span>
    </p>
   </div>
   <div class='ocr_carea' id='block_1_4' title="bbox 123 500 3410 574">
    <p class='ocr_par' dir='ltr' id='par_1_4' title="bbox 123 500 3410 574">
     <span class='ocr_line' id='line_1_4' title="bbox 123 500 3410 574; baseline 0 -14"><span class='ocrx_word' id='word_1_4' title='bbox 123 504 496 570; x_wconf 79' lang='lat' dir='ltr'><strong>commodare,</strong></span> <span class='ocrx_word' id='word_1_5' title='bbox 542 506 636 574; x_wconf 85' lang='lat' dir='ltr'><strong>qui</strong></span> <span class='ocrx_word' id='word_1_6' title='bbox 673 520 780 560; x_wconf 88' lang='lat' dir='ltr'><strong>non</strong></span> <span class='ocrx_word' id='word_1_7' title='bbox 811 507 955 562; x_wconf 79' lang='lat' dir='ltr'><strong>sicut</strong></span> <span class='ocrx_word' id='word_1_8' title='bbox 999 506 1162 562; x_wconf 85' lang='lat' dir='ltr'><strong>homo</strong></span> <span class='ocrx_word' id='word_1_9' title='bbox 1212 513 1420 560; x_wconf 81' lang='lat' dir='ltr'><strong>tantum</strong></span> <span class='ocrx_word' id='word_1_10' title='bbox 1469 503 1522 557; x_wconf 91' lang='lat' dir='ltr'><strong>in</strong></span> <span class='ocrx_word' id='word_1_11' title='bbox 1554 501 1716 567; x_wconf 72' lang='lat' dir='ltr'><strong>facie,</strong></span> <span class='ocrx_word' id='word_1_12' title='bbox 1748 505 1796 564; x_wconf 65' lang='grc' dir='ltr'><strong>Α</strong></span> <span class='ocrx_word' id='word_1_13' title='bbox 1827 500 2128 571; x_wconf 76' lang='lat' dir='ltr'><strong>proﬁtendo</strong></span> <span class='ocrx_word' id='word_1_14' title='bbox 2161 518 2173 554; x_wconf 90' lang='lat'><strong>:</strong></span> <span class='ocrx_word' id='word_1_15' title='bbox 2224 502 2498 567; x_wconf 77' lang='lat' dir='ltr'><strong>Quantum</strong></span> <span class='ocrx_word' id='word_1_16' title='bbox 2532 500 2708 556; x_wconf 85' lang='lat' dir='ltr'><strong>sciero</strong></span> <span class='ocrx_word' id='word_1_17' title='bbox 2757 509 2810 556; x_wconf 88' lang='lat' dir='ltr'><strong>et</strong></span> <span class='ocrx_word' id='word_1_18' title='bbox 2865 510 3092 572; x_wconf 80' lang='lat' dir='ltr'><strong>potuero</strong></span> <span class='ocrx_word' id='word_1_19' title='bbox 3115 542 3131 568; x_wconf 90' lang='lat'><strong>,</strong></span> <span class='ocrx_word' id='word_1_20' title='bbox 3179 501 3410 561; x_wconf 83' lang='lat' dir='ltr'><strong>Domino</strong></span> 
     </span>
    </p>
   </div>
   <div class='ocr_carea' id='block_1_5' title="bbox 121 597 1719 669">
    <p class='ocr_par' dir='ltr' id='par_1_5' title="bbox 121 597 1719 669">
     <span class='ocr_line' id='line_1_5' title="bbox 121 597 1719 669; baseline -0.001 -17"><span class='ocrx_word' id='word_1_21' title='bbox 121 597 218 652; x_wconf 88' lang='lat' dir='ltr'><strong>sed</strong></span> <span class='ocrx_word' id='word_1_22' title='bbox 270 597 609 669; x_wconf 85' lang='lat' dir='ltr'><strong>singulorum</strong></span> <span class='ocrx_word' id='word_1_23' title='bbox 645 599 810 654; x_wconf 83' lang='lat' dir='ltr'><strong>corda</strong></span> <span class='ocrx_word' id='word_1_24' title='bbox 871 608 1168 664; x_wconf 73' lang='lat' dir='ltr'><strong>scrutatur,</strong></span> <span class='ocrx_word' id='word_1_25' title='bbox 1193 608 1247 654; x_wconf 89' lang='lat' dir='ltr'><strong>et</strong></span> <span class='ocrx_word' id='word_1_26' title='bbox 1297 612 1476 654; x_wconf 87' lang='lat' dir='ltr'><strong>renes.</strong></span> <span class='ocrx_word' id='word_1_27' title='bbox 1505 597 1604 652; x_wconf 84' lang='lat' dir='ltr'><strong>Cui</strong></span> <span class='ocrx_word' id='word_1_28' title='bbox 1633 608 1719 651; x_wconf 84' lang='lat' dir='ltr'><strong>est</strong></span> 
     </span>
    </p>
   </div>
   <div class='ocr_carea' id='block_1_6' title="bbox 124 691 1718 766">
    <p class='ocr_par' dir='ltr' id='par_1_6' title="bbox 124 691 1718 766">
     <span class='ocr_line' id='line_1_6' title="bbox 124 691 1718 766; baseline -0.001 -20"><span class='ocrx_word' id='word_1_29' title='bbox 124 694 301 759; x_wconf 85' lang='lat' dir='ltr'><strong>honor</strong></span> <span class='ocrx_word' id='word_1_30' title='bbox 346 702 402 746; x_wconf 90' lang='lat' dir='ltr'><strong>et</strong></span> <span class='ocrx_word' id='word_1_31' title='bbox 448 691 640 764; x_wconf 78' lang='lat' dir='ltr'><strong>gloria,</strong></span> <span class='ocrx_word' id='word_1_32' title='bbox 675 703 916 764; x_wconf 88' lang='lat' dir='ltr'><strong>potestas</strong></span> <span class='ocrx_word' id='word_1_33' title='bbox 963 705 1020 750; x_wconf 89' lang='lat' dir='ltr'><strong>et</strong></span> <span class='ocrx_word' id='word_1_34' title='bbox 1063 694 1374 766; x_wconf 87' lang='lat' dir='ltr'><strong>imperium,</strong></span> <span class='ocrx_word' id='word_1_35' title='bbox 1412 693 1466 748; x_wconf 88' lang='lat' dir='ltr'><strong>in</strong></span> <span class='ocrx_word' id='word_1_36' title='bbox 1519 691 1718 747; x_wconf 66' lang='lat' dir='ltr'><strong>sarcula</strong></span> 
     </span>
    </p>
   </div>
   <div class='ocr_carea' id='block_1_7' title="bbox 123 787 696 844">
    <p class='ocr_par' dir='ltr' id='par_1_7' title="bbox 123 787 696 844">
     <span class='ocr_line' id='line_1_7' title="bbox 123 787 696 844; baseline -0.005 0"><span class='ocrx_word' id='word_1_37' title='bbox 123 787 471 844; x_wconf 59' lang='lat' dir='ltr'><strong>sucularum.</strong></span> <span class='ocrx_word' id='word_1_38' title='bbox 505 787 696 844; x_wconf 80' lang='lat' dir='ltr'><strong>Amen.</strong></span> 
     </span>
    </p>
   </div>
   <div class='ocr_carea' id='block_1_8' title="bbox 682 900 1167 961">
    <p class='ocr_par' dir='ltr' id='par_1_8' title="bbox 682 900 1167 961">
     <span class='ocr_line' id='line_1_8' title="bbox 682 900 1167 961; baseline -0.002 -2"><span class='ocrx_word' id='word_1_39' title='bbox 682 900 1014 961; x_wconf 73' lang='lat' dir='ltr'><strong>EPISTULA</strong></span> <span class='ocrx_word' id='word_1_40' title='bbox 1055 905 1167 959; x_wconf 67' lang='lat' dir='ltr'><strong>XL.</strong></span> 
     </span>
    </p>
   </div>
   <div class='ocr_carea' id='block_1_9' title="bbox 724 997 1132 1070">
    <p class='ocr_par' dir='ltr' id='par_1_9' title="bbox 724 997 1132 1070">
     <span class='ocr_line' id='line_1_9' title="bbox 724 997 1132 1070; baseline 0.002 -19"><span class='ocrx_word' id='word_1_41' title='bbox 724 997 1132 1070; x_wconf 83' lang='lat' dir='ltr'><strong>Fragmentum.</strong></span> 
     </span>
    </p>
   </div>
   <div class='ocr_carea' id='block_1_10' title="bbox 502 1125 1340 1167">
    <p class='ocr_par' dir='ltr' id='par_1_10' title="bbox 502 1125 1340 1167">
     <span class='ocr_line' id='line_1_10' title="bbox 502 1125 1340 1167; baseline 0.002 -5"><span class='ocrx_word' id='word_1_42' title='bbox 502 1125 568 1163; x_wconf 77' lang='lat' dir='ltr'><strong>AD</strong></span> <span class='ocrx_word' id='word_1_43' title='bbox 609 1125 854 1165; x_wconf 74' lang='lat' dir='ltr'><strong>CAROLllli</strong></span> <span class='ocrx_word' id='word_1_44' title='bbox 895 1127 1104 1166; x_wconf 61' lang='lat' dir='ltr'><strong>CALVUM</strong></span> <span class='ocrx_word' id='word_1_45' title='bbox 1143 1127 1340 1167; x_wconf 73' lang='lat' dir='ltr'><strong>REGEM.</strong></span> 
     </span>
    </p>
   </div>
   <div class='ocr_carea' id='block_1_11' title="bbox 127 1221 1712 1294">
    <p class='ocr_par' dir='ltr' id='par_1_11' title="bbox 127 1221 1712 1294">
     <span class='ocr_line' id='line_1_11' title="bbox 127 1221 1712 1294; baseline 0.001 -19"><span class='ocrx_word' id='word_1_46' title='bbox 127 1221 325 1288; x_wconf 73' lang='lat' dir='ltr'><strong>Quales</strong></span> <span class='ocrx_word' id='word_1_47' title='bbox 348 1223 559 1294; x_wconf 70' lang='lat' dir='ltr'><strong>judice:</strong></span> <span class='ocrx_word' id='word_1_48' title='bbox 587 1225 902 1278; x_wconf 73' lang='lat' dir='ltr'><strong>constituere</strong></span> <span class='ocrx_word' id='word_1_49' title='bbox 928 1225 1108 1279; x_wconf 82' lang='lat' dir='ltr'><strong>debeat</strong></span> <span class='ocrx_word' id='word_1_50' title='bbox 1140 1225 1208 1278; x_wconf 83' lang='lat' dir='ltr'><strong>ad</strong></span> <span class='ocrx_word' id='word_1_51' title='bbox 1249 1241 1436 1280; x_wconf 79' lang='lat' dir='ltr'><strong>causas</strong></span> <span class='ocrx_word' id='word_1_52' title='bbox 1470 1231 1602 1278; x_wconf 82' lang='lat' dir='ltr'><strong>mter</strong></span> <span class='ocrx_word' id='word_1_53' title='bbox 1629 1240 1712 1277; x_wconf 82' lang='lat' dir='ltr'><strong>cc—</strong></span> 
     </span>
    </p>
   </div>
   <div class='ocr_carea' id='block_1_12' title="bbox 376 1293 1454 1351">
    <p class='ocr_par' dir='ltr' id='par_1_12' title="bbox 376 1293 1454 1351">
     <span class='ocr_line' id='line_1_12' title="bbox 376 1293 1454 1351; baseline 0.003 -3"><span class='ocrx_word' id='word_1_54' title='bbox 376 1293 693 1350; x_wconf 78' lang='lat' dir='ltr'><strong>clesiasticos</strong></span> <span class='ocrx_word' id='word_1_55' title='bbox 727 1305 772 1348; x_wconf 86' lang='lat' dir='ltr'><strong>et</strong></span> <span class='ocrx_word' id='word_1_56' title='bbox 802 1293 1082 1350; x_wconf 77' lang='lat' dir='ltr'><strong>swculares</strong></span> <span class='ocrx_word' id='word_1_57' title='bbox 1112 1296 1454 1351; x_wconf 83' lang='lat' dir='ltr'><strong>dirimendas.</strong></span> 
     </span>
    </p>
   </div>
   <div class='ocr_carea' id='block_1_13' title="bbox 697 1409 1152 1472">
    <p class='ocr_par' dir='ltr' id='par_1_13' title="bbox 697 1409 1152 1472">
     <span class='ocr_line' id='line_1_13' title="bbox 697 1409 1152 1472; baseline -0.009 -12"><span class='ocrx_word' id='word_1_58' title='bbox 697 1410 861 1472; x_wconf 80' lang='lat' dir='ltr'><strong>(Apud</strong></span> <span class='ocrx_word' id='word_1_59' title='bbox 883 1409 1152 1468; x_wconf 86' lang='lat' dir='ltr'><strong>Sirmond.)</strong></span> 
     </span>
    </p>
   </div>
   <div class='ocr_carea' id='block_1_14' title="bbox 190 1527 1717 1602">
    <p class='ocr_par' dir='ltr' id='par_1_14' title="bbox 190 1527 1717 1602">
     <span class='ocr_line' id='line_1_14' title="bbox 190 1527 1717 1602; baseline 0.001 -19"><span class='ocrx_word' id='word_1_60' title='bbox 190 1527 366 1599; x_wconf 80' lang='lat' dir='ltr'><strong>Regia</strong></span> <span class='ocrx_word' id='word_1_61' title='bbox 402 1529 570 1600; x_wconf 78' lang='lat' dir='ltr'><strong>igitur</strong></span> <span class='ocrx_word' id='word_1_62' title='bbox 600 1529 910 1586; x_wconf 82' lang='lat' dir='ltr'><strong>sollicitudo</strong></span> <span class='ocrx_word' id='word_1_63' title='bbox 937 1572 949 1595; x_wconf 92' lang='lat'><strong>,</strong></span> <span class='ocrx_word' id='word_1_64' title='bbox 985 1545 1012 1584; x_wconf 87' lang='lat' dir='ltr'><strong>a</strong></span> <span class='ocrx_word' id='word_1_65' title='bbox 1035 1529 1181 1602; x_wconf 76' lang='lat' dir='ltr'><strong>Rege</strong></span> <span class='ocrx_word' id='word_1_66' title='bbox 1213 1543 1403 1601; x_wconf 83' lang='lat' dir='ltr'><strong>regum</strong></span> <span class='ocrx_word' id='word_1_67' title='bbox 1439 1537 1495 1585; x_wconf 86' lang='lat' dir='ltr'><strong>et</strong></span> <span class='ocrx_word' id='word_1_68' title='bbox 1521 1529 1717 1600; x_wconf 65' lang='lat' dir='ltr'><strong>atullis—</strong></span> 
     </span>
    </p>
   </div>
   <div class='ocr_carea' id='block_1_15' title="bbox 124 1621 1714 1693">
    <p class='ocr_par' dir='ltr' id='par_1_15' title="bbox 124 1621 1714 1693">
     <span class='ocr_line' id='line_1_15' title="bbox 124 1621 1714 1693; baseline 0.001 -17"><span class='ocrx_word' id='word_1_69' title='bbox 124 1622 264 1677; x_wconf 79' lang='lat' dir='ltr'><strong>simo</strong></span> <span class='ocrx_word' id='word_1_70' title='bbox 292 1623 479 1693; x_wconf 82' lang='lat' dir='ltr'><strong>judice</strong></span> <span class='ocrx_word' id='word_1_71' title='bbox 510 1621 626 1678; x_wconf 82' lang='lat' dir='ltr'><strong>Deo</strong></span> <span class='ocrx_word' id='word_1_72' title='bbox 672 1630 730 1677; x_wconf 90' lang='lat' dir='ltr'><strong>ut</strong></span> <span class='ocrx_word' id='word_1_73' title='bbox 776 1623 834 1677; x_wconf 86' lang='lat' dir='ltr'><strong>in</strong></span> <span class='ocrx_word' id='word_1_74' title='bbox 883 1623 1184 1678; x_wconf 82' lang='lat' dir='ltr'><strong>directione</strong></span> <span class='ocrx_word' id='word_1_75' title='bbox 1231 1623 1412 1678; x_wconf 81' lang='lat' dir='ltr'><strong>cordis</strong></span> <span class='ocrx_word' id='word_1_76' title='bbox 1454 1621 1714 1693; x_wconf 86' lang='lat' dir='ltr'><strong>judicium</strong></span> 
     </span>
    </p>
   </div>
   <div class='ocr_carea' id='block_1_16' title="bbox 117 1714 1717 1787">
    <p class='ocr_par' dir='ltr' id='par_1_16' title="bbox 117 1714 1717 1787">
     <span class='ocr_line' id='line_1_16' title="bbox 117 1714 1717 1787; baseline 0.002 -18"><span class='ocrx_word' id='word_1_77' title='bbox 117 1714 326 1781; x_wconf 90' lang='lat' dir='ltr'><strong>judicet</strong></span> <span class='ocrx_word' id='word_1_78' title='bbox 354 1715 687 1780; x_wconf 82' lang='lat' dir='ltr'><strong>constituta,</strong></span> <span class='ocrx_word' id='word_1_79' title='bbox 739 1717 962 1786; x_wconf 81' lang='lat' dir='ltr'><strong>provide</strong></span> <span class='ocrx_word' id='word_1_80' title='bbox 1012 1715 1350 1787; x_wconf 70' lang='lat' dir='ltr'><strong>solliciteque</strong></span> <span class='ocrx_word' id='word_1_81' title='bbox 1377 1717 1600 1772; x_wconf 75' lang='lat' dir='ltr'><strong>studere</strong></span> <span class='ocrx_word' id='word_1_82' title='bbox 1624 1717 1717 1772; x_wconf 89' lang='lat' dir='ltr'><strong>de-</strong></span> 
     </span>
    </p>
   </div>
   <div class='ocr_carea' id='block_1_17' title="bbox 123 1806 1717 1879">
    <p class='ocr_par' dir='ltr' id='par_1_17' title="bbox 123 1806 1717 1879">
     <span class='ocr_line' id='line_1_17' title="bbox 123 1806 1717 1879; baseline 0.001 -19"><span class='ocrx_word' id='word_1_83' title='bbox 123 1806 236 1871; x_wconf 90' lang='lat' dir='ltr'><strong>bet,</strong></span> <span class='ocrx_word' id='word_1_84' title='bbox 267 1816 330 1861; x_wconf 87' lang='lat' dir='ltr'><strong>ut</strong></span> <span class='ocrx_word' id='word_1_85' title='bbox 357 1807 495 1864; x_wconf 81' lang='lat' dir='ltr'><strong>tales</strong></span> <span class='ocrx_word' id='word_1_86' title='bbox 511 1808 726 1879; x_wconf 75' lang='lat' dir='ltr'><strong>iudices</strong></span> <span class='ocrx_word' id='word_1_87' title='bbox 755 1821 877 1863; x_wconf 84' lang='lat' dir='ltr'><strong>cum</strong></span> <span class='ocrx_word' id='word_1_88' title='bbox 911 1809 1181 1879; x_wconf 83' lang='lat' dir='ltr'><strong>episcopis</strong></span> <span class='ocrx_word' id='word_1_89' title='bbox 1223 1809 1289 1862; x_wconf 85' lang='lat' dir='ltr'><strong>ad</strong></span> <span class='ocrx_word' id='word_1_90' title='bbox 1317 1823 1543 1864; x_wconf 84' lang='lat' dir='ltr'><strong>causam</strong></span> <span class='ocrx_word' id='word_1_91' title='bbox 1574 1808 1717 1864; x_wconf 90' lang='lat' dir='ltr'><strong>inter</strong></span> 
     </span>
    </p>
   </div>
   <div class='ocr_carea' id='block_1_18' title="bbox 1822 1243 2062 1313">
    <p class='ocr_par' dir='ltr' id='par_1_18' title="bbox 1822 1243 2062 1313">
     <span class='ocr_line' id='line_1_18' title="bbox 1822 1243 2062 1313; baseline -0.004 -16"><span class='ocrx_word' id='word_1_92' title='bbox 1822 1243 2062 1313; x_wconf 73' lang='lat' dir='ltr'><strong>possitis.</strong></span> 
     </span>
    </p>
   </div>
   <div class='ocr_carea' id='block_1_19' title="bbox 1824 592 3410 662">
    <p class='ocr_par' dir='ltr' id='par_1_19' title="bbox 1824 592 3410 662">
     <span class='ocr_line' id='line_1_19' title="bbox 1824 592 3410 662; baseline 0.003 -15"><span class='ocrx_word' id='word_1_93' title='bbox 1824 592 2133 660; x_wconf 72' lang='lat' dir='ltr'><strong>adiuvante,</strong></span> <span class='ocrx_word' id='word_1_94' title='bbox 2178 594 2382 662; x_wconf 86' lang='lat' dir='ltr'><strong>absque</strong></span> <span class='ocrx_word' id='word_1_95' title='bbox 2413 593 2518 648; x_wconf 82' lang='lat' dir='ltr'><strong>ulla</strong></span> <span class='ocrx_word' id='word_1_96' title='bbox 2551 593 2877 657; x_wconf 72' lang='lat' dir='ltr'><strong>dolosilate,</strong></span> <span class='ocrx_word' id='word_1_97' title='bbox 2931 604 3024 650; x_wconf 69' lang='lat' dir='ltr'><strong>aut</strong></span> <span class='ocrx_word' id='word_1_98' title='bbox 3061 594 3410 662; x_wconf 78' lang='lat' dir='ltr'><strong>seductione,</strong></span> 
     </span>
    </p>
   </div>
   <div class='ocr_carea' id='block_1_20' title="bbox 1821 685 3408 756">
    <p class='ocr_par' dir='ltr' id='par_1_20' title="bbox 1821 685 3408 756">
     <span class='ocr_line' id='line_1_20' title="bbox 1821 685 3408 756; baseline 0.002 -14"><span class='ocrx_word' id='word_1_99' title='bbox 1821 697 1878 742; x_wconf 82' lang='lat' dir='ltr'><strong>et</strong></span> <span class='ocrx_word' id='word_1_100' title='bbox 1905 685 2136 741; x_wconf 87' lang='lat' dir='ltr'><strong>consilio</strong></span> <span class='ocrx_word' id='word_1_101' title='bbox 2157 694 2212 740; x_wconf 91' lang='lat' dir='ltr'><strong>et</strong></span> <span class='ocrx_word' id='word_1_102' title='bbox 2241 685 2466 751; x_wconf 81' lang='lat' dir='ltr'><strong>auxilio,</strong></span> <span class='ocrx_word' id='word_1_103' title='bbox 2497 689 2796 743; x_wconf 74' lang='lat' dir='ltr'><strong>secundum</strong></span> <span class='ocrx_word' id='word_1_104' title='bbox 2824 704 3003 744; x_wconf 79' lang='lat' dir='ltr'><strong>meum</strong></span> <span class='ocrx_word' id='word_1_105' title='bbox 3024 687 3408 756; x_wconf 70' lang='lat' dir='ltr'><strong>ministerium,</strong></span> 
     </span>
    </p>
   </div>
   <div class='ocr_carea' id='block_1_21' title="bbox 1822 779 3415 852">
    <p class='ocr_par' dir='ltr' id='par_1_21' title="bbox 1822 779 3415 852">
     <span class='ocr_line' id='line_1_21' title="bbox 1822 779 3415 852; baseline 0.003 -18"><span class='ocrx_word' id='word_1_106' title='bbox 1822 788 1878 834; x_wconf 88' lang='lat' dir='ltr'><strong>et</strong></span> <span class='ocrx_word' id='word_1_107' title='bbox 1907 779 2206 835; x_wconf 85' lang='lat' dir='ltr'><strong>secundum</strong></span> <span class='ocrx_word' id='word_1_108' title='bbox 2235 795 2412 834; x_wconf 83' lang='lat' dir='ltr'><strong>meam</strong></span> <span class='ocrx_word' id='word_1_109' title='bbox 2450 795 2740 850; x_wconf 78' lang='lat' dir='ltr'><strong>personam</strong></span> <span class='ocrx_word' id='word_1_110' title='bbox 2781 781 2959 838; x_wconf 69' lang='lat' dir='ltr'><strong>ﬁdelis</strong></span> <span class='ocrx_word' id='word_1_111' title='bbox 2999 781 3155 837; x_wconf 86' lang='lat' dir='ltr'><strong>vobis</strong></span> <span class='ocrx_word' id='word_1_112' title='bbox 3198 781 3415 852; x_wconf 70' lang='lat' dir='ltr'><strong>adiutor</strong></span> 
     </span>
    </p>
   </div>
   <div class='ocr_carea' id='block_1_22' title="bbox 1822 873 3418 948">
    <p class='ocr_par' dir='ltr' id='par_1_22' title="bbox 1822 873 3418 948">
     <span class='ocr_line' id='line_1_22' title="bbox 1822 873 3418 948; baseline 0.004 -22"><span class='ocrx_word' id='word_1_113' title='bbox 1822 889 1938 937; x_wconf 88' lang='lat' dir='ltr'><strong>ero,</strong></span> <span class='ocrx_word' id='word_1_114' title='bbox 1970 880 2031 927; x_wconf 92' lang='lat' dir='ltr'><strong>ut</strong></span> <span class='ocrx_word' id='word_1_115' title='bbox 2058 873 2203 927; x_wconf 87' lang='lat' dir='ltr'><strong>illam</strong></span> <span class='ocrx_word' id='word_1_116' title='bbox 2235 881 2584 942; x_wconf 86' lang='lat' dir='ltr'><strong>potestatem,</strong></span> <span class='ocrx_word' id='word_1_117' title='bbox 2611 890 2774 944; x_wconf 86' lang='lat' dir='ltr'><strong>quam</strong></span> <span class='ocrx_word' id='word_1_118' title='bbox 2818 875 2872 930; x_wconf 86' lang='lat' dir='ltr'><strong>in</strong></span> <span class='ocrx_word' id='word_1_119' title='bbox 2918 877 3071 948; x_wconf 71' lang='lat' dir='ltr'><strong>regio</strong></span> <span class='ocrx_word' id='word_1_120' title='bbox 3103 876 3326 932; x_wconf 77' lang='lat' dir='ltr'><strong>nomine</strong></span> <span class='ocrx_word' id='word_1_121' title='bbox 3357 885 3418 932; x_wconf 83' lang='lat' dir='ltr'><strong>et</strong></span> 
     </span>
    </p>
   </div>
   <div class='ocr_carea' id='block_1_23' title="bbox 1824 966 3408 1040">
    <p class='ocr_par' dir='ltr' id='par_1_23' title="bbox 1824 966 3408 1040">
     <span class='ocr_line' id='line_1_23' title="bbox 1824 966 3408 1040; baseline 0.005 -22"><span class='ocrx_word' id='word_1_122' title='bbox 1824 981 1992 1036; x_wconf 85' lang='lat' dir='ltr'><strong>regno</strong></span> <span class='ocrx_word' id='word_1_123' title='bbox 2045 967 2198 1022; x_wconf 83' lang='lat' dir='ltr'><strong>vobis</strong></span> <span class='ocrx_word' id='word_1_124' title='bbox 2239 966 2381 1022; x_wconf 83' lang='lat' dir='ltr'><strong>Deus</strong></span> <span class='ocrx_word' id='word_1_125' title='bbox 2407 967 2698 1034; x_wconf 84' lang='lat' dir='ltr'><strong>concessit,</strong></span> <span class='ocrx_word' id='word_1_126' title='bbox 2748 971 2818 1024; x_wconf 85' lang='lat' dir='ltr'><strong>ad</strong></span> <span class='ocrx_word' id='word_1_127' title='bbox 2854 968 3026 1040; x_wconf 77' lang='lat' dir='ltr'><strong>ipsius</strong></span> <span class='ocrx_word' id='word_1_128' title='bbox 3050 968 3408 1039; x_wconf 68' lang='lat' dir='ltr'><strong>subnatant,</strong></span> 
     </span>
    </p>
   </div>
   <div class='ocr_carea' id='block_1_24' title="bbox 1823 1059 3412 1133">
    <p class='ocr_par' dir='ltr' id='par_1_24' title="bbox 1823 1059 3412 1133">
     <span class='ocr_line' id='line_1_24' title="bbox 1823 1059 3412 1133; baseline 0.007 -22"><span class='ocrx_word' id='word_1_129' title='bbox 1823 1066 1872 1111; x_wconf 89' lang='lat' dir='ltr'><strong>et</strong></span> <span class='ocrx_word' id='word_1_130' title='bbox 1933 1059 1998 1113; x_wconf 92' lang='lat' dir='ltr'><strong>ad</strong></span> <span class='ocrx_word' id='word_1_131' title='bbox 2049 1067 2286 1114; x_wconf 77' lang='lat' dir='ltr'><strong>vestram</strong></span> <span class='ocrx_word' id='word_1_132' title='bbox 2322 1075 2386 1114; x_wconf 85' lang='lat' dir='ltr'><strong>ac</strong></span> <span class='ocrx_word' id='word_1_133' title='bbox 2417 1060 2654 1116; x_wconf 74' lang='lat' dir='ltr'><strong>fidelium</strong></span> <span class='ocrx_word' id='word_1_134' title='bbox 2683 1070 2990 1118; x_wconf 81' lang='lat' dir='ltr'><strong>vestrorum</strong></span> <span class='ocrx_word' id='word_1_135' title='bbox 3031 1063 3412 1133; x_wconf 62' lang='lat' dir='ltr'><strong>mirationem,</strong></span> 
     </span>
    </p>
   </div>
   <div class='ocr_carea' id='block_1_25' title="bbox 1822 1150 3414 1228">
    <p class='ocr_par' dir='ltr' id='par_1_25' title="bbox 1822 1150 3414 1228">
     <span class='ocr_line' id='line_1_25' title="bbox 1822 1150 3414 1228; baseline 0.008 -26"><span class='ocrx_word' id='word_1_136' title='bbox 1822 1165 1946 1203; x_wconf 86' lang='lat' dir='ltr'><strong>eum</strong></span> <span class='ocrx_word' id='word_1_137' title='bbox 1981 1150 2164 1206; x_wconf 87' lang='lat' dir='ltr'><strong>debito</strong></span> <span class='ocrx_word' id='word_1_138' title='bbox 2195 1153 2404 1208; x_wconf 82' lang='lat' dir='ltr'><strong>honore</strong></span> <span class='ocrx_word' id='word_1_139' title='bbox 2430 1160 2486 1207; x_wconf 90' lang='lat' dir='ltr'><strong>et</strong></span> <span class='ocrx_word' id='word_1_140' title='bbox 2532 1153 2716 1224; x_wconf 84' lang='lat' dir='ltr'><strong>vigore</strong></span> <span class='ocrx_word' id='word_1_141' title='bbox 2771 1161 2962 1209; x_wconf 80' lang='lat' dir='ltr'><strong>tenere</strong></span> <span class='ocrx_word' id='word_1_142' title='bbox 3005 1166 3063 1214; x_wconf 83' lang='lat' dir='ltr'><strong>et</strong></span> <span class='ocrx_word' id='word_1_143' title='bbox 3107 1153 3414 1228; x_wconf 73' lang='lat' dir='ltr'><strong>gubernare</strong></span> 
     </span>
    </p>
   </div>
   <div class='ocr_carea' id='block_1_26' title="bbox 2353 1315 2865 1374">
    <p class='ocr_par' dir='ltr' id='par_1_26' title="bbox 2353 1315 2865 1374">
     <span class='ocr_line' id='line_1_26' title="bbox 2353 1315 2865 1374; baseline 0.002 -3"><span class='ocrx_word' id='word_1_144' title='bbox 2353 1315 2688 1372; x_wconf 75' lang='lat' dir='ltr'><strong>EPISTOLA</strong></span> <span class='ocrx_word' id='word_1_145' title='bbox 2729 1317 2865 1374; x_wconf 79' lang='lat' dir='ltr'><strong>XLI.</strong></span> 
     </span>
    </p>
   </div>
   <div class='ocr_carea' id='block_1_27' title="bbox 2415 1407 2822 1479">
    <p class='ocr_par' dir='ltr' id='par_1_27' title="bbox 2415 1407 2822 1479">
     <span class='ocr_line' id='line_1_27' title="bbox 2415 1407 2822 1479; baseline 0.005 -18"><span class='ocrx_word' id='word_1_146' title='bbox 2415 1407 2822 1479; x_wconf 78' lang='lat' dir='ltr'><strong>Fragmentum.</strong></span> 
     </span>
    </p>
   </div>
   <div class='ocr_carea' id='block_1_28' title="bbox 2131 1513 3101 1562">
    <p class='ocr_par' dir='ltr' id='par_1_28' title="bbox 2131 1513 3101 1562">
     <span class='ocr_line' id='line_1_28' title="bbox 2131 1513 3101 1562; baseline 0.01 -9"><span class='ocrx_word' id='word_1_147' title='bbox 2131 1513 2200 1553; x_wconf 75' lang='lat' dir='ltr'><strong>AD</strong></span> <span class='ocrx_word' id='word_1_148' title='bbox 2235 1514 2541 1556; x_wconf 74' lang='lat' dir='ltr'><strong>LUDOVICUII</strong></span> <span class='ocrx_word' id='word_1_149' title='bbox 2581 1515 2757 1556; x_wconf 62' lang='lat' dir='ltr'><strong>REGI-II</strong></span> <span class='ocrx_word' id='word_1_150' title='bbox 2793 1517 3101 1562; x_wconf 58' lang='lat' dir='ltr'><strong>GEIIANI.»</strong></span> 
     </span>
    </p>
   </div>
   <div class='ocr_carea' id='block_1_29' title="bbox 2055 1592 3193 1671">
    <p class='ocr_par' dir='ltr' id='par_1_29' title="bbox 2055 1592 3193 1671">
     <span class='ocr_line' id='line_1_29' title="bbox 2055 1592 3193 1671; baseline 0.009 -25"><span class='ocrx_word' id='word_1_151' title='bbox 2055 1592 2166 1647; x_wconf 85' lang='lat' dir='ltr'><strong>Pro</strong></span> <span class='ocrx_word' id='word_1_152' title='bbox 2194 1592 2437 1663; x_wconf 79' lang='lat' dir='ltr'><strong>Bertulfo</strong></span> <span class='ocrx_word' id='word_1_153' title='bbox 2464 1595 2758 1652; x_wconf 78' lang='lat' dir='ltr'><strong>Trevirensi</strong></span> <span class='ocrx_word' id='word_1_154' title='bbox 2789 1599 3193 1671; x_wconf 68' lang='lat' dir='ltr'><strong>archiepiscopo.</strong></span> 
     </span>
    </p>
   </div>
   <div class='ocr_carea' id='block_1_30' title="bbox 1967 1694 3272 1766">
    <p class='ocr_par' dir='ltr' id='par_1_30' title="bbox 1967 1694 3272 1766">
     <span class='ocr_line' id='line_1_30' title="bbox 1967 1694 3272 1766; baseline 0.004 -17"><span class='ocrx_word' id='word_1_155' title='bbox 1967 1694 2142 1758; x_wconf 68' lang='lat' dir='ltr'><strong>(Apud</strong></span> <span class='ocrx_word' id='word_1_156' title='bbox 2165 1697 2414 1760; x_wconf 79' lang='lat' dir='ltr'><strong>eumdem,</strong></span> <span class='ocrx_word' id='word_1_157' title='bbox 2438 1711 2502 1748; x_wconf 73' lang='lat' dir='ltr'><strong>es</strong></span> <span class='ocrx_word' id='word_1_158' title='bbox 2527 1697 2806 1764; x_wconf 64' lang='lat' dir='ltr'><strong>Flodoudi,</strong></span> <span class='ocrx_word' id='word_1_159' title='bbox 2827 1699 2914 1752; x_wconf 74' lang='grc' dir='ltr'>ιιι).</span> <span class='ocrx_word' id='word_1_160' title='bbox 2933 1714 3140 1766; x_wconf 54' lang='lat' dir='ltr'><strong>susp.</strong></span> <span class='ocrx_word' id='word_1_161' title='bbox 3163 1703 3272 1764; x_wconf 67' lang='lat'><strong>25.)</strong></span> 
     </span>
    </p>
   </div>
   <div class='ocr_carea' id='block_1_31' title="bbox 1892 1799 3407 1881">
    <p class='ocr_par' dir='ltr' id='par_1_31' title="bbox 1892 1799 3407 1881">
     <span class='ocr_line' id='line_1_31' title="bbox 1892 1799 3407 1881; baseline 0.005 -27"><span class='ocrx_word' id='word_1_162' title='bbox 1892 1799 2127 1857; x_wconf 84' lang='lat' dir='ltr'><strong>Proinde</strong></span> <span class='ocrx_word' id='word_1_163' title='bbox 2152 1804 2291 1858; x_wconf 83' lang='lat' dir='ltr'><strong>sicut</strong></span> <span class='ocrx_word' id='word_1_164' title='bbox 2321 1819 2432 1861; x_wconf 87' lang='lat' dir='ltr'><strong>non</strong></span> <span class='ocrx_word' id='word_1_165' title='bbox 2462 1806 2579 1862; x_wconf 87' lang='lat' dir='ltr'><strong>leve</strong></span> <span class='ocrx_word' id='word_1_166' title='bbox 2608 1808 2903 1864; x_wconf 84' lang='lat' dir='ltr'><strong>discrimen</strong></span> <span class='ocrx_word' id='word_1_167' title='bbox 2942 1810 3205 1865; x_wconf 81' lang='lat' dir='ltr'><strong>incumbit</strong></span> <span class='ocrx_word' id='word_1_168' title='bbox 3225 1818 3407 1881; x_wconf 76' lang='lat' dir='ltr'><strong>ponu-</strong></span> 
     </span>
    </p>
   </div>
   <div class='ocr_carea' id='block_1_32' title="bbox 123 1891 1722 1974">
    <p class='ocr_par' dir='ltr' id='par_1_32' title="bbox 123 1898 1718 1974">
     <span class='ocr_line' id='line_1_32' title="bbox 123 1898 1718 1974; baseline 0.004 -23"><span class='ocrx_word' id='word_1_169' title='bbox 123 1898 524 1956; x_wconf 83' lang='lat' dir='ltr'><strong>ecclesiasticos</strong></span> <span class='ocrx_word' id='word_1_170' title='bbox 573 1908 628 1955; x_wconf 89' lang='lat' dir='ltr'><strong>et</strong></span> <span class='ocrx_word' id='word_1_171' title='bbox 690 1901 979 1958; x_wconf 57' lang='lat' dir='ltr'><strong>saeculares</strong></span> <span class='ocrx_word' id='word_1_172' title='bbox 1025 1902 1386 1957; x_wconf 81' lang='lat' dir='ltr'><strong>dirimendum</strong></span> <span class='ocrx_word' id='word_1_173' title='bbox 1447 1903 1612 1974; x_wconf 81' lang='lat' dir='ltr'><strong>eligat</strong></span> <span class='ocrx_word' id='word_1_174' title='bbox 1664 1911 1718 1957; x_wconf 89' lang='lat' dir='ltr'><strong>et</strong></span> 
     </span>
    </p>
   </div>
   <div class='ocr_carea' id='block_1_33' title="bbox 1829 1891 3404 1974">
    <p class='ocr_par' dir='ltr' id='par_1_33' title="bbox 1829 1893 3404 1973">
     <span class='ocr_line' id='line_1_33' title="bbox 1829 1893 3404 1973; baseline 0.005 -26"><span class='ocrx_word' id='word_1_175' title='bbox 1829 1893 2018 1950; x_wconf 85' lang='lat' dir='ltr'><strong>lieibus</strong></span> <span class='ocrx_word' id='word_1_176' title='bbox 2057 1895 2274 1952; x_wconf 81' lang='lat' dir='ltr'><strong>siluisse</strong></span> <span class='ocrx_word' id='word_1_177' title='bbox 2311 1913 2412 1969; x_wconf 86' lang='lat' dir='ltr'><strong>pro</strong></span> <span class='ocrx_word' id='word_1_178' title='bbox 2438 1899 2752 1956; x_wconf 85' lang='lat' dir='ltr'><strong>Divinitatis</strong></span> <span class='ocrx_word' id='word_1_179' title='bbox 2775 1901 2922 1956; x_wconf 89' lang='lat' dir='ltr'><strong>cultu</strong></span> <span class='ocrx_word' id='word_1_180' title='bbox 2962 1904 3104 1972; x_wconf 88' lang='lat' dir='ltr'><strong>quod</strong></span> <span class='ocrx_word' id='word_1_181' title='bbox 3132 1903 3404 1973; x_wconf 80' lang='lat' dir='ltr'><strong>congruit,</strong></span> 
     </span>
    </p>
   </div>
   <div class='ocr_carea' id='block_1_34' title="bbox 123 1994 1715 2064">
    <p class='ocr_par' dir='ltr' id='par_1_34' title="bbox 123 1994 1715 2064">
     <span class='ocr_line' id='line_1_34' title="bbox 123 1994 1715 2064; baseline 0.004 -19"><span class='ocrx_word' id='word_1_182' title='bbox 123 1994 442 2059; x_wconf 83' lang='lat' dir='ltr'><strong>constituat,</strong></span> <span class='ocrx_word' id='word_1_183' title='bbox 473 1994 568 2064; x_wconf 85' lang='lat' dir='ltr'><strong>qui</strong></span> <span class='ocrx_word' id='word_1_184' title='bbox 614 1995 856 2064; x_wconf 74' lang='lat' dir='ltr'><strong>religiosi</strong></span> <span class='ocrx_word' id='word_1_185' title='bbox 909 1997 1017 2050; x_wconf 81' lang='lat' dir='ltr'><strong>sint</strong></span> <span class='ocrx_word' id='word_1_186' title='bbox 1066 2005 1119 2050; x_wconf 82' lang='lat' dir='ltr'><strong>et</strong></span> <span class='ocrx_word' id='word_1_187' title='bbox 1162 1996 1334 2052; x_wconf 80' lang='lat' dir='ltr'><strong>Deum</strong></span> <span class='ocrx_word' id='word_1_188' title='bbox 1374 1998 1620 2064; x_wconf 76' lang='lat' dir='ltr'><strong>timeant,</strong></span> <span class='ocrx_word' id='word_1_189' title='bbox 1661 2007 1715 2052; x_wconf 87' lang='lat' dir='ltr'><strong>et</strong></span> 
     </span>
    </p>
   </div>
   <div class='ocr_carea' id='block_1_35' title="bbox 125 2085 1718 2160">
    <p class='ocr_par' dir='ltr' id='par_1_35' title="bbox 125 2085 1718 2160">
     <span class='ocr_line' id='line_1_35' title="bbox 125 2085 1718 2160; baseline 0.005 -23"><span class='ocrx_word' id='word_1_190' title='bbox 125 2099 227 2138; x_wconf 90' lang='lat' dir='ltr'><strong>non</strong></span> <span class='ocrx_word' id='word_1_191' title='bbox 256 2085 512 2142; x_wconf 82' lang='lat' dir='ltr'><strong>muneris</strong></span> <span class='ocrx_word' id='word_1_192' title='bbox 538 2088 785 2156; x_wconf 81' lang='lat' dir='ltr'><strong>praemio,</strong></span> <span class='ocrx_word' id='word_1_193' title='bbox 817 2103 923 2142; x_wconf 87' lang='lat' dir='ltr'><strong>non</strong></span> <span class='ocrx_word' id='word_1_194' title='bbox 955 2087 1161 2144; x_wconf 72' lang='lat' dir='ltr'><strong>favoris</strong></span> <span class='ocrx_word' id='word_1_195' title='bbox 1184 2089 1272 2144; x_wconf 83' lang='lat' dir='ltr'><strong>vel</strong></span> <span class='ocrx_word' id='word_1_196' title='bbox 1295 2091 1718 2160; x_wconf 81' lang='lat' dir='ltr'><strong>propinquitatis</strong></span> 
     </span>
    </p>
   </div>
   <div class='ocr_carea' id='block_1_36' title="bbox 108 2178 1714 2249">
    <p class='ocr_par' dir='ltr' id='par_1_36' title="bbox 108 2178 1714 2249">
     <span class='ocr_line' id='line_1_36' title="bbox 108 2178 1714 2249; baseline 0.003 -17"><span class='ocrx_word' id='word_1_197' title='bbox 108 2185 209 2237; x_wconf 74' lang='lat' dir='ltr'><strong>aut</strong></span> <span class='ocrx_word' id='word_1_198' title='bbox 231 2178 496 2234; x_wconf 76' lang='lat' dir='ltr'><strong>amicitiae</strong></span> <span class='ocrx_word' id='word_1_199' title='bbox 519 2180 718 2249; x_wconf 75' lang='lat' dir='ltr'><strong>gmtia,</strong></span> <span class='ocrx_word' id='word_1_200' title='bbox 751 2191 860 2235; x_wconf 80' lang='lat' dir='ltr'><strong>non</strong></span> <span class='ocrx_word' id='word_1_201' title='bbox 891 2181 1148 2237; x_wconf 70' lang='lat' dir='ltr'><strong>indebita”:</strong></span> <span class='ocrx_word' id='word_1_202' title='bbox 1176 2180 1527 2249; x_wconf 67' lang='lat' dir='ltr'><strong>subiectionis</strong></span> <span class='ocrx_word' id='word_1_203' title='bbox 1554 2182 1714 2238; x_wconf 82' lang='lat' dir='ltr'><strong>obse-</strong></span> 
     </span>
    </p>
   </div>
   <div class='ocr_carea' id='block_1_37' title="bbox 123 2265 1718 2346">
    <p class='ocr_par' dir='ltr' id='par_1_37' title="bbox 123 2265 1718 2346">
     <span class='ocr_line' id='line_1_37' title="bbox 123 2265 1718 2346; baseline 0.006 -27"><span class='ocrx_word' id='word_1_204' title='bbox 123 2265 262 2338; x_wconf 86' lang='lat' dir='ltr'><strong>quio,</strong></span> <span class='ocrx_word' id='word_1_205' title='bbox 299 2281 410 2324; x_wconf 89' lang='lat' dir='ltr'><strong>non</strong></span> <span class='ocrx_word' id='word_1_206' title='bbox 442 2269 666 2327; x_wconf 86' lang='lat' dir='ltr'><strong>alterius</strong></span> <span class='ocrx_word' id='word_1_207' title='bbox 711 2272 884 2342; x_wconf 82' lang='lat' dir='ltr'><strong>partis</strong></span> <span class='ocrx_word' id='word_1_208' title='bbox 935 2273 1082 2334; x_wconf 85' lang='lat' dir='ltr'><strong>odio,</strong></span> <span class='ocrx_word' id='word_1_209' title='bbox 1129 2283 1414 2345; x_wconf 74' lang='lat' dir='ltr'><strong>personam</strong></span> <span class='ocrx_word' id='word_1_210' title='bbox 1451 2274 1718 2346; x_wconf 83' lang='lat' dir='ltr'><strong>accipiant</strong></span> 
     </span>
    </p>
   </div>
   <div class='ocr_carea' id='block_1_38' title="bbox 124 2358 1734 2434">
    <p class='ocr_par' dir='ltr' id='par_1_38' title="bbox 124 2358 1734 2434">
     <span class='ocr_line' id='line_1_38' title="bbox 124 2358 1734 2434; baseline 0.007 -22"><span class='ocrx_word' id='word_1_211' title='bbox 124 2360 172 2412; x_wconf 85' lang='lat' dir='ltr'><strong>in</strong></span> <span class='ocrx_word' id='word_1_212' title='bbox 196 2358 430 2429; x_wconf 77' lang='lat' dir='ltr'><strong>judicio,</strong></span> <span class='ocrx_word' id='word_1_213' title='bbox 470 2364 563 2418; x_wconf 88' lang='lat' dir='ltr'><strong>sed</strong></span> <span class='ocrx_word' id='word_1_214' title='bbox 593 2364 800 2434; x_wconf 84' lang='lat' dir='ltr'><strong>absque</strong></span> <span class='ocrx_word' id='word_1_215' title='bbox 829 2366 1177 2422; x_wconf 81' lang='lat' dir='ltr'><strong>contentione</strong></span> <span class='ocrx_word' id='word_1_216' title='bbox 1212 2381 1274 2420; x_wconf 88' lang='lat' dir='ltr'><strong>ac</strong></span> <span class='ocrx_word' id='word_1_217' title='bbox 1329 2366 1498 2421; x_wconf 80' lang='lat' dir='ltr'><strong>livore</strong></span> <span class='ocrx_word' id='word_1_218' title='bbox 1524 2410 1536 2433; x_wconf 95' lang='lat'><strong>,</strong></span> <span class='ocrx_word' id='word_1_219' title='bbox 1576 2368 1734 2423; x_wconf 75' lang='lat' dir='ltr'><strong>sicut</strong></span> 
     </span>
    </p>
   </div>
   <div class='ocr_carea' id='block_1_39' title="bbox 123 2452 1716 2529">
    <p class='ocr_par' dir='ltr' id='par_1_39' title="bbox 123 2452 1716 2529">
     <span class='ocr_line' id='line_1_39' title="bbox 123 2452 1716 2529; baseline 0.006 -24"><span class='ocrx_word' id='word_1_220' title='bbox 123 2452 228 2522; x_wconf 88' lang='lat' dir='ltr'><strong>ipsa</strong></span> <span class='ocrx_word' id='word_1_221' title='bbox 257 2452 481 2509; x_wconf 78' lang='lat' dir='ltr'><strong>Veritas</strong></span> <span class='ocrx_word' id='word_1_222' title='bbox 512 2456 662 2521; x_wconf 86' lang='lat' dir='ltr'><strong>dicit,</strong></span> <span class='ocrx_word' id='word_1_223' title='bbox 694 2469 802 2512; x_wconf 88' lang='lat' dir='ltr'><strong>non</strong></span> <span class='ocrx_word' id='word_1_224' title='bbox 832 2459 1128 2514; x_wconf 86' lang='lat' dir='ltr'><strong>secundum</strong></span> <span class='ocrx_word' id='word_1_225' title='bbox 1153 2455 1366 2521; x_wconf 82' lang='lat' dir='ltr'><strong>faciem,</strong></span> <span class='ocrx_word' id='word_1_226' title='bbox 1390 2460 1481 2514; x_wconf 81' lang='lat' dir='ltr'><strong>sed</strong></span> <span class='ocrx_word' id='word_1_227' title='bbox 1506 2458 1716 2529; x_wconf 87' lang='lat' dir='ltr'><strong>justum</strong></span> 
     </span>
    </p>
   </div>
   <div class='ocr_carea' id='block_1_40' title="bbox 115 2543 1716 2622">
    <p class='ocr_par' dir='ltr' id='par_1_40' title="bbox 115 2543 1716 2622">
     <span class='ocr_line' id='line_1_40' title="bbox 115 2543 1716 2622; baseline 0.006 -26"><span class='ocrx_word' id='word_1_228' title='bbox 115 2543 382 2609; x_wconf 78' lang='lat' dir='ltr'><strong>judicium</strong></span> <span class='ocrx_word' id='word_1_229' title='bbox 428 2543 716 2615; x_wconf 84' lang='lat' dir='ltr'><strong>judicent:</strong></span> <span class='ocrx_word' id='word_1_230' title='bbox 750 2556 806 2604; x_wconf 91' lang='lat' dir='ltr'><strong>et</strong></span> <span class='ocrx_word' id='word_1_231' title='bbox 849 2549 953 2605; x_wconf 87' lang='lat' dir='ltr'><strong>hoc</strong></span> <span class='ocrx_word' id='word_1_232' title='bbox 1000 2561 1106 2604; x_wconf 88' lang='lat' dir='ltr'><strong>non</strong></span> <span class='ocrx_word' id='word_1_233' title='bbox 1163 2549 1217 2603; x_wconf 89' lang='lat' dir='ltr'><strong>in</strong></span> <span class='ocrx_word' id='word_1_234' title='bbox 1254 2549 1472 2620; x_wconf 86' lang='lat' dir='ltr'><strong>publico</strong></span> <span class='ocrx_word' id='word_1_235' title='bbox 1525 2551 1716 2622; x_wconf 90' lang='lat' dir='ltr'><strong>judicii</strong></span> 
     </span>
    </p>
   </div>
   <div class='ocr_carea' id='block_1_41' title="bbox 123 2634 1713 2712">
    <p class='ocr_par' dir='ltr' id='par_1_41' title="bbox 123 2634 1713 2712">
     <span class='ocr_line' id='line_1_41' title="bbox 123 2634 1713 2712; baseline 0.009 -26"><span class='ocrx_word' id='word_1_236' title='bbox 123 2634 255 2701; x_wconf 89' lang='lat' dir='ltr'><strong>loco,</strong></span> <span class='ocrx_word' id='word_1_237' title='bbox 291 2637 394 2693; x_wconf 86' lang='lat' dir='ltr'><strong>sed</strong></span> <span class='ocrx_word' id='word_1_238' title='bbox 424 2638 480 2693; x_wconf 87' lang='lat' dir='ltr'><strong>in</strong></span> <span class='ocrx_word' id='word_1_239' title='bbox 501 2638 734 2710; x_wconf 84' lang='lat' dir='ltr'><strong>privato,</strong></span> <span class='ocrx_word' id='word_1_240' title='bbox 768 2642 894 2710; x_wconf 82' lang='lat' dir='ltr'><strong>quia</strong></span> <span class='ocrx_word' id='word_1_241' title='bbox 926 2641 1191 2712; x_wconf 79' lang='lat' dir='ltr'><strong>episcopi,</strong></span> <span class='ocrx_word' id='word_1_242' title='bbox 1225 2657 1334 2698; x_wconf 85' lang='lat' dir='ltr'><strong>non</strong></span> <span class='ocrx_word' id='word_1_243' title='bbox 1368 2643 1420 2698; x_wconf 89' lang='lat' dir='ltr'><strong>in</strong></span> <span class='ocrx_word' id='word_1_244' title='bbox 1446 2647 1713 2702; x_wconf 85' lang='lat' dir='ltr'><strong>consisto-</strong></span> 
     </span>
    </p>
   </div>
   <div class='ocr_carea' id='block_1_42' title="bbox 123 2729 1716 2805">
    <p class='ocr_par' dir='ltr' id='par_1_42' title="bbox 123 2729 1716 2805">
     <span class='ocr_line' id='line_1_42' title="bbox 123 2729 1716 2805; baseline 0.009 -24"><span class='ocrx_word' id='word_1_245' title='bbox 123 2729 199 2783; x_wconf 87' lang='lat' dir='ltr'><strong>rio</strong></span> <span class='ocrx_word' id='word_1_246' title='bbox 247 2745 479 2802; x_wconf 78' lang='lat' dir='ltr'><strong>regum,</strong></span> <span class='ocrx_word' id='word_1_247' title='bbox 533 2745 641 2789; x_wconf 87' lang='lat' dir='ltr'><strong>non</strong></span> <span class='ocrx_word' id='word_1_248' title='bbox 685 2735 740 2788; x_wconf 90' lang='lat' dir='ltr'><strong>in</strong></span> <span class='ocrx_word' id='word_1_249' title='bbox 785 2736 1043 2805; x_wconf 68' lang='lat' dir='ltr'><strong>praetorio</strong></span> <span class='ocrx_word' id='word_1_250' title='bbox 1066 2735 1333 2805; x_wconf 72' lang='lat' dir='ltr'><strong>judicum,</strong></span> <span class='ocrx_word' id='word_1_251' title='bbox 1383 2753 1481 2794; x_wconf 85' lang='lat' dir='ltr'><strong>nec</strong></span> <span class='ocrx_word' id='word_1_252' title='bbox 1512 2739 1615 2794; x_wconf 91' lang='lat' dir='ltr'><strong>nisi</strong></span> <span class='ocrx_word' id='word_1_253' title='bbox 1649 2742 1716 2797; x_wconf 85' lang='lat' dir='ltr'><strong>ab</strong></span> 
     </span>
    </p>
   </div>
   <div class='ocr_carea' id='block_1_43' title="bbox 119 2820 1715 2903">
    <p class='ocr_par' dir='ltr' id='par_1_43' title="bbox 119 2820 1715 2903">
     <span class='ocr_line' id='line_1_43' title="bbox 119 2820 1715 2903; baseline 0.008 -29"><span class='ocrx_word' id='word_1_254' title='bbox 119 2820 413 2892; x_wconf 78' lang='lat' dir='ltr'><strong>episcopis,</strong></span> <span class='ocrx_word' id='word_1_255' title='bbox 443 2833 537 2879; x_wconf 87' lang='lat' dir='ltr'><strong>aut</strong></span> <span class='ocrx_word' id='word_1_256' title='bbox 570 2825 623 2880; x_wconf 89' lang='lat' dir='ltr'><strong>in</strong></span> <span class='ocrx_word' id='word_1_257' title='bbox 651 2827 879 2896; x_wconf 79' lang='lat' dir='ltr'><strong>synodo,</strong></span> <span class='ocrx_word' id='word_1_258' title='bbox 912 2837 1005 2884; x_wconf 85' lang='lat' dir='ltr'><strong>aut</strong></span> <span class='ocrx_word' id='word_1_259' title='bbox 1035 2829 1087 2883; x_wconf 92' lang='lat' dir='ltr'><strong>in</strong></span> <span class='ocrx_word' id='word_1_260' title='bbox 1125 2827 1338 2898; x_wconf 79' lang='lat' dir='ltr'><strong>privato</strong></span> <span class='ocrx_word' id='word_1_261' title='bbox 1368 2831 1506 2894; x_wconf 88' lang='lat' dir='ltr'><strong>loco,</strong></span> <span class='ocrx_word' id='word_1_262' title='bbox 1540 2845 1568 2886; x_wconf 90' lang='lat' dir='ltr'><strong>a</strong></span> <span class='ocrx_word' id='word_1_263' title='bbox 1601 2833 1715 2903; x_wconf 89' lang='lat' dir='ltr'><strong>pri-</strong></span> 
     </span>
    </p>
   </div>
   <div class='ocr_carea' id='block_1_44' title="bbox 121 2913 1714 2994">
    <p class='ocr_par' dir='ltr' id='par_1_44' title="bbox 121 2913 1714 2994">
     <span class='ocr_line' id='line_1_44' title="bbox 121 2913 1714 2994; baseline 0.011 -29"><span class='ocrx_word' id='word_1_264' title='bbox 121 2913 364 2971; x_wconf 86' lang='lat' dir='ltr'><strong>matibus</strong></span> <span class='ocrx_word' id='word_1_265' title='bbox 409 2918 791 2989; x_wconf 85' lang='lat' dir='ltr'><strong>deputatorum</strong></span> <span class='ocrx_word' id='word_1_266' title='bbox 838 2928 931 2977; x_wconf 80' lang='lat' dir='ltr'><strong>aut</strong></span> <span class='ocrx_word' id='word_1_267' title='bbox 960 2939 988 2977; x_wconf 92' lang='lat' dir='ltr'><strong>a</strong></span> <span class='ocrx_word' id='word_1_268' title='bbox 1026 2933 1084 2979; x_wconf 85' lang='lat' dir='ltr'><strong>se</strong></span> <span class='ocrx_word' id='word_1_269' title='bbox 1128 2923 1423 2980; x_wconf 87' lang='lat' dir='ltr'><strong>electorum</strong></span> <span class='ocrx_word' id='word_1_270' title='bbox 1470 2924 1714 2994; x_wconf 83' lang='lat' dir='ltr'><strong>judicum</strong></span> 
     </span>
    </p>
   </div>
   <div class='ocr_carea' id='block_1_45' title="bbox 112 3002 1719 3088">
    <p class='ocr_par' dir='ltr' id='par_1_45' title="bbox 112 3002 1719 3088">
     <span class='ocr_line' id='line_1_45' title="bbox 112 3002 1719 3088; baseline 0.009 -27"><span class='ocrx_word' id='word_1_271' title='bbox 112 3002 328 3073; x_wconf 86' lang='lat' dir='ltr'><strong>judicio</strong></span> <span class='ocrx_word' id='word_1_272' title='bbox 355 3010 552 3066; x_wconf 79' lang='lat' dir='ltr'><strong>debent</strong></span> <span class='ocrx_word' id='word_1_273' title='bbox 581 3020 674 3067; x_wconf 86' lang='lat' dir='ltr'><strong>aut</strong></span> <span class='ocrx_word' id='word_1_274' title='bbox 718 3025 944 3084; x_wconf 89' lang='lat' dir='ltr'><strong>possunt</strong></span> <span class='ocrx_word' id='word_1_275' title='bbox 992 3015 1316 3088; x_wconf 81' lang='lat' dir='ltr'><strong>regulariter</strong></span> <span class='ocrx_word' id='word_1_276' title='bbox 1347 3019 1601 3087; x_wconf 87' lang='lat' dir='ltr'><strong>judicari.</strong></span> <span class='ocrx_word' id='word_1_277' title='bbox 1651 3019 1719 3075; x_wconf 84' lang='lat' dir='ltr'><strong>Et</strong></span> 
     </span>
    </p>
   </div>
   <div class='ocr_carea' id='block_1_46' title="bbox 117 3103 1717 3182">
    <p class='ocr_par' dir='ltr' id='par_1_46' title="bbox 117 3103 1717 3182">
     <span class='ocr_line' id='line_1_46' title="bbox 117 3103 1717 3182; baseline 0.011 -32"><span class='ocrx_word' id='word_1_278' title='bbox 117 3103 428 3166; x_wconf 67' lang='lat' dir='ltr'><strong>prmtaxato</strong></span> <span class='ocrx_word' id='word_1_279' title='bbox 471 3104 632 3159; x_wconf 85' lang='lat' dir='ltr'><strong>modo</strong></span> <span class='ocrx_word' id='word_1_280' title='bbox 678 3107 1019 3177; x_wconf 78' lang='lat' dir='ltr'><strong>Suprudiotas</strong></span> <span class='ocrx_word' id='word_1_281' title='bbox 1073 3108 1258 3179; x_wconf 80' lang='lat' dir='ltr'><strong>leges,</strong></span> <span class='ocrx_word' id='word_1_282' title='bbox 1309 3117 1414 3166; x_wconf 86' lang='lat' dir='ltr'><strong>tam</strong></span> <span class='ocrx_word' id='word_1_283' title='bbox 1472 3111 1717 3182; x_wconf 83' lang='lat' dir='ltr'><strong>publicas</strong></span> 
     </span>
    </p>
   </div>
   <div class='ocr_carea' id='block_1_47' title="bbox 118 3193 1717 3272">
    <p class='ocr_par' dir='ltr' id='par_1_47' title="bbox 118 3193 1717 3272">
     <span class='ocr_line' id='line_1_47' title="bbox 118 3193 1717 3272; baseline 0.012 -28"><span class='ocrx_word' id='word_1_284' title='bbox 118 3203 279 3260; x_wconf 86' lang='lat' dir='ltr'><strong>quam</strong></span> <span class='ocrx_word' id='word_1_285' title='bbox 321 3193 750 3266; x_wconf 86' lang='lat' dir='ltr'><strong>ecclesiasticas,</strong></span> <span class='ocrx_word' id='word_1_286' title='bbox 787 3200 841 3255; x_wconf 85' lang='lat' dir='ltr'><strong>in</strong></span> <span class='ocrx_word' id='word_1_287' title='bbox 869 3201 984 3256; x_wconf 86' lang='lat' dir='ltr'><strong>suis</strong></span> <span class='ocrx_word' id='word_1_288' title='bbox 1019 3201 1354 3272; x_wconf 84' lang='lat' dir='ltr'><strong>temporibus</strong></span> <span class='ocrx_word' id='word_1_289' title='bbox 1383 3207 1592 3260; x_wconf 71' lang='lat' dir='ltr'><strong>Servari</strong></span> <span class='ocrx_word' id='word_1_290' title='bbox 1625 3206 1717 3262; x_wconf 88' lang='lat' dir='ltr'><strong>de-</strong></span> 
     </span>
    </p>
   </div>
   <div class='ocr_carea' id='block_1_48' title="bbox 1822 1984 3413 2064">
    <p class='ocr_par' dir='ltr' id='par_1_48' title="bbox 1822 1984 3413 2064">
     <span class='ocr_line' id='line_1_48' title="bbox 1822 1984 3413 2064; baseline 0.005 -25"><span class='ocrx_word' id='word_1_291' title='bbox 1822 1984 1896 2039; x_wconf 86' lang='lat' dir='ltr'><strong>ita</strong></span> <span class='ocrx_word' id='word_1_292' title='bbox 1941 1987 2104 2059; x_wconf 81' lang='lat' dir='ltr'><strong>regiae</strong></span> <span class='ocrx_word' id='word_1_293' title='bbox 2146 1991 2423 2058; x_wconf 82' lang='lat' dir='ltr'><strong>potestati,</strong></span> <span class='ocrx_word' id='word_1_294' title='bbox 2459 1992 2604 2061; x_wconf 88' lang='lat' dir='ltr'><strong>quod</strong></span> <span class='ocrx_word' id='word_1_295' title='bbox 2635 1993 2796 2062; x_wconf 85' lang='lat' dir='ltr'><strong>absit,</strong></span> <span class='ocrx_word' id='word_1_296' title='bbox 2827 2005 2935 2050; x_wconf 86' lang='lat' dir='ltr'><strong>non</strong></span> <span class='ocrx_word' id='word_1_297' title='bbox 2965 1994 3241 2050; x_wconf 70' lang='lat' dir='ltr'><strong>medicare</strong></span> <span class='ocrx_word' id='word_1_298' title='bbox 3269 1993 3413 2064; x_wconf 76' lang='lat' dir='ltr'><strong>peri-</strong></span> 
     </span>
    </p>
   </div>
   <div class='ocr_carea' id='block_1_49' title="bbox 1820 2083 3411 2160">
    <p class='ocr_par' dir='ltr' id='par_1_49' title="bbox 1820 2083 3411 2160">
     <span class='ocr_line' id='line_1_49' title="bbox 1820 2083 3411 2160; baseline 0.002 -24"><span class='ocrx_word' id='word_1_299' title='bbox 1820 2083 2004 2137; x_wconf 85' lang='lat' dir='ltr'><strong>culum</strong></span> <span class='ocrx_word' id='word_1_300' title='bbox 2026 2091 2131 2149; x_wconf 90' lang='lat' dir='ltr'><strong>est,</strong></span> <span class='ocrx_word' id='word_1_301' title='bbox 2157 2085 2202 2139; x_wconf 89' lang='lat' dir='ltr'><strong>si</strong></span> <span class='ocrx_word' id='word_1_302' title='bbox 2235 2100 2356 2141; x_wconf 90' lang='lat' dir='ltr'><strong>cum</strong></span> <span class='ocrx_word' id='word_1_303' title='bbox 2382 2083 2575 2142; x_wconf 84' lang='lat' dir='ltr'><strong>debeat</strong></span> <span class='ocrx_word' id='word_1_304' title='bbox 2601 2101 2796 2158; x_wconf 87' lang='lat' dir='ltr'><strong>parere</strong></span> <span class='ocrx_word' id='word_1_305' title='bbox 2836 2088 3010 2160; x_wconf 80' lang='lat' dir='ltr'><strong>refugi</strong></span> <span class='ocrx_word' id='word_1_306' title='bbox 3055 2087 3201 2160; x_wconf 89' lang='lat' dir='ltr'><strong>quod</strong></span> <span class='ocrx_word' id='word_1_307' title='bbox 3240 2089 3290 2141; x_wconf 85' lang='lat' dir='ltr'><strong>ei</strong></span> <span class='ocrx_word' id='word_1_308' title='bbox 3343 2099 3411 2140; x_wconf 82' lang='lat' dir='ltr'><strong>cx</strong></span> 
     </span>
    </p>
   </div>
   <div class='ocr_carea' id='block_1_50' title="bbox 1821 2173 3414 2246">
    <p class='ocr_par' dir='ltr' id='par_1_50' title="bbox 1821 2173 3414 2246">
     <span class='ocr_line' id='line_1_50' title="bbox 1821 2173 3414 2246; baseline 0.004 -20"><span class='ocrx_word' id='word_1_309' title='bbox 1821 2173 2001 2228; x_wconf 83' lang='lat' dir='ltr'><strong>divina</strong></span> <span class='ocrx_word' id='word_1_310' title='bbox 2037 2187 2168 2230; x_wconf 87' lang='lat' dir='ltr'><strong>voce</strong></span> <span class='ocrx_word' id='word_1_311' title='bbox 2210 2191 2239 2230; x_wconf 89' lang='lat' dir='ltr'><strong>a</strong></span> <span class='ocrx_word' id='word_1_312' title='bbox 2292 2177 2666 2233; x_wconf 81' lang='lat' dir='ltr'><strong>sacerdotibus</strong></span> <span class='ocrx_word' id='word_1_313' title='bbox 2718 2179 3019 2246; x_wconf 85' lang='lat' dir='ltr'><strong>nuntiatur,</strong></span> <span class='ocrx_word' id='word_1_314' title='bbox 3054 2177 3284 2235; x_wconf 89' lang='lat' dir='ltr'><strong>Domino</strong></span> <span class='ocrx_word' id='word_1_315' title='bbox 3330 2178 3414 2232; x_wconf 82' lang='lat' dir='ltr'><strong>di—</strong></span> 
     </span>
    </p>
   </div>
   <div class='ocr_carea' id='block_1_51' title="bbox 1823 2267 3416 2341">
    <p class='ocr_par' dir='ltr' id='par_1_51' title="bbox 1823 2267 3416 2341">
     <span class='ocr_line' id='line_1_51' title="bbox 1823 2267 3416 2341; baseline 0 -18"><span class='ocrx_word' id='word_1_316' title='bbox 1823 2277 1984 2323; x_wconf 87' lang='lat' dir='ltr'><strong>cente</strong></span> <span class='ocrx_word' id='word_1_317' title='bbox 2003 2269 2056 2322; x_wconf 92' lang='lat' dir='ltr'><strong>in</strong></span> <span class='ocrx_word' id='word_1_318' title='bbox 2082 2267 2375 2341; x_wconf 84' lang='lat' dir='ltr'><strong>Evangelio</strong></span> <span class='ocrx_word' id='word_1_319' title='bbox 2401 2289 2414 2324; x_wconf 90' lang='lat'><strong>:</strong></span> <span class='ocrx_word' id='word_1_320' title='bbox 2449 2269 2555 2336; x_wconf 79' lang='lat' dir='ltr'><strong>Qui</strong></span> <span class='ocrx_word' id='word_1_321' title='bbox 2580 2279 2656 2326; x_wconf 82' lang='lat' dir='ltr'><strong>est</strong></span> <span class='ocrx_word' id='word_1_322' title='bbox 2681 2287 2746 2326; x_wconf 76' lang='lat' dir='ltr'><strong>ex</strong></span> <span class='ocrx_word' id='word_1_323' title='bbox 2773 2269 2905 2338; x_wconf 82' lang='lat' dir='ltr'><strong>Dea,</strong></span> <span class='ocrx_word' id='word_1_324' title='bbox 2934 2272 3091 2327; x_wconf 78' lang='lat' dir='ltr'><strong>verba</strong></span> <span class='ocrx_word' id='word_1_325' title='bbox 3120 2272 3220 2326; x_wconf 74' lang='lat' dir='ltr'><strong>Dei</strong></span> <span class='ocrx_word' id='word_1_326' title='bbox 3244 2270 3416 2324; x_wconf 82' lang='lat' dir='ltr'><strong>audit.</strong></span> 
     </span>
    </p>
   </div>
   <div class='ocr_carea' id='block_1_52' title="bbox 1823 2358 3415 2432">
    <p class='ocr_par' dir='ltr' id='par_1_52' title="bbox 1823 2358 3415 2432">
     <span class='ocr_line' id='line_1_52' title="bbox 1823 2358 3415 2432; baseline 0.001 -18"><span class='ocrx_word' id='word_1_327' title='bbox 1823 2358 1880 2415; x_wconf 87' lang='lat' dir='ltr'><strong>Si</strong></span> <span class='ocrx_word' id='word_1_328' title='bbox 1927 2368 2106 2416; x_wconf 85' lang='lat' dir='ltr'><strong>autem</strong></span> <span class='ocrx_word' id='word_1_329' title='bbox 2160 2361 2314 2416; x_wconf 85' lang='lat' dir='ltr'><strong>vobis</strong></span> <span class='ocrx_word' id='word_1_330' title='bbox 2373 2361 2569 2432; x_wconf 77' lang='lat' dir='ltr'><strong>aliquis</strong></span> <span class='ocrx_word' id='word_1_331' title='bbox 2616 2362 2796 2418; x_wconf 88' lang='lat' dir='ltr'><strong>minus</strong></span> <span class='ocrx_word' id='word_1_332' title='bbox 2841 2361 3070 2420; x_wconf 86' lang='lat' dir='ltr'><strong>devotus</strong></span> <span class='ocrx_word' id='word_1_333' title='bbox 3105 2361 3415 2432; x_wconf 81' lang='lat' dir='ltr'><strong>suggessit,</strong></span> 
     </span>
    </p>
   </div>
   <div class='ocr_carea' id='block_1_53' title="bbox 1821 2451 3422 2525">
    <p class='ocr_par' dir='ltr' id='par_1_53' title="bbox 1821 2451 3422 2525">
     <span class='ocr_line' id='line_1_53' title="bbox 1821 2451 3422 2525; baseline 0.002 -21"><span class='ocrx_word' id='word_1_334' title='bbox 1821 2451 1966 2522; x_wconf 89' lang='lat' dir='ltr'><strong>quod</strong></span> <span class='ocrx_word' id='word_1_335' title='bbox 2006 2452 2060 2508; x_wconf 93' lang='lat' dir='ltr'><strong>in</strong></span> <span class='ocrx_word' id='word_1_336' title='bbox 2096 2453 2286 2508; x_wconf 87' lang='lat' dir='ltr'><strong>eadem</strong></span> <span class='ocrx_word' id='word_1_337' title='bbox 2336 2451 2648 2524; x_wconf 84' lang='lat' dir='ltr'><strong>metropoli,</strong></span> <span class='ocrx_word' id='word_1_338' title='bbox 2685 2455 2739 2508; x_wconf 89' lang='lat' dir='ltr'><strong>in</strong></span> <span class='ocrx_word' id='word_1_339' title='bbox 2771 2457 3082 2525; x_wconf 87' lang='lat' dir='ltr'><strong>contemptu</strong></span> <span class='ocrx_word' id='word_1_340' title='bbox 3107 2459 3308 2520; x_wconf 78' lang='lat' dir='ltr'><strong>vestro,</strong></span> <span class='ocrx_word' id='word_1_341' title='bbox 3334 2453 3422 2509; x_wconf 80' lang='lat' dir='ltr'><strong>vel</strong></span> 
     </span>
    </p>
   </div>
   <div class='ocr_carea' id='block_1_54' title="bbox 1821 2545 3410 2620">
    <p class='ocr_par' dir='ltr' id='par_1_54' title="bbox 1821 2545 3410 2620">
     <span class='ocr_line' id='line_1_54' title="bbox 1821 2545 3410 2620; baseline 0.002 -20"><span class='ocrx_word' id='word_1_342' title='bbox 1821 2553 2011 2600; x_wconf 87' lang='lat' dir='ltr'><strong>contra</strong></span> <span class='ocrx_word' id='word_1_343' title='bbox 2045 2545 2362 2602; x_wconf 74' lang='lat' dir='ltr'><strong>fidelitatem</strong></span> <span class='ocrx_word' id='word_1_344' title='bbox 2393 2555 2658 2614; x_wconf 84' lang='lat' dir='ltr'><strong>vestram,</strong></span> <span class='ocrx_word' id='word_1_345' title='bbox 2708 2548 3187 2620; x_wconf 84' lang='lat' dir='ltr'><strong>metropolitanum</strong></span> <span class='ocrx_word' id='word_1_346' title='bbox 3228 2549 3410 2620; x_wconf 84' lang='lat' dir='ltr'><strong>ponti-</strong></span> 
     </span>
    </p>
   </div>
   <div class='ocr_carea' id='block_1_55' title="bbox 1822 2636 3420 2711">
    <p class='ocr_par' dir='ltr' id='par_1_55' title="bbox 1822 2636 3420 2711">
     <span class='ocr_line' id='line_1_55' title="bbox 1822 2636 3420 2711; baseline 0.001 -19"><span class='ocrx_word' id='word_1_347' title='bbox 1822 2638 1979 2692; x_wconf 81' lang='lat' dir='ltr'><strong>ficem</strong></span> <span class='ocrx_word' id='word_1_348' title='bbox 2029 2639 2272 2695; x_wconf 86' lang='lat' dir='ltr'><strong>ordinari</strong></span> <span class='ocrx_word' id='word_1_349' title='bbox 2319 2638 2548 2694; x_wconf 66' lang='lat' dir='ltr'><strong>{eomas</strong></span> <span class='ocrx_word' id='word_1_350' title='bbox 2577 2654 2590 2693; x_wconf 91' lang='lat'><strong>:</strong></span> <span class='ocrx_word' id='word_1_351' title='bbox 2624 2636 2751 2710; x_wconf 83' lang='lat' dir='ltr'><strong>quin</strong></span> <span class='ocrx_word' id='word_1_352' title='bbox 2779 2639 2955 2711; x_wconf 85' lang='lat' dir='ltr'><strong>potius</strong></span> <span class='ocrx_word' id='word_1_353' title='bbox 2985 2647 3254 2697; x_wconf 86' lang='lat' dir='ltr'><strong>consensu</strong></span> <span class='ocrx_word' id='word_1_354' title='bbox 3282 2649 3420 2694; x_wconf 85' lang='lat' dir='ltr'><strong>una-</strong></span> 
     </span>
    </p>
   </div>
   <div class='ocr_carea' id='block_1_56' title="bbox 1822 2729 3419 2802">
    <p class='ocr_par' dir='ltr' id='par_1_56' title="bbox 1822 2729 3419 2802">
     <span class='ocr_line' id='line_1_56' title="bbox 1822 2729 3419 2802; baseline 0.001 -18"><span class='ocrx_word' id='word_1_355' title='bbox 1822 2731 2082 2786; x_wconf 87' lang='lat' dir='ltr'><strong>uimitatis</strong></span> <span class='ocrx_word' id='word_1_356' title='bbox 2116 2741 2314 2787; x_wconf 67' lang='lat' dir='ltr'><strong>nostra:</strong></span> <span class='ocrx_word' id='word_1_357' title='bbox 2340 2731 2443 2802; x_wconf 88' lang='lat' dir='ltr'><strong>ipsi</strong></span> <span class='ocrx_word' id='word_1_358' title='bbox 2471 2731 2768 2788; x_wconf 71' lang='lat' dir='ltr'><strong>scenndum</strong></span> <span class='ocrx_word' id='word_1_359' title='bbox 2807 2739 2996 2788; x_wconf 84' lang='lat' dir='ltr'><strong>sacros</strong></span> <span class='ocrx_word' id='word_1_360' title='bbox 3018 2729 3419 2802; x_wconf 68' lang='lat' dir='ltr'><strong>candueéprdi-</strong></span> 
     </span>
    </p>
   </div>
   <div class='ocr_carea' id='block_1_57' title="bbox 1822 2819 3419 2897">
    <p class='ocr_par' dir='ltr' id='par_1_57' title="bbox 1822 2819 3419 2897">
     <span class='ocr_line' id='line_1_57' title="bbox 1822 2819 3419 2897; baseline -0.001 -17"><span class='ocrx_word' id='word_1_361' title='bbox 1822 2827 2089 2889; x_wconf 84' lang='lat' dir='ltr'><strong>navimus,</strong></span> <span class='ocrx_word' id='word_1_362' title='bbox 2123 2823 2274 2897; x_wconf 90' lang='lat' dir='ltr'><strong>quia,</strong></span> <span class='ocrx_word' id='word_1_363' title='bbox 2297 2833 2357 2881; x_wconf 90' lang='lat' dir='ltr'><strong>ut</strong></span> <span class='ocrx_word' id='word_1_364' title='bbox 2382 2826 2646 2897; x_wconf 85' lang='lat' dir='ltr'><strong>scriptum</strong></span> <span class='ocrx_word' id='word_1_365' title='bbox 2690 2833 2792 2893; x_wconf 88' lang='lat' dir='ltr'><strong>est,</strong></span> <span class='ocrx_word' id='word_1_366' title='bbox 2839 2825 2982 2882; x_wconf 88' lang='lat' dir='ltr'><strong>sicut</strong></span> <span class='ocrx_word' id='word_1_367' title='bbox 3012 2823 3154 2882; x_wconf 81' lang='lat' dir='ltr'><strong>Deus</strong></span> <span class='ocrx_word' id='word_1_368' title='bbox 3180 2819 3285 2881; x_wconf 82' lang='lat' dir='ltr'><strong>ieci</strong></span> <span class='ocrx_word' id='word_1_369' title='bbox 3320 2840 3419 2880; x_wconf 88' lang='lat' dir='ltr'><strong>an-</strong></span> 
     </span>
    </p>
   </div>
   <div class='ocr_carea' id='block_1_58' title="bbox 1821 2919 3423 2992">
    <p class='ocr_par' dir='ltr' id='par_1_58' title="bbox 1821 2919 3423 2992">
     <span class='ocr_line' id='line_1_58' title="bbox 1821 2919 3423 2992; baseline -0.001 -18"><span class='ocrx_word' id='word_1_370' title='bbox 1821 2921 1997 2992; x_wconf 81' lang='lat' dir='ltr'><strong>gustia</strong></span> <span class='ocrx_word' id='word_1_371' title='bbox 2054 2935 2162 2977; x_wconf 92' lang='lat' dir='ltr'><strong>non</strong></span> <span class='ocrx_word' id='word_1_372' title='bbox 2218 2922 2573 2990; x_wconf 85' lang='lat' dir='ltr'><strong>continetur,</strong></span> <span class='ocrx_word' id='word_1_373' title='bbox 2622 2919 2697 2976; x_wconf 86' lang='lat' dir='ltr'><strong>ita</strong></span> <span class='ocrx_word' id='word_1_374' title='bbox 2749 2919 2974 2977; x_wconf 67' lang='lat' dir='ltr'><strong>Verbum</strong></span> <span class='ocrx_word' id='word_1_375' title='bbox 3010 2920 3127 2991; x_wconf 76' lang='lat' dir='ltr'><strong>eju’s</strong></span> <span class='ocrx_word' id='word_1_376' title='bbox 3179 2935 3287 2974; x_wconf 91' lang='lat' dir='ltr'><strong>non</strong></span> <span class='ocrx_word' id='word_1_377' title='bbox 3336 2924 3423 2974; x_wconf 88' lang='lat' dir='ltr'><strong>est</strong></span> 
     </span>
    </p>
   </div>
   <div class='ocr_carea' id='block_1_59' title="bbox 1821 3011 3424 3087">
    <p class='ocr_par' dir='ltr' id='par_1_59' title="bbox 1821 3011 3424 3087">
     <span class='ocr_line' id='line_1_59' title="bbox 1821 3011 3424 3087; baseline -0.001 -19"><span class='ocrx_word' id='word_1_378' title='bbox 1821 3014 2098 3087; x_wconf 84' lang='lat' dir='ltr'><strong>alligatum</strong></span> <span class='ocrx_word' id='word_1_379' title='bbox 2129 3056 2144 3078; x_wconf 87' lang='lat'><em>.</em></span> <span class='ocrx_word' id='word_1_380' title='bbox 2211 3016 2553 3072; x_wconf 86' lang='lat' dir='ltr'><strong>collaudante</strong></span> <span class='ocrx_word' id='word_1_381' title='bbox 2616 3013 2978 3087; x_wconf 84' lang='lat' dir='ltr'><strong>Redemptore</strong></span> <span class='ocrx_word' id='word_1_382' title='bbox 3027 3031 3091 3070; x_wconf 92' lang='lat' dir='ltr'><strong>ac</strong></span> <span class='ocrx_word' id='word_1_383' title='bbox 3136 3011 3424 3069; x_wconf 85' lang='lat' dir='ltr'><strong>Saivatore</strong></span> 
     </span>
    </p>
   </div>
   <div class='ocr_carea' id='block_1_60' title="bbox 1820 3099 3422 3180">
    <p class='ocr_par' dir='ltr' id='par_1_60' title="bbox 1820 3099 3422 3180">
     <span class='ocr_line' id='line_1_60' title="bbox 1820 3099 3422 3180; baseline -0.002 -16"><span class='ocrx_word' id='word_1_384' title='bbox 1820 3121 2045 3176; x_wconf 87' lang='lat' dir='ltr'><strong>nostro,</strong></span> <span class='ocrx_word' id='word_1_385' title='bbox 2096 3111 2240 3180; x_wconf 89' lang='lat' dir='ltr'><strong>quod</strong></span> <span class='ocrx_word' id='word_1_386' title='bbox 2287 3109 2536 3166; x_wconf 89' lang='lat' dir='ltr'><strong>centurio</strong></span> <span class='ocrx_word' id='word_1_387' title='bbox 2571 3111 2624 3166; x_wconf 92' lang='lat' dir='ltr'><strong>in</strong></span> <span class='ocrx_word' id='word_1_388' title='bbox 2668 3112 2774 3166; x_wconf 89' lang='lat' dir='ltr'><strong>hoc</strong></span> <span class='ocrx_word' id='word_1_389' title='bbox 2817 3126 2978 3166; x_wconf 90' lang='lat' dir='ltr'><strong>sensu</strong></span> <span class='ocrx_word' id='word_1_390' title='bbox 3019 3108 3232 3164; x_wconf 84' lang='lat' dir='ltr'><strong>dixerat</strong></span> <span class='ocrx_word' id='word_1_391' title='bbox 3266 3125 3279 3161; x_wconf 91' lang='lat'><strong>:</strong></span> <span class='ocrx_word' id='word_1_392' title='bbox 3322 3099 3422 3161; x_wconf 86' lang='lat' dir='ltr'><strong>Dic</strong></span> 
     </span>
    </p>
   </div>
   <div class='ocr_carea' id='block_1_61' title="bbox 1821 3195 3424 3276">
    <p class='ocr_par' dir='ltr' id='par_1_61' title="bbox 1821 3195 3424 3276">
     <span class='ocr_line' id='line_1_61' title="bbox 1821 3195 3424 3276; baseline -0.002 -19"><span class='ocrx_word' id='word_1_393' title='bbox 1821 3203 1991 3268; x_wconf 79' lang='lat' dir='ltr'><strong>verba,</strong></span> <span class='ocrx_word' id='word_1_394' title='bbox 2027 3213 2074 3256; x_wconf 87' lang='lat' dir='ltr'><strong>et</strong></span> <span class='ocrx_word' id='word_1_395' title='bbox 2114 3201 2392 3258; x_wconf 78' lang='lat' dir='ltr'><strong>sanabitur</strong></span> <span class='ocrx_word' id='word_1_396' title='bbox 2411 3221 2542 3276; x_wconf 85' lang='lat' dir='ltr'><strong>puer</strong></span> <span class='ocrx_word' id='word_1_397' title='bbox 2574 3220 2718 3258; x_wconf 81' lang='lat' dir='ltr'><strong>meus</strong></span> <span class='ocrx_word' id='word_1_398' title='bbox 2759 3201 2978 3275; x_wconf 81' lang='lat' dir='ltr'><strong>(Matth.</strong></span> <span class='ocrx_word' id='word_1_399' title='bbox 3004 3217 3125 3267; x_wconf 87' lang='lat' dir='ltr'><strong>vm,</strong></span> <span class='ocrx_word' id='word_1_400' title='bbox 3148 3195 3203 3273; x_wconf 84' lang='lat'>8)</span> <span class='ocrx_word' id='word_1_401' title='bbox 3233 3241 3248 3267; x_wconf 89' lang='lat'><strong>,</strong></span> <span class='ocrx_word' id='word_1_402' title='bbox 3277 3197 3424 3253; x_wconf 89' lang='lat' dir='ltr'><strong>vide—</strong></span> 
     </span>
    </p>
   </div>
   <div class='ocr_carea' id='block_1_62' title="bbox 118 3270 3424 3372">
    <p class='ocr_par' dir='ltr' id='par_1_62' title="bbox 118 3270 3424 3372">
     <span class='ocr_line' id='line_1_62' title="bbox 118 3270 3424 3372; baseline 0.005 -32"><span class='ocrx_word' id='word_1_403' title='bbox 118 3289 362 3344; x_wconf 84' lang='lat' dir='ltr'><strong>crevisse</strong></span> <span class='ocrx_word' id='word_1_404' title='bbox 391 3291 682 3348; x_wconf 86' lang='lat' dir='ltr'><strong>didicimus</strong></span> <span class='ocrx_word' id='word_1_405' title='bbox 713 3296 966 3364; x_wconf 86' lang='lat' dir='ltr'><strong>antiquos</strong></span> <span class='ocrx_word' id='word_1_406' title='bbox 1001 3270 1357 3368; x_wconf 73' lang='lat' dir='ltr'><strong>imperatores</strong></span> <span class='ocrx_word' id='word_1_407' title='bbox 1407 3310 1462 3355; x_wconf 87' lang='lat' dir='ltr'><strong>et</strong></span> <span class='ocrx_word' id='word_1_408' title='bbox 1508 3303 1717 3372; x_wconf 80' lang='lat' dir='ltr'><strong>praede-</strong></span> <span class='ocrx_word' id='word_1_409' title='bbox 1743 3270 1792 3335; x_wconf 66' lang='grc' dir='ltr'><strong>θ</strong></span> <span class='ocrx_word' id='word_1_410' title='bbox 1824 3293 1951 3348; x_wconf 72' lang='lat' dir='ltr'><strong>licet</strong></span> <span class='ocrx_word' id='word_1_411' title='bbox 1988 3294 2131 3363; x_wconf 66' lang='lat' dir='ltr'><strong>(100d</strong></span> <span class='ocrx_word' id='word_1_412' title='bbox 2166 3293 2254 3348; x_wconf 76' lang='lat' dir='ltr'><strong>hic</strong></span> <span class='ocrx_word' id='word_1_413' title='bbox 2297 3270 2526 3360; x_wconf 46' lang='lat' dir='ltr'><strong>dixeris,</strong></span> <span class='ocrx_word' id='word_1_414' title='bbox 2583 3293 2696 3349; x_wconf 75' lang='lat' dir='ltr'><strong>illic</strong></span> <span class='ocrx_word' id='word_1_415' title='bbox 2749 3270 2859 3349; x_wconf 67' lang='lat' dir='ltr'><strong>iict-</strong></span> <span class='ocrx_word' id='word_1_416' title='bbox 2903 3289 3005 3362; x_wconf 70' lang='lat' dir='ltr'><strong>Qui</strong></span> <span class='ocrx_word' id='word_1_417' title='bbox 3049 3287 3104 3347; x_wconf 84' lang='grc' dir='ltr'><strong>Ῐη</strong></span> <span class='ocrx_word' id='word_1_418' title='bbox 3145 3270 3424 3362; x_wconf 73' lang='grc' dir='ltr'>όίεοίριιιίε</span> 
     </span>
    </p>
   </div>
   <div class='ocr_carea' id='block_1_63' title="bbox 120 3383 1720 3462">
    <p class='ocr_par' dir='ltr' id='par_1_63' title="bbox 120 3383 1720 3462">
     <span class='ocr_line' id='line_1_63' title="bbox 120 3383 1720 3462; baseline 0.01 -28"><span class='ocrx_word' id='word_1_419' title='bbox 120 3394 378 3438; x_wconf 86' lang='lat' dir='ltr'><strong>cessores</strong></span> <span class='ocrx_word' id='word_1_420' title='bbox 408 3399 470 3438; x_wconf 88' lang='lat' dir='ltr'><strong>ac</strong></span> <span class='ocrx_word' id='word_1_421' title='bbox 500 3383 878 3457; x_wconf 78' lang='lat' dir='ltr'><strong>progenitores</strong></span> <span class='ocrx_word' id='word_1_422' title='bbox 920 3398 1132 3445; x_wconf 87' lang='lat' dir='ltr'><strong>vestros</strong></span> <span class='ocrx_word' id='word_1_423' title='bbox 1175 3392 1446 3462; x_wconf 89' lang='lat' dir='ltr'><strong>episcopis</strong></span> <span class='ocrx_word' id='word_1_424' title='bbox 1489 3403 1544 3449; x_wconf 90' lang='lat' dir='ltr'><strong>et</strong></span> <span class='ocrx_word' id='word_1_425' title='bbox 1585 3394 1720 3452; x_wconf 90' lang='lat' dir='ltr'><strong>viris</strong></span> 
     </span>
    </p>
   </div>
   <div class='ocr_carea' id='block_1_64' title="bbox 120 3475 1723 3544">
    <p class='ocr_par' dir='ltr' id='par_1_64' title="bbox 120 3475 1723 3544">
     <span class='ocr_line' id='line_1_64' title="bbox 120 3475 1723 3544; baseline 0.01 -17"><span class='ocrx_word' id='word_1_426' title='bbox 120 3475 537 3544; x_wconf 87' lang='lat' dir='ltr'><strong>ecclesiasticis,</strong></span> <span class='ocrx_word' id='word_1_427' title='bbox 569 3487 624 3533; x_wconf 92' lang='lat' dir='ltr'><strong>et</strong></span> <span class='ocrx_word' id='word_1_428' title='bbox 653 3477 808 3536; x_wconf 91' lang='lat' dir='ltr'><strong>nobis</strong></span> <span class='ocrx_word' id='word_1_429' title='bbox 840 3487 1021 3536; x_wconf 85' lang='lat' dir='ltr'><strong>vestra</strong></span> <span class='ocrx_word' id='word_1_430' title='bbox 1068 3481 1420 3540; x_wconf 72' lang='lat' dir='ltr'><strong>dilectissime</strong></span> <span class='ocrx_word' id='word_1_431' title='bbox 1467 3495 1520 3541; x_wconf 90' lang='lat' dir='ltr'><strong>et</strong></span> <span class='ocrx_word' id='word_1_432' title='bbox 1572 3487 1723 3543; x_wconf 62' lang='lat' dir='ltr'><strong>benio</strong></span> 
     </span>
    </p>
   </div>
   <div class='ocr_carea' id='block_1_65' title="bbox 123 3568 1727 3638">
    <p class='ocr_par' dir='ltr' id='par_1_65' title="bbox 123 3568 1727 3638">
     <span class='ocr_line' id='line_1_65' title="bbox 123 3568 1727 3638; baseline 0.007 -16"><span class='ocrx_word' id='word_1_433' title='bbox 123 3569 394 3638; x_wconf 87' lang='lat' dir='ltr'><strong>gnissima</strong></span> <span class='ocrx_word' id='word_1_434' title='bbox 454 3568 755 3628; x_wconf 88' lang='lat' dir='ltr'><strong>dominatio</strong></span> <span class='ocrx_word' id='word_1_435' title='bbox 814 3581 1154 3630; x_wconf 77' lang='lat' dir='ltr'><strong>servaturum</strong></span> <span class='ocrx_word' id='word_1_436' title='bbox 1218 3592 1275 3630; x_wconf 87' lang='lat' dir='ltr'><strong>se</strong></span> <span class='ocrx_word' id='word_1_437' title='bbox 1341 3575 1395 3631; x_wconf 84' lang='lat' dir='ltr'><strong>et</strong></span> <span class='ocrx_word' id='word_1_438' title='bbox 1441 3576 1607 3633; x_wconf 89' lang='lat' dir='ltr'><strong>verbo</strong></span> <span class='ocrx_word' id='word_1_439' title='bbox 1669 3588 1727 3634; x_wconf 87' lang='lat' dir='ltr'><strong>ct</strong></span> 
     </span>
    </p>
   </div>
   <div class='ocr_carea' id='block_1_66' title="bbox 119 3660 1726 3735">
    <p class='ocr_par' dir='ltr' id='par_1_66' title="bbox 119 3660 1726 3735">
     <span class='ocr_line' id='line_1_66' title="bbox 119 3660 1726 3735; baseline 0.004 -21"><span class='ocrx_word' id='word_1_440' title='bbox 119 3660 527 3727; x_wconf 82' lang='lat' dir='ltr'><strong>subscriptione</strong></span> <span class='ocrx_word' id='word_1_441' title='bbox 561 3663 810 3730; x_wconf 85' lang='lat' dir='ltr'><strong>promisit</strong></span> <span class='ocrx_word' id='word_1_442' title='bbox 839 3665 895 3716; x_wconf 87' lang='lat' dir='ltr'><strong>in</strong></span> <span class='ocrx_word' id='word_1_443' title='bbox 923 3662 1219 3730; x_wconf 81' lang='lat' dir='ltr'><strong>Carisiaco,</strong></span> <span class='ocrx_word' id='word_1_444' title='bbox 1257 3663 1348 3718; x_wconf 90' lang='lat' dir='ltr'><strong>ubi</strong></span> <span class='ocrx_word' id='word_1_445' title='bbox 1383 3665 1486 3721; x_wconf 83' lang='lat' dir='ltr'><strong>hoc</strong></span> <span class='ocrx_word' id='word_1_446' title='bbox 1517 3667 1726 3735; x_wconf 86' lang='lat' dir='ltr'><strong>capitu-</strong></span> 
     </span>
    </p>
   </div>
   <div class='ocr_carea' id='block_1_67' title="bbox 118 3751 1781 3823">
    <p class='ocr_par' dir='ltr' id='par_1_67' title="bbox 118 3751 1781 3823">
     <span class='ocr_line' id='line_1_67' title="bbox 118 3751 1781 3823; baseline 0.004 -17"><span class='ocrx_word' id='word_1_447' title='bbox 118 3751 230 3806; x_wconf 89' lang='lat' dir='ltr'><strong>lum</strong></span> <span class='ocrx_word' id='word_1_448' title='bbox 289 3752 544 3806; x_wconf 82' lang='lat' dir='ltr'><strong>cousultu</strong></span> <span class='ocrx_word' id='word_1_449' title='bbox 600 3768 666 3807; x_wconf 87' lang='lat' dir='ltr'><strong>ac</strong></span> <span class='ocrx_word' id='word_1_450' title='bbox 711 3755 944 3809; x_wconf 84' lang='lat' dir='ltr'><strong>consilio</strong></span> <span class='ocrx_word' id='word_1_451' title='bbox 968 3755 1210 3809; x_wconf 70' lang='lat' dir='ltr'><strong>ﬁdelium</strong></span> <span class='ocrx_word' id='word_1_452' title='bbox 1251 3766 1580 3823; x_wconf 82' lang='lat' dir='ltr'><strong>vestrorum,</strong></span> <span class='ocrx_word' id='word_1_453' title='bbox 1612 3767 1725 3813; x_wconf 85' lang='lat' dir='ltr'><strong>tam</strong></span> <span class='ocrx_word' id='word_1_454' title='bbox 1773 3793 1781 3802; x_wconf 61' lang='grc' dir='ltr'>μ</span> 
     </span>
    </p>
   </div>
   <div class='ocr_carea' id='block_1_68' title="bbox 125 3844 1726 3916">
    <p class='ocr_par' dir='ltr' id='par_1_68' title="bbox 125 3844 1726 3916">
     <span class='ocr_line' id='line_1_68' title="bbox 125 3844 1726 3916; baseline 0.005 -18"><span class='ocrx_word' id='word_1_455' title='bbox 125 3844 516 3914; x_wconf 86' lang='lat' dir='ltr'><strong>episcoporum</strong></span> <span class='ocrx_word' id='word_1_456' title='bbox 570 3858 732 3912; x_wconf 82' lang='lat' dir='ltr'><strong>quam</strong></span> <span class='ocrx_word' id='word_1_457' title='bbox 781 3857 837 3900; x_wconf 89' lang='lat' dir='ltr'><strong>et</strong></span> <span class='ocrx_word' id='word_1_458' title='bbox 880 3845 1142 3901; x_wconf 82' lang='lat' dir='ltr'><strong>laicorum</strong></span> <span class='ocrx_word' id='word_1_459' title='bbox 1191 3849 1530 3916; x_wconf 85' lang='lat' dir='ltr'><strong>condidistis,</strong></span> <span class='ocrx_word' id='word_1_460' title='bbox 1579 3859 1634 3906; x_wconf 89' lang='lat' dir='ltr'><strong>et</strong></span> <span class='ocrx_word' id='word_1_461' title='bbox 1675 3852 1726 3906; x_wconf 89' lang='lat' dir='ltr'><strong>ei</strong></span> 
     </span>
    </p>
   </div>
   <div class='ocr_carea' id='block_1_69' title="bbox 124 3934 1728 4005">
    <p class='ocr_par' dir='ltr' id='par_1_69' title="bbox 124 3934 1728 4005">
     <span class='ocr_line' id='line_1_69' title="bbox 124 3934 1728 4005; baseline 0.008 -17"><span class='ocrx_word' id='word_1_462' title='bbox 124 3934 537 4004; x_wconf 87' lang='lat' dir='ltr'><strong>subscripsistis</strong></span> <span class='ocrx_word' id='word_1_463' title='bbox 565 3935 809 3993; x_wconf 84' lang='lat' dir='ltr'><strong>dicentes</strong></span> <span class='ocrx_word' id='word_1_464' title='bbox 849 3956 862 3992; x_wconf 83' lang='lat'>;</span> <span class='ocrx_word' id='word_1_465' title='bbox 900 3938 1176 4005; x_wconf 84' lang='lat' dir='ltr'><strong>Quantum</strong></span> <span class='ocrx_word' id='word_1_466' title='bbox 1200 3942 1375 3997; x_wconf 83' lang='lat' dir='ltr'><strong>sciero</strong></span> <span class='ocrx_word' id='word_1_467' title='bbox 1403 3952 1458 3997; x_wconf 88' lang='lat' dir='ltr'><strong>et.</strong></span> <span class='ocrx_word' id='word_1_468' title='bbox 1491 3944 1728 4000; x_wconf 83' lang='lat' dir='ltr'><strong>rationa-</strong></span> 
     </span>
    </p>
   </div>
   <div class='ocr_carea' id='block_1_70' title="bbox 126 4022 1728 4106">
    <p class='ocr_par' dir='ltr' id='par_1_70' title="bbox 126 4022 1728 4106">
     <span class='ocr_line' id='line_1_70' title="bbox 126 4022 1728 4106; baseline 0.01 -28"><span class='ocrx_word' id='word_1_469' title='bbox 126 4022 312 4080; x_wconf 83' lang='lat' dir='ltr'><strong>biliter</strong></span> <span class='ocrx_word' id='word_1_470' title='bbox 367 4034 618 4095; x_wconf 87' lang='lat' dir='ltr'><strong>potuero,</strong></span> <span class='ocrx_word' id='word_1_471' title='bbox 664 4028 896 4085; x_wconf 89' lang='lat' dir='ltr'><strong>Domino</strong></span> <span class='ocrx_word' id='word_1_472' title='bbox 943 4028 1254 4098; x_wconf 74' lang='lat' dir='ltr'><strong>adjuvante,</strong></span> <span class='ocrx_word' id='word_1_473' title='bbox 1286 4049 1728 4106; x_wconf 67' lang='lat' dir='ltr'><strong>utrumqueinqu</strong></span> 
     </span>
    </p>
   </div>
   <div class='ocr_carea' id='block_1_71' title="bbox 128 4122 1724 4196">
    <p class='ocr_par' dir='ltr' id='par_1_71' title="bbox 128 4122 1724 4196">
     <span class='ocr_line' id='line_1_71' title="bbox 128 4122 1724 4196; baseline 0.009 -28"><span class='ocrx_word' id='word_1_474' title='bbox 128 4126 371 4173; x_wconf 84' lang='lat' dir='ltr'><strong>vestrum</strong></span> <span class='ocrx_word' id='word_1_475' title='bbox 402 4136 418 4185; x_wconf 85' lang='lat'><strong>,</strong></span> <span class='ocrx_word' id='word_1_476' title='bbox 467 4122 770 4177; x_wconf 88' lang='lat' dir='ltr'><strong>secundum</strong></span> <span class='ocrx_word' id='word_1_477' title='bbox 821 4138 982 4178; x_wconf 88' lang='lat' dir='ltr'><strong>suum</strong></span> <span class='ocrx_word' id='word_1_478' title='bbox 1028 4124 1274 4179; x_wconf 83' lang='lat' dir='ltr'><strong>ordinem</strong></span> <span class='ocrx_word' id='word_1_479' title='bbox 1308 4136 1364 4179; x_wconf 89' lang='lat' dir='ltr'><strong>et</strong></span> <span class='ocrx_word' id='word_1_480' title='bbox 1389 4141 1678 4195; x_wconf 86' lang='lat' dir='ltr'><strong>personam</strong></span> <span class='ocrx_word' id='word_1_481' title='bbox 1706 4169 1724 4196; x_wconf 87' lang='lat'><strong>,</strong></span> 
     </span>
    </p>
   </div>
   <div class='ocr_carea' id='block_1_72' title="bbox 132 4209 1724 4280">
    <p class='ocr_par' dir='ltr' id='par_1_72' title="bbox 132 4209 1724 4280">
     <span class='ocr_line' id='line_1_72' title="bbox 132 4209 1724 4280; baseline 0.008 -18"><span class='ocrx_word' id='word_1_482' title='bbox 132 4209 410 4266; x_wconf 81' lang='lat' dir='ltr'><strong>honorabo</strong></span> <span class='ocrx_word' id='word_1_483' title='bbox 455 4221 514 4267; x_wconf 88' lang='lat' dir='ltr'><strong>et</strong></span> <span class='ocrx_word' id='word_1_484' title='bbox 558 4213 806 4280; x_wconf 85' lang='lat' dir='ltr'><strong>salvabo,</strong></span> <span class='ocrx_word' id='word_1_485' title='bbox 863 4222 919 4268; x_wconf 84' lang='lat' dir='ltr'><strong>et</strong></span> <span class='ocrx_word' id='word_1_486' title='bbox 970 4215 1294 4270; x_wconf 87' lang='lat' dir='ltr'><strong>honoratum</strong></span> <span class='ocrx_word' id='word_1_487' title='bbox 1341 4233 1407 4272; x_wconf 90' lang='lat' dir='ltr'><strong>ac</strong></span> <span class='ocrx_word' id='word_1_488' title='bbox 1454 4217 1724 4274; x_wconf 86' lang='lat' dir='ltr'><strong>salvatum</strong></span> 
     </span>
    </p>
   </div>
   <div class='ocr_carea' id='block_1_73' title="bbox 134 4299 1724 4379">
    <p class='ocr_par' dir='ltr' id='par_1_73' title="bbox 134 4299 1724 4379">
     <span class='ocr_line' id='line_1_73' title="bbox 134 4299 1724 4379; baseline 0.009 -26"><span class='ocrx_word' id='word_1_489' title='bbox 134 4299 338 4369; x_wconf 86' lang='lat' dir='ltr'><strong>absque</strong></span> <span class='ocrx_word' id='word_1_490' title='bbox 367 4302 476 4358; x_wconf 92' lang='lat' dir='ltr'><strong>ullo</strong></span> <span class='ocrx_word' id='word_1_491' title='bbox 519 4304 640 4360; x_wconf 90' lang='lat' dir='ltr'><strong>dolo</strong></span> <span class='ocrx_word' id='word_1_492' title='bbox 671 4314 726 4362; x_wconf 91' lang='lat' dir='ltr'><strong>et</strong></span> <span class='ocrx_word' id='word_1_493' title='bbox 756 4307 1106 4362; x_wconf 83' lang='lat' dir='ltr'><strong>damnatione</strong></span> <span class='ocrx_word' id='word_1_494' title='bbox 1139 4308 1222 4362; x_wconf 90' lang='lat' dir='ltr'><strong>vel</strong></span> <span class='ocrx_word' id='word_1_495' title='bbox 1250 4310 1568 4379; x_wconf 87' lang='lat' dir='ltr'><strong>deceptione</strong></span> <span class='ocrx_word' id='word_1_496' title='bbox 1594 4326 1724 4366; x_wconf 87' lang='lat' dir='ltr'><strong>con-</strong></span> 
     </span>
    </p>
   </div>
   <div class='ocr_carea' id='block_1_74' title="bbox 133 4397 1723 4477">
    <p class='ocr_par' dir='ltr' id='par_1_74' title="bbox 133 4397 1723 4477">
     <span class='ocr_line' id='line_1_74' title="bbox 133 4397 1723 4477; baseline 0.009 -28"><span class='ocrx_word' id='word_1_497' title='bbox 133 4397 384 4451; x_wconf 82' lang='lat' dir='ltr'><strong>servabo.</strong></span> <span class='ocrx_word' id='word_1_498' title='bbox 414 4397 482 4453; x_wconf 80' lang='lat' dir='ltr'><strong>Et</strong></span> <span class='ocrx_word' id='word_1_499' title='bbox 513 4400 806 4472; x_wconf 86' lang='lat' dir='ltr'><strong>unicuique</strong></span> <span class='ocrx_word' id='word_1_500' title='bbox 843 4412 1245 4472; x_wconf 87' lang='lat' dir='ltr'><strong>eompetentem</strong></span> <span class='ocrx_word' id='word_1_501' title='bbox 1291 4404 1464 4476; x_wconf 84' lang='lat' dir='ltr'><strong>legem</strong></span> <span class='ocrx_word' id='word_1_502' title='bbox 1489 4414 1544 4460; x_wconf 89' lang='lat' dir='ltr'><strong>et</strong></span> <span class='ocrx_word' id='word_1_503' title='bbox 1561 4407 1723 4477; x_wconf 87' lang='lat' dir='ltr'><strong>justi-</strong></span> 
     </span>
    </p>
   </div>
   <div class='ocr_carea' id='block_1_75' title="bbox 133 4486 1721 4564">
    <p class='ocr_par' dir='ltr' id='par_1_75' title="bbox 133 4486 1721 4564">
     <span class='ocr_line' id='line_1_75' title="bbox 133 4486 1721 4564; baseline 0.008 -24"><span class='ocrx_word' id='word_1_504' title='bbox 133 4486 260 4542; x_wconf 84' lang='lat' dir='ltr'><strong>tiam</strong></span> <span class='ocrx_word' id='word_1_505' title='bbox 300 4493 658 4549; x_wconf 85' lang='lat' dir='ltr'><strong>conservabo.</strong></span> <span class='ocrx_word' id='word_1_506' title='bbox 711 4493 778 4550; x_wconf 85' lang='lat' dir='ltr'><strong>Et</strong></span> <span class='ocrx_word' id='word_1_507' title='bbox 822 4494 915 4564; x_wconf 85' lang='lat' dir='ltr'><strong>qui</strong></span> <span class='ocrx_word' id='word_1_508' title='bbox 960 4495 1108 4550; x_wconf 88' lang='lat' dir='ltr'><strong>illam</strong></span> <span class='ocrx_word' id='word_1_509' title='bbox 1160 4510 1379 4552; x_wconf 88' lang='lat' dir='ltr'><strong>necesse</strong></span> <span class='ocrx_word' id='word_1_510' title='bbox 1432 4497 1721 4563; x_wconf 86' lang='lat' dir='ltr'><strong>habuerit,</strong></span> 
     </span>
    </p>
   </div>
   <div class='ocr_carea' id='block_1_76' title="bbox 135 4581 1764 4656">
    <p class='ocr_par' dir='ltr' id='par_1_76' title="bbox 135 4581 1764 4656">
     <span class='ocr_line' id='line_1_76' title="bbox 135 4581 1764 4656; baseline 0.007 -24"><span class='ocrx_word' id='word_1_511' title='bbox 135 4586 186 4633; x_wconf 87' lang='lat' dir='ltr'><strong>et</strong></span> <span class='ocrx_word' id='word_1_512' title='bbox 235 4581 633 4639; x_wconf 85' lang='lat' dir='ltr'><strong>rationabiliter</strong></span> <span class='ocrx_word' id='word_1_513' title='bbox 679 4585 919 4656; x_wconf 88' lang='lat' dir='ltr'><strong>petierit,</strong></span> <span class='ocrx_word' id='word_1_514' title='bbox 972 4586 1354 4642; x_wconf 88' lang='lat' dir='ltr'><strong>rationabilem</strong></span> <span class='ocrx_word' id='word_1_515' title='bbox 1411 4587 1764 4656; x_wconf 45' lang='lat' dir='ltr'><strong>miseriam-4</strong></span> 
     </span>
    </p>
   </div>
   <div class='ocr_carea' id='block_1_77' title="bbox 138 4635 1806 4750">
    <p class='ocr_par' dir='ltr' id='par_1_77' title="bbox 138 4635 1806 4750">
     <span class='ocr_line' id='line_1_77' title="bbox 138 4635 1806 4750; baseline 0.01 -31"><span class='ocrx_word' id='word_1_516' title='bbox 138 4667 275 4725; x_wconf 84' lang='lat' dir='ltr'><strong>diam</strong></span> <span class='ocrx_word' id='word_1_517' title='bbox 326 4635 636 4742; x_wconf 50' lang='lat' dir='ltr'><strong>exhibebo,</strong></span> <span class='ocrx_word' id='word_1_518' title='bbox 674 4635 1039 4735; x_wconf 59' lang='grc' dir='ltr'><strong>ὧὲῌῖἰὲἶιθιίε</strong></span> <span class='ocrx_word' id='word_1_519' title='bbox 1090 4692 1186 4732; x_wconf 85' lang='lat' dir='ltr'><strong>rex</strong></span> <span class='ocrx_word' id='word_1_520' title='bbox 1229 4693 1356 4734; x_wconf 89' lang='lat' dir='ltr'><strong>suos</strong></span> <span class='ocrx_word' id='word_1_521' title='bbox 1407 4677 1594 4735; x_wconf 84' lang='lat' dir='ltr'><strong>ﬁdeles</strong></span> <span class='ocrx_word' id='word_1_522' title='bbox 1629 4635 1806 4750; x_wconf 61' lang='lat' dir='ltr'><strong>per”</strong></span> 
     </span>
    </p>
   </div>
   <div class='ocr_carea' id='block_1_78' title="bbox 143 4767 1724 4842">
    <p class='ocr_par' dir='ltr' id='par_1_78' title="bbox 143 4767 1724 4842">
     <span class='ocr_line' id='line_1_78' title="bbox 143 4767 1724 4842; baseline 0.007 -26"><span class='ocrx_word' id='word_1_523' title='bbox 143 4771 344 4819; x_wconf 85' lang='lat' dir='ltr'><strong>rectum</strong></span> <span class='ocrx_word' id='word_1_524' title='bbox 376 4767 648 4826; x_wconf 81' lang='lat' dir='ltr'><strong>honorare</strong></span> <span class='ocrx_word' id='word_1_525' title='bbox 675 4778 730 4825; x_wconf 84' lang='lat' dir='ltr'><strong>et</strong></span> <span class='ocrx_word' id='word_1_526' title='bbox 757 4769 990 4839; x_wconf 75' lang='lat' dir='ltr'><strong>salvere,</strong></span> <span class='ocrx_word' id='word_1_527' title='bbox 1016 4782 1069 4827; x_wconf 81' lang='lat' dir='ltr'><strong>et</strong></span> <span class='ocrx_word' id='word_1_528' title='bbox 1093 4771 1385 4842; x_wconf 83' lang='lat' dir='ltr'><strong>unicuique</strong></span> <span class='ocrx_word' id='word_1_529' title='bbox 1410 4780 1724 4842; x_wconf 89' lang='lat' dir='ltr'><strong>competen-</strong></span> 
     </span>
    </p>
   </div>
   <div class='ocr_carea' id='block_1_79' title="bbox 147 4855 1729 4932">
    <p class='ocr_par' dir='ltr' id='par_1_79' title="bbox 147 4855 1729 4932">
     <span class='ocr_line' id='line_1_79' title="bbox 147 4855 1729 4932; baseline 0.008 -26"><span class='ocrx_word' id='word_1_530' title='bbox 147 4863 247 4908; x_wconf 84' lang='lat' dir='ltr'><strong>tem</strong></span> <span class='ocrx_word' id='word_1_531' title='bbox 278 4855 456 4928; x_wconf 81' lang='lat' dir='ltr'><strong>legem</strong></span> <span class='ocrx_word' id='word_1_532' title='bbox 486 4869 541 4914; x_wconf 84' lang='lat' dir='ltr'><strong>et</strong></span> <span class='ocrx_word' id='word_1_533' title='bbox 580 4861 848 4931; x_wconf 83' lang='lat' dir='ltr'><strong>justitiam</strong></span> <span class='ocrx_word' id='word_1_534' title='bbox 891 4861 950 4918; x_wconf 87' lang='lat' dir='ltr'><strong>in</strong></span> <span class='ocrx_word' id='word_1_535' title='bbox 988 4873 1316 4932; x_wconf 79' lang='lat' dir='ltr'><strong>anoqaoque</strong></span> <span class='ocrx_word' id='word_1_536' title='bbox 1357 4863 1548 4918; x_wconf 88' lang='lat' dir='ltr'><strong>ordine</strong></span> <span class='ocrx_word' id='word_1_537' title='bbox 1599 4878 1729 4918; x_wconf 86' lang='lat' dir='ltr'><strong>con-</strong></span> 
     </span>
    </p>
   </div>
   <div class='ocr_carea' id='block_1_80' title="bbox 148 4951 1729 5024">
    <p class='ocr_par' dir='ltr' id='par_1_80' title="bbox 148 4951 1729 5024">
     <span class='ocr_line' id='line_1_80' title="bbox 148 4951 1729 5024; baseline 0.007 -25"><span class='ocrx_word' id='word_1_538' title='bbox 148 4961 384 5014; x_wconf 87' lang='lat' dir='ltr'><strong>servare,</strong></span> <span class='ocrx_word' id='word_1_539' title='bbox 423 4960 479 5005; x_wconf 89' lang='lat' dir='ltr'><strong>et</strong></span> <span class='ocrx_word' id='word_1_540' title='bbox 507 4951 878 5024; x_wconf 79' lang='lat' dir='ltr'><strong>indigentibus</strong></span> <span class='ocrx_word' id='word_1_541' title='bbox 908 4961 966 5009; x_wconf 87' lang='lat' dir='ltr'><strong>et</strong></span> <span class='ocrx_word' id='word_1_542' title='bbox 993 4953 1393 5010; x_wconf 83' lang='lat' dir='ltr'><strong>rationabiliter</strong></span> <span class='ocrx_word' id='word_1_543' title='bbox 1418 4955 1729 5024; x_wconf 89' lang='lat' dir='ltr'><strong>petentibus</strong></span> 
     </span>
    </p>
   </div>
   <div class='ocr_carea' id='block_1_81' title="bbox 152 5041 1731 5118">
    <p class='ocr_par' dir='ltr' id='par_1_81' title="bbox 152 5041 1731 5118">
     <span class='ocr_line' id='line_1_81' title="bbox 152 5041 1731 5118; baseline 0.007 -26"><span class='ocrx_word' id='word_1_544' title='bbox 152 5041 522 5100; x_wconf 79' lang='lat' dir='ltr'><strong>rationabilem</strong></span> <span class='ocrx_word' id='word_1_545' title='bbox 541 5046 1163 5106; x_wconf 81' lang='lat' dir='ltr'><strong>misericordiam&#39;debet</strong></span> <span class='ocrx_word' id='word_1_546' title='bbox 1180 5047 1510 5118; x_wconf 86' lang='lat' dir='ltr'><strong>impendere.</strong></span> <span class='ocrx_word' id='word_1_547' title='bbox 1536 5048 1604 5102; x_wconf 89' lang='lat' dir='ltr'><strong>Et</strong></span> <span class='ocrx_word' id='word_1_548' title='bbox 1632 5063 1731 5118; x_wconf 88' lang='lat' dir='ltr'><strong>pro</strong></span> 
     </span>
    </p>
   </div>
   <div class='ocr_carea' id='block_1_82' title="bbox 157 5131 1733 5209">
    <p class='ocr_par' dir='ltr' id='par_1_82' title="bbox 157 5131 1733 5209">
     <span class='ocr_line' id='line_1_82' title="bbox 157 5131 1733 5209; baseline 0.008 -29"><span class='ocrx_word' id='word_1_549' title='bbox 157 5131 293 5185; x_wconf 85' lang='lat' dir='ltr'><strong>nullo</strong></span> <span class='ocrx_word' id='word_1_550' title='bbox 322 5133 538 5193; x_wconf 86' lang='lat' dir='ltr'><strong>homine</strong></span> <span class='ocrx_word' id='word_1_551' title='bbox 567 5138 633 5193; x_wconf 89' lang='lat' dir='ltr'><strong>ad</strong></span> <span class='ocrx_word' id='word_1_552' title='bbox 661 5137 788 5203; x_wconf 90' lang='lat' dir='ltr'><strong>hoc,</strong></span> <span class='ocrx_word' id='word_1_553' title='bbox 821 5147 1085 5209; x_wconf 86' lang='lat' dir='ltr'><strong>quantum</strong></span> <span class='ocrx_word' id='word_1_554' title='bbox 1110 5137 1334 5193; x_wconf 89' lang='lat' dir='ltr'><strong>dimittit</strong></span> <span class='ocrx_word' id='word_1_555' title='bbox 1359 5139 1591 5194; x_wconf 86' lang='lat' dir='ltr'><strong>humana</strong></span> <span class='ocrx_word' id='word_1_556' title='bbox 1624 5139 1733 5193; x_wconf 80' lang='lat' dir='ltr'><strong>fra-</strong></span> 
     </span>
    </p>
   </div>
   <div class='ocr_carea' id='block_1_83' title="bbox 159 5220 1735 5304">
    <p class='ocr_par' dir='ltr' id='par_1_83' title="bbox 159 5220 1735 5304">
     <span class='ocr_line' id='line_1_83' title="bbox 159 5220 1735 5304; baseline 0.008 -31"><span class='ocrx_word' id='word_1_557' title='bbox 159 5220 352 5290; x_wconf 85' lang='lat' dir='ltr'><strong>gilitas,</strong></span> <span class='ocrx_word' id='word_1_558' title='bbox 380 5233 477 5296; x_wconf 80' lang='lat' dir='ltr'><strong>per</strong></span> <span class='ocrx_word' id='word_1_559' title='bbox 515 5227 754 5284; x_wconf 88' lang='lat' dir='ltr'><strong>studium</strong></span> <span class='ocrx_word' id='word_1_560' title='bbox 783 5239 874 5284; x_wconf 89' lang='lat' dir='ltr'><strong>aut</strong></span> <span class='ocrx_word' id='word_1_561' title='bbox 895 5229 1342 5298; x_wconf 85' lang='lat' dir='ltr'><strong>malivolentiam,</strong></span> <span class='ocrx_word' id='word_1_562' title='bbox 1388 5230 1471 5285; x_wconf 93' lang='lat' dir='ltr'><strong>vel</strong></span> <span class='ocrx_word' id='word_1_563' title='bbox 1504 5230 1735 5304; x_wconf 85' lang='lat' dir='ltr'><strong>alicujus</strong></span> 
     </span>
    </p>
   </div>
   <div class='ocr_carea' id='block_1_84' title="bbox 159 5310 1735 5396">
    <p class='ocr_par' dir='ltr' id='par_1_84' title="bbox 159 5310 1735 5396">
     <span class='ocr_line' id='line_1_84' title="bbox 159 5310 1735 5396; baseline 0.008 -31"><span class='ocrx_word' id='word_1_564' title='bbox 159 5310 445 5373; x_wconf 86' lang='lat' dir='ltr'><strong>indebitum</strong></span> <span class='ocrx_word' id='word_1_565' title='bbox 497 5318 896 5376; x_wconf 75' lang='lat' dir='ltr'><strong>bonamentum</strong></span> <span class='ocrx_word' id='word_1_566' title='bbox 959 5322 1222 5389; x_wconf 83' lang='lat' dir='ltr'><strong>deviaho,</strong></span> <span class='ocrx_word' id='word_1_567' title='bbox 1277 5331 1543 5396; x_wconf 86' lang='lat' dir='ltr'><strong>quantum</strong></span> <span class='ocrx_word' id='word_1_568' title='bbox 1598 5323 1735 5379; x_wconf 87' lang='lat' dir='ltr'><strong>mihi</strong></span> 
     </span>
    </p>
   </div>
   <div class='ocr_carea' id='block_1_85' title="bbox 1826 3379 3426 3457">
    <p class='ocr_par' dir='ltr' id='par_1_85' title="bbox 1826 3379 3426 3457">
     <span class='ocr_line' id='line_1_85' title="bbox 1826 3379 3426 3457; baseline -0.003 -17"><span class='ocrx_word' id='word_1_569' title='bbox 1826 3385 1940 3440; x_wconf 90' lang='lat' dir='ltr'><strong>suis</strong></span> <span class='ocrx_word' id='word_1_570' title='bbox 1970 3385 2239 3456; x_wconf 87' lang='lat' dir='ltr'><strong>hodieque</strong></span> <span class='ocrx_word' id='word_1_571' title='bbox 2270 3384 2452 3451; x_wconf 87' lang='lat' dir='ltr'><strong>nobis,</strong></span> <span class='ocrx_word' id='word_1_572' title='bbox 2488 3386 2615 3442; x_wconf 89' lang='lat' dir='ltr'><strong>licet</strong></span> <span class='ocrx_word' id='word_1_573' title='bbox 2641 3382 2902 3457; x_wconf 86' lang='lat' dir='ltr'><strong>indignis,</strong></span> <span class='ocrx_word' id='word_1_574' title='bbox 2931 3381 3174 3455; x_wconf 85' lang='lat' dir='ltr'><strong>loquitur</strong></span> <span class='ocrx_word' id='word_1_575' title='bbox 3208 3402 3220 3437; x_wconf 89' lang='lat'><strong>:</strong></span> <span class='ocrx_word' id='word_1_576' title='bbox 3253 3379 3426 3453; x_wconf 87' lang='lat' dir='ltr'><strong>Spiri-</strong></span> 
     </span>
    </p>
   </div>
   <div class='ocr_carea' id='block_1_86' title="bbox 1829 3473 3423 3548">
    <p class='ocr_par' dir='ltr' id='par_1_86' title="bbox 1829 3473 3423 3548">
     <span class='ocr_line' id='line_1_86' title="bbox 1829 3473 3423 3548; baseline -0.003 -16"><span class='ocrx_word' id='word_1_577' title='bbox 1829 3483 1912 3532; x_wconf 86' lang='lat' dir='ltr'><strong>tus</strong></span> <span class='ocrx_word' id='word_1_578' title='bbox 1937 3473 2118 3532; x_wconf 78' lang='lat' dir='ltr'><strong>Patris</strong></span> <span class='ocrx_word' id='word_1_579' title='bbox 2146 3478 2311 3534; x_wconf 87' lang='lat' dir='ltr'><strong>vestri</strong></span> <span class='ocrx_word' id='word_1_580' title='bbox 2343 3473 2585 3547; x_wconf 88' lang='lat' dir='ltr'><strong>loquitur</strong></span> <span class='ocrx_word' id='word_1_581' title='bbox 2615 3479 2669 3534; x_wconf 91' lang='lat' dir='ltr'><strong>in</strong></span> <span class='ocrx_word' id='word_1_582' title='bbox 2698 3478 2870 3542; x_wconf 89' lang='lat' dir='ltr'><strong>vobis,</strong></span> <span class='ocrx_word' id='word_1_583' title='bbox 2910 3477 3000 3548; x_wconf 89' lang='lat' dir='ltr'><strong>qui</strong></span> <span class='ocrx_word' id='word_1_584' title='bbox 3037 3473 3208 3548; x_wconf 88' lang='lat' dir='ltr'><strong>replet</strong></span> <span class='ocrx_word' id='word_1_585' title='bbox 3233 3475 3423 3531; x_wconf 88' lang='lat' dir='ltr'><strong>orbem</strong></span> 
     </span>
    </p>
   </div>
   <div class='ocr_carea' id='block_1_87' title="bbox 1829 3567 3429 3640">
    <p class='ocr_par' dir='ltr' id='par_1_87' title="bbox 1829 3567 3429 3640">
     <span class='ocr_line' id='line_1_87' title="bbox 1829 3567 3429 3640; baseline -0.002 -16"><span class='ocrx_word' id='word_1_586' title='bbox 1829 3573 2122 3624; x_wconf 84' lang='lat' dir='ltr'><strong>terrarum.</strong></span> <span class='ocrx_word' id='word_1_587' title='bbox 2166 3567 2343 3624; x_wconf 78' lang='lat' dir='ltr'><strong>Nolite</strong></span> <span class='ocrx_word' id='word_1_588' title='bbox 2399 3572 2625 3626; x_wconf 89' lang='lat' dir='ltr'><strong>credere</strong></span> <span class='ocrx_word' id='word_1_589' title='bbox 2649 3612 2665 3636; x_wconf 96' lang='lat'><strong>,</strong></span> <span class='ocrx_word' id='word_1_590' title='bbox 2705 3585 3018 3640; x_wconf 69' lang='lat' dir='ltr'><strong>quaesumus</strong></span> <span class='ocrx_word' id='word_1_591' title='bbox 3042 3611 3056 3636; x_wconf 92' lang='lat'><strong>,</strong></span> <span class='ocrx_word' id='word_1_592' title='bbox 3101 3585 3271 3638; x_wconf 88' lang='lat' dir='ltr'><strong>prava</strong></span> <span class='ocrx_word' id='word_1_593' title='bbox 3301 3583 3429 3623; x_wconf 87' lang='lat' dir='ltr'><strong>sua-</strong></span> 
     </span>
    </p>
   </div>
   <div class='ocr_carea' id='block_1_88' title="bbox 1829 3664 3425 3734">
    <p class='ocr_par' dir='ltr' id='par_1_88' title="bbox 1829 3664 3425 3734">
     <span class='ocr_line' id='line_1_88' title="bbox 1829 3664 3425 3734; baseline -0.001 -18"><span class='ocrx_word' id='word_1_594' title='bbox 1829 3665 1999 3728; x_wconf 87' lang='lat' dir='ltr'><strong>denti,</strong></span> <span class='ocrx_word' id='word_1_595' title='bbox 2018 3666 2145 3734; x_wconf 88' lang='lat' dir='ltr'><strong>quia</strong></span> <span class='ocrx_word' id='word_1_596' title='bbox 2169 3680 2267 3734; x_wconf 89' lang='lat' dir='ltr'><strong>pro</strong></span> <span class='ocrx_word' id='word_1_597' title='bbox 2291 3671 2442 3720; x_wconf 90' lang='lat' dir='ltr'><strong>certo</strong></span> <span class='ocrx_word' id='word_1_598' title='bbox 2465 3665 2652 3720; x_wconf 88' lang='lat' dir='ltr'><strong>sciatis</strong></span> <span class='ocrx_word' id='word_1_599' title='bbox 2675 3679 2782 3719; x_wconf 91' lang='lat' dir='ltr'><strong>non</strong></span> <span class='ocrx_word' id='word_1_600' title='bbox 2808 3664 2861 3718; x_wconf 91' lang='lat' dir='ltr'><strong>in</strong></span> <span class='ocrx_word' id='word_1_601' title='bbox 2885 3672 3201 3732; x_wconf 89' lang='lat' dir='ltr'><strong>contemptu</strong></span> <span class='ocrx_word' id='word_1_602' title='bbox 3227 3670 3425 3725; x_wconf 85' lang='lat' dir='ltr'><strong>vestro,</strong></span> 
     </span>
    </p>
   </div>
   <div class='ocr_carea' id='block_1_89' title="bbox 1831 3751 3428 3821">
    <p class='ocr_par' dir='ltr' id='par_1_89' title="bbox 1831 3751 3428 3821">
     <span class='ocr_line' id='line_1_89' title="bbox 1831 3751 3428 3821; baseline 0 -16"><span class='ocrx_word' id='word_1_603' title='bbox 1831 3763 2007 3821; x_wconf 88' lang='lat' dir='ltr'><strong>neque</strong></span> <span class='ocrx_word' id='word_1_604' title='bbox 2034 3761 2225 3807; x_wconf 83' lang='lat' dir='ltr'><strong>contra</strong></span> <span class='ocrx_word' id='word_1_605' title='bbox 2271 3753 2585 3808; x_wconf 85' lang='lat' dir='ltr'><strong>ﬁdelitatem</strong></span> <span class='ocrx_word' id='word_1_606' title='bbox 2631 3761 2892 3819; x_wconf 87' lang='lat' dir='ltr'><strong>vestram,</strong></span> <span class='ocrx_word' id='word_1_607' title='bbox 2925 3751 2978 3807; x_wconf 94' lang='lat' dir='ltr'><strong>in</strong></span> <span class='ocrx_word' id='word_1_608' title='bbox 3003 3753 3192 3809; x_wconf 87' lang='lat' dir='ltr'><strong>eadem</strong></span> <span class='ocrx_word' id='word_1_609' title='bbox 3222 3761 3428 3807; x_wconf 87' lang='lat' dir='ltr'><strong>metro-</strong></span> 
     </span>
    </p>
   </div>
   <div class='ocr_carea' id='block_1_90' title="bbox 1829 3841 3428 3918">
    <p class='ocr_par' dir='ltr' id='par_1_90' title="bbox 1829 3841 3428 3918">
     <span class='ocr_line' id='line_1_90' title="bbox 1829 3841 3428 3918; baseline -0.001 -17"><span class='ocrx_word' id='word_1_610' title='bbox 1829 3845 1935 3918; x_wconf 89' lang='lat' dir='ltr'><strong>poli</strong></span> <span class='ocrx_word' id='word_1_611' title='bbox 1969 3846 2420 3917; x_wconf 85' lang='lat' dir='ltr'><strong>sedepontiﬁcem</strong></span> <span class='ocrx_word' id='word_1_612' title='bbox 2445 3841 2858 3914; x_wconf 88' lang='lat' dir='ltr'><strong>ordinavimus;</strong></span> <span class='ocrx_word' id='word_1_613' title='bbox 2894 3845 2992 3902; x_wconf 88' lang='lat' dir='ltr'><strong>sed</strong></span> <span class='ocrx_word' id='word_1_614' title='bbox 3011 3843 3428 3918; x_wconf 87' lang='lat' dir='ltr'><strong>perpendentes,</strong></span> 
     </span>
    </p>
   </div>
   <div class='ocr_carea' id='block_1_91' title="bbox 1831 3939 3432 4019">
    <p class='ocr_par' dir='ltr' id='par_1_91' title="bbox 1831 3939 3432 4019">
     <span class='ocr_line' id='line_1_91' title="bbox 1831 3939 3432 4019; baseline 0 -25"><span class='ocrx_word' id='word_1_615' title='bbox 1831 3939 1976 4012; x_wconf 90' lang='lat' dir='ltr'><strong>quod</strong></span> <span class='ocrx_word' id='word_1_616' title='bbox 2012 3947 2081 4019; x_wconf 35' lang='lat' dir='ltr'><strong>&#39;et</strong></span> <span class='ocrx_word' id='word_1_617' title='bbox 2125 3957 2220 3998; x_wconf 85' lang='lat' dir='ltr'><strong>vos</strong></span> <span class='ocrx_word' id='word_1_618' title='bbox 2250 3940 2465 3997; x_wconf 79' lang='lat' dir='ltr'><strong>‘mell&#39;us</strong></span> <span class='ocrx_word' id='word_1_619' title='bbox 2511 3941 2686 4008; x_wconf 90' lang='lat' dir='ltr'><strong>scitis,</strong></span> <span class='ocrx_word' id='word_1_620' title='bbox 2727 3950 2927 4011; x_wconf 85' lang='lat' dir='ltr'><strong>quanta</strong></span> <span class='ocrx_word' id='word_1_621' title='bbox 2973 3951 3024 3998; x_wconf 90' lang='lat' dir='ltr'><strong>et</strong></span> <span class='ocrx_word' id='word_1_622' title='bbox 3083 3955 3181 4011; x_wconf 90' lang='lat' dir='ltr'><strong>per</strong></span> <span class='ocrx_word' id='word_1_623' title='bbox 3230 3947 3432 4011; x_wconf 85' lang='lat' dir='ltr'><strong>quanta</strong></span> 
     </span>
    </p>
   </div>
   <div class='ocr_carea' id='block_1_92' title="bbox 1832 4029 3427 4104">
    <p class='ocr_par' dir='ltr' id='par_1_92' title="bbox 1832 4029 3427 4104">
     <span class='ocr_line' id='line_1_92' title="bbox 1832 4029 3427 4104; baseline -0.001 -17"><span class='ocrx_word' id='word_1_624' title='bbox 1832 4035 2073 4103; x_wconf 87' lang='lat' dir='ltr'><strong>tempora</strong></span> <span class='ocrx_word' id='word_1_625' title='bbox 2116 4031 2234 4104; x_wconf 86' lang='lat' dir='ltr'><strong>ipsa</strong></span> <span class='ocrx_word' id='word_1_626' title='bbox 2283 4029 2527 4089; x_wconf 86' lang='lat' dir='ltr'><strong>Ecclesia</strong></span> <span class='ocrx_word' id='word_1_627' title='bbox 2580 4032 2824 4090; x_wconf 85' lang='lat' dir='ltr'><strong>desolata</strong></span> <span class='ocrx_word' id='word_1_628' title='bbox 2884 4042 2938 4089; x_wconf 89' lang='lat' dir='ltr'><strong>et</strong></span> <span class='ocrx_word' id='word_1_629' title='bbox 2994 4029 3252 4089; x_wconf 87' lang='lat' dir='ltr'><strong>destituta</strong></span> <span class='ocrx_word' id='word_1_630' title='bbox 3320 4029 3427 4095; x_wconf 85' lang='lat' dir='ltr'><strong>sit,</strong></span> 
     </span>
    </p>
   </div>
   <div class='ocr_carea' id='block_1_93' title="bbox 1829 4121 3433 4197">
    <p class='ocr_par' dir='ltr' id='par_1_93' title="bbox 1829 4121 3433 4197">
     <span class='ocr_line' id='line_1_93' title="bbox 1829 4121 3433 4197; baseline -0.001 -16"><span class='ocrx_word' id='word_1_631' title='bbox 1829 4133 1882 4181; x_wconf 89' lang='lat' dir='ltr'><strong>et</strong></span> <span class='ocrx_word' id='word_1_632' title='bbox 1919 4134 2122 4197; x_wconf 88' lang='lat' dir='ltr'><strong>quanta</strong></span> <span class='ocrx_word' id='word_1_633' title='bbox 2184 4134 2374 4182; x_wconf 83' lang='lat' dir='ltr'><strong>contra</strong></span> <span class='ocrx_word' id='word_1_634' title='bbox 2430 4121 2526 4184; x_wconf 86' lang='lat' dir='ltr'><strong>Dei</strong></span> <span class='ocrx_word' id='word_1_635' title='bbox 2580 4127 2956 4195; x_wconf 86' lang='lat' dir='ltr'><strong>voluntatem,</strong></span> <span class='ocrx_word' id='word_1_636' title='bbox 3000 4143 3105 4184; x_wconf 90' lang='lat' dir='ltr'><strong>non</strong></span> <span class='ocrx_word' id='word_1_637' title='bbox 3155 4123 3328 4184; x_wconf 90' lang='lat' dir='ltr'><strong>solum</strong></span> <span class='ocrx_word' id='word_1_638' title='bbox 3378 4127 3433 4180; x_wconf 90' lang='lat' dir='ltr'><strong>in</strong></span> 
     </span>
    </p>
   </div>
   <div class='ocr_carea' id='block_1_94' title="bbox 1827 4213 3432 4293">
    <p class='ocr_par' dir='ltr' id='par_1_94' title="bbox 1827 4213 3432 4293">
     <span class='ocr_line' id='line_1_94' title="bbox 1827 4213 3432 4293; baseline -0.002 -17"><span class='ocrx_word' id='word_1_639' title='bbox 1827 4217 2018 4276; x_wconf 85' lang='lat' dir='ltr'><strong>eadem</strong></span> <span class='ocrx_word' id='word_1_640' title='bbox 2071 4217 2372 4290; x_wconf 86' lang='lat' dir='ltr'><strong>parochia,</strong></span> <span class='ocrx_word' id='word_1_641' title='bbox 2424 4213 2519 4276; x_wconf 88' lang='lat' dir='ltr'><strong>sed</strong></span> <span class='ocrx_word' id='word_1_642' title='bbox 2569 4227 2623 4276; x_wconf 89' lang='lat' dir='ltr'><strong>et</strong></span> <span class='ocrx_word' id='word_1_643' title='bbox 2668 4221 2720 4275; x_wconf 91' lang='lat' dir='ltr'><strong>in</strong></span> <span class='ocrx_word' id='word_1_644' title='bbox 2762 4229 2875 4276; x_wconf 89' lang='lat' dir='ltr'><strong>tota</strong></span> <span class='ocrx_word' id='word_1_645' title='bbox 2911 4221 3190 4293; x_wconf 87' lang='lat' dir='ltr'><strong>provincia</strong></span> <span class='ocrx_word' id='word_1_646' title='bbox 3219 4221 3432 4275; x_wconf 88' lang='lat' dir='ltr'><strong>adeam</strong></span> 
     </span>
    </p>
   </div>
   <div class='ocr_carea' id='block_1_95' title="bbox 1827 4312 3432 4394">
    <p class='ocr_par' dir='ltr' id='par_1_95' title="bbox 1827 4312 3432 4394">
     <span class='ocr_line' id='line_1_95' title="bbox 1827 4312 3432 4394; baseline -0.004 -24"><span class='ocrx_word' id='word_1_647' title='bbox 1827 4315 2160 4383; x_wconf 86' lang='lat' dir='ltr'><strong>pertinente,</strong></span> <span class='ocrx_word' id='word_1_648' title='bbox 2191 4314 2548 4381; x_wconf 87' lang='lat' dir='ltr'><strong>increverint,</strong></span> <span class='ocrx_word' id='word_1_649' title='bbox 2582 4330 2705 4370; x_wconf 90' lang='lat' dir='ltr'><strong>cum</strong></span> <span class='ocrx_word' id='word_1_650' title='bbox 2735 4314 2870 4370; x_wconf 90' lang='lat' dir='ltr'><strong>nihil</strong></span> <span class='ocrx_word' id='word_1_651' title='bbox 2895 4314 3157 4370; x_wconf 89' lang='lat' dir='ltr'><strong>canonice</strong></span> <span class='ocrx_word' id='word_1_652' title='bbox 3181 4312 3299 4368; x_wconf 89' lang='lat' dir='ltr'><strong>sine</strong></span> <span class='ocrx_word' id='word_1_653' title='bbox 3319 4312 3432 4394; x_wconf 42' lang='lat' dir='ltr'><strong>prif</strong></span> 
     </span>
    </p>
   </div>
   <div class='ocr_carea' id='block_1_96' title="bbox 1828 4403 3433 4480">
    <p class='ocr_par' dir='ltr' id='par_1_96' title="bbox 1828 4403 3433 4480">
     <span class='ocr_line' id='line_1_96' title="bbox 1828 4403 3433 4480; baseline -0.002 -17"><span class='ocrx_word' id='word_1_654' title='bbox 1828 4418 1975 4464; x_wconf 88' lang='lat' dir='ltr'><strong>mate</strong></span> <span class='ocrx_word' id='word_1_655' title='bbox 1993 4403 2322 4478; x_wconf 83' lang='lat' dir='ltr'><strong>suli&#39;raganei</strong></span> <span class='ocrx_word' id='word_1_656' title='bbox 2345 4409 2582 4479; x_wconf 89' lang='lat' dir='ltr'><strong>episcopi</strong></span> <span class='ocrx_word' id='word_1_657' title='bbox 2614 4423 2775 4480; x_wconf 86' lang='lat' dir='ltr'><strong>agere</strong></span> <span class='ocrx_word' id='word_1_658' title='bbox 2800 4405 3036 4475; x_wconf 84' lang='lat' dir='ltr'><strong>valeant,</strong></span> <span class='ocrx_word' id='word_1_659' title='bbox 3067 4405 3169 4462; x_wconf 88' lang='lat' dir='ltr'><strong>nisi</strong></span> <span class='ocrx_word' id='word_1_660' title='bbox 3195 4406 3338 4476; x_wconf 87' lang='lat' dir='ltr'><strong>quod</strong></span> <span class='ocrx_word' id='word_1_661' title='bbox 3365 4404 3433 4460; x_wconf 87' lang='lat' dir='ltr'><strong>ad</strong></span> 
     </span>
    </p>
   </div>
   <div class='ocr_carea' id='block_1_97' title="bbox 1828 4497 3428 4570">
    <p class='ocr_par' dir='ltr' id='par_1_97' title="bbox 1828 4497 3428 4570">
     <span class='ocr_line' id='line_1_97' title="bbox 1828 4497 3428 4570; baseline -0.003 -16"><span class='ocrx_word' id='word_1_662' title='bbox 1828 4499 2076 4570; x_wconf 88' lang='lat' dir='ltr'><strong>proprias</strong></span> <span class='ocrx_word' id='word_1_663' title='bbox 2107 4497 2397 4569; x_wconf 88' lang='lat' dir='ltr'><strong>parochias</strong></span> <span class='ocrx_word' id='word_1_664' title='bbox 2426 4500 2695 4570; x_wconf 85' lang='lat' dir='ltr'><strong>pertinet,</strong></span> <span class='ocrx_word' id='word_1_665' title='bbox 2740 4499 2936 4555; x_wconf 88' lang='lat' dir='ltr'><strong>ibidem</strong></span> <span class='ocrx_word' id='word_1_666' title='bbox 2984 4497 3428 4555; x_wconf 87' lang='lat' dir='ltr'><strong>commoditatem</strong></span> 
     </span>
    </p>
   </div>
   <div class='ocr_carea' id='block_1_98' title="bbox 1833 4580 3430 4662">
    <p class='ocr_par' dir='ltr' id='par_1_98' title="bbox 1833 4580 3430 4662">
     <span class='ocr_line' id='line_1_98' title="bbox 1833 4580 3430 4662; baseline -0.003 -17"><span class='ocrx_word' id='word_1_667' title='bbox 1833 4587 2140 4662; x_wconf 85' lang='lat' dir='ltr'><strong>regularem</strong></span> <span class='ocrx_word' id='word_1_668' title='bbox 2186 4580 2524 4646; x_wconf 84' lang='lat' dir='ltr'><strong>invenientes</strong></span> <span class='ocrx_word' id='word_1_669' title='bbox 2551 4593 2810 4647; x_wconf 86' lang='lat' dir='ltr'><strong>canonice</strong></span> <span class='ocrx_word' id='word_1_670' title='bbox 2855 4591 3165 4662; x_wconf 85' lang='lat' dir='ltr'><strong>pontiﬁcem</strong></span> <span class='ocrx_word' id='word_1_671' title='bbox 3203 4589 3430 4644; x_wconf 84' lang='lat' dir='ltr'><strong>ordina-</strong></span> 
     </span>
    </p>
   </div>
   <div class='ocr_carea' id='block_1_99' title="bbox 1834 4677 3434 4752">
    <p class='ocr_par' dir='ltr' id='par_1_99' title="bbox 1834 4677 3434 4752">
     <span class='ocr_line' id='line_1_99' title="bbox 1834 4677 3434 4752; baseline -0.004 -15"><span class='ocrx_word' id='word_1_672' title='bbox 1834 4681 2049 4738; x_wconf 77' lang='lat' dir='ltr'><strong>vimus:</strong></span> <span class='ocrx_word' id='word_1_673' title='bbox 2081 4679 2223 4752; x_wconf 89' lang='lat' dir='ltr'><strong>quod</strong></span> <span class='ocrx_word' id='word_1_674' title='bbox 2261 4689 2316 4736; x_wconf 89' lang='lat' dir='ltr'><strong>et</strong></span> <span class='ocrx_word' id='word_1_675' title='bbox 2342 4681 2638 4738; x_wconf 85' lang='lat' dir='ltr'><strong>secundum</strong></span> <span class='ocrx_word' id='word_1_676' title='bbox 2680 4677 2893 4738; x_wconf 84' lang='lat' dir='ltr'><strong>divinas</strong></span> <span class='ocrx_word' id='word_1_677' title='bbox 2940 4683 3088 4752; x_wconf 75' lang='lat' dir='ltr'><strong>leges</strong></span> <span class='ocrx_word' id='word_1_678' title='bbox 3117 4695 3276 4751; x_wconf 82' lang='lat' dir='ltr'><strong>agerc</strong></span> <span class='ocrx_word' id='word_1_679' title='bbox 3308 4693 3434 4748; x_wconf 70' lang='lat' dir='ltr'><strong>pos~</strong></span> 
     </span>
    </p>
   </div>
   <div class='ocr_carea' id='block_1_100' title="bbox 1837 4767 3431 4846">
    <p class='ocr_par' dir='ltr' id='par_1_100' title="bbox 1837 4767 3431 4846">
     <span class='ocr_line' id='line_1_100' title="bbox 1837 4767 3431 4846; baseline -0.006 -15"><span class='ocrx_word' id='word_1_680' title='bbox 1837 4783 1957 4832; x_wconf 88' lang='lat' dir='ltr'><strong>sent</strong></span> <span class='ocrx_word' id='word_1_681' title='bbox 1982 4783 2147 4844; x_wconf 87' lang='lat' dir='ltr'><strong>atque</strong></span> <span class='ocrx_word' id='word_1_682' title='bbox 2173 4774 2438 4830; x_wconf 88' lang='lat' dir='ltr'><strong>deberent</strong></span> <span class='ocrx_word' id='word_1_683' title='bbox 2461 4774 2631 4846; x_wconf 82' lang='lat' dir='ltr'><strong>ipsius</strong></span> <span class='ocrx_word' id='word_1_684' title='bbox 2663 4774 2977 4846; x_wconf 82' lang='lat' dir='ltr'><strong>metropolis</strong></span> <span class='ocrx_word' id='word_1_685' title='bbox 3009 4768 3357 4840; x_wconf 69' lang='lat' dir='ltr'><strong>suifraganei,</strong></span> <span class='ocrx_word' id='word_1_686' title='bbox 3386 4767 3431 4821; x_wconf 81' lang='lat' dir='ltr'><strong>si</strong></span> 
     </span>
    </p>
   </div>
   <div class='ocr_carea' id='block_1_101' title="bbox 1843 4865 3436 4939">
    <p class='ocr_par' dir='ltr' id='par_1_101' title="bbox 1843 4865 3436 4939">
     <span class='ocr_line' id='line_1_101' title="bbox 1843 4865 3436 4939; baseline -0.008 -15"><span class='ocrx_word' id='word_1_687' title='bbox 1843 4872 1974 4925; x_wconf 87' lang='lat' dir='ltr'><strong>tanti</strong></span> <span class='ocrx_word' id='word_1_688' title='bbox 2023 4867 2233 4924; x_wconf 89' lang='lat' dir='ltr'><strong>numeri</strong></span> <span class='ocrx_word' id='word_1_689' title='bbox 2278 4867 2477 4934; x_wconf 80' lang='lat' dir='ltr'><strong>forent,</strong></span> <span class='ocrx_word' id='word_1_690' title='bbox 2525 4878 2582 4922; x_wconf 89' lang='lat' dir='ltr'><strong>ut</strong></span> <span class='ocrx_word' id='word_1_691' title='bbox 2621 4884 2717 4939; x_wconf 87' lang='lat' dir='ltr'><strong>per</strong></span> <span class='ocrx_word' id='word_1_692' title='bbox 2757 4884 2814 4922; x_wconf 88' lang='lat' dir='ltr'><strong>se</strong></span> <span class='ocrx_word' id='word_1_693' title='bbox 2862 4865 3183 4938; x_wconf 80' lang='lat' dir='ltr'><strong>regulariter</strong></span> <span class='ocrx_word' id='word_1_694' title='bbox 3211 4868 3436 4932; x_wconf 88' lang='lat' dir='ltr'><strong>possent</strong></span> 
     </span>
    </p>
   </div>
   <div class='ocr_carea' id='block_1_102' title="bbox 1841 4951 3437 5032">
    <p class='ocr_par' dir='ltr' id='par_1_102' title="bbox 1841 4951 3437 5032">
     <span class='ocr_line' id='line_1_102' title="bbox 1841 4951 3437 5032; baseline -0.01 -14"><span class='ocrx_word' id='word_1_695' title='bbox 1841 4964 2096 5020; x_wconf 89' lang='lat' dir='ltr'><strong>ordinare</strong></span> <span class='ocrx_word' id='word_1_696' title='bbox 2128 4961 2468 5031; x_wconf 77' lang='lat' dir='ltr'><strong>pontificem,</strong></span> <span class='ocrx_word' id='word_1_697' title='bbox 2514 4955 2606 5032; x_wconf 87' lang='lat' dir='ltr'><strong>qui</strong></span> <span class='ocrx_word' id='word_1_698' title='bbox 2638 4975 2742 5015; x_wconf 91' lang='lat' dir='ltr'><strong>non</strong></span> <span class='ocrx_word' id='word_1_699' title='bbox 2783 4961 2961 5015; x_wconf 90' lang='lat' dir='ltr'><strong>minus</strong></span> <span class='ocrx_word' id='word_1_700' title='bbox 2995 4972 3155 5026; x_wconf 88' lang='lat' dir='ltr'><strong>quam</strong></span> <span class='ocrx_word' id='word_1_701' title='bbox 3197 4967 3226 5005; x_wconf 89' lang='lat' dir='ltr'><strong>a</strong></span> <span class='ocrx_word' id='word_1_702' title='bbox 3259 4951 3437 5007; x_wconf 88' lang='lat' dir='ltr'><strong>tribus</strong></span> 
     </span>
    </p>
   </div>
   <div class='ocr_carea' id='block_1_103' title="bbox 1845 5041 3437 5127">
    <p class='ocr_par' dir='ltr' id='par_1_103' title="bbox 1845 5041 3437 5127">
     <span class='ocr_line' id='line_1_103' title="bbox 1845 5041 3437 5127; baseline -0.011 -15"><span class='ocrx_word' id='word_1_703' title='bbox 1845 5054 2100 5127; x_wconf 57' lang='lat' dir='ltr'><strong>praevalet</strong></span> <span class='ocrx_word' id='word_1_704' title='bbox 2125 5053 2445 5122; x_wconf 83' lang='lat' dir='ltr'><strong>regulariter</strong></span> <span class='ocrx_word' id='word_1_705' title='bbox 2471 5053 2730 5110; x_wconf 87' lang='lat' dir='ltr'><strong>ordinari.</strong></span> <span class='ocrx_word' id='word_1_706' title='bbox 2766 5048 3111 5118; x_wconf 81' lang='lat' dir='ltr'><strong>Prosequitur</strong></span> <span class='ocrx_word' id='word_1_707' title='bbox 3134 5044 3312 5105; x_wconf 83' lang='lat' dir='ltr'><strong>etiam,</strong></span> <span class='ocrx_word' id='word_1_708' title='bbox 3344 5041 3437 5095; x_wconf 83' lang='lat' dir='ltr'><strong>de-</strong></span> 
     </span>
    </p>
   </div>
   <div class='ocr_carea' id='block_1_104' title="bbox 1840 5129 3437 5216">
    <p class='ocr_par' dir='ltr' id='par_1_104' title="bbox 1840 5129 3437 5216">
     <span class='ocr_line' id='line_1_104' title="bbox 1840 5129 3437 5216; baseline -0.013 -14"><span class='ocrx_word' id='word_1_709' title='bbox 1840 5163 2082 5216; x_wconf 81' lang='lat' dir='ltr'><strong>promens</strong></span> <span class='ocrx_word' id='word_1_710' title='bbox 2121 5147 2460 5205; x_wconf 82' lang='lat' dir='ltr'><strong>auctoritates</strong></span> <span class='ocrx_word' id='word_1_711' title='bbox 2491 5153 2792 5201; x_wconf 81' lang='lat' dir='ltr'><strong>sanctorum</strong></span> <span class='ocrx_word' id='word_1_712' title='bbox 2829 5139 3075 5202; x_wconf 84' lang='lat' dir='ltr'><strong>Patrum,</strong></span> <span class='ocrx_word' id='word_1_713' title='bbox 3099 5131 3286 5204; x_wconf 82' lang='lat' dir='ltr'><strong>quibus</strong></span> <span class='ocrx_word' id='word_1_714' title='bbox 3315 5129 3437 5197; x_wconf 82' lang='lat' dir='ltr'><strong>fulti</strong></span> 
     </span>
    </p>
   </div>
   <div class='ocr_carea' id='block_1_105' title="bbox 1844 5222 3438 5311">
    <p class='ocr_par' dir='ltr' id='par_1_105' title="bbox 1844 5222 3438 5311">
     <span class='ocr_line' id='line_1_105' title="bbox 1844 5222 3438 5311; baseline -0.011 -19"><span class='ocrx_word' id='word_1_715' title='bbox 1844 5241 1940 5293; x_wconf 81' lang='lat' dir='ltr'><strong>hoc</strong></span> <span class='ocrx_word' id='word_1_716' title='bbox 1971 5243 2220 5311; x_wconf 78' lang='lat' dir='ltr'><strong>egerant;</strong></span> <span class='ocrx_word' id='word_1_717' title='bbox 2254 5251 2302 5291; x_wconf 74' lang='lat' dir='ltr'><strong>et</strong></span> <span class='ocrx_word' id='word_1_718' title='bbox 2347 5237 2567 5296; x_wconf 80' lang='lat' dir='ltr'><strong>subinde</strong></span> <span class='ocrx_word' id='word_1_719' title='bbox 2592 5251 2608 5288; x_wconf 94' lang='lat'><strong><em>:</em></strong></span> <span class='ocrx_word' id='word_1_720' title='bbox 2636 5233 2697 5287; x_wconf 86' lang='lat' dir='ltr'><strong>Et</strong></span> <span class='ocrx_word' id='word_1_721' title='bbox 2728 5231 2850 5299; x_wconf 88' lang='lat' dir='ltr'><strong>quia</strong></span> <span class='ocrx_word' id='word_1_722' title='bbox 2899 5234 2976 5282; x_wconf 88' lang='lat' dir='ltr'><strong>tot</strong></span> <span class='ocrx_word' id='word_1_723' title='bbox 3005 5227 3058 5279; x_wconf 89' lang='lat' dir='ltr'><strong>iu</strong></span> <span class='ocrx_word' id='word_1_724' title='bbox 3098 5222 3286 5278; x_wconf 86' lang='lat' dir='ltr'><strong>eadem</strong></span> <span class='ocrx_word' id='word_1_725' title='bbox 3313 5235 3438 5288; x_wconf 86' lang='lat' dir='ltr'><strong>pro-</strong></span> 
     </span>
    </p>
   </div>
   <div class='ocr_carea' id='block_1_106' title="bbox 1844 5316 3442 5396">
    <p class='ocr_par' dir='ltr' id='par_1_106' title="bbox 1844 5316 3442 5396">
     <span class='ocr_line' id='line_1_106' title="bbox 1844 5316 3442 5396; baseline -0.011 -12"><span class='ocrx_word' id='word_1_726' title='bbox 1844 5331 2021 5384; x_wconf 84' lang='lat' dir='ltr'><strong>vincia</strong></span> <span class='ocrx_word' id='word_1_727' title='bbox 2068 5324 2401 5396; x_wconf 79' lang='lat' dir='ltr'><strong>sull‘raganei</strong></span> <span class='ocrx_word' id='word_1_728' title='bbox 2448 5344 2556 5384; x_wconf 91' lang='lat' dir='ltr'><strong>non</strong></span> <span class='ocrx_word' id='word_1_729' title='bbox 2588 5330 2746 5378; x_wconf 88' lang='lat' dir='ltr'><strong>erant</strong></span> <span class='ocrx_word' id='word_1_730' title='bbox 2778 5316 3038 5388; x_wconf 89' lang='lat' dir='ltr'><strong>episcopi,</strong></span> <span class='ocrx_word' id='word_1_731' title='bbox 3071 5320 3130 5367; x_wconf 89' lang='lat' dir='ltr'><strong>ut</strong></span> <span class='ocrx_word' id='word_1_732' title='bbox 3167 5318 3442 5381; x_wconf 89' lang='lat' dir='ltr'><strong>metropo-</strong></span> 
     </span>
    </p>
   </div>
  </div>
