  <div class='ocr_page' id='page_1' title='image "/cluster/home/n/w/nwhite01/storage/ocr_20150623/126/hvd.32044015471675/137.png"; bbox 0 0 4012 6318; ppageno 0'>
   <div class='ocr_carea' id='block_1_1' title="bbox 500 442 606 498">
    <p class='ocr_par' dir='ltr' id='par_1_1' title="bbox 500 442 606 498">
     <span class='ocr_line' id='line_1_1' title="bbox 500 442 606 498; baseline -0.009 0"><span class='ocrx_word' id='word_1_1' title='bbox 500 442 606 498; x_wconf 72' lang='lat'><strong>263</strong></span> 
     </span>
    </p>
   </div>
   <div class='ocr_carea' id='block_1_2' title="bbox 1487 425 2807 492">
    <p class='ocr_par' dir='ltr' id='par_1_2' title="bbox 1487 425 2807 492">
     <span class='ocr_line' id='line_1_2' title="bbox 1487 425 2807 492; baseline -0.008 -2"><span class='ocrx_word' id='word_1_2' title='bbox 1487 435 1821 492; x_wconf 81' lang='lat' dir='ltr'><strong>HINCMARI</strong></span> <span class='ocrx_word' id='word_1_3' title='bbox 1857 428 2251 488; x_wconf 76' lang='lat' dir='ltr'><strong>RHEMENSIS</strong></span> <span class='ocrx_word' id='word_1_4' title='bbox 2289 425 2807 485; x_wconf 79' lang='lat' dir='ltr'><strong>ABCHIEPISCOPI</strong></span> 
     </span>
    </p>
   </div>
   <div class='ocr_carea' id='block_1_3' title="bbox 3668 427 3781 482">
    <p class='ocr_par' dir='ltr' id='par_1_3' title="bbox 3668 427 3781 482">
     <span class='ocr_line' id='line_1_3' title="bbox 3668 427 3781 482; baseline -0.018 0"><span class='ocrx_word' id='word_1_5' title='bbox 3668 427 3781 482; x_wconf 70' lang='grc'><strong>264</strong></span> 
     </span>
    </p>
   </div>
   <div class='ocr_carea' id='block_1_4' title="bbox 501 516 3785 604">
    <p class='ocr_par' dir='ltr' id='par_1_4' title="bbox 501 516 3785 604">
     <span class='ocr_line' id='line_1_4' title="bbox 501 516 3785 604; baseline -0.005 -15"><span class='ocrx_word' id='word_1_6' title='bbox 501 544 608 600; x_wconf 92' lang='lat' dir='ltr'><strong>tur,</strong></span> <span class='ocrx_word' id='word_1_7' title='bbox 630 529 792 604; x_wconf 88' lang='lat' dir='ltr'><strong>atque</strong></span> <span class='ocrx_word' id='word_1_8' title='bbox 813 531 1125 596; x_wconf 91' lang='lat' dir='ltr'><strong>fulciantur,</strong></span> <span class='ocrx_word' id='word_1_9' title='bbox 1155 527 1496 582; x_wconf 88' lang='lat' dir='ltr'><strong>Trevirensis</strong></span> <span class='ocrx_word' id='word_1_10' title='bbox 1522 529 1818 598; x_wconf 80' lang='lat' dir='ltr'><strong>provinciae</strong></span> <span class='ocrx_word' id='word_1_11' title='bbox 1842 525 2079 596; x_wconf 83' lang='lat' dir='ltr'><strong>episcopi</strong></span> <span class='ocrx_word' id='word_1_12' title='bbox 2109 529 2160 584; x_wconf 85' lang='lat' dir='ltr'><strong>A</strong></span> <span class='ocrx_word' id='word_1_13' title='bbox 2188 521 2254 576; x_wconf 88' lang='lat' dir='ltr'><strong>de</strong></span> <span class='ocrx_word' id='word_1_14' title='bbox 2276 519 2581 588; x_wconf 89' lang='lat' dir='ltr'><strong>hujusmodi</strong></span> <span class='ocrx_word' id='word_1_15' title='bbox 2611 519 2989 583; x_wconf 87' lang='lat' dir='ltr'><strong>decreverunt,</strong></span> <span class='ocrx_word' id='word_1_16' title='bbox 3013 526 3070 573; x_wconf 90' lang='lat' dir='ltr'><strong>et</strong></span> <span class='ocrx_word' id='word_1_17' title='bbox 3095 516 3162 572; x_wconf 90' lang='lat' dir='ltr'><strong>de</strong></span> <span class='ocrx_word' id='word_1_18' title='bbox 3186 517 3324 574; x_wconf 73' lang='lat' dir='ltr'><strong>coelo</strong></span> <span class='ocrx_word' id='word_1_19' title='bbox 3352 533 3516 588; x_wconf 84' lang='lat' dir='ltr'><strong>super</strong></span> <span class='ocrx_word' id='word_1_20' title='bbox 3539 533 3665 573; x_wconf 88' lang='lat' dir='ltr'><strong>eum</strong></span> <span class='ocrx_word' id='word_1_21' title='bbox 3699 521 3785 573; x_wconf 89' lang='lat' dir='ltr'><strong>in-</strong></span> 
     </span>
    </p>
   </div>
   <div class='ocr_carea' id='block_1_5' title="bbox 501 618 2085 694">
    <p class='ocr_par' dir='ltr' id='par_1_5' title="bbox 501 618 2085 694">
     <span class='ocr_line' id='line_1_5' title="bbox 501 618 2085 694; baseline -0.004 -16"><span class='ocrx_word' id='word_1_22' title='bbox 501 638 531 678; x_wconf 90' lang='lat' dir='ltr'><strong>a</strong></span> <span class='ocrx_word' id='word_1_23' title='bbox 559 624 793 694; x_wconf 89' lang='lat' dir='ltr'><strong>primate</strong></span> <span class='ocrx_word' id='word_1_24' title='bbox 819 620 1111 693; x_wconf 81' lang='lat' dir='ltr'><strong>provinciae</strong></span> <span class='ocrx_word' id='word_1_25' title='bbox 1150 618 1489 674; x_wconf 79' lang='lat' dir='ltr'><strong>Rhemorum</strong></span> <span class='ocrx_word' id='word_1_26' title='bbox 1517 620 1765 675; x_wconf 73' lang='lat' dir='ltr'><strong>solatium</strong></span> <span class='ocrx_word' id='word_1_27' title='bbox 1797 635 1911 674; x_wconf 61' lang='lat' dir='ltr'><strong>sua:</strong></span> <span class='ocrx_word' id='word_1_28' title='bbox 1937 619 2085 674; x_wconf 91' lang='lat' dir='ltr'><strong>ordi-</strong></span> 
     </span>
    </p>
   </div>
   <div class='ocr_carea' id='block_1_6' title="bbox 501 710 2089 783">
    <p class='ocr_par' dir='ltr' id='par_1_6' title="bbox 501 710 2089 783">
     <span class='ocr_line' id='line_1_6' title="bbox 501 710 2089 783; baseline -0.005 -12"><span class='ocrx_word' id='word_1_29' title='bbox 501 717 737 771; x_wconf 91' lang='lat' dir='ltr'><strong>nationis</strong></span> <span class='ocrx_word' id='word_1_30' title='bbox 774 713 1069 769; x_wconf 89' lang='lat' dir='ltr'><strong>secundum</strong></span> <span class='ocrx_word' id='word_1_31' title='bbox 1101 726 1286 766; x_wconf 87' lang='lat' dir='ltr'><strong>sacras</strong></span> <span class='ocrx_word' id='word_1_32' title='bbox 1327 711 1545 783; x_wconf 88' lang='lat' dir='ltr'><strong>regulas</strong></span> <span class='ocrx_word' id='word_1_33' title='bbox 1567 712 1918 782; x_wconf 68' lang='lat' dir='ltr'><strong>quaasierunt,</strong></span> <span class='ocrx_word' id='word_1_34' title='bbox 1949 710 2089 765; x_wconf 92' lang='lat' dir='ltr'><strong>sicut</strong></span> 
     </span>
    </p>
   </div>
   <div class='ocr_carea' id='block_1_7' title="bbox 503 800 2090 874">
    <p class='ocr_par' dir='ltr' id='par_1_7' title="bbox 503 800 2090 874">
     <span class='ocr_line' id='line_1_7' title="bbox 503 800 2090 874; baseline -0.006 -12"><span class='ocrx_word' id='word_1_35' title='bbox 503 806 675 862; x_wconf 87' lang='lat' dir='ltr'><strong>sancti</strong></span> <span class='ocrx_word' id='word_1_36' title='bbox 705 804 1060 859; x_wconf 90' lang='lat' dir='ltr'><strong>Sardicenses</strong></span> <span class='ocrx_word' id='word_1_37' title='bbox 1089 817 1328 858; x_wconf 86' lang='lat' dir='ltr'><strong>canones</strong></span> <span class='ocrx_word' id='word_1_38' title='bbox 1373 802 1561 857; x_wconf 87' lang='lat' dir='ltr'><strong>dicunt</strong></span> <span class='ocrx_word' id='word_1_39' title='bbox 1589 801 1727 874; x_wconf 84' lang='lat' dir='ltr'><strong>(cap.</strong></span> <span class='ocrx_word' id='word_1_40' title='bbox 1767 801 1846 872; x_wconf 82' lang='lat'><strong>5),</strong></span> <span class='ocrx_word' id='word_1_41' title='bbox 1883 800 2090 856; x_wconf 78' lang='lat' dir='ltr'><strong>scilicet</strong></span> 
     </span>
    </p>
   </div>
   <div class='ocr_carea' id='block_1_8' title="bbox 509 889 2087 963">
    <p class='ocr_par' dir='ltr' id='par_1_8' title="bbox 509 889 2087 963">
     <span class='ocr_line' id='line_1_8' title="bbox 509 889 2087 963; baseline -0.003 -15"><span class='ocrx_word' id='word_1_42' title='bbox 509 916 525 948; x_wconf 73' lang='grc' dir='ltr'>ι</span> <span class='ocrx_word' id='word_1_43' title='bbox 559 906 616 950; x_wconf 90' lang='lat' dir='ltr'><strong>ut</strong></span> <span class='ocrx_word' id='word_1_44' title='bbox 642 894 686 950; x_wconf 89' lang='lat' dir='ltr'><strong>si</strong></span> <span class='ocrx_word' id='word_1_45' title='bbox 734 893 1023 963; x_wconf 76' lang='lat' dir='ltr'><strong>contigerit</strong></span> <span class='ocrx_word' id='word_1_46' title='bbox 1068 892 1125 948; x_wconf 90' lang='lat' dir='ltr'><strong>in</strong></span> <span class='ocrx_word' id='word_1_47' title='bbox 1155 908 1261 947; x_wconf 91' lang='lat' dir='ltr'><strong>una</strong></span> <span class='ocrx_word' id='word_1_48' title='bbox 1303 893 1605 963; x_wconf 82' lang='lat' dir='ltr'><strong>provincia,</strong></span> <span class='ocrx_word' id='word_1_49' title='bbox 1642 893 1696 947; x_wconf 89' lang='lat' dir='ltr'><strong>in</strong></span> <span class='ocrx_word' id='word_1_50' title='bbox 1732 907 1839 962; x_wconf 89' lang='lat' dir='ltr'><strong>qua</strong></span> <span class='ocrx_word' id='word_1_51' title='bbox 1870 889 2087 961; x_wconf 87' lang='lat' dir='ltr'><strong>plurimi</strong></span> 
     </span>
    </p>
   </div>
   <div class='ocr_carea' id='block_1_9' title="bbox 503 983 2085 1057">
    <p class='ocr_par' dir='ltr' id='par_1_9' title="bbox 503 983 2085 1057">
     <span class='ocr_line' id='line_1_9' title="bbox 503 983 2085 1057; baseline -0.004 -16"><span class='ocrx_word' id='word_1_52' title='bbox 503 989 723 1042; x_wconf 84' lang='lat' dir='ltr'><strong>fuerunt</strong></span> <span class='ocrx_word' id='word_1_53' title='bbox 750 984 1012 1057; x_wconf 87' lang='lat' dir='ltr'><strong>episcopi,</strong></span> <span class='ocrx_word' id='word_1_54' title='bbox 1057 999 1226 1038; x_wconf 91' lang='lat' dir='ltr'><strong>unum</strong></span> <span class='ocrx_word' id='word_1_55' title='bbox 1266 983 1404 1038; x_wconf 91' lang='lat' dir='ltr'><strong>forte</strong></span> <span class='ocrx_word' id='word_1_56' title='bbox 1435 998 1717 1038; x_wconf 90' lang='lat' dir='ltr'><strong>remanere</strong></span> <span class='ocrx_word' id='word_1_57' title='bbox 1753 983 2085 1052; x_wconf 87' lang='lat' dir='ltr'><strong>episcopum,</strong></span> 
     </span>
    </p>
   </div>
   <div class='ocr_carea' id='block_1_10' title="bbox 503 1073 2090 1147">
    <p class='ocr_par' dir='ltr' id='par_1_10' title="bbox 503 1073 2090 1147">
     <span class='ocr_line' id='line_1_10' title="bbox 503 1073 2090 1147; baseline -0.004 -14"><span class='ocrx_word' id='word_1_58' title='bbox 503 1085 558 1134; x_wconf 86' lang='lat' dir='ltr'><strong>et</strong></span> <span class='ocrx_word' id='word_1_59' title='bbox 603 1077 785 1147; x_wconf 88' lang='lat' dir='ltr'><strong>populi</strong></span> <span class='ocrx_word' id='word_1_60' title='bbox 831 1075 1206 1139; x_wconf 86' lang='lat' dir='ltr'><strong>convenerint,</strong></span> <span class='ocrx_word' id='word_1_61' title='bbox 1238 1075 1520 1145; x_wconf 91' lang='lat' dir='ltr'><strong>episcopos</strong></span> <span class='ocrx_word' id='word_1_62' title='bbox 1566 1073 1759 1128; x_wconf 80' lang='lat' dir='ltr'><strong>vicinae</strong></span> <span class='ocrx_word' id='word_1_63' title='bbox 1796 1073 2090 1144; x_wconf 73' lang='lat' dir='ltr'><strong>provincia:</strong></span> 
     </span>
    </p>
   </div>
   <div class='ocr_carea' id='block_1_11' title="bbox 502 1165 2088 1238">
    <p class='ocr_par' dir='ltr' id='par_1_11' title="bbox 502 1165 2088 1238">
     <span class='ocr_line' id='line_1_11' title="bbox 502 1165 2088 1238; baseline -0.003 -15"><span class='ocrx_word' id='word_1_64' title='bbox 502 1168 703 1224; x_wconf 88' lang='lat' dir='ltr'><strong>debere</strong></span> <span class='ocrx_word' id='word_1_65' title='bbox 733 1166 883 1221; x_wconf 87' lang='lat' dir='ltr'><strong>illum</strong></span> <span class='ocrx_word' id='word_1_66' title='bbox 910 1166 1061 1238; x_wconf 92' lang='lat' dir='ltr'><strong>prius</strong></span> <span class='ocrx_word' id='word_1_67' title='bbox 1109 1167 1402 1221; x_wconf 87' lang='lat' dir='ltr'><strong>convenire</strong></span> <span class='ocrx_word' id='word_1_68' title='bbox 1434 1166 1771 1236; x_wconf 88' lang='lat' dir='ltr'><strong>episcopum,</strong></span> <span class='ocrx_word' id='word_1_69' title='bbox 1808 1165 1898 1234; x_wconf 93' lang='lat' dir='ltr'><strong>qui</strong></span> <span class='ocrx_word' id='word_1_70' title='bbox 1941 1165 1995 1219; x_wconf 91' lang='lat' dir='ltr'><strong>in</strong></span> <span class='ocrx_word' id='word_1_71' title='bbox 2025 1180 2088 1219; x_wconf 91' lang='lat' dir='ltr'><strong>ea</strong></span> 
     </span>
    </p>
   </div>
   <div class='ocr_carea' id='block_1_12' title="bbox 499 1255 2093 1329">
    <p class='ocr_par' dir='ltr' id='par_1_12' title="bbox 499 1255 2093 1329">
     <span class='ocr_line' id='line_1_12' title="bbox 499 1255 2093 1329; baseline -0.003 -16"><span class='ocrx_word' id='word_1_72' title='bbox 499 1259 780 1329; x_wconf 90' lang='lat' dir='ltr'><strong>provincia</strong></span> <span class='ocrx_word' id='word_1_73' title='bbox 810 1266 1075 1322; x_wconf 85' lang='lat' dir='ltr'><strong>moratur,</strong></span> <span class='ocrx_word' id='word_1_74' title='bbox 1106 1266 1161 1313; x_wconf 88' lang='lat' dir='ltr'><strong>et</strong></span> <span class='ocrx_word' id='word_1_75' title='bbox 1189 1258 1479 1312; x_wconf 88' lang='lat' dir='ltr'><strong>ostendere</strong></span> <span class='ocrx_word' id='word_1_76' title='bbox 1514 1258 1659 1327; x_wconf 90' lang='lat' dir='ltr'><strong>quod</strong></span> <span class='ocrx_word' id='word_1_77' title='bbox 1697 1255 1876 1326; x_wconf 90' lang='lat' dir='ltr'><strong>populi</strong></span> <span class='ocrx_word' id='word_1_78' title='bbox 1903 1264 2093 1326; x_wconf 88' lang='lat' dir='ltr'><strong>petant</strong></span> 
     </span>
    </p>
   </div>
   <div class='ocr_carea' id='block_1_13' title="bbox 501 1346 2088 1417">
    <p class='ocr_par' dir='ltr' id='par_1_13' title="bbox 501 1346 2088 1417">
     <span class='ocr_line' id='line_1_13' title="bbox 501 1346 2088 1417; baseline -0.003 -13"><span class='ocrx_word' id='word_1_79' title='bbox 501 1349 604 1404; x_wconf 86' lang='lat' dir='ltr'><strong>sibi</strong></span> <span class='ocrx_word' id='word_1_80' title='bbox 628 1357 918 1412; x_wconf 87' lang='lat' dir='ltr'><strong>rectorem,</strong></span> <span class='ocrx_word' id='word_1_81' title='bbox 945 1356 1000 1402; x_wconf 93' lang='lat' dir='ltr'><strong>et</strong></span> <span class='ocrx_word' id='word_1_82' title='bbox 1031 1348 1135 1404; x_wconf 93' lang='lat' dir='ltr'><strong>hoc</strong></span> <span class='ocrx_word' id='word_1_83' title='bbox 1151 1349 1357 1417; x_wconf 88' lang='lat' dir='ltr'><strong>justum</strong></span> <span class='ocrx_word' id='word_1_84' title='bbox 1388 1363 1527 1412; x_wconf 93' lang='lat' dir='ltr'><strong>esse,</strong></span> <span class='ocrx_word' id='word_1_85' title='bbox 1553 1355 1613 1400; x_wconf 94' lang='lat' dir='ltr'><strong>ut</strong></span> <span class='ocrx_word' id='word_1_86' title='bbox 1639 1355 1696 1400; x_wconf 92' lang='lat' dir='ltr'><strong>et</strong></span> <span class='ocrx_word' id='word_1_87' title='bbox 1723 1347 1823 1416; x_wconf 90' lang='lat' dir='ltr'><strong>ipsi</strong></span> <span class='ocrx_word' id='word_1_88' title='bbox 1846 1346 2088 1413; x_wconf 87' lang='lat' dir='ltr'><strong>veniant,</strong></span> 
     </span>
    </p>
   </div>
   <div class='ocr_carea' id='block_1_14' title="bbox 501 1439 2092 1510">
    <p class='ocr_par' dir='ltr' id='par_1_14' title="bbox 501 1439 2092 1510">
     <span class='ocr_line' id='line_1_14' title="bbox 501 1439 2092 1510; baseline 0 -14"><span class='ocrx_word' id='word_1_89' title='bbox 501 1450 697 1496; x_wconf 87' lang='lat' dir='ltr'><strong>etcum</strong></span> <span class='ocrx_word' id='word_1_90' title='bbox 735 1441 852 1510; x_wconf 92' lang='lat' dir='ltr'><strong>ipso</strong></span> <span class='ocrx_word' id='word_1_91' title='bbox 883 1440 1137 1504; x_wconf 88' lang='lat' dir='ltr'><strong>ordinent</strong></span> <span class='ocrx_word' id='word_1_92' title='bbox 1163 1441 1500 1510; x_wconf 89' lang='lat' dir='ltr'><strong>episcopum.</strong></span> <span class='ocrx_word' id='word_1_93' title='bbox 1528 1439 1682 1507; x_wconf 85' lang='lat' dir='ltr'><strong>Quod</strong></span> <span class='ocrx_word' id='word_1_94' title='bbox 1719 1441 1764 1494; x_wconf 90' lang='lat' dir='ltr'><strong>si</strong></span> <span class='ocrx_word' id='word_1_95' title='bbox 1791 1449 2092 1496; x_wconf 88' lang='lat' dir='ltr'><strong>conventus</strong></span> 
     </span>
    </p>
   </div>
   <div class='ocr_carea' id='block_1_15' title="bbox 502 1531 2092 1600">
    <p class='ocr_par' dir='ltr' id='par_1_15' title="bbox 502 1531 2092 1600">
     <span class='ocr_line' id='line_1_15' title="bbox 502 1531 2092 1600; baseline -0.001 -15"><span class='ocrx_word' id='word_1_96' title='bbox 502 1532 698 1588; x_wconf 86' lang='lat' dir='ltr'><strong>litteris</strong></span> <span class='ocrx_word' id='word_1_97' title='bbox 743 1533 976 1588; x_wconf 89' lang='lat' dir='ltr'><strong>tacuerit</strong></span> <span class='ocrx_word' id='word_1_98' title='bbox 1011 1542 1065 1587; x_wconf 93' lang='lat' dir='ltr'><strong>et</strong></span> <span class='ocrx_word' id='word_1_99' title='bbox 1116 1532 1562 1596; x_wconf 83' lang='lat' dir='ltr'><strong>dissimulaverit,</strong></span> <span class='ocrx_word' id='word_1_100' title='bbox 1613 1531 1858 1600; x_wconf 86' lang='lat' dir='ltr'><strong>nihilque</strong></span> <span class='ocrx_word' id='word_1_101' title='bbox 1895 1531 2092 1586; x_wconf 89' lang='lat' dir='ltr'><strong>rescri-</strong></span> 
     </span>
    </p>
   </div>
   <div class='ocr_carea' id='block_1_16' title="bbox 500 1623 2092 1696">
    <p class='ocr_par' dir='ltr' id='par_1_16' title="bbox 500 1623 2092 1696">
     <span class='ocr_line' id='line_1_16' title="bbox 500 1623 2092 1696; baseline -0.003 -16"><span class='ocrx_word' id='word_1_102' title='bbox 500 1625 696 1696; x_wconf 88' lang='lat' dir='ltr'><strong>pserit,</strong></span> <span class='ocrx_word' id='word_1_103' title='bbox 749 1624 1194 1680; x_wconf 82' lang='lat' dir='ltr'><strong>satisfaciendum</strong></span> <span class='ocrx_word' id='word_1_104' title='bbox 1242 1639 1365 1679; x_wconf 90' lang='lat' dir='ltr'><strong>esse</strong></span> <span class='ocrx_word' id='word_1_105' title='bbox 1390 1623 1624 1694; x_wconf 79' lang='lat' dir='ltr'><strong>papulis,</strong></span> <span class='ocrx_word' id='word_1_106' title='bbox 1659 1635 1718 1678; x_wconf 94' lang='lat' dir='ltr'><strong>ut</strong></span> <span class='ocrx_word' id='word_1_107' title='bbox 1760 1624 1982 1678; x_wconf 87' lang='lat' dir='ltr'><strong>veniant</strong></span> <span class='ocrx_word' id='word_1_108' title='bbox 2024 1638 2092 1678; x_wconf 85' lang='lat' dir='ltr'><strong>ex</strong></span> 
     </span>
    </p>
   </div>
   <div class='ocr_carea' id='block_1_17' title="bbox 507 1708 2085 1785">
    <p class='ocr_par' dir='ltr' id='par_1_17' title="bbox 507 1708 2085 1785">
     <span class='ocr_line' id='line_1_17' title="bbox 507 1708 2085 1785; baseline -0.003 -16"><span class='ocrx_word' id='word_1_109' title='bbox 507 1716 687 1772; x_wconf 91' lang='lat' dir='ltr'><strong>vicina</strong></span> <span class='ocrx_word' id='word_1_110' title='bbox 724 1716 1002 1785; x_wconf 89' lang='lat' dir='ltr'><strong>provincia</strong></span> <span class='ocrx_word' id='word_1_111' title='bbox 1032 1715 1290 1785; x_wconf 90' lang='lat' dir='ltr'><strong>episcopi,</strong></span> <span class='ocrx_word' id='word_1_112' title='bbox 1321 1724 1376 1769; x_wconf 93' lang='lat' dir='ltr'><strong>et</strong></span> <span class='ocrx_word' id='word_1_113' title='bbox 1409 1708 1666 1769; x_wconf 82' lang='lat' dir='ltr'><strong>ordinent</strong></span> <span class='ocrx_word' id='word_1_114' title='bbox 1695 1714 2032 1784; x_wconf 88' lang='lat' dir='ltr'><strong>episcopum.</strong></span> <span class='ocrx_word' id='word_1_115' title='bbox 2066 1732 2085 1764; x_wconf 71' lang='grc' dir='ltr'><strong><em>ι</em></strong></span> 
     </span>
    </p>
   </div>
   <div class='ocr_carea' id='block_1_18' title="bbox 502 1804 2094 1877">
    <p class='ocr_par' dir='ltr' id='par_1_18' title="bbox 502 1804 2094 1877">
     <span class='ocr_line' id='line_1_18' title="bbox 502 1804 2094 1877; baseline -0.003 -15"><span class='ocrx_word' id='word_1_116' title='bbox 502 1807 582 1862; x_wconf 90' lang='lat' dir='ltr'><strong>Ex</strong></span> <span class='ocrx_word' id='word_1_117' title='bbox 611 1808 808 1877; x_wconf 83' lang='lat' dir='ltr'><strong>quibus</strong></span> <span class='ocrx_word' id='word_1_118' title='bbox 850 1807 956 1861; x_wconf 88' lang='lat' dir='ltr'><strong>rite</strong></span> <span class='ocrx_word' id='word_1_119' title='bbox 1023 1805 1294 1876; x_wconf 76' lang='lat' dir='ltr'><strong>colligitur</strong></span> <span class='ocrx_word' id='word_1_120' title='bbox 1338 1805 1466 1875; x_wconf 90' lang='lat' dir='ltr'><strong>quia</strong></span> <span class='ocrx_word' id='word_1_121' title='bbox 1497 1807 1541 1860; x_wconf 89' lang='lat' dir='ltr'><strong>si</strong></span> <span class='ocrx_word' id='word_1_122' title='bbox 1576 1806 1856 1876; x_wconf 89' lang='lat' dir='ltr'><strong>provincia</strong></span> <span class='ocrx_word' id='word_1_123' title='bbox 1905 1804 2094 1859; x_wconf 84' lang='lat' dir='ltr'><strong>Trevi-</strong></span> 
     </span>
    </p>
   </div>
   <div class='ocr_carea' id='block_1_19' title="bbox 2193 611 3781 682">
    <p class='ocr_par' dir='ltr' id='par_1_19' title="bbox 2193 611 3781 682">
     <span class='ocr_line' id='line_1_19' title="bbox 2193 611 3781 682; baseline -0.001 -14"><span class='ocrx_word' id='word_1_124' title='bbox 2193 623 2422 679; x_wconf 90' lang='lat' dir='ltr'><strong>tentant,</strong></span> <span class='ocrx_word' id='word_1_125' title='bbox 2447 622 2502 669; x_wconf 91' lang='lat' dir='ltr'><strong>et</strong></span> <span class='ocrx_word' id='word_1_126' title='bbox 2518 614 2569 666; x_wconf 91' lang='lat' dir='ltr'><strong>in</strong></span> <span class='ocrx_word' id='word_1_127' title='bbox 2591 611 2796 682; x_wconf 91' lang='lat' dir='ltr'><strong>judicio</strong></span> <span class='ocrx_word' id='word_1_128' title='bbox 2811 611 2992 666; x_wconf 93' lang='lat' dir='ltr'><strong>divino</strong></span> <span class='ocrx_word' id='word_1_129' title='bbox 3016 612 3081 665; x_wconf 92' lang='lat' dir='ltr'><strong>ad</strong></span> <span class='ocrx_word' id='word_1_130' title='bbox 3094 620 3351 667; x_wconf 72' lang='lat' dir='ltr'><strong>aeternam</strong></span> <span class='ocrx_word' id='word_1_131' title='bbox 3373 613 3781 668; x_wconf 85' lang='lat' dir='ltr'><strong>damnationem</strong></span> 
     </span>
    </p>
   </div>
   <div class='ocr_carea' id='block_1_20' title="bbox 2189 705 3780 777">
    <p class='ocr_par' dir='ltr' id='par_1_20' title="bbox 2189 705 3780 777">
     <span class='ocr_line' id='line_1_20' title="bbox 2189 705 3780 777; baseline -0.001 -15"><span class='ocrx_word' id='word_1_132' title='bbox 2189 717 2430 773; x_wconf 84' lang='lat' dir='ltr'><strong>exerent,</strong></span> <span class='ocrx_word' id='word_1_133' title='bbox 2459 705 2561 760; x_wconf 89' lang='lat' dir='ltr'><strong>nisi</strong></span> <span class='ocrx_word' id='word_1_134' title='bbox 2591 705 2808 776; x_wconf 84' lang='lat' dir='ltr'><strong>dignam</strong></span> <span class='ocrx_word' id='word_1_135' title='bbox 2839 705 3216 776; x_wconf 81' lang='lat' dir='ltr'><strong>paenitentiam</strong></span> <span class='ocrx_word' id='word_1_136' title='bbox 3255 705 3445 777; x_wconf 85' lang='lat' dir='ltr'><strong>egerit.</strong></span> <span class='ocrx_word' id='word_1_137' title='bbox 3481 705 3547 759; x_wconf 80' lang='lat' dir='ltr'><strong>Et</strong></span> <span class='ocrx_word' id='word_1_138' title='bbox 3586 718 3780 761; x_wconf 72' lang='lat' dir='ltr'><strong>uetera</strong></span> 
     </span>
    </p>
   </div>
   <div class='ocr_carea' id='block_1_21' title="bbox 2191 794 3780 868">
    <p class='ocr_par' dir='ltr' id='par_1_21' title="bbox 2191 794 3780 868">
     <span class='ocr_line' id='line_1_21' title="bbox 2191 794 3780 868; baseline 0.001 -18"><span class='ocrx_word' id='word_1_139' title='bbox 2191 799 2253 851; x_wconf 86' lang='lat' dir='ltr'><strong>de</strong></span> <span class='ocrx_word' id='word_1_140' title='bbox 2273 797 2673 852; x_wconf 79' lang='lat' dir='ltr'><strong>auctoritatibus</strong></span> <span class='ocrx_word' id='word_1_141' title='bbox 2709 813 2980 850; x_wconf 78' lang='lat' dir='ltr'><strong>sacrorum</strong></span> <span class='ocrx_word' id='word_1_142' title='bbox 3024 813 3304 850; x_wconf 82' lang='lat' dir='ltr'><strong>canonum.</strong></span> <span class='ocrx_word' id='word_1_143' title='bbox 3351 794 3479 852; x_wconf 83' lang='lat' dir='ltr'><strong>Post</strong></span> <span class='ocrx_word' id='word_1_144' title='bbox 3507 815 3628 868; x_wconf 65' lang='lat' dir='ltr'><strong>qua:</strong></span> <span class='ocrx_word' id='word_1_145' title='bbox 3654 800 3780 853; x_wconf 84' lang='lat' dir='ltr'><strong>sub-</strong></span> 
     </span>
    </p>
   </div>
   <div class='ocr_carea' id='block_1_22' title="bbox 2182 886 3784 956">
    <p class='ocr_par' dir='ltr' id='par_1_22' title="bbox 2182 886 3784 956">
     <span class='ocr_line' id='line_1_22' title="bbox 2182 886 3784 956; baseline 0.002 -16"><span class='ocrx_word' id='word_1_146' title='bbox 2182 888 2428 956; x_wconf 83' lang='lat' dir='ltr'><strong>jungitur</strong></span> <span class='ocrx_word' id='word_1_147' title='bbox 2454 901 2472 938; x_wconf 89' lang='lat'><strong><em>:</em></strong></span> <span class='ocrx_word' id='word_1_148' title='bbox 2501 886 2657 943; x_wconf 88' lang='lat' dir='ltr'><strong>Unde</strong></span> <span class='ocrx_word' id='word_1_149' title='bbox 2692 896 2870 943; x_wconf 89' lang='lat' dir='ltr'><strong>vestra</strong></span> <span class='ocrx_word' id='word_1_150' title='bbox 2900 887 3147 956; x_wconf 86' lang='lat' dir='ltr'><strong>religiosa</strong></span> <span class='ocrx_word' id='word_1_151' title='bbox 3185 896 3238 942; x_wconf 88' lang='lat' dir='ltr'><strong>et</strong></span> <span class='ocrx_word' id='word_1_152' title='bbox 3268 887 3422 942; x_wconf 90' lang='lat' dir='ltr'><strong>nobis</strong></span> <span class='ocrx_word' id='word_1_153' title='bbox 3457 889 3784 944; x_wconf 86' lang='lat' dir='ltr'><strong>charissima</strong></span> 
     </span>
    </p>
   </div>
   <div class='ocr_carea' id='block_1_23' title="bbox 2195 979 3782 1050">
    <p class='ocr_par' dir='ltr' id='par_1_23' title="bbox 2195 979 3782 1050">
     <span class='ocr_line' id='line_1_23' title="bbox 2195 979 3782 1050; baseline 0.003 -18"><span class='ocrx_word' id='word_1_154' title='bbox 2195 979 2489 1034; x_wconf 87' lang='lat' dir='ltr'><strong>dominatio</strong></span> <span class='ocrx_word' id='word_1_155' title='bbox 2521 980 2824 1035; x_wconf 86' lang='lat' dir='ltr'><strong>certissime</strong></span> <span class='ocrx_word' id='word_1_156' title='bbox 2853 979 3010 1043; x_wconf 88' lang='lat' dir='ltr'><strong>sciat,</strong></span> <span class='ocrx_word' id='word_1_157' title='bbox 3041 981 3164 1049; x_wconf 84' lang='lat' dir='ltr'><strong>quia</strong></span> <span class='ocrx_word' id='word_1_158' title='bbox 3194 981 3433 1050; x_wconf 80' lang='lat' dir='ltr'><strong>quandiu</strong></span> <span class='ocrx_word' id='word_1_159' title='bbox 3475 982 3576 1036; x_wconf 89' lang='lat' dir='ltr'><strong>iste</strong></span> <span class='ocrx_word' id='word_1_160' title='bbox 3606 981 3782 1037; x_wconf 75' lang='lat' dir='ltr'><strong>frater</strong></span> 
     </span>
    </p>
   </div>
   <div class='ocr_carea' id='block_1_24' title="bbox 2192 1071 3785 1128">
    <p class='ocr_par' dir='ltr' id='par_1_24' title="bbox 2192 1071 3785 1128">
     <span class='ocr_line' id='line_1_24' title="bbox 2192 1071 3785 1128; baseline -0.001 -1"><span class='ocrx_word' id='word_1_161' title='bbox 2192 1081 2379 1128; x_wconf 89' lang='lat' dir='ltr'><strong>noster</strong></span> <span class='ocrx_word' id='word_1_162' title='bbox 2402 1071 2674 1127; x_wconf 90' lang='lat' dir='ltr'><strong>Bertulfus</strong></span> <span class='ocrx_word' id='word_1_163' title='bbox 2704 1089 2734 1127; x_wconf 92' lang='lat' dir='ltr'><strong>a</strong></span> <span class='ocrx_word' id='word_1_164' title='bbox 2761 1072 2918 1127; x_wconf 91' lang='lat' dir='ltr'><strong>nobis</strong></span> <span class='ocrx_word' id='word_1_165' title='bbox 2947 1073 3000 1126; x_wconf 93' lang='lat' dir='ltr'><strong>in</strong></span> <span class='ocrx_word' id='word_1_166' title='bbox 3029 1072 3339 1128; x_wconf 86' lang='lat' dir='ltr'><strong>Trevirensi</strong></span> <span class='ocrx_word' id='word_1_167' title='bbox 3367 1073 3610 1128; x_wconf 88' lang='lat' dir='ltr'><strong>Ecclesia</strong></span> <span class='ocrx_word' id='word_1_168' title='bbox 3638 1075 3785 1128; x_wconf 81' lang='lat' dir='ltr'><strong>ordi-</strong></span> 
     </span>
    </p>
   </div>
   <div class='ocr_carea' id='block_1_25' title="bbox 2193 1163 3783 1234">
    <p class='ocr_par' dir='ltr' id='par_1_25' title="bbox 2193 1163 3783 1234">
     <span class='ocr_line' id='line_1_25' title="bbox 2193 1163 3783 1234; baseline 0.001 -16"><span class='ocrx_word' id='word_1_169' title='bbox 2193 1173 2352 1219; x_wconf 87' lang='lat' dir='ltr'><strong>natus</strong></span> <span class='ocrx_word' id='word_1_170' title='bbox 2379 1164 2663 1234; x_wconf 88' lang='lat' dir='ltr'><strong>episcopus</strong></span> <span class='ocrx_word' id='word_1_171' title='bbox 2691 1165 2744 1218; x_wconf 92' lang='lat' dir='ltr'><strong>in</strong></span> <span class='ocrx_word' id='word_1_172' title='bbox 2767 1165 2868 1219; x_wconf 89' lang='lat' dir='ltr'><strong>hoc</strong></span> <span class='ocrx_word' id='word_1_173' title='bbox 2897 1163 3109 1218; x_wconf 87' lang='lat' dir='ltr'><strong>mortali</strong></span> <span class='ocrx_word' id='word_1_174' title='bbox 3138 1180 3365 1233; x_wconf 87' lang='lat' dir='ltr'><strong>corpore</strong></span> <span class='ocrx_word' id='word_1_175' title='bbox 3390 1166 3610 1230; x_wconf 83' lang='lat' dir='ltr'><strong>vixerit,</strong></span> <span class='ocrx_word' id='word_1_176' title='bbox 3641 1165 3783 1219; x_wconf 85' lang='lat' dir='ltr'><strong>alter</strong></span> 
     </span>
    </p>
   </div>
   <div class='ocr_carea' id='block_1_26' title="bbox 2194 1255 3779 1326">
    <p class='ocr_par' dir='ltr' id='par_1_26' title="bbox 2194 1255 3779 1326">
     <span class='ocr_line' id='line_1_26' title="bbox 2194 1255 3779 1326; baseline 0.001 -17"><span class='ocrx_word' id='word_1_177' title='bbox 2194 1256 2246 1309; x_wconf 91' lang='lat' dir='ltr'><strong>in</strong></span> <span class='ocrx_word' id='word_1_178' title='bbox 2292 1257 2481 1310; x_wconf 85' lang='lat' dir='ltr'><strong>eadem</strong></span> <span class='ocrx_word' id='word_1_179' title='bbox 2512 1255 2755 1310; x_wconf 78' lang='lat' dir='ltr'><strong>Ecclesia</strong></span> <span class='ocrx_word' id='word_1_180' title='bbox 2804 1256 3088 1310; x_wconf 88' lang='lat' dir='ltr'><strong>ordinatus</strong></span> <span class='ocrx_word' id='word_1_181' title='bbox 3135 1257 3421 1326; x_wconf 85' lang='lat' dir='ltr'><strong>episcopus</strong></span> <span class='ocrx_word' id='word_1_182' title='bbox 3477 1274 3585 1312; x_wconf 89' lang='lat' dir='ltr'><strong>non</strong></span> <span class='ocrx_word' id='word_1_183' title='bbox 3641 1260 3779 1312; x_wconf 88' lang='lat' dir='ltr'><strong>erit:</strong></span> 
     </span>
    </p>
   </div>
   <div class='ocr_carea' id='block_1_27' title="bbox 2193 1345 3780 1418">
    <p class='ocr_par' dir='ltr' id='par_1_27' title="bbox 2193 1345 3780 1418">
     <span class='ocr_line' id='line_1_27' title="bbox 2193 1345 3780 1418; baseline 0.001 -16"><span class='ocrx_word' id='word_1_184' title='bbox 2193 1348 2298 1404; x_wconf 89' lang='lat' dir='ltr'><strong>nisi</strong></span> <span class='ocrx_word' id='word_1_185' title='bbox 2340 1345 2478 1401; x_wconf 90' lang='lat' dir='ltr'><strong>forte</strong></span> <span class='ocrx_word' id='word_1_186' title='bbox 2522 1347 2656 1416; x_wconf 91' lang='lat' dir='ltr'><strong>ipse,</strong></span> <span class='ocrx_word' id='word_1_187' title='bbox 2694 1347 2836 1416; x_wconf 94' lang='lat' dir='ltr'><strong>quod</strong></span> <span class='ocrx_word' id='word_1_188' title='bbox 2884 1347 3044 1411; x_wconf 88' lang='lat' dir='ltr'><strong>absit,</strong></span> <span class='ocrx_word' id='word_1_189' title='bbox 3078 1347 3249 1402; x_wconf 89' lang='lat' dir='ltr'><strong>sacris</strong></span> <span class='ocrx_word' id='word_1_190' title='bbox 3287 1347 3487 1418; x_wconf 88' lang='lat' dir='ltr'><strong>regulis</strong></span> <span class='ocrx_word' id='word_1_191' title='bbox 3528 1350 3780 1410; x_wconf 82' lang='lat' dir='ltr'><strong>obvians.</strong></span> 
     </span>
    </p>
   </div>
   <div class='ocr_carea' id='block_1_28' title="bbox 2193 1439 3782 1510">
    <p class='ocr_par' dir='ltr' id='par_1_28' title="bbox 2193 1439 3782 1510">
     <span class='ocr_line' id='line_1_28' title="bbox 2193 1439 3782 1510; baseline 0 -17"><span class='ocrx_word' id='word_1_192' title='bbox 2193 1455 2292 1510; x_wconf 89' lang='lat' dir='ltr'><strong>per</strong></span> <span class='ocrx_word' id='word_1_193' title='bbox 2337 1439 2555 1494; x_wconf 88' lang='lat' dir='ltr'><strong>easdem</strong></span> <span class='ocrx_word' id='word_1_194' title='bbox 2605 1453 2788 1492; x_wconf 90' lang='lat' dir='ltr'><strong>sacras</strong></span> <span class='ocrx_word' id='word_1_195' title='bbox 2843 1440 3056 1508; x_wconf 87' lang='lat' dir='ltr'><strong>regulas</strong></span> <span class='ocrx_word' id='word_1_196' title='bbox 3105 1440 3406 1508; x_wconf 87' lang='lat' dir='ltr'><strong>deponatur</strong></span> <span class='ocrx_word' id='word_1_197' title='bbox 3447 1457 3462 1496; x_wconf 89' lang='lat'><strong>:</strong></span> <span class='ocrx_word' id='word_1_198' title='bbox 3505 1449 3559 1494; x_wconf 91' lang='lat' dir='ltr'><strong>et</strong></span> <span class='ocrx_word' id='word_1_199' title='bbox 3608 1440 3782 1494; x_wconf 88' lang='lat' dir='ltr'><strong>isdem</strong></span> 
     </span>
    </p>
   </div>
   <div class='ocr_carea' id='block_1_29' title="bbox 2193 1523 3780 1601">
    <p class='ocr_par' dir='ltr' id='par_1_29' title="bbox 2193 1523 3780 1601">
     <span class='ocr_line' id='line_1_29' title="bbox 2193 1523 3780 1601; baseline -0.002 -16"><span class='ocrx_word' id='word_1_200' title='bbox 2193 1540 2551 1601; x_wconf 74' lang='lat' dir='ltr'><strong>praesumptor</strong></span> <span class='ocrx_word' id='word_1_201' title='bbox 2579 1538 2634 1584; x_wconf 90' lang='lat' dir='ltr'><strong>et</strong></span> <span class='ocrx_word' id='word_1_202' title='bbox 2664 1523 2911 1599; x_wconf 85' lang='lat' dir='ltr'><strong>apostata</strong></span> <span class='ocrx_word' id='word_1_203' title='bbox 2960 1531 3261 1586; x_wconf 86' lang='lat' dir='ltr'><strong>monachus</strong></span> <span class='ocrx_word' id='word_1_204' title='bbox 3283 1530 3460 1585; x_wconf 88' lang='lat' dir='ltr'><strong>Walto</strong></span> <span class='ocrx_word' id='word_1_205' title='bbox 3490 1531 3556 1583; x_wconf 91' lang='lat' dir='ltr'><strong>de</strong></span> <span class='ocrx_word' id='word_1_206' title='bbox 3584 1546 3780 1584; x_wconf 77' lang='lat' dir='ltr'><strong>mona-</strong></span> 
     </span>
    </p>
   </div>
   <div class='ocr_carea' id='block_1_30' title="bbox 2202 1620 3786 1689">
    <p class='ocr_par' dir='ltr' id='par_1_30' title="bbox 2202 1620 3786 1689">
     <span class='ocr_line' id='line_1_30' title="bbox 2202 1620 3786 1689; baseline -0.003 -13"><span class='ocrx_word' id='word_1_207' title='bbox 2202 1621 2370 1676; x_wconf 90' lang='lat' dir='ltr'><strong>sterio</strong></span> <span class='ocrx_word' id='word_1_208' title='bbox 2425 1620 2763 1675; x_wconf 89' lang='lat' dir='ltr'><strong>Trevirensis</strong></span> <span class='ocrx_word' id='word_1_209' title='bbox 2815 1621 3108 1689; x_wconf 71' lang='lat' dir='ltr'><strong>parochias,</strong></span> <span class='ocrx_word' id='word_1_210' title='bbox 3133 1635 3429 1689; x_wconf 85' lang='lat' dir='ltr'><strong>nunquam,</strong></span> <span class='ocrx_word' id='word_1_211' title='bbox 3445 1620 3557 1689; x_wconf 89' lang='lat' dir='ltr'><strong>jam</strong></span> <span class='ocrx_word' id='word_1_212' title='bbox 3575 1620 3786 1686; x_wconf 87' lang='lat' dir='ltr'><strong>judicio</strong></span> 
     </span>
    </p>
   </div>
   <div class='ocr_carea' id='block_1_31' title="bbox 2197 1712 3783 1786">
    <p class='ocr_par' dir='ltr' id='par_1_31' title="bbox 2197 1712 3783 1786">
     <span class='ocr_line' id='line_1_31' title="bbox 2197 1712 3783 1786; baseline -0.004 -15"><span class='ocrx_word' id='word_1_213' title='bbox 2197 1716 2431 1786; x_wconf 87' lang='lat' dir='ltr'><strong>Spiritus</strong></span> <span class='ocrx_word' id='word_1_214' title='bbox 2487 1715 2660 1770; x_wconf 88' lang='lat' dir='ltr'><strong>sancti</strong></span> <span class='ocrx_word' id='word_1_215' title='bbox 2709 1729 2872 1783; x_wconf 91' lang='lat' dir='ltr'><strong>super</strong></span> <span class='ocrx_word' id='word_1_216' title='bbox 2917 1729 3042 1768; x_wconf 90' lang='lat' dir='ltr'><strong>eum</strong></span> <span class='ocrx_word' id='word_1_217' title='bbox 3100 1714 3331 1782; x_wconf 84' lang='lat' dir='ltr'><strong>prolato,</strong></span> <span class='ocrx_word' id='word_1_218' title='bbox 3373 1714 3425 1766; x_wconf 93' lang='lat' dir='ltr'><strong>in</strong></span> <span class='ocrx_word' id='word_1_219' title='bbox 3469 1712 3783 1767; x_wconf 80' lang='lat' dir='ltr'><strong>Trevirensi</strong></span> 
     </span>
    </p>
   </div>
   <div class='ocr_carea' id='block_1_32' title="bbox 2197 1805 3786 1877">
    <p class='ocr_par' dir='ltr' id='par_1_32' title="bbox 2197 1805 3786 1877">
     <span class='ocr_line' id='line_1_32' title="bbox 2197 1805 3786 1877; baseline -0.003 -15"><span class='ocrx_word' id='word_1_220' title='bbox 2197 1807 2458 1873; x_wconf 90' lang='lat' dir='ltr'><strong>Ecclesia,</strong></span> <span class='ocrx_word' id='word_1_221' title='bbox 2495 1823 2658 1877; x_wconf 89' lang='lat' dir='ltr'><strong>quam</strong></span> <span class='ocrx_word' id='word_1_222' title='bbox 2696 1806 3046 1860; x_wconf 87' lang='lat' dir='ltr'><strong>exitiabiliter</strong></span> <span class='ocrx_word' id='word_1_223' title='bbox 3090 1807 3368 1875; x_wconf 80' lang='lat' dir='ltr'><strong>usurpavit</strong></span> <span class='ocrx_word' id='word_1_224' title='bbox 3399 1817 3454 1859; x_wconf 89' lang='lat' dir='ltr'><strong>et</strong></span> <span class='ocrx_word' id='word_1_225' title='bbox 3495 1805 3656 1868; x_wconf 67' lang='lat' dir='ltr'><strong>laesit,</strong></span> <span class='ocrx_word' id='word_1_226' title='bbox 3687 1819 3786 1873; x_wconf 86' lang='lat' dir='ltr'><strong>po—</strong></span> 
     </span>
    </p>
   </div>
   <div class='ocr_carea' id='block_1_33' title="bbox 505 1890 3784 1972">
    <p class='ocr_par' dir='ltr' id='par_1_33' title="bbox 505 1890 3784 1972">
     <span class='ocr_line' id='line_1_33' title="bbox 505 1890 3784 1972; baseline -0 -20"><span class='ocrx_word' id='word_1_227' title='bbox 505 1897 682 1952; x_wconf 91' lang='lat' dir='ltr'><strong>rensis</strong></span> <span class='ocrx_word' id='word_1_228' title='bbox 707 1913 815 1952; x_wconf 90' lang='lat' dir='ltr'><strong>non</strong></span> <span class='ocrx_word' id='word_1_229' title='bbox 846 1896 950 1951; x_wconf 91' lang='lat' dir='ltr'><strong>nisi</strong></span> <span class='ocrx_word' id='word_1_230' title='bbox 973 1912 1143 1950; x_wconf 90' lang='lat' dir='ltr'><strong>unum</strong></span> <span class='ocrx_word' id='word_1_231' title='bbox 1163 1896 1245 1951; x_wconf 88' lang='lat' dir='ltr'><strong>vel</strong></span> <span class='ocrx_word' id='word_1_232' title='bbox 1271 1897 1478 1952; x_wconf 92' lang='lat' dir='ltr'><strong>nullum</strong></span> <span class='ocrx_word' id='word_1_233' title='bbox 1501 1898 1724 1952; x_wconf 88' lang='lat' dir='ltr'><strong>haberet</strong></span> <span class='ocrx_word' id='word_1_234' title='bbox 1753 1898 2089 1967; x_wconf 88' lang='lat' dir='ltr'><strong>episcopum,</strong></span> <span class='ocrx_word' id='word_1_235' title='bbox 2120 1890 2169 1949; x_wconf 87' lang='grc' dir='ltr'><strong>Β</strong></span> <span class='ocrx_word' id='word_1_236' title='bbox 2199 1903 2325 1956; x_wconf 89' lang='lat' dir='ltr'><strong>terit</strong></span> <span class='ocrx_word' id='word_1_237' title='bbox 2367 1917 2486 1957; x_wconf 92' lang='lat' dir='ltr'><strong>esse</strong></span> <span class='ocrx_word' id='word_1_238' title='bbox 2527 1903 2832 1972; x_wconf 92' lang='lat' dir='ltr'><strong>episcopus.</strong></span> <span class='ocrx_word' id='word_1_239' title='bbox 2888 1901 2954 1956; x_wconf 88' lang='lat' dir='ltr'><strong>Et</strong></span> <span class='ocrx_word' id='word_1_240' title='bbox 2979 1902 3044 1966; x_wconf 92' lang='lat' dir='ltr'><strong>si,</strong></span> <span class='ocrx_word' id='word_1_241' title='bbox 3076 1911 3136 1956; x_wconf 88' lang='lat' dir='ltr'><strong>ut</strong></span> <span class='ocrx_word' id='word_1_242' title='bbox 3169 1901 3427 1965; x_wconf 76' lang='lat' dir='ltr'><strong>diximus,</strong></span> <span class='ocrx_word' id='word_1_243' title='bbox 3466 1917 3566 1970; x_wconf 89' lang='lat' dir='ltr'><strong>pro</strong></span> <span class='ocrx_word' id='word_1_244' title='bbox 3599 1909 3784 1952; x_wconf 81' lang='lat' dir='ltr'><strong>vestra</strong></span> 
     </span>
    </p>
   </div>
   <div class='ocr_carea' id='block_1_34' title="bbox 502 1986 2093 2058">
    <p class='ocr_par' dir='ltr' id='par_1_34' title="bbox 502 1986 2093 2058">
     <span class='ocr_line' id='line_1_34' title="bbox 502 1986 2093 2058; baseline 0.001 -16"><span class='ocrx_word' id='word_1_245' title='bbox 502 1987 746 2057; x_wconf 87' lang='lat' dir='ltr'><strong>episcopi</strong></span> <span class='ocrx_word' id='word_1_246' title='bbox 790 1986 1116 2042; x_wconf 82' lang='lat' dir='ltr'><strong>Rhemensis</strong></span> <span class='ocrx_word' id='word_1_247' title='bbox 1156 1988 1452 2058; x_wconf 66' lang='lat' dir='ltr'><strong>provincia:</strong></span> <span class='ocrx_word' id='word_1_248' title='bbox 1491 1989 1696 2058; x_wconf 87' lang='lat' dir='ltr'><strong>petenti</strong></span> <span class='ocrx_word' id='word_1_249' title='bbox 1727 1988 1872 2044; x_wconf 88' lang='lat' dir='ltr'><strong>clero</strong></span> <span class='ocrx_word' id='word_1_250' title='bbox 1901 1999 1957 2043; x_wconf 88' lang='lat' dir='ltr'><strong>et</strong></span> <span class='ocrx_word' id='word_1_251' title='bbox 1999 2003 2093 2058; x_wconf 90' lang='lat' dir='ltr'><strong>po-</strong></span> 
     </span>
    </p>
   </div>
   <div class='ocr_carea' id='block_1_35' title="bbox 503 2079 2098 2150">
    <p class='ocr_par' dir='ltr' id='par_1_35' title="bbox 503 2079 2098 2150">
     <span class='ocr_line' id='line_1_35' title="bbox 503 2079 2098 2150; baseline 0.001 -16"><span class='ocrx_word' id='word_1_252' title='bbox 503 2080 631 2150; x_wconf 91' lang='lat' dir='ltr'><strong>pulo</strong></span> <span class='ocrx_word' id='word_1_253' title='bbox 659 2079 1003 2135; x_wconf 90' lang='lat' dir='ltr'><strong>Trevirensis</strong></span> <span class='ocrx_word' id='word_1_254' title='bbox 1029 2079 1285 2136; x_wconf 70' lang='lat' dir='ltr'><strong>Ecclesia:</strong></span> <span class='ocrx_word' id='word_1_255' title='bbox 1312 2079 1570 2135; x_wconf 89' lang='lat' dir='ltr'><strong>deberent</strong></span> <span class='ocrx_word' id='word_1_256' title='bbox 1595 2081 1852 2136; x_wconf 87' lang='lat' dir='ltr'><strong>ordinare</strong></span> <span class='ocrx_word' id='word_1_257' title='bbox 1886 2081 2098 2150; x_wconf 91' lang='lat' dir='ltr'><strong>episco-</strong></span> 
     </span>
    </p>
   </div>
   <div class='ocr_carea' id='block_1_36' title="bbox 503 2171 2097 2242">
    <p class='ocr_par' dir='ltr' id='par_1_36' title="bbox 503 2171 2097 2242">
     <span class='ocr_line' id='line_1_36' title="bbox 503 2171 2097 2242; baseline 0.001 -16"><span class='ocrx_word' id='word_1_258' title='bbox 503 2185 653 2241; x_wconf 91' lang='lat' dir='ltr'><strong>pum.</strong></span> <span class='ocrx_word' id='word_1_259' title='bbox 710 2171 808 2226; x_wconf 88' lang='lat' dir='ltr'><strong>Cui</strong></span> <span class='ocrx_word' id='word_1_260' title='bbox 862 2171 1124 2227; x_wconf 75' lang='lat' dir='ltr'><strong>Ecclesiae</strong></span> <span class='ocrx_word' id='word_1_261' title='bbox 1175 2187 1365 2228; x_wconf 89' lang='lat' dir='ltr'><strong>omnes</strong></span> <span class='ocrx_word' id='word_1_262' title='bbox 1418 2187 1536 2237; x_wconf 91' lang='lat' dir='ltr'><strong>nos,</strong></span> <span class='ocrx_word' id='word_1_263' title='bbox 1588 2187 1820 2242; x_wconf 88' lang='lat' dir='ltr'><strong>quorum</strong></span> <span class='ocrx_word' id='word_1_264' title='bbox 1877 2174 2097 2228; x_wconf 90' lang='lat' dir='ltr'><strong>nomina</strong></span> 
     </span>
    </p>
   </div>
   <div class='ocr_carea' id='block_1_37' title="bbox 504 2259 2096 2333">
    <p class='ocr_par' dir='ltr' id='par_1_37' title="bbox 504 2259 2096 2333">
     <span class='ocr_line' id='line_1_37' title="bbox 504 2259 2096 2333; baseline 0.003 -20"><span class='ocrx_word' id='word_1_265' title='bbox 504 2261 820 2331; x_wconf 86' lang='lat' dir='ltr'><strong>praescripta</strong></span> <span class='ocrx_word' id='word_1_266' title='bbox 882 2261 940 2314; x_wconf 90' lang='lat' dir='ltr'><strong>in</strong></span> <span class='ocrx_word' id='word_1_267' title='bbox 1001 2261 1179 2331; x_wconf 88' lang='lat' dir='ltr'><strong>capite</strong></span> <span class='ocrx_word' id='word_1_268' title='bbox 1233 2259 1394 2329; x_wconf 86' lang='lat' dir='ltr'><strong>hujus</strong></span> <span class='ocrx_word' id='word_1_269' title='bbox 1456 2261 1696 2331; x_wconf 79' lang='lat' dir='ltr'><strong>epistolae</strong></span> <span class='ocrx_word' id='word_1_270' title='bbox 1747 2262 1876 2333; x_wconf 91' lang='lat' dir='ltr'><strong>legit</strong></span> <span class='ocrx_word' id='word_1_271' title='bbox 1927 2263 2096 2333; x_wconf 82' lang='lat' dir='ltr'><strong>gloria</strong></span> 
     </span>
    </p>
   </div>
   <div class='ocr_carea' id='block_1_38' title="bbox 504 2351 2100 2422">
    <p class='ocr_par' dir='ltr' id='par_1_38' title="bbox 504 2351 2100 2422">
     <span class='ocr_line' id='line_1_38' title="bbox 504 2351 2100 2422; baseline 0.001 -16"><span class='ocrx_word' id='word_1_272' title='bbox 504 2359 714 2416; x_wconf 90' lang='lat' dir='ltr'><strong>vestra,</strong></span> <span class='ocrx_word' id='word_1_273' title='bbox 765 2351 1013 2406; x_wconf 83' lang='lat' dir='ltr'><strong>unanimi</strong></span> <span class='ocrx_word' id='word_1_274' title='bbox 1061 2362 1187 2407; x_wconf 91' lang='lat' dir='ltr'><strong>voto</strong></span> <span class='ocrx_word' id='word_1_275' title='bbox 1224 2362 1387 2422; x_wconf 89' lang='lat' dir='ltr'><strong>atque</strong></span> <span class='ocrx_word' id='word_1_276' title='bbox 1429 2367 1720 2418; x_wconf 91' lang='lat' dir='ltr'><strong>consensu,</strong></span> <span class='ocrx_word' id='word_1_277' title='bbox 1772 2353 1999 2409; x_wconf 78' lang='lat' dir='ltr'><strong>fratrem</strong></span> <span class='ocrx_word' id='word_1_278' title='bbox 2045 2363 2100 2408; x_wconf 91' lang='lat' dir='ltr'><strong>et</strong></span> 
     </span>
    </p>
   </div>
   <div class='ocr_carea' id='block_1_39' title="bbox 505 2429 2094 2515">
    <p class='ocr_par' dir='ltr' id='par_1_39' title="bbox 505 2429 2094 2515">
     <span class='ocr_line' id='line_1_39' title="bbox 505 2429 2094 2515; baseline 0.003 -19"><span class='ocrx_word' id='word_1_279' title='bbox 505 2429 952 2497; x_wconf 79' lang='lat' dir='ltr'><strong>Consacerdotem</strong></span> <span class='ocrx_word' id='word_1_280' title='bbox 980 2451 1228 2498; x_wconf 87' lang='lat' dir='ltr'><strong>nostrum</strong></span> <span class='ocrx_word' id='word_1_281' title='bbox 1263 2443 1585 2512; x_wconf 85' lang='lat' dir='ltr'><strong>Bertulfum,</strong></span> <span class='ocrx_word' id='word_1_282' title='bbox 1615 2454 1674 2499; x_wconf 91' lang='lat' dir='ltr'><strong>ut</strong></span> <span class='ocrx_word' id='word_1_283' title='bbox 1705 2447 2094 2515; x_wconf 74' lang='lat' dir='ltr'><strong>praemisimus,</strong></span> 
     </span>
    </p>
   </div>
   <div class='ocr_carea' id='block_1_40' title="bbox 505 2533 2098 2604">
    <p class='ocr_par' dir='ltr' id='par_1_40' title="bbox 505 2533 2098 2604">
     <span class='ocr_line' id='line_1_40' title="bbox 505 2533 2098 2604; baseline 0.005 -18"><span class='ocrx_word' id='word_1_284' title='bbox 505 2533 831 2604; x_wconf 80' lang='lat' dir='ltr'><strong>regulariter</strong></span> <span class='ocrx_word' id='word_1_285' title='bbox 858 2535 1171 2604; x_wconf 85' lang='lat' dir='ltr'><strong>pontiﬁcem</strong></span> <span class='ocrx_word' id='word_1_286' title='bbox 1201 2536 1599 2602; x_wconf 89' lang='lat' dir='ltr'><strong>ordinavimus,</strong></span> <span class='ocrx_word' id='word_1_287' title='bbox 1641 2538 1784 2602; x_wconf 88' lang='lat' dir='ltr'><strong>sicut</strong></span> <span class='ocrx_word' id='word_1_288' title='bbox 1818 2555 1886 2593; x_wconf 88' lang='lat' dir='ltr'><strong>ex</strong></span> <span class='ocrx_word' id='word_1_289' title='bbox 1926 2541 2098 2594; x_wconf 89' lang='lat' dir='ltr'><strong>sacris</strong></span> 
     </span>
    </p>
   </div>
   <div class='ocr_carea' id='block_1_41' title="bbox 508 2623 2098 2706">
    <p class='ocr_par' dir='ltr' id='par_1_41' title="bbox 508 2623 2098 2706">
     <span class='ocr_line' id='line_1_41' title="bbox 508 2623 2098 2706; baseline 0.005 -30"><span class='ocrx_word' id='word_1_290' title='bbox 508 2623 710 2694; x_wconf 89' lang='lat' dir='ltr'><strong>regulis</strong></span> <span class='ocrx_word' id='word_1_291' title='bbox 733 2632 788 2679; x_wconf 91' lang='lat' dir='ltr'><strong>et</strong></span> <span class='ocrx_word' id='word_1_292' title='bbox 826 2625 1183 2680; x_wconf 87' lang='lat' dir='ltr'><strong>ordinationis</strong></span> <span class='ocrx_word' id='word_1_293' title='bbox 1222 2627 1340 2696; x_wconf 89' lang='lat' dir='ltr'><strong>ejus</strong></span> <span class='ocrx_word' id='word_1_294' title='bbox 1386 2629 1553 2697; x_wconf 91' lang='lat' dir='ltr'><strong>gestis</strong></span> <span class='ocrx_word' id='word_1_295' title='bbox 1580 2632 1871 2684; x_wconf 88' lang='lat' dir='ltr'><strong>ostendere</strong></span> <span class='ocrx_word' id='word_1_296' title='bbox 1909 2646 2098 2706; x_wconf 83' lang='lat' dir='ltr'><strong>possu-</strong></span> 
     </span>
    </p>
   </div>
   <div class='ocr_carea' id='block_1_42' title="bbox 511 2718 2098 2796">
    <p class='ocr_par' dir='ltr' id='par_1_42' title="bbox 511 2718 2098 2796">
     <span class='ocr_line' id='line_1_42' title="bbox 511 2718 2098 2796; baseline 0.005 -24"><span class='ocrx_word' id='word_1_297' title='bbox 511 2733 656 2784; x_wconf 88' lang='lat' dir='ltr'><strong>mus,</strong></span> <span class='ocrx_word' id='word_1_298' title='bbox 689 2727 746 2774; x_wconf 87' lang='lat' dir='ltr'><strong>et</strong></span> <span class='ocrx_word' id='word_1_299' title='bbox 791 2718 839 2774; x_wconf 86' lang='lat' dir='ltr'><strong>si</strong></span> <span class='ocrx_word' id='word_1_300' title='bbox 869 2735 1095 2776; x_wconf 84' lang='lat' dir='ltr'><strong>necesse</strong></span> <span class='ocrx_word' id='word_1_301' title='bbox 1137 2719 1322 2786; x_wconf 83' lang='lat' dir='ltr'><strong>fuerit,</strong></span> <span class='ocrx_word' id='word_1_302' title='bbox 1351 2723 1728 2780; x_wconf 88' lang='lat' dir='ltr'><strong>ostendemus.</strong></span> <span class='ocrx_word' id='word_1_303' title='bbox 1754 2726 2098 2796; x_wconf 84' lang='lat' dir='ltr'><strong>Quapropter</strong></span> 
     </span>
    </p>
   </div>
   <div class='ocr_carea' id='block_1_43' title="bbox 507 2807 2097 2883">
    <p class='ocr_par' dir='ltr' id='par_1_43' title="bbox 507 2807 2097 2883">
     <span class='ocr_line' id='line_1_43' title="bbox 507 2807 2097 2883; baseline 0.006 -21"><span class='ocrx_word' id='word_1_304' title='bbox 507 2807 680 2877; x_wconf 86' lang='lat' dir='ltr'><strong>ipsius</strong></span> <span class='ocrx_word' id='word_1_305' title='bbox 709 2809 1130 2875; x_wconf 89' lang='lat' dir='ltr'><strong>ordinationem,</strong></span> <span class='ocrx_word' id='word_1_306' title='bbox 1159 2820 1215 2867; x_wconf 88' lang='lat' dir='ltr'><strong>et</strong></span> <span class='ocrx_word' id='word_1_307' title='bbox 1255 2813 1666 2883; x_wconf 85' lang='lat' dir='ltr'><strong>dispositionem</strong></span> <span class='ocrx_word' id='word_1_308' title='bbox 1709 2833 1890 2872; x_wconf 89' lang='lat' dir='ltr'><strong>rerum</strong></span> <span class='ocrx_word' id='word_1_309' title='bbox 1921 2834 1985 2872; x_wconf 92' lang='lat' dir='ltr'><strong>ac</strong></span> <span class='ocrx_word' id='word_1_310' title='bbox 2013 2817 2097 2872; x_wconf 72' lang='lat' dir='ltr'><strong>fa—</strong></span> 
     </span>
    </p>
   </div>
   <div class='ocr_carea' id='block_1_44' title="bbox 505 2900 2097 2982">
    <p class='ocr_par' dir='ltr' id='par_1_44' title="bbox 505 2900 2097 2982">
     <span class='ocr_line' id='line_1_44' title="bbox 505 2900 2097 2982; baseline 0.007 -29"><span class='ocrx_word' id='word_1_311' title='bbox 505 2900 772 2957; x_wconf 89' lang='lat' dir='ltr'><strong>cultatum</strong></span> <span class='ocrx_word' id='word_1_312' title='bbox 838 2903 1362 2974; x_wconf 87' lang='lat' dir='ltr'><strong>ecclesiasticarum,</strong></span> <span class='ocrx_word' id='word_1_313' title='bbox 1413 2907 1554 2962; x_wconf 90' lang='lat' dir='ltr'><strong>sicut</strong></span> <span class='ocrx_word' id='word_1_314' title='bbox 1616 2911 1757 2965; x_wconf 86' lang='lat' dir='ltr'><strong>sacri</strong></span> <span class='ocrx_word' id='word_1_315' title='bbox 1814 2912 2097 2982; x_wconf 78' lang='lat' dir='ltr'><strong>praefigunt</strong></span> 
     </span>
    </p>
   </div>
   <div class='ocr_carea' id='block_1_45' title="bbox 506 2993 2096 3070">
    <p class='ocr_par' dir='ltr' id='par_1_45' title="bbox 506 2993 2096 3070">
     <span class='ocr_line' id='line_1_45' title="bbox 506 2993 2096 3070; baseline 0.008 -25"><span class='ocrx_word' id='word_1_316' title='bbox 506 3005 762 3060; x_wconf 89' lang='lat' dir='ltr'><strong>canones,</strong></span> <span class='ocrx_word' id='word_1_317' title='bbox 808 2993 885 3049; x_wconf 90' lang='lat' dir='ltr'><strong>ita</strong></span> <span class='ocrx_word' id='word_1_318' title='bbox 933 2994 1291 3063; x_wconf 79' lang='lat' dir='ltr'><strong>defendimus,</strong></span> <span class='ocrx_word' id='word_1_319' title='bbox 1326 3007 1383 3053; x_wconf 88' lang='lat' dir='ltr'><strong>et</strong></span> <span class='ocrx_word' id='word_1_320' title='bbox 1420 3011 1682 3070; x_wconf 84' lang='lat' dir='ltr'><strong>perpetuo</strong></span> <span class='ocrx_word' id='word_1_321' title='bbox 1723 3001 2096 3069; x_wconf 89' lang='lat' dir='ltr'><strong>defendemus,</strong></span> 
     </span>
    </p>
   </div>
   <div class='ocr_carea' id='block_1_46' title="bbox 506 3082 2099 3167">
    <p class='ocr_par' dir='ltr' id='par_1_46' title="bbox 506 3082 2099 3167">
     <span class='ocr_line' id='line_1_46' title="bbox 506 3082 2099 3167; baseline 0.009 -31"><span class='ocrx_word' id='word_1_322' title='bbox 506 3082 649 3137; x_wconf 91' lang='lat' dir='ltr'><strong>sicut</strong></span> <span class='ocrx_word' id='word_1_323' title='bbox 669 3091 726 3138; x_wconf 91' lang='lat' dir='ltr'><strong>et</strong></span> <span class='ocrx_word' id='word_1_324' title='bbox 752 3085 1002 3142; x_wconf 90' lang='lat' dir='ltr'><strong>ordinem</strong></span> <span class='ocrx_word' id='word_1_325' title='bbox 1040 3097 1310 3156; x_wconf 89' lang='lat' dir='ltr'><strong>nostrum,</strong></span> <span class='ocrx_word' id='word_1_326' title='bbox 1359 3091 1485 3160; x_wconf 88' lang='lat' dir='ltr'><strong>quia</strong></span> <span class='ocrx_word' id='word_1_327' title='bbox 1513 3093 1558 3147; x_wconf 92' lang='lat' dir='ltr'><strong>si</strong></span> <span class='ocrx_word' id='word_1_328' title='bbox 1590 3094 1705 3163; x_wconf 91' lang='lat' dir='ltr'><strong>ipse</strong></span> <span class='ocrx_word' id='word_1_329' title='bbox 1733 3111 1840 3150; x_wconf 93' lang='lat' dir='ltr'><strong>non</strong></span> <span class='ocrx_word' id='word_1_330' title='bbox 1873 3105 1956 3152; x_wconf 91' lang='lat' dir='ltr'><strong>est</strong></span> <span class='ocrx_word' id='word_1_331' title='bbox 1985 3098 2099 3167; x_wconf 90' lang='lat' dir='ltr'><strong>epi-</strong></span> 
     </span>
    </p>
   </div>
   <div class='ocr_carea' id='block_1_47' title="bbox 508 3179 2099 3256">
    <p class='ocr_par' dir='ltr' id='par_1_47' title="bbox 508 3179 2099 3256">
     <span class='ocr_line' id='line_1_47' title="bbox 508 3179 2099 3256; baseline 0.008 -28"><span class='ocrx_word' id='word_1_332' title='bbox 508 3188 722 3245; x_wconf 89' lang='lat' dir='ltr'><strong>scopus,</strong></span> <span class='ocrx_word' id='word_1_333' title='bbox 761 3190 864 3232; x_wconf 89' lang='lat' dir='ltr'><strong>nec</strong></span> <span class='ocrx_word' id='word_1_334' title='bbox 893 3193 994 3234; x_wconf 92' lang='lat' dir='ltr'><strong>nos</strong></span> <span class='ocrx_word' id='word_1_335' title='bbox 1039 3179 1300 3237; x_wconf 89' lang='lat' dir='ltr'><strong>debemus</strong></span> <span class='ocrx_word' id='word_1_336' title='bbox 1345 3183 1618 3239; x_wconf 85' lang='lat' dir='ltr'><strong>nominari</strong></span> <span class='ocrx_word' id='word_1_337' title='bbox 1667 3186 1924 3256; x_wconf 89' lang='lat' dir='ltr'><strong>episc0pi.</strong></span> <span class='ocrx_word' id='word_1_338' title='bbox 1959 3187 2026 3240; x_wconf 86' lang='lat' dir='ltr'><strong>Et</strong></span> <span class='ocrx_word' id='word_1_339' title='bbox 2051 3188 2099 3242; x_wconf 90' lang='lat' dir='ltr'><strong>si</strong></span> 
     </span>
    </p>
   </div>
   <div class='ocr_carea' id='block_1_48' title="bbox 507 3260 2390 3351">
    <p class='ocr_par' dir='ltr' id='par_1_48' title="bbox 507 3260 2390 3351">
     <span class='ocr_line' id='line_1_48' title="bbox 507 3260 2390 3351; baseline 0.01 -31"><span class='ocrx_word' id='word_1_340' title='bbox 507 3267 632 3337; x_wconf 89' lang='lat' dir='ltr'><strong>quis</strong></span> <span class='ocrx_word' id='word_1_341' title='bbox 659 3268 891 3324; x_wconf 89' lang='lat' dir='ltr'><strong>voluerit</strong></span> <span class='ocrx_word' id='word_1_342' title='bbox 915 3282 1109 3328; x_wconf 87' lang='lat' dir='ltr'><strong>contra</strong></span> <span class='ocrx_word' id='word_1_343' title='bbox 1135 3274 1536 3332; x_wconf 86' lang='lat' dir='ltr'><strong>ordinationem</strong></span> <span class='ocrx_word' id='word_1_344' title='bbox 1565 3278 1682 3348; x_wconf 85' lang='lat' dir='ltr'><strong>ejus</strong></span> <span class='ocrx_word' id='word_1_345' title='bbox 1697 3280 1904 3334; x_wconf 88' lang='lat' dir='ltr'><strong>sinistri</strong></span> <span class='ocrx_word' id='word_1_346' title='bbox 1935 3282 2096 3351; x_wconf 92' lang='lat' dir='ltr'><strong>quip-</strong></span> <span class='ocrx_word' id='word_1_347' title='bbox 2125 3260 2171 3323; x_wconf 70' lang='grc' dir='ltr'>Ο</span> <span class='ocrx_word' id='word_1_348' title='bbox 2205 3260 2390 3340; x_wconf 81' lang='lat' dir='ltr'><strong>mittit.</strong></span> 
     </span>
    </p>
   </div>
   <div class='ocr_carea' id='block_1_49' title="bbox 505 3361 2101 3436">
    <p class='ocr_par' dir='ltr' id='par_1_49' title="bbox 505 3361 2101 3436">
     <span class='ocr_line' id='line_1_49' title="bbox 505 3361 2101 3436; baseline 0.009 -21"><span class='ocrx_word' id='word_1_349' title='bbox 505 3361 652 3431; x_wconf 85' lang='lat' dir='ltr'><strong>piam</strong></span> <span class='ocrx_word' id='word_1_350' title='bbox 700 3362 898 3429; x_wconf 88' lang='lat' dir='ltr'><strong>dicere,</strong></span> <span class='ocrx_word' id='word_1_351' title='bbox 951 3373 1110 3420; x_wconf 82' lang='lat' dir='ltr'><strong>exeat</strong></span> <span class='ocrx_word' id='word_1_352' title='bbox 1153 3375 1208 3422; x_wconf 87' lang='lat' dir='ltr'><strong>et</strong></span> <span class='ocrx_word' id='word_1_353' title='bbox 1254 3369 1420 3436; x_wconf 89' lang='lat' dir='ltr'><strong>dicat,</strong></span> <span class='ocrx_word' id='word_1_354' title='bbox 1468 3381 1844 3428; x_wconf 89' lang='lat' dir='ltr'><strong>verumtamen</strong></span> <span class='ocrx_word' id='word_1_355' title='bbox 1893 3389 2101 3429; x_wconf 85' lang='lat' dir='ltr'><strong>memor</strong></span> 
     </span>
    </p>
   </div>
   <div class='ocr_carea' id='block_1_50' title="bbox 507 3454 2100 3528">
    <p class='ocr_par' dir='ltr' id='par_1_50' title="bbox 507 3454 2100 3528">
     <span class='ocr_line' id='line_1_50' title="bbox 507 3454 2100 3528; baseline 0.008 -22"><span class='ocrx_word' id='word_1_356' title='bbox 507 3454 907 3510; x_wconf 91' lang='lat' dir='ltr'><strong>communionis</strong></span> <span class='ocrx_word' id='word_1_357' title='bbox 933 3471 1077 3522; x_wconf 66' lang='lat' dir='ltr'><strong>sure;</strong></span> <span class='ocrx_word' id='word_1_358' title='bbox 1109 3458 1232 3526; x_wconf 90' lang='lat' dir='ltr'><strong>quia</strong></span> <span class='ocrx_word' id='word_1_359' title='bbox 1263 3468 1358 3513; x_wconf 88' lang='lat' dir='ltr'><strong>aut</strong></span> <span class='ocrx_word' id='word_1_360' title='bbox 1394 3460 1512 3528; x_wconf 90' lang='lat' dir='ltr'><strong>ipse</strong></span> <span class='ocrx_word' id='word_1_361' title='bbox 1541 3477 1650 3516; x_wconf 88' lang='lat' dir='ltr'><strong>non</strong></span> <span class='ocrx_word' id='word_1_362' title='bbox 1681 3464 2100 3520; x_wconf 89' lang='lat' dir='ltr'><strong>communicabit</strong></span> 
     </span>
    </p>
   </div>
   <div class='ocr_carea' id='block_1_51' title="bbox 511 3544 2101 3620">
    <p class='ocr_par' dir='ltr' id='par_1_51' title="bbox 511 3544 2101 3620">
     <span class='ocr_line' id='line_1_51' title="bbox 511 3544 2101 3620; baseline 0.009 -21"><span class='ocrx_word' id='word_1_363' title='bbox 511 3544 882 3602; x_wconf 85' lang='lat' dir='ltr'><strong>ecclesiastico</strong></span> <span class='ocrx_word' id='word_1_364' title='bbox 910 3557 964 3601; x_wconf 90' lang='lat' dir='ltr'><strong>et</strong></span> <span class='ocrx_word' id='word_1_365' title='bbox 1003 3549 1297 3620; x_wconf 89' lang='lat' dir='ltr'><strong>episcopali</strong></span> <span class='ocrx_word' id='word_1_366' title='bbox 1324 3552 1523 3619; x_wconf 86' lang='lat' dir='ltr'><strong>ordini,</strong></span> <span class='ocrx_word' id='word_1_367' title='bbox 1553 3563 1645 3608; x_wconf 89' lang='lat' dir='ltr'><strong>aut</strong></span> <span class='ocrx_word' id='word_1_368' title='bbox 1693 3569 1791 3611; x_wconf 89' lang='lat' dir='ltr'><strong>nos</strong></span> <span class='ocrx_word' id='word_1_369' title='bbox 1819 3570 1928 3611; x_wconf 87' lang='lat' dir='ltr'><strong>non</strong></span> <span class='ocrx_word' id='word_1_370' title='bbox 1953 3571 2101 3612; x_wconf 84' lang='lat' dir='ltr'><strong>com-</strong></span> 
     </span>
    </p>
   </div>
   <div class='ocr_carea' id='block_1_52' title="bbox 507 3638 1574 3713">
    <p class='ocr_par' dir='ltr' id='par_1_52' title="bbox 507 3638 1574 3713">
     <span class='ocr_line' id='line_1_52' title="bbox 507 3638 1574 3713; baseline 0.009 -23"><span class='ocrx_word' id='word_1_371' title='bbox 507 3638 906 3695; x_wconf 90' lang='lat' dir='ltr'><strong>municabimus</strong></span> <span class='ocrx_word' id='word_1_372' title='bbox 931 3640 1234 3697; x_wconf 89' lang='lat' dir='ltr'><strong>ministerio</strong></span> <span class='ocrx_word' id='word_1_373' title='bbox 1261 3642 1574 3713; x_wconf 89' lang='lat' dir='ltr'><strong>episcopali.</strong></span> 
     </span>
    </p>
   </div>
   <div class='ocr_carea' id='block_1_53' title="bbox 585 3730 2104 3817">
    <p class='ocr_par' dir='ltr' id='par_1_53' title="bbox 585 3730 2104 3817">
     <span class='ocr_line' id='line_1_53' title="bbox 585 3730 2104 3817; baseline 0.011 -32"><span class='ocrx_word' id='word_1_374' title='bbox 585 3730 736 3787; x_wconf 88' lang='lat' dir='ltr'><strong>Unde</strong></span> <span class='ocrx_word' id='word_1_375' title='bbox 777 3733 955 3788; x_wconf 81' lang='lat' dir='ltr'><strong>verbis</strong></span> <span class='ocrx_word' id='word_1_376' title='bbox 983 3733 1130 3789; x_wconf 87' lang='lat' dir='ltr'><strong>beati</strong></span> <span class='ocrx_word' id='word_1_377' title='bbox 1159 3734 1359 3793; x_wconf 89' lang='lat' dir='ltr'><strong>Leonis</strong></span> <span class='ocrx_word' id='word_1_378' title='bbox 1399 3737 1759 3797; x_wconf 88' lang='lat' dir='ltr'><strong>Theodosium</strong></span> <span class='ocrx_word' id='word_1_379' title='bbox 1797 3746 2104 3817; x_wconf 84' lang='lat' dir='ltr'><strong>Augustum</strong></span> 
     </span>
    </p>
   </div>
   <div class='ocr_carea' id='block_1_54' title="bbox 509 3825 2104 3899">
    <p class='ocr_par' dir='ltr' id='par_1_54' title="bbox 509 3825 2104 3899">
     <span class='ocr_line' id='line_1_54' title="bbox 509 3825 2104 3899; baseline 0.014 -23"><span class='ocrx_word' id='word_1_380' title='bbox 509 3825 781 3893; x_wconf 82' lang='lat' dir='ltr'><strong>quondam</strong></span> <span class='ocrx_word' id='word_1_381' title='bbox 823 3826 1146 3898; x_wconf 89' lang='lat' dir='ltr'><strong>alloquentis</strong></span> <span class='ocrx_word' id='word_1_382' title='bbox 1184 3849 1196 3884; x_wconf 92' lang='lat'>:</span> <span class='ocrx_word' id='word_1_383' title='bbox 1231 3833 1358 3899; x_wconf 84' lang='lat' dir='ltr'><strong>Vos,</strong></span> <span class='ocrx_word' id='word_1_384' title='bbox 1396 3833 1865 3896; x_wconf 87' lang='lat' dir='ltr'><strong>Christianissime</strong></span> <span class='ocrx_word' id='word_1_385' title='bbox 1911 3851 1966 3896; x_wconf 90' lang='lat' dir='ltr'><strong>et</strong></span> <span class='ocrx_word' id='word_1_386' title='bbox 2012 3859 2104 3898; x_wconf 87' lang='lat' dir='ltr'><strong>ve-</strong></span> 
     </span>
    </p>
   </div>
   <div class='ocr_carea' id='block_1_55' title="bbox 509 3918 2107 3995">
    <p class='ocr_par' dir='ltr' id='par_1_55' title="bbox 509 3918 2107 3995">
     <span class='ocr_line' id='line_1_55' title="bbox 509 3918 2107 3995; baseline 0.013 -24"><span class='ocrx_word' id='word_1_387' title='bbox 509 3918 770 3974; x_wconf 90' lang='lat' dir='ltr'><strong>nerabilis</strong></span> <span class='ocrx_word' id='word_1_388' title='bbox 795 3921 1057 3990; x_wconf 90' lang='lat' dir='ltr'><strong>nobisque</strong></span> <span class='ocrx_word' id='word_1_389' title='bbox 1094 3925 1414 3981; x_wconf 87' lang='lat' dir='ltr'><strong>eharissime</strong></span> <span class='ocrx_word' id='word_1_390' title='bbox 1445 3943 1562 3995; x_wconf 90' lang='lat' dir='ltr'><strong>rex,</strong></span> <span class='ocrx_word' id='word_1_391' title='bbox 1604 3947 1726 3984; x_wconf 92' lang='lat' dir='ltr'><strong>cum</strong></span> <span class='ocrx_word' id='word_1_392' title='bbox 1750 3937 2107 3991; x_wconf 67' lang='lat' dir='ltr'><strong>consacerdoo</strong></span> 
     </span>
    </p>
   </div>
   <div class='ocr_carea' id='block_1_56' title="bbox 513 4008 2105 4087">
    <p class='ocr_par' dir='ltr' id='par_1_56' title="bbox 513 4008 2105 4087">
     <span class='ocr_line' id='line_1_56' title="bbox 513 4008 2105 4087; baseline 0.012 -27"><span class='ocrx_word' id='word_1_393' title='bbox 513 4008 659 4062; x_wconf 87' lang='lat' dir='ltr'><strong>tibus</strong></span> <span class='ocrx_word' id='word_1_394' title='bbox 725 4011 928 4064; x_wconf 89' lang='lat' dir='ltr'><strong>nostris</strong></span> <span class='ocrx_word' id='word_1_395' title='bbox 984 4012 1338 4081; x_wconf 89' lang='lat' dir='ltr'><strong>alloquimur;</strong></span> <span class='ocrx_word' id='word_1_396' title='bbox 1400 4017 1684 4087; x_wconf 89' lang='lat' dir='ltr'><strong>implentes</strong></span> <span class='ocrx_word' id='word_1_397' title='bbox 1745 4026 2105 4079; x_wconf 85' lang='lat' dir='ltr'><strong>reverentiam</strong></span> 
     </span>
    </p>
   </div>
   <div class='ocr_carea' id='block_1_57' title="bbox 511 4099 2107 4184">
    <p class='ocr_par' dir='ltr' id='par_1_57' title="bbox 511 4099 2107 4184">
     <span class='ocr_line' id='line_1_57' title="bbox 511 4099 2107 4184; baseline 0.013 -32"><span class='ocrx_word' id='word_1_398' title='bbox 511 4099 814 4156; x_wconf 80' lang='lat' dir='ltr'><strong>clementiae</strong></span> <span class='ocrx_word' id='word_1_399' title='bbox 857 4112 1051 4160; x_wconf 75' lang='lat' dir='ltr'><strong>vestrae</strong></span> <span class='ocrx_word' id='word_1_400' title='bbox 1075 4105 1278 4162; x_wconf 89' lang='lat' dir='ltr'><strong>sinceri</strong></span> <span class='ocrx_word' id='word_1_401' title='bbox 1317 4110 1518 4166; x_wconf 89' lang='lat' dir='ltr'><strong>amoris</strong></span> <span class='ocrx_word' id='word_1_402' title='bbox 1568 4111 1763 4178; x_wconf 81' lang='lat' dir='ltr'><strong>cilicio,</strong></span> <span class='ocrx_word' id='word_1_403' title='bbox 1809 4116 2107 4184; x_wconf 86' lang='lat' dir='ltr'><strong>cupientes-</strong></span> 
     </span>
    </p>
   </div>
   <div class='ocr_carea' id='block_1_58' title="bbox 514 4193 2108 4275">
    <p class='ocr_par' dir='ltr' id='par_1_58' title="bbox 514 4193 2108 4275">
     <span class='ocr_line' id='line_1_58' title="bbox 514 4193 2108 4275; baseline 0.014 -32"><span class='ocrx_word' id='word_1_404' title='bbox 514 4204 619 4258; x_wconf 90' lang='lat' dir='ltr'><strong>que</strong></span> <span class='ocrx_word' id='word_1_405' title='bbox 645 4207 740 4247; x_wconf 85' lang='lat' dir='ltr'><strong>vos</strong></span> <span class='ocrx_word' id='word_1_406' title='bbox 765 4193 979 4263; x_wconf 89' lang='lat' dir='ltr'><strong>placere</strong></span> <span class='ocrx_word' id='word_1_407' title='bbox 1003 4212 1101 4267; x_wconf 90' lang='lat' dir='ltr'><strong>per</strong></span> <span class='ocrx_word' id='word_1_408' title='bbox 1121 4201 1303 4254; x_wconf 89' lang='lat' dir='ltr'><strong>omnia</strong></span> <span class='ocrx_word' id='word_1_409' title='bbox 1325 4199 1454 4266; x_wconf 90' lang='lat' dir='ltr'><strong>Deo,</strong></span> <span class='ocrx_word' id='word_1_410' title='bbox 1485 4204 1572 4258; x_wconf 89' lang='lat' dir='ltr'><strong>cui</strong></span> <span class='ocrx_word' id='word_1_411' title='bbox 1597 4220 1696 4275; x_wconf 94' lang='lat' dir='ltr'><strong>pro</strong></span> <span class='ocrx_word' id='word_1_412' title='bbox 1718 4205 1872 4261; x_wconf 88' lang='lat' dir='ltr'><strong>vobis</strong></span> <span class='ocrx_word' id='word_1_413' title='bbox 1900 4223 1930 4262; x_wconf 89' lang='lat' dir='ltr'><strong>a</strong></span> <span class='ocrx_word' id='word_1_414' title='bbox 1953 4211 2108 4266; x_wconf 92' lang='lat' dir='ltr'><strong>nobis</strong></span> 
     </span>
    </p>
   </div>
   <div class='ocr_carea' id='block_1_59' title="bbox 512 4284 2109 4372">
    <p class='ocr_par' dir='ltr' id='par_1_59' title="bbox 512 4284 2109 4372">
     <span class='ocr_line' id='line_1_59' title="bbox 512 4284 2109 4372; baseline 0.015 -36"><span class='ocrx_word' id='word_1_415' title='bbox 512 4291 568 4336; x_wconf 92' lang='lat' dir='ltr'><strong>et</strong></span> <span class='ocrx_word' id='word_1_416' title='bbox 615 4284 682 4337; x_wconf 88' lang='lat' dir='ltr'><strong>ab</strong></span> <span class='ocrx_word' id='word_1_417' title='bbox 728 4284 988 4344; x_wconf 89' lang='lat' dir='ltr'><strong>Ecclesiis</strong></span> <span class='ocrx_word' id='word_1_418' title='bbox 1043 4292 1198 4347; x_wconf 90' lang='lat' dir='ltr'><strong>nobis</strong></span> <span class='ocrx_word' id='word_1_419' title='bbox 1252 4295 1559 4353; x_wconf 91' lang='lat' dir='ltr'><strong>commissis</strong></span> <span class='ocrx_word' id='word_1_420' title='bbox 1607 4302 1981 4372; x_wconf 89' lang='lat' dir='ltr'><strong>supplicatur,</strong></span> <span class='ocrx_word' id='word_1_421' title='bbox 2040 4321 2109 4359; x_wconf 91' lang='lat' dir='ltr'><strong>ne</strong></span> 
     </span>
    </p>
   </div>
   <div class='ocr_carea' id='block_1_60' title="bbox 516 4377 2109 4461">
    <p class='ocr_par' dir='ltr' id='par_1_60' title="bbox 516 4377 2109 4461">
     <span class='ocr_line' id='line_1_60' title="bbox 516 4377 2109 4461; baseline 0.016 -36"><span class='ocrx_word' id='word_1_422' title='bbox 516 4385 641 4427; x_wconf 87' lang='lat' dir='ltr'><strong>ante</strong></span> <span class='ocrx_word' id='word_1_423' title='bbox 672 4377 909 4434; x_wconf 88' lang='lat' dir='ltr'><strong>tribunal</strong></span> <span class='ocrx_word' id='word_1_424' title='bbox 938 4381 1152 4438; x_wconf 90' lang='lat' dir='ltr'><strong>Domini</strong></span> <span class='ocrx_word' id='word_1_425' title='bbox 1199 4386 1277 4440; x_wconf 89' lang='lat' dir='ltr'><strong>rei</strong></span> <span class='ocrx_word' id='word_1_426' title='bbox 1305 4387 1368 4441; x_wconf 91' lang='lat' dir='ltr'><strong>de</strong></span> <span class='ocrx_word' id='word_1_427' title='bbox 1413 4387 1628 4447; x_wconf 87' lang='lat' dir='ltr'><strong>silentio</strong></span> <span class='ocrx_word' id='word_1_428' title='bbox 1651 4390 1983 4461; x_wconf 91' lang='lat' dir='ltr'><strong>judicemur,</strong></span> <span class='ocrx_word' id='word_1_429' title='bbox 2013 4396 2109 4451; x_wconf 87' lang='lat' dir='ltr'><strong>ob-</strong></span> 
     </span>
    </p>
   </div>
   <div class='ocr_carea' id='block_1_61' title="bbox 514 4474 2104 4553">
    <p class='ocr_par' dir='ltr' id='par_1_61' title="bbox 514 4474 2104 4553">
     <span class='ocr_line' id='line_1_61' title="bbox 514 4474 2104 4553; baseline 0.016 -35"><span class='ocrx_word' id='word_1_430' title='bbox 514 4479 790 4522; x_wconf 84' lang='lat' dir='ltr'><strong>secramus</strong></span> <span class='ocrx_word' id='word_1_431' title='bbox 811 4485 996 4527; x_wconf 86' lang='lat' dir='ltr'><strong>coram</strong></span> <span class='ocrx_word' id='word_1_432' title='bbox 1013 4474 1173 4528; x_wconf 91' lang='lat' dir='ltr'><strong>unius</strong></span> <span class='ocrx_word' id='word_1_433' title='bbox 1193 4476 1415 4534; x_wconf 89' lang='lat' dir='ltr'><strong>deitatis</strong></span> <span class='ocrx_word' id='word_1_434' title='bbox 1438 4479 1787 4551; x_wconf 89' lang='lat' dir='ltr'><strong>inseparabili</strong></span> <span class='ocrx_word' id='word_1_435' title='bbox 1812 4486 2104 4553; x_wconf 87' lang='lat' dir='ltr'><strong>Trinitatc,</strong></span> 
     </span>
    </p>
   </div>
   <div class='ocr_carea' id='block_1_62' title="bbox 514 4559 2110 4640">
    <p class='ocr_par' dir='ltr' id='par_1_62' title="bbox 514 4559 2110 4640">
     <span class='ocr_line' id='line_1_62' title="bbox 514 4559 2110 4640; baseline 0.018 -32"><span class='ocrx_word' id='word_1_436' title='bbox 514 4571 634 4626; x_wconf 82' lang='lat' dir='ltr'><strong>quae</strong></span> <span class='ocrx_word' id='word_1_437' title='bbox 666 4559 752 4612; x_wconf 87' lang='lat' dir='ltr'><strong>tali</strong></span> <span class='ocrx_word' id='word_1_438' title='bbox 787 4560 929 4618; x_wconf 86' lang='lat' dir='ltr'><strong>facto</strong></span> <span class='ocrx_word' id='word_1_439' title='bbox 958 4564 1192 4634; x_wconf 85' lang='lat' dir='ltr'><strong>laeditur,</strong></span> <span class='ocrx_word' id='word_1_440' title='bbox 1239 4584 1363 4624; x_wconf 92' lang='lat' dir='ltr'><strong>cum</strong></span> <span class='ocrx_word' id='word_1_441' title='bbox 1394 4571 1510 4640; x_wconf 89' lang='lat' dir='ltr'><strong>ipsa</strong></span> <span class='ocrx_word' id='word_1_442' title='bbox 1541 4577 1707 4630; x_wconf 89' lang='lat' dir='ltr'><strong>vestri</strong></span> <span class='ocrx_word' id='word_1_443' title='bbox 1743 4579 1813 4632; x_wconf 88' lang='lat' dir='ltr'><strong>sit</strong></span> <span class='ocrx_word' id='word_1_444' title='bbox 1835 4589 2016 4635; x_wconf 88' lang='lat' dir='ltr'><strong>custos</strong></span> <span class='ocrx_word' id='word_1_445' title='bbox 2055 4591 2110 4636; x_wconf 89' lang='lat' dir='ltr'><strong>et</strong></span> 
     </span>
    </p>
   </div>
   <div class='ocr_carea' id='block_1_63' title="bbox 516 4655 2107 4738">
    <p class='ocr_par' dir='ltr' id='par_1_63' title="bbox 516 4655 2107 4738">
     <span class='ocr_line' id='line_1_63' title="bbox 516 4655 2107 4738; baseline 0.018 -38"><span class='ocrx_word' id='word_1_446' title='bbox 516 4657 706 4703; x_wconf 89' lang='lat' dir='ltr'><strong>auctor</strong></span> <span class='ocrx_word' id='word_1_447' title='bbox 729 4655 899 4723; x_wconf 82' lang='lat' dir='ltr'><strong>regni,</strong></span> <span class='ocrx_word' id='word_1_448' title='bbox 928 4665 982 4709; x_wconf 91' lang='lat' dir='ltr'><strong>et</strong></span> <span class='ocrx_word' id='word_1_449' title='bbox 1007 4672 1194 4713; x_wconf 88' lang='lat' dir='ltr'><strong>coram</strong></span> <span class='ocrx_word' id='word_1_450' title='bbox 1227 4663 1435 4718; x_wconf 89' lang='lat' dir='ltr'><strong>sanctis</strong></span> <span class='ocrx_word' id='word_1_451' title='bbox 1463 4666 1672 4736; x_wconf 83' lang='lat' dir='ltr'><strong>angelis</strong></span> <span class='ocrx_word' id='word_1_452' title='bbox 1693 4667 1920 4738; x_wconf 86' lang='lat' dir='ltr'><strong>Christi,</strong></span> <span class='ocrx_word' id='word_1_453' title='bbox 1953 4682 2013 4727; x_wconf 92' lang='lat' dir='ltr'><strong>ut</strong></span> <span class='ocrx_word' id='word_1_454' title='bbox 2051 4673 2107 4727; x_wconf 90' lang='lat' dir='ltr'><strong>in</strong></span> 
     </span>
    </p>
   </div>
   <div class='ocr_carea' id='block_1_64' title="bbox 516 4745 2108 4832">
    <p class='ocr_par' dir='ltr' id='par_1_64' title="bbox 516 4745 2108 4832">
     <span class='ocr_line' id='line_1_64' title="bbox 516 4745 2108 4832; baseline 0.016 -39"><span class='ocrx_word' id='word_1_455' title='bbox 516 4755 582 4832; x_wconf 80' lang='lat' dir='ltr'><strong>eo</strong></span> <span class='ocrx_word' id='word_1_456' title='bbox 609 4749 754 4832; x_wconf 83' lang='lat' dir='ltr'><strong>statu</strong></span> <span class='ocrx_word' id='word_1_457' title='bbox 780 4751 834 4798; x_wconf 90' lang='lat' dir='ltr'><strong>et</strong></span> <span class='ocrx_word' id='word_1_458' title='bbox 861 4745 1204 4805; x_wconf 87' lang='lat' dir='ltr'><strong>immunitate</strong></span> <span class='ocrx_word' id='word_1_459' title='bbox 1223 4767 1319 4806; x_wconf 91' lang='lat' dir='ltr'><strong>seu</strong></span> <span class='ocrx_word' id='word_1_460' title='bbox 1349 4754 1634 4828; x_wconf 86' lang='lat' dir='ltr'><strong>privilegio</strong></span> <span class='ocrx_word' id='word_1_461' title='bbox 1660 4774 1782 4813; x_wconf 91' lang='lat' dir='ltr'><strong>cum</strong></span> <span class='ocrx_word' id='word_1_462' title='bbox 1811 4775 1909 4815; x_wconf 90' lang='lat' dir='ltr'><strong>suo</strong></span> <span class='ocrx_word' id='word_1_463' title='bbox 1931 4765 2108 4832; x_wconf 89' lang='lat' dir='ltr'><strong>ponti-</strong></span> 
     </span>
    </p>
   </div>
   <div class='ocr_carea' id='block_1_65' title="bbox 517 4829 2107 4923">
    <p class='ocr_par' dir='ltr' id='par_1_65' title="bbox 517 4829 2107 4923">
     <span class='ocr_line' id='line_1_65' title="bbox 517 4829 2107 4923; baseline 0.018 -40"><span class='ocrx_word' id='word_1_464' title='bbox 517 4829 618 4885; x_wconf 85' lang='lat' dir='ltr'><strong>fice</strong></span> <span class='ocrx_word' id='word_1_465' title='bbox 641 4831 1021 4890; x_wconf 85' lang='lat' dir='ltr'><strong>Trevirensem</strong></span> <span class='ocrx_word' id='word_1_466' title='bbox 1046 4839 1345 4897; x_wconf 90' lang='lat' dir='ltr'><strong>Ecclesiam</strong></span> <span class='ocrx_word' id='word_1_467' title='bbox 1367 4859 1487 4900; x_wconf 89' lang='lat' dir='ltr'><strong>esse</strong></span> <span class='ocrx_word' id='word_1_468' title='bbox 1503 4845 1764 4916; x_wconf 87' lang='lat' dir='ltr'><strong>jubeatis,</strong></span> <span class='ocrx_word' id='word_1_469' title='bbox 1794 4829 1958 4923; x_wconf 81' lang='lat' dir='ltr'><strong>atque</strong></span> <span class='ocrx_word' id='word_1_470' title='bbox 1978 4871 2107 4910; x_wconf 89' lang='lat' dir='ltr'><strong>con-</strong></span> 
     </span>
    </p>
   </div>
   <div class='ocr_carea' id='block_1_66' title="bbox 547 4926 2105 5015">
    <p class='ocr_par' dir='ltr' id='par_1_66' title="bbox 547 4926 2105 5015">
     <span class='ocr_line' id='line_1_66' title="bbox 547 4926 2105 5015; baseline 0.019 -38"><span class='ocrx_word' id='word_1_471' title='bbox 547 4926 766 4993; x_wconf 87' lang='lat' dir='ltr'><strong>crvetis,</strong></span> <span class='ocrx_word' id='word_1_472' title='bbox 800 4944 908 4998; x_wconf 91' lang='lat' dir='ltr'><strong>quo</strong></span> <span class='ocrx_word' id='word_1_473' title='bbox 936 4932 1102 4986; x_wconf 90' lang='lat' dir='ltr'><strong>vestri</strong></span> <span class='ocrx_word' id='word_1_474' title='bbox 1131 4937 1505 5006; x_wconf 86' lang='lat' dir='ltr'><strong>progenitores</strong></span> <span class='ocrx_word' id='word_1_475' title='bbox 1550 4951 1714 5012; x_wconf 91' lang='lat' dir='ltr'><strong>atque</strong></span> <span class='ocrx_word' id='word_1_476' title='bbox 1743 4947 2105 5015; x_wconf 64' lang='lat' dir='ltr'><strong>praedecesso-</strong></span> 
     </span>
    </p>
   </div>
   <div class='ocr_carea' id='block_1_67' title="bbox 521 5023 2102 5112">
    <p class='ocr_par' dir='ltr' id='par_1_67' title="bbox 521 5023 2102 5112">
     <span class='ocr_line' id='line_1_67' title="bbox 521 5023 2102 5112; baseline 0.016 -38"><span class='ocrx_word' id='word_1_477' title='bbox 521 5033 626 5087; x_wconf 88' lang='lat' dir='ltr'><strong>res,</strong></span> <span class='ocrx_word' id='word_1_478' title='bbox 662 5023 756 5076; x_wconf 92' lang='lat' dir='ltr'><strong>sed</strong></span> <span class='ocrx_word' id='word_1_479' title='bbox 779 5033 834 5078; x_wconf 92' lang='lat' dir='ltr'><strong>et</strong></span> <span class='ocrx_word' id='word_1_480' title='bbox 860 5025 913 5078; x_wconf 90' lang='lat' dir='ltr'><strong>in</strong></span> <span class='ocrx_word' id='word_1_481' title='bbox 937 5041 1042 5096; x_wconf 93' lang='lat' dir='ltr'><strong>quo</strong></span> <span class='ocrx_word' id='word_1_482' title='bbox 1072 5027 1244 5084; x_wconf 88' lang='lat' dir='ltr'><strong>frater</strong></span> <span class='ocrx_word' id='word_1_483' title='bbox 1276 5046 1340 5086; x_wconf 90' lang='lat' dir='ltr'><strong>ac</strong></span> <span class='ocrx_word' id='word_1_484' title='bbox 1379 5049 1546 5105; x_wconf 90' lang='lat' dir='ltr'><strong>nepos</strong></span> <span class='ocrx_word' id='word_1_485' title='bbox 1577 5048 1762 5093; x_wconf 85' lang='lat' dir='ltr'><strong>vester</strong></span> <span class='ocrx_word' id='word_1_486' title='bbox 1789 5040 2102 5112; x_wconf 86' lang='lat' dir='ltr'><strong>Lotharius,</strong></span> 
     </span>
    </p>
   </div>
   <div class='ocr_carea' id='block_1_68' title="bbox 517 5118 2105 5193">
    <p class='ocr_par' dir='ltr' id='par_1_68' title="bbox 517 5118 2105 5193">
     <span class='ocr_line' id='line_1_68' title="bbox 517 5118 2105 5193; baseline 0.015 -24"><span class='ocrx_word' id='word_1_487' title='bbox 517 5127 675 5186; x_wconf 88' lang='lat' dir='ltr'><strong>pater</strong></span> <span class='ocrx_word' id='word_1_488' title='bbox 726 5118 931 5175; x_wconf 88' lang='lat' dir='ltr'><strong>scilicet</strong></span> <span class='ocrx_word' id='word_1_489' title='bbox 983 5137 1047 5178; x_wconf 90' lang='lat' dir='ltr'><strong>ac</strong></span> <span class='ocrx_word' id='word_1_490' title='bbox 1093 5122 1258 5191; x_wconf 80' lang='lat' dir='ltr'><strong>filius,</strong></span> <span class='ocrx_word' id='word_1_491' title='bbox 1299 5129 1561 5184; x_wconf 89' lang='lat' dir='ltr'><strong>canonice</strong></span> <span class='ocrx_word' id='word_1_492' title='bbox 1600 5146 2105 5193; x_wconf 89' lang='lat' dir='ltr'><strong>conservaverunt:</strong></span> 
     </span>
    </p>
   </div>
   <div class='ocr_carea' id='block_1_69' title="bbox 517 5219 2108 5295">
    <p class='ocr_par' dir='ltr' id='par_1_69' title="bbox 517 5219 2108 5295">
     <span class='ocr_line' id='line_1_69' title="bbox 517 5219 2108 5295; baseline 0.016 -32"><span class='ocrx_word' id='word_1_493' title='bbox 517 5222 784 5281; x_wconf 88' lang='lat' dir='ltr'><strong>quatenus</strong></span> <span class='ocrx_word' id='word_1_494' title='bbox 811 5226 865 5270; x_wconf 91' lang='lat' dir='ltr'><strong>et</strong></span> <span class='ocrx_word' id='word_1_495' title='bbox 907 5231 1004 5272; x_wconf 85' lang='lat' dir='ltr'><strong>vos</strong></span> <span class='ocrx_word' id='word_1_496' title='bbox 1050 5219 1304 5274; x_wconf 91' lang='lat' dir='ltr'><strong>meritum</strong></span> <span class='ocrx_word' id='word_1_497' title='bbox 1334 5221 1463 5277; x_wconf 89' lang='lat' dir='ltr'><strong>inde</strong></span> <span class='ocrx_word' id='word_1_498' title='bbox 1498 5225 1638 5292; x_wconf 90' lang='lat' dir='ltr'><strong>apud</strong></span> <span class='ocrx_word' id='word_1_499' title='bbox 1673 5227 1865 5295; x_wconf 90' lang='lat' dir='ltr'><strong>Deum,</strong></span> <span class='ocrx_word' id='word_1_500' title='bbox 1896 5239 1952 5285; x_wconf 88' lang='lat' dir='ltr'><strong>et</strong></span> 
     </span>
    </p>
   </div>
   <div class='ocr_carea' id='block_1_70' title="bbox 521 5311 2108 5391">
    <p class='ocr_par' dir='ltr' id='par_1_70' title="bbox 521 5311 2108 5391">
     <span class='ocr_line' id='line_1_70' title="bbox 521 5311 2108 5391; baseline 0.014 -30"><span class='ocrx_word' id='word_1_501' title='bbox 521 5315 633 5361; x_wconf 90' lang='lat' dir='ltr'><strong>tum</strong></span> <span class='ocrx_word' id='word_1_502' title='bbox 667 5311 1000 5380; x_wconf 87' lang='lat' dir='ltr'><strong>apstolorum</strong></span> <span class='ocrx_word' id='word_1_503' title='bbox 1031 5316 1333 5386; x_wconf 89' lang='lat' dir='ltr'><strong>principem</strong></span> <span class='ocrx_word' id='word_1_504' title='bbox 1362 5317 1608 5385; x_wconf 82' lang='lat' dir='ltr'><strong>Petrum,</strong></span> <span class='ocrx_word' id='word_1_505' title='bbox 1639 5321 1691 5374; x_wconf 91' lang='lat' dir='ltr'><strong>in</strong></span> <span class='ocrx_word' id='word_1_506' title='bbox 1723 5322 1876 5391; x_wconf 90' lang='lat' dir='ltr'><strong>cujus</strong></span> <span class='ocrx_word' id='word_1_507' title='bbox 1901 5325 2108 5383; x_wconf 87' lang='lat' dir='ltr'><strong>honore</strong></span> 
     </span>
    </p>
   </div>
   <div class='ocr_carea' id='block_1_71' title="bbox 520 5401 2110 5479">
    <p class='ocr_par' dir='ltr' id='par_1_71' title="bbox 520 5401 2110 5479">
     <span class='ocr_line' id='line_1_71' title="bbox 520 5401 2110 5479; baseline 0.015 -27"><span class='ocrx_word' id='word_1_508' title='bbox 520 5401 747 5456; x_wconf 87' lang='lat' dir='ltr'><strong>ecclesia</strong></span> <span class='ocrx_word' id='word_1_509' title='bbox 797 5405 911 5473; x_wconf 89' lang='lat' dir='ltr'><strong>ipsa</strong></span> <span class='ocrx_word' id='word_1_510' title='bbox 962 5415 1047 5462; x_wconf 85' lang='lat' dir='ltr'><strong>est</strong></span> <span class='ocrx_word' id='word_1_511' title='bbox 1074 5419 1412 5477; x_wconf 89' lang='lat' dir='ltr'><strong>consecrata,</strong></span> <span class='ocrx_word' id='word_1_512' title='bbox 1461 5411 1730 5479; x_wconf 87' lang='lat' dir='ltr'><strong>habeatis,</strong></span> <span class='ocrx_word' id='word_1_513' title='bbox 1770 5426 1823 5470; x_wconf 91' lang='lat' dir='ltr'><strong>et</strong></span> <span class='ocrx_word' id='word_1_514' title='bbox 1863 5433 1960 5474; x_wconf 94' lang='lat' dir='ltr'><strong>nos</strong></span> <span class='ocrx_word' id='word_1_515' title='bbox 1995 5435 2110 5474; x_wconf 90' lang='lat' dir='ltr'><strong>am-</strong></span> 
     </span>
    </p>
   </div>
   <div class='ocr_carea' id='block_1_72' title="bbox 521 5492 2110 5568">
    <p class='ocr_par' dir='ltr' id='par_1_72' title="bbox 521 5492 2110 5568">
     <span class='ocr_line' id='line_1_72' title="bbox 521 5492 2110 5568; baseline 0.015 -24"><span class='ocrx_word' id='word_1_516' title='bbox 521 5492 664 5562; x_wconf 90' lang='lat' dir='ltr'><strong>plius</strong></span> <span class='ocrx_word' id='word_1_517' title='bbox 693 5495 969 5556; x_wconf 89' lang='lat' dir='ltr'><strong>debitores</strong></span> <span class='ocrx_word' id='word_1_518' title='bbox 999 5501 1052 5555; x_wconf 91' lang='lat' dir='ltr'><strong>in</strong></span> <span class='ocrx_word' id='word_1_519' title='bbox 1084 5503 1425 5560; x_wconf 88' lang='lat' dir='ltr'><strong>orationibus</strong></span> <span class='ocrx_word' id='word_1_520' title='bbox 1463 5513 1516 5560; x_wconf 89' lang='lat' dir='ltr'><strong>et</strong></span> <span class='ocrx_word' id='word_1_521' title='bbox 1547 5510 1762 5564; x_wconf 83' lang='lat' dir='ltr'><strong>caeteris</strong></span> <span class='ocrx_word' id='word_1_522' title='bbox 1792 5511 1989 5567; x_wconf 89' lang='lat' dir='ltr'><strong>debitis</strong></span> <span class='ocrx_word' id='word_1_523' title='bbox 2015 5515 2110 5568; x_wconf 86' lang='lat' dir='ltr'><strong>ob-</strong></span> 
     </span>
    </p>
   </div>
   <div class='ocr_carea' id='block_1_73' title="bbox 525 5589 2109 5669">
    <p class='ocr_par' dir='ltr' id='par_1_73' title="bbox 525 5589 2109 5669">
     <span class='ocr_line' id='line_1_73' title="bbox 525 5589 2109 5669; baseline 0.013 -28"><span class='ocrx_word' id='word_1_524' title='bbox 525 5589 730 5658; x_wconf 88' lang='lat' dir='ltr'><strong>sequiis</strong></span> <span class='ocrx_word' id='word_1_525' title='bbox 765 5595 1092 5663; x_wconf 87' lang='lat' dir='ltr'><strong>acquiratis;</strong></span> <span class='ocrx_word' id='word_1_526' title='bbox 1141 5598 1267 5668; x_wconf 88' lang='lat' dir='ltr'><strong>quia</strong></span> <span class='ocrx_word' id='word_1_527' title='bbox 1307 5599 1413 5654; x_wconf 88' lang='lat' dir='ltr'><strong>nisi</strong></span> <span class='ocrx_word' id='word_1_528' title='bbox 1452 5615 1550 5669; x_wconf 92' lang='lat' dir='ltr'><strong>pro</strong></span> <span class='ocrx_word' id='word_1_529' title='bbox 1581 5611 1762 5656; x_wconf 84' lang='lat' dir='ltr'><strong>vestra</strong></span> <span class='ocrx_word' id='word_1_530' title='bbox 1801 5607 2109 5661; x_wconf 90' lang='lat' dir='ltr'><strong>reverentia</strong></span> 
     </span>
    </p>
   </div>
   <div class='ocr_carea' id='block_1_74' title="bbox 525 5675 2113 5761">
    <p class='ocr_par' dir='ltr' id='par_1_74' title="bbox 525 5675 2113 5761">
     <span class='ocr_line' id='line_1_74' title="bbox 525 5675 2113 5761; baseline 0.011 -29"><span class='ocrx_word' id='word_1_531' title='bbox 525 5675 628 5732; x_wconf 93' lang='lat' dir='ltr'><strong>hoc</strong></span> <span class='ocrx_word' id='word_1_532' title='bbox 659 5678 1019 5751; x_wconf 76' lang='lat' dir='ltr'><strong>differremus,</strong></span> <span class='ocrx_word' id='word_1_533' title='bbox 1043 5685 1159 5753; x_wconf 87' lang='lat' dir='ltr'><strong>jam</strong></span> <span class='ocrx_word' id='word_1_534' title='bbox 1181 5687 1236 5743; x_wconf 91' lang='lat' dir='ltr'><strong>in</strong></span> <span class='ocrx_word' id='word_1_535' title='bbox 1276 5704 1618 5758; x_wconf 90' lang='lat' dir='ltr'><strong>pervasorem</strong></span> <span class='ocrx_word' id='word_1_536' title='bbox 1659 5692 1829 5761; x_wconf 90' lang='lat' dir='ltr'><strong>ipsius</strong></span> <span class='ocrx_word' id='word_1_537' title='bbox 1858 5693 2113 5750; x_wconf 73' lang='lat' dir='ltr'><strong>Ecclesiae</strong></span> 
     </span>
    </p>
   </div>
   <div class='ocr_carea' id='block_1_75' title="bbox 521 5765 2114 5851">
    <p class='ocr_par' dir='ltr' id='par_1_75' title="bbox 521 5765 2114 5851">
     <span class='ocr_line' id='line_1_75' title="bbox 521 5765 2114 5851; baseline 0.011 -28"><span class='ocrx_word' id='word_1_538' title='bbox 521 5765 783 5839; x_wconf 89' lang='lat' dir='ltr'><strong>judicium</strong></span> <span class='ocrx_word' id='word_1_539' title='bbox 799 5772 853 5827; x_wconf 90' lang='lat' dir='ltr'><strong>in</strong></span> <span class='ocrx_word' id='word_1_540' title='bbox 881 5776 1040 5830; x_wconf 89' lang='lat' dir='ltr'><strong>terris</strong></span> <span class='ocrx_word' id='word_1_541' title='bbox 1060 5789 1307 5834; x_wconf 86' lang='lat' dir='ltr'><strong>exertum</strong></span> <span class='ocrx_word' id='word_1_542' title='bbox 1335 5780 1679 5846; x_wconf 88' lang='lat' dir='ltr'><strong>haberemus,</strong></span> <span class='ocrx_word' id='word_1_543' title='bbox 1707 5783 1846 5851; x_wconf 89' lang='lat' dir='ltr'><strong>quod</strong></span> <span class='ocrx_word' id='word_1_544' title='bbox 1871 5787 2114 5841; x_wconf 80' lang='lat' dir='ltr'><strong>sexcenti</strong></span> 
     </span>
    </p>
   </div>
   <div class='ocr_carea' id='block_1_76' title="bbox 530 5861 2113 5948">
    <p class='ocr_par' dir='ltr' id='par_1_76' title="bbox 530 5861 2113 5948">
     <span class='ocr_line' id='line_1_76' title="bbox 530 5861 2113 5948; baseline 0.011 -32"><span class='ocrx_word' id='word_1_545' title='bbox 530 5868 587 5916; x_wconf 90' lang='lat' dir='ltr'><strong>et</strong></span> <span class='ocrx_word' id='word_1_546' title='bbox 617 5861 836 5932; x_wconf 88' lang='lat' dir='ltr'><strong>triginta</strong></span> <span class='ocrx_word' id='word_1_547' title='bbox 865 5867 1104 5937; x_wconf 82' lang='lat' dir='ltr'><strong>episcopi</strong></span> <span class='ocrx_word' id='word_1_548' title='bbox 1133 5869 1190 5925; x_wconf 89' lang='lat' dir='ltr'><strong>in</strong></span> <span class='ocrx_word' id='word_1_549' title='bbox 1215 5885 1412 5942; x_wconf 84' lang='lat' dir='ltr'><strong>magna</strong></span> <span class='ocrx_word' id='word_1_550' title='bbox 1437 5870 1868 5930; x_wconf 82' lang='lat' dir='ltr'><strong>Chalcedonensi</strong></span> <span class='ocrx_word' id='word_1_551' title='bbox 1909 5879 2113 5948; x_wconf 83' lang='lat' dir='ltr'><strong>synodo</strong></span> 
     </span>
    </p>
   </div>
   <div class='ocr_carea' id='block_1_77' title="bbox 2196 1993 3787 2063">
    <p class='ocr_par' dir='ltr' id='par_1_77' title="bbox 2196 1993 3787 2063">
     <span class='ocr_line' id='line_1_77' title="bbox 2196 1993 3787 2063; baseline -0.003 -15"><span class='ocrx_word' id='word_1_552' title='bbox 2196 1994 2502 2050; x_wconf 81' lang='lat' dir='ltr'><strong>reverentia</strong></span> <span class='ocrx_word' id='word_1_553' title='bbox 2533 1994 2636 2049; x_wconf 90' lang='lat' dir='ltr'><strong>hoc</strong></span> <span class='ocrx_word' id='word_1_554' title='bbox 2666 2010 2772 2049; x_wconf 90' lang='lat' dir='ltr'><strong>non</strong></span> <span class='ocrx_word' id='word_1_555' title='bbox 2813 1993 3168 2059; x_wconf 82' lang='lat' dir='ltr'><strong>diii‘erremus,</strong></span> <span class='ocrx_word' id='word_1_556' title='bbox 3221 2011 3327 2050; x_wconf 90' lang='lat' dir='ltr'><strong>non</strong></span> <span class='ocrx_word' id='word_1_557' title='bbox 3361 1994 3535 2049; x_wconf 87' lang='lat' dir='ltr'><strong>solum</strong></span> <span class='ocrx_word' id='word_1_558' title='bbox 3566 2009 3666 2063; x_wconf 88' lang='lat' dir='ltr'><strong>per</strong></span> <span class='ocrx_word' id='word_1_559' title='bbox 3694 2008 3787 2045; x_wconf 81' lang='lat' dir='ltr'><strong>sa—</strong></span> 
     </span>
    </p>
   </div>
   <div class='ocr_carea' id='block_1_78' title="bbox 2197 2089 3786 2159">
    <p class='ocr_par' dir='ltr' id='par_1_78' title="bbox 2197 2089 3786 2159">
     <span class='ocr_line' id='line_1_78' title="bbox 2197 2089 3786 2159; baseline -0.003 -13"><span class='ocrx_word' id='word_1_560' title='bbox 2197 2107 2320 2146; x_wconf 92' lang='lat' dir='ltr'><strong>eros</strong></span> <span class='ocrx_word' id='word_1_561' title='bbox 2361 2105 2599 2145; x_wconf 91' lang='lat' dir='ltr'><strong>canones</strong></span> <span class='ocrx_word' id='word_1_562' title='bbox 2636 2089 3053 2144; x_wconf 90' lang='lat' dir='ltr'><strong>decerneremus</strong></span> <span class='ocrx_word' id='word_1_563' title='bbox 3078 2131 3092 2154; x_wconf 93' lang='lat'><strong>,</strong></span> <span class='ocrx_word' id='word_1_564' title='bbox 3133 2098 3193 2144; x_wconf 91' lang='lat' dir='ltr'><strong>ut</strong></span> <span class='ocrx_word' id='word_1_565' title='bbox 3232 2105 3506 2159; x_wconf 88' lang='lat' dir='ltr'><strong>nunquam</strong></span> <span class='ocrx_word' id='word_1_566' title='bbox 3553 2098 3611 2142; x_wconf 91' lang='lat' dir='ltr'><strong>et</strong></span> <span class='ocrx_word' id='word_1_567' title='bbox 3655 2103 3786 2142; x_wconf 85' lang='lat' dir='ltr'><strong>nus-</strong></span> 
     </span>
    </p>
   </div>
   <div class='ocr_carea' id='block_1_79' title="bbox 2199 2180 3786 2252">
    <p class='ocr_par' dir='ltr' id='par_1_79' title="bbox 2199 2180 3786 2252">
     <span class='ocr_line' id='line_1_79' title="bbox 2199 2180 3786 2252; baseline -0.002 -16"><span class='ocrx_word' id='word_1_568' title='bbox 2199 2198 2359 2252; x_wconf 89' lang='lat' dir='ltr'><strong>quam</strong></span> <span class='ocrx_word' id='word_1_569' title='bbox 2381 2182 2447 2235; x_wconf 93' lang='lat' dir='ltr'><strong>ad</strong></span> <span class='ocrx_word' id='word_1_570' title='bbox 2472 2183 2670 2252; x_wconf 88' lang='lat' dir='ltr'><strong>gradus</strong></span> <span class='ocrx_word' id='word_1_571' title='bbox 2697 2181 3097 2236; x_wconf 82' lang='lat' dir='ltr'><strong>ecclesiasticos</strong></span> <span class='ocrx_word' id='word_1_572' title='bbox 3118 2189 3472 2250; x_wconf 67' lang='lat' dir='ltr'><strong>praesumeret</strong></span> <span class='ocrx_word' id='word_1_573' title='bbox 3500 2180 3786 2242; x_wconf 85' lang='lat' dir='ltr'><strong>accedere,</strong></span> 
     </span>
    </p>
   </div>
   <div class='ocr_carea' id='block_1_80' title="bbox 2197 2269 3787 2341">
    <p class='ocr_par' dir='ltr' id='par_1_80' title="bbox 2197 2269 3787 2341">
     <span class='ocr_line' id='line_1_80' title="bbox 2197 2269 3787 2341; baseline -0.003 -15"><span class='ocrx_word' id='word_1_574' title='bbox 2197 2287 2386 2326; x_wconf 92' lang='lat' dir='ltr'><strong>verum</strong></span> <span class='ocrx_word' id='word_1_575' title='bbox 2432 2272 2532 2327; x_wconf 91' lang='lat' dir='ltr'><strong>sub</strong></span> <span class='ocrx_word' id='word_1_576' title='bbox 2575 2273 2925 2326; x_wconf 89' lang='lat' dir='ltr'><strong>anathemate</strong></span> <span class='ocrx_word' id='word_1_577' title='bbox 2976 2287 3100 2326; x_wconf 91' lang='lat' dir='ltr'><strong>eum</strong></span> <span class='ocrx_word' id='word_1_578' title='bbox 3149 2282 3434 2341; x_wconf 88' lang='lat' dir='ltr'><strong>ponentes,</strong></span> <span class='ocrx_word' id='word_1_579' title='bbox 3481 2269 3688 2323; x_wconf 89' lang='lat' dir='ltr'><strong>retrudi</strong></span> <span class='ocrx_word' id='word_1_580' title='bbox 3733 2269 3787 2322; x_wconf 88' lang='lat' dir='ltr'><strong>in</strong></span> 
     </span>
    </p>
   </div>
   <div class='ocr_carea' id='block_1_81' title="bbox 2197 2363 3789 2435">
    <p class='ocr_par' dir='ltr' id='par_1_81' title="bbox 2197 2363 3789 2435">
     <span class='ocr_line' id='line_1_81' title="bbox 2197 2363 3789 2435; baseline -0.004 -16"><span class='ocrx_word' id='word_1_581' title='bbox 2197 2365 2472 2435; x_wconf 88' lang='lat' dir='ltr'><strong>ergastulo</strong></span> <span class='ocrx_word' id='word_1_582' title='bbox 2515 2365 2812 2419; x_wconf 89' lang='lat' dir='ltr'><strong>secundum</strong></span> <span class='ocrx_word' id='word_1_583' title='bbox 2865 2379 3051 2419; x_wconf 88' lang='lat' dir='ltr'><strong>sacras</strong></span> <span class='ocrx_word' id='word_1_584' title='bbox 3093 2363 3307 2434; x_wconf 90' lang='lat' dir='ltr'><strong>regulas</strong></span> <span class='ocrx_word' id='word_1_585' title='bbox 3336 2364 3789 2417; x_wconf 86' lang='lat' dir='ltr'><strong>decerneremus:</strong></span> 
     </span>
    </p>
   </div>
   <div class='ocr_carea' id='block_1_82' title="bbox 2200 2453 3790 2523">
    <p class='ocr_par' dir='ltr' id='par_1_82' title="bbox 2200 2453 3790 2523">
     <span class='ocr_line' id='line_1_82' title="bbox 2200 2453 3790 2523; baseline -0.002 -15"><span class='ocrx_word' id='word_1_586' title='bbox 2200 2454 2324 2508; x_wconf 90' lang='lat' dir='ltr'><strong>etsi</strong></span> <span class='ocrx_word' id='word_1_587' title='bbox 2372 2455 2424 2507; x_wconf 92' lang='lat' dir='ltr'><strong>in</strong></span> <span class='ocrx_word' id='word_1_588' title='bbox 2463 2453 2806 2508; x_wconf 90' lang='lat' dir='ltr'><strong>contumacia</strong></span> <span class='ocrx_word' id='word_1_589' title='bbox 2837 2469 2932 2508; x_wconf 89' lang='lat' dir='ltr'><strong>sua</strong></span> <span class='ocrx_word' id='word_1_590' title='bbox 2964 2454 3283 2523; x_wconf 87' lang='lat' dir='ltr'><strong>perstiterit,</strong></span> <span class='ocrx_word' id='word_1_591' title='bbox 3318 2454 3434 2508; x_wconf 87' lang='lat' dir='ltr'><strong>sine</strong></span> <span class='ocrx_word' id='word_1_592' title='bbox 3464 2453 3572 2506; x_wconf 90' lang='lat' dir='ltr'><strong>ulla</strong></span> <span class='ocrx_word' id='word_1_593' title='bbox 3610 2462 3790 2506; x_wconf 85' lang='lat' dir='ltr'><strong>retra-</strong></span> 
     </span>
    </p>
   </div>
   <div class='ocr_carea' id='block_1_83' title="bbox 2202 2543 3793 2614">
    <p class='ocr_par' dir='ltr' id='par_1_83' title="bbox 2202 2543 3793 2614">
     <span class='ocr_line' id='line_1_83' title="bbox 2202 2543 3793 2614; baseline -0.002 -16"><span class='ocrx_word' id='word_1_594' title='bbox 2202 2545 2439 2599; x_wconf 90' lang='lat' dir='ltr'><strong>ctatione</strong></span> <span class='ocrx_word' id='word_1_595' title='bbox 2469 2545 2641 2599; x_wconf 89' lang='lat' dir='ltr'><strong>modis</strong></span> <span class='ocrx_word' id='word_1_596' title='bbox 2657 2545 2908 2600; x_wconf 90' lang='lat' dir='ltr'><strong>omnibus</strong></span> <span class='ocrx_word' id='word_1_597' title='bbox 2924 2545 3342 2600; x_wconf 81' lang='lat' dir='ltr'><strong>deeernemus.A</strong></span> <span class='ocrx_word' id='word_1_598' title='bbox 3357 2543 3598 2614; x_wconf 72' lang='lat' dir='ltr'><strong>przefatis</strong></span> <span class='ocrx_word' id='word_1_599' title='bbox 3609 2551 3793 2596; x_wconf 78' lang='lat' dir='ltr'><strong>autem</strong></span> 
     </span>
    </p>
   </div>
   <div class='ocr_carea' id='block_1_84' title="bbox 2200 2637 3793 2692">
    <p class='ocr_par' dir='ltr' id='par_1_84' title="bbox 2200 2637 3793 2692">
     <span class='ocr_line' id='line_1_84' title="bbox 2200 2637 3793 2692; baseline -0.002 -2"><span class='ocrx_word' id='word_1_600' title='bbox 2200 2637 2645 2691; x_wconf 85' lang='lat' dir='ltr'><strong>intentationibus</strong></span> <span class='ocrx_word' id='word_1_601' title='bbox 2689 2653 2968 2691; x_wconf 87' lang='lat' dir='ltr'><strong>sacrorum</strong></span> <span class='ocrx_word' id='word_1_602' title='bbox 3041 2653 3306 2692; x_wconf 88' lang='lat' dir='ltr'><strong>canonum</strong></span> <span class='ocrx_word' id='word_1_603' title='bbox 3354 2653 3452 2692; x_wconf 89' lang='lat' dir='ltr'><strong>vos</strong></span> <span class='ocrx_word' id='word_1_604' title='bbox 3493 2637 3793 2690; x_wconf 87' lang='lat' dir='ltr'><strong>immunem</strong></span> 
     </span>
    </p>
   </div>
   <div class='ocr_carea' id='block_1_85' title="bbox 2200 2729 3790 2798">
    <p class='ocr_par' dir='ltr' id='par_1_85' title="bbox 2200 2729 3790 2798">
     <span class='ocr_line' id='line_1_85' title="bbox 2200 2729 3790 2798; baseline -0.004 -16"><span class='ocrx_word' id='word_1_605' title='bbox 2200 2739 2362 2798; x_wconf 89' lang='lat' dir='ltr'><strong>atque</strong></span> <span class='ocrx_word' id='word_1_606' title='bbox 2390 2740 2634 2783; x_wconf 80' lang='lat' dir='ltr'><strong>exortem</strong></span> <span class='ocrx_word' id='word_1_607' title='bbox 2675 2745 2704 2781; x_wconf 91' lang='lat' dir='ltr'><strong>a</strong></span> <span class='ocrx_word' id='word_1_608' title='bbox 2732 2729 2982 2793; x_wconf 90' lang='lat' dir='ltr'><strong>Domino,</strong></span> <span class='ocrx_word' id='word_1_609' title='bbox 3015 2743 3112 2798; x_wconf 89' lang='lat' dir='ltr'><strong>per</strong></span> <span class='ocrx_word' id='word_1_610' title='bbox 3137 2744 3297 2798; x_wconf 91' lang='lat' dir='ltr'><strong>quem</strong></span> <span class='ocrx_word' id='word_1_611' title='bbox 3343 2741 3496 2796; x_wconf 87' lang='lat' dir='ltr'><strong>reges</strong></span> <span class='ocrx_word' id='word_1_612' title='bbox 3535 2734 3790 2795; x_wconf 86' lang='lat' dir='ltr'><strong>regnant,</strong></span> 
     </span>
    </p>
   </div>
   <div class='ocr_carea' id='block_1_86' title="bbox 2200 2816 3792 2888">
    <p class='ocr_par' dir='ltr' id='par_1_86' title="bbox 2200 2816 3792 2888">
     <span class='ocr_line' id='line_1_86' title="bbox 2200 2816 3792 2888; baseline -0.003 -16"><span class='ocrx_word' id='word_1_613' title='bbox 2200 2827 2256 2873; x_wconf 89' lang='lat' dir='ltr'><strong>et</strong></span> <span class='ocrx_word' id='word_1_614' title='bbox 2281 2834 2348 2873; x_wconf 86' lang='lat' dir='ltr'><strong>ex</strong></span> <span class='ocrx_word' id='word_1_615' title='bbox 2373 2833 2479 2888; x_wconf 90' lang='lat' dir='ltr'><strong>quo</strong></span> <span class='ocrx_word' id='word_1_616' title='bbox 2505 2827 2560 2873; x_wconf 93' lang='lat' dir='ltr'><strong>et</strong></span> <span class='ocrx_word' id='word_1_617' title='bbox 2585 2829 2872 2888; x_wconf 84' lang='lat' dir='ltr'><strong>per&#39;quem</strong></span> <span class='ocrx_word' id='word_1_618' title='bbox 2903 2819 3184 2874; x_wconf 81' lang='lat' dir='ltr'><strong>exordium</strong></span> <span class='ocrx_word' id='word_1_619' title='bbox 3217 2833 3373 2873; x_wconf 91' lang='lat' dir='ltr'><strong>sacer</strong></span> <span class='ocrx_word' id='word_1_620' title='bbox 3402 2817 3546 2886; x_wconf 88' lang='lat' dir='ltr'><strong>cepit</strong></span> <span class='ocrx_word' id='word_1_621' title='bbox 3579 2816 3792 2884; x_wconf 84' lang='lat' dir='ltr'><strong>episeo-</strong></span> 
     </span>
    </p>
   </div>
   <div class='ocr_carea' id='block_1_87' title="bbox 2201 2909 3793 2987">
    <p class='ocr_par' dir='ltr' id='par_1_87' title="bbox 2201 2909 3793 2987">
     <span class='ocr_line' id='line_1_87' title="bbox 2201 2909 3793 2987; baseline -0.006 -17"><span class='ocrx_word' id='word_1_622' title='bbox 2201 2925 2382 2987; x_wconf 89' lang='lat' dir='ltr'><strong>patus,</strong></span> <span class='ocrx_word' id='word_1_623' title='bbox 2408 2916 2524 2970; x_wconf 83' lang='lat' dir='ltr'><strong>fieri</strong></span> <span class='ocrx_word' id='word_1_624' title='bbox 2553 2917 2676 2970; x_wconf 89' lang='lat' dir='ltr'><strong>totis</strong></span> <span class='ocrx_word' id='word_1_625' title='bbox 2705 2915 2912 2970; x_wconf 89' lang='lat' dir='ltr'><strong>nisibus</strong></span> <span class='ocrx_word' id='word_1_626' title='bbox 2937 2929 3250 2977; x_wconf 86' lang='lat' dir='ltr'><strong>exoramus,</strong></span> <span class='ocrx_word' id='word_1_627' title='bbox 3277 2913 3419 2967; x_wconf 91' lang='lat' dir='ltr'><strong>illius</strong></span> <span class='ocrx_word' id='word_1_628' title='bbox 3444 2909 3793 2965; x_wconf 85' lang='lat' dir='ltr'><strong>clementiam</strong></span> 
     </span>
    </p>
   </div>
   <div class='ocr_carea' id='block_1_88' title="bbox 2202 3002 3794 3077">
    <p class='ocr_par' dir='ltr' id='par_1_88' title="bbox 2202 3002 3794 3077">
     <span class='ocr_line' id='line_1_88' title="bbox 2202 3002 3794 3077; baseline -0.007 -14"><span class='ocrx_word' id='word_1_629' title='bbox 2202 3009 2556 3077; x_wconf 90' lang='lat' dir='ltr'><strong>deprecantes</strong></span> <span class='ocrx_word' id='word_1_630' title='bbox 2585 3015 2644 3060; x_wconf 90' lang='lat' dir='ltr'><strong>ut</strong></span> <span class='ocrx_word' id='word_1_631' title='bbox 2671 3007 2760 3061; x_wconf 90' lang='lat' dir='ltr'><strong>det</strong></span> <span class='ocrx_word' id='word_1_632' title='bbox 2790 3005 2944 3060; x_wconf 89' lang='lat' dir='ltr'><strong>vobis</strong></span> <span class='ocrx_word' id='word_1_633' title='bbox 2970 3005 3106 3060; x_wconf 91' lang='lat' dir='ltr'><strong>velle</strong></span> <span class='ocrx_word' id='word_1_634' title='bbox 3136 3017 3191 3059; x_wconf 88' lang='lat' dir='ltr'><strong>et</strong></span> <span class='ocrx_word' id='word_1_635' title='bbox 3225 3005 3490 3076; x_wconf 83' lang='lat' dir='ltr'><strong>perficere</strong></span> <span class='ocrx_word' id='word_1_636' title='bbox 3520 3017 3619 3071; x_wconf 89' lang='lat' dir='ltr'><strong>pro</strong></span> <span class='ocrx_word' id='word_1_637' title='bbox 3649 3002 3794 3054; x_wconf 89' lang='lat' dir='ltr'><strong>bona</strong></span> 
     </span>
    </p>
   </div>
   <div class='ocr_carea' id='block_1_89' title="bbox 2201 3091 3798 3167">
    <p class='ocr_par' dir='ltr' id='par_1_89' title="bbox 2201 3091 3798 3167">
     <span class='ocr_line' id='line_1_89' title="bbox 2201 3091 3798 3167; baseline -0.006 -17"><span class='ocrx_word' id='word_1_638' title='bbox 2201 3098 2480 3153; x_wconf 87' lang='lat' dir='ltr'><strong>voluntate</strong></span> <span class='ocrx_word' id='word_1_639' title='bbox 2515 3112 2637 3166; x_wconf 83' lang='lat' dir='ltr'><strong>quae</strong></span> <span class='ocrx_word' id='word_1_640' title='bbox 2673 3097 2953 3167; x_wconf 86' lang='lat' dir='ltr'><strong>praecepit,</strong></span> <span class='ocrx_word' id='word_1_641' title='bbox 2985 3106 3253 3166; x_wconf 88' lang='lat' dir='ltr'><strong>quatenus</strong></span> <span class='ocrx_word' id='word_1_642' title='bbox 3299 3091 3620 3148; x_wconf 88' lang='lat' dir='ltr'><strong>mereamini</strong></span> <span class='ocrx_word' id='word_1_643' title='bbox 3671 3103 3798 3157; x_wconf 89' lang='lat' dir='ltr'><strong>per-</strong></span> 
     </span>
    </p>
   </div>
   <div class='ocr_carea' id='block_1_90' title="bbox 2205 3186 3798 3271">
    <p class='ocr_par' dir='ltr' id='par_1_90' title="bbox 2205 3186 3798 3271">
     <span class='ocr_line' id='line_1_90' title="bbox 2205 3186 3798 3271; baseline -0.009 -23"><span class='ocrx_word' id='word_1_644' title='bbox 2205 3195 2386 3262; x_wconf 89' lang='lat' dir='ltr'><strong>cipere</strong></span> <span class='ocrx_word' id='word_1_645' title='bbox 2431 3191 2904 3271; x_wconf 85' lang='lat' dir='ltr'><strong>aeternagaudia,</strong></span> <span class='ocrx_word' id='word_1_646' title='bbox 2952 3206 3071 3261; x_wconf 60' lang='lat' dir='ltr'><strong>qua</strong></span> <span class='ocrx_word' id='word_1_647' title='bbox 3119 3205 3178 3245; x_wconf 90' lang='lat' dir='ltr'><strong>se</strong></span> <span class='ocrx_word' id='word_1_648' title='bbox 3219 3186 3564 3258; x_wconf 81' lang='lat' dir='ltr'><strong>diligentibus</strong></span> <span class='ocrx_word' id='word_1_649' title='bbox 3608 3194 3798 3252; x_wconf 82' lang='lat' dir='ltr'><strong>repro-</strong></span> 
     </span>
    </p>
   </div>
   <div class='ocr_carea' id='block_1_91' title="bbox 2735 3307 3356 3411">
    <p class='ocr_par' dir='ltr' id='par_1_91' title="bbox 2735 3307 3356 3411">
     <span class='ocr_line' id='line_1_91' title="bbox 2735 3307 3356 3411; baseline -0.008 0"><span class='ocrx_word' id='word_1_650' title='bbox 2735 3352 3074 3411; x_wconf 80' lang='lat' dir='ltr'><strong>EPISTOLA</strong></span> <span class='ocrx_word' id='word_1_651' title='bbox 3110 3307 3266 3407; x_wconf 61' lang='lat' dir='ltr'>XLII.</span> <span class='ocrx_word' id='word_1_652' title='bbox 3352 3403 3356 3406; x_wconf 86' lang='lat'><strong>.</strong></span> 
     </span>
    </p>
   </div>
   <div class='ocr_carea' id='block_1_92' title="bbox 2789 3446 3199 3516">
    <p class='ocr_par' dir='ltr' id='par_1_92' title="bbox 2789 3446 3199 3516">
     <span class='ocr_line' id='line_1_92' title="bbox 2789 3446 3199 3516; baseline -0.01 -16"><span class='ocrx_word' id='word_1_653' title='bbox 2789 3446 3199 3516; x_wconf 84' lang='lat' dir='ltr'><strong>Fragmentum.</strong></span> 
     </span>
    </p>
   </div>
   <div class='ocr_carea' id='block_1_93' title="bbox 2335 3558 3663 3608">
    <p class='ocr_par' dir='ltr' id='par_1_93' title="bbox 2335 3558 3663 3608">
     <span class='ocr_line' id='line_1_93' title="bbox 2335 3558 3663 3608; baseline -0.007 -2"><span class='ocrx_word' id='word_1_654' title='bbox 2335 3566 2583 3608; x_wconf 82' lang='lat' dir='ltr'><strong>WILIGISO</strong></span> <span class='ocrx_word' id='word_1_655' title='bbox 2629 3566 2701 3606; x_wconf 77' lang='grc' dir='ltr'><strong>ΕΤ</strong></span> <span class='ocrx_word' id='word_1_656' title='bbox 2738 3563 2983 3605; x_wconf 65' lang='grc' dir='ltr'><strong>σετειιιε</strong></span> <span class='ocrx_word' id='word_1_657' title='bbox 3021 3563 3282 3602; x_wconf 75' lang='lat' dir='ltr'><strong>MONACHIS</strong></span> <span class='ocrx_word' id='word_1_658' title='bbox 3319 3562 3366 3602; x_wconf 81' lang='lat' dir='ltr'><strong>S.</strong></span> <span class='ocrx_word' id='word_1_659' title='bbox 3409 3558 3663 3602; x_wconf 70' lang='lat' dir='ltr'><strong>DIONYS&quot;.</strong></span> 
     </span>
    </p>
   </div>
   <div class='ocr_carea' id='block_1_94' title="bbox 2314 3654 3683 3732">
    <p class='ocr_par' dir='ltr' id='par_1_94' title="bbox 2314 3654 3683 3732">
     <span class='ocr_line' id='line_1_94' title="bbox 2314 3654 3683 3732; baseline -0.01 -14"><span class='ocrx_word' id='word_1_660' title='bbox 2314 3662 2468 3728; x_wconf 84' lang='lat' dir='ltr'><strong>Quod</strong></span> <span class='ocrx_word' id='word_1_661' title='bbox 2499 3662 2724 3732; x_wconf 79' lang='lat' dir='ltr'><strong>pretium</strong></span> <span class='ocrx_word' id='word_1_662' title='bbox 2770 3677 2862 3732; x_wconf 81' lang='lat' dir='ltr'><strong>pro</strong></span> <span class='ocrx_word' id='word_1_663' title='bbox 2909 3659 3112 3714; x_wconf 87' lang='lat' dir='ltr'><strong>decima</strong></span> <span class='ocrx_word' id='word_1_664' title='bbox 3135 3659 3302 3729; x_wconf 67' lang='lat' dir='ltr'><strong>quaeri</strong></span> <span class='ocrx_word' id='word_1_665' title='bbox 3347 3673 3452 3711; x_wconf 83' lang='lat' dir='ltr'><strong>non</strong></span> <span class='ocrx_word' id='word_1_666' title='bbox 3480 3654 3683 3710; x_wconf 82' lang='lat' dir='ltr'><strong>debeat.</strong></span> 
     </span>
    </p>
   </div>
   <div class='ocr_carea' id='block_1_95' title="bbox 2361 3768 3641 3842">
    <p class='ocr_par' dir='ltr' id='par_1_95' title="bbox 2361 3768 3641 3842">
     <span class='ocr_line' id='line_1_95' title="bbox 2361 3768 3641 3842; baseline -0.011 -13"><span class='ocrx_word' id='word_1_667' title='bbox 2361 3778 2525 3842; x_wconf 86' lang='lat' dir='ltr'><strong>(Apud</strong></span> <span class='ocrx_word' id='word_1_668' title='bbox 2545 3776 2790 3840; x_wconf 85' lang='lat' dir='ltr'><strong>eumdem,</strong></span> <span class='ocrx_word' id='word_1_669' title='bbox 2817 3787 2884 3824; x_wconf 79' lang='lat' dir='ltr'><strong>ex</strong></span> <span class='ocrx_word' id='word_1_670' title='bbox 2908 3773 3184 3834; x_wconf 85' lang='lat' dir='ltr'><strong>Flodoardi,</strong></span> <span class='ocrx_word' id='word_1_671' title='bbox 3207 3772 3289 3822; x_wconf 90' lang='lat' dir='ltr'><strong>lib.</strong></span> <span class='ocrx_word' id='word_1_672' title='bbox 3315 3785 3384 3832; x_wconf 83' lang='lat' dir='ltr'><strong>Ill,</strong></span> <span class='ocrx_word' id='word_1_673' title='bbox 3404 3783 3508 3833; x_wconf 88' lang='lat' dir='ltr'><strong>cap.</strong></span> <span class='ocrx_word' id='word_1_674' title='bbox 3533 3768 3641 3830; x_wconf 69' lang='lat'><strong>25.)</strong></span> 
     </span>
    </p>
   </div>
   <div class='ocr_carea' id='block_1_96' title="bbox 2279 3873 3805 3951">
    <p class='ocr_par' dir='ltr' id='par_1_96' title="bbox 2279 3873 3805 3951">
     <span class='ocr_line' id='line_1_96' title="bbox 2279 3873 3805 3951; baseline -0.01 -11"><span class='ocrx_word' id='word_1_675' title='bbox 2279 3887 2452 3951; x_wconf 87' lang='lat' dir='ltr'><strong>Absit,</strong></span> <span class='ocrx_word' id='word_1_676' title='bbox 2479 3885 2700 3951; x_wconf 90' lang='lat' dir='ltr'><strong>fratres,</strong></span> <span class='ocrx_word' id='word_1_677' title='bbox 2730 3891 2788 3938; x_wconf 95' lang='lat' dir='ltr'><strong>ut</strong></span> <span class='ocrx_word' id='word_1_678' title='bbox 2817 3883 2910 3936; x_wconf 88' lang='lat' dir='ltr'><strong>alii</strong></span> <span class='ocrx_word' id='word_1_679' title='bbox 2951 3880 3312 3937; x_wconf 91' lang='lat' dir='ltr'><strong>ecclesiastici</strong></span> <span class='ocrx_word' id='word_1_680' title='bbox 3347 3888 3402 3933; x_wconf 90' lang='lat' dir='ltr'><strong>et</strong></span> <span class='ocrx_word' id='word_1_681' title='bbox 3435 3874 3672 3946; x_wconf 84' lang='lat' dir='ltr'><strong>religiosi</strong></span> <span class='ocrx_word' id='word_1_682' title='bbox 3701 3873 3805 3926; x_wconf 83' lang='lat' dir='ltr'><strong>viri</strong></span> 
     </span>
    </p>
   </div>
   <div class='ocr_carea' id='block_1_97' title="bbox 2209 3964 3808 4044">
    <p class='ocr_par' dir='ltr' id='par_1_97' title="bbox 2209 3964 3808 4044">
     <span class='ocr_line' id='line_1_97' title="bbox 2209 3964 3808 4044; baseline -0.01 -13"><span class='ocrx_word' id='word_1_683' title='bbox 2209 3977 2313 4031; x_wconf 88' lang='lat' dir='ltr'><strong>hoc</strong></span> <span class='ocrx_word' id='word_1_684' title='bbox 2339 3976 2583 4041; x_wconf 87' lang='lat' dir='ltr'><strong>audiant,</strong></span> <span class='ocrx_word' id='word_1_685' title='bbox 2607 3975 2734 4044; x_wconf 90' lang='lat' dir='ltr'><strong>quia</strong></span> <span class='ocrx_word' id='word_1_686' title='bbox 2760 3973 3011 4029; x_wconf 88' lang='lat' dir='ltr'><strong>monachi</strong></span> <span class='ocrx_word' id='word_1_687' title='bbox 3033 3973 3100 4027; x_wconf 91' lang='lat' dir='ltr'><strong>de</strong></span> <span class='ocrx_word' id='word_1_688' title='bbox 3127 3969 3458 4026; x_wconf 88' lang='lat' dir='ltr'><strong>monasterio</strong></span> <span class='ocrx_word' id='word_1_689' title='bbox 3484 3965 3658 4022; x_wconf 88' lang='lat' dir='ltr'><strong>sancti</strong></span> <span class='ocrx_word' id='word_1_690' title='bbox 3681 3964 3808 4018; x_wconf 88' lang='lat' dir='ltr'><strong>Dio-</strong></span> 
     </span>
    </p>
   </div>
   <div class='ocr_carea' id='block_1_98' title="bbox 2207 4057 3808 4141">
    <p class='ocr_par' dir='ltr' id='par_1_98' title="bbox 2207 4057 3808 4141">
     <span class='ocr_line' id='line_1_98' title="bbox 2207 4057 3808 4141; baseline -0.009 -18"><span class='ocrx_word' id='word_1_691' title='bbox 2207 4069 2346 4141; x_wconf 88' lang='lat' dir='ltr'><strong>nysii</strong></span> <span class='ocrx_word' id='word_1_692' title='bbox 2377 4068 2649 4122; x_wconf 91' lang='lat' dir='ltr'><strong>decimam</strong></span> <span class='ocrx_word' id='word_1_693' title='bbox 2683 4067 2922 4121; x_wconf 88' lang='lat' dir='ltr'><strong>vendere</strong></span> <span class='ocrx_word' id='word_1_694' title='bbox 2961 4072 3231 4134; x_wconf 87' lang='lat' dir='ltr'><strong>quaerunt,</strong></span> <span class='ocrx_word' id='word_1_695' title='bbox 3265 4071 3326 4118; x_wconf 93' lang='lat' dir='ltr'><strong>ut</strong></span> <span class='ocrx_word' id='word_1_696' title='bbox 3363 4063 3429 4117; x_wconf 88' lang='lat' dir='ltr'><strong>de</strong></span> <span class='ocrx_word' id='word_1_697' title='bbox 3469 4061 3586 4130; x_wconf 89' lang='lat' dir='ltr'><strong>ipso</strong></span> <span class='ocrx_word' id='word_1_698' title='bbox 3625 4057 3808 4128; x_wconf 87' lang='lat' dir='ltr'><strong>pretio</strong></span> 
     </span>
    </p>
   </div>
   <div class='ocr_carea' id='block_1_99' title="bbox 2210 4150 3810 4230">
    <p class='ocr_par' dir='ltr' id='par_1_99' title="bbox 2210 4150 3810 4230">
     <span class='ocr_line' id='line_1_99' title="bbox 2210 4150 3810 4230; baseline -0.01 -14"><span class='ocrx_word' id='word_1_699' title='bbox 2210 4163 2482 4216; x_wconf 90' lang='lat' dir='ltr'><strong>infernum</strong></span> <span class='ocrx_word' id='word_1_700' title='bbox 2539 4169 2874 4230; x_wconf 88' lang='lat' dir='ltr'><strong>comparent.</strong></span> <span class='ocrx_word' id='word_1_701' title='bbox 2926 4157 3093 4212; x_wconf 86' lang='lat' dir='ltr'><strong>Multo</strong></span> <span class='ocrx_word' id='word_1_702' title='bbox 3139 4156 3311 4227; x_wconf 89' lang='lat' dir='ltr'><strong>magis</strong></span> <span class='ocrx_word' id='word_1_703' title='bbox 3352 4161 3533 4208; x_wconf 90' lang='lat' dir='ltr'><strong>autem</strong></span> <span class='ocrx_word' id='word_1_704' title='bbox 3576 4150 3718 4203; x_wconf 87' lang='lat' dir='ltr'><strong>absit</strong></span> <span class='ocrx_word' id='word_1_705' title='bbox 3751 4157 3810 4201; x_wconf 90' lang='lat' dir='ltr'><strong>ut</strong></span> 
     </span>
    </p>
   </div>
   <div class='ocr_carea' id='block_1_100' title="bbox 2209 4241 3810 4324">
    <p class='ocr_par' dir='ltr' id='par_1_100' title="bbox 2209 4241 3810 4324">
     <span class='ocr_line' id='line_1_100' title="bbox 2209 4241 3810 4324; baseline -0.011 -13"><span class='ocrx_word' id='word_1_706' title='bbox 2209 4257 2313 4311; x_wconf 91' lang='lat' dir='ltr'><strong>hoc</strong></span> <span class='ocrx_word' id='word_1_707' title='bbox 2340 4256 2463 4310; x_wconf 90' lang='lat' dir='ltr'><strong>laici</strong></span> <span class='ocrx_word' id='word_1_708' title='bbox 2493 4254 2734 4318; x_wconf 89' lang='lat' dir='ltr'><strong>audiant,</strong></span> <span class='ocrx_word' id='word_1_709' title='bbox 2761 4253 2904 4324; x_wconf 91' lang='lat' dir='ltr'><strong>quod</strong></span> <span class='ocrx_word' id='word_1_710' title='bbox 2938 4266 3098 4306; x_wconf 89' lang='lat' dir='ltr'><strong>nemo</strong></span> <span class='ocrx_word' id='word_1_711' title='bbox 3129 4253 3291 4305; x_wconf 90' lang='lat' dir='ltr'><strong>etiam</strong></span> <span class='ocrx_word' id='word_1_712' title='bbox 3315 4245 3552 4318; x_wconf 86' lang='lat' dir='ltr'><strong>peccatis</strong></span> <span class='ocrx_word' id='word_1_713' title='bbox 3576 4241 3810 4313; x_wconf 86' lang='lat' dir='ltr'><strong>publicis</strong></span> 
     </span>
    </p>
   </div>
   <div class='ocr_carea' id='block_1_101' title="bbox 2211 4332 3806 4416">
    <p class='ocr_par' dir='ltr' id='par_1_101' title="bbox 2211 4332 3806 4416">
     <span class='ocr_line' id='line_1_101' title="bbox 2211 4332 3806 4416; baseline -0.011 -14"><span class='ocrx_word' id='word_1_714' title='bbox 2211 4346 2520 4416; x_wconf 89' lang='lat' dir='ltr'><strong>implicatus</strong></span> <span class='ocrx_word' id='word_1_715' title='bbox 2559 4345 2615 4399; x_wconf 89' lang='lat' dir='ltr'><strong>in</strong></span> <span class='ocrx_word' id='word_1_716' title='bbox 2655 4359 2774 4399; x_wconf 91' lang='lat' dir='ltr'><strong>mea</strong></span> <span class='ocrx_word' id='word_1_717' title='bbox 2805 4343 3065 4413; x_wconf 87' lang='lat' dir='ltr'><strong>parochia</strong></span> <span class='ocrx_word' id='word_1_718' title='bbox 3111 4342 3296 4396; x_wconf 89' lang='lat' dir='ltr'><strong>facere</strong></span> <span class='ocrx_word' id='word_1_719' title='bbox 3334 4337 3517 4392; x_wconf 87' lang='lat' dir='ltr'><strong>audet.</strong></span> <span class='ocrx_word' id='word_1_720' title='bbox 3571 4333 3631 4387; x_wconf 90' lang='lat' dir='ltr'><strong>Si</strong></span> <span class='ocrx_word' id='word_1_721' title='bbox 3659 4332 3806 4387; x_wconf 89' lang='lat' dir='ltr'><strong>enim</strong></span> 
     </span>
    </p>
   </div>
   <div class='ocr_carea' id='block_1_102' title="bbox 2211 4429 3804 4508">
    <p class='ocr_par' dir='ltr' id='par_1_102' title="bbox 2211 4429 3804 4508">
     <span class='ocr_line' id='line_1_102' title="bbox 2211 4429 3804 4508; baseline -0.008 -16"><span class='ocrx_word' id='word_1_722' title='bbox 2211 4438 2407 4508; x_wconf 85' lang='lat' dir='ltr'><strong>aliquis</strong></span> <span class='ocrx_word' id='word_1_723' title='bbox 2432 4437 2499 4492; x_wconf 92' lang='lat' dir='ltr'><strong>de</strong></span> <span class='ocrx_word' id='word_1_724' title='bbox 2531 4437 2637 4492; x_wconf 91' lang='lat' dir='ltr'><strong>alio</strong></span> <span class='ocrx_word' id='word_1_725' title='bbox 2669 4437 2999 4491; x_wconf 89' lang='lat' dir='ltr'><strong>monasterio</strong></span> <span class='ocrx_word' id='word_1_726' title='bbox 3027 4449 3191 4505; x_wconf 90' lang='lat' dir='ltr'><strong>quam</strong></span> <span class='ocrx_word' id='word_1_727' title='bbox 3219 4433 3285 4488; x_wconf 89' lang='lat' dir='ltr'><strong>de</strong></span> <span class='ocrx_word' id='word_1_728' title='bbox 3315 4438 3499 4486; x_wconf 89' lang='lat' dir='ltr'><strong>nostro</strong></span> <span class='ocrx_word' id='word_1_729' title='bbox 3537 4429 3644 4482; x_wconf 92' lang='lat' dir='ltr'><strong>hoc</strong></span> <span class='ocrx_word' id='word_1_730' title='bbox 3684 4438 3804 4480; x_wconf 87' lang='lat' dir='ltr'><strong>ten-</strong></span> 
     </span>
    </p>
   </div>
   <div class='ocr_carea' id='block_1_103' title="bbox 2213 4520 3809 4598">
    <p class='ocr_par' dir='ltr' id='par_1_103' title="bbox 2213 4520 3809 4598">
     <span class='ocr_line' id='line_1_103' title="bbox 2213 4520 3809 4598; baseline -0.007 -15"><span class='ocrx_word' id='word_1_731' title='bbox 2213 4538 2351 4594; x_wconf 90' lang='lat' dir='ltr'><strong>tare,</strong></span> <span class='ocrx_word' id='word_1_732' title='bbox 2370 4538 2571 4598; x_wconf 91' lang='lat' dir='ltr'><strong>quanto</strong></span> <span class='ocrx_word' id='word_1_733' title='bbox 2596 4528 2766 4598; x_wconf 89' lang='lat' dir='ltr'><strong>magis</strong></span> <span class='ocrx_word' id='word_1_734' title='bbox 2788 4527 2972 4583; x_wconf 89' lang='lat' dir='ltr'><strong>facere</strong></span> <span class='ocrx_word' id='word_1_735' title='bbox 2997 4532 3369 4597; x_wconf 72' lang='lat' dir='ltr'><strong>praesumeret,</strong></span> <span class='ocrx_word' id='word_1_736' title='bbox 3389 4524 3456 4575; x_wconf 91' lang='lat' dir='ltr'><strong>ab</strong></span> <span class='ocrx_word' id='word_1_737' title='bbox 3478 4520 3628 4576; x_wconf 92' lang='lat' dir='ltr'><strong>omni</strong></span> <span class='ocrx_word' id='word_1_738' title='bbox 3662 4535 3809 4573; x_wconf 89' lang='lat' dir='ltr'><strong>com—</strong></span> 
     </span>
    </p>
   </div>
   <div class='ocr_carea' id='block_1_104' title="bbox 2135 4613 3811 4690">
    <p class='ocr_par' dir='ltr' id='par_1_104' title="bbox 2135 4613 3811 4690">
     <span class='ocr_line' id='line_1_104' title="bbox 2135 4613 3811 4690; baseline -0.004 -17"><span class='ocrx_word' id='word_1_739' title='bbox 2135 4629 2186 4688; x_wconf 82' lang='lat' dir='ltr'>D</span> <span class='ocrx_word' id='word_1_740' title='bbox 2215 4620 2468 4675; x_wconf 87' lang='lat' dir='ltr'><strong>munione</strong></span> <span class='ocrx_word' id='word_1_741' title='bbox 2511 4619 2662 4674; x_wconf 93' lang='lat' dir='ltr'><strong>illum</strong></span> <span class='ocrx_word' id='word_1_742' title='bbox 2699 4620 2766 4675; x_wconf 91' lang='lat' dir='ltr'><strong>de</strong></span> <span class='ocrx_word' id='word_1_743' title='bbox 2791 4619 3051 4690; x_wconf 88' lang='lat' dir='ltr'><strong>parochia</strong></span> <span class='ocrx_word' id='word_1_744' title='bbox 3090 4633 3210 4673; x_wconf 84' lang='lat' dir='ltr'><strong>mea</strong></span> <span class='ocrx_word' id='word_1_745' title='bbox 3247 4613 3811 4676; x_wconf 78' lang='lat' dir='ltr'><strong>excommunicarem,</strong></span> 
     </span>
    </p>
   </div>
   <div class='ocr_carea' id='block_1_105' title="bbox 2218 4721 2494 4768">
    <p class='ocr_par' dir='ltr' id='par_1_105' title="bbox 2218 4721 2494 4768">
     <span class='ocr_line' id='line_1_105' title="bbox 2218 4721 2494 4768; baseline 0.007 -2"><span class='ocrx_word' id='word_1_746' title='bbox 2218 4721 2263 4766; x_wconf 84' lang='lat' dir='ltr'><strong>et</strong></span> <span class='ocrx_word' id='word_1_747' title='bbox 2287 4723 2494 4768; x_wconf 79' lang='lat' dir='ltr'><strong>cwtera.</strong></span> 
     </span>
    </p>
   </div>
   <div class='ocr_carea' id='block_1_106' title="bbox 2734 4781 3292 4839">
    <p class='ocr_par' dir='ltr' id='par_1_106' title="bbox 2734 4781 3292 4839">
     <span class='ocr_line' id='line_1_106' title="bbox 2734 4781 3292 4839; baseline -0.005 -1"><span class='ocrx_word' id='word_1_748' title='bbox 2734 4782 3072 4839; x_wconf 79' lang='lat' dir='ltr'><strong>EPISTOLA</strong></span> <span class='ocrx_word' id='word_1_749' title='bbox 3111 4781 3292 4837; x_wconf 81' lang='lat' dir='ltr'><strong>XLIII.</strong></span> 
     </span>
    </p>
   </div>
   <div class='ocr_carea' id='block_1_107' title="bbox 2806 4875 3214 4946">
    <p class='ocr_par' dir='ltr' id='par_1_107' title="bbox 2806 4875 3214 4946">
     <span class='ocr_line' id='line_1_107' title="bbox 2806 4875 3214 4946; baseline -0.01 -16"><span class='ocrx_word' id='word_1_750' title='bbox 2806 4875 3214 4946; x_wconf 86' lang='lat' dir='ltr'><strong>Fragmentum.</strong></span> 
     </span>
    </p>
   </div>
   <div class='ocr_carea' id='block_1_108' title="bbox 2641 4991 3374 5036">
    <p class='ocr_par' dir='ltr' id='par_1_108' title="bbox 2641 4991 3374 5036">
     <span class='ocr_line' id='line_1_108' title="bbox 2641 4991 3374 5036; baseline -0.008 -1"><span class='ocrx_word' id='word_1_751' title='bbox 2641 4997 2710 5035; x_wconf 73' lang='lat' dir='ltr'><strong>AD</strong></span> <span class='ocrx_word' id='word_1_752' title='bbox 2752 4995 3073 5036; x_wconf 75' lang='lat' dir='ltr'><strong>TEUDULFUII</strong></span> <span class='ocrx_word' id='word_1_753' title='bbox 3112 4991 3374 5032; x_wconf 73' lang='lat' dir='ltr'><strong>COIITEI.</strong></span> 
     </span>
    </p>
   </div>
   <div class='ocr_carea' id='block_1_109' title="bbox 2393 5091 3626 5161">
    <p class='ocr_par' dir='ltr' id='par_1_109' title="bbox 2393 5091 3626 5161">
     <span class='ocr_line' id='line_1_109' title="bbox 2393 5091 3626 5161; baseline -0.008 -15"><span class='ocrx_word' id='word_1_754' title='bbox 2393 5091 2687 5146; x_wconf 83' lang='lat' dir='ltr'><strong>Ecclesiam</strong></span> <span class='ocrx_word' id='word_1_755' title='bbox 2728 5093 2895 5161; x_wconf 82' lang='lat' dir='ltr'><strong>pretio</strong></span> <span class='ocrx_word' id='word_1_756' title='bbox 2933 5091 3153 5145; x_wconf 80' lang='lat' dir='ltr'><strong>vendere</strong></span> <span class='ocrx_word' id='word_1_757' title='bbox 3185 5106 3290 5142; x_wconf 85' lang='lat' dir='ltr'><strong>non</strong></span> <span class='ocrx_word' id='word_1_758' title='bbox 3319 5093 3626 5158; x_wconf 68' lang='lat' dir='ltr'><strong>praesumat.</strong></span> 
     </span>
    </p>
   </div>
   <div class='ocr_carea' id='block_1_110' title="bbox 2374 5195 3649 5266">
    <p class='ocr_par' dir='ltr' id='par_1_110' title="bbox 2374 5195 3649 5266">
     <span class='ocr_line' id='line_1_110' title="bbox 2374 5195 3649 5266; baseline 0.002 -14"><span class='ocrx_word' id='word_1_759' title='bbox 2374 5204 2542 5266; x_wconf 79' lang='lat' dir='ltr'><strong>(Apud</strong></span> <span class='ocrx_word' id='word_1_760' title='bbox 2560 5204 2809 5263; x_wconf 89' lang='lat' dir='ltr'><strong>eumdem,</strong></span> <span class='ocrx_word' id='word_1_761' title='bbox 2834 5216 2898 5253; x_wconf 82' lang='lat' dir='ltr'><strong>ex</strong></span> <span class='ocrx_word' id='word_1_762' title='bbox 2923 5202 3196 5264; x_wconf 84' lang='lat' dir='ltr'><strong>Flodoardi,</strong></span> <span class='ocrx_word' id='word_1_763' title='bbox 3220 5201 3303 5251; x_wconf 90' lang='lat' dir='ltr'><strong>lib.</strong></span> <span class='ocrx_word' id='word_1_764' title='bbox 3330 5214 3398 5261; x_wconf 82' lang='lat' dir='ltr'><strong>tu,</strong></span> <span class='ocrx_word' id='word_1_765' title='bbox 3421 5212 3526 5261; x_wconf 85' lang='lat' dir='ltr'><strong>cap.</strong></span> <span class='ocrx_word' id='word_1_766' title='bbox 3546 5195 3649 5255; x_wconf 75' lang='grc'><strong>26.)</strong></span> 
     </span>
    </p>
   </div>
   <div class='ocr_carea' id='block_1_111' title="bbox 2285 5316 3810 5397">
    <p class='ocr_par' dir='ltr' id='par_1_111' title="bbox 2285 5316 3810 5397">
     <span class='ocr_line' id='line_1_111' title="bbox 2285 5316 3810 5397; baseline -0.007 -17"><span class='ocrx_word' id='word_1_767' title='bbox 2285 5323 2580 5396; x_wconf 87' lang='lat' dir='ltr'><strong>Propterea</strong></span> <span class='ocrx_word' id='word_1_768' title='bbox 2623 5327 2765 5382; x_wconf 89' lang='lat' dir='ltr'><strong>scias</strong></span> <span class='ocrx_word' id='word_1_769' title='bbox 2787 5325 2914 5397; x_wconf 91' lang='lat' dir='ltr'><strong>quia</strong></span> <span class='ocrx_word' id='word_1_770' title='bbox 2953 5326 3000 5381; x_wconf 95' lang='lat' dir='ltr'><strong>si</strong></span> <span class='ocrx_word' id='word_1_771' title='bbox 3047 5325 3132 5379; x_wconf 92' lang='lat' dir='ltr'><strong>vel</strong></span> <span class='ocrx_word' id='word_1_772' title='bbox 3171 5340 3337 5379; x_wconf 91' lang='lat' dir='ltr'><strong>unum</strong></span> <span class='ocrx_word' id='word_1_773' title='bbox 3378 5319 3663 5375; x_wconf 91' lang='lat' dir='ltr'><strong>denarium</strong></span> <span class='ocrx_word' id='word_1_774' title='bbox 3711 5316 3810 5370; x_wconf 89' lang='lat' dir='ltr'><strong>tibi</strong></span> 
     </span>
    </p>
   </div>
   <div class='ocr_carea' id='block_1_112' title="bbox 2216 5411 3811 5490">
    <p class='ocr_par' dir='ltr' id='par_1_112' title="bbox 2216 5411 3811 5490">
     <span class='ocr_line' id='line_1_112' title="bbox 2216 5411 3811 5490; baseline -0.005 -18"><span class='ocrx_word' id='word_1_775' title='bbox 2216 5419 2412 5488; x_wconf 88' lang='lat' dir='ltr'><strong>aliquis</strong></span> <span class='ocrx_word' id='word_1_776' title='bbox 2439 5420 2670 5476; x_wconf 91' lang='lat' dir='ltr'><strong>clericus</strong></span> <span class='ocrx_word' id='word_1_777' title='bbox 2698 5435 2798 5490; x_wconf 91' lang='lat' dir='ltr'><strong>pro</strong></span> <span class='ocrx_word' id='word_1_778' title='bbox 2826 5419 2941 5489; x_wconf 90' lang='lat' dir='ltr'><strong>ipsa</strong></span> <span class='ocrx_word' id='word_1_779' title='bbox 2971 5419 3220 5484; x_wconf 90' lang='lat' dir='ltr'><strong>ecclesia,</strong></span> <span class='ocrx_word' id='word_1_780' title='bbox 3249 5415 3334 5472; x_wconf 91' lang='lat' dir='ltr'><strong>vel</strong></span> <span class='ocrx_word' id='word_1_781' title='bbox 3362 5430 3462 5486; x_wconf 90' lang='lat' dir='ltr'><strong>pro</strong></span> <span class='ocrx_word' id='word_1_782' title='bbox 3488 5412 3592 5467; x_wconf 88' lang='lat' dir='ltr'><strong>alia</strong></span> <span class='ocrx_word' id='word_1_783' title='bbox 3626 5411 3811 5481; x_wconf 86' lang='lat' dir='ltr'><strong>aliqua</strong></span> 
     </span>
    </p>
   </div>
   <div class='ocr_carea' id='block_1_113' title="bbox 2219 5507 3813 5582">
    <p class='ocr_par' dir='ltr' id='par_1_113' title="bbox 2219 5507 3813 5582">
     <span class='ocr_line' id='line_1_113' title="bbox 2219 5507 3813 5582; baseline -0.004 -19"><span class='ocrx_word' id='word_1_784' title='bbox 2219 5511 2274 5564; x_wconf 89' lang='lat' dir='ltr'><strong>in</strong></span> <span class='ocrx_word' id='word_1_785' title='bbox 2301 5526 2418 5565; x_wconf 91' lang='lat' dir='ltr'><strong>mea</strong></span> <span class='ocrx_word' id='word_1_786' title='bbox 2446 5512 2729 5582; x_wconf 88' lang='lat' dir='ltr'><strong>parochia,</strong></span> <span class='ocrx_word' id='word_1_787' title='bbox 2753 5526 2851 5580; x_wconf 92' lang='lat' dir='ltr'><strong>per</strong></span> <span class='ocrx_word' id='word_1_788' title='bbox 2872 5526 2932 5566; x_wconf 92' lang='lat' dir='ltr'><strong>se</strong></span> <span class='ocrx_word' id='word_1_789' title='bbox 2952 5520 3048 5565; x_wconf 92' lang='lat' dir='ltr'><strong>aut</strong></span> <span class='ocrx_word' id='word_1_790' title='bbox 3071 5525 3168 5582; x_wconf 91' lang='lat' dir='ltr'><strong>per</strong></span> <span class='ocrx_word' id='word_1_791' title='bbox 3193 5507 3490 5563; x_wconf 90' lang='lat' dir='ltr'><strong>immissam</strong></span> <span class='ocrx_word' id='word_1_792' title='bbox 3516 5519 3813 5576; x_wconf 90' lang='lat' dir='ltr'><strong>personam</strong></span> 
     </span>
    </p>
   </div>
   <div class='ocr_carea' id='block_1_114' title="bbox 2220 5596 3815 5671">
    <p class='ocr_par' dir='ltr' id='par_1_114' title="bbox 2220 5596 3815 5671">
     <span class='ocr_line' id='line_1_114' title="bbox 2220 5596 3815 5671; baseline -0.004 -16"><span class='ocrx_word' id='word_1_793' title='bbox 2220 5601 2451 5667; x_wconf 87' lang='lat' dir='ltr'><strong>dederit,</strong></span> <span class='ocrx_word' id='word_1_794' title='bbox 2483 5617 2582 5671; x_wconf 87' lang='lat' dir='ltr'><strong>per</strong></span> <span class='ocrx_word' id='word_1_795' title='bbox 2609 5617 2695 5656; x_wconf 92' lang='lat' dir='ltr'><strong>me</strong></span> <span class='ocrx_word' id='word_1_796' title='bbox 2725 5602 3008 5655; x_wconf 90' lang='lat' dir='ltr'><strong>ordinatus</strong></span> <span class='ocrx_word' id='word_1_797' title='bbox 3048 5602 3104 5655; x_wconf 91' lang='lat' dir='ltr'><strong>in</strong></span> <span class='ocrx_word' id='word_1_798' title='bbox 3133 5615 3194 5654; x_wconf 88' lang='lat' dir='ltr'><strong>ea</strong></span> <span class='ocrx_word' id='word_1_799' title='bbox 3228 5615 3335 5654; x_wconf 91' lang='lat' dir='ltr'><strong>non</strong></span> <span class='ocrx_word' id='word_1_800' title='bbox 3367 5599 3491 5654; x_wconf 88' lang='lat' dir='ltr'><strong>erit.</strong></span> <span class='ocrx_word' id='word_1_801' title='bbox 3535 5596 3596 5651; x_wconf 88' lang='lat' dir='ltr'><strong>Si</strong></span> <span class='ocrx_word' id='word_1_802' title='bbox 3630 5606 3815 5650; x_wconf 85' lang='lat' dir='ltr'><strong>autem</strong></span> 
     </span>
    </p>
   </div>
   <div class='ocr_carea' id='block_1_115' title="bbox 2221 5685 3814 5763">
    <p class='ocr_par' dir='ltr' id='par_1_115' title="bbox 2221 5685 3814 5763">
     <span class='ocr_line' id='line_1_115' title="bbox 2221 5685 3814 5763; baseline -0.004 -16"><span class='ocrx_word' id='word_1_803' title='bbox 2221 5694 2303 5748; x_wconf 88' lang='lat' dir='ltr'><strong>vis</strong></span> <span class='ocrx_word' id='word_1_804' title='bbox 2339 5694 2413 5748; x_wconf 90' lang='lat' dir='ltr'><strong>ibi</strong></span> <span class='ocrx_word' id='word_1_805' title='bbox 2444 5695 2646 5749; x_wconf 87' lang='lat' dir='ltr'><strong>habere</strong></span> <span class='ocrx_word' id='word_1_806' title='bbox 2678 5694 3086 5763; x_wconf 87' lang='lat' dir='ltr'><strong>presbyterum,</strong></span> <span class='ocrx_word' id='word_1_807' title='bbox 3127 5693 3304 5748; x_wconf 89' lang='lat' dir='ltr'><strong>adhuc</strong></span> <span class='ocrx_word' id='word_1_808' title='bbox 3334 5691 3466 5746; x_wconf 89' lang='lat' dir='ltr'><strong>mihi</strong></span> <span class='ocrx_word' id='word_1_809' title='bbox 3507 5688 3670 5743; x_wconf 90' lang='lat' dir='ltr'><strong>talem</strong></span> <span class='ocrx_word' id='word_1_810' title='bbox 3700 5685 3814 5740; x_wconf 80' lang='lat' dir='ltr'><strong>cle—</strong></span> 
     </span>
    </p>
   </div>
   <div class='ocr_carea' id='block_1_116' title="bbox 2223 5775 3813 5856">
    <p class='ocr_par' dir='ltr' id='par_1_116' title="bbox 2223 5775 3813 5856">
     <span class='ocr_line' id='line_1_116' title="bbox 2223 5775 3813 5856; baseline -0.006 -16"><span class='ocrx_word' id='word_1_811' title='bbox 2223 5787 2396 5841; x_wconf 88' lang='lat' dir='ltr'><strong>ricum</strong></span> <span class='ocrx_word' id='word_1_812' title='bbox 2429 5787 2521 5856; x_wconf 89' lang='lat' dir='ltr'><strong>qui</strong></span> <span class='ocrx_word' id='word_1_813' title='bbox 2558 5796 2716 5856; x_wconf 89' lang='lat' dir='ltr'><strong>aptus</strong></span> <span class='ocrx_word' id='word_1_814' title='bbox 2750 5785 2822 5838; x_wconf 90' lang='lat' dir='ltr'><strong>sit</strong></span> <span class='ocrx_word' id='word_1_815' title='bbox 2869 5801 3028 5841; x_wconf 90' lang='lat' dir='ltr'><strong>sacro</strong></span> <span class='ocrx_word' id='word_1_816' title='bbox 3074 5784 3399 5848; x_wconf 89' lang='lat' dir='ltr'><strong>ministerio,</strong></span> <span class='ocrx_word' id='word_1_817' title='bbox 3435 5791 3487 5836; x_wconf 90' lang='lat' dir='ltr'><strong>et</strong></span> <span class='ocrx_word' id='word_1_818' title='bbox 3516 5795 3618 5850; x_wconf 87' lang='lat' dir='ltr'><strong>ego</strong></span> <span class='ocrx_word' id='word_1_819' title='bbox 3660 5775 3813 5831; x_wconf 86' lang='lat' dir='ltr'><strong>illum</strong></span> 
     </span>
    </p>
   </div>
   <div class='ocr_carea' id='block_1_117' title="bbox 2225 5868 3816 5947">
    <p class='ocr_par' dir='ltr' id='par_1_117' title="bbox 2225 5868 3816 5947">
     <span class='ocr_line' id='line_1_117' title="bbox 2225 5868 3816 5947; baseline -0.005 -17"><span class='ocrx_word' id='word_1_820' title='bbox 2225 5877 2521 5947; x_wconf 87' lang='lat' dir='ltr'><strong>inquiram,</strong></span> <span class='ocrx_word' id='word_1_821' title='bbox 2548 5886 2603 5934; x_wconf 90' lang='lat' dir='ltr'><strong>et</strong></span> <span class='ocrx_word' id='word_1_822' title='bbox 2631 5875 2709 5933; x_wconf 85' lang='lat' dir='ltr'><strong>illi</strong></span> <span class='ocrx_word' id='word_1_823' title='bbox 2735 5877 3023 5934; x_wconf 88' lang='lat' dir='ltr'><strong>ecclesiam</strong></span> <span class='ocrx_word' id='word_1_824' title='bbox 3054 5879 3212 5946; x_wconf 86' lang='lat' dir='ltr'><strong>dabo,</strong></span> <span class='ocrx_word' id='word_1_825' title='bbox 3241 5884 3296 5931; x_wconf 89' lang='lat' dir='ltr'><strong>et</strong></span> <span class='ocrx_word' id='word_1_826' title='bbox 3325 5885 3453 5930; x_wconf 86' lang='lat' dir='ltr'><strong>tunc</strong></span> <span class='ocrx_word' id='word_1_827' title='bbox 3480 5872 3632 5929; x_wconf 82' lang='lat' dir='ltr'><strong>illum</strong></span> <span class='ocrx_word' id='word_1_828' title='bbox 3660 5868 3816 5925; x_wconf 87' lang='lat' dir='ltr'><strong>ordi-</strong></span> 
     </span>
    </p>
   </div>
  </div>
