4012 6318
175 337 305 395 265

1649 323 2030 382 EPISTOLIE.

3369 328 3474 384 266

179 454 360 514 mbo,
406 447 454 503 si
499 446 630 502 mihi
675 444 1102 502 satisfactionem
1154 443 1343 499 fecerit
1384 443 1529 513 quod
1580 441 1783 496 nullum
1813 440 1862 502 Α
1892 455 2044 495 meus
2087 439 2406 506 lotharius,
2451 448 2631 511 potest
2673 439 2942 496 veraciter
2981 454 3309 514 cognoscere
3347 423 3476 514 quia

181 540 439 611 pretium
503 537 626 591 inde
670 534 969 590 donaverit.
1045 533 1111 588 Et
1157 534 1200 588 si
1246 543 1302 588 tu
1351 534 1420 586 ita
1461 533 1640 588 facere
1679 547 1784 588 non

185 631 459 694 volucris,
506 642 608 697 ego
635 625 900 681 ordinabo
936 625 1171 696 qualiter
1200 625 1426 695 populus
1453 624 1524 678 ibi
1553 623 1786 679 ofﬁcium

186 721 424 784 habeat,
451 733 622 789 usque
650 717 777 772 dum
807 715 879 771 ibi
910 716 1154 771 ordinem
1183 714 1579 786 presbyterum.
1616 713 1714 769 Cui
1741 713 1786 769 si

185 811 422 883 aliquod
465 810 910 881 impedimentum
959 815 1150 862 contra
1189 806 1400 860 divinas
1437 816 1492 860 ct
1521 807 1787 860 humanas

189 907 349 976 leges
403 903 623 966 feceris,
672 909 730 956 et
773 898 1120 955 manifestum
1172 900 1355 964 fuerit,
1395 899 1680 970 presbyter
1713 898 1786 952 ibi

187 993 562 1065 permanebit,
592 1000 648 1046 et
677 997 734 1044 tu
759 997 815 1045 et
839 1004 1029 1045 omnes
1055 989 1144 1058 qui
1175 989 1271 1043 tibi
1299 988 1692 1052 consenserint,
1720 986 1788 1042 ab

189 1084 351 1140 omni
402 1072 1030 1148 Cbristianitate'usque
1067 1076 1134 1132 ad
1176 1071 1598 1132 Satisfactionem
1637 1075 1788 1154 eritis

187 1174 462 1246 separati.
496 1171 645 1236 Huic,
683 1171 848 1226 cilare
875 1165 976 1234 ﬁli,
1007 1169 1128 1224 ideo
1153 1167 1352 1224 mando
1388 1167 1502 1229 tibi,
1541 1176 1598 1221 ct
1633 1166 1789 1221 aliter

192 1281 546 1330 commoneo,
582 1249 708 1334 quia
749 1250 957 1319 salvum
994 1249 1049 1315 et
1080 1261 1399 1334 honoratum
1441 1268 1489 1312 te
1526 1259 1704 1329 cupio,
1733 1268 1789 1314 et

195 1357 347 1411 inter
375 1339 518 1409 (ilics
543 1352 799 1409 Ecclesiae
841 1360 892 1406 te
933 1351 987 1404 in
1027 1348 1148 1404 loco
1189 1348 1282 1403 ﬁlii
1320 1347 1519 1403 habere
1548 1348 1692 1411 volo,
1735 1358 1790 1404 et

192 1447 239 1499 si
272 1461 360 1500 me
390 1443 658 1515 coegeris,
688 1451 746 1496 ut
771 1441 911 1496 sicut
939 1440 1201 1496 Dominus
1230 1441 1360 1494 dicit
1395 1440 1446 1493 ill
1477 1439 1778 1511 Evangelio,

191 1538 274 1591 sis
308 1535 459 1590 velut
507 1534 755 1590 ethnicus
790 1544 846 1588 et
878 1531 1219 1603 publicanus,
1261 1547 1365 1586 non
1397 1531 1527 1586 mihi
1569 1532 1662 1586 sed
1691 1531 1786 1585 tibi

193 1635 454 1696 reputare
496 1625 737 1680 debebis.
793 1623 1087 1693 Postquam
1135 1623 1270 1678 istas
1312 1622 1525 1678 litteras
1565 1623 1782 1690 dictavi,

189 1719 405 1772 dictum
437 1727 524 1772 est
563 1717 696 1771 mihi
723 1716 866 1785 quod
894 1715 1294 1771 matricularios
1328 1732 1358 1770 a
1390 1717 1637 1773 ministro
1665 1731 1783 1773 meo
1857 1762 1874 1770 ..

1890 544 1996 584 non
2028 538 2234 584 tantum
2271 529 2367 594 illi,
2398 531 2491 585 sed
2529 529 2659 585 nulli
2687 530 2894 585 homini
2928 531 2983 584 in
3012 518 3214 586 mundo
3242 523 3362 586 sum
3395 532 3478 586 in-

1891 621 2066 677 tidelis
2099 638 2113 686 ;
2159 632 2212 676 et
2247 622 2290 677 si
2321 622 2432 675 vult
2457 622 2701 688 credere,
2731 611 2913 676 credat
2942 608 2972 676 ε’
2997 622 3080 677 sin
3113 624 3315 688 autem,
3348 638 3474 680 cum

1891 710 1980 766 ille
2032 712 2176 767 inter
2221 712 2529 782 principes,
2574 721 2630 767 et
2671 727 2771 783 ego
2815 713 2958 767 inter
2995 713 3300 783 episcopos,
3349 723 3478 771 ante

1891 803 2092 873 Regem
2141 818 2329 873 regum
2375 813 2430 858 et
2454 803 2781 873 Episc0pum
2829 803 3206 873 cpiscOporum
3255 805 3475 860 veneri-

1889 911 2033 958 mus,
2067 903 2195 949 tunc
2224 895 2352 964 quid
2386 894 2510 949 inde
2534 910 2721 950 verum
2747 895 2837 958 sit,
2871 894 3186 965 plenissime
3213 895 3331 951 sine
3373 896 3475 952 ali-

1890 986 2043 1052 cujus
2064 982 2401 1052 .judicatione
2431 993 2713 1053 cognocet,
2743 995 2840 1038 etc.

2415 1102 2752 1166 EPISTOLA
2791 1104 2956 1160 XLV.

2478 1195 2889 1268 Fragmentum.

1891 1327 2123 1368 ROTRUDI
2152 1327 2223 1367 ΕΤ
2254 1326 2495 1369 οιετειιιε
2531 1326 2822 1367 SOROBIBUS
2850 1327 3175 1369 IONASTERII
3213 1328 3263 1369 S.
3289 1327 3480 1371 CRUClS

2305 1443 2310 1446 _
2408 1397 2479 1437 ετ
2519 1399 2563 1438 s.
2599 1397 2948 1438 aansouxms.

1971 1569 1976 1574 _
2025 1532 2030 1538 -
2076 1495 2184 1552 Pro
2206 1496 2452 1551 electione
2474 1495 2753 1550 abbatissa:
2785 1494 2948 1565 ipsius
2970 1483 3296 1553 monasterii.

2045 1577 2207 1670 (Apud
2233 1581 2476 1667 eumdem,
2507 1580 2573 1656 ex
2588 1581 2853 1691 [Flodoardi
2876 1605 2960 1656 lib.
2988 1579 3064 1668 m,
3082 1577 3316 1670 οιρζειέ)

1960 1717 2255 1788 Propterea
2310 1717 2514 1789 diligite
2574 1691 2792 1774 sorores
2835 1693 3006 1772 ’δοιὰ
3029 1689 3264 1784 omnia,
3314 1727 3372 1774 et
3415 1719 3474 1774 in

189 1810 527 1864 constitutos
551 1809 617 1863 de
641 1807 728 1861 illa
756 1807 1038 1862 malricula
1064 1807 1292 1878 ejecisti,
1315 1816 1371 1863 et
1398 1808 1468 1862 ibi
1493 1808 1782 1863 Bonarium
1815 1807 1862 1867 B
1889 1808 2116 1880 privatis
2163 1808 2643 1874 collocutionibus,
2684 1817 2738 1862 et
2783 1809 2838 1864 in
2879 1808 3093 1879 publico
3117 1817 3300 1864 vestro
3343 1825 3476 1864 con-
3526 1856 3528 1859 .

195 1898 427 1962 misisti,
458 1906 517 1951 et
538 1912 639 1967 pro
669 1896 758 1951 illa
789 1897 1074 1951 matricula
1101 1897 1154 1950 in
1177 1897 1354 1966 pretio
1381 1913 1544 1951 unum
1576 1899 1785 1952 asinum

194 1974 486 2058 accepisti.
535 1979 688 2054 Quod
725 1987 769 2042 si
811 1987 882 2041 ita
924 1995 1026 2051 est,
1067 2002 1171 2040 non
1211 1986 1383 2042 solum
1434 1987 1788 2043 criminalitcr

195 2080 402 2141 fecisti,
434 2080 563 2149 quia
601 2090 787 2134 contra
819 2093 1009 2133 omnes
1043 2078 1190 2147 leges
1218 2078 1644 2134 ecclesiasticum
1683 2080 1785 2134 nli-

192 2174 490 2228 nisteriulu
525 2172 686 2225 homo
730 2170 900 2225 laicus
941 2170 1239 2241 usurpasti,
1272 2179 1327 2224 et
1365 2172 1784 2242 elecmosynam,

190 2267 258 2321 id
291 2274 382 2319 est
407 2263 824 2318 miscricordiam
860 2256 1186 2331 pauperum,
1224 2278 1288 2316 ac
1315 2278 1412 2332 per
1449 2262 1550 2318 hoc
1595 2263 1784 2327 Deum,

191 2355 296 2426 qui
323 2353 685 2409 misericordia
711 2352 1036 2407 miserorum
1057 2361 1160 2416 est,
1179 2351 1498 2408 sicutJudas
1521 2355 1785 2423 proditor,

191 2445 494 2500 vendidisti
523 2461 538 2509 ;
579 2443 671 2499 sed
701 2445 867 2498 etiam
905 2443 1136 2513 turpiter
1175 2444 1228 2496 in
1256 2443 1358 2498 hoc
1390 2444 1550 2499 nimis
1590 2445 1786 2510 fecisti,

192 2545 256 2590 ut
283 2536 352 2590 de
379 2534 762 2600 mendicitate,
811 2533 878 2589 de
916 2550 1021 2604 qua
1065 2535 1297 2590 mendici
1337 2535 1520 2590 vivere
1561 2535 1786 2603 debent,

193 2642 383 2682 comes
404 2637 462 2682 et
483 2628 776 2681 honoratus
798 2627 911 2696 regi
941 2626 1279 2682 consiliarius
1307 2625 1360 2679 in
1379 2626 1550 2696 pretio
1575 2622 1785 2681 asinum

189 2715 478 2786 accepisti,
503 2725 559 2770 et
576 2730 762 2771 omnes
780 2716 869 2784 qui
898 2715 1012 2770 huic
1035 2717 1279 2782 audiunt,
1307 2732 1535 2787 pensare
1563 2726 1788 2788 possunt

190 2797 434 2876 qualiter
476 2805 543 2860 de
583 2805 702 2861 aliis
744 2806 923 2861 causis
944 2819 1044 2876 pro
1074 2821 1256 2861 amore
1283 2815 1338 2861 et
1365 2807 1560 2862 timore
1587 2808 1699 2873 Dei,
1733 2817 1787 2862 ct

191 2897 505 2953 reverentia
559 2897 633 2950 lui
686 2896 994 2961 ministerii,
1040 2897 1184 2966 juste
1225 2906 1279 2950 et
1312 2905 1458 2952 recte
1501 2897 1659 2964 facis,
1692 2898 1787 2968 qui

190 2989 261 3043 de
303 2989 399 3042 tali
436 2988 659 3044 miseria
691 2989 808 3042 sine
853 2987 960 3042 ulla
999 2988 1325 3044 verecundia
1374 2999 1528 3060 turpe
1576 2989 1785 3044 lucrum

191 3081 458 3150 requiris.
933 3095 936 3097 λ
1181 3081 1185 3086 ί
1259 3082 1267 3089 ’
1360 3142 1370 3148 ‘

710 3149 1043 3207 EPISTOLA
1083 3150 1266 3207 XLIV.

793 3244 1196 3316 Fragmentum.
1319 3255 1323 3260 ‘

287 3353 356 3390 AD
397 3350 766 3391 IBNINGARDEM
806 3349 1088 3390 AUGUSTAII
1128 3350 1397 3391 CONJUGEI
1436 3350 1689 3390 LOTHARII

800 3421 1172 3461 IMPERATORIS.

233 3519 314 3573 De
348 3535 408 3573 eo
435 3519 573 3588 quod
596 3517 738 3588 apud
763 3516 1067 3590 Lothmjium
1101 3517 1240 3587 falso
1267 3529 1544 3574 accusatus
1571 3519 1745 3590 fuerat

823 3588 1168 3656 inﬁdelitatis.
1539 3639 1544 3646 .

357 3687 523 3750 (Apud
547 3687 795 3752 eumdem,
819 3702 881 3738 ex
908 3688 1162 3740 Flodoardi
1190 3689 1274 3740 lib.
1296 3705 1364 3750 in,
1383 3703 1486 3754 cap.
1521 3691 1627 3753 27.)

275 3809 397 3882 Ego
425 3811 535 3865 scio
563 3811 682 3881 quia
713 3811 764 3867 ei
797 3811 964 3866 multa
999 3813 1064 3866 de
1093 3828 1179 3868 me
1211 3813 1353 3867 dicta
1394 3813 1616 3868 fuerunt
1645 3828 1779 3868 con-

198 3902 398 3969 traria,
428 3903 522 3958 sed
547 3905 590 3958 si
615 3904 722 3958 vult
738 3904 949 3974 poterit
973 3917 1303 3975 cognoscere
1337 3920 1442 3959 non
1473 3918 1595 3960 esse
1618 3920 1777 3968 vera;

193 4003 387 4050 tamen
429 4008 534 4048 non
562 4009 686 4049 eum
725 3995 899 4051 audeo
926 3996 1344 4065 reprehendere,
1377 3996 1505 4065 quia
1532 3996 1784 4052 dominus

191 4090 303 4147 est,
330 4096 431 4138 nec
459 4083 513 4137 in
539 4083 656 4153 ejus
679 4098 910 4153 persona
941 4085 1081 4148 dico,
1127 4083 1270 4138 sicut
1310 4083 1508 4154 legitur
1553 4084 1606 4139 in
1637 4084 1782 4154 Scri-

194 4174 370 4246 pturis
398 4191 413 4227 :
443 4174 550 4240 Qui
590 4173 808 4230 libenter
840 4176 986 4230 audit
1027 4177 1176 4230 verba
1204 4175 1486 4239 mendacii,
1512 4178 1780 4231 ministros

195 4280 400 4335 quoque
437 4265 645 4319 habebit
690 4266 877 4336 impios
921 4264 1106 4336 (Prov.
1154 4283 1304 4331 nix,
1345 4267 1479 4337 12);
1531 4267 1784 4324 videlicet

195 4354 289 4423 qui
327 4355 396 4409 de
432 4369 563 4424 erga
605 4370 729 4410 eum
770 4357 873 4425 piis
909 4356 1217 4410 voluntarie
1262 4356 1551 4426 loquentur
1591 4358 1780 4428 impia.

193 4443 300 4509 Qui
331 4444 410 4498 illi
445 4459 510 4500 ea
538 4445 678 4500 dixit
709 4460 775 4500 ex
803 4461 923 4502 mea
953 4454 1109 4516 parte
1134 4461 1255 4516 quae
1287 4446 1422 4500 mihi
1462 4448 1782 4515 mandastis,

1890 1909 2094 1964 ventu,
2159 1899 2422 1953 remititte
2471 1906 2526 1953 et
2571 1897 2788 1968 abjicite
2852 1893 3175 1952 funditusa
3223 1898 3479 1953 cordibus

1865 1992 2090 2052 vestris
2138 2005 2327 2046 omnes
2375 1988 2636 2059 injurias,
2700 1998 2756 2044 et
2802 1989 3183 2045 scandalorum
3237 1988 3477 2054 fomites,

1854 2096 2011 2157 _qu:e
2048 2081 2312 2135 hactenus
2347 2080 2488 2134 inter
2527 2093 2623 2134 vos
2661 2087 2796 2134 ortae
2835 2077 3079 2144 fuerunt,
3121 2087 3178 2133 ιιι
3217 2078 3363 2133 nulla
3409 2079 3480 2136 de

1855 2186 2077 2236 _sororc
2105 2187 2202 2228 sua
2230 2173 2543 2234 vindictam,
2577 2180 2670 2226 aut
2696 2187 2795 2242 pro
2827 2187 3101 2238 sermone,
3133 2181 3227 2226 aut
3260 2185 3361 2241 pro
3401 2170 3499 2226 fao'

1890 2272 2003 2328 clo,
2030 2263 2110 2317 vel
2143 2279 2240 2334 pro
2277 2249 2458 2332 aliquo
2483 2264 2740 2332 despectu
2767 2271 2992 2332 quaerat,
3034 2271 3126 2316 aut
3161 2278 3191 2315 a
3219 2262 3348 2326 Deo,
3386 2271 3480 2316 aut

1853 2357 1946 2428 iin
1977 2354 2212 2432 srecnlo.
2254 2354 2390 2422 Quia
2439 2356 2581 2409 sicut
2629 2355 2890 2410 Dominus
2937 2363 3310 2426 protestatur,
3358 2343 3480 2410 sine

1853 2446 2184 2512 ,concordia
2224 2445 2483 2514 quidquid
2527 2444 2576 2498 ci
2617 2443 2926 2499 obtuleritis
2964 2460 3071 2498 non
3110 2444 3187 2499 illi
3217 2444 3477 2514 placebit.

1893 2536 2020 2593 Sive
2059 2536 2204 2592 enim
2248 2536 2574 2601 oraveritis,
2619 2535 2732 2590 sive
2776 2525 3104 2590 sacrificium
3149 2535 3477 2605 obtuleritis,

1892 2632 2005 2686 sive
2040 2646 2138 2685 vos
2179 2628 2498 2694 afﬁixerilis,
2548 2629 2665 2683 sine
2714 2628 2816 2682 hac
2853 2627 3135 2682 charitatis
3183 2617 3476 2684 concordia

1891 2724 2027 2778 nihil
2053 2724 2163 2778 Deo
2189 2721 2452 2792 placabile
2489 2721 2616 2787 erit,
2648 2721 2774 2791 quia
2814 2706 2956 2776 sicut
2985 2719 3275 2791 Apostolus
3304 2720 3473 2776 dicit:

1892 2819 2118 2872 Etiamsi
2149 2817 2424 2872 tradidero
2469 2832 2666 2886 corpus
2692 2833 2868 2871 meum
2908 2825 2967 2870 ut
2995 2817 3206 2883 ardeat,
3237 2817 3477 2872 cllarita-

1851 2979 1860 2984 _
1891 2917 2000 2964 tem
2029 2923 2133 2963 non
2159 2907 2412 2972 habeam,
2445 2907 2578 2961 nihil
2605 2922 2722 2961 sum
2755 2906 2805 2978 (1
2836 2905 2958 2961 Cor.
2985 2923 3108 2972 xm,
3130 2907 3209 2977 5).
3236 2906 3303 2960 Et
3326 2906 3478 2962 scitis

1891 2999 2018 3070 quia
2060 2999 2244 3069 regula
2274 3013 2437 3069 quam
2470 2997 2728 3067 profess:e
2757 2999 2911 3063 estis,
2940 3009 3161 3069 propter
3193 2999 3477 3056 scandalo-

1892 3111 2013 3150 rum
2045 3095 2230 3163 spinas
2267 3108 2388 3164 quin
2423 3093 2556 3150 oriri
2596 3094 2651 3148 in
2681 3095 3010 3151 monasterio
3038 3097 3239 3162 solent,
3267 3077 3481 3151 oratio-

1811 3183 1857 3245 C
1889 3202 2014 3244 nem
2043 3185 2381 3241 Dominicam
2418 3185 2474 3240 in
2505 3185 2788 3240 matutinis
2831 3195 2887 3241 et
2915 3188 3238 3258 vespertinis
3263 3187 3480 3253 ofﬁciis,

1883 3278 1961 3332 ita
1990 3285 2051 3331 ut
2071 3291 2259 3332 omnes
2289 3276 2435 3330 illam
2467 3275 2713 3341 audiant,
2745 3290 2775 3330 a
2805 3276 2988 3346 priore
3017 3277 3166 3332 orari
3201 3278 3478 3349 praecepit,

1881 3373 1943 3421 ut
1984 3366 2238 3421 timentes
2282 3365 2719 3421 convenientiam
2770 3381 2877 3436 qua
2911 3366 3155 3432 dicimus
3199 3387 3212 3422 :
3258 3369 3478 3424 Dimitte

1883 3458 2030 3513 nobis
2054 3458 2226 3512 debita
2251 3451 2457 3524 nostra,
2475 3459 2610 3512 sicut
2632 3469 2795 3513 et—nos
2817 3453 3132 3515 dimittimus
3154 3461 3476 3517 debitoribus

1883 3550 2097 3614 nostris,
2126 3564 2341 3604 omnem
2375 3564 2657 3604 rancorem
2689 3550 2755 3604 de
2783 3549 2948 3605 corde
2972 3560 3160 3608 nostro
3185 3549 3471 3622 pellamus.

1885 3639 2016 3706 Quae
2039 3640 2165 3694 dum
2191 3625 2343 3709 prius
2371 3638 2615 3708 egeritis,
2646 3654 2713 3694 ne
2736 3654 2833 3709 per
2856 3648 3093 3694 vestram
3122 3641 3476 3708 discordiam,

1884 3730 2026 3798 quod
2072 3730 2235 3794 absit,
2273 3729 2539 3799 regularis
2584 3729 2778 3786 electio
2813 3731 2879 3786 de
2904 3741 3088 3786 vestro
3135 3734 3471 3788 monasterio

1882 3829 2092 3888 pereat,
2132 3819 2364 3897 adunatc
2400 3833 2495 3872 vos
2521 3817 2588 3873 ad
2617 3819 2709 3874 Dei
2740 3819 3097 3888 voluntatem,
3126 3829 3182 3876 et
3209 3822 3476 3893 regularis

1885 3911 2188 3967 devotionis
2237 3911 2674 3978 unanimitatem,
2724 3921 3076 3982 vestramque
3121 3914 3293 3985 ipsam
3331 3915 3477 3970 salu-

1886 4009 2018 4066 tem,
2045 4009 2367 4070 praesentem
2414 4001 2624 4056 scilicet
2653 4011 2817 4072 atque
2857 4013 3161 4070 tetermam,
3191 4020 3315 4060 cum
3344 4007 3476 4061 cha-

1885 4092 2066 4147 ritatis
2103 4092 2420 4156 concordia,
2448 4108 2568 4162 quia
2596 4101 2680 4149 est
2715 4093 2958 4148 omnium
2984 4095 3246 4151 virtutum
3277 4105 3476 4163 mater,

1885 4191 2087 4240 etcum
2113 4183 2435 4250 humilitate,
2459 4199 2578 4253 quae
2602 4193 2686 4240 est
2711 4193 2894 4240 custos
2924 4185 3161 4256 ipsarum
3189 4187 3475 4248 virtutum.

1841 4325 1846 4331 .
1886 4284 2048 4345 atque
2090 4292 2212 4331 cum
2250 4291 2378 4330 vera
2418 4275 2747 4341 obedientia,
2786 4293 2907 4347 qua:
2947 4277 3094 4334 scala
3135 4288 3222 4334 est
3266 4295 3374 4349 qua
3407 4280 3478 4336 ad

1885 4365 2083 4421 cmlum
2129 4366 2485 4437 pertingitur,
2531 4377 2588 4421 ct
2640 4367 2694 4420 in
2745 4368 2895 4422 vobis
2959 4368 3163 4424 salubri
3210 4370 3478 4426 electione

1885 4458 2232 4522 concordate,
2274 4467 2329 4512 et
2366 4458 2726 4529 vosmetipsas
2763 4459 2833 4513 ad
2875 4460 3181 4529 regularem
3222 4477 3473 4518 normam

196 4533 355 4590 aliter
378 4551 543 4605 quam
572 4551 759 4592 verum
783 4537 855 4592 sit
883 4537 1039 4602 dixit,
1070 4537 1212 4592 male
1242 4539 1781 4609 autem'interpreta-

1891 4550 2154 4613 reducite,
2183 4557 2238 4607 et
2264 4551 2620 4621 constringite
2657 4569 2724 4607 ac
2749 4563 3066 4608 conservate
3093 4572 3104 4608 :
3139 4557 3264 4626 quia
3292 4557 3474 4623 aliter,

196 4634 285 4679 tus
315 4635 403 4680 est
441 4626 578 4682 bene
615 4627 777 4682 dicta.
819 4627 877 4683 Si
907 4627 1170 4683 voluisset
1208 4644 1538 4699 cognoscere
1565 4644 1775 4696 verum,

193 4725 252 4772 et
278 4717 472 4786 aliquis
505 4719 702 4774 missus
732 4720 864 4775 mihi
895 4721 962 4775 de
998 4735 1095 4776 sua
1120 4728 1277 4790 parte
1300 4723 1530 4788 veniret,
1559 4730 1618 4776 ut
1649 4738 1775 4778 vera

192 4822 262 4862 ex
296 4825 383 4863 me
406 4819 778 4880 cognosceret,
806 4811 950 4866 sicut
978 4813 1125 4868 venit
1152 4821 1208 4867 et
1235 4827 1318 4866 me
1343 4812 1778 4886 qualemcunque

190 4900 397 4955 Christi
423 4902 634 4958 Domini
672 4903 1009 4959 sacerdotem
1047 4903 1383 4975 suggillavit,
1423 4905 1778 4962 libentissime

192 5006 298 5046 suo
320 4992 503 5047 animo
529 4993 921 5050 satisfacerem.
962 4994 1040 5050 De
1063 5008 1183 5050 meo
1211 5003 1392 5050 autem
1422 4997 1609 5062 misso,
1639 4997 1782 5053 sicut

194 5084 496 5139 dominatio
520 5085 909 5157 benignissima
940 5094 1120 5142 vestra
1146 5088 1446 5152 mandavit,
1476 5097 1535 5142 ut
1562 5089 1630 5143 ad
1655 5104 1780 5145 eum

193 5173 424 5244 dirigam
451 5176 544 5244 qui
566 5177 616 5230 ei
649 5177 752 5231 hoc
780 5175 1027 5242 afﬁrmet,
1053 5176 1197 5247 quod
1222 5178 1287 5232 de
1313 5175 1430 5245 ejus
1466 5178 1781 5236 inﬁdelitate

191 5265 334 5319 nihil
371 5265 532 5320 velim
577 5275 846 5335 tractare,
886 5269 1036 5325 scitis
1073 5281 1276 5340 quanta
1309 5270 1594 5326 mendacia
1635 5287 1782 5329 nunc

192 5366 298 5422 per
349 5353 740 5412 istudtvadunt
788 5359 1068 5426 saxulum,
1119 5370 1176 5415 et
1221 5367 1424 5431 quanta
1493 5361 1783 5419 sinceritas

190 5442 393 5499 debeat
417 5459 540 5501 esse
579 5447 635 5502 in
663 5450 963 5516 sacerdote,
992 5460 1049 5506 et
1071 5461 1330 5522 quantam
1359 5453 1556 5510 merito
1584 5454 1795 5510 domno

188 5551 320 5594 meo
354 5539 525 5594 velim
562 5554 779 5597 servare
822 5543 1160 5601 ﬁdelitatem.
1209 5547 1277 5602 Et
1305 5548 1512 5604 idcirco
1555 5563 1626 5604 ne
1653 5548 1782 5604 mali

190 5630 523 5701 interpretes
559 5631 701 5688 male
735 5648 939 5690 nonum
989 5636 1437 5708 interpretentur,
1467 5640 1571 5695 hoc
1601 5640 1779 5695 adhuc

188 5717 378 5777 facere
403 5736 510 5778 non
539 5736 780 5780 possum.
825 5723 1054 5790 Tamen,
1081 5729 1125 5782 si
1158 5729 1277 5784 vult
1298 5729 1522 5787 credere
1548 5729 1778 5788 domnus

483 5814 754 5876 ΡΑι-ιιοι..
799 5815 1084 5880 CXXVI.

1889 4639 2031 4695 sicut
2053 4639 2245 4694 melius
2276 4641 2405 4709 ipsa:
2430 4642 2608 4702 scitis,
2633 4642 2795 4696 salvae
2823 4658 2942 4699 esse
2969 4661 3308 4716 nequaquam
3331 4647 3478 4703 vale-

1888 4731 1977 4786 tis.
2007 4729 2074 4784 Et
2102 4730 2242 4785 sicut
2267 4732 2477 4786 animos
2507 4732 2575 4786 ab
2608 4731 2864 4801 inquietis
2895 4719 3259 4810 motibus,‘ita
3289 4746 3345 4792 et
3373 4738 3477 4791 lin-

1887 4838 2022 4893 guas
2049 4839 2079 4877 a
2105 4823 2472 4895 provocativis
2501 4825 2798 4880 iracundiae
2827 4807 3090 4900 vobisque
3118 4806 3326 4884 nocivis
3351 4843 3472 4884 ser-

1887 4913 2139 4968 monibus
2183 4912 2482 4978 custodite,
2549 4922 2889 4971 contestante
2927 4917 3237 4989 Apostolo:
3283 4909 3473 4973 Omnis

1884 5003 2092 5058 clamor
2129 5012 2184 5059 et
2224 5004 2522 5073 indignatio
2568 5020 2597 5058 a
2637 5006 2792 5062 vobis
2829 4992 3298 5084 auferatur,gcumi
3321 5009 3472 5063 omni

1840 5141 1844 5145 .
1884 5091 2122 5158 malitia,
2161 5103 2217 5147 et
2255 5093 2432 5148 omnis
2471 5109 2651 5149 sermo
2693 5095 2866 5150 malus
2903 5110 3102 5174 cx‘ore
3143 5106 3322 5152 vestro
3363 5113 3474 5180 non

1882 5183 2140 5253 procedat
2156 5182 2370 5254 (Eplles.
2399 5199 2472 5249 iv,
2495 5185 2585 5252 50,
2602 5185 2691 5256 51)
2714 5203 2729 5252 ;
2757 5200 2823 5241 ne
2844 5187 2982 5241 sicut
3008 5186 3182 5242 solent
3202 5187 3471 5270 homines,

1882 5273 2036 5344 prius
2060 5273 2246 5354 dolore
2267 5275 2546 5341 commoti,
2574 5284 2628 5330 et
2652 5285 2840 5346 postea
2867 5275 3047 5346 aliquo
3070 5277 3285 5345 gaudio,
3315 5279 3472 5356 quasi

1841 5402 1848 5433 ς
1883 5363 2158 5420 victoriosi
2184 5363 2492 5420 obtinentes
2516 5380 2637 5436 qua:
2662 5365 3121 5430 desideraverant,
3151 5365 3466 5430 exliilarati,

1885 5454 1953 5511 de
1994 5469 2317 5526 quocunque
2365 5456 2585 5511 homine
2614 5470 2734 5526 qua:
2763 5471 2884 5528 non
2925 5455 3255 5511 conveniunt
3291 5456 3490 5530 aliqua-

1837 5611 1840 5614 ,
1884 5555 2126 5604 vestrum
2167 5547 2348 5603 dicat:
2383 5561 2452 5602 ne
2489 5557 2544 5602 ct
2581 5547 2858 5616 patientiae
2887 5546 3138 5602 meritum
3163 5607 3166 5610 ,
3192 5533 3474 5618 inutilibus

1835 5699 1840 5704 ,
1887 5638 2227 5694 sermonibus
2255 5651 2438 5692 coram
2469 5638 2580 5692 Deo
2611 5635 2887 5706 perdatis;
2919 5637 3058 5713 etsi
3087 5637 3282 5708 aliquis
3309 5638 3475 5694 fuerit

1887 5730 1979 5800 qui
2021 5731 2200 5802 aliqua
2247 5729 2634 5800 provocatione
2687 5725 3066 5806 quamcunque
3112 5740 3352 5790 vestrum
3392 5733 3472 5810 had
