4012 6318
569 379 678 434 267

1559 369 1890 436 HINCMARI
1924 367 2312 426 BHEMENSIS
2349 365 2864 426 ARCHIEPISCOPI

3751 370 3860 431 πε

549 494 677 554 hoc
722 487 983 561 instigare
1031 487 1282 556 voluerit,
1337 495 1395 542 ut
1443 500 1778 556 qnxecunqne
1815 484 2052 541 indebita
2091 484 2156 540 de
2185 489 2231 548 Α
2263 499 2358 540 nes
2399 480 2765 546 constituitur,
2812 497 2920 538 non
2963 485 3218 541 erretur?
3256 483 3388 541 Nam
3433 489 3598 546 totius
3631 490 3854 551 familia:

559 594 894 654 quocunque
935 578 1192 650 proferat,
1237 577 1467 648 qualiter
1513 576 1658 630 illam
1698 574 2160 646 comprehendere

546 675 765 746 epossit,
795 681 854 728 ut
882 671 1279 727 rationabiliter
1321 670 1581 724 damnare
1625 667 1938 738 praevaleat,
1977 667 2156 721 locum

548 781 678 824 meo
704 765 948 822 diabolus
985 779 1088 819 nec
1126 773 1338 819 astutus
1366 764 1533 818 homo
1561 761 1753 816 eximie
1785 760 1965 828 aliquo
1996 759 2156 813 modo

545 855 788 912 .ltabeat.
821 852 929 910 Sed
959 853 1090 908 tales
1117 868 1215 908 vos
1239 851 1492 906 exhibete
1522 858 1600 915 ut,
1634 850 1862 905 interius
1891 848 2158 904 exterius-

562 957 677 1012 que
708 944 963 998 decenter
989 950 1215 1004 ornattc,
1245 942 1434 1012 dignas
1472 947 1634 1008 atque
1667 938 2004 993 exaudibiles
2032 953 2158 991 ora-

574 1034 750 1088 tiones
774 1040 827 1088 et
856 1048 954 1104 pro
982 1032 1134 1088 vobis
1160 1039 1214 1086 et
1240 1046 1339 1101 pro
1369 1030 1584 1084 seniore
1613 1044 1677 1084 ac
1707 1028 1921 1082 domina
1951 1035 2152 1091 vestra,

569 1139 778 1194 proque
825 1138 932 1177 non
971 1123 1145 1178 solum
1189 1119 1378 1176 amicis
1420 1119 1636 1184 vestris,
1668 1133 1857 1173 verum
1907 1117 2070 1171 etiam
2101 1122 2156 1170 et

568 1229 672 1286 pro
697 1214 929 1270 inimicis
957 1213 1026 1268 ad
1056 1226 1216 1286 aures
1244 1211 1455 1267 Domini
1485 1212 1703 1266 mittere
1735 1209 1984 1265 valeatis.

1082 1321 1420 1380 EPISTOLA
1457 1321 1645 1377 XLVI.

846 1430 916 1469 AD
951 1429 1146 1469 ENEAM
1186 1428 1531 1468 PARISIENSEH
1570 1425 1882 1468 EPISCOPUI.

702 1525 780 1582 De
800 1526 1129 1580 ordinatione
1153 1523 1429 1590 Bel-nonis,
1455 1521 1774 1578 Parisiensis
1797 1519 2046 1592 acolythi.

973 1634 1066 1698 (Ex
1092 1635 1225 1686 Actis
1248 1648 1383 1698 prov.
1409 1633 1530 1685 eccl.
1557 1631 1754 1696 Rhein.)

499 1779 513 1789 τ
541 1731 545 1736 ⁴
639 1737 821 1796 Nostri
853 1738 1052 1796 fratres
1077 1741 1143 1795 de
1178 1741 1508 1795 monasterio
1542 1739 1715 1794 sancti
1752 1737 2012 1810 Dionysii,
2056 1750 2154 1807 per

2260 575 2472 629 Domini
2503 583 2677 629 status
2706 583 2759 629 ct
2788 576 2922 629 ordo
2944 576 3171 642 nutabit,
3211 579 3254 632 si
3286 577 3428 647 quod
3458 581 3764 651 requiritur
3795 587 3848 640 in

2258 682 2506 736 corpore,
2535 681 2642 720 non
2687 665 2757 720 sit
2795 666 2849 720 in
2880 667 3077 736 capite.
3111 667 3212 724 Ubi
3257 677 3340 722 est
3362 669 3449 724 illa
3500 671 3646 726 beati
3691 672 3852 730 Pauli

2256 757 2482 827 apostoli
2515 773 2611 828 per
2637 757 2896 828 Spiritum
2929 760 3021 814 Dei
3069 760 3265 815 emissa
3298 765 3609 833 przeceptio,
3648 783 3761 836 qua
3796 769 3849 822 in

2256 864 2486 917 persona
2520 848 2787 903 Timothei
2837 851 3077 906 omnium
3117 850 3317 906 Christi
3357 857 3702 910 sacerdotum
3749 875 3851 912 nu-

2257 955 2438 993 merus
2465 940 2728 1006 eruditur,
2757 950 2811 994 et
2846 943 3068 1011 proinde
3100 927 3388 1014 unicuique
3428 957 3672 1001 nostrum
3719 951 3848 1006 dici-

2258 1037 2344 1082 tur
2377 1048 2390 1081 :
2425 1029 2617 1084 Manus
2645 1031 2838 1084 nemini
2885 1033 2987 1085 cito
3029 1035 3368 1102 imposueris,
3412 1051 3573 1100 neque
3611 1056 3848 1094 commu-

2255 1121 2393 1174 nices
2441 1123 2666 1190 peccatis
2712 1122 2896 1176 alienis
2945 1122 3010 1194 (Ι
3060 1122 3193 1177 Tim.
3254 1123 3338 1195 v).
3391 1125 3544 1181 Unde
3592 1129 3846 1199 religiosa

2208 1251 2209 1255 η
2255 1211 2520 1280 sapientia
2568 1223 2747 1268 vestra
2799 1213 2943 1268 inter
2988 1213 3091 1268 alia
3141 1215 3256 1270 haec
3301 1217 3408 1272 duo
3446 1218 3667 1273 decreta
3700 1220 3846 1276 beati

2254 1301 2451 1358 Leonis
2495 1306 2844 1372 sagacissime
2899 1307 3242 1375 ponderabit,
3294 1309 3489 1378 quibus
3525 1311 3660 1364 dicit
3702 1320 3765 1364 ut
3795 1311 3847 1367 in

2254 1391 2416 1447 domo
2431 1393 2640 1449 Domini
2662 1392 2796 1448 nihil
2811 1395 2881 1450 sit
2905 1397 3266 1451 inordinatum
3297 1398 3536 1468 nihilque
3549 1412 3851 1470 praeposte-

2255 1503 2394 1541 rum.
2426 1488 2556 1555 Quae
2583 1489 2626 1543 si
2665 1490 2805 1544 idem
2837 1500 3059 1545 sanctus
3089 1499 3143 1545 et
3170 1491 3386 1562 sapiens
3414 1492 3483 1545 ita
3515 1504 3706 1564 aperte
3739 1510 3846 1550 non

2252 1587 2500 1646 poneret,
2529 1577 2796 1634 subtilitas
2824 1580 3126 1635 intellectus
3155 1581 3321 1636 vestri
3351 1582 3689 1638 sufficienter
3717 1599 3849 1639 enuo

2253 1665 2475 1721 clearet.
2521 1667 2830 1737 Propterea,
2874 1670 3091 1724 domine
3139 1671 3577 1726 reverentissime
3626 1689 3690 1727 ac
3735 1675 3849 1729 cle-

2255 1756 2612 1822 mentissimc,
2643 1757 2896 1827 dignetur
2933 1759 3063 1813 mibi
3101 1760 3397 1815 dominatio
3433 1771 3615 1815 vestra
3645 1761 3849 1818 litteris

569 1831 842 1887 Ποθηιὶίιιη
880 1831 1081 1887 (“militi
1127 1832 1340 1909 bealis
1368 1831 1621 1886 LUdOViCi
1644 1871 1664 1904 ν,
1705 1830 1774 1884 ad
1813 1829 2150 1920 θάυεδηάυω
2181 1843 2225 1902 Β
2253 1845 2368 1900 suis
2387 1845 2693 1916 signiﬁcare
2718 1863 2879 1918 quem
2900 1849 3060 1904 vultis
3080 1851 3147 1905 de
3166 1852 3502 1920 coepiscopis
3524 1853 3759 1916 nostris,
3788 1866 3850 1908 ut

573 1935 737 1990 atque
765 1922 1115 1977 erudiendum
1145 1923 1533 1976 commiserunt
1555 1922 1685 1975 mihi
1710 1921 1996 1990 quemdam
2023 1919 2153 1974 ado-

568 2011 862 2067 lesccntem
906 2013 1123 2067 nomine
1149 2014 1452 2068 Bernonetn
1481 2029 1641 2082 quem
1672 2021 1854 2067 vestra
1894 2010 2148 2066 fraterni-

569 2112 656 2158 tas
707 2103 1013 2176 acolytbum
1059 2103 1348 2159 ordinavit.
1395 2101 1706 2173 Propterea,
1738 2102 1993 2172 quoniam
2033 2102 2152 2158 sine

566 2202 751 2246 vestra
781 2193 995 2248 licentia
1025 2208 1148 2249 eum
1179 2193 1429 2248 nolumus
1456 2193 1510 2246 in
1547 2202 1730 2247 nostra
1759 2192 1998 2248 Ecclesia
2027 2193 2150 2247 diu-

569 2284 685 2340 tino
708 2293 945 2356 tempore
968 2285 1264 2349 immorari,
1289 2284 1522 2355 petimus
1548 2284 1891 2339 dilectionem
1913 2293 2150 2340 vestram

570 2383 633 2428 ut
658 2373 725 2430 de
756 2374 1027 2440 illovnobis
1053 2375 1265 2432 litteras
1293 2377 1585 2432 eanonicas
1613 2376 1847 2436 faciatis,
1880 2384 2150 2446 quatenus

567 2480 692 2522 eum
741 2467 798 2522 in
826 2466 1069 2524 Ecclesia
1109 2476 1294 2523 nostra
1320 2469 1592 2541 possimus
1643 2468 1964 2540 regulariter
1997 2467 2146 2526 ordi-

566 2573 719 2616 nare.

1057 2649 1394 2708 EPISTOLA
1441 2649 1644 2707 XLVII.

1053 2768 1122 2808 AD
1157 2769 1403 2810 εΑῐιοιωί
1439 2768 1633 2810 ΒΕΟΕΙ.

565 2861 636 2917 Ut
663 2861 800 2945 clero
829 2872 876 2918 et
900 2863 1036 2937 plebi
1061 2863 1433 2922 Silvanectensi
1455 2866 1574 2945 nari
1596 2866 1816 2945 episcopi
1844 2865 2146 2945 electionem

633 2941 922 3019 permittat,
965 2952 1012 2993 et
1065 2952 1379 2994 uisitatorent
1429 2941 1659 3011 designet
1704 2941 1792 3012 qui
1829 2944 2005 3012 prwsit
2043 2943 2146 2996 ele-

633 3018 818 3063 cttont.
899 3043 907 3047 -

829 3098 990 3163 (Apud
1014 3098 1166 3151 Labb.
1191 3099 1356 3164 Conc.,
1379 3105 1416 3152 t.
1445 3097 1574 3161 VIII,
1599 3114 1708 3164 pag.
1738 3100 1896 3164 1866.)

2253 1942 2302 1997 ei
2329 1957 2394 1996 ex
2422 1957 2571 1998 more
2597 1941 2803 1997 litteras
2832 1943 3119 1998 canonicas
3150 1944 3402 2013 dirigant,
3439 1953 3493 2000 et
3539 1946 3852 2002 visitatoris

2251 2031 2431 2087 ofﬁcio
2463 2032 2688 2101 fungens
2717 2032 2769 2086 in
2805 2033 2993 2087 eadem
3030 2029 3273 2087 Ecclesia
3307 2033 3630 2088 electionem
3673 2050 3850 2090 cano-

2249 2123 2426 2178 nicam
2456 2121 2649 2190 faciat;
2697 2132 2754 2178 et
2791 2133 2884 2178 aut
2928 2138 3024 2193 per
3049 2139 3130 2188 se,
3167 2132 3262 2179 aut
3307 2139 3402 2194 per
3437 2125 3648 2181 litteras
3684 2141 3847 2191 suas.

2249 2212 2455 2267 vicario
2483 2227 2579 2267 suo
2605 2211 2904 2278 deferente,
2935 2215 3180 2268 eamdem
3210 2214 3550 2275 electionem.
3582 2231 3710 2270 cum
3745 2218 3849 2272 de-

2249 2311 2399 2358 creto
2429 2303 2689 2358 canonico
2717 2303 3047 2373 singulorum
3073 2303 3322 2359 manibus
3352 2305 3628 2371 roborato,
3653 2307 3727 2360 ad
3757 2321 3848 2361 me

2248 2395 2474 2460 referat,
2515 2404 2575 2450 ut
2599 2412 2703 2466 per
2730 2411 2817 2452 me
2844 2395 2960 2469 ipsa
2987 2397 3181 2452 electio
3226 2399 3293 2453 ad
3322 2399 3709 2455 dominationis
3755 2417 3847 2457 ve-

2249 2496 2375 2542 strae
2409 2487 2792 2543 discretionem
2838 2489 3137 2558 perveniat.
3172 2489 3238 2544 Et
3263 2491 3388 2560 quia
3425 2491 3479 2544 in
3513 2491 3670 2545 domo
3716 2491 3843 2558 Dei,

2245 2588 2306 2634 ut
2353 2594 2422 2633 ex
2465 2579 2643 2634 verbis
2688 2578 2885 2635 Leonis
2931 2580 3313 2650 praemisimus,
3354 2581 3487 2636 nihil
3530 2584 3848 2639 auctoritas

2244 2671 2450 2741 patitur
2472 2671 2830 2725 inordinatum
2857 2687 2977 2726 esse
3003 2671 3243 2742 nihilque
3267 2683 3672 2743 praeposterum,
3709 2691 3846 2730 cum

2245 2768 2371 2813 vota
2399 2760 2686 2814 concordia
2715 2759 2842 2836 cieri
2879 2775 2942 2815 ac
2981 2760 3152 2831 plebis
3187 2762 3240 2815 in
3277 2762 3537 2818 electione
3565 2765 3842 2833 regulari,

2245 2849 2332 2910 vel
2361 2861 2553 2910 vestrae
2597 2849 2980 2910 dominationis
3025 2867 3343 2911 consensum
3393 2855 3843 2927 cognoverimus,

2246 2947 2452 3003 litteras
2481 2949 2907 3018 metropolitanze
2947 2949 3288 3004 auctoritatis
3317 2963 3480 3018 super
3506 2949 3845 3005 electionem

2245 3051 2409 3096 certm
2433 3056 2678 3112 persona:
2704 3041 2772 3094 ad
2797 3041 3142 3110 coepiscopos
3172 3040 3501 3096 Rbemorum
3528 3043 3846 3100 diazceseos

2246 3132 2560 3203 dirigemus,
2610 3144 2818 3188 certum
2863 3133 3004 3187 diem
3044 3140 3101 3186 et
3137 3133 3313 3187 locum
3353 3132 3433 3187 eis
3461 3134 3843 3202 designantes,

634 3206 864 3262 Domino
908 3205 1123 3262 Gnoso
1163 3205 1273 3278 regi
1311 3205 1544 3277 glorioso
1572 3207 1646 3263 sit
1673 3222 1887 3280 semper
1914 3206 2060 3264 salus
2088 3217 2140 3264 et

2247 3199 2460 3296 quando
2485 3235 2540 3280 et
2565 3240 2673 3296 quo
2700 3227 2768 3280 ad
2794 3225 3190 3280 ordinationem
3225 3226 3391 3296 ipsius
3418 3199 3702 3280 electi‘aut

561 3297 694 3354 vita.

636 3388 880 3460 Septimo
905 3388 1029 3445 ldus
1054 3387 1219 3458 Junii,
1250 3389 1394 3445 circa
1421 3387 1611 3445 horam
1638 3388 1952 3454 secundam,
1976 3403 2144 3444 vene-

561 3488 689 3533 runt
720 3488 828 3533 tres
853 3477 1036 3534 clerici
1064 3486 1119 3534 et
1147 3481 1251 3536 duo
1284 3470 1406 3535 laici
1436 3479 1856 3534 Silvanectensis
1883 3479 2142 3535 Ecclesiae

476 3611 483 3615 η
519 3568 522 3574 ’
561 3569 626 3623 ad
651 3569 1000 3640 exiguitatem
1032 3585 1230 3636 meam,
1255 3569 1656 3624 innotescentes
1679 3569 1924 3624 eamdem
1956 3568 2141 3626 Eccle-

557 3660 694 3713 siam
713 3700 729 3724 ,
762 3659 929 3715 fratre
956 3669 1010 3717 et
1036 3659 1424 3717 consacerdote
1456 3669 1644 3715 nostro
1676 3659 1914 3729 Erpoino
1945 3659 2138 3715 defun-

558 3760 666 3815 cto,
716 3751 986 3807 viduatam
1037 3765 1156 3807 esse
1197 3759 1451 3821 pastore;
1487 3749 1723 3805 ferentes
1764 3749 1926 3804 etiam
1972 3749 2141 3819 ipsius

555 3841 811 3898 Ecclesiae
859 3851 968 3896 tam
1017 3843 1148 3896 cleri
1195 3857 1357 3911 quam
1406 3840 1578 3911 plebis
1618 3839 1934 3911 petitionem
1972 3850 2031 3894 ut
2060 3841 2140 3896 eis

559 3939 746 3997 pastor
776 3927 1070 3984 secundum
1099 3942 1284 3982 sacras
1310 3928 1525 3997 regulas
1556 3929 1844 3982 tribuatur.
1876 3928 2021 3994 Quos
2055 3929 2141 3982 in-

555 4020 823 4089 tet-rogavi
843 4019 891 4072 si
919 4017 1142 4070 verbum
1175 4016 1435 4070 haberent
1472 4017 1538 4071 de
1571 4030 1704 4086 pace
1730 4015 1832 4086 [f.,
1862 4017 1928 4070 de
1957 4013 2135 4088 parte]

556 4108 686 4164 cleri
720 4123 784 4163 ac
825 4105 996 4176 plebis
1024 4104 1278 4160 Ecclesia:
1317 4105 1484 4173 ipsius
1527 4120 1593 4158 ex
1636 4104 1814 4172 aliqua
1861 4106 2136 4173 designata

554 4212 785 4267 persona
820 4214 832 4251 :
863 4194 954 4266 qui
985 4193 1375 4266 responderunt
1406 4208 1465 4248 se
1494 4208 1600 4248 non
1630 4192 1789 4248 aliam
1819 4195 2136 4263 petitionem

553 4305 621 4345 ex
650 4298 802 4359 parte
829 4286 1099 4344 sociorum
1129 4299 1348 4342 suorum
1377 4282 1586 4349 afferre,
1618 4284 1719 4339 nisi
1747 4293 1806 4339 ut
1834 4285 1974 4354 apud
2011 4286 2138 4341 soli-

553 4390 665 4436 tam
701 4377 1125 4435 misericordiam
1154 4385 1411 4438 vestram,
1442 4375 1667 4430 liberam
1702 4375 1807 4430 illis
1836 4392 1900 4431 ac
1931 4375 2138 4447 regula-

553 4486 667 4526 rem
695 4470 1013 4526 electlonem
1039 4467 1288 4524 obtinere
1309 4476 1628 4538 satagerem,
1663 4476 1928 4536 quatenus
1949 4482 2140 4522 secun-

552 4561 678 4617 dum
710 4575 895 4615 sacras
921 4559 1136 4630 regulas
1165 4557 1276 4624 ille,
1305 4555 1567 4613 canonico
1592 4557 1872 4612 visitatore
1900 4557 2129 4627 directo,

496 4652 502 4658 ’
551 4655 620 4709 ab
646 4653 896 4707 omnibus
928 4651 1180 4706 Ecclesiae
1209 4650 1378 4722 ipsius
1403 4649 1637 4716 alumnis
1660 4649 1835 4704 valeat
1863 4648 2008 4720 eligi,
2042 4650 2129 4704 cui

551 4742 746 4797 debeat
790 4740 860 4793 ab
908 4738 1156 4794 omnibus
1202 4737 1592 4807 obediri.,Ego
1635 4747 1838 4802 autem,
1883 4736 2027 4803 licet,
2069 4745 2130 4792 ut

546 4831 830 4903 praefatum
877 4837 981 4894 est,
1026 4829 1358 4884 sacerdotem
1403 4838 1639 4884 vestrum
1687 4827 1984 4897 Erpoinum
2031 4842 2128 4898 per

548 4922 774 4978 fratrem
817 4919 1190 4977 Hildeboldum
1229 4921 1722 4991 compresbyterum
1761 4927 2005 4975 nostrum
2034 4935 2127 4976 oc-

467 5069 470 5072 .
551 5023 676 5069 ta-vo
703 5011 828 5068 ldus
850 5009 993 5074 Judii
1019 5006 1325 5063 defunctum
1357 5007 1642 5070 audierim,
1669 5022 1775 5062 non
1805 5016 1985 5063 tamen
2011 5017 2124 5063 sta-

554 5107 629 5162 tui
657 5114 815 5162 antea
843 5099 1197 5158 dominationi
1225 5108 1414 5154 vestra:
1445 5099 1740 5170 quidquam
1772 5099 1898 5157 inde
1936 5114 2127 5170 sugge-

552 5213 695 5263 rere,
731 5206 825 5252 aut
871 5211 967 5267 pro
1005 5194 1194 5249 eadem
1222 5189 1464 5249 Ecclesia
1499 5193 1771 5263 postulare
1813 5194 2125 5266 priusquam

549 5287 845 5343 secundum
887 5283 1184 5356 regularem
1231 5296 1436 5338 momm
1479 5282 1547 5338 ab
1586 5297 1651 5338 ea
1685 5283 1887 5355 legatos
1918 5286 2127 5356 accipe-

549 5393 684 5433 rem.
725 5375 882 5442 Quia,
912 5383 970 5429 ut
1002 5373 1109 5429 Leo
1148 5373 1200 5428 in
1241 5372 1474 5429 decretis
1503 5373 1617 5429 suis
1653 5373 1784 5429 dicit
1812 5374 1950 5447 (cap.
1983 5374 2072 5446 49)
2106 5389 2124 5440 ;

473 5463 478 5468 ’
557 5480 576 5514 ε
627 5465 684 5518 Si
725 5466 778 5541 in
819 5461 1144 5534 quibuslibet
1181 5460 1437 5517 Ecclesia:
1479 5462 1735 5532 gradibus
1778 5465 2126 5534 providenter

469 5625 471 5629 ι
549 5553 889 5625 scienterque
902 5555 1196 5610 curandum
1217 5562 1300 5609 est
1325 5562 1385 5609 ut
1402 5554 1454 5608 in
1477 5553 1638 5611 domo
1658 5553 1871 5611 Domini
1896 5555 2028 5610 nihil
2054 5557 2127 5613 sit

549 5641 909 5698 inordinatum
949 5645 1190 5716 nihilque
1235 5655 1644 5716 praeposterum,
1700 5656 1905 5717 quanto
1951 5646 2124 5718 magis

548 5734 930 5822 elaborandum
956 5746 1127 5795 est-ut
1159 5739 1211 5796 in
1239 5728 1665 5808 electione'ejus,
1697 5739 1791 5808 qui
1823 5753 1984 5810 supra
2011 5754 2120 5798 om.

2243 3317 2582 3382 conveniant.
2615 3325 2708 3370 aut
2741 3314 2952 3372 litteras
2978 3317 3062 3372 sui
3099 3331 3392 3372 consensus
3417 3331 3514 3388 per
3545 3318 3848 3389 presbyte-

2241 3419 2363 3461 rum
2393 3415 2487 3460 aut
2512 3405 2798 3461 diaconum
2829 3406 2947 3462 vice
2977 3422 3072 3462 sua
3106 3409 3502 3462 transmittant.

2728 3517 3058 3575 EPISTULA
3103 3517 3332 3576 XLVIII.

2396 3632 2466 3675 AD
2504 3633 2889 3675 IIEDENULPIIUII
2928 3633 3312 3674 LAUDUNENSEI
3346 3632 3658 3674 EPISCOPUI.

2243 3728 2310 3788 Ut
2359 3731 2640 3789 visitataris
2691 3732 2864 3803 ofﬁcio
2906 3731 3261 3803 fungaturin
3309 3729 3554 3786 electione
3599 3731 3842 3803 episcopi

2824 3800 3236 3855 Cameracensis.

2807 3911 2946 3973 Apud
2971 3908 3122 3960 Labb.
3147 3908 3289 3972 ibid.)

2309 4009 2622 4066 Ilmcunus
2643 4021 2846 4068 sanctae
2869 4012 3180 4081 metropolis
3203 4008 3463 4066 Ecclesia:
3486 4009 3837 4069 Rhemorum

2237 4102 2542 4170 episcopus,
2572 4117 2635 4156 ac
2677 4102 2848 4172 plebis
2893 4102 2988 4156 Dei
3036 4103 3290 4160 famulus.
3331 4103 3526 4158 dilecto
3565 4102 3730 4159 fratri
3769 4121 3839 4162 ac

2236 4191 2533 4245 venerabili
2561 4193 2881 4261 c0episcopo
2908 4201 3094 4247 nostro
3116 4192 3474 4248 fleuevuurno
3497 4193 3760 4250 salutem.

2308 4281 2514 4336 Dilecto
2560 4280 2730 4337 fratre
2770 4298 2835 4338 ac
2882 4279 3176 4338 venerabili
3205 4284 3609 4340 'consacerdote
3638 4296 3839 4344 nostro

2235 4367 2442 4424 Joanne
2477 4371 2731 4427 Ecclesia
2775 4371 3180 4429 Cameracensis
3225 4372 3498 4438 defuncto,
3533 4377 3736 4431 hortor
3769 4393 3837 4434 ac

2238 4475 2434 4516 moneo
2456 4461 2794 4516 dilectionem
2827 4471 2996 4532 tuam,
3029 4464 3196 4518 frater
3222 4464 3560 4529 charissime,
3593 4477 3652 4520 ut
3679 4465 3836 4534 ejus-

2162 4545 2210 4605 D
2237 4552 2359 4607 dem
2409 4550 2663 4607 Ecclesiae
2704 4551 2886 4607 officio
2930 4553 3218 4608 visitatoris
3250 4564 3450 4610 nostrae
3500 4557 3835 4614 humilitatis

2236 4649 2649 4720 metropolitana
2678 4648 3012 4718 delegatione
3044 4662 3315 4720 suscepto,
3344 4652 3410 4705 ad
3435 4651 3689 4706 eamdem
3720 4653 3830 4707 Ec.

2235 4741 2457 4796 clesiam
2504 4739 2820 4809 quantocius
2867 4739 3086 4793 studeas
3130 4755 3442 4809 properare,
3485 4756 3549 4795 ac
3581 4742 3830 4798 assiduis

2233 4831 2628 4888 bortationibus
2679 4829 2882 4884 elerum
2933 4830 3251 4901 plebemque
3303 4829 3556 4886 Ecclesiae
3607 4831 3828 4900 publice

2234 4925 2524 4978 admonere
2567 4920 2809 4986 festines,
2846 4928 2905 4976 ut
2952 4931 3162 4975 remoto
3208 4922 3424 4994 privato
3466 4921 3669 4986 studio,
3715 4936 3828 4978 uno

2232 5011 2531 5079 eodemque
2567 5023 2831 5066 consensu
2875 5008 3036 5065 talem
3076 5009 3177 5064 sibi
3207 5009 3612 5080 przeliciendum
3656 5024 3830 5080 expe-

2231 5109 2354 5159 tant
2395 5115 2459 5157 ac
2485 5100 2687 5173 eligant
2728 5099 3084 5166 sacerdotem,
3113 5100 3204 5170 qui
3249 5109 3305 5156 et
3332 5107 3482 5155 tanto
3515 5100 3828 5157 ministerio

2233 5193 2430 5266 dignus
2479 5192 2650 5247 valeat
2693 5191 2941 5262 reperiri,
2989 5201 3044 5247 et
3087 5204 3118 5246 a
3155 5191 3482 5247 venerandis
3516 5192 3827 5248 centonibus

2232 5283 2539 5340 nullatenus
2585 5292 2895 5354 respuatur.
2949 5281 3202 5338 Formam
3251 5291 3434 5336 autem
3489 5280 3821 5347 electionis,

2233 5374 2468 5446 qualiter
2507 5381 2562 5431 et
2602 5373 2817 5444 qualem
2857 5373 3055 5444 eligere
3097 5373 3351 5438 debeant,
3390 5383 3497 5428 tum
3537 5371 3823 5428 dilectioni

2237 5466 2565 5533 transmitto,
2586 5481 2745 5536 quam
2767 5465 2978 5538 publice
2995 5481 3179 5522 coram
3205 5464 3456 5521 omnibus
3477 5473 3570 5520 tua
3593 5464 3824 5520 solertia

2231 5557 2397 5627 relegi
2432 5557 2612 5621 faciat,
2652 5570 2720 5612 ne
2762 5558 2828 5612 de
2862 5557 3164 5628 ignorantia
3194 5571 3256 5611 se
3289 5554 3520 5626 quilibet
3546 5567 3827 5609 excusare

2229 5648 2539 5717 prtevaleat.
2571 5647 2700 5714 Quae
2729 5647 2923 5702 electio
2952 5663 3059 5702 non
3089 5656 3299 5702 tantum
3328 5663 3358 5700 a
3390 5647 3634 5701 civitatis
3656 5644 3823 5700 cleri-

2229 5740 2310 5794 cis
2350 5740 2454 5794 erit
2491 5739 2718 5810 agenda,
2751 5753 2935 5794 verum
2976 5748 3032 5795 et
3073 5740 3142 5794 de
3181 5737 3432 5796 omnibus
3465 5735 3824 5795 monasteriis
