4012 6318
247 307 359 363 269

1704 302 2077 362 EPISTOLE.

3413 309 3521 367 270

246 418 428 488 ipsius
466 418 761 489 parochize,
810 426 864 475 et
909 417 974 476 de
1023 419 1421 476 rusticanarum
1464 418 1840 491 parochiarum
1867 420 1917 482 Α
1944 430 2062 470 rum
2086 420 2356 484 pastorem
2382 412 2581 485 eligite,
2607 414 2696 486 qui
2720 414 2916 470 merito
2940 415 3064 474 vita:
3091 425 3146 474 et
3167 417 3408 474 scientiae
3433 419 3523 474 do-

244 507 930 580 presbyteris,-oecurrant
955 509 1163 572 vicarii,
1187 510 1634 564 commorantium
1657 524 1842 565 secum

244 601 548 656 concordia
577 611 697 654 vota
723 601 988 667 ferentes,
1025 601 1116 658 sed
1148 612 1202 657 et
1227 603 1351 658 laici
1377 604 1582 658 nobiles
1609 618 1672 656 ac
1696 602 1842 659 cives

243 693 449 746 adesse
479 692 769 757 debebunt,
817 695 1068 762 quoniam
1106 695 1174 748 ab
1213 696 1464 750 omnibus
1506 695 1664 749 debet
1693 695 1837 763 eligi,

243 781 337 836 cui
371 781 530 836 debet
571 782 640 836 ab
667 783 918 838 omnibus
961 783 1186 838 obediri.
1230 785 1293 837 Et
1333 785 1376 840 si
1409 795 1526 854 post
1555 785 1840 840 lectionem

243 870 444 927 formae
493 872 772 930 electionis
809 889 840 928 a
872 875 1027 929 nobis
1074 890 1171 944 per
1205 885 1351 930 tuam
1391 876 1727 931 dilectionem
1761 876 1840 932 eis

247 963 612 1027 transmissae,
644 966 939 1018 concordes
965 980 1152 1020 omnes
1183 964 1236 1018 in
1255 953 1646 1036 quamcunque
1677 981 1837 1035 regu-

244 1054 426 1109 larem
475 1038 763 1124 personam
814 1037 1102 1117 inveneris,
1148 1070 1367 1108 moneas
1411 1069 1504 1116 eos
1556 1055 1834 1109 decretum

245 1147 575 1202 canonicqu
621 1145 691 1201 ab
726 1146 807 1201 eis
841 1146 972 1210 ﬁeri,
1005 1162 1066 1200 ac
1093 1145 1365 1215 sigillatim
1395 1147 1634 1200 omnium
1667 1146 1837 1200 mani-

242 1240 354 1293 bus
383 1239 658 1299 rohorari;
702 1248 758 1292 et
789 1253 912 1294 cum
947 1238 1162 1294 decreto
1200 1238 1480 1304 canonico,
1521 1247 1681 1308 atque
1709 1253 1835 1294 eum

246 1331 423 1382 tantis
474 1330 567 1399 qui
620 1327 948 1384 sufﬁcienter
1000 1330 1239 1384 omnium
1290 1330 1405 1385 vice
1469 1329 1832 1385 testimonium

238 1419 423 1476 electo
459 1419 604 1475 ferre
640 1423 867 1491 possint,
904 1437 1030 1477 cum
1078 1422 1158 1477 eis
1197 1422 1548 1488 mandavero,
1582 1423 1832 1479 eumdem

241 1512 483 1570 electum
511 1514 577 1570 ad
599 1529 700 1570 nos
725 1515 996 1570 adducere
1021 1523 1232 1570 curent.

767 1645 1102 1704 EPISTOLA
1140 1645 1325 1703 XLIX.

390 1789 459 1828 ΑΙ)
491 1789 844 1829 BADEBEBTUM
882 1788 1342 1830 SILVANECTENSEM
1373 1789 1686 1831 EPISCOPUDI.

245 1909 318 1965 Ut
363 1910 648 1966 visitatoris
691 1910 868 1979 ofﬁcio
913 1908 1165 1979 fungatur
1213 1908 1270 1964 in
1310 1907 1558 1966 electione
1603 1910 1829 1980 episcopi

843 1979 1244 2035 Bellovacensis.

795 2107 956 2172 (Apud
981 2107 1132 2158 Labb.
1159 2108 1294 2166 lbid.,

324 2231 526 2288 Eadem
564 2243 635 2288 est
671 2250 734 2289 ac
780 2233 1104 2304 prmcedens,
1147 2233 1244 2288 hoc
1287 2241 1490 2288 tantum
1527 2235 1826 2290 discrimine

239 2325 395 2395 quod
427 2324 518 2378 sub
557 2325 761 2380 initium
797 2325 1003 2394 adjecta
1042 2333 1116 2378 est
1147 2325 1336 2379 mentio
1371 2341 1652 2379 consensus
1697 2325 1825 2396 regii

240 2419 344 2471 hoc
364 2418 516 2471 modo
537 2435 558 2473 :
579 2418 772 2474 Ofﬁcio
792 2419 1105 2481 visitatoris.
1128 2434 1394 2474 consensu
1425 2419 1626 2474 domini
1652 2419 1821 2474 nostri

239 2508 500 2564 Ludovici
545 2511 703 2581 regis,
742 2521 940 2566 nostra:
983 2509 1322 2576 humilitatis,
1361 2519 1466 2566 etc.
1516 2509 1624 2566 Sub
1664 2512 1824 2580 ﬁnem

239 2614 380 2663 vero,
415 2599 579 2654 verbis
613 2600 718 2654 illis
755 2601 983 2667 omissis,
1014 2617 1136 2657 cum
1172 2602 1250 2658 eis
1285 2603 1632 2669 mandavero,
1664 2604 1821 2674 paulo

237 2689 449 2760 longius
488 2694 716 2746 excurrit
754 2694 808 2747 in
835 2695 972 2749 hunc
1003 2694 1212 2748 modum
1245 2710 1264 2749 :
1291 2695 1550 2750 Eumdem
1590 2695 1819 2750 electum

240 2781 312 2835 ad
342 2796 442 2836 nos
480 2781 747 2837 adducere
775 2792 950 2838 tecum
980 2784 1396 2839 examinandum
1422 2799 1673 2853 procura.
1705 2782 1820 2842 Tua

239 2882 425 2925 autem
453 2871 690 2938 dilectio,
723 2873 888 2928 frater
913 2873 1251 2940 charissime,
1273 2874 1457 2930 solerti
1486 2891 1613 2929 cura
1641 2875 1694 2930 in
1719 2875 1820 2932 hac

237 2962 505 3018 electione
553 2963 792 3034 invigilet
823 2983 836 3019 :
864 2967 1163 3036 prmsertim
1209 2982 1332 3022 cum
1387 2968 1664 3023 nobiseum
1721 2969 1817 3026 tibi

236 3069 461 3110 necesse
484 3057 589 3110 erit
618 3056 666 3111 ei
700 3057 791 3127 qui
827 3057 1154 3112 ordinandus
1176 3072 1259 3112 es:
1287 3073 1476 3112 manus
1506 3058 1813 3130 imponere;

1941 506 2117 560 ctrina
2144 505 2296 560 vobis
2343 518 2578 574 praeesse
2621 505 2799 561 valeat
2842 517 2898 562 et
2940 509 3219 577 prodesse,
3247 510 3448 581 quique
3486 528 3520 568 a

1940 599 2237 653 canonibus
2279 598 2450 654 sacris
2486 613 2592 652 non
2621 599 2912 669 discrepet.
2958 600 3036 655 De
3073 601 3226 671 cujus
3258 601 3523 659 electione

1939 689 2216 745 decretum
2243 690 2563 746 canonicum
2590 692 2830 746 unanimi
2862 700 2988 747 voto
3011 707 3196 763 agere,
3223 702 3280 748 et
3316 696 3522 766 sigilla-

1940 779 2036 833 tim
2083 781 2324 834 omnium
2365 789 2602 836 vestrum
2643 781 2890 837 manibus
2938 782 2994 837 in
3039 784 3325 853 praesentia
3364 784 3526 855 hujus

1937 869 2238 925 visitatoris
2266 871 2430 924 vestri
2463 871 2722 926 roborarc
2747 872 2999 944 satagitc.

2499 1005 2836 1064 EPISTOLA
2874 1008 2958 1064 ιι.

1937 1139 2092 1182 αειιι
2125 1143 2196 1184 ΕΤ
2237 1144 2417 1186 Ριεβιδ
2454 1147 2814 1188 LAUD‘UNENSIS
2850 1149 2918 1188 AD
2951 1149 3261 1195 BINCMARUII
3285 1153 3529 1196 RHEIEN-

2418 1215 2520 1256 SE]!
2559 1218 3029 1261 ARCHIEPISCOPUU.

2328 1323 2437 1382 Pro
2467 1327 2798 1385 ordinatione
2821 1329 3127 1402 Hedenulﬁ.

2333 1455 2426 1517 (Ex
2450 1456 2584 1508 Actis
2609 1471 2745 1522 prov.
2764 1459 2894 1511 Eccl.
2920 1460 3125 1524 Rhein.)

2005 1576 2232 1634 Domino
2271 1581 2720 1640 reverendissimo
2755 1591 2811 1640 et
2850 1587 3195 1644 sanctissimo
3239 1589 3523 1649 "INCIARO

1937 1669 2360 1743 archiepiscopo,
2404 1674 2718 1744 caeterisque
2755 1685 2952 1732 nostra:
2993 1678 3288 1737 diceceseos
3320 1685 3524 1739 sanctis

1860 1782 1908 1842 Β
1936 1761 2184 1818 Patribus
2211 1773 2266 1819 et
2284 1764 2568 1836 episcopis,
2592 1765 2770 1822 clerus
2792 1767 3185 1839 Laudunensis,
3204 1789 3330 1829 cum
3357 1776 3522 1831 totius

1934 1855 2188 1924 paroecize
2237 1856 2523 1926 plebibus,
2571 1867 2626 1914 et
2673 1860 2774 1915 sibi
2817 1859 3119 1930 conjunctis
3169 1867 3519 1934 praesulibus,

1933 1953 2187 1999 aeternam
2216 1946 2268 2000 in
2298 1947 2526 2003 Domino
2564 1947 2689 2004 Jesu
2720 1949 2937 2006 Christo
2967 1954 3193 2008 salutem
3226 1965 3280 2010 et
3307 1972 3517 2026 pacem.

2002 2031 2290 2089 Cauonicis
2318 2036 2516 2104 regulis
2548 2045 2601 2092 et
2629 2037 2942 2107 apostolicis
2968 2039 3396 2099 institutionibus
3416 2054 3521 2100 sta-

1935 2131 2108 2179 tutum
2146 2141 2267 2180 esse
2310 2128 2633 2194 recolimus,
2679 2139 2740 2183 ut
2783 2133 2996 2200 quoties
3028 2134 3280 2203 qualibet
3329 2134 3521 2192 civitas

1891 2213 1894 2216 ’
1932 2211 2233 2268 ministerio
2261 2216 2584 2285 pontiﬁcalis
2606 2217 2882 2288 dignitatis
2907 2222 3164 2288 caruerit,
3190 2225 3519 2293 proprioque

1930 2313 2146 2372 pastore
2184 2307 2478 2371 vacaverit,
2520 2323 2642 2362 cum
2685 2309 2906 2365 decreto
2943 2310 3241 2378 electionis,
3275 2315 3517 2386 singulo-

1931 2408 2049 2448 rum
2081 2397 2377 2465 petentium
2428 2398 2677 2453 manibus
2724 2399 2996 2464 roborato,
3041 2403 3515 2473 metropolitanum

1930 2486 2078 2540 adire
2099 2486 2409 2557 pontificem
2439 2474 2692 2555 debeant,
2720 2499 2773 2544 et
2803 2491 2868 2547 de
2892 2491 3286 2562 substituendo,
3312 2498 3365 2551 in
3395 2497 3514 2554 loco

1929 2575 2046 2646 ejus
2078 2579 2168 2649 qui
2195 2579 2442 2643 decessit,
2472 2591 2707 2651 pastore,
2739 2582 2994 2651 petitione
3023 2585 3248 2656 supplici
3278 2602 3514 2643 commo-

1927 2684 2079 2736 nerc,
2109 2679 2375 2741 quatenus
2405 2679 2459 2724 et
2489 2670 2681 2729 civitas
2727 2673 3087 2730 sollicitudine
3123 2678 3381 2746 pastorali
3426 2679 3514 2736 de.

1926 2760 2113 2813 stituta
2159 2759 2378 2830 proprio
2414 2769 2764 2831 recuperetur
2796 2765 3081 2834 pontiﬁce;
3129 2775 3187 2821 et
3227 2769 3318 2839 qui
3366 2769 3512 2826 ordi-

1925 2849 2136 2905 nandus
2181 2857 2296 2915 est,
2345 2851 2635 2919 gratiosius
2689 2854 2861 2924 possit
2912 2858 3170 2913 accedere
3200 2875 3214 2910 :
3244 2860 3370 2929 quia
3423 2863 3510 2917 cui

1927 2937 2085 2993 debet
2117 2939 2182 2992 ab
2210 2939 2460 2995 omnibus
2489 2941 2720 3008 obediri,
2757 2943 2946 3014 utique
2974 2945 3133 3002 debet
3157 2957 3211 3001 et
3246 2948 3317 3004 ab
3343 2953 3512 3006 enmi-

1925 3027 2026 3083 bus
2077 3028 2234 3099 eligi;
2275 3045 2345 3084 ne
2387 3031 2579 3087 civitas
2615 3047 2720 3086 non
2763 3043 3005 3104 optatum
3059 3038 3366 3110 episcopum
3417 3051 3512 3097 aut

192 3124 201 3130 ’
236 3146 330 3213 qui
375 3145 512 3200 bene
536 3122 734 3220 nostri
771 3149 1181 3218 praeceptionem
1217 3149 1358 3204 beati
1398 3148 1547 3203 Pauli
1581 3122 1819 3218 apostoli
1850 3132 1895 3194 (ἶ
1927 3129 2250 3220 ⁰⁰¹²¹⁰²¹¹Ῐ¹³ί’
2286 3130 2379 3220 ‘3‘"
2403 3122 2607 3220 odfrit}
2639 3132 2693 3220 (ῗι
2720 3123 2813 3220 βίη
2845 3126 3024 3182 minus
3051 3129 3319 3199 religiosa’
3345 3148 3509 3202 quam

238 3252 338 3306 per
359 3235 621 3306 Spiritum
654 3237 749 3292 Dei
779 3238 1052 3304 emissam,
1083 3254 1188 3310 qua
1217 3238 1270 3293 in
1299 3254 1530 3309 persona
1554 3237 1822 3294 Timothei

237 3328 479 3381 omnium
536 3327 738 3382 Christi
799 3329 1139 3384 sacerdotum
1197 3344 1456 3383 numerus
1507 3329 1750 3383 eruditur
1806 3347 1819 3383 :

236 3417 468 3486 proinde
517 3417 806 3486 unicuique
835 3427 1080 3472 nostrum
1123 3416 1358 3486 dicitur:
1404 3416 1597 3471 Manus
1629 3417 1824 3470 nemini

237 3509 344 3561 cito
401 3508 709 3578 imposueris
735 3547 750 3574 ,
807 3524 967 3579 neque
1011 3508 1356 3562 communices
1380 3509 1602 3577 peccatis
1639 3507 1824 3584 alienis

242 3595 298 3666 (Ι
328 3595 461 3652 Tim.
491 3611 541 3662 v,
573 3597 687 3669 29.),
718 3606 823 3652 etc.

813 3698 1143 3756 EPISTOLA
1180 3699 1242 3756 L.

478 3825 544 3865 ΑΙ)
576 3827 777 3868 ωειιυιι
811 3829 882 3870 E'l'
918 3827 1122 3869 PLEBEII
1152 3824 1590 3867 CAIEBACENSEII.

246 3922 317 3979 Ut
353 3925 652 3979 canonicam
693 3927 993 4068 electioli‘iiem
1027 3925 1226 3996 faciant
1265 3940 1383 3978 cum
1423 3924 1689 3978 visitutore
1724 3925 1822 3977 sibi

921 4007 1171 4067 esignato.

921 4007 1171 4067 esignato.

757 4110 918 4174 (Apud
952 4111 1103 4160 Labb.
1132 4111 1272 4171 ibid.)

305 4213 622 4269 Ιιιξωιιλιωε
649 4221 847 4268 sanctae
870 4213 1182 4284 metropolis
1208 4213 1461 4269 Ecclesiae
1487 4213 1821 4300 Rhemorum

234 4305 542 4375 episcopus,
575 4319 640 4358 ac
679 4302 848 4374 plebis
896 4302 988 4358 Dei
1035 4301 1288 4370 famulus,
1319 4302 1465 4360 clero
1501 4311 1556 4360 et
1594 4303 1736 4375 plebi
1764 4303 1820 4359 in

232 4397 494 4467 parochia
525 4395 901 4451 Cameracensi
932 4395 1272 4452 consistenti.

1927 3209 2198 3275 convenit,
2227 3211 2312 3265 cui
2338 3228 2442 3266 non
2471 3211 2622 3268 licuit
2648 3215 2846 3270 habere
2872 3233 3031 3286 quem
3057 3221 3226 3275 voluit
3253 3240 3266 3276 :
3299 3223 3354 3278 hi
3381 3240 3509 3279 vero

1925 3299 2017 3368 qui
2050 3299 2350 3354 ordinaturi
2387 3311 2532 3368 sunt,
2564 3303 2617 3358 in
2650 3319 2807 3374 quem
2839 3307 3072 3363 viderint
3109 3313 3349 3368 omnium
3382 3325 3506 3370 vota

1925 3389 2244 3460 propensius
2297 3395 2656 3461 concordare,
2706 3399 3008 3468 promptius
3059 3400 3387 3474 liberiusque
3433 3405 3508 3461 illi

1924 3493 2116 3534 manus
2154 3481 2429 3553 imponere
2473 3495 2712 3554 possent.
2746 3485 3086 3559 Quapropter
3127 3507 3248 3547 cum
3287 3496 3508 3551 decreto

1923 3579 2123 3625 nostra:
2137 3571 2414 3628 electionis
2431 3575 2677 3630 manibus
2693 3576 3020 3646 singulorum
3037 3590 3340 3638 nostrorum
3359 3587 3512 3641 robo-

1924 3670 2043 3715 rato
2089 3661 2155 3715 ad
2184 3665 2562 3732 paternitatcm
2593 3675 2824 3721 vestram
2869 3672 3210 3737 accedentes,
3247 3674 3509 3731 llcdcnul-

1923 3751 2036 3805 fum
2071 3750 2328 3809 Ecclesia:
2372 3763 2572 3812 nostrae
2618 3756 2810 3822 ﬁlium,
2847 3768 2897 3813 et
2933 3760 2984 3814 in
3023 3760 3263 3818 Ecclesia
3299 3776 3506 3832 nostra,

1923 3842 2342 3916 suffragantibus
2378 3846 2764 3916 stipendiorum
2802 3851 3032 3915 meritis,
3078 3855 3146 3910 ad
3174 3870 3311 3912 onus
3337 3873 3509 3928 usque

1923 3937 2255 3993 sacerdotale
2298 3948 2623 4010 promotum,
2663 3941 2775 3996 vita
2823 3952 2878 3998 et
2926 3946 3166 4004 moribus
3212 3963 3276 4004 ac
3322 3960 3508 4007 sancta

1921 4027 2332 4083 conversatione
2360 4029 2609 4085 idoneum
2636 4033 3011 4102 approbatum,
3041 4051 3198 4105 quem
3225 4052 3321 4108 per
3344 4038 3510 4096 licen-

1923 4119 2051 4174 tiam
2099 4130 2354 4185 vcstram,
2408 4121 2626 4177 favente
2669 4123 3132 4183 Christianissimo
3181 4129 3508 4201 imperatore

1921 4209 2139 4277 Carolo,
2175 4212 2294 4284 pari
2329 4227 2594 4267 consensu
2625 4229 2690 4269 ac
2719 4215 2973 4271 concordi
3003 4217 3308 4285 devotione,
3343 4230 3509 4292 atque

1919 4304 2174 4357 unanima
2201 4302 2478 4359 voluntate
2504 4304 2796 4375 elegimus,
2828 4321 2926 4378 per
2954 4323 3145 4365 manus
3183 4320 3412 4376 vestras,
3443 4316 3524 4366 ac'

1919 4402 2241 4448 caeterorum
2291 4402 2480 4448 vestra:
2523 4394 2819 4452 dioecescos
2861 4406 3170 4454 sanctorum
3218 4402 3504 4474 episeopo-

300 4488 439 4556 Quia
488 4486 744 4542 defuncto
780 4487 973 4542 dilecto
1020 4495 1074 4542 et
1112 4486 1406 4543 venerabili
1446 4485 1718 4543 confratre
1754 4501 1817 4542 ac
1845 4495 1894 4556 ι)
1922 4499 2062 4550 rum,
2089 4483 2418 4548 consecrari,
2446 4483 2708 4554 nobisque
2738 4495 2793 4540 et
2816 4486 3071 4543 Ecclesia:
3099 4500 3298 4546 nostrm
3329 4493 3508 4548 docto.

231 4578 619 4632 consacerdote
644 4585 848 4643 nostro,
872 4578 1032 4633 Patre
1048 4578 1294 4634 videlicet
1317 4594 1378 4634 ac
1400 4588 1612 4649 pastore
1634 4588 1814 4635 vestro

231 4667 452 4730 Joanne,
489 4685 710 4724 necesse
735 4679 820 4725 est
846 4679 906 4725 ut
929 4671 994 4727 de
1023 4672 1267 4742 eligendo
1296 4681 1458 4740 atque
1485 4671 1816 4727 constituen-

233 4761 296 4814 do
327 4760 485 4815 vobis
520 4772 735 4830 pastore
763 4772 819 4818 et
844 4755 1064 4819 ductore
1098 4765 1392 4818 secundum
1422 4762 1816 4821 ecclesiasticas

231 4851 444 4922 regulas
471 4851 613 4906 votis
638 4853 836 4908 nostris
865 4853 918 4907 in
950 4868 1113 4906 unum
1143 4853 1369 4907 Domino
1396 4852 1662 4906 mediante
1688 4867 1817 4907 con-

229 4943 594 5009 venientibus,
632 4944 926 5014 praemissis
958 4943 1178 5014 jejuniis
1220 4958 1282 4998 ac
1319 4943 1624 4998 litaniarum
1664 4941 1817 4998 obse-

230 5033 587 5097 crationibus,
635 5041 868 5088 tractare
914 5033 1234 5104 quantocius
1280 5033 1584 5096 maturctis,
1623 5040 1678 5086 et
1723 5047 1818 5087 ex-

235 5133 386 5180 orato
411 5139 538 5180 eoa
573 5139 680 5195 quo
726 5134 809 5180 est
839 5141 988 5179 omne
1035 5125 1217 5178 datum
1267 5123 1538 5194 optimum,
1582 5133 1629 5178 et
1672 5137 1822 5179 omne

233 5217 428 5272 donum
461 5217 768 5288 perfectum,
799 5217 999 5288 quique
1027 5215 1158 5271 facit
1182 5214 1464 5269 unanimes
1490 5214 1736 5270 habitare
1765 5215 1820 5271 in

231 5308 421 5375 domo;
456 5309 535 5364 ita
566 5323 662 5364 vos
686 5324 795 5363 una
824 5324 947 5364 cum
986 5308 1181 5364 studiis
1208 5305 1372 5376 hujus
1396 5307 1683 5363 venerandi
1711 5308 1814 5363 fra-

233 5398 326 5454 tris
348 5413 416 5453 ac
442 5397 748 5469 coepisc0pi
775 5397 966 5463 nostri,
992 5398 1076 5453 cui
1102 5398 1396 5455 secundum
1421 5397 1813 5452 institutionem

231 5482 549 5546 canonicam
573 5489 868 5546 visitatoris
892 5489 1129 5546 ofﬁcium
1154 5491 1206 5546 in
1221 5489 1458 5546 Ecclesia
1486 5489 1639 5557 cujus
1664 5505 1814 5546 amo-

175 5643 178 5646 ,
233 5595 291 5634 re
326 5597 388 5637 ac
414 5582 599 5653 vigore
631 5581 910 5648 fovemini,
945 5583 1326 5654 delegavimus,
1361 5583 1414 5637 in
1443 5582 1705 5639 electione
1729 5597 1812 5638 re-

227 5670 403 5744 gulari
431 5671 772 5734 concorditer
802 5673 1017 5729 uniatis.
1051 5673 1233 5729 Talem
1270 5683 1448 5729 autem
1491 5674 1642 5730 vobis
1671 5672 1811 5730 fatu-

1921 4590 2033 4631 rem
2063 4584 2224 4645 atque
2254 4573 2564 4645 pontiﬁcem
2592 4577 2800 4633 institui
2825 4579 3196 4650 imploramus,
3221 4599 3506 4653 precamur

1920 4686 1982 4726 ac
2017 4669 2269 4740 petimus.
2299 4669 2571 4741 Elegimus
2607 4680 2788 4726 autem
2829 4687 2953 4727 eum
2997 4674 3150 4731 nobis
3178 4676 3292 4732 fore
3329 4689 3506 4748 pasto-

1921 4775 2036 4815 rem
2077 4775 2237 4829 quem
2269 4759 2578 4828 apostolicaa
2615 4759 2820 4826 formae,
2851 4779 2957 4832 qua
2998 4765 3306 4836 episcopum
3347 4782 3504 4823 orna-

1920 4859 2035 4906 tum
2078 4851 2271 4906 beatus
2304 4850 2502 4906 Paulus
2545 4867 2664 4908 esse
2698 4863 2947 4922 oportere
2989 4857 3345 4923 demonstrat,
3374 4875 3504 4916 con-

1879 4935 1883 4940 ’
1923 4959 2145 5016 gruere,
2196 4951 2252 4998 et
2300 4943 2472 4998 sacris
2525 4959 2632 4998 non
2687 4946 2906 5003 obviare
2953 4949 3250 5004 canonibus
3300 4949 3502 5009 Christi

1922 5035 2092 5106 gratia
2135 5041 2458 5105 cooperante
2497 5034 2836 5091 conﬁdimus.
2873 5036 3103 5093 Oramus
3141 5047 3382 5094 sanctam
3414 5055 3504 5109 pa-

1923 5123 2233 5181 ternitatcm
2263 5135 2498 5181 vestram
2529 5141 2670 5184 nunc
2698 5136 2754 5183 et
2785 5142 2986 5199 semper
3035 5129 3087 5184 iu
3121 5129 3336 5187 Christo
3363 5131 3506 5189 bene

1922 5215 2120 5272 valere.

1993 5308 2183 5364 Datum
2211 5310 2397 5379 quinto
2426 5310 2693 5368 Kalendas
2715 5312 2945 5384 Apriles,
2973 5313 3026 5368 in
3051 5311 3273 5368 basilica
3299 5326 3501 5370 sancta:

1920 5397 2104 5454 Maria:
2138 5399 2414 5470 genitricis
2440 5400 2534 5457 Dei
2563 5409 2617 5456 et
2656 5389 2868 5459 Domini
2907 5401 3076 5456 nostri
3119 5400 3244 5458 Jesu
3275 5400 3495 5467 Christi,

1918 5508 2061 5547 anno
2117 5490 2504 5548 lucarnationis
2564 5492 2805 5562 ejusdem
2845 5494 3077 5550 'Domini
3139 5494 3310 5551 nostri
3368 5494 3496 5552 Jesu

1917 5580 2117 5638 Christi
2148 5581 2274 5647 876,
2313 5581 2463 5652 regni
2495 5582 2675 5636 domni
2714 5581 2890 5638 Caroli
2932 5583 3272 5654 imperatoris
3305 5601 3492 5654 xxxvr,

1917 5681 1972 5730 et
2000 5673 2205 5744 imperii
2231 5664 2428 5744 primo,
2457 5673 2746 5730 indictione
2771 5690 2929 5729 nona.
