4012 6318
551 373 647 430 ρτι

517 467 525 474 ’
1109 461 1435 548 ιῖριετσιΑ
1476 489 1584 544 Lll.

792 622 860 660 an
899 620 1110 660 omnem
1148 621 1229 685 ετ.
1258 619 1462 658 resse:
1501 586 1934 671 Launuutausm.‘

645 718 721 772 De
747 716 1076 770 Ordinatione
1104 713 1383 783 Henedulﬁ
1408 713 1778 767 Laudunensis
1806 711 2071 782 episcopi.‘

960 825 1057 886 (Ex
1080 822 1213 875 Actis
1235 806 1516 887 prov.'eccl.
1537 820 1741 885 Rhein.)

628 941 945 995 Hrscumus
967 947 1168 992 sancta:
1189 935 1502 1007 nietmpolis
1523 934 1780 990 Ecclesia:
1805 933 2139 989 Rhemorum

559 1033 864 1102 episcopus,
912 1029 1082 1094 clero,
1113 1026 1293 1083 ordini
1340 1035 1395 1082 et
1442 1026 1583 1096 plebi
1614 1026 1667 1080 in
1700 1032 1881 1080 sancta
1922 1023 2137 1078 Laudu-

513 1189 524 1196 ν
557 1123 712 1178 nensi
756 1119 1001 1176 Ecclesia
1036 1117 1375 1184 consistenti,
1407 1117 1462 1171 in
1493 1115 1723 1171 Domino
1749 1130 1939 1186 pacem
1969 1123 2025 1168 et
2052 1128 2141 1200 sa-

558 1221 746 1268 tatem.
1009 1271 1011 1274 ,
1607 1269 1611 1272 ,
1787 1202 1792 1206 ”

631 1304 781 1358 Sicut
806 1301 998 1358 beatus
1026 1316 1165 1372 papa
1201 1299 1549 1354 innocentius
1581 1299 1759 1378 docet,
1787 1305 2000 1367 oportet
2040 1311 2140 1351 nos

557 1396 663 1450 hoc
697 1393 850 1462 sequi
894 1391 1039 1461 quod
1094 1390 1333 1444 Ecclesia
1393 1389 1635 1443 Romana
1680 1387 1935 1450 custodit,
1972 1401 2002 1439 a
2034 1401 2138 1454 qua

557 1485 880 1556 principium
902 1496 1071 1538 sacrae
1093 1480 1446 1535 institutionis
1476 1495 1574 1533 nos
1603 1478 1881 1546 accepisse
1912 1477 2134 1530 dubium

561 1592 668 1630 non
695 1584 798 1631 est.
829 1573 1125 1644 Propterea
1174 1571 1498 1625 documento
1529 1584 1591 1623 ac
1618 1567 1807 1642 verbis.
1841 1565 1980 1620 beati
2006 1564 2140 1644 Gre-

559 1666 699 1737 gorii
726 1679 822 1720 vos
855 1661 1052 1731 alloqui
1079 1651 1455 1730 procuramus,
1491 1646 1826 1738 insinuantes
1855 1656 1982 1726 quia
2011 1670 2136 1726 pro-

560 1756 830 1814 babilibus
857 1752 1140 1810 desideriis
1161 1749 1358 1806 vestris
1377 1747 1514 1803 nihil
1535 1747 1811 1802 attulimus
1844 1744 2160 1822 tarditatish

1485 373 1840 464 umerum
1876 331 2272 464 nusMsNSIs
2307 337 2826 431 Ancrusrtscort

3681 349 3692 364 '
3722 348 3833 427 2'72

2141 465 2211 549 ’Λ
2239 488 2527 557 Evangelio
2595 489 2724 558 quid
2755 468 2759 472 1
2786 454 3113 556 Redemptor
3173 467 3357 542 noster
3415 460 3824 558 per'seipsum

2239 569 2467 631 fecerit:
2498 576 2747 630 videlicet
2780 575 2904 648 quia
2938 577 3213 648 ingressus
3247 575 3503 629 temnlum
3531 575 3829 632 cathedras

2200 668 2204 672 ’
2239 668 2582 723 vendentium
2610 667 2886 722 columbas
2917 667 3128 720 evertit.
3177 664 3465 720 Columbas
3511 665 3662 719 enim
3693 680 3828 720 veo-

2204 769 2209 772 ·
2240 759 2387 824 dere,
2411 766 2492 813 est
2517 744 2584 812 de
2610 756 2816 828 Spiritu
2860 751 3076 821 sancto,
3105 770 3263 824 quem
3297 756 3437 811 Deus
3477 756 3828 823 omnipotens

2239 848 2755 904 consubstantialem
2813 847 2915 902 sibi
2961 861 3059 916 per
3106 844 3508 915 impositionem
3559 838 3826 900 manuum

2199 937 2209 952 '
2241 940 2550 994 hominibus
2575 926 2799 1006 tribuit,
2819 938 3162 993 commodum
3194 937 3488 1007 temporale
3513 928 3821 1008 percipere.

2203 1025 2394 1111 :Quod
2438 1028 2530 1098 qui
2556 1043 2713 1096 agere
2751 1021 3051 1096 praesumit,
3081 1042 3233 1081 suam
3279 1019 3388 1082 Deo
3426 1025 3609 1096 judice
3639 1028 3827 1083 cathe-

2205 1117 2210 1129 '
2241 1121 2392 1174 dram
2437 1121 2551 1189 ipse
2581 1121 2800 1184 evertit,
2827 1127 2881 1174 et
2908 1134 3045 1189 quos
3072 1134 3194 1173 cum
3221 1119 3406 1189 precio
3435 1119 3674 1183 ordinat,
3702 1136 3829 1189 pro-

2240 1209 2485 1263 vehendo
2541 1208 2651 1278 agit
2705 1218 2764 1262 ut
2801 1222 2983 1263 secum
3033 1215 3086 1262 et
3128 1208 3230 1277 ipsi
3261 1208 3541 1263 simoniaci
3583 1209 3825 1264 haeretici

2205 1290 2404 1363 liam;
2455 1307 2508 1351 et
2555 1313 2653 1367 pro
2703 1299 3077 1353 benedictione
3115 1300 3548 1355 maledictionem
3591 1316 3624 1354 a
3668 1301 3828 1356 beato

2206 1381 2212 1390 ’
2240 1389 2402 1444 Petro
2422 1389 2785 1458 apostolorum
2813 1389 3054 1458 principe
3078 1388 3284 1444 Simoni
3309 1389 3478 1459 Mago,
3506 1390 3600 1459 qui
3625 1391 3830 1445 donum

2205 1475 2414 1533 ‘sancti
2463 1479 2696 1548 Spiritus
2733 1480 2906 1548 pretio
2944 1475 3142 1535 emere
3190 1475 3384 1560 voluit,
3419 1480 3564 1550 juste
3591 1475 3827 1560 illatam,

2241 1586 2348 1624 una
2374 1585 2496 1624 cum
2529 1569 2663 1638 ipso,
2693 1583 2790 1639 per
2828 1570 3027 1639 ipsum,
3059 1585 3088 1624 a
3120 1585 3227 1640 quo
3269 1587 3376 1626 non
3406 1568 3827 1639 benedicuntur,

2241 1662 2332 1716 sed
2372 1661 2784 1727 maledicuntur,
2829 1662 3033 1732 judicio
3077 1661 3318 1731 ejusdem
3364 1663 3601 1734 Spiritus
3654 1668 3831 1722 sancti

2242 1753 2558 1830 suscipiant.
2590 1751 2657 1827 Et
2681 1752 2961 1821 quoniam,
2991 1755 3150 1808 sicuti
3187 1755 3573 1825 comperimus,
3605 1759 3829 1827 quidam

561 1845 790 1904 fratrem
836 1847 950 1918 jam
981 1852 1036 1900 et
1065 1833 1470 1922 coepiscopum
1500 1823 1750 1894 nostrum
1788 1834 2144 1892 lledenulfum
2171 1837 2219 1896 B
2248 1825 2966 1898 diversisadiuventionibus
2989 1843 3162 1912 turpia
3189 1823 3339 1899 lucra
3365 1823 3658 1912 sectantes,
3684 1849 3832 1917 quod

559 1941 716 1999 vobis
742 1925 1076 2001 ordinantes,
1103 1932 1390 2005 praesentia
1426 1929 1513 1985 vel
1558 1943 1825 1984 consensu
1854 1942 1917 1982 ac
1945 1925 2140 1980 litteris

564 2031 1005 2100 coepiscoporum
1060 2025 1228 2082 totius
1274 2010 1786 2078 nobis'commissa:
1827 2009 2141 2102 provinciae,

563 2121 857 2177 secundum
916 2132 1100 2172 sacros
1154 2128 1410 2177 canones,
1463 2106 1828 2173 sacerdotem,
1866 2114 2143 2178 pastorem

563 2225 776 2280 quoque
815 2216 974 2276 atque
1023 2195 1313 2260 rectorem.
1343 2200 1441 2256 Cui
1473 2200 1556 2254 his
1592 2199 1806 2262 litteris,
1838 2212 1974 2265 quas
2001 2195 2144 2252 sacr-i

562 2316 825 2365 canones,
863 2297 1141 2354 ordinatos
1169 2295 1318 2366 prius
1344 2293 1410 2348 de
1437 2291 1788 2373 conciliorum
1814 2287 2049 2359 placitis,
2077 2299 2144 2372 ne

561 2409 620 2448 se
665 2391 866 2461 aliquid
900 2397 1086 2444 contra
1135 2401 1322 2442 eorum
1352 2391 1576 2465 Vstatuta
1631 2382 1804 2453 egisse
1857 2379 2142 2465 pwniteat,

557 2482 880 2545 instructos,
913 2480 980 2533 ab
1013 2473 1417 2533 ordinatoribus
1464 2473 1596 2535 suis,
1654 2469 1901 2524 manibus
1955 2483 2144 2522 eorum

561 2570 906 2639 conscriptas
927 2567 1118 2638 jubent
1153 2565 1420 2635 accipere,
1464 2563 1760 2616 secundum
1799 2553 2144 2612 traditionem

563 2660 991 2717 ecclesiasticam
1037 2656 1285 2711 dedimus
1344 2655 1398 2707 in
1450 2652 1749 2716 mandatis,
1789 2666 1856 2704 ne
1907 2663 2145 2718 unquam

566 2750 938 2806 ordinationes
987 2753 1279 2816 praesumat
1326 2741 1560 2805 illicitas,
1611 2754 1680 2794 ne
1715 2739 2010 2810 bigamum,
2055 2746 2148 2790 aut

566 2841 659 2912 qui
709 2833 997 2907 virginem,
1043 2831 1094 2890 'si
1126 2835 1192 2890 de
1230 2831 1526 2904 conjugatis
1583 2831 1847 2902 agendum
1902 2838 2005 2895 est,
2036 2845 2146 2884 non

565 2939 650 2985 est
681 2928 904 2984 sortitus
950 2941 1197 2990 uxorem,
1229 2940 1405 2993 neque
1437 2923 1771 2986 illiteratum,
1802 2921 1883 2976 vel
1928 2921 1983 2976 in
2018 2917 2144 2991 qua-

558 3021 698 3076 libet
723 3017 966 3088 corporis
995 3025 1150 3086 parte
1189 3015 1459 3080 vitiatum,
1485 3021 1579 3067 aut
1625 3029 1691 3067 ex
1731 3012 1942 3082 publice
1969 3012 2142 3082 poeni—

565 3119 713 3164 tente
755 3117 849 3163 aut
901 3107 1064 3161 curia:
1094 3105 1177 3159 vel
1224 3105 1445 3160 cuilibet
1491 3101 1784 3158 conditioni
1827 3100 2138 3165 obnoxium,

567 3293 675 3346 Sed
725 3299 780 3345 et
826 3291 871 3344 si
899 3304 1034 3360 quos
1074 3285 1378 3356 hujusmodi
1416 3285 1556 3340 forte
1585 3283 1866 3354 repererit,
1898 3293 2145 3352 respectu

564 3383 750 3438 divino
783 3397 888 3436 non
931 3379 1125 3434 audeat
1148 3390 1488 3449 promovere.
1515 3375 1761 3428 Alienum
1798 3373 1960 3427 etiam
1992 3370 2150 3424 cleri-
2205 3379 2210 3383 '

565 3490 688 3531 cum
725 3474 842 3530 sine
870 3472 1148 3527 voluntate
1185 3477 1241 3523 et
1271 3482 1538 3522 consensu
1583 3464 1819 3536 episcopi
1849 3464 1931 3518 sui
1959 3471 2148 3517 contra

564 3578 751 3620 sacras
791 3561 1001 3632 regulas
1031 3574 1139 3613 non
1190 3557 1461 3615 sollicitet.
1497 3570 1601 3609 non
1634 3553 1915 3621 suscipiat,
1945 3567 2051 3605 non
2092 3551 2147 3604 in

563 3657 668 3711 sibi
695 3655 980 3710 commissa
1000 3650 1240 3706 Ecclesia
1270 3649 1480 3704 ordinet
1508 3664 1520 3700 :
1553 3661 1652 3700 nec
1681 3660 1773 3700 eos
1799 3644 1888 3714 qui
1912 3643 2148 3714 probata:

567 3749 690 3803 lidel
722 3763 828 3802 non
854 3741 1267 3809 fuerint,sacris
1291 3740 1571 3794 ordinibus
1592 3747 1884 3809 praesumat
1931 3750 2148 3807 quoque

564 3840 724 3894 modo
772 3836 1062 3908 applicare.
1115 3833 1170 3886 ln
1217 3831 1561 3887 ordinatione
1600 3840 1776 3884 autem
1807 3823 2150 3899 presbytero-

561 3945 684 3983 rum
743 3942 806 3980 ac
875 3917 1260 3987 diaconorum,‘
1308 3930 1741 3989 ceterorumque
1797 3919 2149 3974 ecclesiastici

560 4017 770 4072 ordinis
819 4014 1216 4075 ministrorum,
1263 4025 1291 4062 a
1348 4011 1510 4064 totius
1563 4009 1826 4075 muneris,
1883 4009 1936 4062 id
1986 4016 2072 4062 est
2118 4023 2148 4062 a

563 4121 753 4170 manu,
784 4119 813 4158 a
841 4103 1045 4174 lingua,
1095 4108 1188 4154 aut
1235 4098 1494 4166 obsequio
1536 4097 1791 4160 indebita,
1816 4095 1970 4164 juxta
2005 4095 2149 4164 quod

560 4200 823 4257 Dominus
847 4211 947 4267 per
983 4195 1303 4266 prophetam
1343 4189 1614 4261 praecipit,
1656 4198 1914 4258 quantmn
1943 4185 2148 4258 patitur

561 4295 797 4350 humana
851 4286 1136 4356 fragilitas,
1191 4282 1420 4338 nutudas
1483 4289 1536 4335 et
1593 4280 1771 4334 cordis
1813 4288 1867 4333 et
1905 4279 2148 4348 corporis

561 4397 757 4438 manus
783 4379 1036 4435 exhibeat
1069 4398 1080 4431 :
1125 4389 1192 4430 ne
1221 4390 1329 4429 uno
1379 4373 1675 4441 eodemque
1703 4371 1882 4442 gladio
1912 4380 1967 4426 et
2011 4371 2146 4425 dau-
2200 4373 2204 4380 '

560 4485 673 4530 tem
728 4480 782 4529 et
832 4471 1186 4542 accipientem
1238 4480 1437 4522 munus
1486 4464 1792 4529 interimat,
1849 4471 1904 4519 ct
1955 4453 2142 4518 illicito

557 4581 788 4624 munere
842 4537 1087 4636 polluens
1142 4575 1365 4640 manus,
1419 4557 1538 4612 aliis
1585 4571 1649 4611 se
1707 4537 2222 4610 benedictionemD

561 4656 750 4714 credat
793 4655 1050 4716 tribucre,
1079 4667 1205 4706 cum
1238 4649 1402 4704 fuerit
1436 4647 1548 4716 jam
1590 4647 1821 4716 proprize
1868 4646 2142 4716 iniquitati

561 4748 890 4810 substratus,
940 4751 994 4796 ct
1025 4758 1118 4795 sua
1151 4740 1495 4794 nihilou'tinus
1529 4737 1825 4791 ambitione
1871 4737 2138 4806 captivus.

513 4913 520 4919 ’
559 4945 748 4988 sacras.
771 4925 984 4998 regulas
1010 4921 1108 4976 sibi
1135 4912 1533 4974 sacramentum
1557 4920 1673 4972 lieri
1698 4934 1802 4972 non
1832 4915 2138 4988 compellat.

558 5021 669 5077 Sed
698 5021 838 5074 sicut
865 5014 1142 5076 Dominus,
1172 5013 1430 5080 praescius
1459 5011 1744 5064 nonnullos
1777 5012 1983 5079 accepti
2013 5015 2141 5064 san-

514 5093 518 5178 ί
559 5113 632 5166 cti
665 5108 900 5181 Spiritus
928 5108 1124 5159 domnn
1156 5102 1207 5154 in
1238 5117 1391 5153 usum
1419 5101 1798 5170 negotiationis
1831 5100 2141 5165 inllexuros,

559 5203 818 5277 praecepit
884 5200 1137 5252 dicens‘:
1200 5193 1404 5248 Gratis
1441 5196 1748 5263 accepistis,
1798 5197 1960 5265 gratis
2024 5197 2145 5249 date

511 5361 516 5368 η
561 5295 780 5369 (Matth.
813 5305 925 5362 XX).
955 5289 1106 5358 Quod
1131 5290 1316 5359 gratis,
1351 5289 1402 5342 id
1441 5297 1525 5341 est
1557 5290 1672 5342 sine
1717 5288 1821 5341 ulla
1856 5287 2145 5343 venalitate

561 5389 676 5444 dati
731 5389 816 5445 vel
859 5387 1085 5457 accepti,
1145 5386 1440 5440 autetiam
1493 5385 1747 5454 promissi
1801 5384 1884 5438 vel
1941 5383 2143 5454 sperati

562 5483 826 5545 muneris,
854 5469 1114 5549 quantum
1141 5496 1206 5534 ex
1238 5480 1393 5532 nobis
1422 5485 1522 5541 est,
1559 5479 1835 5548 (caeterum
1863 5477 1977 5545 ipse
2002 5469 2150 5530 vide-

519 5559 522 5564 ’
563 5573 638 5628 rit
669 5573 871 5627 habens
895 5565 1236 5626 ceuscientite
1269 5586 1379 5626 sua‘
1413 5578 1628 5634 testem,
1656 5584 1814 5640 quem
1846 5569 2059 5622 habebit
2081 5561 2150 5623 'et

523 5653 528 5660 ’
563 5650 820 5736 iudicem)
847 5681 941 5734 per
971 5666 1329 5720 ministerium
1355 5675 1554 5719 nostra:
1576 5663 1885 5734 exiguitatis
1917 5663 2146 5731 accepit,

568 5756 682 5816 εξὶυ
721 5756 888 5814 etiam
926 5759 1310 5813 comministris
1357 5756 1528 5827 gratis
1577 5756 1842 5821 conferat,
1873 5756 2050 5811 sciens
2077 5770 2146 5810 ex

2203 1940 2212 1986 ·,
2243 1931 2506 1985 ministris
2535 1930 2725 1986 altaris
2747 1932 2972 1988 minime
3001 1935 3277 1999 convenit,
3299 1935 3577 2011 defunctis
3605 1939 3834 2008 presby-

2243 2019 2567 2087 teris,juxta
2601 2021 2744 2092 quod
2774 2022 3077 2077 didicerant
3106 2023 3355 2080 viduatas
3376 2026 3640 2081 ecclesias
3667 2027 3835 2082 facul-

2245 2116 2384 2163 tates
2411 2109 2631 2173 habere,
2676 2110 2868 2191 exenia
2907 2125 3006 2181 pro
3035 2112 3129 2188 his
3163 2113 3470 2188 obtinendis
3496 2125 3828 2184 exegerunt;

2243 2206 2298 2252 et
2329 2197 2524 2270 gradus
2552 2199 2947 2276 ecclesiasticos
2968 2201 3046 2256 eis
3069 2191 3176 2256 non
3206 2203 3513 2288 tribuebant
3536 2214 3832 2278 antequam

2203 2281 2212 2363 ξ
2245 2289 2352 2343 illis
2374 2284 2561 2344 eadem
2582 2285 3271 2361 exenia'persolverentur;
3297 2288 3349 2348 et
3373 2281 3608 2366 synodos
3629 2283 3833 2352 temere

2209 2449 2214 2454 _
2247 2374 2690 2447 frequentabant,
2721 2389 2780 2434 ut
2819 2381 3050 2436 factione
3078 2382 3446 2438 ministrorum
3494 2401 3721 2440 suorum
3753 2387 3833 2441 di-

2209 2489 2212 2493 ·
2245 2483 2403 2523 verso
2439 2469 2596 2524 modo
2631 2470 2882 2525 denarios
2908 2472 3061 2541 quasi
3093 2488 3191 2541 pro
3221 2473 3446 2545 eulogiis
3481 2476 3831 2544 acciperent;

2207 2562 2216 2572 “
2246 2561 2490 2641 ειηίιιιοίι
2519 2562 2666 2616 dictu
2695 2563 2848 2618 nefas
2875 2573 2980 2629 est,
3015 2566 3177 2620 etiam
3203 2583 3302 2636 pro
3336 2569 3474 2622 sacri
3516 2570 3832 2625 chrismatis

2207 2653 2683 2722 'dispensatioue,
2732 2656 2816 2709 vel
2867 2657 2932 2736 de
2984 2657 3336 2714 ecclesiarum
3393 2659 3831 2726 consecratione,

2247 2760 2581 2816 quatcuuque
2603 2747 2963 2803 emolumenta
2992 2750 3204 2819 ingenio
3227 2761 3516 2822 caperent;
3541 2763 3595 2808 et
3611 2761 3835 2809 necesse

2209 2856 2216 2864 ’
2247 2847 2419 2905 estut
2469 2847 2657 2893 contra
2707 2836 2958 2909 pestifera
3001 2842 3311 2896 morborum
3340 2858 3559 2912 genera,
3595 2845 3833 2898 salubria

2248 2928 2765 2984 medicamentorum
2802 2946 3108 2999 quaeramus
3135 2934 3510 3003 experimenta
3542 2930 3562 2989 ε’
3587 2936 3752 2990 sicuti
3782 2944 3834 2990 et

2248 3015 2315 3071 de
2366 3033 2559 3073 manus
2595 3020 2971 3088 impositione,
3028 3022 3102 3075 ita
3145 3031 3202 3078 et
3259 3024 3327 3078 de
3375 3024 3478 3080 hac
3523 3019 3835 3081 Sinloniacze

2216 3106 2519 3164 haereseos
2586 3111 2861 3179 ingeniosa
2911 3111 3153 3168 et'male
3218 3104 3459 3168 studiosa
3520 3114 3831 3182 collatione,

564 3208 939 3270 notatumque,
974 3199 1042 3252 ad
1090 3211 1274 3252 sacros
1305 3195 1524 3250 ordines
1556 3195 1834 3264 permittat
1865 3192 2142 3247 accedere.
2174 3184 2218 3246 C

2249 3200 2504 3272 quiddam
2571 3218 2692 3256 cum
2759 3203 3005 3272 accipere
3075 3199 3834 3271 interdicimus,monentes

2251 3291 2398 3345 illum
2429 3293 2708 3346 attendere
2731 3294 3210 3350 comminationem
3236 3296 3450 3351 Domini
3482 3313 3582 3367 per
3604 3300 3834 3368 prophe—

2250 3391 2358 3434 tam
2386 3381 2614 3436 dicentis
2645 3401 2657 3437 :
2691 3382 2774 3435 Ne
2803 3383 2938 3451 forte
2969 3387 3270 3454 egrediatur
3293 3397 3347 3440 ut
3370 3387 3503 3456 ignis
3535 3389 3832 3459 indignatio

2205 3487 2208 3490 ·
2250 3487 2364 3524 mea
2387 3481 2434 3524 et
2463 3473 2833 3537 succendatur,
2864 3483 2910 3527 et
2937 3491 3040 3527 non
3065 3475 3133 3528 sit
3160 3478 3251 3544 qui
3283 3477 3582 3547 exstinguat
3625 3490 3833 3548 prapter

2200 3575 2212 3587 “·
2249 3561 2505 3619 malitiam
2521 3563 2816 3616 studiorum
2840 3574 3132 3618 vestrorum
3158 3564 3507 3635 (Jerem.xxr,
3537 3567 3649 3638 12).
3677 3569 3828 3625 Unde

2251 3652 2446 3708 iterum
2481 3654 2652 3707 iratus
2676 3653 2804 3708 dicit
2820 3671 2840 3737 _:
2874 3653 3108 3708 l’isitabo
3134 3671 3288 3726 super
3308 3673 3396 3711 vos
3413 3657 3575 3726 juxta
3603 3658 3834 3726 fructum

2251 3744 2545 3796 studiorum
2579 3735 2863 3796 vestrorum
2889 3742 3065 3814 (ibid.,
3095 3735 3202 3815 l4).

2326 3832 2519 3892 Verbis
2548 3832 2935 3901 quoquegbeati
2970 3832 3217 3904 Gregorii
3241 3849 3365 3890 eum
3401 3850 3708 3902 monemus,
3738 3837 3834 3894 illi-

2204 3997 2206 4000 ι
2250 3940 2356 3994 que
2372 3926 2762 4003 interdicimus,
2791 3934 2847 3979 ut
2867 3925 3180 3979 sacerdotes
3199 3940 3296 3994 per
3317 3941 3469 3980 suam
3494 3929 3832 4012 paroclriapr,

2251 4017 2462 4086 quoties
2503 4015 2571 4068 ad
2626 4013 3020 4086 consignandos
3077 4005 3320 4070 infantes
3363 4032 3616 4087 egressus
3655 4005 3834 4085 fuerit,

2249 4106 2390 4160 ultra
2419 4107 2632 4161 modum
2674 4121 2900 4185 gravare
2925 4106 3146 4160 minime
3173 4107 3365 4186 debeat
3389 4147 3404 4173 ,
3437 4123 3538 4164 nec
3567 4124 3833 4164 summam

2203 4265 2208 4270 θ
2249 4194 2580 4260 collationis,
2635 4209 2740 4262 qua
2787 4211 2865 4249 sui
2917 4196 3381 4272 praedecessores,
3421 4199 3513 4267 qui
3562 4199 3669 4256 hoc
3697 4201 3836 4273 bene

2248 4286 2670 4342 misericorditer
2697 4302 2756 4341 ac
2784 4285 3197 4352 rationabiliter,
3233 4299 3396 4359 atque
3430 4291 3605 4346 sacris
3634 4293 3834 4347 consti-

2247 4377 2561 4431 tutionibus
2601 4377 2847 4432 exsecuti
2895 4379 3034 4432 sunt
3098 4380 3482 4435 convenienter
3511 4421 3527 4447 ,
3595 4383 3834 4437 contenti

2247 4465 2484 4532 fuerunt,
2514 4467 2757 4522 excedat.
2789 4467 2857 4522 Et
2899 4469 2966 4523 de
2997 4453 3219 4539 capellis
3248 4471 3548 4541 antiquitus
3577 4473 3833 4541 subjectis

2249 4557 2511 4622 ecclesiis,
2541 4572 2645 4612 non
2675 4557 2958 4627 mqualem,
2985 4559 3124 4614 sicut
3158 4561 3222 4615 de
3249 4561 3644 4632 principalibus
3671 4563 3838 4618 eccle-

2201 4637 2210 4655 ”
2251 4650 2365 4716 siis,
2418 4649 2762 4705 collationem
2804 4641 3020 4722 exigat;
3078 4637 3535 4724 sed-principalis
3576 4655 3834 4723 ecclesia,

2080 4752 2138 4826 ts.
2203 4733 2374 4796 "cum
2419 4742 2519 4796 sibi
2561 4739 2816 4809 subjectis
2862 4743 3121 4812 capellis,
3170 4743 3404 4798 debitam
3444 4754 3499 4800 et
3538 4747 3839 4817 antiquitus

559 4837 645 4896 Ab
665 4839 744 4892 eis
772 4835 936 4890 etiam
962 4847 1097 4900 quos
1142 4830 1496 4892 ordinaverit,
1543 4829 1840 4882 indebitmn
1873 4837 2139 4881 etcontra
2199 4829 2205 4836 '

2251 4845 2566 4888 consuetam
2619 4834 2962 4888 collationem
3015 4834 3276 4890 conferat.
3329 4837 3668 4914 Principales
3712 4852 3840 4892 vero

2203 4913 2208 4915 ’
2249 4924 2506 4978 ecclesias
2528 4923 2646 4977 aliis
2666 4925 2911 4979 ecclesiis
2934 4926 3052 4979 loco
3069 4925 3395 4995 capellarum
3420 4915 3526 4981 non
3549 4928 3835 4994 subjiciat:

2253 5016 2377 5084 quia
2406 5017 2698 5069 secundum
2746 5031 2930 5071 saeros
2975 5032 3210 5071 canones
3258 5033 3364 5070 non
3401 5018 3528 5071 licet
3571 5018 3838 5088 episcopis

2192 5092 2204 5179 ξ
2251 5108 2564 5177 parochiam
2616 5099 2914 5176 antiquitus
2958 5109 3308 5170 consdtutam
3352 5109 3658 5163 inconsulte
3702 5124 3834 5162 con-

2197 5267 2200 5270 Α
2253 5197 2477 5252 fundere
2498 5199 2659 5266 atque
2682 5200 2938 5252 dividere.
2966 5197 3042 5252 Ne
3071 5200 3489 5253 mansionaticos
3513 5201 3626 5254 suis
3650 5191 3837 5253 amicis

2201 5366 2208 5370 Α
2253 5299 2344 5342 aut
2374 5291 2485 5344 suis
2527 5291 2834 5345 hominibus
2875 5307 2905 5344 a
2937 5290 3269 5361 presbyteris
3313 5293 3493 5362 parari
3535 5291 3717 5345 faciat.
3745 5281 3836 5344 'Ne

2253 5384 2414 5437 etiam
2446 5383 2600 5451 quasi
2629 5384 2695 5437 ad
2724 5385 3088 5454 receptionem
3135 5383 3308 5451 regis,
3344 5381 3426 5437 vel
3470 5382 3793 5450 legationem
3818 5419 3832 5442 ,

2253 5483 2346 5527 aut
2386 5477 2452 5528 ad
2501 5473 2883 5529 ornatus'sua:
2935 5473 3176 5528 ecclesia:
3225 5473 3522 5537 faciendos,
3573 5471 3833 5539 adjutoria

2252 5573 2404 5643 quasi
2436 5572 2681 5642 petendo,
2714 5572 2894 5641 potius
2942 5577 3122 5626 autem
3152 5569 3440 5640 exigendo,
3473 5567 3728 5646 denarios
3753 5547 3830 5618 rel

2253 5663 2508 5727 caballos,
2543 5671 2635 5715 aut
2662 5676 2866 5724 verres,
2896 5669 2988 5714 aut
3019 5659 3330 5729 friskiugas,
3379 5665 3472 5711 aut
3501 5657 3569 5710 ad
3612 5656 3716 5711 iter
3741 5650 3834 5706 ali-

2251 5757 2392 5826 quod
2433 5743 2808 5825 paraveredos,
2841 5761 2933 5809 aut
2961 5753 3062 5808 alia
3093 5742 3349 5822 qumlibet
3385 5749 3632 5819 accipiat,
3678 5747 3729 5802 id
3753 5751 3831 5800 εει
