4012 6318
180 323 299 382 273

1643 319 2024 381 EPISTOLE.‘

3357 329 3461 386 21d

181 437 389 509 rapiat.
422 437 467 493 Δ
498 450 607 508 quo
631 435 818 501 verbo,
850 435 1099 506 accipere,
1124 448 1293 521 aves,
1340 446 1461 505 quae
1483 432 1623 509 alias
1653 450 1781 511 aves
1806 436 1859 498 Α
1884 451 1945 494 re
1972 414 2261 506 voluerint,
2292 410 2537 511 accipere
2562 454 2668 496 non
2695 441 3017 510 prohibeat:
3060 444 3169 515 peti
3210 458 3342 501 vero
3370 457 3466 501 aut

181 532 437 602 capiunt,
476 528 768 601 accipitres
798 526 1148 584 nominantur
1173 546 1186 583 :
1238 543 1359 583 cum
1387 526 1623 599 episcopi
1653 541 1780 584 suos

184 620 446 676 subditos
470 634 581 675 non
609 626 669 673 ut
708 616 995 690 accipitres
1024 631 1237 687 capere,
1266 616 1361 672 sed
1402 614 1541 673 sicut
1582 602 1800 711 gallina:

193 712 379 784 pullos
406 727 537 769 suos
564 712 768 776 fovere,
813 720 868 766 et
896 703 1148 791 quosque.
1183 705 1428 793 infirmos
1473 716 1539 787 ut
1574 710 1793 791 peritus

194 788 453 859 medicus
480 798 826 885 convenienli
857 786 1255 856 medicamento
1277 813 1354 883 .ac
1401 807 1641 885 tempore
1687 786 1797 885 del-1:

182 880 357 950 beant
414 878 695 971 curaref”
716 898 772 950 et
808 880 964 963 'quos
1021 906 1214 976 curare
1277 878 1436 967 "non;
1466 880 1800 976 potuerim,"

190 970 644 1063 duti'paticnter
705 980 1007 1063 tolerare,
1063 990 1157 1036 aut
1202 974 1547 1054 regulariter
1609 970 1801 1073 usque:

179 1070 257 1131 ad
308 1077 710 1132 correctionem
761 1075 1091 1130 sustinentes
1138 1089 1167 1128 a
1210 1090 1344 1129 sano
1386 1089 1613 1142 corpore
1648 1070 1797 1153 sub-i

182 1159 431 1221 movere.
490 1162 753 1235 Regulam
802 1164 1088 1234 siquidem,
1127 1179 1249 1241 qua:
1303 1164 1360 1219 ie
1410 1174 1601 1237 quarta
1628 1160 1799 1253 parte:

188 1254 834 1339 reddituumccclesiae,
870 1253 1023 1323 juxta
1070 1254 1512 1310 consuetudinem
1553 1255 1797 1325 aliarum.

184 1347 497 1419 regionum,
529 1348 603 1402 ita
633 1354 694 1402 ut
719 1358 803 1402 est
829 1347 1031 1417 scripta
1071 1346 1352 1435 intelligat,
1384 1355 1439 1404 et
1483 1362 1588 1403 non
1618 1342 1800 1437 prave;

183 1436 336 1493 illam
366 1439 763 1513 interpretans,
807 1435 1031 1507 perinde
1080 1436 1135 1492 in
1174 1437 1260 1491 bis
1302 1432 1615 1509 regionibus
1661 1453 1781 1508 quas

185 1518 315 1607 sunt
356 1524 801 1603 presbyterorum
831 1522 1043 1599 contra
1067 1522 1283 1601 regulas
1324 1546 1508 1586 sacras
1537 1526 1798 1602 diripiat.

185 1618 346 1677 Unde
374 1621 420 1676 si
444 1636 554 1691 qua
578 1620 797 1676 fuerunt
824 1620 1137 1692 gravamina
1176 1619 1282 1677 illis
1311 1618 1601 1691 imposita,
1648 1630 1782 1676 tem-

183 1698 383 1783 peret:
424 1698 564 1782 quia"
598 1722 657 1767 et
707 1711 760 1766 in
804 1712 1060 1780 praesenti
1089 1720 1145 1767 et
1193 1713 1246 1767 in
1296 1711 1472 1769 futura
1521 1714 1628 1768 vita
1677 1715 1779 1769 sibi

1881 525 2023 599 exigi
2052 528 2252 599 aliquid
2286 531 2597 587 omnimodo
2623 540 2803 589 vetet:
2833 549 2922 597 ne,
2948 536 3090 604 quod
3122 535 3278 593 valde
3324 535 3461 592 irre-

1881 619 2127 697 ligiosum
2154 629 2239 676 est
2267 631 2360 676 aut
2381 610 2606 689 venalis,
2634 625 2776 694 quod
2825 625 3001 689 absit;
3035 626 3246 681 dicatur
3283 626 3463 683 eecle~

1881 706 2120 776 sia,'aut
2167 706 2255 767 de
2283 709 2931 774 humanis'sacerdotalis
2977 717 3167 785 religio
3209 718 3459 774 videatur

1881 802 2146 875 mortibus
2170 803 2454 874 gratulari,
2483 804 2525 859 si
2553 820 2620 861 ex
2649 820 2837 860 eorum
2863 808 3221 863 cadaveribus
3242 796 3474 867 atuduo-‘

1882 882 1953 946 rit
1986 907 2231 962 quaerere
2260 893 2499 962 quolibet
2522 898 2680 953 modo
2708 897 3103 968 compendium.

1906 977 1915 983 ’
1951 979 2034 1037 Ab
2060 982 2204 1036 omni
2235 998 2447 1053 quoque
2472 986 2717 1052 avaritia,
2743 996 2799 1042 et
2821 1004 3002 1053 usura,
3031 1004 3096 1044 ac
3126 991 3266 1063 turpi
3287 990 3469 1058 lucro,

1882 1070 2177 1126 secundum
2210 1088 2393 1128 sacros
2422 1088 2680 1142 canones,
2705 1082 2760 1130 et
2789 1076 2903 1146 ipse
2949 1074 3235 1148 abstineat,
3282 1089 3338 1135 et
3367 1081 3469 1136 mi-

1881 1160 2084 1216 nistros
2133 1163 2377 1220 ecclesiae
2422 1168 2694 1226 abstinere
2726 1154 2960 1239 faciat,
2990 1181 3046 1228 et
3089 1174 3253 1230 etiam
3299 1174 3477 1232 laicos

1882 1249 2153 1308 abstinere
2199 1256 2460 1321 suadeat,
2505 1274 2564 1314 se
2611 1268 2788 1315 autem
2817 1301 2829 1325 ,
2882 1270 2937 1317 et
2992 1263 3093 1318 sibi
3145 1260 3471 1322 commissos

1881 1343 2162 1401 ministros
2194 1347 2614 1412 ecclesiasticos.
2662 1352 2913 1420 solerter,
2953 1354 3291 1426 solliciteque
3340 1372 3469 1414 cus-

1882 1427 2084 1500 todiat,
2130 1426 2198 1489 ne
2238 1446 2427 1492 contra
2469 1453 2657 1496 sacros
2702 1455 2939 1497 canones
2983 1444 3342 1501 conductores
3384 1445 3471 1501 vel

1881 1516 2266 1594 procuratores
2325 1527 2623 1583 alienarum
2670 1532 3071 1600 possessionum
3141 1531 3293 1589 ﬂant.
3358 1533 3471 1591 Nec

1883 1616 2024 1684 turpi
2055 1617 2290 1688 negotio,
2322 1628 2417 1677 aut
2467 1621 2754 1678 inhonesto
2780 1623 2930 1678 lucro
2955 1625 3156 1680 victum
3202 1635 3468 1697 quierant.

1883 1703 2067 1775 Neque
2125 1709 2390 1765 sccularia
2440 1713 2654 1781 negotia
2708 1714 2808 1769 sub
2851 1728 2979 1770 cura
3008 1730 3104 1770 sua
3149 1716 3469 1787 suscipiant,

185 1800 508 1881 prospiciet,
539 1792 591 1856 ‘si
623 1814 738 1866 eos,
769 1801 857 1869 qui
884 1800 985 1855 sibi
1022 1802 1298 1856 commissi
1327 1812 1486 1867 sunt,
1512 1803 1629 1858 sine
1657 1818 1780 1873 gra-
1807 1785 1854 1846 Β
1884 1796 2086 1866 Dclque
2116 1800 2475 1855 ministerium
2502 1802 2981 1882 parvipendeutes,
3017 1818 3116 1875 per
3144 1804 3471 1862 sccuiarium

185 1880 407 1947 vamine
433 1882 761 1947 conservare
784 1891 1070 1947 studuerit.
1101 1880 1375 1948 MiniStros
1414 1908 1562 1959 vero,
1606 1893 1657 1948 id
1691 1902 1776 1949 est

186 1980 715 2051 archipresbyteros,
746 1988 801 2035 et
827 1981 1237 2037 archidiaconos
1257 2023 1272 2047 ,
1304 1974 1607 2038 Secundum
1634 1964 1805 2063 quod

187 2072 497 2143 providere,
514 2070 741 2127 Domino
763 2072 1061 2142 inspirante
1085 2081 1139 2128 et
1160 2084 1506 2144 cooperante,
1527 2075 1772 2141 valuerit,

189 2152 330 2219 tales
352 2156 666 2230 Constituat,
715 2165 807 2235 qui
834 2163 1051 2249 oderint
1080 2166 1363 2222 avaritiam
1390 2207 1405 2232 ,
1432 2174 1488 2222 et
1518 2183 1628 2231 non,
1653 2168 1771 2224 dili-
1802 2236 1805 2241 ι

185 2264 325 2326 gant
349 2271 602 2322 munera,
652 2271 754 2312 nec
801 2266 1093 2327 sequantur
1136 2259 1561 2327 retributiones;
1604 2276 1809 2341 neque;

185 2362 297 2417 pro
325 2347 634 2403 ordinandis
662 2346 910 2415 clericis,
955 2350 1040 2404 vel
1067 2350 1486 2407 reconciliandis
1521 2354 1761 2423 pteniten

183 2434 362 2500 tibus,
397 2436 602 2492 'munus
632 2438 918 2508 accipiant,
952 2448 1016 2517 et
1060 2439 1179 2512 ipso
1219 2457 1447 2499 munere
1472 2458 1618 2521 eum
1656 2460 1782 2501 cor—

187 2540 448 2596 rumpere
498 2534 765 2600 satagant.
819 2529 888 2584 Et
933 2532 1278 2603 presbyteros
1336 2534 1392 2589 in
1461 2526 1667 2605 paratis
1698 2528 1781 2593 'et

189 2610 368 2674 xeniis
424 2619 681 2676 indebitis
730 2616 837 2678 nun
886 2616 1126 2695 aﬂligant
1155 2618 1181 2680 ε’
1217 2634 1274 2681 et
1318 2612 1461 2683 sicut
1500 2644 1663 2699 supra
1714 2618 1805 2685 dei

190 2708 460 2799 episcopo.
478 2708 747 2776 diximus,
779 2729 878 2784 per
904 2714 1145 2799 diversas
1188 2717 1479 2787 petitiones
1503 2759 1518 2785 ,
1566 2708 1629 2776 ut
1677 2713 1807 2777 illis

188 2796 523 2878 adiutorium
582 2799 818 2867 faciant,
861 2818 982 2873 qua:
998 2796 1135 2858 sunt
1163 2808 1605 2878 presbyterorum
1631 2810 1775 2867 unde
1800 2868 1805 2873 ,

188 2877 293 2960 ipsi
325 2878 546 2956 vivere,’
571 2898 626 2945 et
670 2891 907 2961 hospites
950 2894 1211 2964 recipere,
1236 2877 1469 2952 ‘etsuas
1516 2897 1776 2954 ecclesias

188 2979 476 3035 continere
521 2980 738 3047 debent,
769 2981 1004 3039 colludio
1032 2999 1355 3057 quocunque
1398 2987 1674 3057 diripiant,
1720 2999 1775 3045 et

188 3058 495 3153 n:t'eisdem
520 3068 590 3124 ab
620 3069 969 3139 inquisitione
997 3073 1082 3127 sui
1107 3073 1392 3131 ministerii
1423 3087 1670 3146 parcant,
1720 3087 1775 3134 et

1880 1886 2069 1942 domus
2094 1903 2200 1943 non
2229 1889 2559 1957 discurrant,
2581 1907 2679 1948 nec
2699 1896 2920 1963 propter
2939 1894 3243 1955 avaritiam.
3258 1894 3489 1964 gratiae.

1881 1984 1974 2029 aut
2006 1977 2250 2043 honoris,
2280 1979 2365 2034 vel
2389 1965 2630 2049 pecuniae
2667 1983 3113 2053 patrimoniorum
3146 1985 3469 2040 sollicitudi-

1880 2080 1999 2132 nes,
2034 2076 2128 2122 aut
2154 2068 2452 2124 alienorum
2481 2072 2927 2129 testamentorum
2950 2074 3294 2133 defensiones
3322 2091 3473 2133 assu-

1880 2166 2053 2223 mant,
2081 2174 2183 2213 nec
2208 2150 2645 2231 lidejussionibus
2672 2163 2990 2220 inserviant.

1951 2246 1998 2300 A
2020 2246 2389 2305 familiaritate
2415 2251 2762 2308 nihilominus
2788 2270 2851 2310 ac
2875 2257 3259 2312 conturbernio
3279 2243 3496 2314 illicito’

1881 2328 1937 2415 et
1962 2337 2132 2393 vetito
2160 2337 2487 2395 feminarum
2518 2357 2577 2398 se
2603 2352 2658 2397 et
2699 2340 3106 2402 comministros
3160 2361 3287 2403 suos
3309 2387 3325 2413 ,
3375 2346 3475 2404 sed

1881 2435 1937 2482 et
1965 2442 1998 2482 a
2028 2429 2287 2498 tabernis,
2318 2432 2614 2509 secundum
2642 2448 2827 2488 sacras
2854 2435 3070 2505 regulas
3089 2474 3104 2500 ,
3132 2435 3465 2493 ecclesiasti-

1884 2532 1977 2574 cos
2027 2510 2305 2578 miniétros
2355 2521 2519 2578 faciat
2579 2524 2889 2591 abstinere,
2949 2526 3193 2581 attendat
3246 2541 3465 2597 quoque

1884 2612 2027 2680 quod
2056 2611 2250 2669 beatus
2280 2613 2381 2671 Job
2424 2615 2595 2671 dicit:
2631 2614 2692 2672 Si
2736 2618 3013 2671 adversum
3059 2635 3139 2673 me
3175 2626 3317 2673 terra
3355 2634 3470 2673 mea

1883 2700 2101 2770 clamat,
2128 2715 2314 2761 etcum
2350 2725 2412 2763 ea
2446 2708 2581 2762 sulci
2615 2710 2731 2772 eius
2760 2710 2983 2780 deﬂent,
3016 2711 3063 2765 si
3107 2711 3310 2781 [ructus
3351 2702 3492 2781 ejus~

1883 2790 2084 2849 comedi
2116 2798 2308 2868 absque
2349 2800 2570 2871 pecunia
2611 2798 2732 2870 (Job
2768 2817 2897 2865 xxx,
2927 2800 3041 2873 58).
3078 2801 3232 2858 Unde
3274 2801 3471 2859 beatus

1885 2885 2178 2967 Gregorius
2200 2888 2419 2959 (Moral.
2438 2892 2492 2945 in
2512 2890 2632 2956 Job,
2655 2891 2748 2948 lib.
2777 2888 2913 2959 m,
2937 2909 3056 2964 cap.
3085 2894 3227 2967 15);‹
3256 2892 3469 2961 Omnis,

1886 2962 2083 3046 inquit,
2119 2979 2211 3049 qui
2237 2990 2456 3050 precest,
2483 2982 2528 3038 si
2552 2997 2806 3052 perversa
2842 2985 2895 3041 in
2928 2962 3171 3041 subditos
3205 2994 3427 3042 exercet
3451 3027 3468 3052 ,

1884 3077 2073 3124 contra
2103 3071 2247 3129 hunc
2272 3080 2417 3129 terra
2445 3074 2643 3130 clamat
2666 3118 2680 3141 ,
2706 3075 2772 3148 et:
2799 3076 2934 3132 sulci
2961 3077 3157 3133 deﬂent
3183 3078 3310 3149 quia
3341 3093 3470 3135 con-

186 3138 291 3228 pro
320 3156 546 3239 infamia
571 3138 761 3214 eorum
794 3160 1051 3216 calcanda
1081 3162 1166 3219 vel
1205 3138 1561 3235 cooperienda
1605 3138 1775 3237 quod-
1806 3138 1852 3201 ο
1887 3163 1970 3211 ιτα
2018 3156 2134 3226 eius
2178 3159 2495 3231 ίηὲυεῑίιῖειῐη
2542 3138 2705 3218 mdes
2745 3138 2962 3235 ‘lUidem
3007 3138 3291 3239 μψυιίω
3322 3182 3473 3221 mu"

189 3235 407 3311 cunque
430 3238 853 3306 emolumentum
890 3246 1011 3309 'non
1040 3254 1332 3324 accipiant.
1383 3256 1451 3312 Et
1480 3258 1524 3313 si
1557 3235 1779 3331 agentes

189 3328 322 3396 talia
354 3342 634 3399 ministros
661 3336 962 3414 repererit,
996 3336 1051 3400 in
1081 3347 1383 3404 ministerio
1409 3328 1629 3409 manere
1668 3370 1775 3411 non

190 3431 357 3497 sinat,
389 3440 446 3488 et
469 3434 732 3489 canonica
765 3435 1068 3495 invectione
1096 3429 1374 3510 corripiat.
1414 3440 1533 3513 ipse
1562 3461 1779 3517 quoque

190 3538 297 3606 pro
347 3526 757 3593 constituendis
828 3520 1297 3589 ministerialibus'
1324 3535 1737 3595 ecclesiasticis
1763 3580 1778 3605 ,

192 3612 450 3690 videlicet
474 3630 789 3682 oeconomo,
822 3618 875 3674 id
914 3629 999 3676 est
1041 3622 1286 3679 ecclesiae
1312 3623 1627 3681 facultatum
1670 3628 1780 3683 dis-

190 3716 524 3777 pensatore;
573 3700 1055 3782 archipresbyteris
1110 3719 1166 3769 et
1235 3715 1664 3783 archidiaconis,
1724 3716 1780 3773 in

194 3796 410 3879 quibus.
439 3796 562 3854 lidei
584 3799 981 3870 sinceritatem,
1006 3811 1061 3860 et
1086 3804 1282 3860 orobos
1313 3821 1495 3862 mores
1542 3798 1607 3863 ac
1654 3807 1781 3865 reli-

200 3885 423 3956 giosam
448 3886 608 3943 vitam
628 3889 781 3947 debet
809 3892 1031 3965 eligere,
1057 3896 1277 3965 praemia
1307 3911 1414 3952 non
1444 3899 1739 3954 constituat
1764 3918 1777 3954 :

192 3977 329 4059 quia
358 3976 773 4037 ecclesiasticum
800 3983 1139 4055 obsequium,
1167 3986 1313 4056 quod
1340 3987 1480 4044 male
1504 3980 1782 4059 compara-

190 4058 408 4135 verint,
437 4072 762 4142 accipientes
789 4089 983 4131 munus
1012 4091 1043 4131 a
1089 4068 1351 4144 subditis,
1383 4077 1538 4150 pejus
1575 4058 1782 4137 venun-

194 4157 329 4215 dare
352 4161 640 4217 curabunt.
682 4163 795 4220 Nec
834 4179 932 4236 pro
976 4180 1299 4247 quocunque
1341 4144 1546 4238 judicio
1590 4144 1804 4226 contra:

194 4264 382 4305 sacras
410 4250 588 4322 leges,
618 4267 794 4323 neque
834 4270 997 4325 super
1025 4256 1365 4313 innocentem
1407 4266 1597 4314 contra
1638 4261 1804 4341 veri:

193 4348 387 4408 tatem,
430 4343 668 4414 pretium
706 4344 874 4400 ullum
912 4346 1163 4417 accipiat.
1196 4346 1308 4404 Nec
1349 4348 1516 4405 etiam
1542 4348 1668 4406 odio
1697 4344 1804 4407 vel.

194 4434 392 4503 gratia,
424 4433 595 4490 livore
628 4445 721 4491 aut.
762 4438 1061 4504 iracundia,
1090 4450 1351 4509 quantum
1379 4442 1566 4498 scierit
1590 4448 1645 4496 et
1682 4458 1857 4545 po—D
1883 4433 2055 4481 θοναίο
2100 4444 2122 4478 ³
2161 4433 2279 4481 Non
2330 4433 2496 4496 ἱείιιπ
2528 4433 2955 4497 Γθαθηιρίίοηθῐη
2992 4436 3097 4497 θυί.
3130 4433 3364 4497 Pretium
3403 4433 3470 4483 de

194 4524 381 4588 tuerit,
413 4538 444 4578 a
477 4522 685 4592 judicio
731 4537 881 4584 recto
927 4528 1190 4592 declinet,
1241 4532 1454 4587 dicente
1490 4524 1772 4588 Domino:
1848 4518 2169 4577 -οοηίιῑίοηθ
2212 4519 2654 4590 Ρηεῧῐιθτοτυίη
2705 4519 2989 4590 cpi-“‘00P”
3019 4518 3175 4575 debe'
3229 4521 3470 4592 εκίεθιη,

192 4524 381 4588 tuerit,
413 4538 444 4578 a
477 4522 685 4595 judicio
731 4537 881 4584 recto
927 4528 1190 4597 declinet,
1241 4532 1454 4611 dicente
1490 4524 1772 4588 Domino:

194 4610 325 4666 Non
349 4613 514 4681 facies
541 4617 682 4687 quod
726 4618 962 4689 iniquum
994 4629 1069 4673 est
1095 4660 1111 4687 ,
1144 4637 1235 4675 nec
1277 4621 1470 4691 injuste
1487 4623 1779 4693 judicabis.

189 4702 347 4757 Iuste
366 4693 559 4774 judico
596 4709 834 4777 proximo
878 4719 989 4775 tuo,
1033 4718 1083 4763 et
1108 4711 1256 4780 juste
1290 4711 1431 4782 quod
1461 4711 1666 4781 justum
1705 4724 1780 4768 est

190 4796 501 4865 exsequeris
540 4796 727 4870 (Le'sit.
778 4801 911 4872 xix).
941 4800 1095 4856 iuste
1142 4817 1377 4871 namque
1402 4803 1545 4872 quod
1569 4802 1778 4873 justum

188 4895 277 4941 est
305 4887 652 4958 exsequitur,
695 4891 790 4962 qui
835 4892 890 4946 in
926 4891 1226 4953 assertione
1260 4892 1486 4962 iustitiae
1531 4894 1777 4950 eamdem

188 4976 376 5053 ipsam
392 4976 658 5045 justitiam
686 4982 898 5051 quaerit.
1718 5028 1723 5033 η

218 5116 225 5127 .
266 5067 377 5123 Pro
418 5069 758 5139 baptizandis
785 5058 1019 5142 denique
1069 5072 1367 5128 infantibus
1392 5113 1407 5137 ,
1450 5073 1536 5130 vel
1570 5089 1670 5145 pro
1697 5089 1799 5153 se-l

190 5157 444 5237 pultura,
471 5160 772 5218 obaudiens
809 5162 1029 5218 decreta
1056 5163 1197 5218 beati
1234 5161 1501 5235 Gregorii,
1548 5166 1782 5235 pretium

188 5249 265 5304 de
296 5257 442 5304 terra
466 5265 725 5306 concessa
742 5251 1012 5329 putredini
1035 5267 1360 5323 quemquam
1384 5270 1490 5309 non
1512 5256 1787 5324 permittat

185 5341 247 5397 in
281 5342 541 5411 parochia
579 5359 962 5414 suaquaarere,
994 5353 1050 5399 et
1100 5345 1168 5399 de
1209 5344 1382 5399 alieno
1424 5345 1564 5400 velle
1609 5344 1789 5402 facere

184 5433 344 5489 luetu
372 5437 768 5507 compendium.
804 5436 911 5492 Sed
948 5437 992 5493 si
1032 5437 1245 5507 quando
1293 5436 1525 5506 aliquem
1557 5438 1787 5507 quisque

187 5525 423 5595 sepeliri
445 5528 499 5582 in
525 5528 814 5584 commisso
840 5528 943 5584 sibi
978 5527 1097 5584 loco
1118 5529 1491 5605 concesserit,
1520 5528 1787 5599 siquidem

187 5624 456 5686 parentes
484 5618 654 5688 ipsius
678 5618 911 5693 proximi
943 5658 960 5686 ,
994 5619 1080 5675 vel
1104 5619 1380 5687 hteredes,
1410 5634 1510 5690 pro
1553 5618 1801 5689 lumina:

192 5710 381 5777 ribus,
401 5711 485 5767 vel
513 5712 567 5769 in
593 5711 939 5783 eleemosy-ua
959 5711 1195 5770 deuincti
1211 5753 1226 5783 ,
1254 5720 1445 5784 sponte
1468 5710 1599 5783 quid
1627 5710 1785 5768 oﬂer—

1884 3247 2204 3326 murationis
2238 3249 2460 3306 vocibus
2505 3260 2792 3323 erumpunt
2820 3271 2832 3305 :
2880 3252 2974 3308 sed
3008 3253 3232 3326 perfecti
3265 3255 3473 3326 quique

1885 3323 1982 3410 pro
2008 3354 2180 3411 pravo
2204 3338 2319 3409 eius
2341 3356 2508 3412 opere
2529 3357 2650 3399 sese
2690 3343 2743 3398 in
2787 3323 3299 3417 ﬂetibusfaﬂligunt.
3326 3323 3495 3400 lira-1

1884 3434 2004 3484 ctus
2044 3430 2191 3485 enim
2220 3437 2379 3487 terrae
2430 3433 2635 3502 absque
2687 3435 2913 3504 pecunia
2944 3436 3232 3492 comedere
3256 3438 3361 3502 est,
3401 3450 3473 3491 ex

1885 3520 2114 3575 ecclesia
2144 3520 2363 3590 quidem
2399 3525 2943 3596 sumptusaccipere,
2986 3526 3080 3581 sed
3111 3527 3286 3581 eidem
3312 3522 3493 3582 debi-'

1889 3598 1999 3664 tum
2048 3611 2449 3680 praedicationis
2496 3614 2728 3682 pretium
2771 3629 2878 3669 non
2928 3616 3189 3685 prrebere.
3232 3616 3308 3673 De
3360 3631 3492 3693 qua

1882 3697 2091 3754 scilicet
2107 3700 2491 3769 praedicatione
2514 3703 2855 3757 auctoritatis
2877 3718 3006 3763 voce
3032 3704 3230 3760 dicitur
3255 3723 3268 3759 :
3298 3704 3471 3772 Opor-

1881 3787 1981 3840 tuit
2012 3796 2061 3841 te
2088 3787 2408 3842 committere
2437 3791 2713 3858 pecuniam
2758 3806 2947 3843 meam-
2967 3792 3368 3858 nummulariis,
3419 3801 3471 3847 et

1883 3881 2086 3935 veniens
2114 3894 2204 3950 ego
2247 3880 2549 3949 recepissem
2594 3882 2770 3951 utique
2796 3883 2936 3953 quod
2981 3899 3151 3937 meum
3189 3893 3301 3939 erat
3345 3902 3483 3939 cum

1798 3984 1804 3991 '
1882 3964 2047 4042 usuro
2077 3968 2455 4041 (Matth.°xxv,
2481 3969 2594 4042 28).
2625 3971 2807 4027 Terra!
2832 3973 2998 4044 igitur
3021 3973 3226 4030 fructus
3256 3975 3461 4045 absque

1882 4060 2109 4130 pecunia
2157 4060 2433 4129 comedit,
2480 4062 2575 4130 qui
2624 4061 2992 4119 ecclesiastica
3052 4064 3333 4123 commoda
3397 4067 3486 4121 ad‘

1884 4166 2039 4206 usum
2088 4153 2332 4221 corporis
2358 4144 2605 4224 percipit,
2662 4153 2757 4208 sed
2785 4153 3183 4210 exhortationis
3227 4154 3483 4235 ministeﬁ

1886 4243 2024 4298 rium
2056 4244 2253 4315 populo
2282 4259 2388 4299 non
2415 4236 2694 4315 impendit.
2715 4244 2917 4316 Exigit
2947 4247 3092 4316 quod
3120 4262 3217 4303 suo
3242 4248 3471 4311 debetur

1882 4335 2119 4405 corpori,
2148 4344 2202 4391 et
2226 4351 2333 4390 non
2360 4336 2622 4406 impendit
2651 4336 2797 4406 quod
2838 4336 3474 4405 subjectorum'debetur

1883 4426 2055 4481 cordi.
2100 4444 2122 4478 ›
2161 4416 2281 4481 Non
2330 4426 2496 4496 igitur
2528 4426 2955 4497 redemptionem
2992 4436 3097 4497 aut.
3130 4426 3364 4497 pretium
3403 4427 3474 4483 de

1885 4621 1941 4667 et
1977 4609 2229 4665 alimenta
2259 4610 2627 4666 ecclesiastica
2660 4618 2841 4665 mutus
2867 4609 3211 4666 manducare.
3244 4610 3310 4665 Et
3342 4626 3485 4667 cum-

1884 4703 2144 4759 Dominus
2181 4703 2624 4774 praedicatoribus
2668 4703 2947 4774 praecipiat
2983 4713 3064 4770 ut,
3114 4705 3378 4763 intrantes
3419 4706 3471 4758 i‘n

1883 4793 2071 4849 domos
2110 4809 2300 4849 eorum
2341 4794 2537 4863 quibus
2566 4808 2753 4864 pacem
2793 4794 3128 4864 praedicant,
3170 4794 3258 4849 illa
3308 4795 3473 4849 edant

1882 4893 1939 4938 et
1960 4882 2147 4939 bibant
2176 4899 2298 4953 quae
2328 4883 2469 4954 apud
2511 4883 2630 4939 illos
2659 4892 2815 4948 sunt.
2845 4899 2944 4956 per
2982 4885 3295 4954 parochiam
3329 4880 3485 4954 prae?

1884 4974 2116 5029 dicando
2158 4989 2224 5030 ac
2272 4975 2641 5030 confirmando
2693 4991 2926 5048 pergens
2980 4978 3260 5048 episcopus
3288 5016 3304 5041 ,
3366 4988 3473 5031 non

1886 5063 2045 5119 debet
2069 5060 2363 5132 superﬂuas
2389 5064 2676 5134 pensiones
2719 5066 2772 5118 in
2800 5066 3089 5139 pigmentis
3117 5074 3171 5120 et
3199 5064 3317 5120 aliis
3351 5064 3475 5134 qui-

1888 5154 2095 5224 busque
2122 5169 2153 5208 a
2181 5155 2513 5228 presbyteris
2541 5171 2662 5227 qua:
2704 5171 2811 5211 non
2860 5156 3059 5212 habent
3091 5157 3388 5225 requirere,
3418 5165 3475 5210 et

1890 5244 2037 5309 talia,
2066 5260 2185 5315 qua:
2223 5244 2362 5301 forte
2392 5246 2446 5301 iu
2488 5247 2648 5303 domo
2672 5261 2768 5303 sua
2797 5261 2917 5303 non
2946 5246 3177 5316 accipit,
3215 5242 3481 5315 voluptati

1891 5337 2075 5406 potius
2125 5338 2368 5394 serviens
2412 5354 2573 5409 quam
2621 5339 2955 5404 necessitati,
2995 5339 3231 5410 exigere,
3278 5347 3334 5393 et
3360 5340 3477 5400 suis

1894 5440 2124 5499 parcens
2140 5427 2352 5497 opibus,
2369 5428 2435 5484 de
2446 5428 2715 5501 superﬂue
2743 5429 2982 5501 acceptis
3010 5437 3065 5482 et
3090 5428 3321 5484 venditis
3337 5430 3477 5486 dite-

1894 5533 2064 5574 scere.
2082 5515 2192 5574 Nec
2213 5518 2335 5574 ideo
2360 5520 2518 5576 debet
2538 5521 2852 5591 praedicare,
2872 5528 2930 5575 ut
2947 5526 3193 5590 sumptus
3211 5516 3473 5593 accipiat‘,

1895 5613 1989 5669 sed
2043 5612 2163 5669 ideo
2200 5622 2447 5683 sumptus
2490 5614 2765 5684 accipere,
2799 5621 2857 5668 ut
2894 5610 3121 5668 suﬂiciat
3156 5615 3472 5684 pradicare.

1967 5703 2238 5763 Ecclesias
2297 5719 2514 5776 quoque
2581 5704 2634 5760 in
2692 5703 3118 5776 proprietatibus
3181 5704 3481 5795 liberorum
