4012 6318
455 347 626 423 ἐτε

1477 362 1808 455 maestam
1844 318 2238 452 RtlEMENSlS
2274 355 2791 448 summersae?!

3671 355 3787 414 276

523 481 801 538 hominum
839 465 908 539 ac
941 480 1280 542 COlli'EPet-lllm
1331 481 1710 545 consistentes,
1741 486 1802 534 ut
1839 491 1950 532 sua:
1990 486 2100 530 tra-
2125 471 2299 545 Aper
2339 476 2525 531 sacros
2550 490 2784 530 canones
2815 473 2885 530 sit
2924 471 3334 545 metropolitano
3363 470 3675 540 commissa,
3711 478 3783 530 ad

507 576 718 632 .dantur
756 575 1016 638 ecclesite,
1050 588 1157 628 non
1197 572 1358 627 debet
1395 586 1634 641 cogere:
1666 567 1760 626 sed
1801 567 2097 624 secundum

521 664 800 738 synodalia
829 673 884 719 et
913 662 1206 734 imperialia
1235 661 1489 731 capitula,
1520 676 1639 731 quae
1667 659 1934 731 regularia
1977 672 2097 712 esse

517 757 713 826 probat
737 756 997 822 Ecclesia,
1021 763 1229 828 satagat
1255 765 1523 826 quatenus
1544 756 1684 810 dotis
1707 755 2092 818 immunitates,

519 845 658 900 sicut
687 856 894 902 czetera:
923 846 1188 911 ecclesiae,
1219 848 1543 902 auctoritate
1572 847 1717 918 regis
1759 847 2015 911 habeant,
2043 853 2096 900 et

518 935 647 1006 ipsa:
674 937 742 992 ab
767 937 968 992 eisdem
1015 937 1200 994 liberis
1235 938 1543 994 hominibus
1569 939 1866 1008 potiantur.
1891 938 2097 992 Talem-

514 1043 620 1099 que
657 1045 735 1094 se,
763 1040 1088 1101 cooperante
1119 1031 1370 1096 Domino,
1405 1031 1457 1085 in
1490 1031 1698 1086 cunctis
1724 1031 1995 1095 exhibeat,
2035 1038 2095 1084 ut

513 1133 728 1174 sacrum
770 1120 1130 1175 ministerium
1174 1138 1280 1176 non
1329 1123 1642 1191 vituperet:
1676 1122 1768 1192 qui
1814 1123 1976 1176 etiam
2024 1121 2095 1176 ab

513 1207 596 1262 his
624 1209 717 1278 qui
761 1207 893 1265 foris
922 1219 1048 1265 sunt
1082 1211 1450 1265 testimonium
1484 1211 1683 1266 bonum
1706 1212 1859 1281 juxta
1887 1220 2095 1284 aposto-

510 1299 668 1354 licam
693 1301 994 1357 doctrinam
1026 1304 1226 1358 habere
1248 1303 1423 1358 debet.
1451 1304 1584 1358 Nam
1608 1302 1762 1372 cujus
1785 1305 1894 1359 vita
1924 1305 2096 1375 despi-

509 1391 673 1458 citur,
707 1402 876 1448 restat
904 1401 963 1447 ut
993 1402 1047 1449 et
1075 1395 1388 1464 praedicatio
1418 1404 1795 1450 contemnatur
1829 1413 1842 1449 :
1885 1406 1939 1451 ct
1968 1413 2094 1452 cum

508 1492 696 1552 pastor
719 1498 815 1554 per
843 1484 1070 1554 abrupta
1101 1485 1371 1554 graditur,
1400 1485 1536 1539 solet
1570 1485 1686 1539 fieri
1716 1495 1774 1538 ut
1804 1486 1870 1539 ad
1897 1486 2094 1555 praeci-

507 1574 699 1642 pitium
728 1589 858 1646 grex
890 1584 1168 1644 sequatur.
1197 1575 1263 1629 Et
1285 1591 1354 1630 ne
1379 1591 1704 1645 quemquam
1739 1575 2093 1632 ecclesiastici

506 1666 715 1722 ordinis
741 1666 1075 1732 ministrum,
1105 1667 1392 1721 occasione
1422 1667 1592 1736 turpis
1618 1666 1775 1728 lucri,
1807 1675 1865 1720 ut
1893 1666 2096 1735 aliquid

507 1755 576 1810 ab
602 1772 668 1812 eo
697 1757 942 1813 absoluto
968 1758 1171 1828 capiat,
1193 1766 1386 1812 contra
1415 1772 1602 1813 sacras
1631 1759 1844 1828 regulas
1871 1743 2091 1813 excom-

2197 565 2442 620 eamdcm
2472 565 2810 635 metr0polim
2845 578 3019 630 suam,
3047 565 3205 619 sieuti
3232 565 3298 619 ad
3338 574 3585 629 matrem,
3620 575 3678 620 ut
3706 581 3782 623 ex

2197 656 2313 727 ejus
2342 658 2620 713 catholicis
2654 658 2908 712 uberibus
2938 656 3206 712 salubrem
3254 666 3409 728 sugat
3448 657 3778 725 doctrinam,

2197 749 2492 828 humiliter,
2518 767 2582 823 ac
2607 753 2811 817 sedulo,
2847 761 3008 821 atque
3034 753 3346 808 obedienter
3379 768 3660 808 monemus
3689 769 3785 810 re-

2196 860 2437 901 currere.
2463 845 2530 899 Et
2559 861 2664 899 non
2711 844 2938 915 amplius
2969 859 3128 914 quam
3173 841 3274 899 sibi
3323 855 3420 913 per
3453 857 3640 900 sacras
3681 855 3779 900 re-

2195 934 2346 1006 gulas
2371 943 2456 988 est
2482 948 2823 995 concessum,
2853 934 3088 988 indebite
3131 947 3428 1002 usurpare:
3465 949 3587 988 cum
3624 942 3782 990 tanto

2196 1024 2474 1079 charitatis
2514 1039 2578 1078 ac
2627 1024 2942 1078 humilitatis
2987 1023 3192 1094 glutino
3237 1025 3515 1092 praeceptis
3565 1027 3780 1078 saluta-

2196 1117 2343 1170 ribus
2368 1115 2434 1169 ad
2464 1115 2689 1169 invicem
2717 1115 2884 1169 simus
2903 1114 3152 1178 connexi,
3181 1123 3240 1166 ut
3263 1114 3475 1168 dicente
3497 1114 3598 1166 sibi
3628 1129 3784 1168 man-

2196 1205 2321 1260 dato
2349 1204 2567 1258 divino:
2601 1201 2873 1273 Interroga
2903 1216 3103 1272 patrem
3137 1213 3315 1267 tuum,
3354 1213 3401 1256 et
3442 1202 3781 1257 annuntiabit

2195 1295 2322 1359 tibi;
2351 1295 2578 1363 majores
2617 1305 2755 1358 tuos,
2796 1302 2842 1347 et
2891 1294 3059 1345 dicent
3105 1292 3196 1344 tibi
3239 1291 3418 1362 (Deut.
3460 1308 3572 1356 xu,
3598 1291 3687 1361 7);
3723 1299 3784 1345 et

2196 1385 2391 1440 nobis:
2425 1383 2690 1437 Rectorem
2735 1393 2782 1436 te
2817 1391 3130 1453 posuerunt,
3171 1381 3278 1434 noli
3317 1381 3511 1442 extolli,
3544 1381 3638 1434 sed
3666 1389 3783 1434 esto

2195 1474 2250 1528 in
2277 1473 2382 1527 illis
2407 1472 2556 1543 quasi
2587 1489 2721 1525 unus
2748 1486 2812 1525 ex
2853 1471 2976 1539 ipsis
3007 1469 3194 1540 (Eccli.
3229 1485 3398 1531 xxx",
3435 1470 3517 1538 l);
3546 1477 3640 1522 et:
3670 1469 3783 1532 Qui

2195 1565 2370 1634 major
2404 1575 2477 1618 est
2518 1574 2761 1627 vestrum,
2794 1563 2890 1616 erit
2922 1562 3154 1615 minister
3182 1572 3348 1614 vester
3373 1561 3584 1631 (Matth.
3614 1576 3782 1624 nm,

2198 1654 2300 1723 il)
2347 1671 2360 1707 :
2409 1652 2782 1706 obedientibus
2829 1651 3035 1705 scilicet
3091 1649 3447 1703 ministrando
3490 1658 3780 1718 paternam

2200 1742 2522 1806 doctrinam,
2556 1749 2610 1795 et
2655 1738 3102 1803 inobedientibus,
3129 1737 3271 1808 quod
3304 1736 3523 1807 majoris
3556 1745 3660 1801 est,
3692 1751 3782 1790 rc-

505 1847 768 1913 municet,
808 1847 1135 1902 inhibemus.
1173 1847 1342 1914 Quia,
1385 1856 1446 1902 ut
1489 1823 1720 1904 sanctus
1731 1849 2085 1919 Augustinus,
2119 1823 2164 1881 Β
2193 1835 2433 1906 sularem
2480 1833 2764 1888 Charilaus
2809 1831 3205 1901 εοπθβιίοηθῖη
3243 1845 3259 1884 ³
3305 1843 3403 1882 "05
3447 1829 3678 1881 "atrum
3723 1833 3783 1880 ει

507 1952 788 2007 exponens
815 1938 1136 1992 sententiam
1166 1937 1317 1993 Pauli
1348 1938 1572 2007 apostoli
1601 1955 1619 1994 :
1649 1939 1862 2008 Auferte
1890 1937 2088 1992 malum

507 2043 574 2108 ea:
609 2027 750 2082 vobis
779 2025 831 2097 (I
856 2026 980 2082 Cor.
1006 2027 1086 2099 v),
1111 2029 1465 2094 demonstrat,
1497 2044 1602 2083 non
1643 2036 1846 2083 temere
1874 2036 1929 2083 et
1957 2044 2090 2096 quo-

506 2115 822 2183 modolibet,
868 2118 962 2174 sed
1004 2133 1101 2188 per
1127 2117 1390 2188 judicium
1420 2119 1696 2176 auferendi
1726 2131 1851 2175 sunt
1877 2121 2001 2177 mali
2023 2121 2091 2176 ab

506 2205 754 2262 ecclesiae
800 2206 1201 2261 communione.
1243 2207 1410 2262 Multo
1452 2208 1624 2278 magis
1672 2217 1850 2261 autem
1897 2223 2091 2263 caven-

504 2295 634 2350 dum
666 2306 770 2364 est,
803 2312 869 2352 ne
902 2299 1018 2354 sine
1052 2297 1289 2370 regulari
1328 2297 1532 2369 judicio
1575 2299 1809 2354 ministri
1848 2297 2091 2354 ecclesia:

505 2384 681 2441 ofﬁcio
707 2403 805 2442 suo
830 2388 1134 2459 priventur.
1165 2387 1522 2459 Quapropter,
1551 2391 1689 2445 sicut
1720 2390 1910 2446 beatus
1932 2391 2090 2445 docet

504 2478 824 2551 Gregorius,
861 2481 908 2536 si
952 2481 1082 2552 quid
1115 2482 1180 2537 de
1207 2497 1529 2553 quocunque
1574 2481 1771 2537 clerico
1819 2481 1886 2535 ad
1933 2495 2092 2537 aures

504 2585 634 2626 suas
685 2573 997 2642 pervenerit
1032 2573 1176 2642 quod
1221 2588 1344 2628 eum
1388 2572 1536 2641 juste
1579 2580 1761 2642 posset
1799 2569 2088 2638 offendere,

504 2657 666 2715 facile
694 2677 802 2716 non
833 2663 1045 2727 credat,
1069 2677 1170 2717 nec
1196 2663 1262 2716 ad
1289 2662 1580 2716 vindictam
1606 2662 1752 2717 illum
1782 2676 1870 2716 res
1897 2675 2090 2716 accen-

505 2751 599 2804 dat
641 2751 936 2822 incognita,
969 2751 1255 2806 attendens
1304 2751 1447 2821 quod
1491 2751 1748 2818 scriptum
1791 2759 1916 2804 est:
1950 2748 2093 2804 Cau-

506 2853 620 2891 sam
671 2854 829 2908 quam
889 2839 1207 2902 nesciebam,
1267 2838 1660 2907 diligentissime
1719 2838 2092 2908 inuestigabam

505 2926 630 3000 (Job
660 2943 815 2993 xxxx,
846 2927 953 2999 16).
1000 2928 1066 2982 Et
1095 2929 1450 2997 praesentibus
1505 2927 1807 2983 senioribus
1833 2927 2090 2982 Ecclesia:

505 3033 619 3073 sua:
654 3019 938 3089 diligenter
965 3018 1246 3074 veritatem
1275 3019 1600 3089 perscrutari
1634 3019 1806 3073 modis
1839 3020 2089 3075 omnibus

507 3115 753 3178 studeat;
792 3121 847 3166 et
891 3121 1048 3176 tune,
1102 3111 1146 3166 si
1188 3111 1418 3180 qualitas
1453 3110 1529 3164 rei
1571 3114 1894 3181 poposcerit,
1926 3126 2088 3166 cauo-

2191 1925 2638 1980 consacerdotum
2678 1931 2983 1978 vestrorum
3028 1919 3331 1975 salubribus
3363 1918 3657 1973 debeamus
3693 1917 3777 1970 uti

2191 2015 2455 2077 consiliis,
2479 2023 2534 2067 et
2563 2013 2665 2082 ipsi
2693 2012 2911 2067 obedire
2940 2010 3182 2081 paternis
3208 2024 3269 2062 ac
3296 2007 3632 2076 regularibus
3661 2019 3783 2058 mo-
3809 2005 3811 2008 ⁴

2190 2105 2338 2159 nitis.
2386 2103 2524 2157 Hine
2563 2117 2714 2172 ergo,
2761 2109 2816 2155 et
2851 2101 2965 2153 haec
2993 2107 3048 2153 et
3077 2099 3180 2152 alia
3222 2105 3486 2166 praecepta
3536 2094 3780 2149 salubria

2191 2197 2522 2259 observanti,
2553 2195 2759 2250 devotis
2790 2193 2986 2248 animis
3031 2209 3126 2248 vos
3174 2191 3517 2261 obsequendo
3553 2192 3780 2245 obedire

2191 2299 2428 2361 oportet,
2457 2300 2515 2345 ut
2540 2289 3011 2359 irreprehensibile
3048 2288 3427 2358 placidumque
3458 2287 3550 2341 tiat
3574 2303 3780 2356 corpus

2191 2385 2463 2450 Ecclesiae,
2491 2399 2588 2454 per
2613 2383 2885 2437 Christum
2915 2382 3198 2436 Dominum
3224 2389 3490 2443 nostrum,
3519 2379 3610 2449 qui
3640 2377 3776 2432 vivit

2191 2485 2248 2531 et
2290 2484 2478 2546 regnat
2522 2489 2644 2529 cum
2692 2473 2800 2526 Deo
2834 2472 2996 2526 Patre
3044 2470 3432 2538 omnipotente,
3466 2469 3519 2521 in
3567 2468 3780 2521 unitate

2193 2565 2428 2636 Spiritus
2465 2563 2639 2620 sancti
2668 2562 2831 2630 Deus,
2870 2576 2970 2633 per
2998 2560 3177 2615 omnia
3205 2559 3398 2613 saecula
3430 2556 3776 2612 saeculorum.

2191 2657 2384 2713 Amen.

2259 2747 2587 2804 Hincmarus
2631 2753 2832 2800 sanctae
2878 2740 3194 2812 metmpolis
3238 2738 3491 2795 Ecclesize
3533 2738 3781 2792 Ithemo-

2191 2854 2313 2893 rum
2343 2838 2648 2908 episcopus,
2674 2844 2736 2891 et‘
2757 2834 2928 2904 plebis
2958 2833 3051 2888 Dei
3080 2832 3330 2893 famulus,
3360 2839 3413 2884 et
3445 2828 3780 2900 venerabilis

2191 2929 2377 2985 fratris
2406 2927 2682 2983 lledenulli
2722 2927 2773 2979 in
2801 2934 2987 2980 sancta
3024 2920 3363 2976 Landunensi
3389 2919 3652 2979 Beclcsia,
3689 2915 3802 2992 fa-_

2189 3029 2349 3078 vente
2377 3021 2473 3074 Dei
2502 3021 2701 3090 gratia,
2725 3019 3024 3079 ordinatur,
3055 3014 3139 3068 his
3178 3012 3370 3066 litteris
3399 3009 3694 3070 canonicis,
3723 2993 3808 3061 et’

2193 3111 2442 3166 ordinato
2481 3120 2536 3165 et
2579 3107 2904 3163 electoribus
2949 3105 3118 3174 ipsius
3166 3101 3376 3172 publice
3425 3099 3586 3163 datis,
3632 3111 3776 3150 anno

507 3158 753 3178 --κ-ν--ν
796 3158 847 3166 ν-
893 3158 1048 3176 ww.
1103 3158 1146 3166 —-
1191 3158 1416 3180 νι-ν---νη
1454 3158 1529 3164 -ν-
1571 3158 1894 3181 τυτνς---ηπ
1930 3158 2059 3166 ν---ν
2197 3158 2438 3166 ν--σ---νυ
2486 3158 2536 3165 ν-
2585 3158 2897 3163 --ν---ητ-
2971 3158 2984 3174 .
3166 3158 3182 3172 .
3572 3158 3582 3163 -

506 3206 646 3282 nica:
674 3205 938 3260 districtio
963 3203 1175 3274 culpam
1202 3203 1361 3258 feriat
1385 3203 1765 3272 delinquentis,
1793 3158 2584 3258 secundumclncarnationis
2645 3196 2936 3252 Dominicae
2991 3193 3115 3256 877,
3173 3206 3315 3244 anno
3375 3198 3553 3241 autem
3623 3186 3776 3256 regni

508 3296 754 3352 ordinem
799 3310 829 3349 a
877 3295 1049 3350 sacris
1089 3294 1286 3365 regulis
1324 3295 1677 3365 prepositum.
1709 3294 1775 3347 Et
1807 3301 1863 3347 ut
1899 3302 2091 3348 cuncta

507 3388 662 3445 brevi
705 3388 919 3457 cingulo
959 3387 1405 3458 perstringamus,
1437 3385 1571 3439 nihil
1601 3400 1699 3455 per
1724 3391 2090 3454 contemptum

511 3482 903 3538 contumaciter
950 3481 1135 3546 faciat,
1177 3479 1259 3534 vel
1305 3479 1421 3537 fieri
1465 3478 1518 3532 in
1548 3477 1799 3547 parochia
1836 3490 1933 3530 sua
1973 3490 2095 3544 per.

510 3571 714 3638 mittat,
741 3581 1002 3642 quantum
1035 3585 1100 3625 ex
1136 3570 1252 3640 ipso
1287 3566 1470 3634 luerit,
1503 3567 1644 3637 quod
1673 3568 1744 3621 sit
1770 3567 2095 3637 evangelicae

511 3663 751 3729 veritati,
790 3671 846 3718 et
889 3662 1195 3734 apostolica:
1228 3660 1527 3723 traditioni,
1561 3659 1852 3714 autsacris
1897 3657 2096 3729 regulis

514 3756 815 3813 inimicum.
858 3754 914 3811 Si
958 3764 1138 3811 autem
1185 3754 1386 3809 factum
1431 3751 1748 3822 contigerit,
1799 3751 2094 3820 arguendo,

513 3849 871 3912 obsecrando,
902 3845 1231 3917 increpando
1267 3845 1561 3902 secundum
1605 3842 1748 3912 quod
1784 3843 1979 3912 cuique
2012 3841 2094 3896 vi-

515 3940 656 3995 derit
696 3938 983 4008 expedire,
1003 3937 1158 4006 juxta
1205 3935 1548 3989 traditionem
1595 3931 1880 4001 majorum,
1920 3947 2096 4002 quan-

516 4038 632 4084 tum
661 4027 913 4096 potuerit,
938 4026 1228 4080 emendare
1256 4032 1528 4093 procuret.

593 4114 927 4171 Pastoralem
955 4113 1219 4183 siquidem
1245 4113 1484 4184 regulam
1508 4113 1651 4168 beati
1679 4110 1923 4189 Gregorii
1947 4126 2099 4166 men-

518 4218 596 4275 te,
629 4223 750 4275 ore,
787 4221 852 4262 ac
900 4219 1083 4270 manu,
1121 4214 1381 4275 quantum
1429 4203 1530 4258 sibi
1577 4203 1837 4258 Dominus
1867 4203 2007 4258 seire
2034 4216 2098 4258 ac

518 4316 682 4372 posse
709 4298 1020 4364 contulerit,
1052 4297 1106 4352 in
1136 4297 1344 4352 cunctis
1372 4296 1527 4366 sequi
1550 4306 1824 4372 procuret.
1854 4294 2095 4350 Ministe-

521 4371 666 4445 rium
695 4391 900 4460 itaque,
926 4398 1202 4452 ornatum,
1237 4386 1326 4442 vel
1355 4371 1763 4455 patrimonium,
1789 4393 1952 4455 atque
1979 4385 2098 4440 red-

522 4481 668 4536 ditus
708 4480 794 4535 vel
835 4480 1122 4536 facultates
1157 4478 1422 4543 ecclesiae,
1450 4485 1612 4548 prout
1652 4463 1799 4546 leges
1838 4477 2096 4532 divinitus

520 4572 874 4643 promulgatae
914 4571 1218 4641 praefigunt,
1247 4569 1462 4624 studeat
1505 4584 1851 4634 conservare,
1879 4568 2103 4639 amplia-

521 4676 604 4726 re,
637 4651 857 4732 augere,
884 4661 969 4716 vel
1012 4661 1347 4730 dispensare,
1374 4667 1428 4714 et
1457 4659 1803 4714 monasteriis
1846 4658 1899 4712 in
1941 4673 2100 4728 paro.

521 4751 646 4808 chia
698 4768 795 4808 sua
843 4752 962 4807 sitis
1005 4750 1321 4807 canonicam
1368 4749 1761 4820 providentiam
1815 4757 1998 4820 gerat,
2047 4755 2104 4802 et

519 4829 785 4920 quantum
833 4857 900 4898 ex
943 4841 1059 4912 ipso
1098 4841 1279 4908 fuerit,
1313 4839 1490 4894 debita
1532 4838 1831 4908 privilegia,
1862 4845 1917 4891 et
1961 4837 2102 4890 anti-

521 4952 685 5008 quam
723 4952 787 4991 ac
823 4935 1124 5006 regularem
1165 4932 1606 4988 consuetudinem
1647 4938 1844 4985 servet.
1873 4928 2124 4984 Ordina-.

523 5029 700 5082 tiones
726 5043 858 5081 vero
879 5023 1342 5096 presbyterorum,
1366 5030 1420 5077 et
1449 5020 1779 5076 sacrosancti
1805 5020 2096 5088 baptisma-

523 5116 596 5172 tis
629 5124 1024 5171 sacramentum
1060 5112 1354 5169 secundum
1393 5110 1738 5165 traditionem
1775 5107 2102 5164 ecclesiasti-

525 5222 643 5262 cam
675 5207 889 5262 studeat
914 5219 1093 5272 agere.

550 5371 552 5375 _
596 5297 692 5355 Cui
723 5297 886 5353 etiam
921 5296 1064 5360 licet,
1092 5295 1386 5365 inspirante
1405 5293 1582 5348 divina
1607 5292 1804 5362 gratia,
1824 5289 2102 5346 abundans

527 5389 671 5446 adsit
715 5389 984 5453 doetrina,
1022 5395 1201 5442 tamen
1245 5400 1345 5454 pro
1390 5383 1559 5438 nostri
1599 5380 1755 5436 cilicii
1797 5382 2001 5445 debito,
2037 5397 2102 5436 ex

527 5482 729 5539 scrinio
757 5489 959 5536 sancta:
998 5474 1308 5548 metropolis
1353 5474 1684 5529 Rhemorum
1725 5472 2104 5525 documentum

528 5571 661 5629 dare
703 5572 1044 5627 studebimus
1090 5568 1323 5641 qualiter
1368 5581 1447 5631 se,
1487 5571 1810 5635 cooperante
1856 5560 2103 5624 Domino,

529 5657 740 5719 murum
775 5658 1045 5728 probitate
1081 5666 1140 5712 et
1175 5655 1434 5712 doctrinae
1471 5653 1648 5709 studio
1673 5651 1869 5706 debeat
1893 5662 2102 5719 gerere.

531 5751 709 5824 Ipsum
733 5761 860 5803 vero
886 5760 996 5802 non
1032 5747 1269 5802 nescium
1297 5744 1633 5816 quod'totius
1658 5739 1946 5813 provincia
1975 5753 2102 5793 cura

2125 4515 2181 4574 Β

2195 3292 2377 3348 damni
2425 3289 2605 3346 Caroli
2652 3285 2996 3357 imperatoris
3037 3298 3254 3342 xxxvu.
3302 3290 3356 3336 et
3383 3294 3524 3334 anno
3560 3276 3776 3347 imperii

2193 3381 2311 3452 ejus
2339 3397 2398 3446 ll,
2428 3379 2740 3447 subscripsi.

2266 3473 2382 3530 Odo
2412 3471 2820 3543 Belgivacorum
2852 3469 3155 3538 episcopus,
3187 3459 3503 3531 subscripsi.

2264 3563 2612 3636 Raginclmus
2643 3557 3082 3628 Noviomagcusis
3119 3555 3420 3624 episcopus,
3455 3543 3776 3616 subscripsi.

2265 3653 2500 3713 Joannes
2549 3652 2958 3709 Cameracensis
3001 3647 3256 3704 Ecclesiae
3302 3643 3610 3714 cpiscopus,
3649 3637 3776 3692 sub-

2198 3763 2620 3894 scr\blzislllebertus
2637 3831 3053 3889 Catalaunorum
3069 3825 3294 3882 humilis
3314 3822 3622 3893 episcopus.
3652 3819 3786 3872 sub-

2200 3946 2617 4074 sciiflsdleboldus
2675 4009 3084 4070 Suessionensis
3146 4004 3400 4062 Ecclesia:
3456 4001 3783 4073 episcopus,

2199 4109 2516 4177 subscripsi.

2269 4197 2532 4255 Geroldus
2574 4191 2950 4251 Ambianensis
2993 4187 3247 4244 Ecclesia:
3289 4183 3609 4256 episcopus,
3652 4179 3786 4234 sub-

2199 4304 2304 4346 δοτι
2347 4306 2411 4343 SI.

2273 4305 2610 4435 llidebertus
2664 4370 3084 4430 Silvanectensis
3149 4367 3404 4424 Ecclesue
3461 4363 3790 4434 episcopus,

2206 4467 2524 4538 subscripsi.

2754 4571 3086 4653 EPISTOLA
3135 4567 3263 4624 Llll.

2427 4700 2494 4740 AD
2532 4693 2843 4738 FBANCONEI!
2883 4686 3229 4730 TUNGBENSEM
3269 4676 3580 4721 EPISCOPUI.

2533 4795 2780 4849 Fratrem
2803 4788 3081 4862 quemdam
3110 4781 3456 4840 commendat.

2913 4901 3089 4964 truta.)

2280 5009 2736 5068 Reverentissimo
2758 5014 2812 5060 et
2840 5000 3177 5060 sanctissimo
3203 4995 3356 5051 fratri
3382 4994 3654 5049 Funcoz’u
3683 4990 3796 5045 Ec—

2206 5100 2382 5159 clesiae
2435 5097 2764 5166 Tungrensis
2823 5093 3113 5162 episcopo,
3179 5086 3530 5145 Hmcumus,
3590 5089 3794 5136 sancta:

2207 5188 2517 5258 metropolis
2570 5186 2896 5240 Rhemorum
2957 5177 3207 5233 Ecclesiae
3258 5175 3579 5244 episc0pus,
3644 5177 3798 5236 Optat

2208 5291 2527 5354 praesentem
2551 5289 2605 5335 et
2630 5285 2942 5348 perpetuam
2967 5271 3211 5326 salutem.

2281 5370 2501 5426 Noverit
2530 5369 2720 5423 dilecta
2752 5364 2990 5420 charitas
3020 5370 3194 5413 vestra
3225 5357 3348 5425 quia
3377 5355 3468 5410 hic
3495 5352 3670 5407 frater
3701 5363 3794 5400 no—

2209 5463 2352 5517 mine
2373 5457 2650 5516 Flodultus
2669 5456 2786 5510 ideo
2804 5462 3042 5507 nostram
3065 5447 3293 5502 accessit
3318 5445 3383 5498 ad
3407 5442 3787 5498 humilitatem,

2207 5553 2330 5622 quia
2379 5552 2432 5604 in
2477 5557 2664 5604 nostro
2709 5545 2809 5600 fuit
2853 5543 2971 5597 loco
3021 5539 3257 5594 nutritus
3304 5544 3464 5604 atque
3509 5533 3790 5587 educatus.

2207 5619 2567 5712 Quamobrem
2589 5637 2868 5706 dirigimus
2886 5633 2952 5687 ad
2973 5648 3070 5687 vos
3095 5631 3193 5685 has
3213 5629 3438 5688 litteras,
3458 5631 3517 5676 ut
3538 5619 3794 5676 libentius

2208 5711 2330 5792 eum
2358 5731 2596 5788 charitas
2630 5735 2810 5782 vestra
2848 5723 3100 5793 recipiat.
3137 5721 3202 5776 Et
3233 5719 3357 5790 quia
3400 5715 3501 5772 sub
3529 5711 3790 5784 regimine
