3950 5396
83 219 178 274 277

88 433 201 480 tare
230 424 527 493 desident,
559 435 619 480 ut
659 428 844 484 sciatis
877 443 1001 485 eum
1020 429 1179 485 bonis
1200 429 1438 485 moribus
1472 426 1672 499 praedio

87 521 200 569 tum
224 555 238 578 ,
284 513 484 569 litteris
542 516 768 572 sciolum
826 526 988 589 atque
1026 517 1245 590 ingenio
1284 533 1538 589 capacem
1565 558 1581 582 .
1621 524 1678 577 et

89 614 268 663 vestro
286 607 595 677 cupientem
639 610 884 683 regimini
913 626 1033 667 esse
1062 613 1357 677 subditum,
1382 612 1436 667 in
1468 622 1678 671 vestra-

89 711 190 766 que
222 698 474 766 parocbia
506 699 703 771 degere
729 710 783 755 et
809 700 1027 757 monitis
1056 713 1217 774 atque
1249 702 1679 761 ordinationibus

90 789 285 844 vestris
309 789 499 844 diebus
534 790 656 846 vita:
679 808 792 848 sua:
837 792 1065 850 libenter
1097 795 1490 865 obtemperare.
1527 794 1595 849 Et
1621 800 1681 849 ut

90 879 206 934 lucc
230 895 391 949 parva
419 882 642 949 epistola
681 898 710 936 a
752 891 929 939 vestra
959 882 1245 941 dilectione
1270 883 1681 947 libentiusreci:

90 979 308 1047 peretur
349 978 513 1040 atque
558 972 773 1028 ﬁrmum
815 975 1147 1042 crederetur,
1193 976 1354 1046 sigilli
1403 977 1573 1032 nostri
1612 991 1680 1035 ex

95 1060 325 1141 imagine
341 1063 402 1116 Β.
419 1065 650 1137 Remigii
675 1069 943 1136 pontiﬁcis
958 1069 1309 1148 impressione
1332 1070 1678 1140 signavimus.

94 1147 443 1221 Omnipotens
470 1153 614 1210 Deus
654 1171 752 1211 vos
781 1174 876 1229 per
902 1147 1067 1214 multa
1110 1158 1377 1215 curricula
1417 1175 1682 1217 annorum

95 1253 417 1298 conservare
449 1244 723 1316 dignetur.
750 1248 940 1304 Amen.

120 1344 143 1359 ἰ
161 1327 296 1385 Data
322 1338 381 1388 tv
401 1332 525 1388 Kal.
553 1336 702 1403 Maii,
731 1352 874 1395 anno
902 1355 1004 1396 xm
1025 1341 1194 1398 nostri
1218 1342 1579 1416 episcopatus.

645 1447 982 1507 EPISTOLA
1021 1451 1153 1510 LIV.

722 1558 791 1597 AD
825 1558 1064 1599 ευιωειι.

98 1626 188 1685 Illi
215 1626 587 1690 Ciscbriudum
615 1637 994 1707 presbyterum,
1022 1647 1149 1698 data
1181 1643 1399 1716 epistola
1427 1643 1681 1718 formata,

712 1711 1061 1757 commendat-
1710 1690 1762 1757 Β

712 1711 1061 1767 commendat.

805 1817 983 1883 (ιδιά.)

166 1900 366 1969 Notum
392 1915 465 1970 sit
489 1922 684 1974 vestra:
722 1916 948 1976 almitati
985 1929 1036 1978 et
1061 1923 1325 1982 omnibus
1359 1926 1687 1999 hominibus,

111 2001 373 2058 Icemiam
395 2002 611 2061 dedisse
632 2007 786 2062 nobis
808 2011 1066 2079 parochia
1080 2023 1290 2079 vestra,
1310 2024 1367 2071 et
1386 2017 1692 2089 ubicunque

98 2094 330 2151 valuerit
355 2097 750 2170 presbyterum,
791 2117 953 2172 quem
1002 2104 1247 2161 ordinavi
1276 2107 1332 2162 in
1359 2108 1582 2169 Rbetnis
1617 2111 1694 2167 ci-

101 2186 293 2252 vitate,
346 2188 565 2244 nomine
603 2189 1006 2258 Giscbrindum,
1044 2196 1403 2252 ministerium
1444 2200 1695 2257 sacerdo-

100 2273 201 2329 tale
251 2274 498 2347 fungere,
545 2277 589 2332 si
638 2288 818 2334 vestra
859 2280 1093 2338 adfuerit
1134 2300 1293 2340 sacra
1333 2286 1600 2352 voluntas,
1642 2298 1698 2345 et

102 2363 336 2420 aliorum
377 2368 466 2421 ubi
509 2367 581 2422 illi
617 2385 914 2441 congruum
941 2376 1276 2444 perspexerit
1303 2376 1565 2432 bonorum
1601 2378 1700 2434 bo-

103 2455 338 2512 minum.
362 2457 478 2525 Qua
502 2459 567 2514 de
597 2475 654 2515 re
676 2462 825 2518 missi
851 2464 917 2517 ad
942 2479 1037 2520 vos
1059 2466 1160 2521 bos
1181 2467 1380 2536 apices,
1404 2471 1699 2525 secundum

102 2548 424 2617 petitionem
462 2551 754 2619 supradicti
798 2553 1123 2626 presbyteri,
1153 2565 1213 2612 ut
1250 2566 1306 2613 et
1343 2573 1442 2615 vos
1475 2576 1703 2618 consen-

104 2654 219 2694 sum
271 2640 325 2695 ei
367 2647 422 2695 et
446 2639 715 2698 licentiam
746 2644 884 2700 detis
913 2647 1271 2705 ministerium
1299 2652 1704 2722 presbyteratus

101 2727 273 2800 fungi,
302 2737 360 2785 et
398 2738 456 2784 ut
492 2731 697 2788 certius
722 2737 1081 2806 cognoscatis,
1126 2741 1424 2799 secundum
1464 2744 1703 2799 auctori-

106 2822 275 2877 tatem
317 2823 635 2878 canonicam
660 2823 945 2887 formatam
976 2828 1202 2889 fecimus
1237 2834 1543 2902 epistolam,
1570 2847 1626 2892 et
1654 2837 1706 2894 ei

104 2915 384 2979 dedimus,
423 2914 718 2987 Caecaque
764 2919 1028 2977 elementa
1075 2924 1175 2979 sibi
1224 2927 1603 2985 annotaviutus
1646 2942 1703 2988 tt.

98 3012 161 3057 Χ.
190 3013 251 3059 Υ.
285 3000 497 3059 Nomen
527 3019 704 3061 meum
743 3017 779 3062 tt
826 3007 1061 3066 litteram
1105 3013 1357 3083 primam,
1405 3024 1461 3071 et
1507 3033 1704 3076 nomen
1733 3036 1779 3099 ρ

102 3104 356 3157 vestrum
380 3096 674 3153 secundam
702 3108 1024 3157 annotatnus
1048 3103 1283 3160 litteram
1301 3118 1365 3172 ο,
1388 3115 1445 3162 et
1471 3110 1706 3168 civitatis

101 3201 241 3242 meze
285 3186 525 3244 litteram
570 3189 785 3246 tertiam
824 3204 892 3257 Μ,
922 3201 977 3247 et
1008 3204 1200 3251 vestrae
1220 3207 1468 3268 quartam
1506 3200 1570 3255 F.
1603 3200 1708 3258 Va-

100 3274 215 3332 leat
237 3278 532 3350 vigeatque
559 3290 739 3337 vestra
790 3284 1092 3356 proprietas
1134 3285 1188 3343 in
1227 3302 1401 3345 aevum
1437 3298 1706 3361 optamus,

100 3371 450 3428 venerande.

177 3457 251 3513 II.
299 3459 366 3514 Τ.
406 3460 468 3515 Ρ.
503 3461 571 3517 Χ.
597 3462 663 3518 II.
688 3462 754 3523 0.
795 3464 865 3520 Μ.
904 3466 967 3523 F.
1008 3465 1074 3523 Υ.
1103 3468 1168 3527 II.
1208 3468 1400 3529 CCCC.
1438 3471 1551 3529 XL.
1592 3473 1702 3532 DC.

103 3545 221 3604 XC.
270 3550 362 3606 III.
402 3550 516 3608 LX.
557 3554 709 3611 DCC.
750 3557 883 3612 VIII.

678 3671 1014 3733 EPISTOLA
1053 3673 1163 3731 LV.

350 3773 420 3817 AD
456 3774 737 3817 EPISCOPOS
781 3778 1077 3819 PIOVINCIE
1119 3780 1494 3825 LUGDUNENSIS.

104 3872 184 3927 De
198 3870 578 3929 Carlomrmuo
591 3874 805 3946 ejusque
820 3876 1158 3946 complicibus
1174 3880 1708 3937 excommunicaudis.

687 3966 851 4028 (Apud
886 3967 1152 4031 Sirmond.)

182 4074 544 4151 "Incussus,
585 4088 919 4144 lllwmorum
968 4090 1254 4162 cpiscopus
1288 4106 1354 4145 ac
1395 4091 1568 4163 plebis
1612 4092 1710 4150 Dei

114 4174 401 4238 famulus,
454 4192 575 4232 cum
623 4178 958 4234 Rhemornm
991 4180 1286 4236 dioecescos
1311 4182 1712 4240 venerabilibus

111 4269 620 4351 consacerdotibus‘
657 4271 893 4335 nostris,
948 4270 1215 4336 Rsutcto,
1272 4272 1711 4329 reverentissimo

112 4355 566 4428 Lugdunensium
591 4362 1015 4433 archiepiscopo,
1035 4372 1091 4418 et
1110 4363 1278 4433 ipsius
1297 4363 1597 4420 dioeceseos
1621 4378 1715 4425 νε-
1743 4380 1793 4439 ι)

116 4450 391 4505 nerandis
419 4454 685 4526 episcopis
711 4455 962 4511 salutem.

191 4543 631 4613 Carlomannus,
683 4549 864 4602 domui
906 4548 1073 4602 nostri
1116 4548 1297 4603 Caroli
1328 4548 1472 4619 regis
1496 4548 1716 4621 gloriosi

123 4651 300 4692 carne
355 4636 496 4693 ﬁlius
516 4679 531 4703 ,
561 4639 613 4694 in
642 4639 866 4694 diteccsi
908 4636 1241 4693 Rbemorum
1272 4636 1478 4708 Spiritu
1527 4649 1718 4696 sancto

125 4736 517 4800 regeneratus,
554 4739 609 4786 et
650 4747 680 4786 a
732 4739 887 4801 patre
920 4744 1081 4785 sacro
1124 4729 1281 4785 altari
1308 4729 1559 4796 oblatus,
1596 4730 1722 4787 reli-

131 4817 305 4888 giosis
357 4818 523 4874 divini
554 4821 757 4877 servitii
810 4819 1085 4888 obsequiis
1117 4819 1512 4888 mancipandus
1546 4834 1613 4876 ac
1662 4820 1719 4877 in

133 4906 405 4983 clericum
435 4916 653 4976 tonsus,
682 4910 736 4965 in
766 4909 986 4965 dimcesi
1033 4922 1162 4965 vero
1197 4908 1532 4977 Senouensi,
1562 4918 1620 4966 et
1659 4910 1719 4967 in

1511 221 1888 283 EPIS’I'OUE.
2394 266 2399 271 ι

86 342 259 388 vestio
289 330 495 391 abhinc
528 331 584 391 In
617 343 744 392 ante
785 337 984 410 gradus
1011 336 1259 409 accipere
1283 344 1337 396 et
1374 337 1484 394 Deo
1525 333 1672 391 mili-
1698 337 1747 396 Δ
1777 338 1906 406 riis,
1959 347 2015 398 et
2054 341 2409 401 ecclesiarum
2457 344 2873 415 violationlbus,
2902 345 3133 420 aliisque
3157 362 3359 420 quanta

3244 237 3364 311 ιη

1776 432 2024 504 plurimis
2048 434 2267 506 ﬂagitiis
2286 452 2350 493 ac
2371 438 2703 496 facinoribus
2721 480 2735 506 ,
2755 455 2878 511 quae
2902 440 3168 497 diabolica
3195 442 3357 499 iasti~

1775 522 1991 593 gatioue
2013 534 2069 579 et
2091 526 2327 581 humana
2353 527 2670 583 crudelitate
2691 536 2917 598 possunt
2936 529 3162 599 patrari.
3178 529 3361 600 Quem

1777 614 1865 683 pie
1890 613 2119 669 domnus
2161 624 2348 672 noster
2394 632 2492 672 rex
2534 616 2795 685 Carolus,
2838 619 2935 675 sed
2960 628 3020 676 et
3062 620 3358 693 complices

1778 709 1896 777 ejus
1940 711 2172 782 benigne
2212 729 2278 768 ac
2325 714 2774 783 misericorditer,
2807 718 2948 773 sicut
2993 719 3046 773 in
3093 721 3359 775 mandato:

1780 801 1923 870 quod
1952 802 2032 857 eis
2056 803 2331 859 direxerat
2356 806 2582 875 potestis
2616 807 2889 879 relegere,
2933 818 3127 879 quater
3151 811 3359 866 studuit

1781 908 2059 950 revocare.
2088 894 2286 951 Verum
2320 906 2376 952 et
2400 912 2500 969 ego
2529 896 2854 956 Hincmarus
2877 900 3209 956 Rhemorum
3240 901 3357 971 epi-

1781 1001 2008 1056 scopus,
2038 987 2184 1044 illum
2208 1003 2273 1043 ac
2298 1004 2425 1045 suos
2449 990 2709 1048 satellites
2744 1006 2841 1063 per
2865 995 3130 1064 meips'um
3165 1008 3266 1049 ore
3289 992 3363 1048 ad

1782 1095 1845 1138 os
1874 1090 1955 1136 ter
1984 1081 2293 1152 alloquens,
2319 1091 2376 1137 et
2415 1090 2599 1153 postea
2628 1093 2822 1154 quarta
2848 1085 2966 1140 vice
3010 1099 3111 1155 per
3128 1084 3359 1139 commi-

1783 1170 2016 1229 nistrum
2061 1179 2339 1237 nostrum,
2370 1184 2477 1229 una
2519 1187 2642 1228 cum
2690 1172 3010 1243 quibusdam
3046 1172 3267 1244 collegis
3307 1178 3369 1227 et

1785 1262 2120 1334 coepiscopis
2160 1263 2391 1331 nostris,
2419 1280 2544 1320 eum
2585 1273 2640 1320 et
2684 1279 2813 1320 suos
2841 1265 3128 1335 complices
3151 1263 3368 1336 publico

1786 1352 2117 1409 commoneri
2144 1350 2383 1419 faciens,
2426 1364 2691 1423 quantum
2718 1344 2851 1409 mihi
2872 1342 3151 1409 Dominus
3185 1340 3364 1421 dedit,

1786 1453 1843 1500 et
1868 1446 2186 1503 suavitatem
2218 1445 2366 1517 regni
2394 1445 2653 1511 caelestis,
2687 1453 2742 1500 et
2769 1456 3096 1501 aeternorum
3122 1452 3367 1501 tormen-

1789 1546 1968 1601 torum
2014 1546 2279 1599 terrorem
2311 1536 2418 1591 illis
2443 1537 2730 1608 proposui,
2766 1546 2822 1591 et
2852 1551 3010 1606 quam
3046 1535 3364 1607 gravissime

1792 1626 1961 1682 Deum
1987 1626 2101 1695 ipse
2122 1625 2410 1681 oITenderit
2439 1625 2491 1681 in
2522 1626 2691 1696 patris
2721 1626 2803 1681 sui
2849 1641 2913 1681 ac
2941 1633 3146 1681 sanctae
3184 1622 3370 1691 Eccle-

1788 1717 1885 1773 siae
1917 1716 2190 1787 totiusque
2232 1715 2655 1772 Christianitatis
2696 1715 2934 1781 Iresione,
2977 1723 3140 1786 atque
3186 1720 3371 1784 rapto—

1789 1825 1911 1864 rum
1952 1824 1982 1863 a
2009 1822 2069 1864 se
2097 1817 2544 1879 congregatorum
2593 1798 2949 1863 consensione
2995 1814 3157 1876 atque
3184 1805 3389 1859 favore“

1788 1898 2033 1965 ostendi,
2060 1907 2117 1953 et
2153 1898 2199 1952 si
2232 1896 2370 1952 mala
2400 1904 2576 1968 coepta
2623 1896 2934 1962 desereret,
2960 1904 3018 1951 et
3034 1890 3114 1952 "ad
3138 1894 3369 1964 patrem

1790 2003 1948 2043 suum
1993 1988 2229 2051 rediret,
2252 2002 2415 2057 quam
2462 1985 2699 2056 benigne
2726 1984 2875 2043 illum
2910 1993 2966 2039 et
3001 1982 3369 2041 ecclesiastica

1790 2075 1967 2146 pietas
2012 2083 2071 2129 et
2116 2084 2375 2147 paternus
2423 2073 2648 2130 affectus
2695 2074 2974 2129 debuisset
3003 2073 3245 2143 recipere
3275 2072 3368 2127 de-

1795 2166 2125 2227 monstravi,
2159 2174 2214 2220 et
2238 2181 2357 2235 quae
2383 2164 2668 2221 clementia
2713 2164 2819 2219 illis
2849 2164 2940 2233 qui
2969 2178 3092 2220 cum
3118 2178 3184 2219 eo
3215 2170 3372 2217 erant

1795 2255 2122 2311 offerebatur
2148 2255 2392 2321 innotui,
2418 2264 2473 2309 et
2505 2257 2548 2311 si
2579 2257 2695 2311 Iuec
2724 2255 3021 2326 negligeret
3039 2294 3054 2319 ,
3077 2253 3160 2307 vel
3188 2241 3370 2322 despi-

1796 2356 2171 2416 ceret,atque
2217 2347 2272 2403 in
2313 2347 2597 2417 apostasia;
2637 2352 2750 2402 suae
2790 2354 2965 2416 coepta
3013 2344 3387 2400 obstinatione-

1798 2450 2148 2506 perseverare
2176 2437 2291 2506 ipse
2324 2444 2380 2491 et
2407 2437 2699 2506 complices
2728 2435 2808 2491 sui
2841 2434 3170 2505 deligerent,
3202 2430 3379 2487 incul‘

1801 2527 1917 2581 cavi
1960 2527 2041 2582 eis
2078 2526 2312 2595 qualiter
2336 2534 2460 2596 post
2487 2527 2625 2583 hanc
2649 2534 2897 2595 quartam
2924 2523 3383 2588 conventionem,.
3478 2548 3493 2567 κ

1802 2617 2097 2671 secundum
2124 2624 2451 2685 praeceptum
2482 2614 2694 2671 Domini
2739 2614 2878 2670 sicut
2921 2610 3169 2669 ethnicus
3195 2620 3252 2666 et
3276 2627 3377 2682 pus

1802 2706 2045 2763 blicanus
2065 2706 2245 2762 forent
2270 2706 2425 2763 nobis
2447 2706 2699 2772 habendi,
2722 2714 2777 2761 et
2796 2704 2971 2774 gladio
2992 2704 3214 2775 spiritus
3233 2702 3382 2774 quod

1803 2808 1888 2856 est
1912 2800 2139 2855 verbum
2167 2799 2260 2854 Dei
2293 2797 2583 2870 episcopali
2617 2798 2938 2855 auctoritate
2962 2793 3256 2852 secundum
3287 2807 3384 2849 sad-

1806 2905 1931 2947 cros
1964 2905 2230 2955 canones,
2262 2890 2453 2960 spiritu
2486 2889 2578 2945 Dei
2608 2887 2887 2955 conditos,
2916 2895 2972 2945 et
3003 2886 3167 2942 totius
3194 2882 3380 2940 mundi

1810 2982 2116 3037 reverentia
2158 2989 2538 3047 consecratos,
2578 2979 2840 3050 juxtaque
2883 2977 3192 3057 apostolica:
3237 2975 3384 3031 sedis

1810 3072 2025 3127 decreta
2056 3063 2400 3143 pontiﬁcum,
2426 3079 2488 3126 ut
2530 3085 2720 3127 revera
2765 3077 3061 3140 apostatte,
3090 3083 3121 3123 a
3158 3079 3387 3139 corpore

1807 3172 1861 3217 et
1889 3162 2151 3234 sanguine
2175 3160 2407 3226 Domini,
2431 3154 2594 3230 atque
2614 3161 2819 3215 unitate
2844 3158 3089 3230 corporis
3108 3155 3387 3222 Ecclesim,

1807 3255 2050 3311 omnium
2080 3254 2332 3310 videlicet
2360 3252 2598 3309 ﬁdelium
2647 3252 2847 3311 Cliristi
2879 3251 3170 3316 societate,
3201 3255 3388 3306 essent

1808 3344 1984 3401 modis
2008 3340 2259 3399 omnibus
2285 3341 2619 3398 abscidendi.
2654 3342 2857 3409 Quem,
2888 3341 2983 3398 sed
3021 3348 3077 3396 et
3121 3335 3385 3408 quosdam

1811 3442 1964 3502 suos,
1993 3449 2095 3488 nec
2116 3434 2394 3489 intentatte.
2416 3444 2590 3504 paenae
2616 3439 2955 3499 terruerunt,
2985 3446 3086 3487 nec
3111 3428 3396 3501 promissa

1812 3522 2125 3582 dulcedines
2152 3522 2539 3577 invuaverunt.
2569 3520 2638 3575 Et
2675 3519 2830 3583 ideo,
2877 3519 3018 3588 quod
3045 3518 3235 3575 ﬂentes
3259 3516 3394 3573 dici-

1809 3628 1962 3678 mus,
1993 3620 2271 3683 gementes
2298 3609 2718 3673 denuntiamus,
2763 3607 3051 3679 complices
3092 3605 3265 3672 illius,
3297 3606 3392 3674 qui

1812 3711 1938 3760 Sunt
1984 3702 2053 3757 de
2103 3699 2397 3755 Bhemensi
2424 3698 2679 3764 dioecesi,
2723 3705 2780 3754 et
2826 3704 3027 3753 nostra:
3077 3702 3204 3751 sunt
3248 3709 3395 3751 cura

1812 3792 2113 3860 commissi,
2145 3806 2209 3847 ac
2242 3789 2295 3846 in
2324 3789 2527 3846 nostris
2569 3789 2842 3861 parocbiis
2872 3796 3018 3844 tanta
3062 3795 3120 3843 et
3151 3784 3301 3853 talia,
3335 3792 3401 3843 ut

1811 3872 2193 3956 prtemisimus,
2223 3880 2451 3937 crimina
2497 3880 2909 3945 commiserunt,
2949 3886 3005 3933 et
3046 3876 3205 3932 toties
3245 3889 3396 3933 com.

1814 3976 2004 4034 moniti
2064 3975 2385 4046 resipisccre
2431 3989 2460 4028 a
2511 3972 2704 4046 coeptis
2750 3970 2934 4038 malis,
2986 3979 3043 4026 ct
3090 3969 3159 4025 ad
3216 3968 3400 4024 sinunt

1811 4069 1915 4141 piae
1935 4067 2125 4125 matris
2139 4065 2396 4122 Ecclesiae
2417 4064 2594 4121 redire
2614 4071 2674 4118 ut
2693 4061 3067 4117 satisfacerent
3083 4059 3415 4133 noluerunt”

1813 4160 1909 4215 sed
1958 4158 2011 4212 in
2057 4156 2243 4227 pejus,
2276 4155 2420 4226 quod
2465 4155 2611 4209 dictu
2657 4151 2808 4208 nefas
2850 4160 2963 4217 est,
3007 4158 3411 4215 cxcreverunt,

1813 4250 1942 4326 quia
1970 4249 2113 4305 sicut
2158 4248 2296 4303 dicit
2332 4245 2653 4317 Apostolus,
2684 4241 2987 4311 liujusmodi
3040 4256 3263 4313 regnum
3306 4238 3404 4293 Dei

1821 4359 1926 4399 non
1960 4340 2345 4411 possidebunt,
2393 4346 2608 4393 etcum
2660 4334 2856 4389 talibus
2901 4340 3049 4387 vetat
3096 4330 3180 4387 vel
3226 4330 3408 4386 cibum

1823 4447 2075 4498 sumere,
2101 4429 2309 4502 judicio
2358 4428 2530 4483 sancti
2562 4424 2799 4496 Spiritus
2839 4438 2870 4477 a
2918 4435 3146 4501 corpore
3186 4428 3242 4476 et
3280 4435 3407 4475 san-

1823 4526 1986 4596 guine
2009 4520 2245 4585 Domini,
2270 4529 2324 4575 et
2346 4518 2782 4574 Christianorum
2808 4514 3067 4570 societate
3091 4520 3255 4583 atque
3279 4526 3410 4567 con-

1827 4608 2000 4677 sortio
2026 4627 2404 4688 segregamus,
2434 4619 2489 4666 et
2516 4607 2808 4680 episcopali
2835 4605 3159 4663 auctoritate
3179 4645 3199 4671 ,
3227 4610 3349 4675 post
3381 4618 3411 4656 ν

1820 4710 1953 4766 Idus
1980 4707 2137 4763 Mart.
2174 4702 2453 4775 praesentis
2484 4706 2691 4771 quartae
2720 4696 3135 4763 indictionis,si
3161 4710 3220 4751 se
3250 4701 3412 4749 antea

1829 4816 1938 4856 non
1978 4795 2355 4858 correxerint,
2382 4791 2749 4855 secernimus;
2783 4788 2956 4845 donec
2983 4787 3026 4843 si
3059 4785 3234 4849 forte,
3252 4781 3411 4852 juxta

1825 4894 2077 4950 eumdem
2128 4884 2479 4958 Apostolum,
2516 4897 2612 4939 eos
2655 4879 2953 4950 reSpiciens
2998 4876 3088 4932 det
3136 4873 3241 4930 illis
3270 4872 3414 4927 Deus

133 4971 404 5070 parrochia
452 4965 706 5057 Meldensi
753 4999 822 5055 ab
856 4998 1165 5069 llildegario
1194 4965 1723 5068 ejttsdemncivitatis
1825 4977 2258 5070 1)(ΞέιιίιεειηιίτίητεΔ
2292 4980 2352 5027 ιιι
2380 4971 2600 5070 ειᾱηθὶυε
2646 4969 2979 5070 voluntatem
3016 4965 3415 5070 resipiscantna

136 5090 402 5163 religioso
426 5091 677 5162 episcopo
702 5103 800 5160 per
824 5089 1066 5161 singulos
1090 5088 1293 5159 gradus
1331 5102 1500 5158 usque
1524 5089 1593 5144 ad
1633 5104 1727 5143 or—

1827 5072 2038 5143 laqueis
2062 5066 2296 5133 diaboli,
2322 5080 2354 5120 a
2381 5065 2576 5136 quibus
2616 5062 3075 5131 captitenentur,
3114 5064 3169 5109 et
3214 5070 3310 5126 per
3334 5053 3437 5135 (Ιί-¹

352 5144 359 5146 ⁷
742 5144 1056 5251 muscam,
1088 5144 1262 5250 :mper
1306 5193 1336 5232 θ
1378 5144 1564 5249 plus“
1600 5187 1741 5249 post!
1830 5178 1968 5249 gnos
1994 5157 2339 5251 pcenitcntize
2360 5156 2565 5251 fructus
2596 5150 2941 5251 satis-faciant
2966 5144 3222 5251 Ecclesia:
3250 5160 3417 5251 qu'am

135 5270 381 5341 plurima
409 5271 759 5342 benignitatis
779 5284 844 5325 ac
869 5269 1264 5327 beneﬁcientite
1303 5268 1443 5324 dona
1484 5270 1590 5329 sibi
1616 5267 1728 5325 colo

138 5358 250 5396 Itala
326 5358 447 5396 fama
478 5361 654 5396 Iunone
691 5363 1033 5396 ρηιιηιοοηηνῖι

1063 5375 1248 5396 cnnnrn
1289 5358 1547 5396 nisu-imm
1590 5359 1731 5396 ﬂlinn

1834 5234 2130 5321 laeserunt,
2160 5267 2225 5320 ea
2253 5248 2506 5305 videlicet
2534 5243 2842 5303 conditione
2888 5249 2948 5294 ut
2984 5235 3279 5325 secundum
3309 5234 3431 5305 for-5

1836 5370 1981 5396 mam
2027 5348 2242 5396 mvslici
2285 5344 2489 5396 Νίσαξυί
2529 5337 2751 5396 concilii
2798 5344 2853 5388 et
2897 5332 3096 5386 Africa:
3125 5329 3437 5396 ιιι-ονίηοιιε-
