3950 5396
551 351 656 410 287
1417 351 1420 354 ’
1519 353 1850 410 HINCMARI
1887 351 2111 408 [HIEME

2314 351 2829 410 ARClllEPlSCOPl
2883 371 2888 374 '
3716 352 3816 409 εει

931 465 1365 526 TITULATIO
1410 465 1768 528 METRICA
1851 467 1855 470 ’
2170 467 2220 527 Α
2248 463 2454 534 Smpius
2478 475 2733 536 expertus
2760 482 2921 538 quam
2962 469 3034 522 sit
3069 467 3305 522 laudatio
3340 467 3446 520 fixa

969 599 972 605 ·
1050 583 1646 641 COMPILATIONIS
2181 555 2188 560 ’
2297 554 2443 626 Haec
2475 566 2526 610 tu

2181 555 2188 560 ’
2297 554 2443 626 ,11ωο
2475 566 2586 622 tua,
2611 573 2732 627 qnze
2757 559 2929 612 variat
2955 567 3196 628 tempore
3223 567 3279 612 et
3312 574 3408 612 ore
3435 557 3619 612 simul.

643 699 655 718 ,
683 717 689 718 γ
722 717 729 718 γ
760 716 787 718 __
953 697 979 718 ,
1005 695 1197 718 AM,“
1564 715 1578 718 _
1599 716 1615 718 _
1639 695 1695 718 μ,
1743 693 1815 718 Δ,
2173 681 2178 691 ι
2246 647 2356 702 Sed
2375 649 2609 716 prudens
2633 650 2814 702 animo
2837 650 3041 718 pariter
3070 663 3177 703 non
3205 649 3384 704 omnia
3415 647 3647 718 profert,

564 698 896 760 Hincmari
939 695 1367 756 Laudunmsi's
1416 695 1695 774 episcopi
1733 693 1815 755 ad
1853 695 2175 755 domnum~
2247 693 2353 702 "‘-
2375 693 2608 757 ¹’.’“ἷ”’“’
2633 693 2812 702 “”’“’”
2837 693 3031 718 "mm
3070 693 3177 703 ””“
3208 693 3384 704 VM"—
3415 693 3467 718 ¹”

1003 773 1292 814 ρηνηιηη,
1323 793 1518 814 “mm
1551 775 1689 814 ερη,
1803 810 1806 812 γ
2180 801 2182 804 ,
2293 745 2416 811 ,ρυι
2448 746 2678 800 discreta
2713 753 2857 798 tenet
2885 754 3125 814 tempora
3157 752 3338 798 mente
3363 759 3480 796 sua.

1803 810 1806 812 Ἴ
2180 801 2182 804 ν
2293 773 2416 811 ,υιιι
2448 773 2678 800 υιδωυιᾱι
2713 773 2857 798 ιυιιυι
2886 773 3125 825 ιῦιιιμυιῑι
3158 773 3338 798 ιιιῦιιισ
3363 773 3480 796 aua-

2245 834 2311 888 Et
2338 835 2487 904 pardi
2519 835 2708 904 pellem
2735 851 2964 890 noscens
2989 844 3039 889 te
3061 835 3305 903 linquere
3331 833 3502 898 nolle,

564 933 671 988 lste
701 933 976 1003 pitatiolus
1009 933 1166 1003 plane
1201 935 1467 1004 depromit
1497 943 1551 990 et
1586 944 1708 1005 apte
1735 975 1750 1000 ,
2289 925 2560 990 QSnstinet
2587 933 2645 977 ut
2673 917 3150 1003 propriis’c'asibus
3179 918 3290 993 ipse
3307 939 3465 1005 ruas.

636 1001 831 1077 Sedem
861 1001 1228 1094 appellandam
1267 1001 1433 1080 libere
1469 1001 1820 1096 apostolicam
1843 1067 1858 1092 ,
2173 1039 2180 1048 ι
2245 1012 2504 1082 Congeris
2524 1022 2580 1067 et
2606 1001 2852 1083 qumdam
2882 1016 3094 1069 tibimet
3117 1007 3237 1084 quae
3265 1001 3417 1096 valde
3447 1013 3738 1078 resistunt,

563 1115 705 1180 Quin
735 1116 1092 1184 appellantem
1117 1117 1257 1172 haud
1289 1118 1478 1173 vinclis
1508 1121 1740 1174 artaricr
1764 1116 1908 1186 ullis,
1943 1117 1954 1167 ξ

2285 1165 2288 1168 ,
2319 1103 2505 1187 Teque
2539 1105 2710 1192 magis
2736 1114 2998 1182 pungunt,
3031 1120 3154 1177 qua:
3181 1104 3275 1182 tibi
3304 1113 3454 1172 grata
3487 1111 3671 1172 putas.

636 1207 973 1277 Responsum
1005 1225 1034 1264 a
1063 1211 1242 1263 vincto
1273 1209 1376 1264 rite’
1405 1226 1506 1265 nec
1534 1211 1759 1281 exigier.
1829 1223 1834 1228 ·
2169 1219 2174 1226 ’
2247 1197 2411 1251 Multa
2440 1198 2658 1268 quidem
2683 1214 2749 1252 ex
2775 1198 2966 1281 studiis
2990 1214 3021 1251 a
3046 1207 3098 1253 te
3123 1197 3342 1251 dimissa
3373 1196 3648 1278 videntur,

562 1297 840 1366 Arcliique
871 1300 1110 1368 pontifici
1137 1301 1418 1371 distinguit
1439 1293 1637 1370 juSque
1663 1303 1989 1372 modumque
2316 1291 2446 1358 011³)
2472 1284 2599 1361 «ιυῑὸ
2628 1291 2950 1375 βοηιηθιηηῑξ.
2978 1284 3165 1345 {Pande
3190 1289 3420 1359 ἀοῖοίιυθ
3448 1297 3623 1375 lace!“

637 1386 771 1442 Cum
800 1390 1241 1460 comprmsulibus
1266 1407 1363 1446 ceu
1394 1401 1570 1447 teneat
1596 1393 1828 1448 sobrius.
2246 1380 2494 1450 llnpurus
2521 1380 2767 1460 quadam
2799 1373 3038 1460 falsasti;
3058 1381 3352 1442 immittere
3393 1373 3622 1434 mendas

565 1479 754 1547 Sitque
780 1481 869 1550 pio
897 1483 1007 1552 regi
1037 1484 1230 1537 Carolo
1256 1471 1384 1553 pax,
1415 1470 1549 1549 vita,
1575 1495 1839 1554 potestas,
2283 1475 2290 1482 ’
2326 1471 2440 1548 Non
2480 1472 2706 1536 νενίιυε»
2742 1473 2998 1541 quoniam
3031 1463 3134 1524 ηση
3165 1470 3260 1524 tibi
3286 1484 3419 1549 ρυνε
3446 1468 3687 1539 Placem-

635 1571 736 1636 Qui
771 1574 971 1638 probus
998 1575 1111 1629 lucc
1136 1591 1366 1630 cernens
1395 1592 1503 1646 ριιω
1528 1578 1794 1646 probitate
1822 1578 2014 1649 prong
2249 1559 2385 1615 Nam
2416 1576 2572 1615 sacra
2603 1561 2926 1630 depromunt
2957 1555 3242 1614 canonum
3269 1558 3490 1613 decreta
3520 1565 3794 1627 patenter,

565 1659 661 1713 cui
695 1662 740 1716 si
768 1665 1059 1734 surripitur
1083 1666 1336 1721 humanis
1366 1667 1574 1721 nisibus
1601 1662 1759 1735 ullis,
2285 1660 2288 1662 ‘
2319 1652 2560 1723 Juraque
2582 1654 2910 1709 conﬁrmant
2936 1652 3078 1707 sedis
3103 1650 3434 1721 apostolicae.
3480 1665 3484 1670 ‘

632 1758 911 1816 Cassando
939 1757 1112 1822 reicit,
1139 1772 1226 1812 res
1253 1757 1339 1812 ubi
1368 1768 1513 1812 certa
1545 1759 1700 1813 redit.
2252 1745 2732 1816 Μριτοροιὶιοηυῐη
2773 1759 2960 1799 curam
2992 1742 3227 1814 τθεῐοηῖε
3251 1741 3471 1807 habere:

564 1851 659 1906 Sic
691 1866 786 1905 sua
815 1865 968 1903 mens
992 1850 1126 1903 adeo
1155 1849 1267 1902 veri
1299 1848 1540 1904 deferret
1566 1866 1753 1905 amore

2177 1830 2222 1890 Β
2325 1835 2392 1891 Ut
2419 1835 2603 1906 prtesit
2623 1834 2813 1890 sollers
2837 1849 2931 1914 ore
2957 1847 3225 1902 manuque
3251 1847 3415 1902 sagax
3442 1832 3455 1895 ,

641 1940 807 1998 Recte
842 1940 1209 2014 frustrandum
1241 1956 1308 1996 ne
1339 1941 1480 1996 sinat
1507 1957 1627 1996 esse
1660 1951 1858 1996 ratum.
2157 1943 2162 1948 ’

2157 1943 2162 1948 δ
2247 1925 2329 1979 Ad
2355 1940 2517 1994 quem
2541 1933 2870 1980 concurrant
2892 1939 3226 1994 quaecunque
3249 1922 3460 1993 negotia
3481 1920 3621 1988 juris

582 2031 824 2101 Namque
853 2032 1090 2086 animum
1119 2024 1298 2087 servat
1321 2033 1470 2087 mitis
1491 2034 1755 2102 sapientia
1787 2035 2003 2100 fortem,

2273 2032 2278 2037 ’
2320 2014 2514 2068 Cuncti
2556 2024 2863 2084 poscentes,
2890 2015 3172 2084 prmminet
3201 2015 3316 2084 ipse
3343 2013 3581 2083 quidem.

641 2123 756 2176 Pne
785 2123 996 2178 cunctis
1025 2123 1239 2192 proprie
1267 2139 1424 2192 quem
1457 2101 1673 2178 redimit
1701 2125 1894 2194 pietas.
2252 2101 2516 2175 “camille
2538 2105 2640 2158 5"”
2666 2104 2820 2173 (illius
2847 2112 3064 2160 οοηδιθῑ
3087 2103 3364 2174 υτονίηοίει
3394 2111 3527 2168 ιοίίδν

568 2213 614 2268 0
644 2229 801 2281 quam
831 2228 922 2266 rex
957 2212 1102 2278 felix,
1134 2213 1392 2266 virtutum
1424 2196 1580 2268 fortis.
1602 2199 1844 2279 amator,

2327 2194 2389 2250 Ut
2415 2197 2618 2251 sanctis
2641 2212 2853 2267 semper
2879 2197 3088 2266 legibus
3112 2204 3258 2264 aptet
3281 2210 3422 2248 eam.

603 2325 606 2328 .
641 2304 773 2358 Tam
799 2305 937 2360 bene
965 2321 1125 2374 quem
1157 2302 1514 2374 superm‘soja
1548 2306 1674 2360 boni
1706 2307 1876 2375 pietas
1901 2309 1914 2360 ε
2253 2286 2434 2342 Rebus
2478 2288 2530 2341 in
2557 2287 2822 2350 obscuris,
2851 2287 3028 2342 dubiis
3058 2302 3293 2356 quoque,
3324 2294 3473 2340 certa
3501 2286 3763 2356 requirat,

567 2399 638 2453 At
668 2407 737 2459 te,
769 2397 1004 2460 Christe,
1037 2397 1206 2451 Deum
1238 2413 1466 2452 noscens
1495 2398 1622 2452 dum
1651 2397 1827 2466 diligit
1865 2397 2005 2454 ultro
2025 2439 2041 2464 ,
2325 2376 2564 2432 εοηδίιίο
2588 2377 2814 2431 "mrum
2843 2379 3029 2447 Sicque
3067 2379 3294 2431 tenenda
3324 2377 3481 2448 '38:“-

641 2487 773 2554 Quze
808 2488 1018 2555 spernis
1049 2487 1279 2557 spernit,
1309 2502 1428 2556 qua:
1453 2488 1646 2542 statuis
1675 2489 1882 2552 statuit,

2252 2469 2383 2536 Quae
2414 2469 2681 2538 scriptura
2716 2479 2912 2534 tamen,
2941 2477 3249 2524 sanctorum
3275 2478 3329 2523 et
3349 2469 3514 2535 dicta,
3537 2483 3794 2538 perennes

569 2576 643 2632 Se
678 2577 777 2631 tibi
806 2577 1148 2630 committens
1180 2576 1230 2628 in
1257 2585 1306 2629 te
1333 2587 1419 2630 tua
1448 2576 1610 2630 verba
1642 2588 1880 2640 veretur,
2265 2634 2268 2637 _
2325 2561 2495 2633 Leges
2518 2562 2789 2617 (ῖυκθνυηῑ
2811 2561 2951 2616 "una
2985 2562 3207 2616 “mles”
3245 2560 3448 2615 feram?
3509 2558 3532 2576 ’⁷

642 2665 794 2721 Nunc
823 2674 878 2722 et
912 2666 965 2720 in
993 2677 1254 2722 aeternum
1288 2675 1454 2735 tuque
1485 2677 1635 2721 tuere
1668 2678 1816 2720 tuum

2251 2651 2350 2709 Cui
2375 2653 2499 2722 quia
2529 2649 2811 2718 subjicitur
2837 2651 3072 2721 regionis
3100 2651 3385 2720 episcopus
3408 2649 3614 2714 omnis,

2326 2738 2409 2796 Sit
2439 2741 2657 2795 humilis
2687 2740 2896 2805 humili,
2919 2741 2992 2794 sit
3015 2741 3217 2810 rigidus
3247 2741 3450 2808 rigidis.

959 2899 961 2902 ,
1129 2801 1585 2862 RESPONSlO°
1637 2855 1643 2861 ·
2251 2833 2428 2890 Corde
2460 2847 2686 2886 manens
2711 2801 3020 2896 mitis,'zelo
3047 2801 3118 2885 sit
3142 2801 3395 2895 fervidus,
3421 2839 3590 2900 atque

573 2923 688 2998 lloc
720 2924 816 2980 tibi
847 2925 913 2980 de
941 2924 1096 2980 titulo
1116 2965 1130 2990 ,
1155 2923 1372 2994 juvenis
1396 2925 1685 2980 llincmare
1712 2928 1968 2982 sacerdos
1991 2967 2009 2991 ,
2323 2924 2600 2980 Sollicitus
2630 2933 2808 2977 servet
2843 2938 2963 2992 quae
2992 2936 3228 2978 canones
3267 2931 3511 2977 statuunt
3537 2941 3552 2987 ;

646 3016 992 3086 Respondere
1025 3017 1154 3072 mihi
1180 3018 1430 3072 convenit
1458 3027 1573 3072 arte
1601 3019 1738 3087 pari.
2254 3014 2486 3078 Elates,
2516 3030 2730 3080 causas,
2752 3029 3031 3083 personas,
3058 3021 3289 3082 tempus,
3326 3024 3381 3067 et
3407 3024 3584 3078 actus,

505 3161 508 3163 Α
575 3107 653 3161 Ne
693 3107 786 3161 tibi
823 3107 898 3162 sis
925 3108 1140 3176 sapiens
1172 3107 1418 3172 multum,
1449 3108 1591 3177 quod
1619 3117 1782 3164 caecat
1812 3109 2124 3173 homonem,
2327 3106 2390 3160 Et
2411 3106 2526 3160 loca
2545 3106 2878 3170 discernens,
2899 3113 3088 3175 penset
3111 3104 3313 3174 agenda
3341 3105 3503 3159 simul
3535 3123 3548 3158 :

646 3196 850 3266 Collige
884 3197 950 3251 de
974 3198 1118 3251 veris
1150 3200 1264 3252 haec
1293 3207 1379 3252 tua
1407 3199 1529 3253 ficta
1560 3199 1677 3254 fore
1701 3240 1717 3266 ,
2179 3189 2223 3250 C
2258 3193 2401 3250 lllius
2427 3195 2479 3249 in
2510 3195 2718 3250 cunctis
2745 3209 2959 3264 semper
2985 3195 3353 3250 moderamina
3383 3195 3583 3250 fratres

575 3284 730 3342 Sicut
760 3295 815 3341 et
843 3287 956 3356 ipsa
989 3287 1064 3341 tui
1092 3287 1384 3358 primordia
1415 3290 1674 3345 carminis
1710 3306 1832 3346 esse
2329 3287 2675 3358 Exspectent,
2702 3286 2841 3340 sicut
2866 3285 3046 3355 regula
3070 3294 3256 3340 sancta
3283 3286 3460 3340 docet.

651 3375 808 3431 Clare
835 3377 1210 3433 demonstrant
1230 3380 1481 3449 degeneri
1508 3396 1724 3451 genere.
2257 3381 2327 3436 Ut
2349 3389 2500 3449 pater
2527 3390 2582 3434 et
2611 3379 2808 3435 fratres
2833 3378 3112 3434 charitatis
3138 3379 3364 3434 nexibus
3395 3393 3561 3432 unum

577 3464 817 3534 Namque
845 3466 1148 3536 pitatiolum
1187 3478 1381 3524 neutro
1413 3470 1595 3524 dixere
1623 3471 1862 3539 priores,
2328 3473 2383 3527 In
2411 3471 2628 3527 Christo
2656 3471 2800 3533 facti,
2831 3471 3124 3526 schismata
3159 3470 3303 3524 nulla
3336 3470 3488 3524 fient.

591 3589 598 3594 -
648 3555 718 3610 Et
741 3566 904 3626 caput
931 3558 1032 3611 hoc
1059 3556 1324 3626 languens
1351 3569 1545 3614 caztera
1571 3560 1710 3615 fluxa
1736 3561 1914 3616 docet.
2255 3563 2525 3634 Angelicce
2556 3573 2730 3618 sortes
2753 3562 2891 3617 coelo
2914 3577 3038 3616 nam
3062 3560 3296 3616 culmine
3317 3566 3596 3628 praestant,

575 3647 708 3714 Quae
736 3643 1039 3726 compilasti
1067 3651 1216 3704 vario
1241 3665 1340 3720 pro
1369 3661 1606 3719 tempore
1640 3662 1695 3708 et
1721 3663 1846 3708 actu
2149 3723 2152 3726 ἢ
2261 3679 2266 3685 ~
2330 3652 2636 3723 Suppositis
2668 3651 2788 3706 aliis
2817 3649 3006 3706 ordine
3027 3650 3351 3720 composito,

589 3783 594 3788 .
645 3740 875 3798 Condita
903 3741 969 3796 de
991 3740 1174 3797 verbis
1203 3742 1347 3798 sedis
1373 3745 1700 3813 apostolicae,
2259 3745 2410 3801 Unde
2433 3747 2774 3799 sacerdotum
2798 3751 3008 3798 constat
3035 3743 3310 3798 distinctio
3335 3751 3482 3797 certa
3502 3782 3518 3806 ,

568 3833 832 3890 Conciliis
855 3835 1020 3890 certis
1045 3849 1366 3906 praeponens
1399 3837 1520 3891 talia
1553 3853 1733 3903 sensu,
1865 3901 1868 3904 ,
2143 3856 2149 3862 -
2329 3833 2396 3888 Et
2425 3835 2606 3889 mundi
2634 3833 2859 3904 populos
2886 3835 3020 3888 ordo
3051 3836 3189 3903 regit
3214 3834 3418 3888 varius.

591 3957 596 3961 ε
645 3925 744 3979 Cui
773 3927 949 3979 bonus
978 3925 1247 3994 interpres
1280 3927 1513 3994 Spiritus
1543 3929 1716 3983 almus
1751 3931 1903 3984 abest
2257 3924 2493 3978 Plurima
2520 3925 2757 3978 membra
2781 3931 2872 3977 ιυο
2901 3931 3081 3994 gestas
3105 3924 3157 3978 in
3185 3937 3411 3992 corpore
3443 3932 3580 3986 ιοιο.

577 4015 684 4068 Cor
709 4014 918 4082 fugiens
946 4014 1151 4080 fictum,
1185 4017 1327 4084 quod
1352 4017 1630 4086 disciplina
1655 4018 1884 4072 salubris
1982 4024 1984 4026 ’
2327 4013 2458 4080 Qum
2480 4013 2686 4069 servire
2715 4014 2866 4068 vides
2893 4012 3080 4068 officiis
3106 4014 3358 4083 propriis.

651 4102 766 4156 Non
799 4103 954 4173 regit,
985 4111 1147 4172 atque
1185 4104 1345 4158 simul
1378 4098 1498 4174 qua:
1525 4115 1614 4161 tua
1642 4119 1766 4162 vota
1792 4121 2032 4163 vomunt.
2258 4105 2596 4174 Quapropter
2625 4119 2814 4175 sensus
2848 4119 3040 4174 pompa
3080 4104 3302 4159 fallente
3326 4105 3588 4176 superbos

577 4194 840 4265 Congruit
865 4194 1006 4249 unde
1032 4194 1127 4248 tibi
1159 4196 1377 4264 sapiens
1407 4198 1548 4265 quod
1591 4197 1800 4251 dixerat
1828 4198 1976 4262 olim,
2147 4207 2153 4214 '
2332 4193 2582 4262 Deprime
2621 4193 2721 4247 sub
2749 4193 2958 4247 Domini
2983 4192 3228 4261 jussibus
3250 4193 3516 4254 almilicis.

656 4284 772 4339 Non
801 4293 1016 4340 tenuem
1049 4299 1268 4340 sensum
1294 4295 1485 4341 venter
1507 4288 1704 4342 obesus
1728 4289 1909 4343 habet.
2257 4284 2423 4353 Cujus
2449 4301 2556 4339 non
2585 4285 2778 4340 metuis
2804 4295 3124 4355 postponere
3147 4285 3289 4340 dicta
3321 4287 3596 4340 tremenda
3620 4325 3635 4349 ,

579 4374 648 4428 Et
682 4391 835 4430 mens
861 4375 1044 4432 inflato
1066 4391 1229 4433 sensu
1256 4379 1488 4434 distenta
1518 4380 1700 4435 videre
1800 4446 1806 4452 _
2328 4378 2553 4446 Insuper
2582 4379 2697 4446 ipsa
2730 4385 2942 4432 tumens
2967 4392 3232 4432 evacuare
3253 4377 3406 4446 cupis
3425 4417 3441 4441 ,

653 4463 824 4518 Noxia
849 4453 996 4536 gesta
1021 4468 1229 4537 nequit,
1256 4483 1375 4537 quae
1404 4479 1584 4525 tamen
1613 4471 1725 4540 ipsa
1758 4472 1917 4542 gerit.
2186 4533 2232 4546 ﬁ
2261 4465 2425 4536 idque
2455 4454 2640 4546 procul
2669 4467 2831 4540 dubio
2858 4483 3088 4537 nequam
3123 4468 3215 4522 tibi
3245 4468 3466 4537 spiritus
3492 4481 3649 4522 omne

578 4553 717 4608 llinc
744 4533 878 4610 alios
904 4559 1066 4628 gestit
1089 4533 1302 4630 semper
1327 4559 1562 4617 clamare
1590 4533 1846 4617 nocentes
1863 4603 1878 4628 ,
2186 4533 2238 4595 Ῐ)
2335 4533 2604 4630 Suggerit,
2634 4537 2694 4613 et
2717 4533 3084 4629 semper—quae
3105 4545 3200 4613 sua
3230 4533 3356 4613 sunt
3377 4558 3615 4612 adhibet.

651 4644 830 4715 Seque
859 4639 1012 4716 putat
1037 4651 1319 4716 mundam,
1349 4652 1394 4706 si
1417 4652 1616 4709 nitidos
1643 4655 1898 4709 maculat.
2261 4648 2364 4716 Qui
2392 4666 2486 4705 rex
2516 4658 2599 4705 est
2629 4651 2843 4714 horum,
2869 4664 3006 4719 quos
3029 4664 3171 4704 caeca
3203 4647 3453 4718 superbia
3486 4647 3669 4711 vincit,

577 4737 652 4793 At
675 4752 771 4792 cor
801 4739 1119 4807 contritum,
1158 4743 1385 4797 Domino
1415 4743 1678 4813 placabile
1701 4761 1916 4812 munus,
2331 4741 2498 4810 Cujus
2522 4749 2648 4795 sunt
2675 4741 2798 4794 facti
2830 4749 3022 4808 sponte
3049 4753 3144 4793 sua
3171 4737 3357 4808 geniti.

651 4827 756 4882 Dat
781 4829 919 4883 mala
950 4839 1144 4885 cuncta
1173 4833 1296 4897 sibi,
1323 4834 1415 4887 dat
1445 4835 1584 4888 bona
1615 4847 1807 4890 cuncta
1849 4836 1982 4890 Deo.
2263 4832 2505 4900 Denique
2539 4829 2680 4900 quod
2713 4829 2848 4884 dicis
2879 4830 3247 4897 depromptum
3275 4826 3376 4878 rite
3402 4841 3486 4877 vei
3513 4834 3658 4895 apte,

481 4938 490 4942 ’
583 4917 687 4983 Τιι,
719 4921 928 4992 fugiens
952 4922 1186 4992 culpam,
1215 4924 1425 4994 culpam
1459 4927 1804 4982 nihilominus
1832 4929 2006 4994 addis,
2333 4923 2526 4978 Sedem
2551 4921 2924 4990 appellandam
2952 4910 3118 4974 libere
3155 4917 3507 4985 apostolicam
3537 4934 3551 4970 :

648 5008 915 5067 innocuos
942 5027 1174 5081 carpens
1203 5014 1453 5080 conscius
1480 5015 1621 5070 unde
1649 5015 1764 5069 tibi.
2264 5014 2396 5080 Quis
2425 5013 2535 5066 haec
2563 5013 2774 5082 ignorat
2805 5025 2922 5079 Qua:
2950 5020 3004 5064 tu
3034 5019 3083 5064 te
3113 5024 3271 5062 nosse
3303 5007 3532 5062 fateris?

582 5095 820 5175 Moribus
839 5111 893 5155 et
917 5100 1074 5157 factis
1099 5113 1336 5174 turgens,
1366 5114 1426 5158 ut
1448 5120 1692 5174 corpore,
1727 5106 1908 5172 corde,
2334 5105 2444 5158 Aut
2472 5102 2565 5155 tibi
2596 5111 2722 5156 sunt
2747 5101 2845 5156 soli
2875 5099 3089 5170 cognita
3115 5113 3341 5168 quaeque
3369 5097 3504 5151 Dei?

654 5191 888 5248 Motibus
915 5203 1078 5263 atque
1107 5195 1268 5248 nimis
1299 5195 1496 5249 diceris
1529 5211 1624 5249 ore
1653 5195 1803 5250 levis.
2263 5193 2466 5262 Nempe
2495 5193 2633 5246 sacri
2665 5204 2919 5254 canones,
2951 5204 3050 5245 nec
3082 5203 3185 5242 non
3213 5197 3266 5242 et
3293 5186 3522 5240 Romula
3555 5188 3697 5244 dicta
3717 5226 3732 5252 ,

583 5280 803 5330 Viscera
835 5285 923 5330 αιιί
950 5285 1159 5330 matris-
1196 5285 1320 5330 dum
1349 5293 1400 5332 te
1423 5293 1662 5332 gestaret
1695 5286 1747 5332 in
1788 5285 1928 5332 alvo-
2329 5283 2414 5334 Ac
2436 5281 2579 5334 leues
2599 5282 2855 5334 clamant.
2881 5279 3134 5333 omnibus
3162 5284 3321 5334 atauo
3345 5275 3515 5334 liquet
3537 5317 3554 5334 .
