3950 5396
69 396 82 402 -
121 353 235 413 289

123 464 190 519 Et
221 461 366 531 quis,
394 471 603 530 proque
629 458 850 530 quibus,
877 460 1114 530 propriis
1143 459 1379 513 nudatus
1402 455 1470 510 ad
1495 452 1602 507 ulla

127 602 134 607 .
195 555 313 611 Non
337 555 430 610 det
457 568 802 624 responsum,
827 569 950 608 cum
981 552 1145 606 fuerit
1171 550 1426 612 monitus,

115 651 330 706 Iudicat
361 663 479 719 Ipsa
505 649 601 703 tibi
626 647 912 702 manifeste
940 646 1121 715 regula
1149 652 1360 708 sancta,

195 737 440 806 Qualiter
471 739 558 805 bis
585 737 703 792 ﬁeri
727 737 942 791 debitus
967 735 1100 790 ordo
1125 742 1308 804 queat.

115 830 184 884 Si
221 829 368 899 leges
396 829 590 893 scires,
622 842 890 882 canonum
929 842 1066 896 quas
1101 835 1305 880 trames
1329 824 1582 888 honorat,

196 918 490 988 Perspicue
517 933 706 972 nosses
737 933 858 987 qua:
880 916 1018 970 bene
1043 924 1235 971 cuncta
1261 923 1488 984 patent,
1520 951 1524 954 -
1574 969 1577 972 .

115 1007 193 1062 Et
227 1016 284 1062 tu
313 1007 680 1079 conspiceres,
717 1007 822 1061 nisi
851 1021 1041 1074 magna
1073 1005 1323 1075 albugine
1349 1004 1540 1073 plenus

199 1097 462 1152 Mulcerct
505 1098 676 1160 visus,
706 1097 823 1152 haec
850 1097 942 1170 tibi
975 1105 1100 1150 nota
1127 1095 1266 1165 fore.
1463 1149 1466 1152 .

117 1189 261 1258 Quae
286 1190 379 1244 tibi
403 1190 533 1244 dum
565 1189 777 1251 tribuis,
796 1186 970 1254 jactus
992 1197 1048 1242 ct
1074 1187 1216 1242 scire
1243 1185 1500 1255 superbe,

195 1279 391 1334 Cordis
417 1279 562 1334 inest
587 1278 744 1332 oculo
774 1293 880 1332 nox
906 1277 1192 1332 tenebrosa
1220 1287 1333 1354 tuo.
1385 1327 1393 1337 ,

119 1369 269 1426 Hinc
295 1369 499 1424 etenim
531 1368 759 1424 Domino
782 1383 962 1438 panes
986 1368 1184 1425 oﬂ‘erre
1213 1369 1438 1433 vetaris,

197 1461 447 1531 Tangere
483 1461 614 1530 quin
657 1460 820 1514 etiam
841 1459 964 1527 jura
989 1461 1297 1515 ministerii.

119 1549 282 1606 Hauc
323 1559 544 1605 auctore
571 1551 716 1621 geris
741 1552 894 1618 lapso
919 1553 984 1606 de
1007 1552 1124 1609 luce
1147 1552 1407 1620 superbo,

199 1639 304 1708 Qui
336 1641 566 1711 sublime
589 1632 806 1711 quidem
835 1641 1012 1696 letifer
1038 1657 1198 1697 omne
1226 1643 1389 1696 videt.

118 1731 232 1788 Hic
264 1743 316 1788 te
342 1734 528 1806 mirari
553 1735 785 1788 monitat
809 1735 952 1804 quod
977 1734 1194 1803 perﬁcis
1219 1735 1355 1805 ipse,

198 1825 356 1892 Quod
381 1841 488 1880 non
509 1834 595 1880 est
616 1826 838 1892 mirum,
868 1826 962 1880 sed
992 1827 1172 1896 potius
1198 1827 1478 1889 miserum,
1521 1857 1524 1860 ~

117 1916 206 1970 Ac
231 1917 608 1971 detestandum
633 1917 746 1971 veri
773 1918 983 1972 ratione
1006 1917 1230 1980 tenoris,
1283 1949 1286 1970 ς
1321 1950 1324 1952 ~

201 2004 320 2060 Non
347 2005 713 2060 attestandum
743 2021 966 2075 prorsus
988 2015 1048 2061 ut
1072 2006 1336 2082 illicitum.

81 2149 88 2154 ,
118 2092 362 2163 Propter
389 2096 492 2150 hoc
516 2104 697 2152 autem
716 2106 938 2156 tantum
962 2097 1202 2153 clamare
1231 2098 1435 2153 videris

199 2185 439 2262 Securos
464 2187 646 2241 aditus
670 2187 818 2242 sedis
853 2187 1166 2257 apostolicae
1190 2228 1207 2253 ,
1229 2216 1246 2232 -ι
1299 2203 1302 2210 ·

124 2274 205 2329 Ut
237 2277 383 2346 quod
410 2277 565 2332 valde
590 2277 722 2332 libet
749 2277 929 2334 valeas
954 2288 1171 2348 patrare
1198 2278 1463 2334 licenter:
1508 2336 1512 2340 ,

200 2367 318 2422 Non
349 2378 526 2424 tamen
551 2384 713 2436 omne
739 2369 888 2436 licet,
915 2370 1055 2440 quod
1081 2369 1341 2435 tibiforte
1366 2369 1514 2439 libet.
1540 2429 1548 2436 ,

119 2456 197 2510 At
229 2457 404 2528 magis
426 2457 478 2512 id
503 2467 708 2538 certas,
736 2459 862 2528 quia
894 2475 998 2514 non
1028 2459 1111 2534 vis
1135 2460 1250 2530 ipse
1274 2447 1497 2515 subesse

203 2547 338 2613 Ulli,
359 2563 457 2604 ceu
481 2552 657 2620 poscit
679 2551 862 2620 regula
885 2550 1132 2618 justitite.
1172 2583 1176 2588 ι
1249 2583 1254 2592 ο

120 2637 274 2693 Hinc
297 2639 519 2695 imitans
553 2641 724 2706 illum,
749 2643 842 2711 qui
866 2641 995 2696 nulli
1026 2650 1214 2712 sponte
1236 2643 1461 2699 subesse

198 2729 457 2796 Gestivit,
489 2732 674 2787 labens
699 2747 798 2801 per
820 2733 959 2809 mala
992 2749 1218 2803 qumque
1239 2735 1426 2798 miser,

72 2864 74 2866 τ
117 2822 236 2890 Qui
266 2824 404 2898 vitio
431 2826 650 2895 proprio
679 2825 934 2894 talisjam
959 2825 1134 2881 factus
1159 2826 1405 2889 habetur,

201 2920 280 2976 Ut
319 2921 526 2976 nullum
563 2922 774 2987 timeat,
807 2937 910 2976 nec
933 2920 1073 2989 mala
1098 2931 1220 2990 post
1245 2927 1470 2975 metuat.

63 3035 66 3038 ~
117 3011 293 3069 Hunc
324 3021 382 3067 et
414 3013 469 3068 in
494 3013 598 3070 hoc
622 2983 900 3083 sequeris,
937 2985 1065 3068 dum
1087 2983 1196 3068 non
1225 3013 1544 3084 resipiscere
1562 2983 1720 3081 quid-
1777 3051 1780 3054 .

517 3111 588 3150 .;
749 3149 754 3152 .
1350 3103 1650 3174 -[quam

199 3194 251 3249 Δ
277 3208 448 3264 prave
474 3195 669 3266 emptis
697 3194 782 3249 vel
807 3195 899 3250 tibi
922 3210 1046 3251 sero
1069 3195 1282 3264 placet,
1397 3231 1405 3238 .
1653 3241 1656 3244 .

118 3288 293 3344 Sicut
315 3296 373 3342 et
401 3289 513 3357 ipse
540 3289 746 3360 nequit,
770 3297 1055 3359 postquam
1079 3304 1242 3358 super
1270 3288 1451 3343 omnia
1479 3302 1600 3344 sese
1655 3331 1658 3334 .

194 3378 430 3444 Extulit,
453 3387 508 3434 et
527 3379 727 3434 misere
747 3380 956 3450 primus
977 3380 1043 3433 ad
1068 3380 1175 3433 ima
1200 3380 1326 3432 ruit.
1354 3397 1357 3399 ·
1419 3411 1422 3415 -
1482 3437 1485 3441 ,

121 3469 246 3525 Sed
272 3469 319 3527 si
345 3468 484 3524 forte
519 3470 730 3525 animos
751 3470 942 3524 vincas
964 3469 1034 3524 ad
1053 3478 1250 3538 cuncta
1275 3476 1580 3540 protervos,

203 3562 252 3616 A
279 3561 478 3631 quibus
498 3578 568 3617 ex
595 3563 774 3618 studio
802 3563 958 3618 valde
989 3573 1175 3618 tenere
1202 3562 1312 3626 tuo,
1373 3561 1382 3565 ’

121 3650 438 3706 Confestim
463 3651 671 3720 poteris
692 3667 883 3706 secure
908 3667 1038 3706 vera
1062 3651 1248 3705 tenere
1265 3690 1280 3714 ,
1376 3691 1380 3696 ρ

202 3740 255 3795 Α
284 3741 485 3808 quibus
508 3748 565 3792 et
587 3740 782 3793 nolens
801 3740 1035 3792 vinceris
1062 3741 1175 3807 ipse
1203 3738 1385 3792 modo.

130 3829 327 3897 thue
356 3825 552 3896 duplex
579 3827 780 3892 animo,
807 3827 1122 3881 inconstans
1144 3841 1239 3894 per
1259 3835 1455 3882 cuncta
1481 3826 1695 3892 viando,

207 3919 423 3988 Lingua
455 3919 784 3973 assentantis
812 3917 961 3988 regia
983 3917 1146 3972 corda
1170 3917 1314 3973 linis.
1365 3957 1370 3963 ς
1659 3922 1662 3924 ⁷

131 4011 318 4079 Quem
359 4009 759 4065 contemnendo
786 4009 928 4065 nosti
956 4017 1008 4064 te
1031 4008 1227 4065 laedere
1247 4009 1461 4076 crebro,

212 4101 334 4158 Non
362 4116 563 4172 parens
585 4101 734 4157 dicto
764 4101 904 4173 legis
925 4099 1257 4171 apostolicae,

69 4225 74 4228 -
135 4194 300 4262 Quod
323 4194 537 4249 demum
564 4193 735 4248 sancti
769 4192 1028 4256 canones,
1065 4206 1159 4246 seu
1182 4190 1394 4262 publica
1420 4190 1565 4264 jura,
1649 4229 1652 4232 ~

215 4288 285 4343 Et
313 4288 458 4356 quod
489 4287 615 4341 hinc
638 4287 794 4342 sedes
815 4286 992 4340 sancit
1012 4284 1333 4354 apostolica.

140 4381 374 4436 Scilicet
405 4387 465 4433 ut
489 4380 664 4440 subsit
686 4379 890 4449 quaevis
911 4377 1187 4448 provincia
1213 4378 1328 4434 sedi

216 4468 645 4537 Metropolitanze
671 4468 883 4539 Semper
908 4467 1105 4536 ubique
1129 4469 1274 4522 suae.
1305 4509 1308 4514 .
1353 4507 1357 4512 .

141 4563 200 4618 Si
231 4563 340 4626 vis,
369 4562 544 4616 sinon
565 4562 666 4625 vis,
700 4561 916 4614 firmum
956 4559 1229 4613 constabit
1267 4559 1324 4612 in
1349 4573 1548 4624 aevum,

173 4703 179 4707 .
215 4651 312 4705 Sic
339 4665 466 4705 vere
486 4662 708 4706 sanctus
728 4649 964 4720 Spiritus
989 4647 1262 4712 instituit,
1361 4656 1364 4659 '

140 4741 216 4796 Ut
252 4741 362 4799 tibi,
385 4741 696 4810 conscripta
734 4741 787 4794 in
829 4754 998 4810 parvo
1035 4738 1326 4807 diplomate
1356 4738 1500 4807 misi

137 4901 143 4914 ⁸
213 4833 554 4887 Rhemorum
587 4833 784 4904 praesul
806 4831 1150 4901 'metr0polita
1180 4841 1303 4887 tuus
1331 4849 1344 4886 :

136 4920 275 4990 Qua:
307 4923 544 4978 mundus
571 4932 715 4978 totus
743 4923 1014 4992 sequitur,
1040 4924 1634 4988 veneratur,-houorat,

212 5014 287 5069 Et
321 5015 614 5083 reprobare
645 5015 857 5083 nequis,
888 5013 932 5067 si
962 5012 1102 5066 male
1131 5012 1269 5067 forte
1297 5013 1430 5070 velis
1457 5049 1485 5062 η
1577 5057 1580 5062 .
1637 5045 1646 5051 ο

81 5145 84 5148 .
149 5105 415 5159 Versibus
447 5106 701 5168 inversis,
725 5105 942 5174 juvenis
965 5105 1258 5159 Hincmare
1288 5104 1566 5169 sacerdos,

218 5193 457 5249 Reddita
487 5209 640 5250 sume
672 5195 777 5248 tuis
809 5192 1269 5249 fontibus-hausta
1301 5195 1490 5250 sacris.

907 363 1150 425 OPUSC.
1189 363 1279 422 ΕΤ
1312 357 1532 419 EPIST.
1575 358 1642 413 ΙΝ
1671 357 1896 413 CAUSA
1935 357 2267 416 HINCMARI
2307 358 2615 416 LAUDUN.

1736 453 1787 514 Α

2307 358 2615 416 LAUDUN.
3265 356 3397 420 ,890

2291 506 2295 511 ,
2359 447 2851 513 ιιιΝσΜΑηυς
2967 489 2970 492 ~

1923 564 1971 606 5.
2014 565 2347 605 IETROPOLIS
2383 565 2646 606 ECCIJESL£
2686 563 2975 603 BBBIORUI
3015 561 3292 604 EPISCOPUS
3345 535 3352 608 ζ

2000 664 2292 719 Hincmaro
2320 663 2662 718 Laudunensi
2691 663 2994 733 coepiscopo
3029 672 3206 718 nostra

2325 759 2330 764 ’
2433 772 2759 833 SALUTEM.
2843 793 2846 802 '

2296 869 2840 952 ranarum.
2901 877 2904 880 ’

1888 1009 2094 1080 Nuper,
2127 1009 2344 1080 quando
2374 1017 2652 1064 transacto
2702 1018 2962 1078 tempore,
3012 1007 3153 1062 sicut
3193 1007 3288 1062 tibi
3341 1015 3397 1062 et

1819 1101 1941 1156 aliis
1965 1100 2158 1159 multis
2181 1087 2284 1154 'cst
2306 1101 2615 1169 cognitum,
2646 1099 2787 1169 apud
2825 1098 3078 1153 Gundulli
3119 1099 3300 1153 villam
3337 1099 3398 1154 in

1817 1191 2078 1258 obsequio
2129 1190 2308 1244 domui
2343 1190 2511 1243 nostri
2561 1190 2702 1258 regis
2747 1204 2870 1244 cum
2914 1183 3160 1258 plurimis
3213 1190 3396 1246 archi-

1778 1321 1783 1338 ι
1818 1279 2088 1350 episc0pis
2115 1288 2168 1332 et
2197 1278 2482 1348 episc0pis,
2514 1293 2576 1348 ac
2606 1277 2817 1332 cmtcris
2861 1277 3108 1333 ﬁdelibus
3148 1278 3262 1332 suis
3289 1278 3394 1332 fui-

1777 1416 1784 1419 .
1819 1387 1966 1435 mus,
1997 1372 2122 1440 quia
2156 1359 2263 1436 me,
2310 1371 2451 1425 sicut
2477 1370 2566 1425 alii
2603 1371 2676 1424 tui
2712 1371 2924 1440 priores
2950 1372 3172 1436 ordine,
3208 1381 3264 1427 et
3302 1387 3400 1441 po-

1821 1461 1986 1539 tiores
2030 1461 2238 1515 ordinis
2285 1461 2563 1530 dignitate,
2607 1475 2671 1514 ac
2708 1461 2954 1516 seniores
2980 1471 3175 1526 aetate,
3211 1478 3403 1517 consa-

1819 1554 2069 1608 cerdotes
2127 1554 2296 1608 uestri
2338 1563 2394 1608 et
2440 1554 2774 1628 venerabiles
2815 1555 3208 1624 archiepiscopi
3241 1564 3404 1624 atque

1783 1695 1788 1700 .
1819 1644 2056 1713 episcopi
2083 1641 2349 1708 fecerunt,
2377 1652 2432 1699 ct
2458 1653 2510 1698 te
2541 1629 2843 1714 specialius.
2857 1629 3171 1714 oportuerat
3200 1645 3401 1704 facere.

1821 1736 2172 1804 exiguitatem
2226 1750 2402 1790 meam
2454 1735 2604 1790 adire
2654 1736 2895 1804 mihique
2949 1737 3098 1806 pacis
3129 1737 3400 1792 .osculum

1821 1826 1949 1880 dare
1979 1825 2227 1889 noluisti,
2252 1841 2352 1879 nec
2378 1826 2542 1880 etiam
2572 1825 2739 1879 ullum
2765 1825 2988 1879 verbum
3011 1840 3225 1880 mecum
3255 1824 3403 1894 loqui

1773 1973 1779 1981 ,
1819 1915 2070 1984 dignatus
2119 1915 2267 1969 fuisti
2296 1957 2311 1980 ,
2345 1932 2452 1970 non
2489 1915 2663 1970 dicam
2711 1931 2986 1986 magnum,
3021 1917 3114 1970 sed
3143 1917 3402 1970 miserum

1778 2057 1784 2070 ,
1819 2005 2004 2073 multis
2050 2003 2421 2074 spectaculum
2468 2004 2763 2072 prmbuisti.
2803 2003 3004 2072 Quare
3029 2004 3096 2058 de
3135 2018 3224 2067 re,
3263 2003 3406 2058 sicut

1820 2093 2140 2161 mihidixit,
2171 2093 2499 2148 venerabilis
2526 2093 3199 2163 archiepisc0pusWenilo
3221 2103 3405 2161 tecum

1820 2183 2070 2246 locutus,
2117 2184 2475 2254 interrogavit
2525 2192 2577 2238 te
2622 2199 2719 2238 cur
2749 2198 2981 2251 mecum
3029 2183 3266 2238 debitam
3312 2197 3408 2251 pa-

1821 2287 1936 2326 cem
1968 2288 2074 2342 uon
2115 2273 2361 2334 haberes,
2390 2282 2447 2325 et
2468 2272 2705 2325 debitam
2729 2272 2974 2340 obsequii
2999 2271 3406 2326 venerationem

1823 2360 2134 2429 impendere
2183 2360 2556 2432 dctrectares._
2583 2359 2733 2414 Unde
2761 2375 2791 2414 a
2824 2369 2875 2415 te
2902 2376 3220 2430 responsum
3249 2375 3407 2416 acce-

1821 2451 1920 2521 pit,
1957 2451 2212 2519 quoniam
2258 2450 2304 2504 si
2347 2450 2546 2519 scripta
2598 2465 2717 2518 qua:
2755 2450 2852 2504 tibi
2897 2459 2953 2506 et
2999 2450 3256 2506 Ecclesia:
3311 2452 3406 2506 tibi

1777 2599 1784 2610 η
1822 2543 2132 2610 commissa:
2159 2543 2224 2596 de
2254 2557 2284 2594 a
2320 2550 2372 2596 te
2417 2542 2678 2596 intentata
2706 2543 3270 2600 cxcommunicatioue
3303 2553 3410 2598 tua:

1821 2630 2551 2701 parocbiretransmiseram,
2578 2646 2696 2698 qua:
2716 2631 2917 2702 ibidem
2938 2639 3114 2688 tecum
3142 2626 3405 2698 habebas,

1823 2737 2007 2794 coram
2035 2710 2156 2775 aliis
2182 2721 2546 2796 incenderem,
2575 2730 2630 2776 et
2666 2721 2971 2794 annulauda
3001 2723 3261 2785 dicerem,
3295 2737 3405 2794 me-

1823 2812 2438 2885 quecontraratiouem
2469 2810 2676 2883 fecisse
2699 2811 3004 2880 profiterer,
3034 2819 3161 2865 tunc
3196 2826 3410 2864 mecum

1777 2887 1785 2980 ί
1824 2918 2010 2974 pacem
2043 2903 2242 2978 habere
2264 2900 2449 2976 velles.
2475 2899 2624 2953 Dixit
2661 2900 2826 2953 etiam
2845 2908 2908 2978 .te
2940 2899 3072 2975 mihi
3102 2899 3406 2959 mandasse.

1824 2996 1952 3066 quia
1983 2994 2125 3064 quod
2147 2994 2213 3048 de
2241 2993 2328 3048 illa
2358 2993 2922 3064 excommunicatione
2944 2990 3145 3048 fecisti.
3175 3006 3276 3061 ego
3311 2989 3409 3043 tibi

1831 3087 2118 3142 insinuavi.
2170 3086 2350 3141 Habes
2375 3085 2520 3141 enim
2552 3086 2841 3154 quamdam
2879 3085 3059 3139 villam
3085 3085 3137 3136 in
3171 3100 3287 3140 mea
3319 3098 3411 3152 pa-

1783 3182 1795 3247 ἑ
1828 3178 2034 3242 rocbia,
2065 3184 2122 3231 et
2167 3177 2294 3246 quia
2335 3175 2581 3230 homines
2633 3175 2879 3244 ejusdem
2922 3174 3066 3228 villa:
3112 3173 3312 3249 rogasti
3344 3171 3412 3225 ad

1779 3335 1784 3344 ι
1822 3269 1968 3324 illam
2000 3268 2289 3324 ecclesiam
2329 3269 2474 3333 dare
2508 3268 2724 3322 illorum
2783 3267 3076 3330 decimam,
3123 3259 3410 3335 adquam

1822 3379 1942 3419 eam
1992 3362 2124 3417 dare
2177 3360 2464 3424 debebant,
2518 3359 3106 3414 excommunicaverim
3166 3358 3310 3422 illos,
3356 3366 3413 3412 et

1778 3513 1781 3515 _
1823 3452 2064 3510 habebas
2091 3450 2442 3507 imbreviatos
2469 3458 2601 3519 quot
2629 3447 2866 3504 infantes
2898 3450 3015 3504 sine
3057 3447 3407 3518 baptismate,

1824 3553 1882 3599 et
1925 3552 2059 3612 quot
2107 3541 2357 3596 homines
2406 3540 2524 3595 sine
2573 3539 2958 3595 communione
2993 3539 3118 3594 inde
3149 3539 3409 3612 obierint.

1827 3632 2100 3702 qurecmihi
2130 3631 2182 3685 in
2207 3630 2478 3698 publicum
2505 3627 2743 3696 objicere
2782 3627 2976 3690 nolles,
3003 3642 3070 3680 ne
3091 3636 3277 3700 postea
3317 3628 3414 3683 tibi

1829 3722 2276 3788 improperarem,
2317 3716 2460 3784 quod
2504 3716 2551 3770 si
2600 3715 2703 3767 alia
2736 3715 2874 3767 mala
2899 3715 2966 3768 de
2994 3726 3079 3769 me
3104 3716 3295 3778 scires,
3329 3716 3415 3770 illa

1832 3810 1996 3866 etiam
2021 3807 2249 3861 diceres.
2280 3803 2434 3858 Unde
2471 3804 2568 3871 tibi
2593 3804 2775 3857 statim
2805 3818 2902 3873 per
2917 3818 3041 3857 eum
3077 3805 3414 3870 remandavi,

1831 3900 1960 3972 quia
1985 3905 2040 3954 et
2083 3897 2231 3962 inde,
2275 3903 2330 3950 et
2383 3895 2453 3966 de
2489 3894 2901 3966 quihuscunque
2944 3892 3141 3966 velles.
3179 3909 3299 3964 quae
3325 3895 3420 3949 tibi

1769 4046 1773 4052 ,
1838 3993 2158 4068 viderentur
2185 3987 2469 4068 objiceres,
2514 3987 2608 4058 sed
2647 3985 2713 4042 de
2757 3986 3054 4061 hac-causa
3099 4000 3287 4068 verum
3313 4002 3419 4062 non

1800 4066 2062 4144 diceres.
2091 4065 2276 4148 Habeo
2313 4066 2470 4161 enim
2493 4078 2755 4148 scriptum
2805 4093 3064 4147 perverse
3102 4065 3134 4132 a
3177 4086 3229 4134 te
3253 4080 3417 4136 colle-

1795 4233 1798 4235 λ
1831 4182 2003 4240 ctum,
2026 4181 2084 4229 et
2106 4172 2412 4243 perversius
2431 4187 2554 4241 quae
2579 4170 2845 4242 collegisti
2869 4172 3249 4242 interpretata,
3267 4172 3416 4242 quod

1833 4281 1930 4337 per
1963 4279 2154 4320 manus
2192 4261 2403 4320 Hadulft
2454 4262 2918 4331 archipresbyteri
2942 4262 3017 4316 tui
3040 4249 3230 4332 accepi
3265 4280 3289 4316 :.
3321 4264 3417 4318 sed

1788 4415 1791 4418 _
1833 4366 1891 4412 et
1918 4365 2095 4427 gesta,
2141 4370 2263 4424 quae
2287 4354 2354 4408 de
2380 4355 2495 4424 ipsa
2522 4353 2760 4420 ecclesia
2791 4361 2865 4420 tu
2893 4353 3072 4421 egisti,
3105 4362 3161 4408 et
3186 4354 3423 4423 qualiter

1836 4454 1891 4502 et
1922 4462 2044 4517 quae
2073 4445 2196 4501 inde
2225 4460 2325 4515 ego
2353 4445 2458 4515 egi,
2493 4459 2622 4512 vera
2657 4444 2978 4500 narratione
3004 4446 3341 4516 conscripta,
3367 4454 3424 4501 et

1756 4497 1812 4557 Β
1837 4497 2480 4617 agitasset.ng
2504 4497 2619 4592 2a
2634 4497 3425 4608 cu...',..'a..'.d;;;iam};

1773 4642 1891 4690 --et
1937 4630 2421 4706 consacerdo_tibus
2469 4630 2694 4694 nostris,
2725 4638 2822 4684 aut
2858 4630 2903 4686 si
2941 4629 3182 4708 vellesin
3213 4629 3427 4700 synodo

1791 4723 1933 4782 ..tib|
1962 4721 2344 4797 ostenderem.
2374 4719 2561 4775 Tacite
2601 4727 2812 4774 autem.
2841 4721 2895 4776 in
2945 4721 3054 4776 hac
3081 4717 3429 4773 confessione

1837 4821 1955 4877 tua,
1978 4827 2082 4881 qua
2107 4809 2315 4873 dixisti,
2340 4811 2466 4878 quia
2490 4809 2726 4879 quodde
2749 4809 2838 4864 illa
2858 4803 3432 4868 excommunicatione

1840 4902 2146 4972 fecisticgo
2177 4901 2274 4956 tibi
2302 4899 2592 4973 insinuavi.
2611 4898 3113 4968 triaconsideravi.
3168 4922 3176 4928 -
3318 4889 3322 4893 ’

1918 4995 2159 5051 Primum
2196 4992 2437 5063 quidem,
2468 4993 2725 5064 quoniam
2753 4993 2797 5046 si
2832 4992 2969 5048 ratio
2995 4991 3137 5044 inter
3165 4993 3216 5038 te
3241 4991 3301 5037 et
3318 4983 3439 5040 cle-

1769 5141 1774 5150 .
1843 5090 1989 5146 ricos
2015 5085 2390 5143 Laudunensis
2418 5085 2678 5142 Ecclesizr.
2721 5083 2972 5151 agitanda
3008 5081 3169 5139 foret,
3201 5073 3269 5127 de
3293 5077 3442 5142 peti-

1843 5179 1992 5235 tione
2019 5194 2085 5233 cx
2113 5177 2292 5233 causis
2324 5175 2377 5229 in
2413 5193 2476 5232 ea
2518 5172 2925 5232 continentibus
2959 5173 3030 5228 ab
3053 5165 3260 5236 eisdem
3295 5166 3442 5233 mihi

1845 5277 2094 5300 nni-rnatu
2180 5275 2361 5296 "Iun-nu
2425 5274 2565 5294 ΛοιδΑο
2621 5278 2690 5292 οισι
2743 5276 2849 5292 nam
2899 5261 3128 5290 ..η-ἒιηιη
3181 5249 3415 5286 ειιιιιιῖνα
