4012 6318
599 361 700 422 291

1578 355 1912 416 HINCMARI
1945 351 2337 410 RHEMENSIS
2373 350 2892 415 ARCHIEPISCOPI

600 497 756 537 reum
786 489 840 537 te
867 481 1144 536 confessus
1165 494 1242 542 es,
1277 477 1403 550 quia
1435 478 1671 533 scienter
1713 476 1854 532 male
1889 473 2088 536 fecisti,
2117 463 2262 530 ac'A
2296 468 2650 538 cSanebiqui
2677 467 2906 522 crimina
2929 480 3024 520 sua
3054 466 3112 522 in
3137 467 3439 536 quaestione
3461 467 3693 524 confessi
3711 478 3871 536 sunt,

601 589 701 645 per
727 574 849 636 hoc,
883 572 1170 626 secundum
1205 570 1421 624 decreta
1460 569 1630 623 llilari
1670 584 1844 638 papae,
1887 576 2033 621 tuum
2057 581 2185 620 con-

604 673 688 720 tra
722 664 934 734 regulas
961 662 1159 716 factum
1211 662 1437 715 deberes
1489 661 1603 729 ipse
1633 660 1949 717 dissolvere.
1973 658 2113 725 quod
2137 657 2183 710 si
2233 704 2240 712 .

604 755 796 815 nolles,
826 753 1119 805 auctoritas
1167 750 1577 819 metmpolitana
1625 749 1753 803 illud
1782 749 2001 802 deberet
2031 745 2186 798 anni-

602 848 794 903 bilare.
822 843 1084 904 Tertium,
1112 843 1234 910 quia
1255 851 1312 894 ut
1337 851 1511 895 tecum
1543 856 1626 894 me
1655 854 1842 910 posses
1867 839 2180 905 illaqueare,

601 940 645 994 si
678 938 834 997 forte,
869 945 928 988 ut
964 935 1164 988 assolet
1217 933 1524 1002 improvisa:
1575 932 1740 984 menti
1781 929 2049 991 accidere,
2086 927 2182 982 tibi

564 1027 783 1083 'statim
813 1026 927 1079 haec
960 1023 1091 1078 falsa
1135 1025 1201 1078 de
1229 1039 1316 1077 me
1355 1022 1648 1092 rejicicndo
1691 1021 1986 1088 imparatus
2026 1027 2080 1072 et
2104 1019 2194 1072 ira.

601 1125 902 1172 commotus
927 1131 1032 1187 non
1074 1114 1476 1183 responderem,
1518 1121 1577 1164 et
1605 1120 1656 1164 te
1689 1111 1944 1179 jactitare
1971 1109 2184 1162 valeres

600 1221 689 1260 me
718 1205 772 1258 in
815 1206 994 1274 aliquo
1040 1206 1164 1258 inde
1211 1203 1633 1263 concredidissc,
1669 1199 1968 1255 voluntarie
2000 1199 2094 1252 tibi
2119 1199 2184 1252 de

601 1294 695 1350 tali
725 1294 1066 1348 confessione
1099 1294 1352 1362 laqueum
1403 1292 1653 1346 studuisti
1708 1291 1958 1361 injicere,
2000 1296 2055 1342 et
2087 1299 2185 1357 pro

561 1385 758 1440 'bonis
813 1384 953 1437 mala
996 1383 1320 1444 retribueus,
1361 1397 1466 1435 non
1515 1390 1572 1436 ut
1622 1381 1896 1450 quondam
1948 1377 2186 1448 prodito-

598 1490 720 1529 rum
780 1473 1142 1543 primicerius,
1199 1472 1504 1526 simulando
1554 1486 1742 1541 pacem
1801 1469 1987 1523 osculo
2019 1483 2183 1538 quam

599 1581 706 1621 non
735 1564 972 1619 habebas
1013 1565 1066 1617 iu
1107 1573 1346 1634 pectore,
1397 1563 1492 1618 sed
1539 1571 1726 1616 exerto
1771 1561 1964 1629 linguae
2005 1560 2184 1630 gladio

559 1671 690 1710 -rne
727 1663 914 1724 aperte
971 1669 1034 1708 ac
1075 1653 1420 1723 imprudenter
1464 1651 1750 1706 decrevisti
1804 1651 2084 1718 impetere,
2129 1658 2184 1704 et

600 1748 755 1818 quasi
781 1763 867 1801 me
891 1748 1252 1817 qualicunque
1293 1756 1522 1816 patrono
1552 1762 1616 1800 ac
1649 1744 1994 1800 benefactore
2015 1751 2183 1812 atque

597 1814 924 1891 ordinatore
941 1846 1031 1891 tuo
1069 1814 1304 1899 tradito,
1340 1836 1463 1889 talis
1510 1835 1865 1890 confessionis
1909 1837 1975 1888 de
2019 1836 2182 1891 tantis
2216 1814 2259 1872 Β

603 1927 971 1997 impietatibus
1015 1925 1207 1995 laqueo
1240 1936 1292 1980 te
1341 1927 1688 1996 suspendere.
1725 1926 1831 1980 Sed
1869 1927 2187 1982 benedictus

613 2017 895 2079 Dominus,
946 2017 1036 2086 qui
1079 2017 1375 2070 secundum
1427 2017 1842 2084 promissionem
1874 2032 2185 2086 suam,qua

609 2106 786 2161 dixit:
816 2105 1092 2175 Aﬂagello
1131 2105 1324 2174 linguae
1359 2105 1693 2162 absconderis
1722 2105 1844 2176 (Job
1886 2123 1941 2168 v,
1979 2107 2094 2174 2l),
2129 2107 2186 2161 li-

605 2201 844 2255 berando
883 2199 1116 2252 animam
1160 2214 1333 2252 meam
1379 2214 1409 2252 a
1447 2199 1604 2252 labiis
1636 2199 1833 2267 iniquis
1859 2209 1916 2252 ct
1943 2214 1972 2252 a
2005 2199 2184 2268 lingua

603 2288 808 2352 dolosa,
840 2286 1044 2355 adjuvit
1067 2302 1175 2351 me,
1202 2296 1255 2341 et
1282 2288 1598 2357 consolatus)
1615 2297 1696 2341 est
1722 2304 1827 2352 me,
1860 2305 1981 2342 mox
2019 2289 2184 2342 telum

599 2379 852 2436 falsitatis
899 2393 1052 2436 scuto
1096 2381 1338 2436 veritatis
1393 2381 1770 2451 respondendo
1827 2380 2006 2447 reieci.
2055 2382 2185 2448 Quae

599 2474 768 2531 animi
821 2474 1006 2529 dolore
1041 2482 1418 2542 compunctus,
1453 2489 1558 2527 non
1601 2473 1980 2526 amaritudinis
2017 2472 2184 2526 livore

601 2564 912 2620 stimulatus
953 2563 1093 2623 dico,
1153 2563 1332 2616 sciens
1384 2562 1547 2630 capiti
1601 2577 1664 2616 ac
1703 2560 1960 2615 salvatori
1996 2570 2183 2614 nostro

600 2654 935 2709 mendaciter
965 2651 1130 2705 multa
1180 2649 1348 2705 fuisse
1374 2649 1617 2718 objecta,
1658 2651 1752 2705 sed
1799 2662 1853 2703 et
1893 2651 2183 2720 productos

602 2747 864 2797 adversus
892 2757 1015 2796 cum
1060 2740 1223 2795 falsos
1265 2748 1429 2797 testes
1465 2743 1650 2797 luisse.
1685 2742 1818 2796 Nam
1848 2751 1901 2795 et
1931 2742 2184 2796 [initiante

602 2836 747 2891 sedis
786 2834 1128 2904 pontificibus
1180 2834 1431 2896 Damaso,
1477 2833 1651 2897 Sixto,
1689 2844 1744 2889 et
1786 2833 1950 2888 Leoni
1999 2836 2180 2900 tertio,
2225 2843 2238 2852 ‘

601 2940 791 2981 verum
811 2934 865 2978 ct
888 2923 1115 2978 aliarum
1145 2923 1430 2992 insignium
1462 2924 1810 2978 ecclesiarum
1844 2925 2179 2995 prtPsulibtts,

602 3013 897 3067 Athanasio
923 3013 1130 3066 scilicet
1167 3011 1555 3075 Alexandrino,
1585 3011 1775 3066 Joanui
1799 3015 2183 3067 Constantino-

601 3107 862 3179 politano,
900 3105 1188 3161 Caeciliano
1229 3104 1676 3172 Carthaginensi,
1720 3107 2006 3160 sanctitate
2058 3105 2180 3159 fidei

2285 559 2351 613 de
2380 559 2501 613 aliis
2527 559 2570 612 si
2603 558 2785 612 dicere
2811 557 3100 620 voluerint,
3129 572 3160 610 a
3183 557 3366 627 judice
3405 572 3514 612 non
3538 563 3872 613 credantur:

2285 651 2409 719 quia
2452 653 2576 720 jure
2603 658 2658 704 et
2699 649 2904 718 legibus
2936 649 3292 703 constitutum
3322 656 3429 712 est,
3478 657 3539 702 ut
3562 659 3870 718 spontanea

2287 741 2620 811 professiune
2657 756 2781 795 reus
2821 756 2968 794 reum
3000 755 3105 795 non
3151 739 3337 804 faciat,
3383 753 3559 808 neque
3600 741 3673 794 illi
3704 741 3780 796 de
3799 742 3875 795 al‘

2286 843 2404 886 tero
2441 832 2713 894 credatur,
2756 831 2848 900 qui
2914 846 2975 884 se
3015 831 3367 885 criminosum
3412 845 3534 886 esse
3585 832 3874 887 confessus

2285 931 2388 977 est.
2427 941 2444 972 ι
2481 921 2549 975 Et
2595 922 2723 975 item
2763 921 2938 991 (ibid.,
2982 920 3072 974 lib.
3115 920 3215 992 xu)
3251 939 3264 974 :
3301 941 3320 972 ι
3357 920 3474 977 Non
3531 923 3869 977 credendum

2288 1022 2373 1067 est
2402 1022 2591 1066 contra
2643 1011 2779 1065 alios
2812 1026 3000 1066 eorum
3046 1010 3396 1075 confessioni,
3417 1011 3509 1079 qui
3537 1011 3590 1066 in
3623 1012 3873 1066 crimini-

2287 1103 2390 1158 bus
2419 1113 2765 1165 accusantur,
2816 1102 2920 1157 nisi
2947 1117 3005 1156 se
3032 1103 3186 1170 prius
3213 1102 3560 1171 probaverim
3603 1103 3873 1158 innocen-

2289 1201 2369 1247 tes
2400 1211 2414 1247 :
2449 1193 2576 1262 quia
2607 1192 2910 1263 periculosa
2949 1201 3051 1256 est,
3080 1201 3136 1246 et
3162 1192 3374 1246 admitti
3416 1208 3523 1246 non
3568 1192 3760 1257 debet,
3797 1193 3872 1247 rei

2287 1283 2576 1338 adversum
2627 1297 3008 1352 quemcunque
3050 1281 3337 1351 professio.
3376 1301 3396 1334 ι
3432 1283 3499 1336 Et
3526 1297 3771 1337 canones
3795 1283 3868 1336 di-

2284 1382 2417 1428 cunt
2445 1373 2616 1439 (conc.
2641 1373 2758 1440 Afr.
2784 1388 2903 1426 can.
2937 1373 3025 1438 96,
3054 1373 3181 1442 97);
3215 1390 3238 1424 ‹
3271 1372 3341 1428 Ut
3367 1372 3436 1427 ad
3463 1373 3870 1428 accuSationem

2287 1481 2392 1520 non
2427 1467 2807 1530 admittantur,
2829 1481 2966 1534 quos
2988 1467 3054 1519 ad
3077 1466 3381 1521 accusanda
3407 1465 3619 1535 publica
3637 1465 3870 1520 crimina

2285 1556 2433 1626 leges
2467 1555 2716 1625 ~publiea:
2779 1570 2885 1610 non
2935 1556 3246 1610 admittunt.
3304 1556 3372 1610 Et
3433 1557 3871 1625 quotiescunque

2273 1645 2498 1724 'clerieis
2528 1645 2597 1699 ab
2632 1645 3040 1699 accusatoribus
3062 1630 3230 1698 multa
3257 1644 3486 1699 crimina
3509 1643 3869 1714 objiciuntur,

2287 1747 2343 1792 et
2369 1753 2534 1791 uirum
2561 1752 2627 1791 ex
2655 1737 2808 1807 ipsis,
2845 1738 2912 1791 de
2937 1752 3046 1807 quo
3091 1738 3244 1808 prius
3270 1739 3459 1808 egerit,
3494 1740 3732 1809 probare
3765 1753 3869 1793 non

2287 1829 2535 1893 valuerit,
2579 1829 2646 1881 ad
2679 1838 2875 1883 caetera
2916 1829 3026 1897 jam
3060 1844 3165 1882 non
3198 1828 3534 1883 admittatur.
3569 1849 3588 1882 ο
3635 1829 3706 1884 Et
3737 1831 3868 1886 item

2285 1937 2521 1978 canones
2555 1921 2740 1976 dicunt
2773 1920 2950 1990 (conc.
2977 1919 3229 1991 Cari/tog.
3261 1937 3380 1975 can.
3407 1921 3494 1992 l8)
3525 1936 3541 1975 :
3569 1940 3590 1974 ι
3622 1922 3695 1978 Ut
3723 1921 3872 1978 ordi-

2287 2013 2483 2068 nandis
2507 2011 2794 2081 episcopis,
2825 2011 2910 2066 vel
2937 2011 3169 2075 clericis,
3196 2011 3347 2080 prius
3367 2013 3437 2066 ob
3456 2013 3866 2068 ordinatoribus

2285 2105 2398 2159 suis
2419 2104 2614 2173 placita
2641 2102 2993 2157 conciliorum
3020 2103 3244 2181 auribus
3282 2117 3470 2157 eorum
3501 2101 3862 2169 inculcentur,

2285 2215 2352 2251 ne
2373 2212 2432 2250 se
2461 2195 2663 2264 aliquid
2708 2203 2900 2249 contra
2945 2202 3148 2247 statuta
3190 2193 3406 2249 concilii
3452 2192 3646 2249 fecisse
3673 2195 3858 2262 pani-

2287 2298 2452 2344 teaut.
2490 2297 2508 2341 ι
2545 2287 2675 2356 Quae
2723 2305 2752 2342 a
2803 2302 2890 2342 me
2916 2288 3010 2342 tibi
3059 2288 3362 2341 ordinando
3393 2286 3657 2342 inculcata
3687 2295 3862 2341 sunt:

2286 2383 2578 2451 interqu
2616 2382 2882 2435 habentur
2910 2388 2964 2433 et
3002 2379 3091 2433 illa
3127 2378 3327 2448 quibus
3354 2387 3410 2432 et
3455 2379 3508 2432 in
3553 2378 3654 2432 bac
3677 2377 3866 2433 illicita

2285 2471 2870 2535 excoimuunicatione,
2895 2479 2949 2524 et
2995 2469 3050 2524 in
3079 2478 3392 2539 contemptu
3421 2469 3730 2527 obediendi.
3767 2485 3865 2522 non

2285 2563 2459 2617 solum
2487 2561 2652 2615 semel
2682 2571 2740 2615 et
2765 2559 3023 2624 secundo,
3054 2562 3148 2614 sed
3173 2570 3229 2616 et
3259 2561 3439 2625 tertio,
3465 2576 3535 2615 ex
3574 2559 3870 2629 Scripturis

2284 2665 2340 2707 et
2395 2654 2596 2722 regulis
2630 2653 2801 2706 sacris
2831 2652 3158 2721 conscriptis
3185 2652 3494 2705 admonitus
3520 2659 3580 2703 ut
3599 2666 3724 2705 eam
3747 2666 3867 2705 cor-

2287 2743 2490 2812 rigeres
2517 2775 2537 2805 ,ι
2557 2741 2810 2804 obviasti,
2842 2757 2965 2796 cum
3002 2742 3263 2810 scriptum
3297 2741 3369 2795 sit
3397 2756 3412 2792 :
3438 2739 3628 2793 Melior
3646 2750 3726 2792 eu
3757 2740 3868 2792 obe-

2283 2834 2479 2886 dientia
2513 2829 2683 2902 qanm'
2704 2833 2945 2895 victimaz,
2977 2842 3026 2885 et
3067 2831 3370 2886 auscultare
3405 2833 3572 2901 magis
3595 2831 3863 2900 quamcf.

2284 2922 2420 2990 ferre
2441 2923 2646 2990 adipem
2673 2923 2922 2986 arietum,
2961 2923 3213 2989 quoniam
3239 2922 3392 2991 quasi
3419 2931 3696 2990 peccatum
3723 2922 3865 2973 ario-

2283 3016 2429 3070 lamli
2453 3027 2526 3069 est
2557 3031 2862 3084 repugnare,
2893 3026 2940 3068 et
2968 3016 3118 3084 quasi
3167 3013 3334 3067 scelus
3377 3011 3702 3067 idololatria
3735 3013 3866 3065 nolle

2285 3106 2609 3174 acquiescere
2673 3103 2725 3174 (1
2771 3103 2897 3172 Reg.
2956 3120 3045 3169 xv,
3097 3104 3210 3173 22).
3271 3102 3378 3157 Sed
3426 3111 3482 3157 et
3532 3111 3585 3156 tu
3619 3141 3634 3166 ,
3682 3115 3862 3155 coram

602 3173 658 3252 et
701 3195 1031 3265 operationis
1073 3203 1237 3263 atque
1287 3193 1528 3247 scientia:
1583 3194 1825 3258 doctrina
1879 3194 2177 3265 prmclaris,
2209 3173 2253 3232 (ἶ
2289 3173 2576 3248 illieinensi
2621 3173 2877 3258 Ecclesia,
2912 3195 2966 3249 in
3006 3199 3109 3263 qua
3133 3194 3370 3248 nutritus
3397 3191 3572 3257 luisti,
3599 3200 3660 3244 et
3683 3205 3867 3246 θοι-ειη

603 3301 810 3342 necnon
841 3293 895 3338 et
925 3281 1334 3352 quamplurimis
1373 3281 1504 3335 aliis
1537 3283 1862 3336 venerandis
1890 3284 2177 3353 episc0pis,

603 3377 671 3430 ab
702 3375 1010 3429 hominibus
1041 3375 1255 3439 invidis,
1282 3382 1541 3427 eteorum
1572 3373 1747 3426 locum
1785 3388 1848 3427 ac
1883 3375 2036 3427 home
2061 3375 2178 3443 opi-

602 3465 781 3520 nionis
816 3463 1013 3517 famam
1063 3463 1306 3517 obtinere
1346 3463 1674 3527 volentibus,
1705 3463 1800 3516 sed
1844 3477 1949 3517 non
1983 3464 2183 3517 habere

604 3557 858 3611 meritum
896 3555 1106 3609 illorum
1155 3539 1514 3617 studentibus,
1569 3554 1819 3608 mortalia
1867 3563 1922 3607 et
1973 3555 2182 3609 nefaria

603 3647 830 3706 crimina
854 3644 988 3699 l‘also
1021 3645 1273 3714 impacta,
1302 3653 1357 3698 et
1390 3659 1559 3713 usque
1595 3646 1661 3698 ad
1701 3644 2072 3699 ecclesiastica
2098 3647 2185 3716 ju~

605 3739 746 3794 dicia
777 3747 832 3792 et
862 3737 1225 3808 cognitionem
1250 3735 1519 3804 publicam
1559 3735 1726 3790 fuisse
1755 3738 2014 3806 perducta
2046 3737 2184 3807 legi-

603 3843 749 3883 mus.
791 3827 930 3882 Suut
957 3828 1101 3880 enim
1134 3825 1441 3895 bujusmodi
1467 3827 1699 3897 vipereae
1731 3829 1986 3897 nequitia:
2012 3829 2188 3882 homi-

545 3939 548 3944 ·
603 3936 721 3984 nes,
751 3921 841 3989 qui
890 3920 1015 3973 licet
1072 3920 1220 3988 prius
1259 3935 1447 3973 eorum
1499 3929 1709 3974 mentes
1761 3920 1976 3988 propria
2033 3921 2189 3975 rodat

607 4011 831 4074 invidia,
861 4009 913 4062 in
943 4009 1044 4062 hac
1084 4017 1262 4060 tamen
1293 4023 1420 4062 suas
1462 4017 1644 4077 tegere
1688 4023 1846 4077 posse
1875 4010 2190 4078 iniquitates

607 4107 820 4169 putant,
852 4099 895 4150 si
921 4096 1056 4149 alios
1078 4094 1302 4148 infamia
1340 4098 1498 4150 modo
1521 4097 1763 4164 quolibet
1792 4098 2066 4151 maculare
2094 4113 2188 4152 cu-

607 4189 884 4252 raveriut;
929 4201 1161 4255 quorum
1195 4186 1603 4241 criminationes
1650 4187 1810 4241 iidem
1862 4189 1964 4242 viri
2013 4190 2188 4244 sancti

608 4279 1004 4350 patientissime
1035 4277 1434 4341 toleraverunt,
1476 4287 1532 4332 et
1571 4277 2008 4332 coristantissime
2038 4279 2192 4347 adju-

609 4381 773 4425 vante
801 4369 1026 4424 Domino
1057 4370 1385 4425 reviceruut.
1419 4368 1485 4423 Et
1515 4371 1727 4434 borum,
1756 4371 1896 4424 sicut
1929 4371 2190 4440 scriptum

611 4471 694 4516 est
741 4461 926 4532 (Hebr.
975 4475 1096 4526 xm,
1124 4461 1204 4532 7),
1240 4461 1453 4515 intuens
1492 4460 1698 4514 exitum
1736 4462 2186 4526 conversationis,

612 4555 770 4607 tidem
800 4553 926 4607 inibi
959 4568 1180 4608 necesse
1205 4561 1290 4607 est
1314 4552 1542 4617 imitari;
1571 4559 1627 4606 et
1655 4567 1751 4608 usu
1777 4563 2102 4621 compertus,
2133 4563 2190 4607 et

610 4643 678 4697 de
705 4652 756 4696 te
779 4643 831 4696 in
861 4659 945 4696 me
973 4658 1194 4712 prorsus
1218 4653 1492 4712 expertus,
1516 4646 1640 4712 quia
1674 4646 2016 4713 phreneticus
2045 4659 2187 4713 swpe

583 4734 742 4787 nulli
763 4733 1019 4802 majorem
1047 4735 1259 4802 alapam
1290 4735 1420 4790 dare
1462 4735 1622 4800 solet,
1657 4751 1815 4803 quam
1848 4737 1945 4806 ipsi
1978 4739 2186 4791 medico

612 4831 703 4901 qui
732 4846 852 4885 eum
881 4845 1075 4883 curare
1103 4829 1263 4883 volet.

685 4921 794 4977 Sed
838 4928 893 4974 et
935 4918 1159 4971 multum
1214 4919 1440 4974 miratus
1478 4936 1619 4981 sum,
1661 4921 1748 4975 ubi
1789 4936 2005 4975 sensum
2037 4929 2187 4974 tuum

612 5010 870 5072 habuisti,
903 5009 1119 5077 quando
1146 5007 1212 5061 de
1245 5017 1408 5063 tanta:
1435 5012 1778 5066 auctoritatis
1825 5023 1880 5066 et
1909 5013 2191 5080 sapientiae

614 5110 778 5171 atque
827 5097 1104 5169 religionis
1148 5097 1287 5161 viro,
1341 5099 1483 5152 sicut
1539 5101 1766 5154 domnus
1813 5110 1896 5154 est
1951 5100 2189 5166 chilo,

614 5193 840 5256 dixisti,
885 5199 939 5246 et
985 5192 1052 5244 ad
1099 5190 1453 5259 plurimorum
1509 5192 1886 5262 episcoporum
1942 5195 2190 5247 notitiam

533 5317 536 5319 λ
612 5282 896 5353 pervenire
925 5280 1118 5341 fecisti,
1156 5281 1299 5350 quod
1330 5281 1375 5334 si
1407 5281 1461 5333 iu
1486 5280 1690 5348 judicio
1724 5284 1955 5352 regulari
1990 5285 2193 5338 dixeris

611 5376 843 5442 probare
863 5388 969 5427 non
1007 5373 1232 5442 poteris,
1267 5373 1568 5442 praesertim
1595 5382 1645 5426 te
1674 5389 1821 5428 reum
1851 5377 1916 5429 de
1939 5379 2040 5429 hoc
2071 5377 2190 5445 ipso

613 5466 916 5531 confessus,
946 5474 1002 5520 et
1021 5465 1327 5520 coulitendo
1357 5473 1406 5517 te
1438 5464 1562 5516 talia
1585 5465 1778 5534 egisse,
1800 5483 1919 5536 quae
1945 5471 2047 5523 etsi
2085 5485 2190 5526 non

611 5557 974 5621 culilltereris,
1003 5567 1349 5627 perpetrasse
1374 5571 1569 5625 negare
1591 5573 1695 5611 non
1721 5575 1926 5628 posses,
1956 5563 2189 5631 teipsum

615 5644 934 5716 illaqueasse
959 5650 1141 5703 videre
1171 5664 1276 5703 non
1304 5649 1560 5718 potuisti:
1589 5665 1711 5704 cum
1746 5651 1887 5721 leges
1905 5669 2041 5722 quas
2065 5671 2190 5726 pro-

616 5736 976 5797 batrEcclesia
1013 5741 1194 5796 dicant
1223 5741 1374 5802 (Cod.
1403 5743 1524 5810 Tia,
1549 5743 1612 5797 de
1637 5746 1877 5799 Accusat.
1904 5745 1994 5801 lib.
2023 5751 2139 5820 xix)
2169 5764 2220 5808 ε-

2287 3285 2530 3338 Ecclesia
2563 3283 2908 3338 Lauduneusi
2959 3285 3054 3338 tibi
3103 3283 3510 3346 committenda,
3552 3282 3650 3336 sed
3682 3291 3746 3335 et
3781 3295 3865 3334 co-

2289 3391 2401 3428 ram
2431 3377 2695 3444 episcopis
2722 3376 2812 3444 qni
2841 3375 3152 3438 adfuerunt,
3177 3383 3231 3427 et
3252 3387 3435 3428 coram
3457 3371 3652 3442 legatis
3680 3385 3865 3426 eorum

2287 3469 2658 3537 episcoporum
2681 3469 2772 3535 qui
2797 3467 3066 3536 corporali
3097 3467 3387 3536 praesentia
3409 3464 3726 3527 defuerunt,
3755 3474 3867 3534 post

2290 3559 2410 3614 ﬁdei
2458 3559 2875 3622 confessionem,
2917 3574 2980 3614 ea
3025 3575 3146 3630 qua:
3189 3560 3286 3615 tibi
3319 3557 3586 3613 inculcata
3610 3568 3796 3622 erant,
3820 3567 3868 3611 et

2288 3649 2595 3718 specialiter
2629 3650 2696 3703 de
2741 3649 3046 3703 obedientia
3093 3656 3198 3701 tua:
3241 3647 3529 3717 metmpoli
3579 3656 3752 3716 atque
3786 3657 3870 3701 tuo

2292 3738 2711 3807 metropolitano
2756 3737 3079 3807 regulariter
3118 3737 3444 3801 exhibenda,
3481 3747 3534 3792 te
3558 3737 3871 3792 observatu-

2290 3846 2410 3885 rum
2460 3845 2620 3883 manu
2665 3830 2880 3898 propria
2917 3828 3255 3883 conﬁrmasti
3291 3847 3305 3882 :
3335 3838 3391 3882 et
3425 3829 3644 3897 quando
3674 3830 3785 3885 tibi
3810 3829 3869 3882 li-

2290 3921 2446 3974 brum
2483 3933 2764 3973 sacrorum
2815 3933 3100 3980 canonum,
3153 3927 3209 3972 et
3255 3918 3498 3987 regulam
3540 3919 3870 3988 pastoralem

2288 4011 2430 4066 beati
2456 4010 2722 4080 Gregorii,
2754 4025 2937 4066 coram
2963 4011 3136 4065 altare
3167 4022 3366 4066 sancite
3403 4010 3609 4076 Marte,
3641 4013 3696 4066 in
3737 4027 3867 4082 pra-

2291 4105 2463 4156 sentia
2486 4106 2726 4158 onmium
2773 4105 2864 4172 qui
2901 4104 3209 4169 adfuerunt,
3257 4105 3311 4158 in
3349 4120 3570 4159 manum
3607 4105 3757 4169 misi,
3787 4106 3873 4160 ob.

2293 4202 2496 4247 testans
2523 4202 2582 4246 ut
2609 4193 2705 4257 ita,
2751 4203 3014 4263 quantum
3053 4192 3149 4248 tibi
3175 4194 3321 4248 Deus
3350 4193 3495 4249 scire
3517 4202 3572 4248 et
3600 4209 3766 4263 posse
3791 4194 3872 4248 da.

2292 4297 2398 4351 ret,
2429 4302 2680 4340 scrvares
2708 4286 2762 4340 in
2787 4287 3034 4352 vivendo,
3070 4286 3335 4350 docendo,
3368 4296 3423 4340 et
3457 4285 3782 4353 iudicando,
3808 4285 3872 4340 si-

2292 4388 2384 4434 cut
2440 4379 2638 4434 ibidem
2675 4379 3003 4448 dcscriptmn
3061 4389 3200 4444 erat,
3238 4387 3296 4434 et
3343 4381 3487 4450 ipsos
3529 4379 3740 4445 libros,
3781 4379 3872 4434 sub

2297 4471 2603 4525 testimonio
2637 4471 2819 4524 divino
2852 4481 2908 4524 et
2943 4473 3216 4540 pradicas
3242 4471 3480 4526 ﬁdelium
3503 4472 3767 4528 Ecclesia:
3787 4487 3874 4528 suo

2293 4572 2525 4632 sceptos,
2586 4573 2636 4616 te
2683 4562 2757 4614 ita
2801 4564 3214 4617 observaturum
3246 4565 3604 4620 consensione
3629 4577 3721 4620 tua
3753 4581 3874 4622 cono

2296 4658 2546 4710 ﬁrmasti.
2581 4655 2732 4711 Unde
2775 4657 2917 4711 sacri
2959 4673 3196 4714 canones
3246 4660 3433 4715 dicunt
3470 4661 3650 4730 (conc.
3693 4659 3870 4716 Curtii.

2293 4763 2354 4810 ιι,
2385 4765 2499 4817 cap.
2531 4749 2659 4816 15):
2692 4767 2711 4798 ι
2745 4733 2804 4803 Si
2839 4750 2962 4818 quis
3007 4760 3197 4804 contra
3247 4767 3402 4806 suam
3452 4754 3869 4823 professionem.

2302 4838 2378 4890 vel
2414 4839 2862 4906 subscriptionem
2891 4842 3099 4894 venerit
3141 4842 3192 4895 in
3218 4841 3418 4912 aliquo,
3446 4845 3559 4912 ipse
3584 4860 3646 4899 se
3678 4846 3873 4900 bonore

2294 4928 2549 4998 privabit.
2579 4947 2596 4979 ι
2634 4926 2701 4981 Et
2729 4936 2952 4983 sanctus
3000 4929 3110 4983 Leo
3153 4946 3288 5001 papa
3342 4935 3407 4986 ad
3437 4933 3678 4990 Leonem
3701 4937 3873 5005 Augu-

2296 5031 2436 5074 stum
2462 5020 2651 5074 scribit
2694 5019 2868 5089 (epist.
2895 5019 2966 5074 84
2995 5036 3085 5088 per
3114 5019 3486 5093 Philoxenam)
3520 5025 3589 5080 de
3615 5041 3716 5080 sua
3753 5039 3872 5095 erga

2294 5110 2440 5180 leges
2465 5114 2825 5167 consensione
2868 5112 2912 5166 si
2947 5122 3134 5167 contra
3178 5113 3322 5168 illam
3353 5113 3566 5180 fecerit,
3598 5135 3618 5167 ι
3651 5118 3763 5183 Eis,
3791 5118 3870 5172 in-

2294 5204 2510 5270 quiens,
2545 5219 2628 5258 me
2657 5203 3351 5261 ultionumconditionibus
3379 5207 3575 5272 subdo,
3606 5225 3743 5279 quas
3769 5226 3869 5263 non

2295 5293 2470 5346 solum
2497 5294 2789 5348 auctoritas
2825 5295 2998 5349 beata:
3023 5297 3297 5350 memoria
3318 5297 3579 5367 principis
3605 5293 3870 5358 Mat-tiam,

2296 5385 2391 5438 sed
2419 5384 2583 5438 etiam
2613 5399 2712 5455 ego
2741 5400 2863 5440 mea
2887 5387 3248 5442 consensione
3289 5387 3520 5453 firmavi.
3565 5408 3586 5442 ι
3617 5389 3684 5444 Et
3717 5402 3876 5444 cano-

2297 5490 2396 5530 nes
2430 5474 2883 5545 Carthaginenses
2906 5478 3094 5534 dicunt
3115 5480 3284 5550 (conc.
3312 5495 3328 5534 ι
3362 5477 3598 5551 Cartlmg
3626 5520 3640 5544 ,
3671 5496 3717 5534 ε.
3748 5478 3870 5542 li):

2302 5587 2321 5620 ι
2362 5568 2492 5636 Qua:
2540 5569 2621 5622 vel
2672 5569 2814 5626 facta
2865 5570 2952 5626 vel
3006 5573 3149 5628 dicta
3195 5571 3443 5642 superius
3489 5571 3872 5642 comprehensa

2298 5671 2445 5725 sunt,
2467 5660 2551 5716 vel
2572 5662 2640 5715 ab
2663 5662 2784 5716 aliis
2813 5663 3059 5717 conciliis
3083 5663 3411 5732 conscripta,
3436 5677 3560 5729 qua:
3586 5660 3875 5717 secundum

2300 5750 2471 5820 legem
2524 5750 2890 5817 inveniuntur,
2934 5753 3207 5808 custodire
3251 5767 3348 5806 nos
3397 5761 3636 5819 oportet.
3669 5749 3723 5805 Si
3741 5746 3878 5817 squis
