3950 5396
133 382 228 443 893

896 379 1139 438 orusc.
1178 377 1270 436 ET
1297 376 1516 436 EPIST.
1557 376 1625 434 lN
1662 377 1890 434 causa
1928 376 2268 438 BlNCMAtll
2306 364 2613 437 LAUDUN.

3291 383 3400 442 ω

135 509 254 551 vero
269 499 465 549 statuta
481 504 862 564 supergressus
878 493 1199 564 corruperit,
1214 492 1299 547 vel
1314 507 1412 562 pro
1434 489 1602 546 nihilo
1622 491 1722 546 ha-
1745 497 1795 555 Α
1824 489 1891 545 de
1920 500 2064 546 terra
2094 492 2282 548 ambiti
2308 484 2612 548 bunnuarla
2644 492 2751 548 duo
2780 494 2968 561 semis,
2994 495 3145 553 etde
3164 496 3267 554 alia
3290 506 3402 556 ter—

133 586 293 643 beuda
317 588 603 658 putaverit,
622 587 665 642 si
685 586 853 641 laicus
867 598 969 650 est,
986 588 1394 651 communione;
1412 584 1715 650 siclcricus,

134 678 329 734 honore
354 677 619 749 privetur.
648 675 895 732 Universi
924 677 1207 747 dixerunt,
1228 675 1437 747 placet,
1464 675 1662 753 placet.
1688 693 1708 727 ι

632 806 860 865 CAPUT
898 806 1189 864 PRIMUM.
1274 876 1277 879 _

436 920 518 976 De
546 920 748 991 capella
776 921 833 975 in
863 920 1053 975 Auon
1085 930 1232 976 curta
1266 920 1394 976 sita.

198 1036 456 1093 Czeterum
489 1049 656 1089 causa
686 1034 754 1089 de
777 1033 889 1105 ipsa
911 1033 1135 1104 capella,
1163 1034 1230 1088 de
1256 1049 1363 1104 qua
1395 1033 1529 1089 mihi
1555 1048 1714 1115 man-

136 1126 283 1188 dasti.
310 1126 415 1179 hoc
446 1125 611 1179 modo
634 1139 695 1180 se
723 1124 906 1179 habet.
935 1123 1068 1178 Nam
1098 1134 1152 1180 et
1177 1140 1302 1180 cum
1327 1141 1356 1178 a
1391 1125 1552 1194 longo
1575 1134 1713 1180 tem-

134 1230 256 1287 pore
276 1215 386 1284 ipsa
411 1213 621 1284 capella
651 1215 704 1268 in
732 1211 926 1269 Attola:
947 1222 1101 1269 curte
1126 1215 1253 1274 sita,
1280 1215 1522 1279 subLecta
1546 1214 1712 1269 fuerit

134 1312 374 1369 Ecclesize
403 1311 465 1366 in‘
503 1309 788 1366 Juviniaca
827 1309 981 1375 villa,
1032 1310 1173 1365 sicut
1216 1308 1358 1362 infra
1405 1307 1709 1371 ostendam,

98 1399 109 1409 ’
134 1402 440 1458 Bertharius
460 1401 793 1471 prtepositus
817 1408 965 1464 tuus,
992 1406 1054 1453 ut
1082 1398 1365 1453 dicebatur
1386 1396 1710 1466 aplurimia,

134 1503 183 1550 et
198 1493 365 1549 etiam
386 1492 466 1547 rei
497 1491 696 1547 etl’ectu
723 1489 941 1555 claruit,
972 1497 1062 1545 tua
1095 1487 1340 1558 iussione
1364 1487 1433 1541 ad
1462 1486 1710 1541 eamdem

132 1582 376 1657 capellam
424 1574 599 1651 venit,
651 1593 707 1641 et
750 1585 1021 1641 decimam
1051 1583 1169 1639 dari
1200 1581 1522 1654 presbytero
1548 1584 1711 1652 paro-

132 1678 254 1732 chias
282 1685 510 1741 nostrtc,
529 1675 617 1732 cui
647 1677 939 1731 commissa
965 1682 1106 1737 erat.
1129 1683 1185 1729 et
1204 1674 1296 1744 qui
1324 1674 1377 1728 in
1400 1687 1462 1728 ea
1491 1672 1712 1727 ordina-

131 1764 326 1834 tusjam
355 1777 485 1822 ante
516 1766 738 1838 triginta
760 1781 932 1822 annos
955 1767 1148 1831 fuerat,
1172 1764 1468 1836 prohibuit,
1489 1774 1544 1820 et
1568 1766 1709 1820 sicut

1817 594 1899 644 ra,
1936 594 2097 648 quam
2141 581 2337 638 Franci
2394 583 2644 664 homines
2693 583 2747 638 in
2778 586 2969 640 eadem
3014 586 3141 641 villa
3186 588 3241 644 in
3285 591 3400 649 suis

1814 672 2237 742 proprietatibus
2275 683 2680 729 commanentes
2705 675 2972 731 dederunt
3021 692 3119 746 pro
3157 678 3277 734 loco
3309 696 3401 737 ae-

1812 762 2044 833 pulturaa
2066 764 2132 818 ad
2158 764 2326 831 ipsam
2349 765 2628 835 capellam,
2656 767 2957 820 buunuaria
2984 777 3220 837 quatuor
3232 772 3401 827 semis

1780 839 1934 923 qua:
1988 855 2043 909 in
2097 870 2306 909 sutuma
2356 866 2485 910 sunt
2540 857 2608 911 de
2661 866 2805 911 terra
2857 857 3044 912 arabili
3095 858 3399 915 bunnuaria

1813 958 2042 1015 septem.
2079 945 2221 999 Nihil
2248 955 2428 999 autem
2455 947 2521 1000 de
2545 948 2725 1013 vinea,
2748 949 2991 1019 nihilque
3015 949 3083 1005 de
3110 961 3287 1019 prato.
3316 951 3403 1008 vel

1814 1037 2068 1106 quiddam
2097 1037 2163 1091 de
2186 1038 2445 1106 pascuali'.
2478 1039 2572 1093 sed
2602 1049 2657 1094 et
2687 1041 3013 1109 mancipium
3064 1043 3268 1096 nullum
3296 1046 3367 1099 ha

1814 1126 1926 1181 bet.
1959 1125 2026 1180 Et
2066 1135 2191 1180 sunt
2238 1128 2291 1181 in
2320 1128 2508 1182 eadem
2544 1128 2724 1183 villula
2774 1133 2840 1184 de
2889 1141 3156 1199 potestate
3197 1143 3401 1199 sancta:

1780 1234 1787 1243 ·
1813 1215 1998 1271 Mariae
2014 1216 2392 1271 Laudunensis
2407 1217 2650 1272 ecclesiae
2666 1220 2839 1272 mansi
2858 1220 3155 1291 ingenuiles
3180 1235 3397 1287 novem,

1814 1307 2041 1363 serviles
2070 1309 2339 1362 undecim.
2392 1308 2459 1362 Et
2487 1309 2601 1378 ipsa
2637 1309 2838 1378 capella
2890 1326 2921 1363 a
2969 1309 3131 1381 longo
3158 1322 3401 1383 tempore

1814 1398 1968 1452 unita
1992 1396 2096 1452 fuit
2137 1398 2383 1453 ecclesiae
2428 1399 2548 1453 sita:
2579 1400 2632 1453 in
2670 1397 2953 1455 Juviniaca
2982 1401 3131 1465 villa,
3158 1411 3213 1456 et
3238 1416 3399 1472 paro-

1813 1489 1955 1545 chias
1999 1489 2074 1544 illi
2129 1487 2392 1557 subjecta,
2442 1490 2569 1560 quia
2609 1491 2728 1546 sine
2777 1491 2934 1556 silva,
2983 1494 3066 1548 vel
3114 1508 3272 1562 aqua,
3303 1500 3398 1549 aut

1812 1579 2028 1651 palude,
2055 1589 2149 1634 aut
2174 1581 2334 1650 spatii
2367 1580 2786 1651 longinquitate,
2812 1581 2895 1637 vel
2922 1582 3153 1652 alicujus
3171 1585 3398 1641 alterius

1774 1667 2229 1738 “interpositione
2254 1669 2642 1740 impedimenti,
2668 1680 2796 1726 sunt
2836 1672 3128 1743 contigua,
3156 1681 3397 1742 tempore

1812 1758 2088 1813 seniorum
2115 1760 2364 1822 istorum,
2385 1774 2618 1828 quorum
2644 1761 2948 1831 subscripta
2978 1770 3111 1816 sunt
3152 1765 3392 1833 nomine,

131 1856 223 1912 sibi
248 1857 417 1911 visum
450 1855 582 1922 fuit,
610 1857 855 1913 eamdem
905 1857 1169 1912 decimam
1198 1856 1471 1926 dispertiri
1505 1871 1707 1927 praece-
1735 1845 1785 1905 Β
1813 1858 2014 1920 prater
2058 1849 2179 1904 illos
2214 1865 2351 1919 quos
2378 1864 2809 1906 commemmare
2836 1868 2940 1907 non
2967 1868 3279 1922 possumus,
3298 1853 3395 1924 qui

131 1949 217 2019 pit.
245 1948 465 2019 Insuper
499 1959 554 2005 et
580 1951 816 2006 scuriam
845 1951 1012 2021 ipsius
1041 1950 1342 2022 presbyteri
1376 1951 1704 2018 interclusit,

133 2048 180 2093 et
219 2055 484 2094 annonam
541 2041 609 2096 de
660 2040 821 2095 terris
867 2039 1214 2096 dominicatis
1252 2041 1557 2106 collectam,
1588 2043 1707 2099 sine

132 2127 331 2183 licentia
356 2130 535 2200 ipsius
555 2132 856 2203 presbyteri
898 2132 951 2186 in
982 2146 1044 2187 ea
1073 2130 1240 2197 misit,
1265 2146 1588 2203 omnemque
1613 2148 1708 2203 po-

134 2227 360 2274 testatem
391 2221 523 2275 inde
551 2223 869 2293 presbytero
895 2221 1141 2286 abstulit,
1185 2232 1476 2291 antequam
1525 2221 1705 2291 aliqua

133 2309 339 2376 qurestio
381 2309 514 2365 inde
543 2311 611 2365 ad
655 2326 765 2377 me,
796 2318 889 2365 aut
933 2313 998 2366 ad
1043 2312 1477 2367 comministrum
1523 2328 1705 2368 meum

133 2398 345 2464 veniret,
366 2414 494 2454 cum
525 2400 690 2455 etiam
722 2402 767 2456 si
799 2401 1002 2472 aliquid
1031 2403 1156 2457 inde
1193 2404 1417 2460 rationis
1452 2405 1703 2474 haberes,

134 2486 363 2543 Canones
392 2489 641 2545 Africani
674 2491 860 2548 dicant
909 2493 1050 2561 (can.
1109 2493 1201 2565 87)
1236 2511 1249 2548 :
1289 2512 1309 2545 ι
1349 2495 1419 2551 Ut
1464 2495 1705 2566 episcopi

132 2591 470 2650 quascunque
502 2582 762 2639 ecclesias
785 2583 870 2639 vel
897 2585 1101 2655 plebes,
1135 2601 1273 2656 quas
1325 2587 1393 2641 ad
1420 2602 1574 2642 suam
1614 2603 1707 2643 ca-

133 2668 362 2725 thedram
390 2672 711 2728 existimant
741 2674 1036 2744 pertinere,
1086 2689 1192 2730 non
1248 2676 1321 2730 ita
1367 2676 1703 2746 repetierint,

132 2766 186 2812 ut
210 2775 396 2817 causas
417 2777 554 2817 suas
575 2763 846 2834 episcopis
870 2762 1238 2832 iudicantibus
1263 2775 1451 2836 agant,
1482 2768 1577 2822 sed
1599 2767 1706 2823 alio

132 2850 382 2907 renitente
422 2853 709 2917 irrueriut,
750 2855 865 2909 sive
892 2854 1216 2921 volentibus,
1249 2858 1366 2912 sive
1397 2857 1705 2915 nolentibus

132 2935 383 3006 plebibus,
412 2956 598 2997 causae
621 2957 733 2997 sua:
781 2942 1164 2999 detrimentum
1194 2946 1495 3017 patiantur,
1522 2956 1579 3003 et
1604 2962 1707 3003 cm-

133 3035 234 3081 tera
261 3042 378 3098 quae
399 3032 599 3087 ibidem
627 3043 949 3104 sequuntur.
988 3056 1008 3088 ι

192 3117 423 3177 Audiens
455 3130 636 3178 autem
667 3139 788 3194 qum
836 3127 1136 3197 hinc‘gesta
1181 3128 1397 3187 fuerant
1444 3132 1617 3189 frater
1648 3143 1705 3191 et

1811 1939 2003 1992 ambas
2032 1938 2153 1992 illas
2179 1938 2332 1993 villas
2363 1954 2460 2007 per
2480 1940 2687 2009 regium
2736 1941 3056 1997 beneﬁcium
3084 1942 3393 2009 tenuerunt,

1810 2027 2064 2082 videlicet
2115 2038 2361 2097 tempore
2413 2028 2744 2099 Remegaudi
2797 2033 3034 2098 comitis,
3079 2032 3395 2091 Bcrtmundi

1808 2118 2043 2177 comitis,
2076 2118 2353 2179 Bernardi.
2382 2119 2606 2182 Odunis,
2637 2120 2878 2186 Gibuini,
2906 2122 3190 2187 Rothardi.
3217 2123 3396 2180 Gede-

1808 2204 1955 2270 l'ridi,
1979 2209 2316 2279 Augelboldi,
2348 2210 2646 2277 Frederici,
2678 2214 2733 2267 in
2773 2228 3007 2282 quorum
3037 2217 3392 2283 temporibus,

1806 2307 2005 2367 praeter
2028 2314 2125 2354 eos
2151 2314 2289 2369 quos
2320 2315 2749 2357 commemorare
2802 2319 2910 2357 non
2939 2318 3251 2373 possumus,
3301 2305 3395 2360 isti

1792 2388 2110 2460 presbyteri
2133 2390 2350 2444 easdem
2373 2390 2637 2445 ecclesias
2663 2391 2883 2445 insimul
2906 2393 3235 2457 habuerunt,
3268 2393 3396 2447 Tet-

1809 2479 2076 2549 grimmus
2126 2482 2433 2552 presbyter,
2495 2482 2847 2538 Ermenricus
2899 2486 3209 2555 presbyter,
3263 2486 3395 2540 item

1807 2569 2161 2627 Ermenricus
2182 2573 2488 2644 presbyter.
2516 2574 2574 2628 lu
2606 2590 2711 2643 qua
2758 2576 3010 2637 ecclesia,
3040 2578 3146 2631 sita
3168 2577 3243 2632 .in
3270 2577 3395 2633 villa

1805 2656 2111 2726 Juviuiaca,
2140 2661 2304 2716 simul
2323 2679 2445 2717 cunt
2474 2664 2695 2733 praelata
2726 2665 2958 2735 capella,
2977 2667 3140 2721 istum
3170 2667 3398 2739 presby-

1807 2759 2007 2817 terum,
2035 2754 2128 2822 qui
2176 2755 2355 2810 adhuc
2381 2770 2476 2810 eas
2502 2765 2669 2819 tenet,
2720 2758 2940 2812 nomine
2990 2758 3392 2826 Ermenricum,

1807 2843 1943 2909 Eho,
1967 2846 2187 2914 quando
2214 2846 2581 2902 Bertmundus
2605 2862 2790 2903 cernes
2830 2844 3049 2904 easdem
3080 2850 3239 2905 villas
3260 2851 3394 2906 insi-

1806 2934 1919 2990 mul
1966 2949 2064 3006 per
2104 2935 2427 2991 benetlcium
2460 2936 2802 3006 imperatoris
2841 2937 3101 2992 Ludovici
3140 2940 3393 3007 tenebat,

1803 3034 2006 3096 quarto
2029 3041 2173 3082 anno
2197 3036 2324 3081 ante
2352 3027 2745 3097 depositiouem
2771 3043 2927 3085 suam
2952 3030 3247 3095 ordinavit,
3294 3030 3394 3100 qui

1806 3115 1926 3172 Eho
1947 3117 2224 3186 depositus
2254 3117 2354 3171 fuit
2380 3132 2522 3172 anno
2552 3113 2949 3173 incarnationis
2972 3119 3268 3174 Dominicae
3288 3117 3396 3173 835

129 3212 523 3283 compreshyter
548 3223 737 3269 noster
760 3216 1049 3284 Ausoldus,
1080 3220 1167 3275 cui
1205 3221 1448 3293 delegata
1477 3235 1559 3280 est
1577 3241 1705 3296 pars

1808 3216 1864 3261 et
1893 3217 2137 3276 tempore
2183 3206 2535 3275 praefatorum
2577 3206 2892 3272 seniorum,
2940 3207 3034 3276 qui
3061 3207 3397 3262 Berttuundo

128 3300 390 3366 parochiaa
420 3311 626 3359 nostra;
648 3304 704 3358 in
728 3320 833 3375 qua
862 3305 978 3376 ipsa
1030 3308 1236 3379 capella
1263 3312 1531 3377 consistit,
1561 3327 1701 3384 sape

127 3388 242 3445 inde
269 3393 334 3447 ad
363 3393 712 3451 Bertharium
746 3398 913 3462 misit,
962 3400 1058 3454 sed
1096 3401 1297 3455 nullam
1330 3403 1591 3458 rationem
1617 3420 1701 3461 re-

124 3479 253 3546 gulis
293 3494 689 3555 congruentem
719 3486 967 3542 obtinere
1014 3490 1316 3558 prtrvaluit.
1375 3491 1528 3551 Unde
1575 3496 1700 3562 quia

121 3576 241 3626 tunc
270 3574 326 3628 in
352 3577 615 3644 parocbia
666 3577 962 3633 Rheutensi
1005 3595 1112 3634 non
1156 3596 1327 3646 eram,
1360 3584 1619 3653 praecepit
1642 3594 1703 3639 ut

114 3656 163 3711 in
185 3659 301 3729 ipsa
332 3665 546 3734 capella
592 3666 758 3721 missa
803 3682 913 3721 non
966 3669 1374 3731 celebraretur,
1409 3680 1699 3740 antequam

110 3746 354 3805 homines
375 3755 522 3808 villae
552 3756 722 3824 ipsius
767 3771 923 3811 suam
951 3759 1215 3811 decimam
1264 3761 1579 3831 presbytero
1602 3777 1701 3817 suo

109 3839 415 3893 secundum
447 3843 727 3911 antiquam
756 3845 1206 3899 consuetudinem
1250 3847 1443 3902 darent
1475 3849 1558 3902 :si
1606 3864 1702 3903 au-

75 3935 79 3939 ‘
114 3936 216 3983 tem
242 3931 476 3986 missam
496 3932 696 3989 vellent
720 3935 933 4000 audire,
964 3935 1031 3989 ad
1061 3935 1346 3990 ecclesiam
1370 3953 1493 4006 qua:
1539 3948 1621 3994 est
1646 3941 1699 3995 in

120 4014 399 4074 Juviniaea
425 4022 552 4076 villa
582 4034 891 4095 pergerent.
924 4024 1066 4078 Nulli
1094 4033 1272 4079 autent
1299 4027 1597 4097 baptismus
1618 4029 1702 4085 vel

125 4111 427 4166 communio
455 4120 539 4167 est
567 4112 852 4185 denegata,
897 4124 955 4169 et
1001 4127 1263 4185 quantum
1295 4118 1495 4172 rescire
1540 4134 1698 4174 vera-

129 4199 256 4254 citer
278 4202 453 4271 potui,
496 4205 640 4273 quod
687 4206 818 4260 mihi
859 4208 1126 4262 mandasti
1176 4209 1436 4277 quosdam
1468 4207 1700 4267 infantes

131 4291 239 4366 sine
287 4294 633 4364 baptismate,
686 4307 743 4353 et
781 4299 1045 4369 quosdam
1081 4301 1201 4355 sine
1248 4300 1449 4355 viatico
1473 4316 1701 4358 munere

133 4384 296 4440 exisse
325 4387 392 4441 de
418 4388 634 4454 saeculo,
670 4406 776 4444 non
817 4400 903 4446 est
948 4405 1158 4445 verum.
1213 4391 1347 4446 Nam
1383 4402 1441 4447 et
1481 4394 1528 4447 si
1578 4393 1701 4449 inde

135 4471 323 4543 aliquid
349 4490 535 4531 verum
561 4489 726 4545 esset,
776 4480 903 4549 quia
930 4495 1072 4550 saepe
1117 4496 1216 4551 per
1243 4482 1369 4538 inde
1412 4482 1699 4537 transitum

1803 3296 1859 3349 in
1883 3295 2072 3351 eadem
2096 3295 2221 3353 villa
2249 3306 2652 3362 successerunt,
2674 3298 2922 3352 eamdem
2949 3297 3212 3367 capellam
3232 3297 3396 3353 simul

1801 3399 1926 3441 cum
1949 3385 2178 3445 ecclesia
2206 3386 2398 3450 tenuit,
2443 3402 2615 3457 usque
2640 3389 2767 3449 dum
2801 3389 3067 3443 Pardulns
3109 3389 3397 3459 episcopus

1799 3479 1944 3547 apud
1972 3478 2135 3531 istum
2162 3477 2419 3532 domuum
2443 3478 2693 3533 Carolutn
2721 3480 2840 3549 ipsa
2870 3494 3057 3536 mansa
3086 3480 3399 3551 impetravit

1799 3569 2044 3625 ecclesia:
2072 3568 2412 3623 Laudunensi
2439 3569 2671 3631 restitui,
2719 3577 2777 3623 et
2824 3571 2929 3624 iste
2960 3571 3076 3639 ipse
3119 3571 3399 3627 Ermenri—

1799 3672 1916 3723 cus,
1945 3660 2183 3727 quamliu
2209 3657 2477 3712 Pardulus
2503 3659 2655 3719 vixit,
2696 3660 2868 3727 ipsam
2904 3662 3166 3728 capellam
3211 3663 3397 3719 Eccle-

1799 3749 1896 3803 siae
1919 3763 2033 3801 sua:
2058 3745 2358 3814 subjectam
2388 3749 2508 3802 sine
2544 3747 2652 3802 ulla
2693 3750 3068 3818 inquietudine
3107 3754 3297 3819 tenuit,
3337 3765 3396 3808 et

1798 3837 1904 3892 hoc
1951 3837 2271 3908 regulariter
2311 3850 2407 3907 per
2450 3838 2818 3911 presbyteros,
2853 3855 3087 3910 quorum
3132 3843 3397 3901 habemus

1758 3934 1769 3941 ’
1800 3929 2050 3992 nomina,
2100 3930 2468 3999 approbatum.
2495 3931 2627 3996 fuit,
2674 3931 2819 3986 inter
2847 3948 2986 4003 quos
3024 3933 3245 4004 quidam
3287 3935 3395 3991 Ra

1802 4027 2045 4073 tramuus
2062 4020 2350 4089 presbyter
2357 4019 2469 4086 jam
2490 4024 2892 4092 nonagenarius
2906 4034 3041 4080 testa
3049 4035 3135 4081 tus
3145 4037 3251 4092 est,
3264 4028 3396 4097 quia

1799 4123 1868 4163 ex
1907 4123 2016 4178 quo
2039 4123 2259 4163 sensum
2307 4111 2495 4165 habuit
2519 4114 2663 4180 quod
2704 4112 2809 4167 hoc
2829 4129 3161 4185 cognoscere
3192 4118 3397 4185 potuis-

1798 4209 1917 4265 set,
1965 4215 2183 4271 semper
2224 4202 2358 4257 vidit
2402 4204 2784 4274 presbyterum
2824 4206 2893 4260 de
2931 4205 3216 4263 Juviuiaca
3268 4208 3395 4267 villa

1799 4291 2003 4347 habere
2027 4306 2150 4346 cum
2199 4291 2288 4346 illa
2334 4294 2501 4347 etiam
2533 4293 2766 4348 ecclesia
2795 4297 3060 4365 capellam
3093 4299 3161 4351 de
3197 4300 3396 4355 Attolae
3442 4288 3451 4297 ’

1799 4391 1986 4446 certe,
2028 4397 2132 4437 nec
2162 4397 2286 4436 non
2328 4383 2675 4454 etlegaliter
2716 4401 2812 4455 per
2858 4386 3101 4442 Francos
3123 4388 3176 4441 in
3201 4390 3396 4446 eadem

1799 4471 1927 4526 villa
1952 4481 2380 4536 commanentes,
2407 4474 2500 4528 sed
2523 4483 2580 4527 et
2600 4488 2698 4543 per
2724 4475 2934 4531 vicinos
2962 4476 3400 4535 circuunuauen-

137 4559 303 4627 habui,
330 4573 386 4621 et
417 4567 580 4623 iidem
608 4570 857 4625 homines
876 4569 1191 4639 frequenter
1217 4572 1285 4626 ad
1332 4574 1703 4627 conﬁrmatio-
1732 4560 1783 4619 D
1810 4571 1910 4627 tes,
1938 4561 2104 4616 etiam
2130 4571 2186 4617 et
2209 4578 2308 4631 per
2330 4563 2573 4628 colonos,
2595 4579 2827 4633 quarunt
2852 4567 3117 4623 habemus
3145 4570 3396 4637 nomina.

140 4665 250 4708 nem
272 4670 334 4711 ac
354 4658 792 4726 praedicationem
821 4661 889 4714 ad
915 4674 1000 4715 me
1047 4669 1333 4721 venerunt,
1384 4663 1501 4716 sine
1537 4661 1704 4718 dubio
1748 4694 1755 4707 ς

141 4740 250 4798 inde
275 4746 453 4820 aliqua
498 4751 810 4806 reclamatio
836 4750 903 4805 ad
937 4766 1024 4806 me
1058 4752 1290 4807 veniret.
1315 4751 1509 4807 Postea
1537 4753 1703 4808 etiam
1741 4805 1756 4820 ,

141 4845 284 4899 quam
312 4839 443 4894 mihi
469 4856 532 4896 ea
561 4856 681 4911 qua:
708 4842 940 4912 praemisi
981 4857 1078 4912 per
1103 4843 1384 4914 prmfatum
1417 4846 1704 4901 venerabi-

143 4920 236 4978 lem
262 4930 725 5001 archiepiscopum
780 4932 1069 4998 mandasti,
1116 4933 1403 5005 diligenter
1430 4936 1707 5006 inquirere

146 5012 185 5067 si
230 5017 346 5076 inde
393 5022 597 5093 aliquid
649 5036 835 5077 verum
880 5031 1024 5078 esset
1069 5026 1274 5089 curavi,
1309 5034 1364 5080 et
1390 5041 1491 5096 per
1518 5026 1703 5081 omnia
1746 5064 1759 5105 :

1813 5116 2059 5172 ιεηιβοηι
2088 5109 2345 5165 “metu:
2371 5112 2706 5172 nersisteret.
2749 5111 2888 5169 Natu
2913 5111 3213 5171 Atrebatis,
3244 5110 3405 5169 Viro-

148 5108 273 5170 quod
301 5111 429 5167 mihi
474 5114 744 5168 mandasti
793 5113 1131 5168 mendacium
1166 5128 1288 5169 esse
1330 5117 1534 5172 inveni.
1584 5113 1705 5172 lusa

1812 4656 1918 4709 hoc
1957 4655 2012 4708 in
2053 4662 2272 4708 tuorum
2316 4655 2604 4710 missorum
2651 4661 2934 4724 praesentia
2984 4661 3398 4730 comprobatum

1812 4745 1933 4799 fuit.
1962 4744 2117 4812 Quod
2145 4754 2323 4799 autem
2350 4761 2381 4800 a
2406 4747 2728 4816 quibusdam
2760 4757 2974 4805 tuorum
2996 4751 3218 4815 dicitur,
3250 4754 3399 4820 quod

1813 4836 1930 4906 ipsa
1960 4839 2167 4906 capella
2191 4837 2466 4907 antiquior
2491 4839 2563 4893 sit
2587 4854 2749 4908 quam
2771 4842 3002 4898 ecclesia
3031 4842 3086 4896 in
3110 4840 3400 4899 Juviuiaca

1816 4928 1957 4992 villa,
1998 4928 2221 4982 etiamsi
2266 4940 2452 4986 verum
2494 4930 2655 4995 foret,
2684 4939 2814 4988 tunc
2852 4935 2928 4990 illi
2955 4933 3255 5001 antiquitas
3295 4946 3400 4990 sua

1813 5019 2129 5088 sntit-agiqu
2154 5017 2393 5088 all‘erret,
2428 5023 2477 5080 si
2519 5023 2595 5077 in.
2617 5022 2944 5091 antiquitate
2987 5036 3086 5077 sua
3126 5035 3298 5088 usque
3328 5024 3403 5080 ad
