3950 5396
129 257 242 335 ΞΜ

920 255 1163 312 OPUSC.
1200 255 1288 309 ΕΤ
1326 252 1540 308 El’lS'l‘.
1578 251 1643 306 IN
1670 251 1894 308 CAUSA
1935 246 2265 307 HINCMARI
2301 249 2602 307 LAUDUN.

3281 253 3385 311 298

118 389 225 430 nes
262 370 617 428 Sardicenses
660 370 954 425 immorans
991 381 1131 438 (can.
1176 367 1263 432 ll,
1300 367 1409 439 l5).
1444 365 1507 419 Et
1539 364 1704 419 semel
1729 370 1778 429 Α
1807 365 1983 419 censis
2013 364 2331 434 regulariter
2357 365 2603 429 electum,
2630 380 2752 420 cum
2776 365 2971 436 bisqui
2994 350 3387 435 convenerant,

118 479 192 519 ac
219 461 457 519 secundo
483 459 680 514 litteris
708 458 986 515 canonicis
1016 466 1270 512 evocatus
1300 455 1367 509 ad
1409 454 1706 510 ordinatio-

120 568 255 609 nem
306 549 545 622 episcopi
577 550 632 604 in
686 548 927 604 Ecclesia
985 546 1362 603 Cameracensi
1420 543 1707 614 provincia:

122 652 330 700 nostrae
356 648 574 713 pastore
601 639 855 695 destituta
875 678 890 702 ,
922 637 1065 693 unde
1099 636 1391 707 apostolica
1439 635 1595 690 sedes
1621 648 1708 688 me

119 739 450 805 suggerente
474 744 581 785 non
619 729 829 784 modice
867 728 1164 794 laboravit,
1211 741 1309 781 nec
1340 727 1455 796 ipse
1477 725 1706 793 venisti,

122 838 237 879 nec
265 837 362 893 pro
386 830 439 876 te
466 820 727 876 vicariam
746 832 1052 889 personam,
1079 827 1137 871 ut
1159 816 1358 887 regulae
1382 830 1550 871 sacrae
1574 831 1711 886 prte-

120 913 361 983 cipiunt,
390 910 454 966 ad
487 925 575 966 me
602 908 851 964 direxisti
881 924 896 962 :
927 908 1069 962 unde
1096 906 1457 979 Symmachus
1481 918 1617 976 papa
1643 904 1709 959 ad

123 1002 390 1059 Eonium
444 1015 505 1056 ex
563 999 735 1055 sacris
777 997 1076 1055 canonibus
1120 995 1512 1068 promulgavit,
1563 995 1710 1049 ut.si

120 1091 361 1163 quilibet
387 1089 673 1161 episcopus
712 1086 1125 1158 metropolitano
1165 1085 1403 1157 pontifici
1439 1085 1594 1156 juxta
1618 1098 1711 1139 ca-

123 1199 335 1240 nonum
372 1182 742 1239 dillinitionem
769 1187 992 1235 vocatus
1008 1218 1024 1245 ,
1051 1179 1428 1249 obtemperare
1455 1176 1707 1243 noluerit,

124 1274 346 1329 noverit
389 1272 770 1329 succidendum
804 1286 884 1336 se,
911 1270 1054 1341 quod
1095 1284 1200 1324 non
1232 1276 1513 1338 Optamus,
1538 1268 1711 1325 eccle-

122 1366 351 1421 siastica
381 1364 682 1437 disciplina.
712 1363 789 1418 De
832 1377 1063 1433 persona
1098 1369 1278 1418 autem
1324 1376 1423 1432 pro
1470 1369 1556 1428 te,
1584 1376 1710 1417 cum

126 1455 395 1511 tractoria
425 1464 482 1509 et
528 1451 834 1509 rationabili
864 1451 1248 1515 excusatione,
1279 1449 1326 1504 si
1367 1449 1555 1505 venire
1602 1464 1711 1505 non

130 1546 356 1617 potuisti
412 1544 714 1617 dirigenda,
768 1542 910 1598 sacri
968 1540 1170 1596 Nicasni
1230 1556 1467 1597 canones
1527 1541 1712 1596 dicunt

124 1639 307 1711 (ωηατ.
338 1636 487 1703 Nic.,
513 1651 565 1693 c.
591 1635 658 1707 4)
687 1649 703 1689 :
739 1654 757 1687 ι
786 1632 921 1701 Quia
967 1633 1276 1702 episcopum
1307 1632 1559 1687 convenit
1599 1644 1712 1684 ma.

1810 457 1893 513 vel
1913 472 2010 529 per
2040 459 2238 528 scripta
2267 468 2672 524 consenserant,
2708 460 3094 514 ordinavimus.
3124 480 3144 513 ‹
3179 459 3275 528 Si,
3306 463 3388 516 in-

1813 548 2005 618 quiunt
2026 547 2193 618 (conc.
2214 546 2425 614 Nic.,c.
2442 548 2518 619 b'),
2541 550 2811 604 communi
2833 558 3148 605 cunctorum
3172 552 3388 607 decreto

1815 641 2158 709 rationabili,
2211 650 2268 698 et
2318 644 2609 698 secundum
2666 644 2907 715 regulam
2963 645 3386 703 ecclesiasticam

1812 733 2182 802 comprobato,
2214 731 2319 786 duo
2353 741 2467 786 aut.
2487 740 2594 787 trcs
2624 746 2843 803 propter
2868 734 3241 792 contentiones
3267 750 3391 805 pro-

1810 826 1959 896 prias
1974 824 2369 888 contradicunt,
2393 826 2633 880 obtineat
2654 827 2920 881 sententia
2943 826 3332 897 plurimorum;
3363 848 3383 880 ι

1811 916 2115 987 praesertim
2139 929 2261 969 cum
2294 928 2391 969 nec
2427 916 2573 968 tuam
2602 916 3000 971 contentionem
3038 916 3389 983 audierimus,

1813 1006 1953 1062 sicut
1999 1020 2101 1061 nec
2140 1004 2547 1060 consensionem
2599 1006 2800 1060 habere
2846 1008 3163 1062 meruimus.
3214 1005 3390 1075 Unde,

1813 1095 1938 1165 quia
1964 1094 2158 1150 fratres
2188 1104 2403 1151 nostros
2429 1112 2533 1150 non
2560 1097 2766 1151 modice
2797 1096 3201 1164 scaudalizasti,
3233 1099 3392 1153 adbi-

1813 1185 1926 1240 bito
1953 1200 2162 1239 mecum
2194 1185 2362 1241 fratre
2384 1184 2605 1239 llodone
2625 1186 2916 1241 venerabili
2936 1188 3179 1244 ecclesiae
3206 1188 3394 1244 Belva-

1816 1273 1991 1328 censis
2017 1273 2294 1344 episcopo,
2319 1284 2371 1329 te
2394 1275 2694 1346 corripiens
2718 1275 2828 1330 dixi
2862 1278 2956 1333 tibi
2980 1287 3240 1346 quantum
3270 1280 3400 1355 inde,

1815 1364 2125 1421 incuri-eris.
2147 1366 2252 1422 Sed
2266 1366 2313 1420 al
2324 1366 2427 1420 iam
2442 1367 2863 1439 recognitionem
2880 1368 2960 1425 vel
2973 1368 3390 1426 satisfactionem

1815 1472 1846 1511 a
1863 1465 1915 1512 te
1943 1458 2182 1527 recipere
2206 1474 2312 1513 non
2333 1458 2502 1529 potui,
2523 1462 2809 1516 ostendens
2829 1462 2954 1531 quia
2976 1462 3101 1518 hinc
3121 1472 3171 1517 te
3198 1464 3395 1536 regulae

1813 1564 1920 1606 non
1965 1550 2175 1605 modice
2225 1562 2612 1616 succenseant,
2673 1552 2779 1607 nisi
2832 1551 2972 1623 quod
3026 1554 3396 1626 indignatione

1818 1640 2006 1712 plenus
2022 1643 2345 1713 respondisti
2362 1662 2374 1697 :
2394 1641 2509 1699 Non
2524 1659 2708 1699 sumus
2723 1644 2899 1699 adhuc
2910 1645 3160 1716 inquiens
3175 1649 3240 1702 ad
3258 1650 3359 1704 hoc
3376 1666 3392 1702 :

124 1731 284 1788 xime
322 1730 535 1800 quidem
560 1727 632 1782 ab
658 1726 911 1783 omnibus
940 1724 1030 1794 qui
1070 1732 1196 1779 sunt
1225 1723 1278 1776 in
1304 1721 1578 1793 provincia
1608 1719 1710 1790 epi-

1825 1740 1878 1787 et
1912 1741 2037 1803 post
2071 1733 2211 1788 banc
2237 1742 2294 1787 et
2312 1733 2444 1788 alias
2467 1734 2866 1804 correptiones,
2909 1750 2939 1789 a
2983 1752 3070 1791 me
3094 1737 3398 1795 tibilitteris

124 1819 316 1891 scopis
347 1817 610 1874 ordinari.
654 1815 714 1873 Si
757 1823 939 1871 autem
986 1814 1090 1870 hoc
1130 1811 1344 1868 difﬁcile
1385 1811 1567 1877 fuerit,
1616 1819 1710 1865 aut

124 1918 358 1980 propter
385 1903 672 1963 instantem
702 1904 1102 1968 necessitatem,
1131 1911 1225 1957 aut
1254 1910 1473 1972 propter
1500 1899 1710 1955 itineris

119 1999 552 2069 longitudinem,
592 1997 764 2053 tribus
803 2004 985 2051 tamen
1013 1992 1339 2050 omnimodis
1379 1993 1435 2046 in
1480 1992 1709 2062 idipsum

119 2090 601 2157 convenientibus,
633 2097 690 2145 et
713 2087 1031 2145 absentibus
1056 2101 1271 2157 quoque
1295 2084 1413 2155 pari
1442 2085 1602 2138 modo
1624 2083 1715 2138 de-
1744 2129 1750 2135 .

120 2183 513 2247 cernentibus,
563 2192 619 2238 et
652 2197 752 2254 per
794 2181 993 2251 scripta
1042 2177 1535 2242 consentientibus,
1583 2183 1714 2231 tunc

118 2275 403 2330 ordinatio
452 2275 798 2332 celebretur:
848 2272 1076 2328 firmitas
1136 2279 1316 2326 autem
1358 2282 1548 2325 eorum
1593 2281 1713 2338 qua:

118 2377 397 2438 geruntur
422 2383 519 2439 per
562 2380 998 2437 unamquamque
1025 2362 1362 2435 provinciam
1402 2357 1715 2428 metropoli-

119 2471 263 2515 tano
310 2460 577 2515 tribuatur
630 2460 901 2531 episcopo.
946 2477 964 2510 ι
1002 2457 1073 2512 Et
1112 2454 1434 2513 Antiocheni
1479 2467 1714 2509 canones

117 2556 302 2625 (conc.
340 2554 616 2618 Autioclt.,
646 2568 697 2608 c.
728 2551 837 2623 l9),
865 2550 1218 2620 explanantes
1257 2546 1583 2604 sententiam
1621 2543 1715 2598 Ni-

114 2644 261 2699 caani
288 2643 526 2710 concilii,
556 2642 772 2700 dicunt:
806 2660 826 2695 ι
846 2641 1143 2713 Episcopus
1155 2647 1355 2711 praeter
1374 2638 1638 2710 synodum
1659 2644 1716 2692 et

114 2736 476 2807 praesentiam
504 2733 899 2805 metropolitani
928 2732 1235 2789 nullatenus
1260 2731 1563 2788 ordinetur.
1597 2728 1714 2786 Hoc

116 2839 315 2885 autem
348 2829 523 2885 modis
546 2828 799 2885 omnibus
825 2842 1010 2885 coram
1043 2827 1251 2899 posito,
1274 2827 1468 2882 melius
1495 2825 1715 2896 quidem

113 2932 203 2979 est
234 2932 303 2978 ut
335 2937 524 2978 omnes
547 2922 704 2979 simul
733 2922 912 2977 adsint
954 2922 1193 2993 ejusdem
1217 2922 1508 2992 provinciae
1536 2936 1716 2976 sacer-

114 3017 285 3072 dotes
316 3028 452 3086 quos
474 3013 917 3085 metropnlitauus
943 3012 1230 3084 episcOpus
1262 3014 1527 3069 advocare
1549 3013 1713 3067 debe-

1817 1836 1882 1878 ac
1903 1821 2380 1889 verbisadhibitas,
2395 1825 2448 1878 in
2470 1824 2655 1880 eadem
2673 1825 3007 1881 contumacia
3030 1829 3395 1897 permansisti,

1817 1922 1870 1970 et
1900 1914 2160 1969 hactenus
2202 1928 2529 1985 permanes,
2577 1930 2682 1983 qua
2729 1922 2783 1968 et
2830 1923 2955 1970 ante
3009 1905 3396 1987 parochianum

1817 2020 1997 2060 meum
2026 2005 2397 2062 Amalbertum
2444 2013 2632 2060 contra
2683 2006 2899 2075 regulas
2948 2023 3047 2078 pro
3091 2024 3251 2065 causa
3298 2008 3396 2067 tibi

1818 2094 2003 2150 illicita
2055 2096 2537 2151 excommunicasti
2568 2096 2812 2153 :scilicet
2866 2099 2993 2168 quia
3040 2115 3177 2154 uxor
3230 2100 3393 2167 illius,

1818 2202 1979 2257 quam
2009 2186 2062 2241 in
2094 2175 2181 2241 tua
2204 2186 2458 2256 parochia
2488 2185 2729 2258 legaliter
2757 2186 3011 2252 obtinuit,
3036 2196 3092 2241 et
3117 2188 3170 2242 in
3218 2203 3399 2244 meam

1816 2283 2129 2354 parochiam
2152 2279 2393 2345 adduxit,
2442 2287 2563 2350 post
2599 2278 2778 2349 plures
2821 2294 2993 2335 annos
3039 2296 3201 2350 quam
3245 2281 3396 2336 illam

1817 2372 2025 2436 habuit,
2062 2387 2158 2443 per
2183 2369 2495 2424 mandatum
2526 2384 2647 2423 eum
2679 2368 2821 2440 apud
2844 2377 2895 2424 te
2926 2370 3218 2434 accusavit,
3253 2371 3399 2440 quod

1818 2478 1939 2519 cum
1968 2460 2057 2517 illa
2088 2476 2195 2515 non
2245 2467 2426 2530 posset
2472 2461 2850 2523 concumbere,
2902 2473 3024 2513 cum
3071 2458 3215 2530 leges
3261 2459 3398 2515 dini-

1819 2552 1970 2607 niant
1998 2567 2012 2605 :
2045 2570 2064 2603 t
2089 2554 2160 2607 Ut
2196 2566 2374 2620 neque
2424 2558 2706 2605 accusator
2760 2564 2857 2620 per
2910 2548 3073 2606 alium
3118 2567 3396 2620 accusare,

1818 2657 1993 2712 neque
2026 2655 2153 2696 reus
2173 2655 2272 2710 per
2306 2639 2470 2693 alium
2501 2638 2713 2695 defendi
2741 2647 2939 2708 potest,
2973 2639 3077 2694 nisi
3123 2639 3394 2711 ingratum

1818 2734 2071 2790 libertum
2102 2742 2365 2803 patronus
2417 2739 2657 2797 accuset,
2693 2740 2785 2785 aut
2815 2731 2894 2786 rei
2921 2730 3163 2785 absentia
3210 2732 3399 2788 defen-

1819 2826 1997 2882 datur.
2034 2844 2052 2877 ι
2095 2824 2164 2879 Ει
2192 2822 2321 2878 item
2347 2840 2358 2875 :
2390 2839 2409 2874 ι
2430 2822 2730 2877 Observare
2747 2819 2959 2889 judices
2979 2820 3284 2891 specialiter
3304 2822 3398 2877 de-

1816 2917 1968 2981 beat,
2006 2926 2066 2970 ut
2087 2915 2140 2969 in
2161 2914 2416 2968 omnibus
2441 2912 2622 2968 causis
2655 2913 2924 2967 sententia
2950 2926 3072 2984 qua:
3097 2911 3398 2969 deliberata

1819 3005 1985 3061 fuerit
2007 3004 2316 3060 constitutis
2337 3001 2545 3073 pariter
2567 3002 2812 3072 partibus
2837 3001 3116 3068 recitetur,
3140 3010 3201 3056 ut
3224 3002 3293 3058 ab
3316 3002 3397 3058 bis

113 3108 227 3173 bit,
279 3118 342 3163 et
378 3106 608 3178 reliqua,
654 3121 776 3177 quae
816 3106 956 3161 sicut
982 3112 1040 3161 et
1072 3105 1432 3176 praecedentia
1477 3103 1711 3162 Nicaenis
1737 3087 1784 3151 C
1816 3115 1847 3154 a
1875 3088 2069 3168 quibus
2107 3112 2269 3151 causa
2298 3095 2443 3150 dicta
2472 3102 2554 3149 est
2578 3093 2647 3149 ad
2671 3094 2940 3166 integrum
2966 3110 3087 3166 qua:
3111 3094 3255 3150 dicta
3280 3093 3396 3151 fue-

112 3199 466 3256 concordant
482 3197 798 3255 canonibus.
823 3216 842 3249 i
868 3196 936 3254 Et
947 3196 1202 3268 quoniam
1228 3197 1370 3253 hunc
1383 3206 1708 3253 conventum

110 3293 510 3362 episcoporum
551 3289 876 3345 Antiocheni
901 3302 1167 3355 canones,
1216 3287 1585 3358 explanantes,
1648 3295 1711 3343 ut

110 3385 388 3449 diximus,
404 3381 729 3438 sententiam
742 3378 943 3436 Nicaani
961 3380 1201 3447 concilii,
1220 3380 1481 3452 synodum
1495 3388 1708 3446 vocant,

108 3483 171 3530 et
209 3471 521 3545 perfectum
562 3487 684 3528 esse
709 3469 994 3527 concilium
1026 3471 1241 3537 dicunt,
1274 3471 1368 3526 ubi
1405 3469 1712 3525 interfuerit

108 3560 577 3633 metropolitanus
620 3561 881 3625 antistes,
930 3575 1041 3630 quo
1088 3560 1410 3630 regulariter
1456 3568 1712 3614 evocatus

107 3655 320 3708 venire
350 3657 443 3704 aut
468 3664 566 3719 pro
595 3657 646 3704 te
670 3662 959 3719 personam
1005 3662 1326 3703 consensum
1372 3656 1519 3701 tuum
1567 3645 1713 3700 defe-

107 3751 345 3799 rentem
376 3739 591 3795 mittere
617 3737 933 3809 neglexisti,
969 3752 1077 3792 non
1104 3746 1158 3793 te
1196 3737 1530 3808 pertransire
1556 3736 1713 3793 debet

110 3836 253 3903 quia
304 3828 595 3899 provinciae
634 3826 832 3883 Africae
875 3840 1109 3882 canones
1137 3825 1495 3882 decreverunt
1540 3826 1709 3897 (conc.

116 3925 271 3994 Afra,
299 3918 419 3991 cap.
448 3918 541 3991 45)
572 3936 587 3974 :
611 3936 631 3971 ο
652 3916 724 3976 Ut
749 3918 1034 3989 episcopus
1062 3933 1092 3971 a
1117 3918 1351 3987 primate
1372 3932 1470 3972 suo
1491 3926 1712 3975 vocatus

114 4016 189 4070 ad
222 4012 493 4085 synodum
517 4017 889 4078 competenter
913 4015 1164 4064 occurrat
1191 4026 1206 4063 :
1236 4009 1378 4078 quod
1406 4008 1451 4063 si
1480 4023 1587 4064 non
1616 4023 1713 4080 po-

118 4105 619 4165 tueritoccurrere,
643 4100 745 4155 nisi
774 4099 1041 4154 rationem
1065 4098 1436 4168 impedimenti
1460 4100 1543 4154 sui
1569 4099 1711 4171 apud

120 4210 289 4251 suum
337 4193 620 4263 primatem
666 4189 981 4254 reddiderit,
1029 4190 1273 4246 ecclesiae
1318 4206 1429 4246 suae
1470 4205 1710 4247 commu-

120 4286 294 4339 nione
316 4283 509 4338 debere
532 4295 653 4337 esse
678 4287 1042 4335 contentum.)
1075 4278 1266 4351 (Ibid.,
1292 4295 1412 4335 can.
1445 4280 1561 4353 20.)
1588 4297 1609 4333 ι
1645 4281 1711 4336 Et

1815 3197 1887 3251 rit
1914 3194 2182 3250 sententia
2213 3199 2591 3260 cognoscatur.
2628 3209 2647 3242 ι
2676 3190 2745 3245 Et
2763 3190 2965 3262 regula:
2997 3190 3185 3247 dicunt
3223 3191 3392 3260 (conc.

1811 3286 1957 3357 Afr.,
1980 3300 2101 3340 can.
2126 3283 2217 3355 96)
2245 3302 2258 3337 :
2299 3302 2317 3333 ι
2346 3279 2419 3337 Ut
2441 3283 2509 3337 ad
2533 3283 2936 3338 accusationem
2977 3298 3085 3338 non
3111 3283 3398 3338 admittan-

1814 3385 1902 3433 tur
1921 3391 2056 3447 quos
2078 3375 2223 3446 leges
2244 3373 2472 3445 publicae
2492 3388 2598 3427 non
2626 3372 2938 3428 admittunt.
2962 3392 2983 3426 ι
3009 3374 3077 3430 Ει
3100 3375 3238 3431 banc
3258 3389 3395 3445 quo-

1813 3481 1921 3537 que
1940 3463 2369 3519 irrationabilem
2390 3462 3002 3518 exeommunicationem
3033 3481 3063 3517 a
3096 3473 3148 3519 te
3176 3464 3395 3532 factam,

1813 3556 1978 3611 etiam
2003 3555 2286 3624 scriptum,
2310 3559 2499 3608 contra
2524 3552 2787 3608 rationem
2813 3563 2868 3608 et
2890 3555 3290 3618 auctoritatem,
3338 3567 3397 3610 et

1815 3661 1925 3703 non
1955 3648 2181 3700 veritate
2201 3642 2631 3708 subnixum,sed
2670 3658 2703 3697 a
2755 3652 2809 3698 te
2850 3641 3095 3700 fabulose
3151 3645 3393 3699 conscri-

1814 3747 1991 3811 ptum,
2011 3736 2269 3801 ostendit,
2301 3733 2446 3806 quod
2470 3733 2599 3789 mihi
2628 3734 2751 3789 inde
2784 3734 2999 3790 dedisti.
3052 3732 3205 3791 Unde
3231 3736 3397 3791 etiam

1818 3830 1979 3887 tertio
2000 3829 2099 3886 tibi
2119 3828 2288 3895 suasi,
2316 3835 2376 3883 ut
2400 3827 2720 3883 sententiam
2749 3837 2892 3883 tuam
2939 3837 3132 3885 contra
3180 3829 3395 3900 regulas

1813 3919 2079 3992 prolatam
2102 3919 2442 3982 immutares,
2477 3918 2803 3973 decernente
2828 3918 3168 3974 Antioclieno
3205 3921 3392 3976 conci—

1812 4011 1886 4066 lio
1911 4010 2078 4081 (conc.
2094 4008 2519 4072 Antioch.,can.,
2545 4007 2670 4077 l5):
2704 4026 2722 4059 ι
2758 4007 2826 4065 Ut
2845 4009 2888 4064 si
2920 4010 3220 4080 episcopus,
3246 4011 3394 4067 nullo

1812 4107 2059 4162 vocante,
2092 4097 2401 4154 inordinato
2423 4113 2575 4154 more
2596 4098 2918 4168 deproperet
2934 4115 3094 4169 super
3119 4100 3392 4171 aliquibus

1812 4191 2261 4257 ordinationibus,
2287 4199 2345 4245 et
2373 4190 2760 4246 ecclesiasticis
2790 4193 3020 4263 negotiis
3040 4194 3107 4246 ad
3138 4207 3260 4247 eum
3282 4209 3391 4251 non

1812 4282 2205 4355 pertinentibus
2229 4274 2639 4349 componendis,
2673 4281 2825 4336 irrita
2848 4283 3063 4352 quidem
3087 4299 3208 4354 quae
3230 4286 3297 4341 ab
3323 4301 3392 4343 eo

121 4377 218 4446 qni
255 4390 362 4429 non
387 4373 547 4429 fuerit
572 4385 799 4428 concors
831 4370 979 4426 circa
1020 4370 1491 4440 metropolitanam
1534 4369 1705 4426 eccle-
1733 4391 1786 4452 ι)
1812 4382 2073 4447 geruntur
2099 4372 2336 4427 existant
2368 4389 2381 4425 :
2416 4373 2529 4442 ipse
2558 4387 2687 4428 vero
2709 4374 3052 4445 incompositi
3074 4386 3254 4433 motus
3282 4380 3389 4446 sui,

120 4471 290 4531 siam,
315 4473 369 4520 et
391 4466 533 4521 circa
565 4462 906 4520 sacerdotale
932 4460 1221 4517 concilium
1239 4502 1254 4525 ,
1294 4462 1389 4517 sed
1414 4460 1629 4516 inflatus
1654 4469 1710 4516 et

126 4560 195 4613 ab
220 4559 330 4613 hoc
352 4555 623 4612 consortio
651 4560 932 4623 separatus
957 4558 1110 4621 putat
1138 4551 1367 4621 propriae
1396 4550 1534 4619 plebi
1559 4551 1712 4605 incu-

130 4646 405 4711 bandum,
447 4652 502 4700 et
544 4656 928 4713 nonnunquam
971 4650 1269 4696 conventus
1310 4640 1379 4696 ad
1418 4640 1709 4696 concilium

131 4738 322 4792 \t‘llil'e
344 4738 607 4793 detrectat
630 4776 644 4798 ,
672 4736 817 4791 circa
856 4735 1001 4789 hunc
1040 4749 1148 4790 non
1187 4741 1396 4787 tantum
1429 4732 1710 4788 dioecesim

128 4844 241 4888 non
265 4844 391 4886 esse
412 4830 761 4894 servandam,
789 4839 976 4880 verum
1018 4832 1073 4879 et
1104 4824 1171 4879 de
1199 4827 1414 4894 prapria
1445 4822 1707 4890 Ecclesia,

128 4927 133 4932 '
175 4944 197 4969 ο
270 4920 354 4978 illi
379 4920 515 4975 male
536 4919 749 4984 faverit,
774 4914 1085 4973 omnimodo
1100 4914 1447 4970 adnitendum
1464 4924 1523 4970 ut
1542 4914 1709 4968 etiam

132 5012 459 5067 auctaritate
483 5010 695 5081 publica
736 5007 1030 5079 rejiciatur,
1060 5016 1224 5077 atque
1260 5005 1328 5059 ab
1358 5004 1471 5077 ipsa
1501 5004 1709 5076 princi-

133 5096 237 5173 pali
263 5102 516 5157 cathedra
554 5106 911 5156 removeatur.
941 5113 961 5149 ι
993 5095 1131 5164 Quia
1156 5109 1289 5151 vero
1314 5097 1475 5152 semel
1524 5109 1591 5149 ac
1619 5108 1708 5149 se-

134 5194 314 5251 cundo
335 5233 352 5261 ,
378 5195 584 5251 caeteris
611 5191 943 5261 coepiscopis
977 5190 1183 5248 nostris
1218 5190 1286 5245 ad
1309 5191 1708 5247 ordinationem

133 5281 427 5341 secundum
457 5295 649 5339 sacras
680 5280 888 5351 regulas
927 5279 1393 5349 convenientibus,
1424 5292 1479 5337 et
1508 5279 1710 5334 absem

139 5376 276 5396 εει-Α--
307 5388 402 5396 --.ι
443 5375 637 5396 ,Α-ξ-ΔΑ
691 5372 1144 5396 ‘An-A_-:--.:LA“
1217 5381 1269 5396 ι.-
1315 5374 1476 5396 ..Α-..-1
1527 5384 1594 5396 ΑΔ
1620 5384 1678 5396 ΛΑ

1812 4473 1870 4520 et
1897 4462 2281 4519 irrationabilis
2305 4463 2544 4518 audaciae
2572 4464 2765 4519 subeat
2812 4466 3069 4521 ultionem
3098 4507 3115 4533 ,
3168 4481 3231 4523 ex
3286 4470 3391 4527 hoc
3430 4498 3437 4503 -

1807 4554 1920 4625 jam
1946 4553 2232 4608 damnatus
2259 4567 2289 4605 a
2315 4561 2503 4606 sancto
2529 4552 2777 4609 concilio.
2811 4574 2829 4606 ι
2871 4553 2984 4609 Νοη
3016 4556 3163 4611 enim
3188 4566 3390 4614 metro-

1811 4641 2085 4712 politanus
2116 4654 2260 4704 eras,
2288 4648 2349 4695 ut
2385 4640 2694 4695 sollicitudo
2729 4642 2896 4698 totius
2922 4644 3214 4715 provinciae
3238 4647 3305 4698 ad
3334 4653 3390 4701 te

1814 4732 2130 4804 pertineret.
2155 4729 2262 4785 Sed
2287 4732 2430 4801 quod
2453 4731 2547 4786 tibi
2568 4731 2854 4790 honestum
2878 4736 3077 4801 fuerat,
3116 4744 3171 4790 et
3195 4737 3389 4805 praeci-

1813 4824 1969 4894 piunt
1999 4820 2213 4892 regulae,
2246 4822 2492 4877 obtinere
2528 4837 2635 4878 non
2666 4824 2848 4891 potui,
2892 4827 3062 4881 donec
3106 4823 3386 4892 placitum,

1814 4924 1870 4970 te
1902 4924 2118 4984 propter
2144 4912 2293 4982 pacis
2316 4914 2707 4982 cbaritatisque
2738 4915 3040 4972 custodiam
3067 4913 3387 4980 cohibente,

1814 5008 1871 5063 in
1920 5005 2153 5062 contlnio
2195 5009 2578 5073 parochiamm
2618 5012 2933 5062 nostrarum
2978 5002 3230 5066 condixi,
3282 5018 3391 5071 quo

1814 5082 2032 5168 quidam
2055 5110 2119 5150 ex
2140 5093 2471 5169 coepiscopis
2495 5093 2723 5156 noStris,
2746 5103 2804 5148 et
2836 5093 2989 5149 multi
3015 5089 3388 5157 ecclesiastici,

1813 5198 1869 5243 et
1899 5187 2101 5243 laicalis
2116 5183 2349 5253 ordinis,
2382 5205 2447 5246 ac
2472 5183 2703 5245 nobileS,
2730 5191 2785 5236 et
2809 5178 3097 5240 mediocris
3122 5179 3389 5237 conditio-

1812 5278 1902 5336 nis
1926 5277 2030 5333 viri
2066 5288 2434 5335 convenerunt
2461 5299 2475 5334 :
2505 5274 2601 5332 ubi
2654 5284 2819 5325 causa
2862 5268 3304 5327 irrationabiliter
3337 5281 3395 5329 et

2427 5360 2763 5396 _......Iol-ilnp
2792 5370 2958 5396 ain-nn
2987 5355 3230 5396 lﬂmlilnr
3254 5358 3389 5396 .ΙίΠῖ-

1811 5370 2095 5396 ξηιηηΑι-ΙΑ
2119 5381 2148 5396 n
2179 5373 2229 5396 In
2260 5376 2374 5396 an}-
