4012 6318
527 343 636 403 527

1495 334 1826 394 HINCMARI
1863 329 2257 390 MEMENSIS
2288 329 2803 386 ARCHIEPISCOPI

533 457 709 512 stilnti
760 452 1172 510 sollicitudinem
1221 451 1558 520 susciperent
1605 426 1923 519 ampliorem
1948 488 1964 514 ,
2015 461 2114 518 per
2141 449 2189 507 Α
2218 452 2411 498 natura
2445 443 2680 513 mquales
2723 443 2926 514 genuit.
2959 443 3058 500 sed
3095 443 3344 499 variante
3369 444 3686 501 meritorum
3717 463 3808 502 or-

534 564 671 618 quos
701 547 766 602 ad
797 562 959 601 unam
982 545 1127 600 Petri
1155 544 1334 598 sedem
1364 541 1682 597 universalis
1703 542 1958 597 Ecclesia:
1983 555 2115 595 cura

532 638 850 704 conﬂueret,
882 645 936 692 et
967 636 1098 690 nihil
1137 650 1365 704 usquam
1393 649 1420 688 a
1455 649 1553 689 suo
1588 633 1764 702 capite
1804 633 2111 688 dissideret.

535 729 636 797 Qui
664 743 792 799 ergo
814 728 1000 782 scilse
1021 726 1342 797 quibusdam
1369 725 1735 797 praepositum,
1759 741 1866 781 non
1892 725 2116 780 moleste

535 823 676 879 ferat
704 821 803 876 sibi
851 819 1238 890 aliquem‘esse
1279 818 1582 890 praelatum,
1615 820 1707 873 sed
1747 818 2113 873 obedientiam

536 928 696 983 quam
728 911 896 982 exigit
945 911 1108 966 etiam
1137 911 1250 981 ipse
1267 910 1564 981 .dependat.
1607 928 1626 962 ι
1667 907 1802 964 Nam
1835 909 1901 974 si,
1954 917 2015 964 ut
2037 909 2118 964 le-

537 1004 732 1075 gimus,
760 1003 982 1075 angelus
1013 1002 1204 1074 angelo
1229 1002 1400 1058 dicit:
1428 1000 1594 1056 Curre
1625 1011 1673 1056 et
1700 1002 1906 1072 loquere
1927 999 2112 1074 (Zach.

535 1110 597 1155 ll.
629 1093 724 1165 4),·
744 1103 800 1149 et
842 1093 1064 1165 angelus
1093 1093 1278 1147 obedit
1327 1093 1539 1162 angelo,
1591 1107 1696 1147 non
1749 1092 1908 1146 debet
1953 1092 2116 1147 homo

535 1187 816 1260 dedignari
840 1186 1042 1242 homini
1063 1186 1304 1250 obedire,
1327 1182 1628 1254 prmsertim
1653 1200 1776 1239 cum
1800 1183 2114 1240 inobedien-

535 1280 606 1334 tia
648 1278 893 1349 parentis
932 1277 1092 1348 primi
1118 1275 1436 1348 perditionis
1478 1290 1643 1330 causa
1678 1275 1749 1329 sit
1775 1275 1988 1345 generis
2017 1276 2117 1330 hu-

534 1370 701 1434 mani,
735 1378 790 1424 et
815 1368 1116 1424 obedientia
1163 1366 1463 1423 Salvatoris
1491 1367 1683 1432 nostri,
1719 1367 1811 1436 qui
1838 1365 2009 1421 factus
2033 1374 2118 1421 est

457 1479 467 1492 ι
531 1460 788 1515 obediens
812 1458 961 1514 Patri
1007 1473 1176 1528 usque
1221 1459 1287 1512 ad
1324 1465 1556 1512 mortem
1601 1457 1800 1520 crucis,
1843 1456 2116 1526 reparatio

533 1553 604 1609 sit
632 1553 882 1608 humanae
931 1551 1140 1607 salutis.
1184 1550 1438 1606 Diabolus
1487 1551 1684 1621 quippe
1731 1550 1993 1619 superbus
2018 1549 2118 1604 ho-
2181 1612 2186 1614 _

538 1646 740 1701 minem
768 1644 1168 1714 superbientem
1211 1642 1467 1713 perduxit
1493 1641 1545 1696 in
1574 1649 1838 1705 mortem;
1867 1639 2115 1696 Christus

534 1737 755 1792 humilis
813 1737 1087 1792 hominem
1135 1736 1474 1792 obedientem
1531 1735 1749 1790 reduxit
1804 1735 1871 1789 ad
1922 1734 2109 1788 vitam.

2219 535 2365 599 dine,
2395 535 2531 590 alios
2575 535 2696 589 aliis
2725 535 2880 605 culpa
2907 537 3202 606 postponit.
3252 536 3372 606 Ipsa
3412 545 3592 591 autem
3617 539 3806 593 diver-

2216 627 2369 691 sitas,
2403 643 2524 698 quae
2551 629 2782 684 accessit
2809 643 2876 682 ex
2900 629 3051 695 vitio,
3083 630 3271 685 divino
3293 629 3499 700 judicio
3519 631 3808 700 dispensa—

2217 724 2331 782 tur,
2363 725 2418 771 ut
2441 718 2567 786 quia
2596 718 2776 774 omnis
2804 719 2966 774 homo
3011 735 3166 792 aeque
3201 729 3350 776 stare
3383 737 3490 776 non
3519 720 3686 784 valet,
3721 722 3802 775 al—

2217 816 2303 865 ter
2330 819 2551 881 regatur
2583 812 2653 866 ab
2687 810 2880 868 altero.
2917 831 2937 865 ι

2818 943 3048 1002 CAPUT
3071 943 3190 1003 XV.

2216 1057 2297 1114 De
2318 1061 2721 1131 paternitatibus
2737 1070 2785 1116 et
2819 1061 3134 1117 incolatibus
3157 1062 3212 1118 in
3235 1061 3384 1130 cwlo,
3407 1071 3456 1118 et
3477 1062 3535 1117 in
3561 1059 3808 1118 Ecclesia

2824 1140 2874 1186 et
2906 1131 3188 1204 republica.

2287 1262 2356 1318 Et
2381 1263 2508 1334 quia
2533 1276 2630 1333 per
2656 1262 2944 1318 distinctos
2968 1261 3187 1318 ordines
3213 1270 3338 1318 sunt
3366 1262 3734 1334 paternitates
3754 1272 3810 1317 et

2219 1355 2488 1412 incolatus
2517 1371 2548 1410 a
2595 1355 2706 1411 Deo
2735 1357 3014 1411 constituti
3045 1356 3097 1409 in
3149 1355 3308 1422 coelo,
3347 1356 3425 1410 de
3468 1355 3672 1425 quibus
3717 1371 3812 1426 per

2219 1447 2503 1503 Danielem
2533 1448 2734 1502 dicitur
2765 1464 2779 1500 :
2811 1445 2987 1500 Millia
3017 1445 3240 1500 millium
3268 1446 3645 1500 ministrabant
3668 1446 3741 1509 ei,
3766 1453 3816 1498 et

2217 1540 2386 1594 decies
2416 1539 2606 1594 millies
2635 1549 2852 1593 centena
2875 1537 3043 1592 millia
3068 1537 3375 1592 assistebant
3401 1538 3448 1590 ei
3483 1535 3655 1607 (Dan.
3685 1537 3811 1605 vn),

2216 1632 2411 1702 quibus
2441 1630 2739 1687 electorum
2769 1644 2987 1700 quoque
3030 1629 3309 1684 hominum
3339 1641 3599 1684 numerus
3619 1625 3813 1696 jungi-

2220 1731 2328 1788 tur,
2364 1731 2421 1777 et
2440 1721 2582 1776 aliud
2608 1730 2692 1776 est
2717 1720 3054 1787 ministrare,
3075 1708 3221 1774 aliud
3243 1719 3516 1783 assistere,
3541 1718 3610 1772 ad
3635 1718 3816 1772 instar

533 1827 670 1894 Quia
719 1829 860 1883 sicut
909 1828 996 1882 ille
1063 1827 1238 1882 elatus
1284 1827 1487 1883 cecidit
1541 1835 1596 1881 et
1641 1827 1838 1896 dejecit
1883 1840 2113 1881 consen-
2143 1807 2382 1884 Bllujus
2407 1813 2644 1869 caelestis
2672 1811 3064 1884 ἀίεροεῖῐίοηίεν
3091 1811 3227 1866 θείη
3254 1809 3474 1876 mundo.
3501 1808 3814 1866 1100mm!In

531 1920 778 1986 tientem,
815 1921 894 1977 sic
931 1920 1034 1977 iste
1076 1921 1391 1977 humiliatus
1425 1921 1660 1977 surrexit
1697 1928 1752 1976 et
1779 1919 1955 1976 erexit
1989 1934 2110 1977 cre-

532 2012 767 2068 dentem.

1124 2144 1353 2204 CAPUT
1391 2143 1531 2202 XIV.

533 2273 688 2341 Quod
713 2284 762 2330 et
783 2277 839 2331 in
867 2276 1135 2348 republica
1165 2279 1234 2331 ad
1257 2279 1427 2333 instar
1455 2277 1670 2334 ccclesiis
1691 2277 1896 2334 militia:
1923 2279 2115 2335 diversi

1144 2350 1249 2403 sint
1279 2349 1511 2405 ordines.

599 2462 737 2530 Quia
767 2464 932 2519 etiam
974 2463 1083 2519 sint
1113 2465 1287 2535 angeli
1329 2465 1577 2537 gentibus
1604 2466 1830 2537 praelati,
1865 2466 2117 2525 doctores

529 2556 779 2611 catholici
823 2571 890 2611 ex
927 2556 1106 2612 verbis
1157 2558 1330 2628 angeli
1371 2573 1467 2628 per
1495 2559 1766 2614 Danielem
1797 2561 2113 2630 prophetam

528 2649 840 2713 ostendunt,
872 2648 1102 2704 dicentis
1131 2665 1145 2702 :
1183 2648 1296 2719 Ego
1323 2650 1436 2703 veni
1456 2661 1666 2720 prapter
1684 2667 1946 2707 sermones
1975 2663 2111 2707 tuos.

533 2738 783 2809 Princeps
809 2749 984 2794 autem
1026 2742 1171 2811 regni
1204 2739 1491 2796 Persarum
1542 2743 1726 2796 restitit
1775 2746 1904 2798 mihi
1937 2745 2116 2816 viginti

529 2838 577 2884 et
607 2845 710 2882 uno
759 2829 964 2895 diebus,
1021 2839 1069 2885 et
1112 2848 1228 2886 ecce
1257 2831 1485 2887 Michael
1531 2849 1668 2887 unus
1701 2833 1768 2890 de
1793 2837 2115 2906 principibus

531 2920 716 2989 primis
744 2922 879 2975 venit
906 2922 963 2975 in
1004 2922 1330 2991 adjutorium
1362 2924 1488 2977 mihi
1531 2924 1694 2994 (Dan.
1721 2927 1812 2998 x);
1865 2936 1920 2983 et
1956 2929 2115 2998 paulo

531 3020 653 3081 post
684 3030 697 3066 :
735 3011 892 3068 Nune
938 3024 1170 3069 revertar
1214 3026 1269 3069 ut
1297 3017 1506 3086 pra‘lier
1530 3018 1782 3076 adversus
1830 3023 2115 3094 principem

531 3101 841 3158 Persarum.
882 3103 1014 3159 Cum
1065 3108 1202 3160 enim
1249 3107 1540 3178 egrederer,
1580 3114 1828 3182 apparuit
1875 3117 2115 3186 princeps

531 3193 834 3250 ercorum
870 3198 1147 3253 adveniens
1191 3199 1385 3272 (ibid.).
1426 3219 1444 3251 ‹
1493 3201 1660 3270 Quos,
1713 3205 1885 3276 inquit
1926 3208 2118 3264 beatus

529 3285 824 3359 Gregorius
865 3289 978 3359 (lib.
1031 3305 1143 3345 xvn
1186 3289 1403 3356 Moral.,
1443 3307 1489 3346 c.
1540 3293 1620 3365 8),
1669 3295 1802 3351 alios
1844 3298 2126 3368 principes

529 3379 768 3445 gentium
800 3379 902 3435 nisi
934 3380 1152 3450 angelos
1180 3381 1447 3452 appellat?
1469 3385 1598 3455 quia
1628 3395 1772 3440 certa
1805 3387 2116 3458 angelorum

533 3468 834 3524 ministeria
870 3469 1251 3540 dispensandis
1277 3471 1504 3544 singulis
1533 3475 1833 3546 quibusque
1868 3478 2118 3548 gentibus

530 3567 657 3613 sunt
686 3559 931 3630 praelata,
969 3577 1092 3617 cum
1123 3563 1491 3634 subjectorum
1534 3582 1715 3622 mores
1755 3569 2012 3624 adversus
2059 3585 2119 3625 se

528 3647 767 3702 vicissim
812 3651 1226 3721 prmpositorum
1270 3653 1563 3722 spirituum
1615 3671 1770 3727 opem
1818 3668 2115 3727 merentur,

528 3737 632 3808 ipsi
659 3741 752 3811 qui
797 3751 1038 3812 prmsunt
1068 3744 1296 3813 spiritus
1327 3757 1515 3803 contra
1555 3763 1615 3804 se
1644 3750 1832 3805 venire
1863 3751 2116 3806 referun-

529 3839 636 3886 tur.
687 3831 738 3887 ls
787 3849 1023 3904 namque
1076 3828 1323 3910 angelus,
1379 3841 1469 3910 qui
1513 3841 1720 3896 Danieli
1775 3841 2115 3913 loquebatur,

527 3923 755 3992 captivis
811 3923 1096 3983 lsraelitiei
1150 3929 1332 3999 populi
1402 3930 1457 3984 in
1523 3930 1742 3987 Perside
1810 3934 2121 3990 constitutis

530 4013 785 4082 pra-latus
818 4016 1137 4084 agnoscitur
1169 4033 1182 4070 :
1213 4017 1443 4073 Michael
1470 4028 1649 4074 autem
1696 4035 1885 4075 eorum
1927 4022 2019 4089 qui
2050 4037 2117 4076 ex

530 4095 721 4159 eadem
763 4103 920 4175 plebe
951 4105 1005 4160 in
1035 4103 1217 4161 Judaea
1259 4116 1403 4161 terra
1437 4119 1833 4173 remanserant,
1864 4111 2120 4180 praeposi-

537 4201 624 4249 tus
663 4194 958 4250 invenitur.
1004 4195 1158 4252 Unde
1203 4205 1258 4251 et
1288 4197 1356 4252 ab
1384 4199 1488 4254 hoc
1519 4199 1708 4254 eodem
1739 4200 1930 4271 angelo
1958 4202 2120 4272 paulo

533 4292 657 4354 post
707 4284 912 4340 Danieli
967 4287 1167 4343 dicitur
1218 4306 1232 4342 :
1285 4288 1455 4345 Nemo
1493 4298 1576 4344 est
1623 4289 1834 4359 adjutor
1883 4309 2034 4348 meus
2064 4295 2118 4348 in

533 4375 786 4430 omnibus
815 4376 920 4443 his,
945 4377 1049 4433 nisi
1091 4377 1318 4434 Michael
1358 4380 1609 4451 princeps
1647 4391 1848 4449 vester,
1900 4385 1966 4440 de
2011 4401 2119 4456 quo

535 4467 709 4523 dicit:
741 4468 810 4524 Et
838 4485 953 4525 ecce
1004 4471 1233 4528 Michael
1276 4490 1413 4528 unus
1455 4475 1520 4529 de
1571 4477 1890 4547 principibus
1932 4481 2117 4550 primis

535 4559 666 4611 venit
700 4558 753 4611 in
782 4559 1111 4630 adjutorium
1134 4563 1283 4618 mihi.
1306 4563 1410 4630 Qui
1439 4563 1565 4620 dum
1593 4581 1933 4639 nequaquam
1957 4571 2117 4625 simul

534 4667 677 4717 esse,
723 4651 818 4706 sed
849 4653 1035 4708 venire
1086 4655 1140 4709 in
1193 4655 1523 4724 adjutorium
1561 4657 1780 4724 dicitur,
1834 4671 2021 4730 aperte
2064 4662 2116 4717 ei

535 4742 732 4814 pepulo
752 4742 1012 4812 praelatus
1033 4747 1346 4816 agnoscitur
1367 4749 1457 4818 qui
1481 4749 1726 4820 captivus
1749 4750 1803 4804 in
1831 4751 1936 4805 alia
1961 4761 2117 4820 parte

534 4837 842 4892 tenebatur.
871 4835 1012 4904 Quid
1040 4846 1124 4892 est
1157 4853 1286 4910 ergo
1314 4841 1564 4911 angelum
1596 4843 1776 4897 dicere
1803 4861 1816 4896 :
1845 4842 1959 4914 Ego
2000 4847 2117 4902 veni

532 4939 742 5000 propter
770 4945 1034 4984 sermones
1079 4941 1196 4985 tuos
1225 4945 1243 4983 :
1273 4933 1510 5004 princeps
1541 4946 1714 4990 autem
1755 4938 1899 5008 regni
1923 4936 2129 4993 Persa;

535 5036 649 5073 ram
679 5019 864 5074 restitit
891 5020 1040 5084 mihi,
1066 5019 1171 5075 nisi
1200 5035 1296 5075 sua
1325 5023 1556 5080 subditis
1577 5039 1742 5095 opera
1777 5027 2060 5084 nuntiare?
2087 5046 2106 5080 ι

534 5111 602 5166 Ει
629 5111 715 5167 his
755 5111 945 5166 beatus
979 5110 1340 5183 Hieronymus
1367 5127 1602 5170 consona
1650 5117 1802 5184 dicit,
1843 5133 1962 5187 qua:
2004 5119 2117 5190 ple-

534 5202 658 5258 nius
695 5203 786 5272 qui
837 5201 1070 5258 voluerit
1117 5204 1172 5258 in
1219 5203 1332 5260 suis
1379 5203 1512 5260 locis
1563 5205 1740 5278 legere
1788 5219 1984 5279 potest.
2033 5209 2117 5268 Ad

535 5295 678 5364 quod
706 5293 879 5350 instar
900 5302 1026 5350 sunt
1052 5295 1272 5350 ordines
1306 5295 1363 5350 in
1411 5294 1610 5352 saeculo
1637 5296 1730 5354 Dei
1775 5300 2119 5358 ordinatione

429 5424 439 5434 .
534 5385 795 5450 distincti,
820 5387 961 5442 sicut
982 5394 1249 5442 monstrat
1277 5388 1586 5458 Apostolus,
1627 5390 1811 5446 dicens
1839 5409 1852 5444 :
1881 5392 2118 5462 Subjecti

535 5487 697 5531 estote
717 5479 857 5533 omni
885 5480 1132 5535 humana:
1150 5490 1406 5535 creatura:
1434 5495 1643 5552 propter
1661 5482 1851 5548 Deum,
1877 5485 1981 5538 sive
2008 5485 2119 5556 regi

537 5577 785 5636 tanquam
835 5571 1190 5640 prwcellenti,
1241 5574 1347 5627 sive
1383 5573 1602 5628 ducibus
1658 5586 1908 5646 tanquam
1949 5576 2014 5630 ab
2057 5591 2116 5631 eo

536 5659 708 5714 missis
741 5659 790 5731 (l
823 5659 967 5716 Petr.
991 5679 1055 5728 ιι,
1087 5665 1198 5736 15).
1232 5684 1249 5716 ι
1295 5665 1513 5736 Liquet,
1543 5666 1716 5736 inquit
1749 5667 1942 5721 beatus
1982 5665 2118 5722 Grc-

531 5750 721 5825 gorius
763 5751 876 5822 (lib.
903 5770 996 5810 nl
1036 5755 1208 5822 Man,
1241 5775 1288 5812 c.
1323 5759 1432 5829 10),
1471 5759 1613 5829 quod
1641 5771 1832 5814 omnes
1874 5757 2119 5818 homines

2216 1906 2582 1962 dimensiones
2599 1905 3093 1962 ecclesiasticarum
3121 1904 3474 1971 incolatuum,
3497 1904 3597 1959 sed
3619 1911 3686 1960 et
3704 1913 3811 1958 ter-

2215 2011 2493 2062 renorum,
2528 1997 2806 2069 dispositae
2835 2012 2865 2050 a
2894 1996 3005 2052 Deo
3023 1996 3282 2062 existunt,
3307 1996 3451 2052 sicut
3467 2005 3525 2051 et
3550 1995 3608 2049 in
3629 1993 3808 2050 veteri

2213 2090 2413 2161 populo
2435 2091 2786 2155 exstiterunt,
2812 2087 2978 2144 veluti
3004 2087 3142 2144 libro
3170 2087 3539 2144 Pentateucho
3582 2087 3814 2142 desueu-

2214 2190 2424 2238 stratur
2451 2183 2504 2238 in
2531 2182 2868 2238 dimensione
2898 2190 3056 2237 terrae
3098 2181 3477 2252 promissionis
3515 2195 3620 2252 per
3675 2181 3810 2236 duo-

2217 2273 2391 2328 decim
2418 2273 2592 2330 tribus
2617 2273 2847 2330 ﬁliorum
2877 2271 3058 2329 Israel.
3075 2271 3230 2329 Unde
3246 2281 3300 2328 et
3322 2272 3526 2329 Paulus
3550 2273 3608 2328 in
3630 2272 3812 2344 Syna-

2215 2379 2350 2438 goga
2400 2368 2542 2438 apud
2595 2367 2940 2423 Antiochiam
2990 2366 3196 2423 iaciens
3241 2382 3572 2432 sermonem,
3621 2366 3814 2423 dixit:

2218 2459 2359 2515 Deus
2384 2459 2547 2530 plebis
2572 2459 2742 2515 Israel
2763 2459 2917 2531 elegit
2935 2471 3110 2530 patres
3135 2470 3337 2516 nostros
3360 2461 3500 2532 (Act.
3543 2476 3678 2526 xm,
3697 2461 3814 2532 l7);

2216 2560 2270 2606 et
2300 2551 2460 2621 paulo
2486 2559 2608 2621 post
2636 2566 2650 2605 :
2679 2551 2963 2607 Destruens
2989 2560 3163 2622 gentes
3184 2560 3378 2622 septem
3405 2553 3463 2606 in
3502 2561 3647 2606 terra
3675 2549 3814 2606 Cha-

2221 2659 2401 2707 naam,
2429 2653 2569 2698 sorte
2615 2644 2882 2699 distribuit
2925 2646 3000 2699 eis
3030 2653 3219 2700 terram
3251 2661 3432 2700 eorum
3467 2643 3653 2716 (ibist,
3706 2644 3814 2715 i9).

2218 2729 2412 2802 Ejecit,
2439 2731 2616 2801 inquit
2639 2732 2898 2802 psalmus,
2931 2751 2964 2787 a
2994 2733 3133 2803 facie
3160 2749 3339 2788 eorum
3364 2743 3564 2804 gentes,
3597 2743 3651 2788 et
3682 2741 3819 2788 sorte

2219 2827 2393 2882 divisit
2440 2829 2516 2882 eis
2565 2835 2758 2883 terram
2806 2829 2864 2883 in
2918 2828 3155 2899 funiculo
3203 2829 3588 2882 distributionis
3633 2824 3812 2899 (Psal.

2219 2919 2446 2990 Lxxvn).
2480 2920 2548 2975 Et
2570 2920 2762 2976 beatus
2788 2919 3028 2977 Joannes
3071 2922 3128 2976 in
3164 2921 3492 2994 Apocalypsi
3535 2921 3697 2988 dicit,
3725 2937 3816 2976 ao-

2219 3009 2366 3066 disse
2405 3025 2466 3067 se
2512 3027 2796 3068 numerum
2844 3013 2912 3068 de
2965 3027 3290 3083 unaquaque
3334 3013 3481 3068 tribu
3520 3013 3812 3070 duodecim

2219 3100 2385 3155 millia
2429 3101 2758 3172 signatorum
2811 3102 2995 3173 (Apoc.
3052 3106 3172 3175 vn).
3223 3101 3340 3160 Hoc
3386 3103 3535 3158 enim
3585 3117 3816 3158 numero

2145 3183 2190 3247 C
2223 3192 2470 3260 dilﬁnito,
2498 3203 2558 3248 ut
2583 3194 2838 3250 catholici
2884 3196 3138 3251 doctores
3160 3196 3476 3267 exponunt,~
3499 3197 3816 3253 innumera-

2220 3282 2345 3340 bilis
2370 3285 2707 3356 signiﬁcatur
2741 3288 2906 3342 totius
2953 3288 3209 3344 Ecclesia:
3249 3288 3562 3356 multitudo,
3594 3305 3723 3360 quae
3751 3291 3814 3346 de

2219 3378 2566 3446 patriarcbis,
2596 3378 2680 3432 vel
2722 3380 2974 3451 prosapia
3004 3381 3205 3446 carnis,
3236 3379 3320 3437 vel
3365 3380 3492 3436 ﬁdei
3521 3389 3611 3436 est
3637 3381 3814 3436 imita-

2221 3469 2370 3524 tione
2414 3471 2718 3542 progenita.
2750 3470 2811 3527 Si
2837 3474 2998 3538 enim,
3053 3473 3246 3543 inquit,
3290 3489 3380 3527 vos
3423 3471 3646 3537 Christi,
3700 3488 3815 3543 ergo

2220 3561 2446 3616 Abrahw
2459 3579 2632 3617 semen
2657 3567 2779 3618 estis
2807 3563 2949 3636 (Gal.
2975 3580 3058 3631 nl,
3080 3550 3196 3638 ‘29.)
3225 3564 3306 3618 Ad
3333 3572 3694 3634 augmentum
3719 3579 3812 3618 auc

2223 3662 2331 3708 tem
2357 3653 2710 3723 perfectionis
2734 3657 2972 3726 pertinet
2999 3666 3055 3712 et
3079 3656 3192 3726 ipsa
3213 3656 3496 3712 duodecim
3522 3655 3816 3711 duodecies

2222 3742 2589 3813 multiplicari,
2614 3752 2673 3799 et
2703 3744 2772 3798 ad
2797 3760 3067 3800 summam
3095 3745 3456 3801 millenarium
3480 3746 3702 3816 perlici,
3724 3744 3812 3816 qui

2222 3843 2307 3888 est
2337 3835 2592 3890 denarius
2619 3849 2877 3892 numerus
2904 3838 3203 3907 quadratus
3229 3837 3460 3903 solidus,
3490 3837 3812 3909 signiﬁcans

2222 3925 2471 3982 stabilem
2496 3926 2751 3983 Ecclesiae
2772 3928 2958 3983 vitam.
2988 3928 3280 3999 Propterea
3312 3929 3512 4000 quippe
3534 3927 3814 3984 duodena-

2222 4016 2304 4072 rio
2325 4033 2552 4072 numero
2571 4019 2768 4088 saepius
2788 4017 3028 4075 Ecclesia
3053 4021 3333 4090 ﬁguratur,
3349 4021 3477 4090 quia
3497 4036 3601 4092 per
3619 4022 3810 4077 orbem

2219 4110 2546 4177 quadratum
2581 4109 2634 4163 in
2664 4109 2770 4164 ﬁde
2812 4109 3064 4166 consistit
3111 4118 3310 4166 sancta:
3359 4109 3662 4167 Trinitatis.
3710 4109 3812 4167 Ter

2220 4199 2366 4252 enim
2413 4199 2664 4268 quaterni
2691 4199 3145 4271 decusdipondius
3196 4198 3420 4254 iaciunt.
3468 4198 3723 4270 Denique
3758 4208 3816 4254 et

2221 4288 2472 4359 apostoli,
2503 4291 2749 4345 eamdem
2773 4290 2973 4346 mundo
3015 4289 3177 4345 ﬁdem
3208 4290 3573 4361 praedicaturi,
3602 4290 3812 4345 duode-

2221 4379 2326 4436 cim
2353 4389 2480 4435 sunt
2528 4381 2706 4447 electi,
2736 4396 2964 4438 numero
3017 4381 3226 4438 scilicet
3263 4382 3583 4454 mysterium
3631 4380 3812 4452 operis

2223 4473 2308 4529 sui
2333 4474 2650 4546 ﬁgurantes.
2675 4474 2824 4531 Missi
2853 4484 2980 4531 sunt
2997 4475 3143 4531 enim
3172 4487 3268 4547 per
3292 4475 3617 4544 quadratum
3651 4489 3808 4529 mun-

2144 4535 2196 4596 D
2220 4564 2349 4620 dum
2369 4535 2667 4638 praedicare
2693 4565 2854 4621 ﬁdem
2896 4573 3100 4622 sancta:
3135 4535 3438 4632 Trinitatis,
3471 4573 3526 4620 et
3555 4564 3808 4620 incarna-

2224 4664 2336 4711 tum
2382 4656 2451 4711 de
2496 4653 2705 4727 spiritu
2753 4664 2944 4712 sancto
2979 4670 3050 4711 ex
3076 4655 3252 4710 Maria
3283 4655 3492 4726 virgine
3518 4654 3812 4710 Dominum

2220 4745 2404 4804 Iesum
2434 4746 2730 4814 Christum,
2760 4756 2817 4804 et
2841 4749 2984 4804 hunc
3011 4747 3352 4814 cruciﬁxum,
3397 4746 3540 4802 sicut
3571 4747 3625 4802 in
3656 4747 3812 4818 Sym-

2221 4836 2345 4892 bolo
2368 4819 2716 4894 continetur:
2745 4853 2854 4910 quo
2881 4838 3038 4908 signo
3064 4837 3263 4902 crucis,
3309 4845 3364 4892 et
3412 4850 3512 4908 per
3556 4834 3810 4891 Ezechie-

2221 4929 2328 4986 lem
2355 4930 2409 4984 in
2439 4929 2610 5002 ﬁgura
2641 4929 2859 5001 (Bacch.
2902 4928 3004 5001 is),
3037 4937 3093 4984 et
3115 4943 3213 5000 per
3243 4927 3507 4984 Joannem
3527 4925 3586 4982 in
3609 4922 3811 4998 speciei

2221 5020 2451 5077 veritate
2472 5019 2658 5092 (Apoc.
2675 5020 2799 5093 vn),
2825 5018 3013 5075 ﬁdeles
3032 5019 3234 5090 signati
3258 5026 3651 5074 monstrantur.
3675 5017 3810 5072 Nam

2220 5120 2277 5166 et
2299 5111 2415 5182 ipsa
2446 5111 2626 5166 crucis
2653 5110 2826 5181 ﬁgura
2866 5110 3146 5165 dilatatum
3174 5109 3372 5178 ubique
3399 5106 3616 5163 Domini
3646 5104 3812 5178 signi-

2221 5201 2350 5255 ﬁcat
2377 5214 2624 5271 regnum,
2651 5210 2706 5255 et
2729 5200 3100 5256 monarchiam
3138 5197 3264 5254 ﬁdei
3295 5197 3464 5270 ipsius
3486 5196 3650 5268 signi,
3673 5195 3812 5251 sicut

2221 5301 2378 5349 vetus
2401 5293 2671 5348 distichon
2699 5293 2893 5363 probat
2925 5311 2939 5347 :

2379 5409 2592 5474 Respice
2613 5410 2853 5461 distinctis
2875 5411 3158 5472 quadratum
3186 5408 3404 5474 partibus
3417 5406 3611 5468 orbem,

2441 5470 2504 5522 υἱ
2526 5474 2719 5535 signum
2744 5473 2854 5523 ﬁdei
2879 5470 3052 5523 cuncta
3075 5470 3254 5524 tenere
3274 5470 3468 5534 probes.

2227 5575 2410 5646 Neque
2438 5577 2581 5631 enim
2613 5577 2812 5632 frustra
2847 5579 2900 5632 in
2950 5577 3128 5633 fronte
3164 5575 3432 5648 pontiﬁcis
3478 5588 3680 5631 nomen
3707 5573 3814 5629 Do-

2229 5670 2360 5724 mini
2388 5678 2862 5740 tctragrammaton
2891 5669 3253 5735 scribebatur,
3283 5667 3386 5723 nisi
3431 5667 3562 5736 quia
3603 5666 3704 5721 hoc
3727 5669 3811 5718 est

2228 5763 2439 5834 signum
2463 5763 2517 5819 in
2545 5762 2722 5820 fronte
2747 5761 3006 5830 ﬁdelium,
3032 5762 3099 5818 de
3120 5776 3230 5834 quo
3249 5761 3304 5818 in
3331 5759 3538 5834 psalmo
3567 5770 3666 5829 pro
3693 5763 3807 5809 tor.

3831 5423 3839 5470 l
