4012 6318
163 382 268 440 329

945 375 1191 436 orusc.
1232 368 1324 432 ET
1364 373 1582 431 EPIST.
1622 366 1693 428 lN
1725 362 1952 427 CAUSA
1992 361 2322 454 meum
2356 364 2663 429 munus.

3326 368 3435 426 3'50

158 476 704 558 cnlaribus‘canitur
745 512 760 550 :
797 494 1015 550 Domine
1066 491 1320 547 Dominus
1368 498 1560 551 noster,
1598 501 1757 557 quam
1785 487 1834 547 Λ
1862 492 2001 541 rent.
2054 484 2110 538 lu
2143 484 2247 539 illis
2293 493 2473 540 autem
2527 483 2857 547 civitatibus,
2907 481 2962 537 iu
3011 481 3207 553 quibus
3235 480 3439 563 dudum

162 588 480 648 admirabile
520 596 594 643 est
634 598 821 641 nomen
870 594 1014 638 tuum
1066 583 1119 636 in
1146 582 1388 635 turiversa
1427 577 1759 638 terra!etc..

163 697 341 753 usque
383 679 511 736 dum
554 680 650 745 ait,
693 687 752 731 ut
784 674 1022 731 destrictis
1052 673 1322 727 inimicum
1360 683 1406 724 et
1433 668 1761 737 defensorem

166 771 346 844 (Psal.
373 770 518 837 vni).
535 770 796 841 ipsosque
819 766 1083 822 incolatus
1102 761 1482 834 parochiarum
1505 774 1568 814 ac
1588 759 1763 828 regio-

170 879 320 928 num,
354 861 486 917 olim
515 869 704 915 sancto
721 857 930 928 Spiritu
954 863 1078 910 ante
1096 851 1530 928 incarnationem
1559 847 1762 903 Christi

168 970 267 1028 per
307 920 641 1026 prophetam
690 920 998 1022 praedictos,
1045 956 1100 1002 et
1130 920 1284 1016 pos?
1304 920 1675 999 ascensionem
1707 941 1762 995 in

164 1047 369 1103 malum
402 1047 593 1102 eodem
615 1054 803 1099 sancto
824 1042 1028 1112 Spiritu
1049 1055 1148 1111 per
1160 1048 1381 1094 sanctos
1396 1036 1489 1091 Dei
1514 1035 1765 1091 homines

176 1140 336 1193 dimet
348 1137 538 1193 iendos
552 1135 690 1198 fore,
706 1135 1041 1189 demonstrat
1069 1136 1290 1185 sanctus
1310 1124 1760 1197 Basilius'Utomii.

165 1241 222 1284 tu
242 1228 378 1299 psal.
404 1228 519 1298 nx)
555 1235 793 1280 tractans
818 1238 1030 1278 versum
1057 1232 1166 1291 ‘quo
1194 1219 1393 1275 dicitur
1423 1235 1436 1272 :
1461 1214 1763 1272 Conmllem

166 1318 640 1375 tabernaculorum
683 1316 952 1369 dimetiur.
985 1332 1003 1363 ι
1043 1311 1216 1376 Hauc,
1270 1309 1539 1380 inquiens,
1575 1307 1764 1378 praet-i-

174 1429 328 1484 puam
362 1421 425 1468 et
452 1411 600 1466 velut
645 1410 911 1481 privatam
953 1404 1223 1476 quondam
1274 1402 1508 1473 plebem,
1557 1399 1765 1455 scilicet

167 1505 526 1561 'lsraeliticam
577 1501 942 1558 hacreditatem
987 1496 1192 1568 populi,
1240 1494 1297 1549 in
1333 1492 1651 1549 divisionem
1672 1490 1765 1545 vo-

169 1598 321 1661 cabo,
349 1604 411 1650 et
436 1607 779 1649 communem
820 1600 944 1645 cum
997 1588 1210 1643 creteris
1252 1585 1504 1641 omnibus
1543 1583 1758 1637 faciam.

169 1685 302 1741 Cum
327 1695 517 1739 autem
539 1678 769 1738 divisum
786 1678 953 1736 fuerit
984 1686 1369 1735 testamentum
1396 1677 1450 1732 in
1477 1689 1687 1738 omnes,
1711 1679 1767 1728 et

174 1791 291 1829 cum
320 1776 445 1847 ejus
490 1771 699 1827 utilitas
724 1770 995 1826 universis
1021 1771 1249 1841 coeperit
1274 1782 1393 1824 esse
1438 1765 1761 1831 communis,

1860 576 1999 645 apud
2020 575 2306 645 pmdictos
2324 583 2479 630 erant
2505 574 2750 631 ethnicos
2788 588 2975 630 eorum
3017 568 3440 641 archillamines,

1860 678 1997 735 quos
2028 673 2208 720 tamen
2239 667 2480 723 minores
2502 668 2758 723 tenebant
2778 681 2950 737 quam
2977 675 3305 725 memoratos
3331 668 3445 737 pri.

1862 765 2052 822 mutes,
2099 756 2533 826 archiepiscopus
2582 756 2793 813 institui
2847 760 3125 829 pmcepit,
3180 760 3274 829 qui
3330 775 3439 816 non

1863 854 2044 901 tamen
2090 848 2406 916 primatum,
2447 848 2541 904 sed
2565 849 3100 921 archiepiscoporum
3128 851 3444 908 fruerentur

1860 938 2100 991 nomine.
2148 937 2535 1008 Episcoporum
2595 955 2810 1011 quoque
2848 941 3072 1012 judicia,
3105 950 3167 997 ut
3194 944 3446 1014 superius

1863 1036 2222 1083 memoratum
2251 1037 2353 1095 est,
2395 1039 2454 1086 et
2483 1031 2688 1103 majora
2742 1033 3091 1091 ecclesiarum
3122 1038 3361 1108 negotia,
3396 1038 3443 1094 si

1860 1117 1964 1189 ipsi
1994 1118 2430 1187 reclamaverint,
2463 1131 2557 1177 aut
2597 1122 2833 1195 aliquem
2862 1125 3136 1193 timorem,
3166 1136 3259 1183 aut
3308 1129 3443 1188 ietos

1863 1208 1948 1265 vel
1974 1210 2108 1265 alios
2128 1219 2409 1281 suspectos
2431 1213 2741 1280 habuerint,
2763 1215 2832 1270 ad
2853 1221 2965 1284 1am
2988 1216 3163 1274 dictos
3178 1219 3439 1288 primates

1862 1298 1949 1354 vel
1975 1300 2332 1370 patriarchas,
2361 1318 2431 1359 ne
2456 1302 2650 1374 aliquis
2670 1304 2987 1362 innocenter
3012 1309 3232 1377 periret,
3262 1318 3443 1365 trans-

1864 1388 1993 1446 ferri
2027 1392 2328 1462 perdocuit.
2360 1393 2417 1448 ln
2456 1394 2682 1466 singulis
2708 1410 2838 1452 vero
2857 1397 3078 1470 reliquis
3103 1400 3440 1469 civitatibus,

1864 1486 2126 1559 singulos,
2156 1497 2212 1544 et
2243 1503 2349 1551 non
2379 1490 2538 1547 binos
2564 1489 2652 1546 vel
2681 1499 2865 1549 ternos
2895 1501 2991 1549 aut
3015 1493 3220 1564 plures,
3244 1495 3448 1566 episeo-

1862 1594 1962 1651 pos
2013 1581 2268 1637 constitui
2322 1583 2598 1653 praecepit,
2671 1582 2764 1653 qui
2822 1599 2930 1640 non
2982 1584 3298 1656 primatum,
3357 1597 3453 1643 aut

1866 1670 2418 1743 archiepiscoporum,
2473 1682 2568 1729 aut
2619 1673 3171 1745 metropolitanorum
3206 1679 3448 1743 nomine,

1868 1765 1994 1835 quia
2023 1775 2224 1822 matres
2246 1758 2528 1822 civitatum
2559 1783 2666 1823 non
2710 1776 2918 1835 tenent,
2949 1771 3042 1827 sed
3070 1772 3448 1842 episcoporum

172 1860 279 1921 Deo
299 1837 406 1936 pro
438 1865 596 1920 nobis
620 1863 821 1934 aliquid
857 1862 1050 1917 melius
1077 1837 1416 1932 providente,
1446 1869 1573 1915 tunc
1595 1860 1758 1914 etiam
1790 1837 1838 1898 Β
1869 1865 2077 1912 tantum
2102 1858 2368 1914 vocabulo
2390 1861 2712 1929 potirentur,
2737 1860 2992 1932 quoniam
3015 1837 3119 1919 nec
3138 1837 3283 1919 inter
3302 1863 3451 1935 ipsos

175 1957 437 2012 convallis
491 1954 961 2011 tabernaculorum
1013 1954 1345 2019 dimetietur,
1376 1953 1479 2009 hoc
1505 1960 1607 2017 est,
1637 1952 1762 2006 uni-

178 2065 362 2105 versus
417 2046 568 2103 orbis
618 2055 911 2111 terrarum,
953 2045 1044 2114 qui
1085 2044 1243 2100 vallis
1294 2043 1764 2100 tabernaculorum

175 2159 270 2213 pro
296 2139 630 2197 habitaculis
671 2153 956 2210 corporum
1000 2137 1175 2193 dictus
1206 2145 1313 2201 est,
1340 2137 1429 2191 hic
1451 2135 1598 2190 velut
1626 2149 1762 2206 qua-

178 2235 296 2289 dam
319 2242 471 2288 sorte
501 2231 708 2286 divisus
738 2241 900 2300 atque
947 2230 1245 2291 dimensus,
1278 2242 1375 2299 per
1404 2226 1614 2299 singula
1647 2226 1765 2283 loca

172 2323 548 2379 Ecclesiarum
582 2321 677 2377 Dei
703 2320 977 2391 parochiis
1019 2328 1074 2374 et
1101 2319 1428 2375 incolatibus
1473 2317 1761 2373 dividetur.

170 2411 327 2469 Tunc
356 2414 523 2468 etiam
569 2426 632 2466 ea
663 2426 784 2483 qua:
812 2412 984 2467 divisa
1024 2420 1173 2475 sunt,
1224 2410 1283 2466 in
1327 2410 1590 2465 unitatem
1643 2409 1767 2466 lidei

176 2503 532 2575 eongregabit
560 2503 647 2558 ille
679 2503 769 2573 qui
808 2502 1063 2572 pacilicat
1101 2516 1200 2571 per
1249 2500 1562 2571 sanguinem
1589 2500 1768 2556 crucis

174 2610 305 2661 suae,
327 2595 451 2651 sive
466 2604 594 2665 qua:
618 2595 670 2648 in
698 2602 845 2650 terra
875 2593 1169 2657 sunt,"sive
1189 2607 1309 2664 quae
1332 2592 1385 2647 in
1405 2591 1579 2655 caelis,
1601 2601 1657 2646 et
1675 2587 1768 2662 qui

182 2690 416 2743 medium
460 2687 725 2757 parietem
774 2685 1009 2752 solvens,
1057 2685 1185 2741 fecit
1231 2695 1463 2755 utraque
1512 2700 1701 2741 unum.
1741 2703 1763 2739 ι

174 2777 307 2838 Ἡίηε
350 2783 554 2838 iterum
605 2780 865 2850 scriptum
909 2788 1032 2836 est:
1066 2778 1377 2835 Distribuite
1409 2778 1591 2833 domos
1629 2777 1767 2849 ejus,

174 2871 429 2927 videlicet
455 2869 783 2925 universalis
817 2868 1094 2934 Ecclesire,
1125 2882 1225 2939 per
1264 2867 1635 2924 custodiarqu
1668 2883 1767 2938 pa-

177 2962 392 3017 rochias
442 2960 809 3033 praedicando,
839 2969 895 3014 ut
919 2961 1175 3015 enarretir
1212 2961 1267 3014 in
1304 2960 1548 3031 progenie
1575 2959 1766 3026 altera,

178 3056 425 3125 quoniam
478 3055 562 3109 hic
606 3064 680 3109 est
724 3054 875 3110 Deus
913 3065 1111 3119 noster,
1162 3063 1210 3109 et
1256 3056 1365 3125 ipse
1406 3064 1544 3125 reget
1590 3070 1684 3108 nos
1712 3054 1769 3110 in

180 3144 378 3199 tacula
421 3142 597 3215 (Psal.
648 3144 840 3215 nvn).
902 3144 981 3200 Ad
1032 3145 1176 3215 quod
1231 3145 1423 3210 instar,
1472 3144 1766 3200 secundum

180 3235 623 3289 constitutionem
645 3234 916 3299 Anacleti,
965 3235 1251 3307 Dionysius
1301 3251 1440 3307 papa
1477 3234 1769 3293 rusticanis

183 3323 462 3394 parocbiis
485 3326 749 3381 terminos
775 3333 955 3382 certos
974 3327 1175 3395 posuit,
1206 3341 1269 3381 ac
1293 3326 1570 3397 ponendos
1590 3327 1769 3399 dispo-

182 3415 309 3484 suit,
335 3417 405 3473 de
428 3416 625 3488 quibus
653 3418 825 3473 etiam‘
857 3418 1298 3475 Chalcedonense
1333 3419 1621 3475 concilium
1647 3434 1770 3493 qua:

182 3516 308 3563 sunt
339 3517 472 3563 nota
493 3507 753 3564 decrevit.

252 3600 329 3655 De
355 3599 759 3670 provinciarum
802 3607 981 3655 autem
1031 3598 1388 3666 dimensione,
1417 3608 1470 3655 et
1491 3599 1770 3656 civitatum

184 3689 504 3761 privilegiis,
527 3704 645 3758 qua:
674 3690 740 3745 ad
771 3691 942 3744 instar
984 3690 1268 3745 duodecim
1296 3689 1532 3744 tribuum
1560 3688 1772 3745 Israeli-

186 3783 282 3837 tici
311 3782 509 3852 ~p0puli
555 3782 756 3838 ethnici
821 3790 1151 3848 statuerunt,
1201 3791 1258 3836 et
1307 3780 1597 3851 apostolica
1644 3791 1772 3838 sunt

186 3884 381 3944 postea
405 3873 781 3929 constitutione
802 3873 1034 3938 firmata,
1075 3880 1294 3929 sanctus
1313 3872 1563 3929 Clemens
1582 3873 1636 3927 in
1661 3875 1773 3945 pri-

186 3979 273 4019 ma
305 3964 527 4034 epistola
578 3967 642 4019 ad
669 3963 929 4019 Jacobuni
971 3963 1519 4036 Hierosolymitanum
1561 3966 1773 4035 episco-

188 4070 336 4125 pum,
363 4055 456 4126 qui
480 4064 540 4109 et
568 4054 739 4109 frater
765 4053 979 4108 Domini
1009 4054 1328 4124 appellatur,
1356 4054 1595 4124 scripsit,
1627 4054 1773 4125 quod

191 4155 244 4199 tu
268 4144 321 4199 in
346 4144 730 4216 compilatione
754 4153 841 4197 tua
865 4144 1006 4198 sicut
1026 4152 1080 4197 et
1104 4158 1203 4199 nec
1227 4144 1584 4214 praecedentia
1607 4143 1772 4200 verba

188 4234 384 4293 Leonis
412 4252 620 4307 ponere
658 4236 894 4300 voluisti,
930 4252 999 4292 ne
1045 4236 1384 4292 inveniretur
1410 4237 1465 4292 in
1510 4237 1591 4293 eis
1628 4238 1773 4309 quod

190 4336 244 4380 tu
271 4327 458 4391 alicui,
502 4334 702 4397 praeter
742 4326 1050 4398 apostolica:
1092 4326 1234 4382 sedis
1263 4326 1523 4397 pontiﬁci,
1547 4327 1774 4385 deberes

189 4424 365 4495 aliquo
392 4426 556 4481 modo
584 4425 760 4492 subdi,
792 4425 1024 4480 inaniter
1050 4432 1248 4495 putans
1293 4424 1439 4496 quod
1494 4424 1539 4478 si
1571 4431 1628 4478 tu
1658 4423 1775 4478 hare

1867 1950 2140 2022 apostolos
2165 1967 2265 2022 par
2286 1951 2556 2009 institutio
2594 1951 2714 2021 fuit,
2754 1954 2849 2011 sed
2876 1971 3015 2013 unus
3034 1957 3283 2012 omnibus
3309 1972 3451 2027 pra:-

1867 2038 1986 2094 fuit.
2016 2039 2130 2096 Hoc
2170 2051 2353 2097 tamen
2398 2043 2803 2113 prtevidendum
2834 2045 3087 2113 instituit,
3119 2063 3188 2103 ne
3211 2049 3265 2103 in
3286 2048 3453 2116 villis,

1868 2140 1962 2186 aut
2004 2133 2265 2199 castellis,
2315 2134 2401 2189 vel
2449 2136 2678 2192 modicis
2701 2136 3015 2194 civitatibus
3044 2139 3458 2195 instituerentur

1865 2222 2134 2293 episcopi,
2164 2240 2233 2279 ne
2260 2223 2365 2279 vde
2390 2238 2576 2299 eorum
2598 2241 2794 2281 nomen
2818 2232 2992 2283 tieret.
3010 2228 3305 2301 Episcopos
3326 2244 3458 2302 ergo

1866 2313 2041 2385 vicem
2075 2313 2447 2384 apostolorum
2471 2331 2662 2387 gerere
2704 2316 2991 2373 Dominum
3031 2320 3282 2376 docuisse
3308 2321 3459 2376 dice-

1867 2404 1981 2469 bat,
2013 2413 2068 2459 et
2097 2405 2430 2476 reliquorum
2467 2406 2855 2478 discipulorum
2904 2409 3079 2466 vicem
3113 2418 3300 2467 tenere
3329 2425 3456 2481 pre-

1869 2497 2118 2568 sbyteros
2145 2498 2456 2555 insinuabat
2476 2500 2690 2557 debere.
2727 2520 2746 2554 ι

1940 2591 2007 2646 Ει
2064 2601 2285 2670 sanctus
2334 2591 2647 2660 Anacletus,
2698 2608 2987 2652 successor
3033 2593 3366 2660 Clementis,
3416 2609 3450 2649 a

1868 2685 2029 2742 beato
2062 2684 2226 2742 Petro
2266 2685 2509 2757 apostolo
2531 2687 2817 2760 presbyter
2853 2688 3158 2756 ordinatus,
3196 2688 3249 2745 in
3280 2688 3457 2760 prima

1871 2777 2093 2847 epistola
2110 2777 2177 2834 ad
2193 2792 2383 2834 omnes
2397 2780 2678 2850 episc0pos
2688 2789 2744 2835 et
2762 2788 2989 2835 caeteros
3005 2778 3192 2837 ﬁdeles
3210 2780 3382 2851 (epist.
3396 2780 3422 2834 l
3434 2818 3453 2844 ,

1870 2872 1972 2926 sub
2023 2870 2205 2943 mrem)
2252 2889 2320 2927 ε(
2370 2860 2688 2943 Ρτῖνίιθεὶει,
2740 2872 2949 2944 inquit,
2997 2871 3362 2929 Ecclesiarum
3405 2881 3464 2928 et

1872 2963 2212 3020 sacerdotum
2259 2964 2434 3020 sancti
2473 2964 2726 3035 apostoli,
2761 2962 2917 3034 jussu
2953 2963 3270 3031 Salvatoris,
3317 2964 3459 3020 inte-

1871 3063 2081 3111 merata
2120 3064 2176 3110 et
2197 3054 2452 3113 inviolata
2490 3056 2622 3112 aevis
2666 3056 3023 3113 decreverunt
3060 3070 3281 3112 manere
3320 3065 3458 3112 tem-

1795 3194 1843 3260 c
1874 3144 2117 3217 poribus.
2152 3145 2323 3218 Leges
2348 3146 2604 3202 Ecclesiae
2637 3147 2932 3218 apostolica
2968 3147 3248 3204 firmamus
3277 3134 3483 3204 aucto?

1874 3237 2056 3302 ritate,
2093 3245 2149 3291 et
2191 3238 2475 3308 peregrina
2512 3238 2716 3309 judicia
2754 3238 3156 3295 submovemus.
3201 3238 3358 3297 Unde
3403 3247 3464 3295 et

1873 3326 2133 3381 Dominus
2159 3328 2490 3383 mentionem
2518 3327 2725 3384 faciens
2744 3327 2867 3396 Lot,
2896 3343 2993 3399 per
3016 3329 3254 3401 Moysem
3285 3328 3464 3400 loqui-

1875 3426 1964 3473 tur
1988 3419 2176 3475 dicens
2202 3436 2216 3473 :
2244 3420 2523 3491 Ingressus
2548 3435 2607 3477 es
2631 3420 2870 3492 quidem,
2899 3421 3170 3492 inquiunt,
3194 3430 3255 3478 ut
3293 3424 3458 3478 adve-

1871 3513 2228 3583 na,’uunqnid
2257 3522 2315 3568 ut
2329 3512 2572 3583 iudices?
2596 3511 2749 3585 (Gen.
2776 3512 2916 3585 nx.)
2940 3513 3283 3586 Unaquaeque
3309 3515 3465 3570 enim

1871 3603 2170 3674 provincia,
2195 3614 2303 3660 tam
2327 3605 2480 3675 juxta
2498 3605 2893 3661 ecclesiasticas
2912 3620 3071 3674 quam
3089 3603 3245 3674 juxta
3269 3605 3460 3661 seaculi

1872 3693 2038 3763 leges,
2057 3710 2183 3750 suos
2202 3694 2555 3764 debetjustos
2578 3704 2631 3750 et
2648 3710 2755 3750 non
2773 3695 2984 3765 iniquos
3005 3695 3204 3751 habere
3220 3693 3456 3765 judices.

1873 3793 1928 3840 et
1960 3800 2065 3839 non
2094 3793 2379 3850 externos,
2419 3785 2524 3840 nisi
2561 3784 2871 3855 apostolica:
2909 3786 3070 3858 hujus
3098 3787 3243 3843 sedis
3274 3787 3464 3843 decre-

1872 3872 2013 3927 verit
2035 3873 2331 3929 auctoritas
2354 3889 2371 3927 :
2396 3880 2664 3943 quatenus
2685 3873 2993 3944 quicunque
3017 3889 3235 3931 causam
3255 3874 3465 3931 habue-

1873 3961 1974 4028 rit,
2013 3962 2153 4032 apud
2186 3975 2317 4017 suos
2349 3962 2560 4033 iudices
2591 3961 2885 4031 iudicetur,
2923 3972 2980 4020 et
3006 3979 3113 4020 non
3140 3966 3208 4021 ad
3233 3965 3460 4031 alienos,

1873 4064 2037 4110 causa
2073 4054 2348 4125 vagandi,
2386 4053 2699 4110 stimulante
2735 4056 3040 4125 protervia,
3083 4071 3235 4111 suam
3283 4057 3466 4128 despi-

1871 4145 2026 4201 ciens
2071 4144 2307 4214 patriam
2342 4154 2603 4211 transeat,
2649 4147 2744 4202 sed
2780 4148 2851 4203 ad
2896 4146 3177 4203 duodecim
3213 4145 3460 4217 ejusdem

1870 4239 2166 4309 provincia:
2231 4238 2477 4309 iudices,
2530 4240 2599 4295 ad
2655 4256 2883 4311 quorum
2946 4240 3208 4313 judicium
3266 4255 3461 4297 omnes

1873 4347 2050 4388 causa!
2086 4331 2365 4387 civitatum
2402 4331 2729 4397 referuntur,
2760 4330 3034 4388 deferatur
3064 4333 3356 4403 negotium.
3403 4331 3464 4389 Si

1870 4433 2054 4480 autem
2088 4423 2252 4479 fuerit
2276 4423 2729 4489 ecclesiasticum,
2765 4425 2907 4495 apud
2939 4424 3244 4495 episcopos,
3283 4425 3461 4480 inter-

191 4518 242 4574 iu
272 4529 361 4577 tuo
384 4520 642 4592 pilaciolo
668 4537 773 4575 non
794 4536 1047 4591 poueres,
1074 4521 1163 4575 alii
1189 4536 1295 4576 non
1323 4521 1587 4576 haberent
1604 4517 1772 4574 libros
1800 4514 2127 4592 “veniente
2170 4514 2423 4585 primate,
2479 4514 2526 4568 si
2567 4512 2741 4584 major
2783 4528 2946 4570 causa
2993 4514 3191 4581 fuerit;
3239 4516 3285 4571 si
3334 4530 3468 4572 vero

189 4613 276 4668 ubi
305 4629 369 4668 ea
396 4613 581 4682 legere
609 4614 928 4684 potuissent.
956 4613 1061 4669 Sed
1082 4614 1203 4684 quis
1224 4628 1287 4669 ea
1309 4627 1429 4681 quae
1457 4610 1596 4667 nosti
1620 4610 1771 4682 igno-

193 4706 304 4759 rat?
346 4705 506 4761 Prius
527 4706 672 4760 enim
699 4722 859 4777 quam
891 4704 1206 4761 formarcris
1235 4706 1288 4759 in
1314 4716 1472 4761 utero
1499 4704 1589 4760 illa
1620 4703 1773 4759 novi-

192 4812 329 4863 mus,
352 4784 729 4869 et'anthuam
776 4798 955 4854 exires
1009 4798 1076 4853 de
1122 4797 1279 4853 vulva
1310 4795 1608 4868 scepissime
1638 4796 1771 4868 legi-

190 4903 328 4955 mus,
380 4898 439 4944 et
486 4889 774 4945 discretius
807 4906 968 4960 quam
1023 4898 1077 4944 tu
1130 4889 1439 4960 Scripturas
1487 4904 1673 4944 sacras
1720 4895 1776 4944 et

190 4993 427 5035 canones
453 4994 638 5034 sacros
664 4979 930 5051 intelligas
951 4979 1333 5034 intelleximus.
1361 4979 1451 5033 Ait
1479 4978 1621 5034 enim
1650 4981 1777 5034 bea-

191 5077 274 5123 tus
301 5068 558 5124 Clemens
588 5070 727 5124 inter
772 5069 876 5124 alia
914 5069 967 5123 in
998 5068 1220 5139 prtel'ata
1252 5067 1476 5139 epistola
1526 5068 1696 5139 (epist.
1720 5060 1778 5134 Ξ,

190 5162 288 5215 sub
319 5161 602 5232 medium),
640 5181 658 5214 ι
690 5162 918 5233 jussisse
966 5162 1188 5217 beatum
1243 5159 1492 5225 Petrum,
1543 5161 1598 5214 in
1651 5156 1777 5226 illis,

190 5248 465 5320 inquiens,
515 5252 848 5319 civitatibus,
879 5253 934 5308 in
981 5252 1178 5322 quibus
1202 5249 1331 5306 olim
1363 5250 1504 5321 apud
1532 5251 1781 5307 ethnicos

190 5339 349 5406 primi
394 5339 641 5396 ﬂamines
696 5355 921 5408 eorum,
978 5350 1139 5410 atque
1169 5340 1329 5411 primi
1359 5339 1492 5412 legis
1530 5342 1782 5398 doctores

191 5437 367 5494 erant,
393 5430 770 5501 episcoporum
804 5431 1065 5499 primates
1111 5430 1238 5501 poni
1284 5430 1369 5486 vel
1420 5432 1778 5500 patriarchas,

191 5519 281 5588 qui
311 5518 641 5590 reliquorum
672 5521 1049 5593 episcoporum
1070 5519 1276 5591 judicia
1302 5529 1359 5578 et
1404 5521 1609 5591 majora
1640 5537 1779 5592 quo-

194 5612 294 5666 ties
322 5626 547 5667 necesse
573 5611 713 5669 foret
741 5615 955 5686 negotia
984 5615 1038 5670 in
1064 5614 1169 5671 lide
1189 5623 1479 5687 agitarent,
1501 5622 1556 5670 et
1583 5630 1780 5670 secun-

192 5696 319 5755 dum
342 5699 555 5758 Domini
587 5703 940 5772 voluntatem,
993 5705 1134 5762 sicut
1164 5707 1561 5762 constituerunt
1606 5707 1782 5762 saneti

194 5793 446 5863 apostoli,
478 5794 552 5851 ita
578 5804 637 5851 ut
664 5811 734 5851 ne
759 5795 1107 5868 quis’iujuste
1135 5797 1555 5868 periclitaretur,
1579 5795 1779 5855 diui-

629 5888 906 5955 ΡΑτιιοι..
950 5888 1235 5954 CXXVI.

1797 4568 1853 4629 D

1876 4607 2077 4673 minor,
2107 4600 2549 4677 metrOpolitano.'
2577 4605 2635 4661 Si
2661 4621 2792 4661 vero
2818 4605 2980 4661 fuerit
3007 4607 3285 4673 saeculare,
3321 4608 3468 4678 apud

1879 4696 2121 4769 ejusdem
2160 4696 2366 4753 ordinis
2395 4697 2562 4761 viros,
2589 4694 2797 4765 judicio
2832 4704 3013 4751 tamen
3053 4698 3485 4768 episcoporum,‘

1877 4806 2004 4847 cum
2053 4789 2343 4861 Apostolus
2394 4788 2728 4860 privatorum
2778 4788 3212 4845 Christianorum
3263 4772 3484 4890 causas;

1883 4884 2058 4955 magis
2106 4883 2175 4938 ad
2220 4882 2491 4938 Ecclesias
2537 4880 2770 4948 deferri,
2805 4890 2863 4937 et
2898 4881 3099 4938 ibidem
3141 4879 3483 4967 sacerdotali;

1880 4976 2085 5048 judicio
2113 4974 2391 5031 terminari
2413 4973 2602 5031 voluit.
2641 4994 2663 5028 ι
2687 4973 2755 5030 Ει
2783 4975 2838 5029 in
2877 4975 3118 5031 secunda
3143 4972 3370 5043 epistola
3395 4973 3466 5028 ad

1886 5067 2167 5137 episcopos
2211 5065 2267 5119 in
2317 5063 2467 5119 italia
2517 5065 2841 5120 constitutos
2879 5064 3059 5120 dicit:
3098 5081 3119 5114 ί
3168 5062 3468 5117 Provinciae

1888 5165 2069 5212 autem
2110 5155 2278 5211 multo
2313 5164 2440 5211 ante
2459 5155 2661 5211 Christi
2686 5156 2974 5211 adventum
3006 5163 3248 5224 tempore
3277 5153 3479 5225 divisa

1889 5260 2016 5309 sunt
2060 5252 2296 5306 maxima
2324 5265 2390 5307 ex
2420 5261 2604 5321 parte,
2638 5257 2695 5305 et
2731 5258 2919 5321 postea
2962 5251 3032 5307 ab
3076 5246 3366 5320 apostolis.
3411 5240 3480 5304 et3

1887 5346 2048 5401 beato
2088 5343 2365 5400 Clemente
2413 5344 2812 5414 praedecessore
2855 5350 3058 5406 nostro,
3110 5341 3225 5413 ipsa
3272 5339 3482 5428 divisio.

1887 5447 1969 5495 est
1999 5445 2277 5492 renovata.
2315 5436 2383 5491 Et
2411 5436 2464 5490 in
2495 5436 2671 5505 capite
2698 5433 3117 5506 provinciarum,
3146 5433 3241 5488 ubi
3265 5435 3481 5503 dudum;

1885 5530 2147 5602 primates
2199 5528 2334 5601 legis
2380 5536 2537 5582 erant
2582 5526 2797 5594 sceculi,
2848 5541 2912 5580 ac
2956 5512 3130 5595 prima
3162 5506 3481 5598 judiciaria'

1884 5629 2146 5693 potestas,
2178 5620 2243 5675 ad
2271 5633 2409 5688 quos
2429 5619 2520 5688 qui
2552 5633 2651 5686 per
2679 5616 2915 5687 reliquas
2943 5615 3192 5673 civitates
3229 5606 3480 5691 comnio-j

1885 5710 2177 5776 rahantur,
2220 5706 2435 5779 quando
2478 5708 2559 5763 eis
2601 5719 2824 5763 necesse
2867 5716 3019 5771 erat,
3048 5705 3141 5777 qui
3191 5708 3259 5762 ad
3288 5706 3477 5781 aulam

1886 5801 2273 5873 imperatorum
2301 5797 2387 5855 vel
2411 5811 2597 5870 regum
2619 5792 2910 5869 confugere
2938 5810 3044 5853 non
3076 5804 3367 5868 poterant,
3393 5808 3461 5851 ve

2914 5891 2986 5954 11
