3950 5396
601 141 702 197 5-3!

1535 136 1858 194 tuseu.th
1903 136 2293 197 nllEMENSIS
2328 137 2844 200 ARCIIIEPISCOPI
3688 152 3756 211 an

601 265 800 337 quibus
841 257 1164 328 permissum
1192 271 1296 310 non
1327 248 1800 326 erat'coufugere,
1830 271 2187 333 .proopprcs-
2217 260 2262 320 Α
2292 255 2424 312 locis
2460 260 2782 328 patriarcha:
2809 277 2838 314 a
2869 262 3142 319 nonnullis
3182 273 3452 320 vocantur.
3493 267 3560 323 Illi
3603 279 3753 330 autem,
3824 327 3825 330 η

599 356 844 414 sionibus
879 352 962 407 vel
1004 348 1281 418 iujustitiis
1309 348 1422 403 suis
1454 345 1901 419 [confugiebant],
1935 348 2184 417 ipsosque

600 445 943 519 appellabant
981 441 1195 510 quoties
1223 453 1358 508 opus
1385 446 1534 502 erat,
1573 438 1716 494 sicut
1752 439 1803 492 in
1836 439 1954 507 lege
1994 454 2180 495 eorum

601 547 927 610 [incoeptum
982 541 1124 598 erat,
1185 532 1318 602 ipsis
1367 545 1582 600 quoque
1635 531 1688 584 iu
1737 530 2047 586 civitatibus
2101 531 2182 586 vel

599 629 734 686 locis
757 626 927 684 nostri
959 623 1302 696 patriarchas
1334 622 1415 676 vel
1451 622 1731 691 primates,
1764 621 1855 692 qui
1884 637 2042 675 unam
2074 620 2183 675 for-

597 735 745 776 mam
775 725 981 776 tenent.
1005 716 1132 772 licet
1156 715 1371 770 diversa
1403 713 1512 768 sint
1542 713 1783 778 nomina,
1809 713 1956 783 leges
1985 712 2181 768 divinae

595 821 653 869 et
688 807 1074 868 ecclesiastici:
1116 805 1245 876 poni
1293 813 1346 858 et
1393 819 1513 859 esse
1551 802 1863 870 jusserunt,
1919 802 1987 857 ad
2043 818 2181 874 quos

595 899 853 972 episcopi,
882 898 927 954 si
960 910 1179 953 necesse
1207 891 1755 962 fuerit,coufugerent
1778 907 1980 963 eosque
2003 893 2181 962 appel-

598 997 800 1058 larent,
827 1001 884 1050 et
911 992 1011 1061 ipsi
1043 990 1262 1044 nomine
1291 987 1580 1056 primatum
1620 984 1960 1050 fruerentur,
1982 996 2038 1040 et
2072 1001 2178 1040 non

594 1086 684 1141 alii
732 1103 745 1138 :
800 1083 1020 1151 reliqua:
1073 1094 1205 1135 vero
1257 1077 1682 1146 metropolitaua:
1733 1077 2014 1139 civitates,
2057 1092 2178 1146 quae

597 1176 832 1230 minores
855 1170 1066 1239 iudices
1105 1167 1374 1225 habebant
1399 1207 1414 1230 ,
1447 1166 1571 1220 licet
1611 1165 1844 1235 majores
1889 1167 2180 1222 comitibus

562 1323 566 1328 .
593 1278 808 1332 essent,
848 1267 1109 1323 haberent
1137 1261 1580 1331 metropolitanos
1607 1275 1758 1325 suos,
1786 1259 1876 1330 qui
1908 1259 2179 1331 praedictis

590 1362 737 1431 justo
759 1359 1044 1415 ohetlireut
1068 1355 1408 1427 primatibus.
1440 1355 1581 1408 sicut
1602 1361 1656 1408 et
1685 1353 1738 1408 in
1764 1352 1970 1423 legibus
1994 1351 2177 1406 smculi

600 1452 727 1507 olim
756 1450 1062 1506 ordinatura
1105 1455 1260 1510 erat,
1305 1445 1396 1515 qui
1441 1460 1546 1498 non
1589 1444 1913 1513 primatum,
1957 1444 2054 1498 sed
2086 1451 2181 1498 aut

595 1540 1176 1612 metropolitanorum,
1229 1545 1324 1592 aut
1371 1534 1902 1604 archiepiscoporum
1955 1533 2177 1588 nomine

2285 351 2376 418 qui
2409 349 2460 404 in
2502 352 2785 421 metropoli
2816 369 2846 406 a
2877 353 3034 408 beato
3060 355 3251 421 Petro,
3290 358 3555 413 ordinante
3589 360 3756 426 Domino,

2285 450 2340 494 et
2368 441 2768 510 praedecessore
2816 455 3002 500 nostro
3034 447 3290 516 prmdicto
3333 459 3508 502 sancto
3549 449 3754 514 Clemente,

2284 545 2378 584 seu
2401 547 2431 584 a
2463 531 2619 587 nobis
2646 534 2923 588 constituti
2954 546 3100 599 sunt,
3133 552 3237 590 non
3267 554 3452 593 omnes
3470 539 3682 610 primates
3707 545 3755 598 vel

2281 621 2607 690 patriarcha:
2634 639 2756 678 esse
2790 611 3036 694 possunt.
3080 627 3185 681 Sed
3227 627 3330 683 il‘a:
3373 631 3520 684 urbes
3557 647 3651 700 quae
3678 649 3755 701 pre

2271 712 2332 781 fa
2343 713 2408 769 tis
2424 722 2478 770 et
2501 714 2694 784 priscis
2719 711 3050 786 tanporibus
3073 719 3360 787 primatuut
3379 729 3600 784 tenuere,
3617 726 3753 777 archic-

2280 804 2645 875 piscoporum,
2690 806 3150 870 Patriarcharum,
3192 819 3285 862 aut
3318 811 3583 880 primatum
3616 816 3754 869 annuae

2282 891 2532 949 fruantur
2572 910 2588 950 :
2627 896 2848 966 reliqum
2891 914 3020 952 vero
3062 901 3383 970 mctrnpoles
3426 903 3752 972 archiepiscom-
3824 949 3825 960 ς

2282 1001 2423 1052 rum,
2462 996 2555 1040 aut
2585 989 3148 1059 metrowlitanorum,
3190 1000 3242 1045 et
3281 1006 3383 1045 non
3424 994 3752 1060 patriarcharum
3824 997 3825 1060 1

2279 1088 2374 1134 aut
2411 1080 2704 1149 primatum
2736 1091 2963 1136 utantur
2992 1082 3321 1147 nominibus,
3364 1084 3482 1153 quia
3518 1084 3614 1138 haec
3636 1087 3752 1139 eadem
3824 1081 3825 1153 l

2278 1178 2334 1225 et
2373 1169 2515 1242 leges
2554 1171 2733 1226 sasculi
2778 1172 2832 1226 in
2877 1171 2990 1225 suis
3030 1174 3310 1227 continent
3351 1173 3654 1243 principibus.
3678 1176 3754 1228 Alit

2279 1270 2461 1314 autem
2513 1261 2701 1330 prima:
2750 1261 3020 1326 civitates,
3064 1277 3200 1330 quas
3245 1262 3398 1316 vobis
3425 1265 3699 1331 conscriptas
3724 1267 3753 1316 in

2281 1351 2518 1422 quodam
2573 1360 2719 1406 tonio
2769 1353 3072 1417 mittimus,
3122 1369 3152 1406 a
3198 1356 3402 1409 sanctis
3439 1358 3652 1425 apostolis
3680 1367 3752 1408 et:

2277 1441 2436 1495 beato
2465 1440 2761 1508 Clemente,
2791 1445 2904 1497 sive
2937 1459 2966 1497 a
2996 1445 3150 1500 nobis
3194 1447 3452 1514 primates
3477 1448 3754 1516 prtedit'atores

2278 1540 2621 1600 acceperunt.
2665 1530 2792 1586 llaec
2827 1547 2956 1587 vero
2983 1546 3330 1591 sacrosancta
3373 1537 3587 1591 Romana
3622 1549 3659 1590 cl
3680 1553 3752 1607 ape

602 1607 930 1688 fruerentur.
976 1627 1046 1683 Et
1098 1625 1228 1680 licet
1273 1624 1496 1696 singulae
1545 1621 1878 1693 metropolcs
1925 1621 2177 1677 civitates
2212 1607 2256 1666 Β
2284 1620 2474 1676 stolica
2516 1621 2781 1689 Ecclesia,
2811 1639 2916 1678 non
2957 1625 3026 1680 ab
3065 1625 3208 1692 aliis,
3249 1628 3343 1682 sed
3385 1630 3450 1681 ab
3479 1610 3578 1696 ipso
3609 1629 3752 1682 Domino

600 1737 731 1779 suas
787 1719 1102 1792 provincias
1134 1717 1405 1782 habeant,
1457 1725 1514 1771 et
1563 1729 1691 1771 suos
1729 1714 2176 1786 metropolitanos

595 1812 796 1868 habere
835 1810 1067 1866 debeant
1113 1809 1419 1879 episcopos,
1465 1807 1608 1862 sicut
1653 1806 1805 1877 prius
1853 1804 2171 1876 metmpoli-

597 1914 750 1960 tantis
781 1900 993 1972 iudices
1028 1900 1303 1956 habebant
1335 1898 1640 1969 smculares,
1678 1898 1941 1969 primates
1968 1905 2171 1962 tamen,

594 2007 653 2055 ut
679 1997 959 2069 prmfixutn
985 2003 1086 2060 est,
1109 2003 1164 2049 et
1195 2002 1322 2048 tunc
1349 2001 1404 2048 et
1427 2007 1574 2047 nunc
1601 1991 1802 2051 habere
1829 1987 1996 2058 jussu:
2023 1997 2170 2053 sunt,

597 2089 667 2144 ad
713 2103 849 2158 quos
912 2095 1035 2157 post
1078 2084 1260 2141 sedem
1312 2081 1664 2154 apostolicam
1709 2096 1918 2138 summa
1959 2080 2172 2151 negotia

589 2179 938 2240 conveniant,
984 2185 1044 2234 ut
1085 2175 1283 2231 ibidem
1329 2175 1528 2246 quibus
1569 2187 1793 2230 necesse
1835 2172 1998 2228 fuerit
2035 2173 2174 2228 rele-

589 2281 782 2327 ventur
832 2279 888 2325 et
944 2267 1091 2337 iuste
1139 2266 1528 2328 restituantur,
1591 2273 1648 2320 et
1708 2263 1764 2320 hi
1825 2263 1918 2335 qui
1970 2263 2172 2334 injuste

585 2362 963 2434 opprimuntur
1003 2358 1151 2429 juste
1200 2359 1563 2415 reformentur
1615 2364 1778 2426 atque
1836 2353 2171 2420 fulciantur,

585 2453 1073 2524 episcoporumque
1121 2464 1300 2506 causa
1343 2457 1399 2505 et
1445 2463 1782 2505 summorum
1827 2447 2168 2517 negotiorum

583 2543 822 2614 judicia,
855 2541 1002 2598 salva
1035 2542 1346 2613 apostolica:
1393 2541 1538 2597 sedis
1584 2540 1944 2606 auctoritate,
1977 2538 2169 2608 justis-

587 2637 723 2692 sime
767 2635 1148 2690 terminentur.
1199 2652 1217 2686 ι
1273 2633 1340 2689 Et
1381 2633 1434 2687 in
1478 2631 1638 2686 tertia
1690 2631 1961 2700 epistola:
2011 2651 2029 2683 ι
2093 2631 2170 2687 De

587 2725 939 2798 primatibus,
989 2723 1199 2795 inquit,
1249 2721 1594 2786 charissimi,
1645 2736 1808 2791 super
1837 2720 2032 2791 quibus
2083 2735 2170 2776 me

583 2817 801 2888 quidam
831 2824 1068 2872 vestrum
1099 2814 1508 2877 consuluerunt,
1543 2822 1638 2868 aut
1663 2815 1706 2868 si
1739 2828 1862 2870 esse
1887 2813 2164 2880 deberent,

570 2925 650 2968 .an
691 2924 830 2973 noni,
887 2917 1148 2978 quantum
1201 2907 1461 2961 hactenus
1506 2905 1572 2960 de
1614 2904 1698 2959 his
1741 2918 1773 2958 a
1816 2904 1976 2960 beato
2006 2902 2167 2959 Petro

501 2989 504 2992 ’
582 2999 850 3072 apostolo,
893 3009 949 3056 ct
993 3014 1026 3053 a
1076 2997 1300 3068 reliquis
1350 2995 1633 3066 apostolis,
1672 3003 1727 3051 et
1763 3011 1794 3051 a
1840 2995 2001 3052 beato
2049 2994 2166 3050 Cle-

582 3099 765 3149 mente
796 3100 982 3146 nostro
1001 3097 1193 3144 sam-te
1227 3087 1626 3158 praideccssorc
1653 3096 1703 3142 et
1735 3095 1976 3157 martyre
2011 3087 2166 3142 novi-

574 3197 704 3240 .mus
745 3189 1037 3245 statutum,
1084 3181 1352 3250 denegare
1396 3179 1549 3234 vobis
1600 3177 1824 3233 minime
1859 3192 2162 3248 possumus.

575 3276 652 3331 Et
695 3275 820 3346 quis
865 3281 986 3338 est,
1035 3273 1127 3343 qui
1166 3271 1539 3343 quaerentibus
1591 3268 1854 3325 fratribus
1901 3270 2166 3340 denegare

575 3365 757 3438 possit
779 3363 1166 3419 dubitationem
1197 3361 1280 3416 vel
1318 3360 1670 3417 necessitates
1707 3360 1931 3416 eorum?
1972 3359 2167 3415 Sacer-

581 3458 789 3520 dotum,
818 3454 1037 3517 fratres,
1061 3453 1195 3508 ordo
1221 3452 1513 3522 hipartitus
1535 3459 1639 3518 est,
1665 3459 1720 3506 et
1742 3451 1883 3506 sicut
1907 3450 2167 3506 Dominus

581 3549 731 3605 illum
785 3545 1088 3609 constituit,
1133 3559 1162 3600 a
1208 3543 1355 3598 nullo
1407 3543 1568 3600 debet
1622 3541 1951 3614 perturbari.
2001 3541 2164 3598 Scitis

579 3651 761 3698 autem
809 3655 838 3694 a
886 3639 1116 3696 Domino
1157 3638 1432 3709 apostolos
1478 3651 1600 3693 esse
1627 3636 1830 3693 electos
1868 3645 1924 3691 et
1965 3636 2166 3692 consti-

579 3743 759 3800 tutos,
793 3742 849 3790 et
893 3742 1078 3802 postea
1107 3747 1206 3800 per
1243 3733 1486 3788 diversas
1520 3732 1830 3803 provincias
1860 3731 1928 3786 ad
1967 3728 2164 3801 praedi-

560 3825 812 3881 candum
851 3823 1148 3893 dispersos.
1184 3821 1321 3876 Cum
1351 3837 1480 3877 vero
1533 3822 1730 3878 messis
1769 3831 2010 3892 cmperat
2052 3837 2167 3882 cre-

577 3930 768 3982 scere,
822 3914 1013 3970 videns
1061 3926 1262 3984 paucos
1312 3927 1433 3968 esse
1486 3911 1799 3982 operarios,
1855 3912 1923 3966 ad
1973 3927 2162 3967 eorum

583 4006 959 4078 adjumcntum
997 4003 1341 4075 septuaginta
1384 4000 1508 4072 eligi
1552 4001 1812 4072 pra‘ccpit
1847 4001 2160 4071 discipulos.

579 4098 826 4172 Episcopi
843 4112 972 4154 vero
989 4096 1199 4153 Domini
1216 4094 1606 4168 apostolorum,
1629 4093 1932 4166 presbyteri
1951 4109 2164 4165 quoque

578 4191 914 4262 septuaginta
965 4187 1353 4259 discipulorum
1405 4185 1588 4241 locum
1645 4195 1850 4242 tenent.
1911 4185 2160 4256 Episcopi

577 4291 757 4338 autem
791 4295 898 4338 non
923 4280 976 4336 in
997 4279 1237 4336 castellis
1263 4286 1357 4334 aut
1379 4278 1605 4335 modicis
1623 4279 1940 4335 civitatibus
1965 4280 2161 4335 debent

575 4372 865 4438 constitui,
914 4371 1008 4428 sed
1051 4370 1352 4442 presbyteri
1399 4383 1498 4441 per
1547 4371 1768 4426 castella
1813 4380 1871 4426 ct
1919 4373 2159 4428 modicas

576 4465 825 4524 civitates
867 4472 1029 4533 atque
1070 4462 1225 4518 villas
1263 4462 1462 4519 debent
1503 4463 1572 4519 ab
1600 4463 1869 4534 episcopis
1916 4463 2156 4520 ordinari

569 4567 631 4614 et
653 4557 800 4628 poni,
851 4554 1047 4626 singuli
1099 4565 1279 4610 tamen
1330 4570 1428 4625 per
1470 4555 1713 4627 singulos
1751 4553 1940 4610 titulos
1981 4569 2150 4616 suos;

573 4658 630 4702 et
668 4648 956 4719 episcopus
1005 4661 1110 4699 nou
1161 4645 1230 4700 ab
1286 4661 1425 4711 uno,
1469 4645 1565 4700 sed
1615 4661 1644 4699 a
1696 4644 1941 4716 pluribus
1992 4645 2155 4699 debet

569 4728 842 4812 episcopis
869 4737 1144 4802 ordinari,
1171 4745 1228 4792 et
1263 4744 1321 4790 ut
1349 4737 1552 4794 dictum
1581 4745 1697 4802 est,
1730 4753 1834 4792 non
1877 4736 1945 4791 ad
1980 4737 2152 4793 modi-

570 4845 695 4886 cam
718 4828 1016 4892 civitatem,
1040 4840 1111 4882 ne
1145 4825 1371 4882 vilescat
1403 4841 1600 4882 nomen
1627 4826 1885 4896 episcopi,
1927 4837 2021 4880 aut
2058 4825 2155 4881 ali-

571 4921 733 4989 cubi,
787 4920 882 4978 sed
931 4918 1001 4976 ad
1049 4917 1422 4974 bonorabilem
1474 4918 1664 4972 urbem
1724 4915 2052 4980 titulaudus,
2100 4925 2157 4972 et

573 5012 1000 5071 deuominandus
1021 5019 1106 5068 est
1134 5029 1146 5066 :
1176 5009 1460 5081 presbyter
1480 5024 1607 5063 vero
1629 5009 1697 5063 ad
1724 5008 2155 5078 qualemcunque

575 5107 749 5163 locum
794 5106 880 5162 vel
931 5103 1220 5162 ecclesiam
1261 5103 1316 5158 in
1358 5115 1424 5156 eo
1465 5101 1816 5156 constitutam
1860 5109 1943 5155 est
1983 5103 2155 5172 prtuli-

575 5199 812 5263 ciendus,
858 5207 1027 5271 atque
1074 5197 1128 5252 in
1172 5211 1238 5252 ea
1279 5195 1470 5251 diebus
1516 5195 1640 5249 vitae
1685 5210 1798 5270 sua:
1852 5194 2149 5249 durandus.

575 5287 824 5355 Amplius
863 5295 1026 5358 quam
1075 5286 1166 5342 isti
1217 5287 1325 5341 duo
1377 5285 1599 5341 ordines
1639 5284 2006 5348 sacerdotum,
2053 5299 2154 5339 nec

2281 1711 2560 1769 Salvatorc
2589 1725 2774 1771 nostro
2804 1717 3094 1786 primatum
3123 1721 3384 1784 obtinuit,
3405 1722 3531 1774 sicut
3553 1722 3640 1790 ipse
3659 1721 3752 1774 litato

2275 1799 2437 1857 Petro
2479 1803 2722 1873 apostolo
2757 1805 2891 1859 dixit
2929 1823 2943 1859 :
2986 1805 3064 1860 Tu
3093 1825 3148 1862 es
3184 1807 3414 1874 Petrus,
3451 1821 3493 1862 et
3529 1810 3750 1879 superiori

2273 1903 2474 1964 petram
2503 1895 2777 1964 mdi/icabo
2801 1896 3093 1952 Ecclesium
3121 1917 3314 1955 meum.
3357 1923 3375 1953 ι
3410 1903 3469 1956 Ει
3496 1903 3626 1972 paulo
3649 1911 3750 1972 post:

2280 2003 2299 2037 ι
2343 1984 2524 2042 Prima
2566 2001 2697 2059 ergo
2741 1988 2897 2044 sedes
2926 1999 3009 2044 est
3053 1991 3264 2047 cmleSti
3317 1993 3559 2048 beneﬁcio
3588 1995 3751 2045 Romam

2275 2068 2558 2141 Ecclesize,
2613 2093 2799 2147 quam,
2860 2087 2922 2132 ut
2971 2092 3334 2136 memoratum
3395 2095 3507 2146 est,
3551 2083 3750 2138 beatissimi

2275 2164 2470 2222 Petrus
2483 2175 2539 2221 et
2559 2165 2756 2222 Paulus
2779 2183 2878 2223 suo
2900 2171 3164 2242 martyrio
3184 2183 3573 2228 consecrarunt.
3593 2172 3750 2226 Secunda

2274 2267 2455 2314 autem
2491 2261 2646 2315 sedes
2677 2260 2821 2331 apud
2860 2260 3246 2318 Alexandriam
3297 2266 3435 2319 beati
3466 2263 3586 2320 Petri
3617 2263 3750 2318 nomine

2271 2363 2303 2404 a
2335 2348 2515 2405 Marco
2542 2349 2659 2419 ejus
2684 2351 2946 2424 discipulo
2971 2361 3134 2423 atque
3168 2357 3494 2428 evangelista
3525 2361 3750 2410 consecrata

2271 2453 2387 2511 est,
2417 2445 2543 2515 quia
2574 2445 2690 2516 ipse
2722 2456 2777 2524 et
2816 2449 2869 2504 in
2906 2447 3140 2521 Ailgypto
3176 2451 3412 2520 primum
3454 2451 3636 2506 verbum
3665 2443 3751 2500 veri-

2274 2536 2404 2592 tatis
2459 2537 2698 2594 directus
2748 2553 2778 2594 a
2829 2539 2990 2595 Petro
3045 2543 3403 2612 praidicavit,
3452 2555 3502 2597 et
3549 2541 3750 2614 gloriosum

2273 2629 2510 2700 suscepit
2548 2630 2900 2702 martyrium,
2933 2632 3019 2687 cui
3050 2635 3378 2690 venerabilis
3405 2635 3630 2692 successit
3654 2629 3752 2687 Habi-

2272 2721 2396 2777 lius.
2449 2721 2630 2776 Tertia
2675 2737 2805 2777 vero
2846 2723 3002 2779 sedes
3040 2725 3180 2794 apud
3239 2726 3585 2787 Antiochiam,
3619 2722 3750 2780 idest.

2271 2813 2414 2869 beati
2463 2813 2611 2868 Petri
2655 2815 2880 2883 apostoli
2925 2815 3156 2870 habetur
3179 2818 3536 2883 honorabilis,
3569 2817 3664 2887 quia
3692 2813 3753 2866 illic

2270 2903 2584 2974 priusquam
2625 2903 2851 2959 Romam
2899 2906 3110 2961 veniret
3140 2907 3441 2975 habitavit,
3491 2915 3541 2964 et
3576 2903 3750 2975 Iguuium

2269 2994 2578 3066 episcopum
2603 2997 3097 3062 constituit,etillie
3117 3001 3355 3070 primum
3381 3014 3559 3058 nomen
3580 2995 3752 3054 Christia-

2269 3104 2461 3143 norum
2504 3088 2727 3144 novellae
2763 3091 2940 3160 gentis
2981 3103 3229 3147 exortum
3261 3103 3368 3150 est.
3413 3093 3633 3163 Reliquas
3659 3100 3750 3141 vero.

2269 3187 2327 3232 ut
2354 3178 2727 3248 przediximus,
2773 3180 2825 3235 in
2876 3183 3111 3250 quodam
3155 3193 3327 3252 tomo,
3373 3185 3681 3256 prolixitatem
3709 3176 3753 3228 ti-

2270 3279 2447 3326 tantes
2486 3271 2755 3340 epistola},
2789 3273 2945 3328 vobis
2989 3277 3331 3346 conscriptas
3365 3278 3642 3332 direximus.
3678 3270 3753 3324 huic

2267 3376 2501 3430 uanique
2539 3371 2592 3416 et
2629 3363 2770 3417 beati
2800 3363 3028 3433 apostoli
3059 3365 3198 3420 inter
3220 3381 3277 3421 se
3313 3375 3594 3422 statuerunt
3619 3371 3660 3416 ut
3685 3358 3751 3425 rpi-

2267 3455 2414 3524 scopi
2441 3453 2773 3525 singularum
2807 3456 3010 3511 scirent
3043 3459 3278 3528 gentium
3306 3460 3428 3530 quis
3459 3459 3581 3512 inter
3596 3469 3666 3508 eos
3689 3447 3754 3520 pri'

2268 3562 2388 3601 mus
2409 3555 2573 3612 esset,
2599 3558 2866 3617 quatenus
2886 3551 2952 3605 ad
2979 3567 3100 3606 eum
3126 3553 3307 3622 potior
3332 3568 3510 3609 eorum
3535 3544 3752 3606 sollicitudo

2266 3638 2578 3707 pertineret.
2619 3637 2750 3692 Nam
2787 3649 2844 3693 et
2888 3639 3029 3696 inter
3062 3643 3251 3697 beatos
3292 3642 3556 3714 apostolos
3589 3636 3752 3707 (plantam

2266 3727 2367 3782 fuit
2393 3728 2674 3790 discretio,
2717 3739 2772 3786 et
2810 3730 2935 3785 licet
2958 3748 3148 3787 omnes
3177 3743 3360 3788 essent
3393 3731 3626 3803 apostoli,
3652 3726 3753 3780 Pclm

2265 3826 2446 3874 tamen
2489 3834 2520 3874 a
2572 3819 2798 3875 Domino
2843 3831 2921 3876 est
2967 3837 3318 3887 concessum,
3365 3836 3419 3878 et
3463 3823 3552 3893 ipsi
3592 3822 3692 3874 inter
3718 3827 3751 3866 se

2265 3911 2496 3980 idipsum
2546 3912 2858 3975 voluerunt,
2913 3923 2974 3966 ut
3019 3915 3241 3984 reliquis
3287 3915 3532 3972 omnibus
3575 3910 3752 3983 puecssfl

2266 4001 2558 4072 apostolis,
2609 4011 2664 4056 et
2707 4002 2952 4072 Cephas,
3008 4003 3062 4058 id
3098 4014 3181 4058 est
3226 4013 3390 4074 caput
3426 4013 3478 4060 et
3516 3995 3750 4073 principium

2266 4100 2473 4148 teneret
2516 4090 2874 4162 apostolatus,
2904 4091 3030 4162 quia
3070 4101 3126 4146 et
3170 4095 3418 4149 eamdem
3459 4092 3653 4147 {erutam
3684 4080 3752 4137 suis

2264 4184 2686 4247 successoribus,
2730 4192 2784 4238 et
2814 4183 3032 4254 reliquis
3071 4184 3328 4254 apostolis
3363 4183 3619 4237 tenendam
3642 4171 3750 4229 tradi-

2267 4278 2480 4333 derunt.
2513 4276 2581 4330 Et
2615 4291 2720 4330 non
2752 4275 2924 4330 solum
2965 4277 3067 4330 hoc
3109 4276 3163 4330 in
3211 4275 3359 4330 Novo
3388 4269 3752 4330 Tcstamcntaesl

2264 4368 2638 4432 constitutum,
2661 4366 2753 4422 sed
2778 4367 2944 4422 etiam
2971 4367 3023 4420 in
3058 4367 3238 4421 Veteri
3263 4366 3384 4420 fuit.
3406 4365 3545 4421 Unde
3570 4359 3750 4425 scriptum
3824 4379 3825 4432 ἦ

2262 4474 2346 4522 est
2361 4483 2374 4519 :
2393 4464 2603 4536 Moyses
2620 4473 2674 4517 et
2693 4464 2873 4518 Aaron
2895 4464 2945 4517 in
2971 4464 3343 4518 sacerdotibus
3358 4463 3472 4533 ejus
3486 4456 3632 4531 (Psal.
3648 4449 3751 4511 xv"),

2261 4557 2314 4612 id
2337 4565 2450 4620 est,
2477 4556 2634 4626 primi
2664 4555 2803 4610 inter
2824 4571 2915 4610 eos
2937 4554 3175 4612 fuerunt.
3225 4576 3244 4608 ι
3279 4555 3404 4610 lude
3427 4566 3615 4610 sacrum
3640 4545 3752 4600 Nic»

2261 4665 2387 4704 num
2441 4647 2730 4703 concilium
2800 4647 3144 4716 paucioribus
3199 4648 3412 4717 quidem
3473 4640 3652 4700 verbis,
3695 4629 3753 4684 sed

2258 4757 2365 4798 non
2391 4741 2584 4797 minori
2615 4741 2937 4796 auctoritate
2971 4741 3210 4795 decrevit
3255 4741 3393 4809 (can.
3441 4737 3493 4810 ϐ)
3514 4779 3528 4800 ,
3563 4735 3753 4805 quatenus

2267 4854 2289 4886 ἰ
2341 4834 2562 4902 antiqua
2611 4834 2973 4897 consuetudo,
3009 4830 3216 4886 scilicet
3253 4848 3373 4902 qum
3414 4829 3546 4899 apud
3581 4819 3752 4879 ethnicos

2263 4933 2465 4980 statuta
2499 4922 2704 4985 fuerat,
2729 4932 2784 4978 et
2815 4922 3106 4992 apostolica
3146 4932 3230 4979 εει
3254 4931 3438 4994 postea
3458 4911 3753 4984 constitutione

2264 5015 2497 5080 firmata,
2528 5003 2792 5082 servetur,
2819 5024 2876 5070 ut
2894 5017 3292 5073 Alexandrinus
3310 5016 3582 5084 episcopus
3598 5010 3751 5062 suorum

2262 5107 2502 5161 omnium
2547 5108 2742 5162 habeat
2789 5115 3132 5177 potestatem,
3177 5109 3299 5176 quia
3345 5113 3402 5160 et
3447 5102 3585 5180 urbis
3627 5095 3752 5180 R0193

2262 5196 2514 5266 episcopo
2553 5197 2739 5266 parilis
2777 5212 2894 5251 mos
2931 5206 3033 5252 est.
3075 5196 3332 5262 Similiter
3373 5203 3430 5250 et
3457 5178 3596 5274 apud
3625 5178 3755 5237 Ληιίίν

2263 5289 2438 5343 chiam
2453 5297 2782 5358 exterasque
2795 5287 3103 5356 provincias
3123 5289 3235 5344 suis
3248 5285 3520 5360 privilegia
3535 5280 3754 5348 servent"

2264 5375 2387 5396 I‘.‘_I
