4012 6318
503 302 618 358 539‘

1463 296 1793 354 HINCMARI
1834 294 2229 354 RIIEMENSIS
2257 300 2782 359 ARCHIEPISCOPI

3653 295 3776 352 540

503 415 644 470 bias.
675 413 739 467 Et
765 411 893 466 licet
915 411 981 466 de
1009 410 1234 482 singulis
1255 425 1359 464 non
1390 409 1628 480 indigeas
1650 410 1884 475 edoceri,
1911 427 1941 466 a
1971 425 2078 481 quo
2106 413 2154 472 A
2183 415 2383 470 intretis
2420 418 2475 472 in
2521 419 2857 472 Mutationem
2883 416 3101 489 (Matth.
3135 432 3289 480 xxvi,
3313 413 3428 476 41).
3458 413 3777 470 Catnmune

500 508 613 579 jam
645 505 993 576 probavimus
1021 503 1236 558 acutius
1287 502 1541 556 universa
1593 504 1826 566 servari,
1873 504 2079 574 gratius

511 609 697 654 tamen
723 609 847 651 esse
892 594 1054 658 solet,
1083 593 1126 648 si
1157 592 1313 646 ituris
1344 602 1542 647 trames
1569 593 1896 656 ostenditur,
1923 603 1974 652 et
2001 594 2081 648 la-

503 688 778 745 lioraturis
801 684 1024 755 injuncti
1047 684 1228 752 operis
1241 681 1415 736 forma
1437 692 1791 737 monstratur.
1821 683 2082 740 Paternas

505 779 672 847 igitur
701 774 936 845 regulas,
981 781 1037 827 et
1057 773 1275 828 decreta
1319 772 1682 827 sanctissimis
1705 773 1927 828 diflinita
1956 790 2084 829 con-

506 867 646 922 ciliis
675 867 744 920 ab
781 865 1032 919 omnibus
1065 863 1328 919 servanda
1360 864 1697 918 mandamus.
1744 864 1799 918 In
1834 866 1918 919 bis
1943 865 2080 934 vigi-

507 957 730 1012 lantiam
779 964 948 1021 tuam,
979 955 1031 1010 in
1065 956 1147 1010 bis
1177 971 1364 1010 curam
1401 962 1456 1008 et
1484 955 1735 1010 fraternte
1768 957 1968 1011 monita
1989 972 2084 1012 ex-

509 1048 834 1107 ltortatiOnis
876 1047 1231 1104 ostendimus.
1283 1047 1376 1103 llis
1414 1063 1479 1102 ω
1523 1059 1724 1118 quanta
1755 1051 1972 1120 dignum
1999 1059 2085 1106 est

503 1140 808 1197 reverentia
834 1138 1138 1203 custoditis,
1165 1139 1374 1194 nullum
1416 1140 1672 1210 relinquit
1715 1141 1885 1210 culpa:
1907 1143 2084 1198 locum

505 1243 708 1289 sanctae
749 1231 1140 1288 observationis
1184 1233 1541 1288 obstaculum.
1588 1234 1662 1289 lbi
1702 1233 1783 1289 fas
1829 1235 2088 1306 nefasque

503 1325 861 1394 perscriptum
888 1333 990 1389 est,
1009 1325 1079 1379 ibi
1116 1325 1447 1395 prohibitum
1468 1367 1480 1390 ,
1517 1325 1584 1380 ad
1612 1328 1754 1396 quod
1780 1327 1959 1383 nullus
1987 1342 2086 1382 au-

505 1414 630 1470 deat
672 1413 934 1483 aspirare,
978 1413 1049 1468 ibi
1071 1429 1388 1470 concessum
1413 1416 1556 1485 quod
1579 1416 1770 1472 debeat
1799 1431 1953 1474 mens
1983 1419 2090 1473 Deo

502 1505 766 1575 placitura
790 1520 1132 1575 pnesumcre.
1166 1505 1392 1574 Quoties
1416 1506 1720 1562 universale
1757 1509 1932 1578 poscit
1963 1507 2091 1562 reli-

507 1596 688 1668 gionis
711 1611 878 1652 causa
902 1595 1226 1662 concilium,
1270 1605 1321 1652 te
1362 1598 1545 1653 cuncti
1586 1597 1785 1654 fratres
1832 1606 2094 1654 evocante

507 1690 850 1756 conveniant,
878 1697 933 1744 et
957 1689 1002 1744 si
1028 1704 1166 1759 quos
1188 1704 1376 1744 eorum
1401 1691 1654 1760 specialis
1685 1693 1883 1764 negotii
1916 1692 2094 1764 pulsat

505 1782 753 1843 intentio,
774 1780 953 1852 jurgia
990 1781 1131 1836 inter
1150 1797 1244 1836 eos
1273 1781 1465 1836 oborta
1495 1798 1809 1853 compesce,
1838 1783 2083 1838 discussa
2121 1766 2165 1826 Β

506 1887 660 1928 sacra
685 1874 798 1943 lege
820 1871 1231 1927 determinando
1249 1873 1565 1928 certamina.
1605 1873 1874 1944 Quidquid
1905 1882 2086 1929 autem

507 1965 617 2020 illic
654 1980 752 2034 pro
775 1962 880 2019 [ide
903 1971 960 2018 et
1002 1963 1227 2018 veritate
1247 1964 1624 2029 constitutum,
1649 1964 1733 2018 vel
1764 1965 1987 2034 provida
2009 1966 2091 2020 di-

506 2056 854 2127 spensatione
894 2065 1242 2127 praeceptum,
1284 2055 1370 2111 vel
1404 2071 1648 2126 personae
1687 2065 1886 2111 nostra:
1906 2067 2090 2112 aucto-

507 2151 670 2205 ritate
695 2148 860 2203 fuerit
896 2150 1298 2214 confirmatum,
1349 2157 1522 2204 totum
1569 2150 1634 2204 ad
1684 2150 1966 2205 scientiam
1993 2167 2090 2206 no-

507 2251 675 2297 stram
707 2242 967 2297 instructa
1016 2239 1292 2294 relationis
1314 2241 1658 2295 attestatione
1689 2242 1991 2311 perveniat.
2013 2242 2091 2296 Eo

506 2335 601 2390 flet
624 2345 681 2390 ut
711 2344 766 2390 et
804 2344 990 2389 noster
1020 2334 1232 2388 animus
1252 2330 1409 2388 olIicii
1442 2332 1706 2387 charitate
1733 2333 1862 2396 dati,
1885 2340 1940 2386 et
1966 2341 2090 2387 tuus

507 2428 799 2484 securitate
848 2425 1158 2496 perfruatur
1202 2425 1426 2496 accepti.
1483 2425 1625 2480 Deus
1671 2433 1725 2480 te
1765 2424 2090 2481 incolumem

512 2518 801 2579 custodiat,
832 2515 1000 2571 frater
1025 2515 1364 2571 cltarissime.
1399 2533 1418 2566 ι

585 2609 693 2664 Sed
714 2617 771 2663 et
785 2607 1055 2661 Adrianus
1079 2620 1217 2675 papa
1240 2604 1454 2674 Tilpino
1489 2604 1874 2674 praedecessori
1907 2611 2093 2657 nostro

509 2701 637 2756 talia
690 2715 803 2756 sua:
849 2699 1190 2755 auctoritatis
1223 2697 1525 2768 privilegia,
1567 2707 1620 2753 et
1650 2684 1763 2753 sibi,
1788 2697 2093 2752 commissae

506 2791 766 2847 Ecclesia:
794 2789 960 2856 dedit,
992 2790 1132 2844 sicut
1166 2790 1366 2858 scripta
1404 2803 1524 2857 quae
1560 2788 1821 2842 habemus
1863 2787 2089 2841 demou-

506 2889 706 2936 strant.
743 2880 874 2948 Quae
909 2879 1178 2950 exiguitas
1216 2893 1336 2932 mea
1376 2891 1477 2930 nec
1511 2877 1728 2939 meruit,
1777 2891 1876 2931 nec
1899 2875 2088 2940 ambit,

507 2989 610 3030 nec
620 2973 844 3044 appetit,
865 2985 962 3026 nec
991 2971 1240 3040 requirit,
1261 2984 1573 3040 quanquam
1597 2977 1651 3022 et
1666 2967 1844 3038 quarti
1871 2967 2089 3034 Leonis,

509 3074 565 3119 et
610 3064 826 3120 nomine
865 3078 930 3118 ac
969 3063 1142 3133 gratia
1181 3059 1458 3115 Benedicti
1490 3059 1788 3113 auctoritas
1819 3057 1950 3112 mihi
1980 3057 2092 3127 pri-

2181 517 2298 564 erat
2327 511 2578 566 omnibus
2606 509 2865 580 apostolis
2902 509 3202 580 periculum
3229 507 3298 563 de
3325 507 3632 564 teutatione
3651 503 3775 558 for-

2181 603 2417 665 midinis,
2451 613 2506 657 et
2535 602 2731 657 divinae
2765 603 3116 672 protectionis
3151 601 3355 654 auxilio
3389 599 3597 668 pariter
3623 593 3778 648 indi-

2181 694 2378 764 gebant
2403 733 2418 758 ,
2448 695 2701 762 quoniam
2746 691 2992 748 diabolus
3020 707 3210 747 omnes
3237 690 3532 760 exagitare,
3575 698 3778 740 omnes

2182 787 2433 856 cupiebat
2463 785 2695 850 elidere;
2730 794 2785 839 et
2813 794 2995 839 tamen
3035 784 3286 853 specialis
3307 798 3336 836 a
3367 781 3598 836 Domino
3619 777 3782 832 Petri

2183 892 2312 932 cura
2344 877 2652 948 suscipitur,
2687 885 2745 931 ut
2777 893 2874 946 pro
2927 877 3030 931 ﬁde
3061 875 3212 930 Petri
3241 873 3460 943 proprie
3499 869 3780 940 supplice—

2185 978 2293 1034 tur,
2321 977 2578 1036 tanquam
2617 968 2846 1022 aliorum
2880 975 3054 1022 status
3091 967 3293 1020 certior
3329 965 3399 1018 sit
3446 962 3693 1024 futurus,
3725 961 3776 1016 si

2185 1073 2340 1114 mens
2365 1058 2625 1128 principis
2661 1057 2803 1112 victa
2851 1071 2959 1112 non
3001 1055 3185 1112 fuerit.
3213 1054 3272 1109 In
3304 1054 3463 1109 Petro
3487 1068 3622 1123 ergo
3651 1067 3778 1106 om—

2186 1152 2336 1206 nium
2373 1149 2631 1204 fortitudo
2654 1147 2916 1212 munitur,
2945 1157 3001 1203 et
3027 1146 3206 1202 divina
3233 1145 3405 1218 gratia
3434 1144 3509 1200 ita
3541 1142 3776 1198 ordina-

2191 1251 2276 1298 tur
2301 1243 2577 1306 auxilium,
2612 1250 2672 1296 ut
2705 1241 2932 1296 firmitas
2978 1255 3098 1310 qua:
3154 1253 3252 1310 per
3296 1238 3577 1294 Christum
3607 1236 3780 1291 Petro

2189 1338 2465 1402 tribuitur,
2507 1351 2605 1407 per
2655 1335 2875 1390 Petrum
2920 1332 3178 1404 apostolis
3207 1331 3536 1388 conferatur.
3585 1349 3608 1382 ι
3639 1328 3786 1383 Cum

2192 1432 2374 1501 itaque
2399 1441 2453 1485 et
2475 1429 2629 1484 vobis
2651 1427 2942 1498 provincia:
2967 1425 3325 1495 coepiscopis,
3355 1438 3452 1492 per
3477 1424 3782 1492 primatem

2192 1520 2325 1589 ejus,
2367 1521 2704 1576 orationibus
2747 1527 2804 1574 et
2841 1533 3032 1574 manus
3061 1517 3408 1586 impositione
3459 1515 3512 1569 in
3554 1513 3786 1567 culina.

2195 1613 2339 1667 tione
2363 1612 2533 1684 gratia
2572 1610 2744 1666 sancti
2774 1609 3010 1680 Spiritus
3053 1617 3110 1664 et
3147 1606 3472 1678 episeOpalis
3502 1605 3646 1660 ordo
3678 1604 3785 1657 tri-

2197 1704 2398 1767 linitur,
2425 1704 2630 1773 justum
2675 1717 2800 1758 esse
2842 1701 3196 1771 perpenditur
3236 1707 3315 1764 ut,
3378 1711 3518 1766 papa
3573 1695 3784 1748 Roma-

2195 1809 2264 1848 no
2311 1793 2570 1862 praelato,
2611 1791 2663 1848 ei
2693 1807 2724 1846 a
2779 1790 2932 1846 vobis
2985 1789 3248 1845 orationis
3294 1787 3512 1842 devotio
3566 1796 3623 1840 et
3651 1788 3784 1839 obe-

2192 1883 2412 1937 ditionis
2466 1880 2684 1937 dilectio
2750 1880 3118 1951 rependatur;
3203 1877 3349 1948 quod
3417 1883 3474 1931 et
3551 1875 3607 1930 in
3675 1874 3790 1928 illis

2193 1971 2527 2042 temporibus
2596 1979 2778 2027 actum
2847 1970 3075 2040 legimus
3116 2008 3135 2034 ,
3221 1968 3278 2022 in
3359 1967 3562 2037 quibus
3660 1979 3776 2019 non

2191 2066 2325 2119 adeo
2353 2064 2644 2119 abundavit
2676 2065 2949 2132 iniquitas,
2974 2072 3031 2118 et
3053 2060 3595 2132 refriguit-charitas,
3635 2059 3788 2113 sicut

2191 2157 2349 2213 modo
2376 2157 2430 2210 in
2456 2157 2655 2210 nostris
2681 2158 2877 2226 agitur.
2893 2155 3034 2226 Lege
3048 2154 3303 2208 nimirum
3329 2151 3611 2221 epistolam
3644 2151 3787 2205 Leo-

2193 2251 2278 2306 nis
2307 2251 2372 2304 ad
2401 2249 2766 2312 Anastasium,
2793 2260 2848 2303 et
2872 2247 3114 2302 invenies
3146 2260 3270 2301 cum
3294 2245 3478 2300 Attico
3504 2252 3788 2312 metropo-

2193 2341 2361 2396 litano
2391 2341 2673 2411 episcopos
2702 2338 2995 2410 provincias
3023 2352 3134 2392 suae
3161 2335 3389 2390 Romam
3418 2335 3635 2390 venisse
3665 2333 3786 2388 sine

2194 2433 2333 2489 datis
2373 2433 2623 2497 inauciis,
2671 2447 2776 2486 non
2831 2430 3132 2486 retardatos
3173 2437 3324 2482 metu
3375 2426 3788 2481 sublimissimai

2194 2526 2336 2580 inter
2359 2525 2660 2578 mundanus
2696 2522 2875 2591 apices
2915 2517 3215 2588 potestatis,
3239 2531 3336 2587 per
3362 2514 3627 2571 sa:vitiam
3667 2514 3792 2568 bie-

2197 2617 2320 2678 mis,
2371 2630 2466 2684 per
2522 2615 2626 2668 iter
2662 2625 2912 2683 asperum
2962 2619 3017 2665 et
3070 2607 3328 2680 periculis
3380 2605 3622 2676 plenum,
3685 2617 3792 2675 per

2198 2706 2371 2761 invias
2401 2706 2574 2768 nives,
2597 2719 2720 2759 cum
2749 2710 2897 2756 tanto
2938 2701 3119 2755 labore
3156 2708 3316 2768 atque
3345 2696 3689 2759 discrimine,
3728 2702 3792 2749 ut

2197 2811 2260 2851 ex
2289 2795 2374 2848 bis
2401 2793 2491 2862 qui
2516 2793 2825 2863 episcopum
2851 2789 3094 2846 comitati
3140 2795 3285 2852 sunt,
3319 2787 3540 2855 quidam
3566 2785 3788 2840 defece

2197 2888 2326 2952 rint,
2379 2894 2440 2940 ut
2487 2902 2609 2940 cum
2649 2901 2714 2940 eo
2763 2882 2832 2939 de
2877 2881 3248 2952 indignissima
3291 2878 3584 2934 aﬂlictioue
3616 2893 3797 2946 quam

2195 2977 2434 3050 pertulit,
2468 2974 2798 3046 lacrymabili
2835 2973 3046 3029 actione
3093 2979 3576 3040 conquererentur.
3626 2967 3794 3034 Quod

2201 3080 2255 3124 tu
2285 3069 2556 3139 quomodo
2596 3081 2804 3136 ageres,
2847 3065 2893 3119 si
2945 3061 3417 3133 metropolitanum
3472 3067 3621 3113 tuum
3679 3058 3789 3112 hoc

507 3159 703 3230 vilcgia
733 3174 838 3215 non
874 3174 905 3212 a
927 3172 1014 3212 me
1039 3156 1263 3227 quatsita
1287 3155 1636 3220 contulerint,
1662 3155 1787 3224 quia
1819 3136 2092 3208 sullieiunt
2118 3121 2171 3186 ϐ
2202 3121 2442 3234 indigere
2468 3121 2709 3225 πάθε-ξε,
2751 3160 2844 3230 qui
2889 3121 3318 3228 ρυειηιίεκξυηηυο
3361 3161 3517 3224 poles
3545 3150 3792 3206 ωοιῑιίο-

508 3251 644 3307 mihi
680 3267 804 3320 quae
828 3264 926 3321 per
973 3263 1160 3304 sacros
1199 3262 1437 3304 canones
1475 3246 1768 3316 unicuique
1805 3253 1932 3300 sunt
1972 3259 2090 3299 me-

511 3340 844 3411 tropolitano
869 3338 1087 3395 collata.
1119 3336 1274 3394 Unde
1314 3338 1457 3393 sicut
1481 3337 1737 3393 omnibus
1766 3335 2095 3407 generaliter

510 3432 781 3502 episcopis
801 3430 1056 3485 convenit
1077 3443 1175 3500 pro
1203 3428 1451 3484 Romano
1477 3428 1758 3499 pontifice,
1783 3435 1840 3482 et
1869 3426 2094 3498 speciali

512 3524 664 3581 Petri
698 3523 902 3580 vicario
920 3523 1205 3578 Dominum
1226 3537 1474 3589 exorare,
1498 3522 1662 3578 veluti
1686 3531 1742 3576 et
1767 3520 1988 3578 traditio
2004 3520 2098 3576 de-

513 3623 783 3672 monstrat
806 3613 1172 3670 ecclesiastica
1199 3613 1286 3684 (de
1305 3629 1412 3684 qua
1439 3611 1766 3668 Coelestinus
1793 3611 1925 3668 dicit
1957 3609 2096 3683 [post

513 3709 664 3778 epist.
691 3705 748 3779 8]
776 3723 788 3759 :
819 3704 1295 3762 tObsecrationum
1311 3703 1727 3760 sacerdotalium
1753 3711 2098 3759 sacramenta

513 3800 889 3873 respiciamus,
925 3814 1050 3870 qua:
1073 3797 1142 3851 ab
1169 3797 1426 3868 apostolis
1455 3797 1648 3850 tradita
1671 3796 1723 3850 in
1754 3803 1866 3850 toto
1897 3794 2100 3850 mundo

514 3904 678 3966 atque
693 3895 748 3948 in
763 3892 910 3949 omni
927 3889 1191 3945 catholica
1207 3888 1448 3944 Ecclesia
1465 3887 1808 3942 uniformiter
1821 3885 2101 3942 celebran-

518 3997 627 4052 tur,
654 3994 714 4039 ut
738 3985 909 4054 legem
941 3980 1195 4038 credendi
1234 3981 1321 4034 lex
1349 3989 1556 4036 statuat
1587 3978 2102 4050 supplieandir),ei-

516 4079 752 4146 demque
773 4075 842 4131 ab
859 4073 1110 4129 omnibus
1122 4071 1326 4127 obediri
1359 4079 1594 4141 Oportet,
1628 4072 1768 4125 sicut
1786 4086 1851 4126 ex
1873 4084 2106 4139 evange-

521 4174 625 4228 lica
642 4181 698 4226 et
715 4169 1012 4242 apostolica
1036 4167 1239 4222 auctori
1249 4175 1376 4228 tate,
1394 4164 1659 4234 majorum
1679 4163 1989 4228 traditione,
2021 4170 2104 4216 at-

515 4279 624 4334 que
638 4261 859 4332 antiqua
878 4259 1272 4316 consuetudine
1293 4257 1536 4313 noscitur
1549 4272 1670 4311 esse
1697 4257 1997 4329 decretum:
2027 4255 2106 4309 sic

519 4353 588 4407 ab
632 4352 884 4407 omnibus
931 4349 1222 4420 provinciae
1263 4346 1617 4416 coepiscopis,
1663 4347 1753 4416 qui
1799 4362 1829 4400 a
1871 4345 2106 4415 primatu

2199 3261 2358 3316 nibus
2380 3268 2582 3324 certas,
2610 3265 2669 3312 ut
2689 3267 2793 3311 tua:
2817 3252 3099 3324 metropoli
3134 3249 3514 3306 auctoritatem
3541 3260 3609 3300 ex
3639 3243 3788 3297 anti-

2201 3368 2306 3424 quo
2330 3367 2426 3421 per
2450 3363 2634 3405 sacras
2661 3347 2875 3418 regulas
2916 3343 3232 3400 attributam
3272 3339 3518 3408 deroges,
3573 3349 3639 3388 ac
3690 3347 3791 3401 per

2200 3423 2304 3499 lioc
2334 3442 2583 3498 omnibus
2603 3435 3030 3508 metropolitanis
3057 3431 3234 3489 debita
3261 3430 3383 3501 jura
3410 3425 3606 3482 tollas?
3634 3423 3794 3478 Sicut

2202 3537 2349 3594 enim
2376 3532 2662 3606 Apostolus
2689 3529 2984 3587 Corinthiis
3003 3525 3136 3582 dicit
3161 3542 3176 3579 :
3205 3523 3274 3578 Et
3299 3521 3348 3577 si
3377 3520 3499 3575 aliis
3525 3533 3631 3574 non
3670 3532 3789 3570 suas

2202 3626 2487 3700 apostolus,
2545 3623 2635 3679 sed
2683 3632 2856 3677 tamen
2901 3620 3042 3675 vobis
3083 3632 3244 3680 sum;
3297 3630 3420 3670 nam
3453 3608 3790 3683 signaculum

2205 3697 2529 3793 apostolatus
2556 3718 2657 3772 mei
2681 3733 2769 3771 vos
2791 3715 2912 3769 estis
2933 3714 2987 3766 in
3014 3711 3238 3766 Domino
3264 3706 3316 3778 (Ι
3345 3705 3467 3760 Cor.
3509 3702 3622 3771 Ix);
3657 3711 3716 3755 et
3741 3697 3788 3754 si

2205 3789 2328 3868 aliis
2384 3811 2586 3882 primas
2631 3809 2768 3862 forte
2796 3821 2901 3859 non
2929 3817 3128 3864 essem,
3175 3798 3269 3853 tibi
3299 3805 3478 3849 tamen
3535 3789 3680 3860 apud
3737 3797 3790 3842 te

2203 3907 2406 3977 primas
2435 3917 2554 3958 esse
2576 3900 2905 3961 debueram;
2960 3910 3084 3948 nam
3132 3885 3469 3962 signaculum
3521 3883 3792 3953 primatus

2204 3970 2310 4050 mei
2348 4004 2402 4048 tu
2445 4008 2524 4056 es,
2553 4005 2713 4060 quem
2755 3989 2872 4044 sine
2910 3980 3332 4050 interrogatione
3360 3973 3614 4046 primatis
3660 3970 3791 4024 alte

2209 4086 2342 4149 rius,
2372 4099 2495 4139 cum
2528 4095 2793 4136 consensu
2840 4076 3282 4145 coepisc0porum
3309 4065 3637 4122 ltltemensis
3663 4078 3788 4131 pro-

2208 4175 2428 4238 vincize,
2471 4172 2617 4242 potui
2669 4170 2922 4226 ordinate
2965 4165 3276 4234 episcopum
3315 4177 3330 4212 :
3379 4155 3473 4226 qui
3525 4168 3615 4208 me
3660 4161 3790 4206 tunc

2207 4266 2557 4321 vehementer
2606 4276 2670 4317 ac
2719 4260 2991 4313 inlnanter
3037 4253 3292 4323 cupiebas
3336 4263 3456 4304 esse
3497 4246 3787 4316 primatem

2210 4359 2375 4414 totius
2431 4354 2738 4426 provincia},
2780 4358 2984 4402 tantum
3041 4355 3100 4400 ut
3149 4343 3231 4398 vel
3281 4342 3334 4395 in
3388 4353 3496 4392 uno
3533 4331 3789 4404 oppidulo

441 4473 448 4477 -
518 4458 631 4498 sua:
659 4439 972 4512 metropolis
1011 4439 1352 4502 ordinantur,
1398 4437 1652 4492 convenit
1695 4437 1991 4492 secundum
2019 4451 2104 4490 sa-
2131 4473 2179 4534 Β
2207 4463 2394 4520 posses
2420 4461 2539 4501 esse
2569 4443 2875 4512 cpiscopus,
2905 4447 2959 4492 et
2992 4436 3177 4499 etiam,
3203 4435 3249 4486 si
3289 4429 3480 4483 vellem
3517 4434 3570 4479 et
3603 4431 3792 4477 aucto-

519 4547 644 4587 eras
667 4531 881 4600 regulas
904 4530 1135 4593 obediri,
1162 4538 1218 4585 et
1250 4544 1347 4598 pro
1373 4544 1436 4582 eo
1460 4528 1750 4583 Dominum
1784 4527 2098 4597 supplicari,

523 4625 779 4704 quoniam
832 4622 1177 4679 incolumitas
1215 4621 1556 4691 pnesidentis
1601 4619 1751 4674 salus
1787 4629 1870 4674 est
1915 4618 2100 4673 subdi-

529 4729 730 4775 torum.
754 4715 863 4772 Sed
889 4724 944 4769 et
971 4724 1024 4770 te
1053 4715 1108 4770 in
1161 4715 1248 4770 bis
1290 4713 1684 4783 vigilantiorem
1724 4727 1910 4766 curam
1942 4711 2098 4765 exhi-

521 4811 654 4866 bere
682 4813 1030 4869 convenerat,
1053 4819 1214 4875 quem
1251 4803 1449 4868 taliter,
1480 4812 1542 4857 ut
1568 4803 1825 4872 praamisi,
1855 4816 1882 4854 a
1913 4816 1970 4855 se
1997 4816 2101 4854 nu-

522 4901 711 4955 tritum
741 4897 1074 4953 Rhemorum
1105 4895 1417 4965 metropolis
1443 4895 1498 4948 in
1529 4893 1783 4950 subsellio
1816 4893 1960 4948 sedis
1984 4906 2095 4948 suae

527 4989 1152 5059 ordinavitepiscopum.
1181 4985 1312 5052 Quae
1338 5003 1442 5041 non
1469 5001 1608 5050 meo,
1647 4987 1739 5041 sed
1763 5001 1827 5039 ex
1855 4985 2100 5054 Scriptu-

526 5099 711 5139 rarum
744 5095 904 5136 sensu
931 5078 1074 5135 beati
1095 5077 1291 5132 Leonis
1313 5077 1650 5132 institutione
1671 5076 1886 5146 profero
1917 5077 2097 5146 (seras.

525 5178 579 5239 5,
626 5177 682 5228 in
730 5169 1092 5228 anniuersario
1121 5168 1206 5222 die
1228 5167 1458 5236 ejusdem
1487 5166 1876 5236 assumptionis)
1904 5184 1916 5219 :
1957 5184 1978 5216 ι
2017 5167 2102 5220 ln-

531 5273 732 5327 stante,
757 5261 950 5332 inquit,
994 5258 1243 5328 passione
1285 5273 1380 5312 sua
1414 5255 1693 5320 Dominus,
1728 5271 1848 5326 qua:
1876 5256 2106 5324 discipu-

528 5358 705 5412 lorum
747 5362 866 5410 erat
905 5352 1186 5408 turbatura
1210 5347 1594 5410 constantiam,
1619 5347 1690 5400 ait
1721 5364 1733 5400 :
1765 5347 2107 5411 Simon,ecce

534 5452 764 5507 Satanas
791 5447 1156 5521 expostulavit,
1194 5455 1252 5500 ut
1281 5462 1366 5500 vos
1396 5452 1623 5498 cerneret
1653 5441 1808 5496 veluti
1831 5442 2061 5496 triticum
2084 5457 2101 5504 ;

531 5559 624 5611 ego
671 5551 842 5595 autem
883 5539 1060 5610 rogavi
1107 5553 1203 5608 pro
1245 5547 1293 5592 te
1337 5553 1401 5590 ne
1428 5535 1636 5603 deﬁciat
1663 5532 1793 5602 ﬁdes
1819 5542 1910 5586 tua
1930 5549 1952 5597 ;
1974 5541 2020 5584 et
2051 5542 2107 5583 tu

532 5633 819 5702 aliquando
841 5646 1117 5696 conversus
1142 5628 1397 5697 conﬁrma
1426 5627 1616 5696 fratres
1641 5635 1758 5678 (nos
1785 5623 1934 5692 (Luc.
1971 5636 2104 5685 xm,

533 5725 626 5790 Eni,
657 5723 769 5788 5:2).
799 5722 866 5776 Et
889 5723 1141 5776 omnibus
1162 5719 1416 5790 apostolis
1442 5736 1453 5770 :
1495 5717 1742 5787 Vigilate,
1773 5723 1818 5770 et
1849 5722 2009 5777 orate,
2046 5729 2109 5766 ne

2210 4517 2344 4596 ritas
2372 4553 2435 4592 ac
2461 4537 2597 4590 ratio
2638 4534 2796 4596 foret,
2826 4529 3047 4585 honoris
3087 4543 3150 4582 ac
3201 4521 3482 4595 potestatis
3539 4517 3796 4585 cupidus,

2207 4633 2432 4686 vicanus
2464 4629 2579 4682 fieri
2616 4624 2952 4681 conscntires
2983 4620 3287 4690 episcopus,
3325 4613 3418 4681 qui
3460 4612 3651 4664 Graece
3691 4622 3788 4658 vo-

2205 4733 2363 4778 catur
2408 4719 2850 4788 chorepiscopas,
2894 4714 3035 4767 sicut
3092 4724 3234 4762 nunc
3266 4712 3440 4775 paret,
3488 4700 3579 4769 qui
3613 4697 3792 4752 Immi-

2209 4816 2377 4869 iitatis
2408 4811 2712 4866 ministerio
2739 4825 2801 4862 ac
2825 4813 3090 4878 potestate
3119 4801 3356 4856 abuteris
3387 4798 3437 4850 in
3475 4793 3798 4865 cupiditatis

2209 4921 2273 4960 ac
2301 4902 2561 4974 superbia:
2585 4900 2843 4954 vanitate.

2778 5029 3014 5086 CAPUT
3042 5027 3202 5082 XVII.

2211 5151 2287 5205 De
2333 5148 2605 5204 rebellione
2645 5147 2904 5200 minorum
2929 5143 3254 5196 sacerdotum
3285 5154 3406 5207 ergo
3447 5137 3701 5204 potiores,
3745 5143 3795 5185 et

2281 5222 2344 5274 de
2387 5215 2974 5285 Constantinopolitano
3034 5213 3153 5266 sede
3204 5210 3489 5262 reluctante
3544 5207 3794 5258 adversus

2302 5288 2658 5360 apostolicam.

2287 5433 2500 5488 Etcum
2528 5431 2644 5484 hate
2672 5429 2744 5482 ita
2791 5442 2850 5482 se
2885 5427 3138 5486 habeant,
3175 5437 3280 5475 non
3327 5417 3498 5472 miror
3545 5414 3589 5468 si
3629 5422 3682 5465 te
3729 5407 3792 5461 ad

2218 5526 2319 5580 hoc
2347 5522 2492 5593 potui
2527 5534 2838 5592 provocare,
2895 5528 2951 5571 ut
2997 5516 3279 5568 adversum
3315 5524 3402 5562 me
3429 5518 3692 5564 tumores,
3742 5508 3792 5554 et

2217 5619 2384 5674 nolles
2407 5617 2694 5673 secundum
2726 5613 2957 5667 divinam
3005 5606 3406 5680 dispositionem
3451 5614 3568 5656 esse
3617 5595 3793 5664 subje-

2220 5723 2362 5777 ctus,
2392 5711 2480 5782 qui
2509 5707 2790 5766 Conditori
2816 5722 2912 5760 suo
2937 5702 3121 5758 nolens
3144 5698 3352 5769 subjici,
3389 5696 3462 5750 tle
3490 5692 3630 5748 coelo
3672 5699 3792 5743 cum
