3950 5396
151 311 275 376 3H

950 306 1195 364 OPUSC.
1230 306 1321 363 ET
1357 305 1578 364 EPIST.
1614 303 1687 362 ΙΝ
1717 303 1949 364 CAUSA
1983 304 2319 365 [IINCMARI
2351 306 2661 367 LAUDUN.

3327 305 3455 362 διε-

154 424 286 480 suis
312 419 665 492 complicibus
687 421 743 476 in
769 422 915 478 hunc
930 422 1284 493 caliginosum
1312 437 1497 479 aerem
1524 421 1749 478 misera-
1776 426 1827 483 Δ
1923 419 1990 475 Et
2017 421 2160 489 quod
2188 422 2257 479 de
2276 424 2382 481 hoc
2409 439 2521 482 uno
2548 424 2781 494 primate
2801 421 3101 486 Gallica-0.
3125 420 3271 493 quia
3290 422 3425 477 sede

155 515 353 573 biliter
395 522 482 571 est
510 513 772 582 deiectus,
820 513 1037 569 aeternis
1085 513 1361 585 suppliciis
1405 512 1749 569 erneiaudus.
1842 510 2143 583 apostolica
2171 513 2389 583 pallium
2411 523 2720 584 acrqierat,
2753 512 2909 577 dixit,
2938 512 3043 568 hoc
3091 519 3149 570 et
3189 509 3260 569 de
3303 510 3449 569 reli-.

155 606 306 662 Nam
332 613 388 662 et
413 604 468 659 in
499 603 685 659 Veteri
713 603 1062 660 Testamento
1107 604 1336 659 minoris
1362 603 1638 675 dignitatis
1668 617 1755 660 sa-

150 691 419 752 cerdotes
448 680 640 749 contra
670 692 909 764 potiores
942 708 1075 750 suos
1101 708 1161 749 se
1184 693 1552 760 elcvaverunt,
1613 691 1754 751 Cone

152 786 378 841 scilicet
401 801 527 842 cum
556 786 671 841 suis
697 785 1083 855 complicibus;
1112 786 1255 843 unde
1280 786 1574 843 vindictam
1601 786 1755 844 debi«

154 883 279 928 tam
307 891 340 929 a
364 875 591 931 Domino
614 885 989 946 susceperunt,
1029 875 1172 931 sicut
1214 876 1519 933 veneranda
1562 884 1756 932 narrat

154 963 396 1018 historia
429 963 633 1035 (Num.
662 966 809 1035 xvi).
858 962 916 1019 ln
962 963 1114 1020 Novo
1156 963 1506 1020 nihilominus
1558 963 1750 1022 Testa-

157 1064 354 1107 mento
378 1053 520 1109 inter
537 1066 726 1109 sacros
745 1054 967 1109 ordines
989 1053 1217 1125 legimus
1257 1054 1551 1110 seditiones
1596 1069 1757 1111 exor-

158 1153 293 1197 tas:
325 1152 379 1197 et
407 1142 641 1212 primum
670 1142 888 1213 quidem
912 1144 1229 1200 diaconibus
1256 1158 1316 1200 se
1344 1143 1606 1200 adversus
1627 1159 1752 1215 pre-

156 1233 436 1305 sbyteros,
464 1232 701 1304 itemque
721 1234 1054 1306 presbyteris
1096 1242 1151 1291 et
1194 1234 1599 1306 chorepiscopis
1648 1237 1750 1293 ad-

156 1336 356 1378 versus
391 1322 675 1394 episcopos
723 1322 1092 1389 ell‘erentibns,
1141 1324 1284 1381 unde
1334 1339 1479 1380 nunc
1526 1339 1753 1385 necesse

156 1425 277 1465 non
300 1410 566 1468 habemus
594 1426 900 1469 sermonem
931 1413 987 1469 in
1010 1412 1225 1486 longum
1249 1416 1589 1485 protrahere,
1629 1431 1752 1486 qua:

155 1501 418 1557 novimus
439 1517 470 1556 a
494 1502 669 1558 sacris
689 1504 989 1560 canonibus
1016 1518 1137 1562 esse
1162 1506 1479 1577 composita.
1514 1507 1748 1564 Tantum

154 1591 232 1645 de
253 1593 548 1664 episcopali
571 1595 760 1653 ordine
788 1595 1051 1663 dicamus,
1072 1611 1234 1667 quem
1260 1598 1427 1654 etiam
1465 1599 1605 1671 ignis
1653 1614 1750 1657 cu-

154 1684 428 1753 p‘ditatis,
456 1693 517 1741 et
541 1686 730 1757 rapina
762 1687 1064 1745 altitudinis
1114 1688 1251 1745 adeo
1293 1690 1473 1760 potuit
1529 1690 1746 1749 inﬂam-

154 1791 338 1842 mare,
389 1777 528 1833 sicut
576 1779 836 1848 scriptum
859 1788 943 1845 est
997 1799 1012 1837 :
1062 1782 1220 1852 Aperi
1243 1821 1260 1848 ,
1288 1758 1485 1839 Βόσκε
1511 1823 1527 1850 ,
1568 1795 1747 1856 portas
1779 1758 1824 1821 Β

154 1873 304 1930 tunc,
334 1875 384 1919 et
404 1876 674 1921 consumat
698 1868 832 1939 ignis
858 1869 1042 1926 cedrus
1064 1879 1184 1926 tuas
1204 1870 1394 1944 (locis.
1419 1874 1521 1943 ιι),
1543 1881 1603 1929 ιιι
1629 1874 1751 1944 qui-

153 1970 267 2026 que
313 1956 410 2011 Dei
465 1958 794 2015 ordinatioui
853 1960 1111 2017 resistere
1152 1976 1260 2017 non
1313 1972 1643 2035 metuerant,
1692 1973 1750 2022 et

155 2061 284 2101 cum
312 2047 562 2104 obtinere
599 2064 704 2104 non
749 2058 1042 2120 potuerunt
1081 2061 1139 2107 ut
1163 2052 1264 2107 sibi
1311 2054 1614 2125 praepositis
1640 2070 1747 2111 non

152 2135 471 2202 subesseut,
506 2136 674 2194 etiam
704 2139 941 2195 haereses
968 2148 1026 2195 et
1047 2140 1340 2197 schismata
1367 2143 1747 2213 condiderunt,

152 2237 330 2293 seque
373 2226 521 2296 ipsos
544 2226 614 2282 ab
642 2228 851 2285 unitate
890 2228 1147 2286 Ecclesiae
1186 2231 1556 2303 projecerunt,
1609 2235 1751 2291 sicut

151 2308 349 2364 multis
369 2308 707 2368 documentis
733 2313 1025 2369 ostendere
1050 2328 1358 2384 possumus.
1404 2316 1749 2376 llebellantes

154 2414 380 2472 quoque
423 2401 661 2474 episcOpi
701 2404 962 2461 adversus
1006 2405 1452 2476 metropolitauos
1493 2408 1611 2465 sive
1663 2425 1750 2464 ar-

150 2488 537 2563 chiepiscopus
560 2508 689 2550 suos
723 2494 841 2565 (his
859 2494 1006 2551 enim
1032 2495 1247 2552 duobus
1291 2496 1600 2555 nominibus
1648 2497 1749 2554 hu-

145 2579 245 2650 ius
264 2582 602 2643 excellentia:
624 2586 862 2657 dignitas
888 2585 1247 2662 designatur),
1274 2587 1516 2662 itemque
1547 2598 1746 2646 metro-

151 2674 388 2743 politani
413 2677 498 2732 vel
524 2678 923 2752 archiepiscopi
954 2679 1217 2738 adversus
1247 2683 1515 2754 primates
1534 2686 1616 2743 vel
1649 2702 1746 2758 pa-

162 2766 469 2833 triarchas,
499 2769 666 2838 quiin
693 2769 780 2826 his
797 2770 1007 2828 duobus
1034 2772 1347 2830 nominibus
1365 2790 1473 2831 uno
1503 2777 1747 2847 prioratu

150 2855 479 2926 funguntur,
507 2859 601 2916 sed
625 2869 682 2915 et
710 2861 928 2932 quidem
957 2863 1350 2937 archiepiscopi
1400 2866 1484 2923 vel
1539 2877 1745 2924 metro-

142 2946 386 3016 politani
408 2948 667 3017 primates
692 2950 1114 3020 provinciarum,
1172 2954 1450 3012 multoties
1491 2957 1545 3011 in
1576 2957 1748 3014 sacris

149 3037 463 3095 «nauibus
510 3041 906 3099 inveniuntur:
952 3044 1029 3099 illi
1075 3044 1341 3111 videlicet,
1385 3048 1477 3119 qui
1524 3048 1578 3104 in
1625 3050 1746 3106 loco

150 3130 540 3188 defunctorum
579 3133 1110 3205 archiepiscoporum
1168 3137 1254 3194 vel
1302 3140 1743 3209 metropolitano-

150 3240 319 3291 rum,
371 3226 442 3281 ab
488 3226 757 3297 episcopis
802 3224 1221 3296 uniuscujusque
1268 3228 1591 3296 provincim,
1628 3232 1746 3286 sine

149 3313 587 3385 interrogatione
611 3315 839 3370 alterius
861 3314 1111 3385 primatis
1140 3316 1434 3385 praevalent
1480 3319 1741 3384 ordinari,

146 3414 211 3461 et
240 3421 311 3460 es
345 3406 584 3476 antiquae
607 3405 1015 3462 consuetudinis
1061 3404 1201 3477 lege,
1225 3421 1257 3460 a
1282 3407 1408 3462 sede
1446 3408 1742 3478 apostolica

146 3495 305 3568 pallii
337 3495 513 3551 solent
539 3497 700 3566 genio
722 3495 991 3567 insigniri,
1024 3496 1152 3551 etin
1199 3494 1318 3552 loco
1369 3497 1742 3554 deeedentium

142 3588 559 3658 epist-cperunt,
587 3588 705 3642 sine
727 3586 978 3642 consultu
1007 3586 1090 3641 vel
1121 3585 1339 3643 licentia
1366 3588 1618 3657 primatis
1661 3590 1743 3643 al-

143 3677 351 3738 terius,
377 3675 433 3729 in
485 3690 583 3729 sua
634 3675 912 3744 provincia
966 3674 1168 3745 quique
1195 3685 1424 3746 possunt
1463 3676 1746 3746 episcopos

136 3764 440 3828 ordinare,
469 3763 610 3819 sicut
627 3771 851 3819 sanctus
883 3762 1177 3835 Gregorius
1226 3764 1470 3820 scribens
1518 3764 1586 3820 ad
1639 3765 1747 3821 Au-

142 3853 439 3927 gustinum
465 3851 763 3925 Anglorum
792 3852 1129 3924 episcopum,
1180 3851 1461 3909 evidenter
1509 3854 1746 3910 ostendit

144 3945 275 4017 (lib.
308 3945 582 4015 xn,epist.
607 3945 972 4016 5l,interrog.
999 3944 1054 4016 9)
1088 3960 1102 4000 :
1135 3962 1154 3996 ι
1203 3943 1262 4000 ln
1292 3944 1606 4014 Galliarum,
1657 3947 1742 4003 in-

144 4035 374 4104 quiens,
399 4034 685 4106 episcopos
726 4034 929 4090 nullam
979 4033 1076 4089 tibi
1120 4034 1501 4090 auctoritatem
1555 4037 1745 4093 tribui-

145 4140 300 4191 inus,
329 4125 455 4197 quia
477 4127 546 4183 ab
574 4126 812 4198 antiquis
838 4127 1300 4197 praedecessorum
1327 4142 1573 4183 meorum
1603 4137 1743 4186 tem-

144 4217 378 4289 poribus
406 4220 628 4292 pallium
656 4219 991 4277 Arelatensis
1008 4220 1298 4292 episcopus
1324 4222 1551 4292 accepit,
1576 4237 1738 4295 quem

143 4326 256 4369 nos
277 4311 489 4383 privare
506 4312 830 4370 auctoritate
875 4320 1131 4385 percepta
1162 4311 1387 4369 minime
1406 4314 1683 4371 debemus.
1710 4335 1732 4370 ι

146 4400 223 4457 Et
243 4410 366 4469 post
388 4394 703 4475 aliquanta:
740 4422 759 4456 ι
818 4402 935 4472 Ipse
986 4403 1309 4459 auctoritate
1349 4404 1567 4475 propria
1623 4405 1732 4476 epi-

141 4507 350 4564 scopos
390 4493 688 4551 Galliarum
728 4493 976 4566 judicare
1032 4508 1140 4550 non
1190 4494 1412 4564 poteris,
1467 4494 1563 4551 sed
1604 4511 1733 4552 sna-

141 4580 358 4646 dendo,
377 4582 716 4646 blandiendo,
739 4582 879 4638 bona
906 4597 1121 4655 quoque
1150 4589 1240 4637 tua
1267 4597 1431 4653 opera
1484 4583 1566 4639 eis
1607 4584 1731 4640 imi—

142 4671 322 4728 tanda
352 4675 719 4738 monstrando,
748 4688 1035 4744 pravorum
1061 4682 1272 4730 mentes
1314 4673 1384 4730 ad
1432 4674 1735 4732 sanctitatis

139 4759 394 4815 studium
414 4760 672 4826 reforma,
721 4760 847 4830 quia
892 4760 1156 4829 scriptum
1209 4769 1293 4816 est
1336 4762 1392 4817 in
1437 4760 1596 4833 lege:
1632 4761 1735 4817 Per

140 4851 383 4907 alienant
401 4867 617 4908 messem
635 4852 914 4916 transiens,
945 4849 1135 4922 [alcem
1159 4852 1358 4905 mittere
1395 4868 1502 4906 non
1557 4851 1728 4918 debes,

136 4942 239 4998 sed
268 4958 431 4996 manu
452 4943 622 5012 spicas
641 4950 903 4995 conterere
927 4951 975 4995 et
995 4941 1334 4996 manducare.
1355 4939 1572 4999 Falcem
1589 4942 1735 4999 enim

131 5028 347 5099 iudicii
360 5029 573 5085 mittere
614 5043 721 5083 non
750 5035 904 5098 potes
932 5028 985 5084 in
1016 5043 1078 5084 ea
1105 5038 1287 5101 segete
1315 5044 1434 5103 quae
1459 5030 1619 5087 alteri
1645 5032 1730 5088 vi-

136 5124 311 5176 detur
329 5135 449 5175 esse
474 5119 780 5183 commissa,
808 5120 904 5175 sed
946 5134 1046 5194 per
1088 5120 1336 5177 effectum
1375 5122 1507 5179 boni
1554 5121 1735 5192 operis

138 5211 421 5265 frumenta
443 5209 716 5266 Dominica
737 5209 995 5267 vitiorum
1020 5226 1243 5268 suorum
1270 5211 1439 5282 paleis
1460 5211 1728 5282 exspolia,

1851 603 1974 673 quis
1999 602 2321 671 Galliarum,
2371 613 2429 663 et
2474 606 2837 678 Belgicorum,
2887 616 3052 677 atque
3083 602 3438 661 Germanico-

1850 706 1971 748 rum
1991 692 2313 762 primatibus
2334 701 2418 750 est
2444 694 2629 766 utique
2654 694 3084 767 intelligendum.
3105 694 3256 751 Inter
3274 708 3439 765 quos,

1850 779 1993 835 sicut
2023 788 2079 835 et
2102 780 2245 837 inter
2282 780 2520 852 reliquos
2548 784 2851 855 episcopos,
2879 782 2997 843 hac
3014 782 3252 841 conditio
3275 798 3431 855 res“?

1849 866 1983 924 laris
2008 878 2279 936 servatur,
2317 879 2379 927 ut
2399 872 2495 943 qui
2539 874 2692 944 prius
2729 874 2891 931 fuerit
2937 873 3241 940 ordinatus,
3287 872 3451 944 prior.

1848 960 2136 1027 habeatur,
2162 962 2309 1019 velut
2337 962 2479 1021 idem
2505 974 2728 1024 sanam
2766 965 3059 1038 Gregorius
3106 964 3160 1023 in
3203 961 3433 1035 epistola

1850 1056 1918 1110 ad
1940 1054 2223 1125 praefatum
2246 1055 2611 1128 Augustinum
2632 1065 2878 1129 latenter
2909 1056 3164 1114 ostendit.
3218 1054 3294 1112 De
3313 1054 3433 1125 qui-

1850 1143 1953 1200 bus
1977 1144 2299 1216 primatibus
2321 1146 2595 1203 ctAfrieie
2638 1148 2929 1218 provincia:
2970 1146 3198 1205 concilia
3246 1145 3437 1201 dicunt

1852 1233 2021 1304 (conc.
2061 1233 2336 1305 Cartltag.,
2360 1250 2412 1291 c.
2433 1235 2554 1305 l9):
2577 1255 2596 1290 ι
2631 1235 2905 1306 Quisquis,
2933 1235 3202 1306 inquiens,
3223 1233 3433 1305 episcoo

1848 1337 2042 1394 porum
2061 1332 2368 1390 accusatur,
2390 1325 2456 1381 ad
2482 1326 2766 1397 primatem
2793 1326 3082 1397 provinciae
3108 1325 3276 1399 ipsius
3300 1340 3428 1381 cau-

1848 1426 1967 1466 sam
1991 1410 2199 1468 deferat
2225 1421 2525 1471 accusator.
2558 1432 2579 1466 ρ
2639 1414 2708 1471 Et
2733 1415 2860 1471 itetu
2887 1434 2901 1469 :
2935 1434 2954 1467 ι
2982 1414 3086 1483 Qui
3137 1429 3432 1486 provocan-

1848 1501 1977 1559 dum
2006 1505 2333 1573 putaverint,
2362 1505 2429 1560 ad
2452 1505 2712 1575 primates
2745 1520 2964 1565 suarum
3006 1505 3441 1577 provinciarum,

1849 1591 1993 1651 sicut
2017 1602 2076 1649 et
2093 1593 2160 1649 de
2177 1594 2447 1666 episcopis
2494 1610 2637 1666 saepe
2685 1597 3037 1652 constitutum
3080 1606 3183 1673 est,
3231 1612 3430 1667 provo-

1846 1694 1994 1741 cent.
2025 1704 2045 1738 ι
2074 1685 2138 1741 Et
2163 1685 2289 1759 item
2314 1686 2599 1756 (Africam,
2625 1704 2748 1745 can.
2771 1689 2861 1761 92)
2894 1707 2906 1744 :
2936 1708 2955 1741 ι
2982 1688 3134 1756 Quod
3163 1691 3210 1747 si
3262 1699 3318 1746 et
3360 1690 3429 1746 ab

1851 1774 1951 1842 eis,
1980 1776 2185 1834 scilicet
2215 1776 2407 1834 vicinis
2430 1778 2720 1851 episcopis,
2763 1780 3164 1852 provocandam
3200 1789 3428 1852 putave-

1849 1864 1981 1929 rint,
2004 1880 2111 1922 non
2139 1876 2431 1936 provocent
2465 1868 2567 1925 nisi
2589 1868 2655 1924 ad
2685 1868 2939 1929 Africana
2967 1869 3218 1936 concilia,
3245 1869 3331 1924 vel
3356 1870 3428 1925 ad

1847 1956 2108 2027 primates
2152 1957 2552 2027 provinciarum
2598 1974 2842 2015 suarum.
2885 1980 2906 2015 i
2968 1960 3037 2017 Et
3065 1960 3194 2016 item
3244 1958 3427 2023 (conc.

1851 2046 2055 2111 Corda,
2082 2064 2204 2104 can.
2238 2048 2325 2120 l7)
2359 2066 2374 2103 :
2410 2070 2428 2103 ι
2462 2049 2529 2107 Ut
2550 2065 2886 2122 unaquaeque
2909 2053 3183 2120 provincia
3205 2062 3425 2125 propter

1846 2136 2293 2209 longinquitatem
2331 2141 2616 2210 primatem
2643 2143 2839 2198 habeat
2862 2144 3162 2213 proprium.
3220 2142 3430 2199 Placuit

1848 2235 1911 2283 ut
1958 2226 2280 2285 Mauritania
2326 2229 2643 2298 Sitifensis,
2701 2242 2762 2287 ut
2807 2233 3098 2303 postulavit
3141 2234 3428 2304 primatem

1847 2320 2139 2390 provinciae
2162 2318 2444 2387 Nnmidim,
2470 2336 2537 2377 ex
2561 2322 2718 2394 cujus
2741 2332 2888 2379 emtu
2923 2332 3227 2396 separatur,
3268 2339 3426 2379 suum

1848 2409 2049 2465 habeat
2092 2409 2417 2480 primatem,
2458 2425 2621 2481 quem
2673 2412 3135 2469 consentientibus
3171 2412 3426 2468 omnibus

1846 2497 2171 2570 primatibus
2197 2501 2598 2570 provinciarum
2626 2502 3028 2572 Africanarum,
3068 2503 3151 2561 vel
3177 2501 3432 2560 omnibus

1848 2589 2139 2663 episcopis,
2168 2589 2389 2665 pro‘pter
2428 2593 2876 2668 longinquitatem
2919 2595 3120 2655 habere
3162 2597 3430 2669 permissa

1849 2693 1951 2742 est.
1986 2705 2014 2738 ι
2043 2686 2107 2741 Et
2135 2686 2420 2757 cpiscopus
2447 2688 2539 2758 qui
2566 2688 2638 2742 ad
2657 2689 2921 2760 synodum
2944 2704 3052 2746 non
3100 2687 3423 2752 occurrerit,

1849 2774 1918 2829 ad
1946 2774 2234 2843 primatem
2282 2790 2438 2831 suum
2485 2774 2708 2845 jubetnr
2751 2777 3019 2833 rationem
3057 2775 3428 2848 impedimenti

1849 2863 1931 2918 sui
1974 2863 2230 2927 reddere;
2264 2872 2320 2919 et
2347 2864 2437 2920 ille
2468 2865 2672 2937 primas
2718 2865 2882 2923 debet
2924 2866 3059 2923 dare
3094 2865 3327 2938 iudices,
3374 2867 3428 2922 in

1848 2951 2002 3022 cujus
2022 2953 2296 3022 provincia
2321 2952 2473 3009 locus
2498 2961 2583 3011 est
2621 2956 2973 3021 constitutus,
3033 2963 3090 3011 et
3131 2969 3309 3011 causae
3361 2954 3424 3009 ll-

1849 3042 2060 3097 niendac
2083 3051 2204 3098 sunt
2231 3057 2329 3115 per
2350 3042 2563 3114 iudices
2589 3045 2897 3118 episcopos,
2925 3045 3040 3101 sive
3060 3060 3196 3117 quos
3216 3045 3427 3117 prima-

1772 3105 1816 3169 Ο
1851 3141 1932 3188 tes
1951 3105 2367 3200 dederintisivd
2383 3151 2518 3205 quies
2548 3105 2690 3192 inter
2719 3105 2789 3193 se-
2808 3105 3190 3209 conquirean
3216 3105 3430 3195 vicinos

1845 3239 1912 3278 ex
1931 3240 2197 3281 consensu
2214 3226 2528 3297 delegerint.
2558 3248 2576 3279 ι
2602 3229 2915 3299 Etepiscopi
2953 3228 3121 3301 (conc.
3146 3225 3426 3300 Cartltag.,

1844 3330 1968 3372 can.
1990 3315 2083 3386 23)
2109 3325 2259 3371 trans
2279 3333 2432 3373 mare
2451 3317 2725 3389 proficisci
2756 3335 2865 3376 non
2896 3320 3115 3387 debent,
3137 3320 3241 3375 nisi
3290 3334 3421 3374 con-

1844 3406 1987 3462 sulto
2017 3407 2204 3476 prima:
2223 3406 2368 3462 sedis
2394 3408 2649 3483 episcopo
2670 3424 2783 3465 suae
2799 3406 3059 3479 cujusque
3079 3407 3389 3482 provinciae.
3406 3428 3425 3461 ι

1846 3494 2078 3551 Sanctus
2090 3496 2550 3569 quoqueZosimus
2561 3497 2827 3553 universis
2842 3498 3106 3569 episcopis
3119 3515 3218 3571 per
3229 3497 3428 3555 Gallias
3482 3572 3495 3581 τ

1845 3592 1901 3639 et
1923 3592 2127 3655 septem
2156 3586 2465 3655 provincias
2504 3585 2813 3642 constitutis
2838 3586 3055 3656 scripsit
3096 3588 3270 3661 (epist.
3320 3587 3377 3660 5)
3411 3606 3425 3644 :

1852 3693 1871 3726 ι
1911 3674 2048 3741 Quia
2073 3674 2338 3745 quisquis,
2362 3676 2725 3743 prmtermissa
2756 3675 3156 3745 metropolitani
3195 3678 3280 3734 sui
3313 3677 3424 3735 for-

1848 3772 2016 3829 mata,
2042 3764 2158 3820 sive
2183 3763 2273 3819 ile
2292 3763 2603 3834 episcopus,
2640 3780 2732 3820 seu
2758 3766 3063 3837 presbyter,
3095 3765 3212 3822 sive
3234 3767 3418 3825 diaco-

1846 3866 1970 3916 nus,
2004 3860 2097 3907 aut
2116 3852 2373 3923 deinceps
2398 3851 2670 3909 inferioris
2690 3854 2890 3925 gradus
2917 3855 3009 3919 sit,
3052 3857 3118 3912 ad
3142 3873 3266 3912 eum
3295 3873 3420 3929 per-

1849 3942 2078 4010 venerit,
2111 3942 2249 3999 sciat
2277 3957 2336 3998 se
2364 3942 2564 4013 suscipi
2592 3945 2816 4002 omnino
2836 3960 2942 4001 non
2973 3962 3153 4018 posse.
3184 3968 3206 4001 ι
3245 3948 3314 4005 Ει
3334 3949 3428 4006 Hl-

1846 4031 1993 4089 larus
2033 4049 2169 4104 papa
2201 4032 2254 4089 in
2284 4033 2521 4090 decretis
2550 4035 2618 4091 ad
2648 4036 2888 4107 quinque
2914 4037 3219 4108 provincias
3249 4039 3422 4113 (epist.

1845 4121 1900 4189 8)
1935 4136 1948 4175 :
1988 4141 2007 4173 ‹
2034 4122 2166 4177 Illud
2188 4123 2352 4177 etiam
2382 4136 2487 4179 non
2512 4125 2783 4195 potuimus
2808 4127 3105 4198 prmterire,
3145 4131 3291 4202 quod
3318 4131 3427 4189 sol-

1845 4209 2125 4271 licitudine
2154 4211 2495 4285 diligentiore
2513 4216 2809 4271 curandum
2840 4224 2943 4283 est,
2975 4234 3044 4275 ne
3063 4231 3260 4291 prreter
3305 4237 3422 4279 me—

1846 4304 2293 4374 tropolitanorum
2320 4318 2540 4359 suorum
2595 4305 2803 4362 litteras
2857 4306 3023 4378 aliqui
3063 4309 3299 4381 episcopi
3354 4314 3421 4368 ad

1843 4393 2140 4463 quamlibet
2160 4393 2493 4464 provinciam
2515 4395 2751 4451 audeant
2772 4397 3066 4466 proficisci.
3090 4401 3236 4470 quod
3256 4402 3421 4459 etiam

1847 4481 1900 4536 in
1927 4482 2072 4538 omni
2095 4496 2293 4553 genere
2319 4481 2479 4539 ollicii
2519 4484 2786 4542 clericalis
2832 4502 2931 4561 per
2977 4489 3219 4562 singulas
3268 4494 3429 4550 debet

1845 4570 2116 4631 Ecclesias
2139 4570 2422 4627 custodiri.
2454 4590 2473 4624 ι
2517 4573 2585 4628 Ει
2604 4586 2829 4634 sanctus
2848 4576 3142 4650 Gregorius
3167 4582 3237 4636 ad
3292 4582 3422 4638 Viu-

1843 4660 2082 4716 centium
2117 4669 2171 4715 et
2206 4671 2430 4719 crateres
2458 4665 2743 4736 episcopos
2772 4667 2964 4724 scribit
3000 4669 3116 4740 (lib.
3139 4685 3235 4736 vn,
3272 4673 3424 4743 epist.

1842 4751 1896 4817 8,
1926 4753 2109 4806 indict.
2146 4751 2274 4823 ll):
2307 4770 2325 4806 ι
2356 4753 2669 4821 Hortamus,
2707 4757 2978 4830 inquiens,
3023 4762 3421 4817 fraternitatem

1841 4853 2079 4900 vestram
2118 4853 2179 4898 ut
2212 4844 2257 4899 si
2281 4860 2607 4916 quemquam
2630 4857 2873 4905 vestrum
2918 4866 3017 4923 pro
3066 4851 3249 4906 causis
3297 4866 3425 4923 pro-

1841 4937 1975 5008 priis
2009 4936 2314 5007 ubicunque
2334 4938 2545 5012 longius
2566 4935 2887 5010 compulerit
2913 4940 3194 4998 ambulare
3238 4957 3425 4998 neces-

1837 5027 2046 5093 sitas,la
2072 5030 2487 5100 metropolitano
2538 5038 2725 5085 vestro
2770 5033 3070 5090 secundum
3122 5029 3352 5088 inditam
3388 5049 3420 5088 a

1836 5116 2040 5173 sanctis
2075 5116 2325 5175 l’atribus
2359 5119 2625 5190 regulam,
2646 5129 2831 5189 petere
2857 5120 3131 5177 licentiam
3156 5118 3427 5184 debeatis.

1835 5221 1937 5263 nec
1965 5223 2088 5264 eum
2125 5220 2453 5282 postponere
2475 5210 2529 5266 in
2554 5209 2735 5279 aliquo
2788 5207 3146 5283 prmsumatis,
3198 5222 3431 5286 excepto
