3990 6300
501 317 613 378 δπθ

1455 313 1787 369 "INCMARI
1827 311 2218 368 RHEMENSIS
2256 313 2776 370 ARCHIEPISCOPI

3689 319 3806 375 δα)

507 406 653 490 tibus
680 434 857 488 causis
903 433 1240 502 disceptatio,
1287 441 1343 486 et
1389 433 1461 486 sit
1486 430 1718 485 salubris
1741 428 1808 483 de
1838 426 2093 482 eeclesia-
2197 427 2438 498 publicas
2483 430 2537 482 in
2568 428 2797 482 ecclesia
2839 436 3045 482 sancta:
3069 427 3287 499 Sophiae
3316 443 3505 484 coram
3549 428 3807 500 principe

506 528 642 581 stica
667 525 1048 580 observatione
1076 523 1311 577 collatio.
1347 543 1366 574 ι

579 616 694 669 Non
721 615 884 684 igitur
904 616 1106 682 absque
1128 614 1270 668 sedis
1297 613 1608 683 apostolicm
1632 612 1957 666 auctoritate
1987 625 2102 666 me-

509 707 815 774 tropolitani
837 707 1074 774 episcopi
1098 715 1150 759 et
1172 705 1430 774 primates
1453 704 1850 774 provinciarum
1867 706 2103 774 synodos

505 806 891 861 cortvo'camus,
925 816 944 847 ι
983 805 1272 865 quatenus,
1300 806 1358 851 ut
1384 798 1572 851 beatus
1605 797 1737 850 dicit
1773 795 2092 866 Gregorius,

505 889 633 939 dum
671 901 769 954 per
798 887 916 948 hoc,
963 893 1019 940 et
1056 888 1326 954 przeterita
1370 887 1737 957 corriguntur,
1767 896 1823 940 et
1851 885 2094 956 regulam

505 975 687 1030 futura
703 977 1374 1047 suscipiunt,omnipotens
1387 979 1585 1047 ubique
1602 978 1859 1032 Dominus
1871 979 2102 1032 fratrum

503 1068 801 1121 concordia
823 1069 1178 1132 collaudatur,
1200 1067 1353 1136 cujus
1375 1071 1528 1124 nobis
1549 1070 1740 1124 adesse
1756 1070 2114 1138 pratsentiam'

505 1160 555 1212 si
587 1160 701 1213 haec
732 1162 1088 1214 observamus
1119 1163 1342 1225 scimus,
1372 1161 1498 1230 quia
1537 1162 1799 1229 scripturn
1846 1170 1966 1216 est:
2001 1159 2102 1216 Ubi

507 1249 617 1301 duo
644 1250 718 1302 uel
739 1261 842 1304 tres
874 1252 1174 1320 congregati
1201 1252 1394 1321 fuerint
1421 1253 1474 1305 in
1501 1254 1710 1306 nomine
1729 1269 1864 1316 meo,
1889 1254 1961 1306 ibi
1986 1247 2102 1307 sum

507 1337 568 1390 in
590 1339 758 1392 medio
787 1355 967 1392 eorum
996 1340 1214 1411 (Matth.
1244 1343 1421 1410 xvm).
1456 1340 1514 1396 Si
1540 1357 1672 1413 ergo
1697 1343 1890 1397 adesse
1917 1344 2104 1412 digna-

511 1426 659 1481 bitur
686 1429 774 1482 ubi
805 1429 910 1482 duo
960 1429 1046 1484 vel
1089 1440 1200 1486 tres
1233 1430 1476 1497 fuerint,
1530 1440 1736 1501 quanto
1779 1433 1951 1502 magis
1996 1448 2102 1487 non

507 1515 688 1571 deerit
710 1517 798 1570 ubi
831 1517 1044 1586 plurimi
1071 1521 1424 1574 convenerint
1451 1522 1802 1576 sacerdotes?
1837 1541 1854 1574 ι
1879 1521 2104 1578 Constat

512 1625 642 1680 ergo
671 1612 736 1663 de
773 1609 1013 1679 generali
1041 1610 1163 1665 ﬁdei
1194 1627 1356 1666 causa
1389 1614 1491 1668 hoc
1519 1614 1722 1668 dixisse
1750 1614 2102 1684 apostolicam

514 1700 723 1754 aedem.
760 1697 912 1753 Unde
942 1714 1068 1753 cum
1101 1700 1252 1770 plura
1277 1703 1548 1756 catholica
1583 1704 1891 1758 habeantur
1916 1705 2102 1760 conci-

2185 526 2257 572 et
2281 520 2590 589 patriarcha
2614 519 2806 574 Latine
2830 519 3146 574 celebraret.
3174 518 3417 589 Septima
3444 529 3634 575 autem
3662 524 3808 590 apuJ

2202 607 2423 663 Grtccos
2449 618 2639 664 vocata
2667 608 2994 664 universalis
3022 609 3473 681 pseudosynodus
3511 610 3582 666 de
3611 611 3806 681 imagi-

2204 700 2393 764 nibus,
2431 717 2566 770 quas
2614 702 2832 771 quidam
2879 701 3318 772 confringendas,
3355 701 3579 771 quidam
3620 713 3807 758 autem

2204 792 2510 848 adorandus
2539 793 2813 857 dicebant,
2838 803 3029 847 neutra
3056 808 3186 846 vero
3208 809 3336 863 pars
3363 793 3649 849 intellectu
3671 811 3805 849 uno

2203 881 2510 947 diliiniens,
2564 884 2682 938 sine
2730 884 3054 938 auctoritate
3105 884 3415 952 apostolicae
3461 886 3644 950 sedis,
3697 901 3804 938 non

2206 972 2362 1044 longe
2407 981 2534 1028 ante
2569 981 2752 1028 nostra
2801 983 3069 1042 tempora,
3117 973 3586 1044 Constantinopoli
3640 983 3729 1028 est
3771 989 3806 1029 a

2203 1064 2614 1134 quampluribus
2651 1064 2919 1134 episcopis
2963 1064 3178 1129 habita,
3215 1074 3270 1119 et
3316 1065 3548 1119 Romam
3599 1065 3801 1129 missa,

2205 1173 2366 1227 quam
2388 1158 2549 1212 etiam
2571 1171 2705 1225 papa
2729 1156 3006 1211 Romanus
3028 1157 3080 1211 in
3099 1156 3383 1211 Franciam
3407 1159 3634 1212 direxit.
3655 1156 3807 1213 Unde

2205 1256 2449 1317 tempore
2483 1247 2659 1302 Caroli
2689 1247 2867 1317 magni
2913 1248 3284 1318 imperatoris,
3308 1247 3552 1315 jussione
3578 1258 3804 1318 aposto-

2205 1337 2322 1393 licae
2346 1339 2512 1402 sedis,
2547 1339 2818 1408 generalis
2846 1348 2934 1393 est
2963 1339 3201 1410 synodus
3229 1340 3281 1393 in
3311 1339 3566 1404 Francia,
3603 1356 3807 1394 como-

2205 1437 2364 1485 cante
2394 1428 2620 1498 praelato
2645 1429 3008 1498 imperatore,
3053 1429 3357 1494 celebrata,
3405 1438 3462 1485 et
3501 1433 3805 1486 secundum

2207 1524 2614 1594 Scripturarum
2664 1521 2936 1577 tramitem
2998 1523 3448 1592 traditionemque
3496 1520 3806 1590 majorum,

2206 1613 2320 1684 ipsa
2346 1614 2659 1668 Grtucorum
2687 1613 3134 1683 pseudosynodus
3174 1615 3450 1668 destntcta
3496 1622 3555 1668 et
3585 1614 3810 1682 penitus

2205 1705 2475 1760 abdicata.
2507 1706 2580 1760 De
2611 1705 2764 1774 cujus
2793 1704 3161 1760 destructione
3190 1721 3296 1758 non
3339 1705 3620 1760 modicum
3651 1705 3810 1759 volu-

513 1794 607 1859 lia,
641 1810 733 1849 sex
782 1796 972 1866 synodi
1006 1804 1219 1850 tantum
1251 1797 1530 1868 generales
1562 1799 1874 1867 specialiter
1923 1799 2104 1868 appel-
2136 1785 2178 1846 Β
2209 1813 2355 1862 men,
2381 1797 2526 1867 quod
2554 1797 2607 1851 in
2640 1796 2839 1866 palatio
2877 1797 3311 1852 adolescentulus
3337 1796 3461 1865 legi,
3501 1796 3572 1850 ab
3615 1797 3809 1851 eodem

512 1884 717 1950 lantur,
742 1887 868 1955 quia
894 1902 994 1956 pro
1017 1888 1254 1958 generali
1285 1890 1352 1942 ad
1378 1904 1569 1943 omnes
1596 1891 1939 1946 Clu-istianos
1976 1909 2101 1947 cauo

513 1990 578 2029 sa
605 1979 908 2045 pertinente
933 1987 1060 2033 sunt
1081 1988 1408 2043 convocatae,
1439 1997 1558 2049 quae
1594 1983 1713 2035 sine
1745 1983 1962 2051 speciali
1987 1983 2103 2052 jus-

513 2068 667 2122 sione
714 2071 858 2123 sedis
905 2071 1214 2140 apostolica:
1261 2073 1586 2142 regulariter
1632 2077 1950 2145 congregari
1997 2092 2102 2130 non

514 2170 784 2230 poterant,
826 2177 1002 2232 neque
1028 2173 1275 2232 possunt.
1324 2165 1565 2230 Quarum
1613 2166 1943 2235 synodorum
1983 2168 2106 2221 uni-

515 2254 837 2318 versalimu,
888 2271 916 2308 a
960 2256 1225 2309 catholica
1272 2255 1512 2310 Ecclesia
1562 2258 2058 2326 receptissimarnm
2087 2299 2102 2324 ,

512 2346 687 2414 prima
719 2356 804 2400 est
829 2362 950 2416 qua:
977 2348 1031 2400 in
1060 2347 1276 2402 Nicacua
1307 2360 1639 2419 congregata
1679 2351 1890 2404 exstitit
1917 2362 2106 2406 contra

514 2438 704 2492 Arium
737 2446 1104 2494 trecentorum
1133 2442 1318 2494 decem
1343 2449 1395 2494 et
1423 2451 1548 2496 octo
1574 2441 1818 2507 Patrum,
1851 2443 2109 2513 tempori-

513 2527 617 2582 bus
651 2528 897 2584 Silvestri
930 2545 1103 2600 papae,
1154 2531 1254 2584 sub
1282 2533 1643 2587 Constantino
1689 2535 1964 2604 principe;
2015 2550 2104 2589 se-

511 2619 689 2671 cunde
737 2620 791 2672 in
844 2617 1311 2690 Constantinopoli
1362 2631 1580 2675 centum
1632 2623 1793 2677 unius
1841 2622 2106 2690 Patrum,

514 2718 708 2764 contra
756 2709 1128 2766 Macedoniam
1173 2721 1226 2768 et
1257 2714 1586 2781 Eudoxium,
1626 2716 1960 2786 temporibus
2005 2718 2111 2771 Da-

517 2802 654 2855 masi
691 2817 863 2871 papae,
897 2813 951 2858 et
977 2802 1220 2858 Gratiani
1253 2806 1533 2876 principis,
1562 2808 1780 2877 quando
1818 2807 2104 2864 Nectarius

515 2891 692 2944 eidem
717 2892 840 2946 urbi
861 2902 945 2946 est
965 2893 1251 2949 ordinatus
1274 2896 1597 2966 episcopus;
1633 2898 1794 2952 tertia
1825 2899 1876 2952 in
1897 2899 2110 2968 Epheso

517 2982 870 3037 ducentorum
897 2984 1142 3049 Patrum,
1174 2996 1361 3041 contra
1393 2987 1702 3044 Nestorium
1733 2991 1987 3060 Augustae
2017 3007 2110 3046 ur-

517 3071 603 3127 bis
628 3075 963 3145 episcopum,
1003 3077 1102 3131 sub
1148 3077 1452 3134 Theodosio
1493 3095 1690 3151 magno
1722 3081 2006 3151 principe,
2055 3091 2111 3138 et

2207 1888 2534 1958 imperatore
2574 1887 2801 1943 Romam
2830 1895 2915 1942 est
2944 1903 3042 1958 per
3065 1888 3325 1958 quosdam
3360 1888 3656 1958 episcopos
3681 1888 3810 1941 mis-

2204 1995 2346 2036 sum.
2379 1980 2435 2034 ln
2462 1981 2617 2050 cujus
2647 1980 2936 2035 voluminis
2964 1992 3160 2050 quarto
3201 1981 3341 2035 libro
3387 1983 3528 2050 (cap.
3567 1981 3669 2051 28)
3693 1982 3810 2036 luet:

2206 2073 2272 2127 dc
2300 2072 2592 2127 universali
2620 2073 2838 2126 nomine
2867 2072 3068 2142 scripta
3097 2082 3224 2128 sunt
3249 2089 3262 2125 :
3312 2091 3330 2123 ‹
3367 2073 3713 2128 Universitas
3741 2073 3810 2127 ab

2207 2178 2313 2216 uno
2343 2163 2778 2232 cognominatur,
2805 2162 2947 2230 quod
2978 2177 3084 2216 uno
3108 2162 3384 2217 multoties
3416 2177 3578 2217 verso
3607 2177 3808 2232 propa-

2206 2261 2384 2324 gatur.
2439 2251 2571 2305 Nam
2617 2251 2906 2306 multitudo
2955 2251 3220 2305 unitatqu
3258 2261 3506 2306 vertente
3546 2253 3602 2306 in
3640 2268 3808 2306 unum

2207 2345 2454 2407 collecta,
2501 2343 2825 2398 universitas
2871 2342 3118 2398 edicitur.
3166 2341 3318 2398 Sicut
3362 2344 3512 2398 enim
3559 2344 3808 2400 Ecclesia

2208 2435 2530 2491 universalis
2559 2443 2665 2500 est,
2696 2450 2816 2505 qua:
2837 2433 3028 2490 Graeco
3048 2435 3262 2505 eloquio
3287 2436 3556 2492 catholica
3576 2436 3802 2499 dicitur,

2208 2529 2282 2583 ita
2311 2527 2568 2581 nimirum
2589 2541 2749 2582 omne
2787 2527 3050 2596 quidquid
3080 2527 3148 2583 ab
3176 2526 3293 2596 ejus
3322 2529 3535 2583 unitate
3561 2544 3675 2584 non
3703 2528 3812 2583 dis-

2207 2623 2408 2689 cessit,
2455 2623 2784 2678 catbolicum
2837 2622 3138 2692 nuncupari
3186 2631 3386 2693 potest.
3437 2621 3635 2678 Omnis
3667 2625 3812 2678 enim

2209 2716 2456 2772 doctrina
2504 2715 2832 2780 Christiana,
2883 2715 2968 2770 vel
3015 2715 3270 2784 quaelibet
3316 2715 3640 2770 constitutio
3697 2715 3815 2768 sive

2210 2809 2430 2863 traditio
2466 2807 2591 2862 talis
2615 2808 2946 2871 essedebet,
2972 2814 3030 2861 ut
3057 2805 3353 2860 universali
3379 2807 3681 2862 conveniat
3713 2806 3815 2860 Ec-

2209 2900 2428 2956 clesiae:
2470 2899 2615 2971 quod
2664 2914 3004 2970 nequaquam
3056 2897 3295 2953 bmretici
3343 2896 3810 2958 observaverunt.

2211 2993 2301 3063 qui
2331 3008 2429 3062 per
2456 2993 2699 3047 diversas
2731 2991 2916 3046 mundi
2961 3000 3174 3061 partes,
3221 2989 3493 3059 aliquibus
3526 2991 3814 3059 regionum

2212 3083 2456 3153 partibus
2480 3080 3159 3146 coarctati,conventicula
3197 3080 3445 3150 quaedam
3478 3086 3814 3144 statuerunt,

517 3180 653 3236 papa
699 3143 1030 3235 Caelestino;
1074 3179 1266 3240 quarta
1301 3143 1641 3228 Chalcedone
1661 3215 1676 3238 ,
1724 3143 1945 3229 Patruus
1988 3143 2113 3230 sex-
2138 3143 2182 3203 Ο
2215 3143 2414 3244 quibus
2438 3181 2495 3229 et
2517 3188 2576 3228 se
2604 3180 2659 3228 et
2683 3143 3032 3242 quamplures
3068 3173 3136 3225 ab
3167 3143 3554 3226 ecclesiastica:
3587 3143 3817 3226 unitatis

518 3267 798 3312 centorum
829 3260 1069 3330 triginta,
1101 3261 1201 3315 sub
1233 3262 1413 3318 Leone
1436 3280 1596 3334 papa,
1616 3265 1946 3334 temporibus
1971 3265 2114 3318 Diar-

521 3351 663 3405 ciani
716 3352 1013 3422 principis,
1070 3365 1261 3408 contra
1307 3356 1604 3427 Eutychem
1665 3358 2113 3414 nefandiSsimum

520 3441 808 3510 praasulem
843 3445 1265 3510 monachorum;
1303 3448 1490 3516 quinta
1535 3449 1666 3503 item
1700 3450 1751 3503 in
1801 3449 2114 3504 Consmuti-

521 3531 702 3600 nopoli
733 3535 1069 3602 temporibus
1100 3535 1278 3606 Vigilii
1307 3553 1476 3607 papre,
1507 3539 1608 3592 sub
1637 3538 1945 3594 Justiniano
1975 3543 2117 3612 prin-

519 3625 662 3695 cipe,
700 3637 890 3681 contra
921 3626 1262 3684 Theodorum
1294 3640 1345 3685 et
1381 3647 1572 3688 omnes
1607 3635 1923 3701 bmreticos;
1964 3646 2116 3690 sexta

523 3719 651 3772 item
685 3719 736 3773 iu
763 3719 1233 3793 Constantinopoli
1273 3724 1374 3777 sub
1406 3709 1689 3794 Agathone
1717 3741 1877 3796 papa,
1911 3728 2002 3797 qui
2050 3723 2114 3783 ex

523 3819 712 3878 mgatu
753 3810 1091 3865 Constantini
1121 3853 1135 3875 ,
1183 3812 1419 3867 lleraelii
1467 3824 1521 3868 et
1567 3815 1768 3870 Tiberii
1808 3818 2117 3887 principum

523 3900 916 3968 piissimorum,
953 3904 1102 3956 misit.
1135 3903 1186 3955 in
1235 3905 1438 3973 regiam
1483 3908 1669 3961 urbem
1718 3909 1922 3979 legatos
1967 3926 2118 3976 suos,

526 3990 580 4042 in
608 3990 804 4056 quibus
833 3998 953 4042 erat
982 3989 1220 4044 Joannes
1247 3991 1507 4049 Romam:
1553 3996 1806 4052 Ecclesim
1848 4009 1973 4053 tunc
2001 4001 2118 4054 dia-

525 4096 716 4145 conus,
753 4096 860 4134 uon
892 4080 1045 4151 longe
1071 4091 1192 4152 post
1215 4085 1518 4155 episcopus,
1555 4103 1653 4156 pro
1683 4091 2014 4145 adunatione
2038 4093 2118 4145 fa-

525 4172 716 4226 cienda
767 4181 1079 4228 sanctarum
1129 4175 1222 4230 Dei
1270 4177 1672 4233 Ecelesiarum:
1712 4183 1802 4250 qui
1852 4183 2124 4253 benignis-

527 4263 665 4318 t-‘lme
695 4265 930 4334 suscepti
962 4281 992 4318 a
1023 4269 1462 4323 reverentissimo
1489 4269 1610 4326 lidei
1640 4273 1917 4328 catholica:
1940 4275 2124 4330 deleu-

528 4367 652 4412 εον-ε
671 4355 1046 4423 Constantino,
1060 4362 1195 4431 jussi
1221 4371 1363 4426 sunt,
1381 4363 1626 4419 remissis
1647 4365 2120 4436 disputationibus,

527 4449 758 4518 pacillco
794 4451 1062 4522 colloquio
1107 4454 1172 4508 de
1201 4455 1304 4509 [ide
1328 4470 1453 4509 vera
1491 4457 1828 4528 perquirere,
1865 4460 2006 4514 datis
2044 4461 2124 4516 eis

530 4539 598 4592 de
635 4539 964 4597 bibliotheca
997 4541 1593 4616 Coustantinopolitana
1631 4550 1843 4604 cunctis
1873 4550 2124 4622 antiquo-

527 4643 650 4682 rum
683 4628 904 4684 Patrum
934 4647 1070 4702 quos
1097 4637 1354 4702 petebant
1383 4637 1597 4692 libellis.
1621 4639 1921 4694 Adfuerunt
1943 4651 2124 4698 autem

527 4727 582 4772 et
605 4721 846 4792 episcopi
873 4733 1092 4776 centum
1118 4726 1532 4799 quinquaginta,
1556 4730 1877 4797 praesidente
1895 4729 2127 4802 Georgio

526 4811 836 4880 patriarcha
882 4814 1044 4883 regia:
1075 4817 1252 4881 urbis,
1305 4827 1361 4872 et
1407 4819 1711 4875 Antiochia:
1754 4821 2024 4888 Macario,
2072 4832 2128 4880 et

528 4904 764 4957 convicti
813 4915 938 4958 sunt
976 4906 1066 4975 qui
1102 4923 1263 4962 uuam
1296 4909 1628 4965 voluntatem
1662 4923 1716 4968 et
1751 4916 2126 4984 operationem

529 4995 845 5053 astruebant
874 4999 927 5054 in
953 4999 1192 5066 Christo,
1228 5003 1452 5060 lalsasse
1479 5007 1698 5060 Patrum
1730 5009 2125 5064 catholicorum

529 5088 672 5144 dicta
697 5090 1070 5160 perplurima.
1117 5091 1297 5148 Finito
1325 5105 1504 5150 autem
1549 5096 1830 5163 conﬂictu,
1863 5098 2127 5168 Georgius

531 5176 832 5248 correctus,
856 5183 1125 5240 Macarius
1153 5202 1281 5241 vero
1304 5205 1426 5242 cum
1456 5188 1569 5243 suis
1595 5191 1942 5260 sequacibus,
1968 5191 2127 5246 sintul

531 5284 586 5328 et
615 5267 1040 5344 praecessoribus
1075 5274 1250 5349 Cyro,
1293 5279 1516 5350 Sergio,
1561 5279 1832 5348 Honorio,
1883 5283 2123 5354 Pyrrho,

532 5361 730 5428 Paulo,
768 5374 824 5419 et
864 5357 1025 5420 Petro
1061 5367 1536 5433 anat’hematizati,
1589 5380 1645 5425 et
1690 5371 1744 5425 in
1787 5371 1966 5427 locum
2011 5371 2127 5442 ejus

535 5449 920 5521 Theophanius
969 5450 1105 5512 abba
1153 5458 1218 5514 de
1269 5457 1455 5514 Cilicia
1504 5461 1807 5516 Antiochiae
1843 5463 2128 5533 episcopus

537 5540 735 5599 ﬂetus.
763 5544 1044 5619 Tantaque
1070 5552 1241 5622 gratia
1286 5551 1492 5622 legatos
1524 5553 1804 5609 catholicae
1847 5555 1996 5625 pacis
2033 5571 2152 5626 co-_

539 5630 729 5686 mitata
753 5634 856 5700 est,
888 5649 948 5692 ut
967 5638 1199 5697 Joannes
1225 5641 1540 5698 Portuensis
1565 5644 1872 5715 episcOpus,
1895 5645 1984 5714 qui
2008 5656 2128 5702 erat

540 5723 683 5780 unus
722 5739 790 5779 ex
835 5728 988 5800 ipsis,
1018 5730 1295 5813 Dominica
1340 5744 1653 5793 oclavarum
1684 5734 1906 5794 Pascha:
1935 5737 2150 5806 missas,

2217 3267 2494 3322 consortio
2523 3275 2964 3338 segregaverunt.
2991 3264 3126 3320 Cum
3155 3279 3286 3335 ergo
3315 3265 3545 3319 duarum
3573 3274 3634 3320 et
3655 3265 3815 3318 trium

2219 3357 2621 3426 provinciarum
2650 3355 2909 3427 praesules
2938 3355 2992 3408 in
3020 3369 3184 3408 unum
3209 3354 3562 3418 conveniunt,
3592 3353 3640 3409 si
3671 3353 3814 3408 anti-

2217 3461 2450 3516 quorum
2482 3460 2747 3499 canonum
2780 3444 3116 3499 institutione
3145 3443 3334 3498 muniti
3367 3443 3574 3512 aliquid
3613 3443 3815 3514 pradi-

2219 3537 2452 3592 catiouis
2482 3546 2575 3590 aut
2599 3536 2865 3606 dogmatis
2893 3536 3203 3600 instituunt,
3237 3534 3379 3605 quod
3412 3545 3595 3590 tamen
3627 3535 3696 3588 ab
3725 3550 3819 3588 an-

2222 3630 2494 3699 tiquorum
2523 3629 2744 3682 Patrum
2775 3627 3119 3695 dogmatibus
3147 3643 3251 3681 non
3283 3627 3593 3696 discrepat,
3622 3627 3819 3679 catho-

2222 3711 2384 3777 licum
2411 3730 2498 3775 est
2530 3721 2672 3789 quod
2715 3720 2950 3779 faciunt,
3000 3726 3056 3771 et
3098 3718 3328 3772 fortasse
3353 3717 3460 3771 dici
3489 3724 3672 3785 potest
3699 3713 3821 3767 uni-

2220 3813 2432 3869 versale
2457 3831 2469 3866 :
2512 3811 2766 3880 quoniam
2796 3810 3046 3878 quamvis
3075 3824 3181 3861 non
3210 3810 3282 3888 sit
3311 3809 3377 3862 ab
3401 3807 3644 3861 universi
3668 3806 3820 3859 orbis

2223 3905 2543 3975 przesulibus
2584 3909 2800 3965 actum,
2851 3910 3029 3954 tamen
3079 3901 3147 3952 ab
3192 3900 3574 3952 universorum
3622 3897 3726 3950 [ide
3765 3903 3819 3948 et

2224 3996 2516 4049 traditione
2548 4009 2653 4047 non
2685 3993 2976 4060 discrepat,
3009 3989 3148 4060 quod
3181 3989 3375 4045 crebro
3401 3988 3606 4043 factum
3631 3988 3687 4042 in
3705 3987 3823 4060 ple:

2225 4089 2408 4157 risque
2438 4087 2620 4141 mundi
2650 4073 2896 4154 partibus
2921 4081 3244 4153 quibusdam
3284 4079 3704 4136 necessitatibus
3732 4080 3817 4132 in-

2224 4177 2600 4232 cumbentibus
2629 4177 2852 4230 scimus.
2881 4173 3042 4227 Multa
3065 4174 3210 4227 enim
3234 4172 3460 4227 concilia
3485 4178 3642 4240 gesta
3669 4177 3816 4230 sunt,

2225 4284 2453 4340 quorum
2501 4267 2930 4322 institutionibus
2973 4274 3163 4319 sancta
3209 4264 3450 4317 munitur
3477 4271 3532 4317 et
3560 4260 3818 4316 corrobo-

2225 4371 2377 4414 ratur
2405 4357 2667 4413 Ecclesia.
2694 4356 2750 4412 Si
2774 4372 2905 4411 vero
2927 4356 3154 4410 duarum
3189 4363 3282 4406 aut
3308 4353 3470 4406 trium
3508 4351 3831 4430 provincias

2228 4469 2346 4507 rum
2378 4451 2636 4523 praesules
2663 4451 2718 4505 in
2751 4465 2916 4504 unum
2945 4448 3364 4510 convenientes,
3403 4460 3544 4501 nova
3569 4443 3817 4514 quaedam

2229 4555 2488 4602 statuere.
2507 4545 2820 4615 cupientes,
2866 4540 3240 4598 conventicula
3287 4537 3535 4609 qutedam
3579 4536 3817 4596 faciunt,

2229 4657 2348 4711 qua:
2377 4655 2484 4694 non
2510 4652 2631 4692 cum
2664 4635 2903 4692 universi
2951 4634 3099 4690 orbis
3140 4632 3378 4687 Ecclesia
3417 4631 3696 4692 sentiunt,
3729 4629 3821 4684 sed

2232 4735 2299 4787 ab
2328 4747 2389 4786 ea
2422 4729 2654 4799 quadam
2681 4743 2748 4783 ex
2776 4736 2933 4799 parte
2958 4725 3305 4789 dissentiunt,
3333 4738 3440 4778 non
3467 4731 3554 4777 est
3591 4721 3819 4777 catholi-

2231 4840 2352 4878 cum
2383 4822 2526 4891 quod
2558 4820 2782 4886 faciunt,
2813 4829 2869 4873 et
2894 4817 3017 4873 ideo
3046 4815 3351 4872 universale
3383 4813 3689 4883 nuncupari
3718 4829 3820 4867 non

2230 4921 2431 4984 potest.
2459 4912 2631 4968 Omne
2666 4911 2808 4982 quod
2849 4909 3285 4966 ecclesiasticum
3328 4916 3445 4970 est,
3491 4905 3820 4960 catholicum

2233 5017 2334 5073 est,
2363 5016 2418 5061 et
2443 5021 2605 5060 omne
2647 5007 2789 5076 quod
2823 5005 3152 5060 catholicum
3190 5011 3302 5066 est,
3349 5000 3658 5055 universale
3702 5009 3819 5056 est:

2233 5116 2395 5156 omne
2443 5100 2809 5176 autem-quod
2857 5098 3162 5154 universale
3202 5108 3314 5163 est,
3355 5093 3602 5165 profanis
3631 5109 3822 5150 vocum

2235 5194 2565 5248 novitatibus
2607 5201 2781 5258 caret,
2819 5208 2979 5247 omne
3027 5193 3191 5262 igitur
3221 5192 3364 5260 quod
3390 5189 3822 5244 ecclesiasticum

2235 5297 2335 5349 est,
2365 5286 2608 5356 profanis
2634 5299 2825 5339 vocum
2857 5285 3186 5342 novitatibus
3211 5292 3394 5349 caret..
3413 5281 3483 5338 Et
3519 5281 3569 5336 si
3598 5284 3719 5336 haec
3742 5291 3837 5348 sy-.

2234 5377 2406 5438 nodus
2435 5391 2625 5431 vocum
2674 5374 3004 5430 novitatibus
3032 5380 3292 5440 careret,_.
3327 5359 3683 5456 antiquorum
3731 5363 3825 5421 Pa-

2231 5476 2372 5523 trum
2403 5466 2746 5538 dogmatibus
2771 5473 3046 5527 eontenta,
3078 5453 3403 5519 universalis
3421 5453 3536 5522 dici
3567 5469 3785 5531 poterat
3807 5475 3836 5520 ε,

2232 5573 2338 5613 non
2370 5567 2549 5611 autem
2577 5539 2922 5624 antiquorum
2948 5552 3168 5609 Patrum
3202 5551 3547 5630 dogmatibus
3570 5556 3838 5630 contenta.

2232 5659 2336 5715 est,
2364 5641 2470 5706 non
2509 5648 2673 5719 igitur
2709 5645 3032 5716 universalis
3059 5641 3164 5700 dici
3201 5624 3826 5715 potest._.Uni.versalern

2231 5743 2389 5813 plane
2413 5741 2662 5798 eamdem
2692 5739 2956 5812 synodum
2986 5752 3094 5805 non
3132 5732 3518 5796 cunctaremur
3545 5729 3838 5816 proﬁteri?
