3990 6300
568 419 674 473 5ίῦ

1522 415 1851 472 lliNClllAlll
1889 412 2279 470 RHEMENSIS
2314 410 2830 469 ARCHIEPISCOPI

3729 414 3839 471 564

566 534 727 584 Amen
750 530 865 583 dico
899 530 1037 583 vobis
1068 547 1086 583 :
1115 546 1431 603 quwcuuquc
1480 529 1819 599 alligaveruis
1865 545 2020 599 super
2046 537 2149 581 ter-
2178 531 2222 587 Α
2250 540 2372 594 qua:
2409 540 2474 580 ex
2506 523 2723 580 Nicaeae
2748 524 2978 581 concilio
3010 534 3223 595 sumpta
3269 524 3506 581 servavit
3534 524 3841 595 antiquitas

565 642 701 691 ram,
727 633 876 678 erunt
906 622 1068 694 ligata
1107 625 1231 678 etin
1261 623 1420 690 calo;
1448 635 1492 678 et
1530 641 1850 696 quacunque
1887 621 2145 677 solveritis

563 734 712 786 δίιμεν
746 727 959 780 terram,
995 724 1147 769 erunt
1185 714 1360 771 soluta
1407 727 1451 769 et
1499 720 1553 769 in
1594 714 1740 769 caelo.
1790 713 1947 769 Omni
1981 713 2145 780 igitur

562 792 858 857 electorum
886 802 1159 869 Ecclesiae,
1180 800 1336 871 juxta
1361 805 1577 859 modum
1608 803 1887 873 culparum
1922 802 2004 856 vel
2028 815 2143 871 pce-

565 894 824 957 nitentiac,
857 892 1055 961 ligandi
1093 908 1159 948 ac
1193 893 1434 948 solvendi
1475 888 1633 948 datur
1672 891 1984 946 auctoritas.
2037 882 2159 944 Sed

562 984 682 1038 ideo
713 985 903 1038 beatus
929 983 1137 1049 Petrus,
1169 983 1260 1055 qui
1284 982 1557 1039 Christum
1583 998 1707 1037 vera
1737 981 1839 1037 ﬁde
1864 980 2145 1036 confessus

561 1088 687 1128 vero
710 1080 791 1127 est
818 1088 1001 1128 amore
1026 1081 1263 1139 secutus,
1298 1071 1605 1142 specialiter
1627 1070 1807 1126 claves
1851 1070 2000 1140 regni
2036 1084 2144 1124 eteo

560 1163 733 1218 lorum
785 1172 839 1217 et
878 1164 1241 1234 principatum
1279 1162 1578 1235 iudiciariae
1603 1160 1885 1231 potestatis
1911 1159 2142 1229 acceplt,

558 1263 619 1308 ut
643 1268 831 1308 omnes
862 1269 958 1325 per
987 1252 1174 1309 orbem
1217 1252 1500 1307 credentes
1537 1251 1837 1321 intelligant
1873 1250 2000 1319 quia
2025 1245 2145 1319 qui-

560 1360 772 1412 cunque
821 1344 888 1399 ab
918 1343 1123 1398 unitate
1155 1343 1276 1397 lidei
1303 1342 1389 1396 vel
1430 1342 1705 1397 societatis
1735 1340 1878 1395 illius
1904 1338 2144 1409 quolibet

562 1435 718 1488 modo
746 1434 1066 1503 semetipsos
1105 1441 1411 1504 segregant,
1456 1432 1591 1487 tales
1619 1447 1720 1487 nec
1763 1428 1990 1486 vinculis
2017 1445 2144 1502 pee-

560 1534 803 1595 calorum
836 1524 1059 1590 absolvi,
1093 1540 1192 1580 nec
1234 1525 1449 1579 ianuam
1496 1524 1705 1595 possint
1734 1523 1884 1595 regni
1908 1524 2144 1579 caelestis

563 1612 712 1683 ittgt'c
737 1613 788 1665 τί.

633 1704 699 1758 lit
730 1704 853 1772 quia
894 1704 1138 1759 devitans
1188 1702 1551 1773 prolixitatem
1584 1702 1842 1774 epistolae,
1883 1719 1977 1773 per
2033 1706 2142 1759 sin-

561 1794 679 1865 gula
721 1796 859 1848 sicut
908 1803 1168 1864 poteram,
1208 1795 1251 1848 si
1299 1802 1509 1865 tempus
1544 1793 1731 1847 fuisset
1777 1803 1833 1847 et
1858 1793 2047 1857 otium,
2089 1800 2143 1846 ct

2244 625 2297 672 et
2323 617 2584 672 hactenus
2614 625 2763 672 tenet
2789 631 2852 671 ac
2879 625 3166 672 veneratur
3198 616 3459 671 Ecclesia.
3492 616 3569 670 De
3607 615 3718 673 hoc
3741 635 3839 673 au-

2247 712 2355 760 tem
2409 707 2551 775 quod
2607 707 3077 762 reverentissimus
3117 706 3296 762 Julius
3339 708 3392 779 in
3451 707 3687 776 epistola
3738 726 3839 765 sua

2246 796 2377 850 dicit
2420 813 2434 849 :
2492 815 2510 847 ε
2559 796 2717 850 Plura
2764 798 2830 851 de
2886 798 2991 861 his,
3046 798 3254 854 scilicet
3297 798 3548 868 capitulis
3600 798 3841 857 Nicena:

2245 887 2455 954 synodi,
2485 885 2611 956 ideo
2630 887 2715 940 hic
2740 902 2847 941 non
2887 888 3232 952 inservimus,
3259 904 3325 943 ne
3346 904 3582 945 vacuare
3604 890 3843 945 vilemve

2245 972 2424 1028 facere
2458 962 2769 1044 prtedietam
2789 977 3052 1048 synodum
3079 978 3407 1045 videremur,
3433 987 3527 1033 aut
3549 978 3838 1036 fastidium

2246 1059 2547 1130 legentibus
2590 1063 3038 1134 audientibusque
3082 1065 3288 1134 prolixa
3332 1066 3515 1123 facere
3550 1070 3788 1139 epistola
3822 1090 3837 1124 :

2245 1150 2289 1205 si
2319 1150 2441 1220 quis
2471 1162 2649 1207 autem
2700 1153 2767 1208 de
2802 1155 2888 1209 his
2936 1155 3196 1226 ampliora
3229 1166 3390 1225 atque
3434 1160 3838 1215 abundantior:

2244 1242 2383 1297 scire
2418 1243 2661 1309 voluerit,
2688 1245 2740 1298 in
2764 1261 2918 1302 sacro
2947 1256 3142 1303 nostra:
3166 1249 3311 1303 sedis
3339 1248 3599 1305 Ecclesiae
3622 1252 3833 1307 scrinio

2245 1341 2299 1387 et
2325 1348 2388 1388 ea
2437 1349 2558 1404 quae
2589 1337 2936 1405 prmdixitittts
2983 1340 3226 1393 invenire
3252 1343 3473 1410 poterit,
3514 1358 3709 1397 verum
3755 1362 3837 1401 tne

2245 1423 2425 1477 dicere
2472 1424 2623 1481 testis
2648 1434 2731 1480 est
2760 1427 2876 1496 ipsa
2929 1428 3212 1494 Divinitas,
3244 1446 3273 1483 a
3303 1430 3451 1484 nullo
3480 1441 3564 1485 est
3603 1444 3832 1487 eontra-

2245 1514 2526 1570 dicendum
2557 1534 2571 1570 :
2603 1517 2728 1587 quia
2783 1518 2885 1573 nisi
2916 1518 3033 1589 ipsa
3080 1534 3200 1588 qua:
3230 1521 3375 1575 misit
3426 1522 3681 1588 traheret,
3712 1525 3835 1578 mit-

2248 1616 2359 1660 tere
2387 1608 2532 1663 nullo
2555 1612 2713 1663 modo
2740 1618 2975 1678 poterat,
3001 1620 3057 1664 et
3077 1611 3201 1680 quia
3237 1611 3390 1680 plura
3420 1612 3679 1678 habebat,
3718 1629 3835 1670 esse

2245 1699 2433 1768 utique
2463 1715 2649 1754 verum
2682 1709 2895 1755 constat
2919 1719 2932 1756 :
2959 1702 3082 1771 quia
3111 1710 3167 1756 et
3197 1702 3284 1756 illa
3312 1718 3433 1774 qua:
3457 1718 3681 1773 sacrum
3704 1720 3829 1759 con-

2244 1788 2426 1845 cilium
2461 1790 2734 1846 Nicmnum
2786 1793 3084 1861 constituit,
3117 1802 3323 1848 certum
3373 1803 3455 1849 est
3506 1795 3565 1849 in
3592 1795 3831 1851 Romano

563 1905 668 1942 non
699 1903 918 1941 vererer
977 1886 1267 1956 legentium
1309 1886 1545 1950 tzcdium,
1602 1886 1697 1940 tibi
1739 1886 2024 1940 ostendere
2073 1885 2138 1939 de
2168 1885 2216 1945 Β
2246 1882 2447 1936 scrinio
2476 1884 2807 1949 conservari,
2853 1885 2919 1939 de
2943 1885 3140 1953 quibus
3182 1894 3237 1939 et
3264 1885 3432 1955 ipsius
3460 1896 3668 1941 sanch
3693 1888 3827 1942 sedis

562 1981 647 2034 his
675 1996 793 2048 quze
829 1979 1116 2050 collegisti,
1156 1979 1241 2033 illa
1267 1980 1380 2048 ipsa
1417 1988 1467 2032 te
1499 1980 1845 2049 redarguere,
1872 1992 1992 2047 qua:
2041 1994 2141 2048 pn-

571 2080 653 2141 las
674 2071 961 2138 plurimum
1002 2077 1180 2124 tecum
1224 2070 1423 2134 facere,
1459 2070 1523 2125 de
1553 2070 1871 2139 quibusdam
1906 2068 1998 2123 tibi
2028 2078 2144 2122 tan-

567 2174 673 2215 tum
723 2178 785 2216 ex
835 2161 920 2216 his
966 2177 1085 2231 quae
1124 2160 1401 2232 collegisti,
1440 2161 1748 2232 specialiter
1790 2161 2141 2231 respondebo,

564 2252 769 2306 scilicet
800 2253 863 2307 de
909 2252 1151 2322 epistolis
1178 2249 1302 2306 Julii
1342 2260 1396 2305 et
1425 2251 1645 2315 Felicis,
1690 2251 1843 2321 quasi
1894 2251 1959 2305 de
1990 2252 2140 2321 capi-

564 2324 687 2396 tulis
714 2342 900 2412 synoli
932 2340 1159 2395 Nicena:
1197 2340 1477 2403 confectis,
1518 2349 1641 2394 ante
1675 2339 1995 2395 Sardicense
2026 2340 2144 2409 qni-

563 2433 682 2485 dem
714 2432 1021 2496 concilium,
1054 2431 1136 2485 cui
1166 2431 1493 2485 Athanasius
1528 2447 1670 2484 anno
1698 2431 1906 2485 decimo
1929 2440 2140 2496 octavo,

560 2521 916 2574 ordinationis
944 2536 1053 2574 sua:
1083 2535 1204 2575 cum
1237 2519 1431 2574 litteris
1451 2520 1762 2575 Constantis
1786 2520 1851 2573 ab
1875 2518 2142 2574 Occiden-

562 2610 754 2662 talibus
783 2611 1043 2679 partibus,
1074 2609 1125 2663 in
1149 2610 1341 2678 quibus
1374 2610 1738 2675 exsulaverat,
1762 2610 2141 2665 Alexandriam

558 2694 776 2754 rediens
805 2699 997 2770 legitur
1027 2699 1354 2766 interfuisse,
1387 2700 1638 2769 quodque
1668 2699 1821 2767 juxta
1858 2700 2143 2755 Chronico-

565 2805 679 2841 rum
710 2798 761 2841 ct
792 2789 1093 2842 litterarum
1130 2789 1621 2844 ecclesiasticarum
1649 2789 1829 2855 ﬁdem,
1857 2790 2140 2843 undecimo

566 2879 756 2931 ιηςιηίς
788 2879 1145 2945 Constantini,
1179 2880 1347 2949 patris
1368 2882 1732 2951 Augustorum
1757 2880 2054 2935 Constantii
2086 2889 2140 2936 et

560 2970 889 3035 Coxtstanlis,
914 2971 1052 3025 llut‘o
1074 2980 1126 3026 et
1150 2971 1381 3025 Eusebio
1403 2972 1729 3035 consulibus,
1763 2987 1905 3026 anno
1928 2972 2137 3027 decimo

560 3077 712 3119 sexto
760 3064 882 3119 Julii
937 3081 1104 3135 pnpzc,
1157 3065 1246 3133 qui
1300 3065 1562 3119 successit
1615 3065 1792 3119 Marco
1840 3066 2137 3119 successori

561 3158 832 3220 Silvestri,
860 3157 1010 3225 cujus
1051 3166 1285 3225 tempore
1319 3155 1586 3209 celebrata
1616 3165 1699 3209 est
1731 3171 1882 3209 sacra
1921 3155 2135 3209 Niczena

2246 1973 2530 2042 pontiﬁces
2574 1989 2670 2029 sua
2704 1975 2919 2029 decreta
2968 1976 3463 2046 promulgaverunt,
3504 1988 3562 2032 et
3597 1980 3713 2033 suis
3743 1994 3827 2049 ρο-

2247 2066 2406 2119 steris
2450 2067 2676 2120 tenenda
2704 2074 2760 2120 et
2787 2066 3049 2120 servanda
3083 2067 3433 2137 reliquerunt.
3482 2068 3611 2123 Fuit
3654 2078 3825 2125 autem

2246 2157 2430 2227 opinio
2487 2158 2626 2228 apud
2677 2158 2912 2227 majores
2957 2168 3173 2214 nostros
3225 2160 3387 2216 etiam
3437 2176 3545 2215 non
3602 2160 3823 2223 incerta,

2245 2247 2369 2316 quia
2398 2244 2558 2301 Osius
2587 2248 2830 2317 (tutulum
2862 2249 2928 2301 de
2954 2247 3205 2317 capitulis
3229 2263 3259 2301 a
3290 2264 3350 2304 se
3377 2250 3569 2321 synodi
3600 2249 3823 2306 Nicaeus:

2245 2336 2463 2401 delatis,
2505 2337 2661 2391 aliter
2706 2337 2859 2408 prius
2887 2338 3295 2403 renuntiaverit,
3338 2355 3499 2409 quam
3527 2349 3719 2409 postea
3750 2341 3821 2394 in-

2244 2437 2459 2481 ventum
2509 2428 2820 2493 exstiterit;
2884 2429 2978 2499 qui
3025 2438 3080 2482 et
3123 2430 3263 2500 apud
3304 2429 3597 2496 Sirmium,
3644 2439 3822 2485 contra

2244 2517 2403 2572 ﬁdem
2434 2518 2633 2573 Nicami
2674 2519 2884 2574 concilii
2916 2520 3001 2574 cui
3049 2520 3463 2591 subscripserat,
3499 2522 3815 2592 sacrilegam

2241 2610 2635 2678 professionem
2666 2619 2825 2680 atque
2848 2611 3291 2683 subscripnonem
3323 2613 3569 2683 proferre
3593 2625 3653 2669 et
3679 2617 3822 2670 exhi-

2241 2700 2369 2755 bere
2395 2703 2755 2771 praesumpsit,
2797 2704 2937 2758 sicut
2971 2703 3035 2759 de
3059 2719 3125 2758 eo
3174 2705 3411 2760 historia:
3439 2706 3820 2761 ecclesiastica:

2239 2783 2542 2861 perhibent,
2583 2802 2639 2847 et
2681 2801 2904 2849 sanctus
2948 2795 3181 2851 Hilarius
3224 2796 3277 2850 in
3306 2796 3443 2851 libro
3479 2798 3549 2852 de
3592 2798 3821 2869 Synodis

2243 2881 2417 2935 dicit:
2463 2882 2618 2952 Apud
2665 2882 2948 2950 Sirmium,
2996 2885 3267 2955 inquiens,
3310 2902 3407 2956 per
3454 2890 3819 2945 immemorem

2239 2980 2513 3042 gestorum
2543 2989 2764 3028 suorum
2824 2975 3198 3045 dictorumque
3228 2976 3438 3043 Osium,
3469 2995 3624 3034 nova:
3652 2990 3710 3034 et
3744 2990 3817 3034 ta-

2238 3076 2362 3116 men
2385 3073 2694 3132 snppurata:
2712 3062 2918 3132 jamdiu
2948 3066 3241 3135 impietatis
3270 3068 3514 3123 doctrina
3555 3085 3815 3140 prorupe-

2238 3160 2324 3204 rat
2353 3168 2367 3204 :
2393 3152 2488 3205 sed
2513 3154 2579 3207 de
2602 3168 2667 3207 eo
2692 3153 2765 3207 nil
2794 3153 3002 3223 loquor,
3027 3155 3118 3225 qui
3142 3155 3347 3211 idcirco
3367 3167 3450 3211 est
3486 3170 3811 3225 reservatus,

560 3248 823 3318 synodus,
883 3247 1075 3315 cuique
1126 3246 1191 3299 ad
1251 3246 1419 3302 vicem
1474 3244 1718 3299 Silvestri
1766 3246 2133 3315 praesederunt
2162 3233 2203 3292 C
2237 3257 2306 3296 ne
2331 3241 2536 3311 judicio
2560 3243 2795 3298 humano
2822 3244 3163 3312 ignoraretur
3184 3246 3359 3314 qualis
3387 3257 3514 3302 ante
3540 3249 3808 3313 vixisset.»

560 3339 717 3393 Osins
767 3338 1128 3393 Cordubensis
1165 3338 1468 3407 episcopus,
1499 3338 1684 3393 Victor
1729 3347 1782 3392 et
1814 3338 2131 3391 Vincentius

476 3446 487 3453 ·
559 3428 858 3498 presbyteri
889 3428 1043 3501 urbis
1067 3426 1269 3481 Romae.
1298 3427 1454 3481 Anno
1484 3443 1611 3480 vero
1633 3428 1849 3481 circiter
1876 3428 2132 3481 vicesimo

560 3518 717 3571 tertio
768 3526 887 3585 post
934 3515 1199 3571 Nicmnam
1244 3516 1504 3587 synodum
1532 3515 1865 3569 Antiocheua
1897 3517 2131 3586 synodus

561 3611 736 3663 haliitn
763 3618 864 3673 est,
897 3618 951 3663 et
996 3610 1181 3663 eadem
1222 3608 1445 3679 epistola
1471 3606 1596 3662 Julii
1629 3624 1724 3678 per
1751 3609 1892 3663 idem
1922 3619 2131 3678 tempus

558 3700 695 3754 facta
727 3715 846 3755 esse
888 3699 1237 3768 dignoscitur,
1271 3699 1324 3753 in
1364 3714 1467 3768 qua
1510 3698 1664 3768 plura
1696 3700 1926 3768 capitula
1972 3701 2131 3754 modo

555 3790 767 3843 diverso
815 3789 1037 3842 collecta
1094 3797 1507 3857 terrentur,qu
1553 3789 1597 3852 si
1651 3790 1716 3844 de
1777 3805 1881 3843 una
1923 3791 2131 3860 synodo

552 3876 781 3929 Ῑιιὶςςριιῑ
811 3885 1108 3943 assumpta,
1144 3891 1246 3929 non
1279 3877 1453 3930 taliter
1480 3877 1842 3931 dissonarent.
1878 3880 1941 3931 Et
1969 3880 2013 3933 si
2061 3879 2128 3934 de

554 3967 934 4033 appellatione,
987 3966 1127 4017 sicut
1167 3965 1221 4016 in
1259 3964 1562 4018 Sardicensi
1605 3967 1835 4019 concilio
1879 3968 2131 4021 constitu-

554 4041 791 4116 tnm'est,
824 4052 878 4103 in
917 4049 1130 4103 Nlcmno
1155 4051 1383 4105 concilio
1414 4051 1604 4105 fuisset
1648 4062 1804 4106 antea
1843 4062 2128 4117 statutum,

556 4144 701 4195 nulla
734 4142 869 4196 foret
896 4143 1191 4195 necessitas
1217 4152 1273 4194 ut
1301 4142 1494 4195 iterum
1524 4141 1577 4194 in
1621 4144 1721 4195 hoc
1745 4143 1973 4198 concilio
2007 4143 2131 4197 imle

512 4225 996 4296 ‘coustitneretur,
1053 4232 1146 4285 sed
1195 4231 1334 4285 sicut
1380 4229 1434 4283 in
1478 4231 1599 4284 aliis
1642 4231 1886 4285 conciliis
1937 4232 2132 4302 legitur

554 4324 884 4378 scriberetur
904 4323 1167 4385 videlicet,
1199 4333 1257 4377 ut
1284 4337 1346 4378 ea
1375 4338 1493 4392 quae
1522 4333 1652 4379 sunt
1682 4324 1734 4378 in
1758 4324 1973 4382 Nicaeno
1996 4342 2127 4383 con-

546 4413 677 4469 cilio
706 4417 1021 4480 constituta,
1065 4416 1132 4469 ah
1167 4414 1419 4469 omnibus
1450 4426 1855 4471 conserventur.
1890 4417 2127 4488 Epistola

553 4522 683 4561 vero
728 4506 924 4561 Felicis
960 4520 1027 4561 ex
1072 4506 1297 4576 epistola
1338 4506 1461 4561 Julii
1487 4508 1702 4576 pendet.
1733 4507 1829 4562 Hic
1851 4509 1995 4563 enim
2043 4518 2127 4564 est

550 4616 668 4655 mos
699 4600 1003 4670 apostolica:
1034 4600 1179 4654 sedis
1213 4599 1559 4669 pontiﬁcibus
1600 4610 1658 4653 ut
1687 4602 1849 4655 verba
1874 4601 2122 4657 decesso-

554 4705 672 4742 rum
708 4700 925 4744 suorum
952 4690 1101 4759 quasi
1144 4690 1360 4759 propria
1402 4691 1455 4744 in
1486 4691 1599 4744 suis
1626 4700 1828 4761 ponant
1862 4692 2121 4760 epistolis,

549 4782 688 4833 sicut
729 4781 818 4850 qui
866 4778 993 4851 legit
1021 4780 1289 4850 intelligit.
1335 4780 1598 4835 Caeterum
1637 4782 1782 4851 quod
1817 4782 1869 4836 in
1900 4784 2125 4852 epistola

546 4886 612 4923 ex
657 4872 873 4926 nomine
898 4871 1179 4925 Athanasii
1230 4879 1285 4926 et
1311 4872 1685 4941 episcoporum
1719 4871 2119 4943 zEgyptiorum,

550 4961 615 5013 ad
645 4960 883 5014 Marcum
913 4975 1281 5015 successorem
1313 4958 1561 5015 Silvestri
1598 4962 1826 5016 habetur
1849 4963 2121 5031 octoginta

512 5049 519 5077 ί
548 5051 713 5106 fuisse
735 5051 964 5121 capitula
988 5069 1002 5106 :
1033 5052 1387 5122 quadraginta
1412 5053 1618 5108 scilicet
1647 5068 1677 5106 a
1703 5053 1903 5108 Graecis
1931 5053 2121 5109 Graeca

546 5143 688 5197 edita
735 5143 938 5212 lingua,
964 5151 1019 5197 et
1046 5144 1297 5197 similiter
1320 5146 1675 5213 quadraginta
1709 5159 1739 5198 a
1769 5145 1972 5199 Latinis
2012 5146 2119 5200 La-

546 5234 656 5287 tina
681 5233 822 5287 edita
854 5232 1033 5301 lingua
1062 5248 1076 5296 ;
1106 5241 1159 5284 et
1197 5233 1266 5286 ab
1307 5233 1574 5302 episcopis
1612 5234 1870 5288 trecentis
1896 5236 2120 5292 octode-

542 5325 647 5377 cim
681 5323 734 5376 in
784 5321 1121 5392 septuaginta
1162 5322 1379 5377 redacta
1426 5322 1592 5378 fuisse
1624 5324 1883 5393 capitula,
1924 5326 1969 5380 si
2022 5342 2120 5381 nu-

542 5420 822 5466 merantur
843 5412 931 5466 illa
956 5426 1075 5481 qua:
1101 5413 1155 5467 in
1176 5411 1401 5481 epistola
1432 5410 1557 5467 Julii
1591 5413 1868 5485 designata
1899 5425 2119 5486 preter-

543 5504 865 5569 mittuntur;
891 5506 984 5559 sed
1017 5514 1073 5559 et
1110 5520 1230 5575 qua:
1264 5505 1318 5558 in
1364 5504 1588 5574 epistola
1628 5506 1821 5561 Felicis
1846 5507 2117 5577 leguntur,

539 5592 693 5661 plura
749 5609 912 5664 quam
966 5596 1303 5666 septuaginta
1357 5607 1413 5650 et
1444 5596 1585 5652 inter
1618 5612 1678 5651 se
1725 5598 1937 5652 diversa
1967 5598 2116 5653 inve.

502 5682 789 5747 "tuentur;
823 5694 879 5740 et
907 5687 961 5741 in
990 5688 1196 5742 eisdem
1226 5687 1469 5758 epistolis
1489 5703 1594 5742 non
1628 5688 1977 5742 inveniuntur
1999 5703 2113 5744 me-

462 5776 467 5783 ’
541 5772 760 5833 morari,
817 5775 1036 5830 minime
1079 5785 1259 5830 autem
1309 5777 1705 5841 connumerari,
1750 5776 1837 5831 illa
1881 5778 2113 5848 capitula

2232 3331 2396 3401 Cujus
2435 3334 2645 3414 scilicet
2697 3337 2840 3391 beati
2890 3336 3075 3392 Hilarii
3123 3339 3429 3394 testimonio
3468 3342 3536 3397 de
3563 3341 3810 3414 Synodis,

2232 3425 2325 3478 sed
2354 3412 2492 3479 etde
2515 3425 2663 3489 Osio,
2695 3425 2853 3482 [idem
2881 3430 3289 3485 accommodare
3313 3412 3619 3499 debemus,
3638 3435 3730 3504 qui
3759 3436 3807 3489 in

2232 3518 2456 3586 praefato
2487 3519 2622 3572 libro
2663 3521 2729 3574 de
2774 3520 3006 3591 Synodis
3031 3523 3159 3576 dicit
3188 3541 3200 3577 :
3235 3542 3254 3575 ι
3288 3524 3659 3594 Regeneratus
3704 3528 3811 3598 pri-

2232 3609 2381 3675 dem,
2409 3621 2463 3665 et
2505 3613 2558 3665 in
2597 3612 2904 3682 episcopatu
2954 3613 3338 3685 aliquantisper
3377 3633 3628 3683 manens,
3660 3618 3811 3674 tidem

2233 3699 2505 3755 Nicmnam
2560 3717 2833 3770 nunquam
2889 3704 2990 3757 nisi
3052 3706 3395 3759 msulaturtts
3439 3708 3644 3763 audivi.
3706 3709 3809 3764 Sed

2220 3791 2361 3844 mihi
2399 3791 2657 3846 homousii
2703 3800 2758 3846 et
2788 3793 3093 3848 hommousii
3144 3796 3547 3865 intelligentiam
3580 3800 3814 3870 Evange-

2233 3879 2301 3932 lia
2337 3889 2391 3933 ct
2421 3880 2645 3948 apostoli
2697 3882 3099 3938 intimaverunt.
3154 3885 3222 3939 Et
3265 3903 3361 3957 per
3414 3887 3501 3941 illa
3552 3899 3810 3960 tempora,

2232 3972 2445 4038 quando
2489 3972 2734 4038 concilia,
2782 3974 2987 4029 scilicet
3042 3974 3340 4042 Nicmnum,
3394 3978 3809 4050 Antiochenam,

2235 4060 2578 4129 Sardiceuse,
2603 4073 2659 4117 et
2680 4063 2781 4116 alia
2801 4066 3047 4133 qntedaltt
3078 4070 3378 4135 posteriora
3403 4071 3676 4129 celebrata
3702 4075 3811 4130 fue-

2235 4160 2384 4214 runt,
2438 4153 2607 4207 isdem
2643 4166 2863 4209 sanctus
2902 4167 2955 4209 et
3005 4157 3192 4212 doctor
3223 4161 3523 4217 catholicus
3553 4164 3606 4218 in
3655 4180 3812 4220 carne

2233 4241 2434 4309 deguit,
2467 4252 2521 4297 et
2548 4258 2709 4299 verus
2744 4246 2810 4299 de
2840 4247 2919 4299 eis
2962 4246 3160 4302 relator
3206 4252 3434 4318 exstitit,
3463 4261 3522 4308 et
3549 4257 3809 4312 credenda

2210 4332 2387 4387 nobis
2419 4332 2473 4386 in
2512 4335 2625 4389 suis
2667 4336 2883 4405 scriptis
2912 4338 3148 4407 reliquit.
3183 4340 3485 4399 llefutanda
3529 4356 3618 4402 est
3653 4349 3811 4419 igitur

2230 4417 2359 4473 falsa
2409 4421 2593 4490 opinio
2637 4423 2703 4477 de
2747 4427 3101 4493 quorumdam
3149 4430 3367 4499 scriptis
3414 4444 3630 4499 εισι-ιιι,

2232 4509 2502 4565 Nicaanum
2525 4515 2818 4570 concilium
2847 4526 3086 4588 tempore
3111 4518 3235 4575 Julii
3268 4521 3433 4578 fuerit
3459 4526 3809 4586 celebratum.

2234 4615 2356 4656 cum
2381 4611 2594 4659 constet
2622 4606 2865 4663 eamdem
2912 4623 3120 4663 sacram
3161 4612 3424 4681 synodum
3455 4612 3626 4671 fuisse
3666 4618 3810 4672 babi-

2235 4699 2344 4747 tam
2375 4709 2518 4749 anno
2552 4706 2671 4766 post
2717 4698 3083 4756 Alexandrum
3112 4707 3505 4763 sexcentesimo
3542 4711 3811 4765 tricesimo

2233 4789 2404 4843 sexto,
2452 4784 2553 4837 sub
2580 4784 2933 4841 Constantino
2975 4789 3319 4859 imperatore,
3345 4794 3434 4848 die
3488 4799 3697 4852 mensis
3732 4816 3787 4853 se

2232 4871 2465 4926 cundum
2494 4872 2712 4941 Graecos
2736 4877 2878 4933 Desii
2908 4895 3060 4944 svnt,
3094 4884 3233 4950 quod
3267 4895 3349 4940 cst
3375 4901 3406 4940 ι
3448 4886 3805 4946 Kalendarmu

2230 4959 2514 5027 Juliarum,
2549 4968 2827 5023 consulatu
2858 4970 3067 5027 Paulini
3096 4984 3151 5028 et
3177 4973 3399 5043 Juliani,
3428 4988 3677 5049 tempore
3712 4984 3805 5037 Sil-

2228 5052 2392 5105 vestri
2422 5068 2591 5124 papaa,
2615 5057 2754 5112 sicut
2778 5060 3024 5117 veridica:
3052 5065 3323 5122 chronica:
3346 5076 3402 5122 et
3425 5070 3806 5127 ecclesiaStica:

2227 5143 2465 5199 historice
2505 5148 2755 5216 produnt.
2798 5149 2996 5208 Verum
3044 5153 3219 5212 Julius
3270 5174 3558 5216 successor
3614 5163 3799 5225 Marci,

2226 5238 2317 5307 qui
2365 5239 2624 5309 Silvestre
2657 5249 2938 5306 successit.
2975 5248 3157 5304 Romae
3206 5254 3467 5323 synodum
3515 5254 3802 5311 celebravit

2196 5331 2326 5384 .sub
2355 5331 2671 5387 Constantio
2699 5342 2755 5388 et
2781 5333 3075 5393 Constante
3117 5339 3387 5408 Augustis,
3433 5357 3585 5397 anno
3617 5340 3802 5414 quarto

2226 5420 2327 5475 sub
2350 5421 2438 5476 die
2465 5432 2652 5477 octava
2700 5423 3058 5483 Kalendarum
3098 5427 3366 5490 Octobris.
3408 5431 3601 5507 indiet.
3629 5443 3797 5509 sexta.

2222 5511 2500 5566 consulatu
2524 5511 2783 5567 Feliciani
2824 5524 2879 5568 et
2909 5515 3239 5581 Maximiani,
3264 5533 3318 5575 et
3342 5501 3592 5577 eamdem
3640 5501 3797 5595 Nicae-

2221 5618 2345 5657 nam
2390 5606 2653 5674 synodum
2705 5608 3014 5675 apostolica:
3049 5610 3192 5667 sedis
3235 5613 3558 5669 auctoritate
3598 5630 3696 5685 per
3721 5631 3792 5673 se.

2221 5693 2362 5747 sicut
2397 5694 2761 5762 predecessor
2806 5695 2975 5762 illius,
3004 5696 3265 5755 Silvester
3290 5715 3390 5771 per
3437 5702 3650 5774 legatos
3674 5719 3795 5759 suos

2220 5783 2475 5837 tirnmvit.
2507 5782 2750 5852 Capitula
2774 5800 2990 5855 quoque
3031 5787 3083 5843 in
3124 5791 3310 5857 eodem
3343 5793 3573 5849 concilio
3601 5793 3790 5848 consti-
