3948 5376
144 430 243 487 365

900 425 1141 484 OPUSC.
1182 424 1269 481 ΕΤ
1309 420 1529 481 EPIST.
1567 423 1635 480 IN
1673 422 1899 479 CAUSA
1940 416 2269 479 HINCMARI
2306 417 2608 476 LAUDUN.

3275 415 3381 473 366

144 559 250 605 tuta
274 546 387 616 ipse
414 542 664 601 omnibus
691 542 918 598 validior
941 542 1278 612 antiquitatis
1302 555 1454 607 usus,
1478 547 1534 597 et
1564 538 1706 593 anti-
1736 539 1783 595 A
1813 532 1954 595 ﬁdei.
1982 538 2039 586 et
2078 539 2277 586 statum
2324 529 2553 585 Nicaeum
2598 526 2816 598 synodi.
2860 541 2979 596 qua:
3029 525 3096 580 ad
3137 534 3382 580 nostrum

144 654 240 709 qua
261 636 520 707 majorum
550 634 789 700 traditio,
817 632 1254 690 reverentissimo
1272 631 1456 702 vigore
1473 630 1702 685 tenenda

144 725 522 785 corroboravit.

722 816 946 873 CAPUT
983 815 1125 873 XXI.

147 932 288 999 Quod
314 946 414 985 non
465 932 565 985 nisi
615 929 790 1005 viginti
835 928 1064 1005 capitulo
1116 929 1171 983 in
1213 927 1434 982 concilio
1487 924 1706 1005 Nigwno

654 1000 842 1068 fuerint
881 1001 1181 1053 constituta.

209 1111 269 1165 Et
311 1123 413 1177 qua
444 1107 655 1162 ratione
700 1108 943 1177 quaedam
987 1122 1051 1161 ex
1100 1105 1185 1161 his
1228 1120 1347 1175 qua:
1388 1104 1442 1159 in
1471 1101 1710 1173 epistolis

148 1200 477 1269 antiquorum
521 1197 665 1253 sedis
695 1198 948 1251 Romanae
972 1193 1282 1266 pontiﬁcum
1317 1192 1515 1260 scripta
1568 1192 1723 1246 inve;

148 1290 370 1352 niuntur,
405 1304 435 1341 a
470 1286 874 1342 successoribus
899 1299 1087 1339 eorum
1116 1298 1210 1338 usa
1255 1297 1362 1337 non
1394 1279 1613 1346 fuerint,
1648 1280 1710 1334 li-

148 1389 224 1433 cet
264 1379 327 1431 ad
380 1376 788 1432 instructionem
836 1375 1051 1429 valeant
1092 1372 1416 1444 plurimum,
1466 1369 1709 1440 quaedam

148 1483 263 1522 vero
296 1468 345 1521 in
390 1466 624 1521 decretis
667 1479 852 1517 eorum
897 1463 1101 1533 posita,
1156 1471 1212 1516 et
1240 1477 1267 1515 a
1295 1459 1542 1516 conciliis
1571 1459 1716 1513 inter

148 1574 365 1613 canones
391 1573 581 1612 sacros
611 1556 954 1610 inveniantur
984 1562 1256 1623 assumpta
1276 1593 1292 1618 ,
1332 1561 1387 1606 et
1433 1551 1575 1605 unde
1598 1549 1717 1618 opi-

148 1649 227 1703 nio
267 1656 453 1701 exorta
491 1646 779 1710 exstiterit,
812 1644 964 1715 plura
1012 1660 1173 1714 quam
1219 1644 1271 1697 in
1303 1652 1511 1697 canone
1558 1641 1713 1695 inve-

147 1736 351 1791 niantur
398 1738 452 1792 in
485 1736 697 1791 Nieaena
764 1737 968 1806 synodo
997 1735 1210 1789 decreta
1241 1732 1407 1788 fuisse
1444 1731 1673 1803 capitula
1696 1771 1710 1796 ,

146 1828 274 1896 quod
316 1842 382 1880 ex
437 1826 633 1881 litteris
670 1825 1049 1895 antiquitatum
1095 1825 1294 1879 seriem
1342 1821 1706 1878 deferentibus

147 1921 458 1989 accepimus,
497 1918 587 1974 tibi
620 1931 686 1972 ex
717 1926 869 1988 parte
904 1918 1105 1981 scribo,
1136 1932 1243 1970 non
1269 1916 1473 1970 veritus
1504 1928 1570 1968 ne
1598 1914 1702 1967 mi-

150 2010 195 2064 hi
240 2010 533 2065 calumnias
580 2017 777 2072 struas,
806 2008 945 2062 sicut
983 2006 1094 2077 jam
1143 2005 1319 2061 fecisti
1367 2007 1433 2059 de
1477 2004 1561 2059 his
1590 2019 1710 2073 qua:

146 2100 319 2169 scripsi
349 2100 413 2154 de
446 2099 742 2168 Stephano,
774 2113 989 2154 sensum
1020 2097 1286 2151 dictorum
1319 2110 1559 2149 meorum
1590 2108 1709 2163 per-

148 2202 362 2254 vertens,
411 2198 469 2244 et
497 2189 695 2259 scripta
746 2204 860 2242 mea
906 2187 1192 2241 decertans
1244 2185 1298 2239 in
1337 2183 1537 2252 scripto
1567 2181 1710 2252 quod

149 2283 264 2335 mihi
297 2283 360 2337 de
384 2281 700 2335 Amalberto
727 2280 941 2345 dedisti,
963 2277 1150 2333 volens
1174 2292 1261 2331 me
1285 2292 1353 2330 ex
1376 2275 1553 2328 verbis
1578 2273 1711 2327 meis

150 2374 425 2437 revincere,
464 2381 520 2426 et
547 2388 629 2427 me
669 2371 738 2425 ad
770 2369 1138 2424 tortitudinem
1169 2366 1247 2422 tui
1287 2365 1475 2437 judicii
1499 2373 1711 2418 center.

147 2476 319 2530 qnere,
357 2471 411 2515 et
443 2461 486 2516 si
517 2461 731 2514 easdem
778 2458 1075 2513 calumnias
1106 2457 1300 2519 sciero,
1331 2468 1551 2509 necesse
1581 2452 1708 2505 mihi

147 2551 209 2604 sit
234 2552 350 2605 inde
373 2550 695 2614 rescribere,
732 2557 788 2602 et
826 2556 1035 2617 tempus
1075 2545 1346 2600 inutilitati
1368 2544 1707 2614 expendere;

149 2641 186 2694 si
226 2647 398 2695 autem
448 2654 543 2693 eas
589 2638 848 2700 nesciero,
893 2637 959 2690 ad
1008 2634 1405 2705 derogationem
1452 2632 1558 2687 mei
1613 2630 1710 2686 tibi

146 2729 417 2782 credentes
440 2727 616 2796 aliquo
636 2727 794 2780 modo
817 2725 988 2795 possis
1013 2724 1299 2779 adducere.
1329 2714 1510 2777 Dicam
1531 2729 1711 2775 autem

142 2834 197 2873 ex
227 2819 409 2875 verbis
435 2827 677 2873 veterum
713 2832 831 2885 quae
862 2815 1148 2870 didicimus
1173 2815 1238 2869 de
1265 2812 1511 2882 capitulis
1540 2811 1708 2866 Niem-

144 2924 215 2962 ntn
240 2907 453 2978 synodi,
488 2915 549 2961 ut
591 2906 636 2960 si
665 2915 718 2959 te
754 2904 985 2959 delectat
1021 2902 1240 2966 bellare,
1274 2916 1395 2956 cum
1433 2900 1512 2954 eis
1539 2900 1712 2968 possis

142 2998 324 3053 bellum
350 2994 663 3060 conserere,
687 3005 742 3050 et
761 2992 1099 3064 ego'valeam
1122 3004 1433 3060 repausare.
1478 2988 1710 3044 Historia

145 3089 184 3142 si
211 3090 426 3157 quidem
452 3087 719 3158 tripertita
747 3084 860 3157 (tib.
892 3099 953 3152 n,
980 3098 1031 3139 ε.
1053 3084 1107 3154 7)
1128 3081 1486 3139 Athanasium
1514 3080 1711 3136 dixisse

147 3180 318 3234 scribit
351 3180 426 3234 ila
458 3197 470 3233 ε
513 3196 532 3230 ο
578 3179 635 3233 In
664 3178 935 3232 Nicmnum
980 3176 1262 3231 concilium
1295 3176 1571 3229 venientes
1601 3173 1712 3241 θρί-

1804 626 2091 682 concilium
2118 640 2215 694 per
2241 625 2413 679 beata:
2454 622 2843 681 recordationis
2885 620 3227 676 Caecilianum
3255 617 3384 674 Car-
3420 692 3421 695 η
3451 677 3455 680 _

1808 716 2176 786 thaginensem
2216 714 2547 783 episcopum,
2574 712 2667 784 qui
2701 711 2977 774 interfuit,
3015 710 3177 764 allata
3216 719 3380 771 sunt,

1811 809 1903 863 sed
1945 819 2001 863 et
2023 800 2153 877 quae
2182 815 2364 874 patres
2391 805 2717 875 exemplaria
2744 812 3031 874 sequentes
3058 803 3147 859 hic
3174 802 3379 857 consti-

1809 907 2049 965 tuerunt,
2083 897 2168 954 vel
2194 912 2335 952 nunc
2359 897 2630 952 communi
2690 904 2921 951 tractatu
2955 894 3263 959 statuimus,
3292 893 3379 947 his

1810 986 1973 1057 gestis
2016 984 2399 1042 ecclesiasticis
2439 984 2640 1042 inserta
2682 984 2994 1039 manebunt.
3027 1002 3044 1035 ι
3080 982 3212 1036 Nam
3256 982 3384 1051 quia

1809 1080 2126 1135 Caecilianus
2152 1078 2381 1133 Nicaeum
2402 1076 2605 1147 synodo
2625 1074 2950 1138 interfuerit,
2982 1082 3036 1128 et
3059 1074 3383 1145 subscriptio

1812 1172 1956 1226 illius
1983 1178 2233 1233 testatur,
2261 1178 2316 1225 et
2340 1168 2580 1224 historiae
2613 1182 2677 1224 ac
2700 1167 2969 1222 chronica:
2997 1165 3378 1222 ecclesiaStica:

1812 1272 2082 1328 astruunt,
2130 1262 2186 1316 in
2240 1260 2437 1331 quibus
2507 1259 2765 1331 scriptum
2812 1268 2936 1314 est:
2971 1278 2990 1311 ι
3039 1257 3176 1326 Quia
3224 1258 3384 1314 tertio

1814 1366 1956 1407 anno
2004 1358 2125 1421 post
2175 1347 2445 1405 Nicaeuam
2494 1348 2775 1418 synodum,
2823 1346 3079 1402 Januario
3126 1356 3181 1402 et
3231 1346 3386 1403 Iusto

1813 1440 2142 1519 consulibus,
2172 1440 2408 1494 Donatus
2437 1437 2764 1508 agnoscitur,
2792 1452 2819 1490 a
2862 1452 2969 1507 quo
3014 1452 3112 1507 per
3148 1437 3386 1493 Africam

1814 1527 2124 1590 Donatistae,
2160 1526 2250 1595 qui
2303 1526 2534 1595 primum
2583 1534 2802 1595 propter
2846 1524 3151 1581 ordinatum
3201 1535 3387 1581 contra

1815 1615 2141 1671 voluntatem
2158 1628 2309 1669 suam
2322 1612 2667 1669 Caecilianum
2683 1613 2924 1669 ecclesia:
2951 1611 3389 1684 Carthaginensis

1815 1704 2150 1779 episcopum,
2181 1701 2415 1756 schisina
2449 1700 2713 1765 fecerunt,
2741 1699 3059 1769 ohjicientes
3082 1701 3131 1757 ei
3157 1701 3387 1756 crimina

1818 1809 1922 1849 non
1952 1793 2198 1865 probata,
2219 1802 2275 1848 et
2302 1794 2535 1848 maxime
2578 1792 2719 1863 quod
2747 1807 2778 1845 a
2811 1792 3155 1849 traditoribns
3180 1792 3385 1847 divina-

1734 1890 1780 1948 Β
1808 1902 1926 1940 rum
1948 1882 2349 1955 Scripiurarum
2374 1883 2537 1939 fuerit
2561 1884 2839 1939 ordinatus
2864 1902 2878 1938 :
2906 1885 2999 1939 sed
3021 1892 3141 1955 post
3162 1899 3379 1940 causam

1811 1978 2098 2033 confictam
2148 1987 2311 2047 atque
2373 1976 2618 2041 ﬁnitam,
2681 1977 2944 2045 pertinaci
3015 1976 3281 2032 discordia
3334 1975 3388 2030 in

1810 2066 2060 2123 haeresim
2094 2066 2439 2131 transierunt.
2483 2085 2502 2116 ι
2535 2064 2640 2120 Sed
2670 2074 2724 2118 ct
2762 2064 2987 2133 epistola
3036 2064 3221 2135 Cyrilli
3263 2063 3389 2119 Ale-

1810 2157 2059 2212 xandrini
2082 2157 2339 2228 episcOpi,
2364 2158 2515 2227 cujus
2535 2158 2896 2226 prmdecessor
2914 2157 3237 2221 Alexander,
3264 2171 3386 2211 cum

1812 2245 2000 2316 legatis
2026 2246 2331 2315 apostolicae
2376 2247 2541 2310 sedis,
2571 2245 2696 2302 Osio
2742 2236 3000 2323 videlicet
3040 2244 3387 2303 Cordubense

1810 2335 2081 2405 episcopo,
2127 2343 2182 2390 et
2229 2334 2508 2390 Vincentio
2557 2349 2621 2388 ac
2642 2334 2857 2390 Victore
2885 2335 3139 2389 Romanis
3167 2336 3390 2408 presby-

1813 2426 1962 2491 teris,
2022 2426 2292 2481 mediantc
2333 2424 2684 2480 Constantino
2733 2426 3059 2496 imperatore
3109 2428 3381 2497 praesedit,

1811 2528 1933 2568 cum
1987 2513 2291 2583 integritate
2342 2513 2510 2582 ipsius
2560 2513 2811 2576 concilii,
2863 2529 2961 2583 per
3017 2514 3387 2571 Innocentium

1809 2604 2183 2674 presbyterum
2212 2605 2397 2658 missa.
2423 2603 2663 2673 Itemque
2691 2604 2912 2672 epistola
2937 2604 3097 2660 Attici
3127 2605 3393 2661 Constan-

1813 2695 2146 2764 tinopolitani
2201 2694 2458 2764 episcopi,
2510 2708 2632 2748 cum
2688 2695 2991 2764 integritate
3041 2695 3389 2750 nihilominus

1812 2786 1979 2856 ipsius
2009 2786 2219 2842 concilii
2250 2800 2346 2855 per
2385 2785 2693 2840 Marcellum
2727 2786 3114 2840 subdiaconnm
3154 2785 3385 2841 Cartha-

1809 2879 2018 2948 ginensi
2067 2877 2270 2948 synodo
2314 2876 2549 2939 directa,
2584 2883 2638 2930 et
2665 2877 2829 2931 verba
2864 2874 3107 2930 Faustini
3153 2875 3389 2945 episcopi

1812 2988 1876 3027 ac
1898 2972 2052 3043 legati
2084 2970 2226 3025 sedis
2247 2969 2552 3040 apostolicae
2586 2969 2789 3038 prolata
2830 2970 2881 3024 in
2915 2971 3118 3040 synodo
3152 2970 3386 3026 Cartha-

1811 3063 2016 3137 ginensi
2055 3062 2287 3133 Epistula
2310 3076 2522 3133 quoque
2544 3061 2707 3133 ipsius
2729 3061 2939 3117 concilii
2957 3064 3023 3117 ad
3044 3063 3388 3118 Caelestinum

1811 3172 2003 3227 papam
2050 3155 2467 3216 honorabiliter,
2523 3164 2579 3207 ιιι
2606 3170 2706 3223 par
2731 3164 2835 3218 est,
2866 3154 3153 3209 destinata.
3201 3154 3307 3209 Sed
3337 3162 3392 3208 et

148 3272 283 3339 scopi
328 3271 516 3340 viginti
566 3265 1092 3337 ροηεετῑρεετυηιάε
1121 3264 1526 3318 conversatione
1550 3260 1714 3315 θροις-
1743 3243 1786 3304 C
1818 3246 1960 3331 actio
2012 3246 2324 3299 duodecima
2375 3243 2827 3299 Chalcedonensis
2875 3242 3130 3307 concilii,
3184 3242 3238 3297 in
3286 3258 3388 3312 qua

147 3361 353 3415 siastica
392 3360 718 3415 sanctiones.
756 3377 774 3409 ο
809 3357 877 3410 Et
905 3356 1071 3411 item:
1105 3372 1122 3404 ι
1155 3353 1396 3408 Meminit
1424 3360 1599 3406 vestra
1626 3365 1717 3418 pa-

147 3450 327 3504 tientia
371 3449 571 3503 factum
618 3448 672 3501 in
701 3445 877 3501 Nicaea
917 3445 1135 3500 civitate
1176 3443 1488 3506 concilium,
1526 3441 1613 3496 cui
1662 3450 1719 3494 et

142 3552 235 3607 ego
258 3539 372 3608 ipse
400 3537 744 3593 conscientia:
773 3550 907 3590 meae
930 3535 1132 3589 cultum
1163 3533 1413 3588 decenter
1438 3530 1711 3584 exhibui.»

140 3626 202 3681 Et
231 3629 365 3681 item
395 3629 448 3682 in
478 3628 663 3681 eadem
695 3624 930 3680 Historia
961 3623 1219 3691 scriptum
1244 3629 1369 3675 est:
1404 3639 1422 3670 ι
1471 3618 1719 3689 Synodus

137 3717 415 3785 corrigere
444 3715 626 3768 volens
649 3715 926 3767 hominum
948 3713 1113 3765 vitam
1141 3711 1267 3765 etin
1298 3708 1534 3762 Ecclesia
1563 3722 1716 3760 eom-

135 3805 492 3867 morantium,
519 3805 697 3873 posuit
720 3804 863 3872 leges
892 3816 1026 3871 quas
1050 3815 1285 3855 canones
1315 3798 1660 3867 appellamus.
1696 3817 1715 3848 ι

137 3893 202 3948 Et
229 3894 475 3948 decimus
518 3892 756 3947 historia:
791 3890 1167 3947 ecclesiasticae
1207 3888 1340 3943 liber
1391 3887 1597 3951 liuiini,
1629 3890 1718 3957 qui

142 3986 193 4039 in
221 3984 467 4054 catalogo
487 3984 791 4054 apostoliem
829 3984 972 4038 sedis
1013 3982 1151 4035 inter
1192 3978 1528 4048 recipiendos
1556 3978 1721 4034 libros

148 4073 487 4138 describitur,
515 4082 697 4142 aperte
729 4072 983 4135 ostendit,
1006 4079 1126 4140 post
1149 4069 1543 4124 confessionem
1570 4068 1718 4134 fidei,

149 4162 332 4233 viginti
383 4161 490 4217 duo
549 4170 755 4216 tantum
803 4159 1037 4230 capitula
1099 4173 1366 4214 canonum
1418 4158 1477 4211 in
1529 4158 1718 4212 eodem

152 4252 395 4319 concilio,
423 4254 565 4309 etde
609 4252 857 4307 Paschali
902 4251 1240 4306 solemnitate
1279 4249 1445 4305 fuisse
1480 4250 1718 4305 decreta.

156 4340 261 4396 Duo
287 4351 489 4407 autem,
523 4356 642 4411 qua:
665 4356 827 4411 super
864 4340 1051 4410 viginti
1094 4347 1220 4394 sunt
1246 4338 1355 4394 illic
1400 4339 1716 4394 constituta.

157 4434 207 4487 in
243 4436 426 4506 viginti
461 4435 578 4490 aliis
599 4433 845 4504 capitulis
866 4433 1005 4502 apud
1025 4447 1124 4487 nos
1155 4431 1423 4491 habentur
1444 4430 1717 4495 conclusa,

159 4520 303 4577 Unde
329 4532 386 4578 et
411 4524 464 4577 in
491 4523 679 4578 eodem
720 4521 859 4575 libro
889 4521 962 4574 ita
988 4519 1247 4589 scriptum
1281 4519 1510 4573 habetur
1537 4535 1547 4570 :
1587 4534 1605 4567 ‹
1641 4516 1718 4569 De

160 4612 372 4683 singulis
430 4614 727 4683 quibusque
805 4608 1183 4664 ecclesiasticis
1246 4606 1715 4662 observationibus
1752 4584 1798 4641 Ι)

162 4714 296 4757 certa
324 4712 518 4760 statuta
548 4703 848 4773 ligentihns,
877 4700 1164 4756 concilium
1191 4700 1516 4769 diremptura
1542 4705 1656 4764 est;
1692 4717 1709 4748 ι

163 4804 212 4848 et
251 4805 368 4865 post
414 4796 640 4866 capitula
690 4810 757 4849 ex
806 4792 994 4846 ordine
1034 4799 1088 4844 et
1129 4804 1348 4844 numero
1378 4788 1712 4843 constituta:

164 4883 318 4954 Igitur
361 4901 480 4940 cum
514 4885 708 4949 dehis,
756 4878 947 4951 inquit,
987 4886 1147 4949 prout
1191 4879 1495 4934 divinarum
1543 4876 1715 4947 legum

169 4980 447 5033 reverentia
471 4984 783 5048 poposcerat
807 4973 1187 5035 decrevissent,
1231 4971 1324 5026 sed
1360 4978 1415 5025 et
1440 4969 1509 5024 de
1530 4969 1718 5024 obser-

171 5070 366 5124 vatione
393 5069 613 5124 Paschte
637 5068 910 5135 antiquum
940 5076 1220 5127 canonem,
1253 5076 1350 5133 per
1370 5075 1532 5130 quem
1577 5060 1720 5114 nulla

172 5158 229 5212 de
263 5161 462 5230 reliquo
492 5159 725 5213 varietas
773 5157 1024 5218 oriretur,
1055 5153 1301 5209 ecclesiis
1350 5151 1721 5216 tradidissent,

173 5251 402 5305 omnibus
424 5253 523 5305 rite
548 5247 839 5317 dispositis,
886 5243 1238 5299 ecclesiarum
1277 5257 1380 5313 pax
1418 5248 1476 5295 et
1503 5238 1635 5295 ﬁdes
1669 5243 1725 5294 in

177 5335 209 5352 Α

1816 3328 2079 3406 scriptum
2138 3334 2366 3388 habetur
2418 3332 2600 3403 regula
2657 3332 3001 3401 nonagesimo
3057 3334 3266 3401 quinta,
3323 3336 3390 3388 de

1817 3437 2042 3483 vacante
2085 3416 2375 3497 episcopo;
2407 3434 2462 3479 et
2488 3424 2648 3495 paulo
2684 3433 2799 3493 post
2829 3424 3087 3479 Leontius
3113 3440 3177 3480 ex
3202 3426 3389 3480 eodem

1817 3518 2001 3574 codice
2052 3517 2179 3586 legit
2222 3515 2460 3585 regulam
2498 3514 2897 3585 nonagesimum
2926 3526 3157 3580 sextam,
3192 3516 3266 3572 De
3310 3518 3396 3573 his

1818 3608 1910 3677 qui
1951 3607 2018 3660 ad
2064 3606 2431 3675 episcOpatutn
2481 3606 2653 3659 vocati
2700 3605 2918 3659 evitant.
2963 3605 3109 3671 Quas
3148 3608 3393 3677 regulas,

1820 3697 2217 3753 connumeratis
2242 3712 2273 3749 a
2325 3696 2503 3764 capite
2545 3694 2730 3764 viginti
2762 3694 3008 3762 capitulis
3035 3694 3232 3750 Nicmni
3261 3713 3391 3751 con-

1821 3789 1954 3850 cilii,
1994 3789 2038 3843 si
2081 3789 2202 3856 quis
2248 3802 2346 3857 per
2388 3785 2596 3855 singula
2642 3786 3023 3854 consequentia
3066 3786 3294 3841 concilia
3326 3803 3390 3843 ex

1821 3880 2011 3936 ordine
2053 3879 2458 3943 numeraverit,
2512 3877 2565 3930 in
2607 3877 2941 3933 Antiocheno
2990 3878 3219 3934 concilio
3274 3879 3393 3935 loca

1820 3970 2164 4044 praefatorum
2202 3962 2547 4025 numerorum
2582 3977 2763 4023 tenere
2810 3968 3062 4024 inveniet.
3104 3968 3258 4025 Unde
3281 3986 3394 4025 ma-

1821 4063 2073 4118 nifestum
2100 4073 2200 4129 est,
2225 4077 2332 4116 non
2371 4060 2473 4115 nisi
2506 4067 2712 4114 tantum
2751 4060 2939 4129 viginti
2978 4077 3097 4130 qua:
3132 4062 3393 4118 habemus

1820 4153 2052 4223 capitula
2082 4152 2245 4208 fuisse
2277 4152 2328 4205 in
2360 4150 2574 4204 Nicaeno
2602 4149 2829 4204 concilio
2853 4150 3164 4205 constituta.
3194 4148 3393 4206 Verum

1819 4242 2335 4312 etlongissimarum
2362 4247 2581 4294 aetatum
2632 4254 2697 4293 ex
2733 4240 2951 4308 antiqua
3006 4240 3394 4295 consuetudine

1820 4335 2027 4405 prolixa
2054 4342 2315 4402 tempora,
2343 4347 2440 4401 per
2466 4346 2586 4400 quea
2614 4330 2781 4400 ipsius
2809 4330 3018 4384 concilii
3047 4332 3162 4389 haec
3190 4339 3395 4385 tantum

1820 4427 2010 4498 viginti
2034 4425 2265 4495 capitula
2301 4425 2450 4479 fuere
2479 4433 2751 4492 suscepta,
2776 4423 2953 4479 verbis
2979 4423 3188 4493 praefati
3221 4426 3394 4481 histo-

1823 4516 2093 4587 riographi
2133 4513 2538 4569 indubitabilem
2564 4513 2767 4568 faciunt
2796 4514 2973 4569 (idem.

2390 4649 2618 4706 CAPUT
2670 4649 2833 4705 XXII.
2874 4675 2878 4679 ι

1821 4771 1900 4825 De
1924 4759 2417 4839 quattto_r_cnpi{uiis
2457 4760 2684 4839 a‘bento
2705 4758 2953 4832 Gregorio
2989 4762 3043 4816 in
3065 4758 3301 4839 _epistola
3337 4758 3406 4813 ad

2105 4830 2453 4887 Tlteoctistam
2486 4829 2771 4885 Patricium
2806 4829 3129 4887 memoratis.

1890 4969 2007 5035 Sed
2052 4975 2108 5021 et
2155 4960 2299 5032 quod
2331 4962 2398 5018 de
2449 4959 2832 5028 anathemate,
2891 4976 2956 5017 ex
3010 4952 3194 5009 verbis
3243 4954 3421 5007 sancti

1826 5057 2073 5129 Gregorii
2125 5055 2193 5110 ad
2232 5050 2600 5109 Thesctistam
2637 5050 2961 5113 Palriciam,
3004 5046 3062 5099 in
3110 5041 3425 5129 supra-dicta

1828 5125 2205 5218 corripilationc
2230 5148 2319 5195 tua
2343 5137 2635 5213 improprie
2660 5140 2910 5206 posuisti,
2934 5137 3075 5190 bene
3101 5132 3157 5179 et
3185 5125 3430 5180 rationa—

1827 5216 2006 5295 biliter
2028 5236 2166 5293 dicta
2192 5229 2573 5298 maleintelligi
2604 5228 2968 5294 tradidisti,et
2996 5232 3105 5274 non
3128 5216 3434 5269 secundum

1829 5331 1973 5358 HI...“
2002 5335 2218 5358 οηηεηω
2268 5338 2426 5352 ,ιη-Α...
2451 5326 2641 5352 Ιιηαοηα
2670 5315 2967 5352 archani-inc
2997 5301 3131 5352 "IIII!
3157 5300 3211 5352 in
3236 5305 3433 5352 eadem
