3948 5376
501 376 603 432 367

502 509 565 548 ex
591 488 872 545 amborum
897 492 1163 538 consensu
1186 470 1435 540 coniugia
1457 461 1797 522 dissocianda
1815 459 2086 518 dicebant,

503 577 909 638 contradicente
940 570 1205 626 Domino:
1241 562 1394 631 Quod
1437 560 1577 614 Deus
1618 553 1888 624 conjunxit
1932 549 2087 602 homo

506 689 610 727 non
637 676 838 738 separet
861 660 1075 734 (Matth.
1101 655 1238 727 XIX).
1262 653 1419 708 Aliud
1441 664 1571 704 vero
1593 689 1606 712 ,
1631 645 1774 716 quod
1821 638 2091 710 baptisma

506 774 725 835 peccata
759 756 974 827 penitus
1018 766 1124 805 non
1157 746 1416 809 auferret,
1449 757 1569 797 cum
1613 736 1871 792 Dominus
1901 731 2045 785 dicat
2073 742 2088 779 :

508 821 611 918 Qui
652 821 789 902 lotus
814 853 908 909 est,
944 859 1047 897 non
1089 840 1283 909 indiget
1316 833 1416 890 nisi
1460 843 1512 886 ut
1545 831 1696 900 pedes
1725 827 1876 889 lauet,
1902 821 1991 876 sed
2021 825 2093 872 est

508 941 736 996 mundus
755 947 890 990 totus
907 934 1089 1006 (Joan.
1115 929 1260 1000 xm).
1278 925 1517 981 Tertium
1535 935 1684 986 vero,
1700 917 1824 989 quia
1848 914 1893 969 si
1917 913 1982 968 de
1996 910 2098 966 ini-

513 1030 809 1103 quitatibus
832 1027 941 1082 suis
964 1025 1086 1094 quis
1106 1017 1479 1092 paenitentiam
1505 1015 1556 1067 in
1577 1009 1866 1066 triennium
1890 1008 2094 1073 ageret,

512 1124 854 1196 postmodum
884 1131 1138 1190 perverse
1167 1114 1348 1168 vivere
1378 1109 1426 1164 ei
1451 1107 1672 1168 liceret,
1691 1117 1813 1157 cum
1840 1097 2098 1166 scriptum

513 1220 614 1274 sit:
634 1216 738 1283 Qui
763 1213 1098 1283 baptizatura
1122 1214 1346 1265 mortuo,
1367 1210 1414 1254 et
1427 1201 1612 1253 iterum
1633 1193 1796 1263 tangit
1813 1205 1953 1252 eum,
1975 1186 2101 1258 quid

514 1309 716 1380 proﬁcit
748 1304 940 1359 lavatio
978 1301 1132 1371 ejus?
1167 1294 1356 1368 (Eccli.
1391 1288 1600 1360 xxxiv.)
1641 1284 1952 1355 Baptizatur
1976 1292 2105 1348 ergo

515 1416 546 1454 a
571 1406 802 1461 mortuo,
829 1404 882 1448 et
910 1393 1106 1446 iterum
1133 1385 1304 1457 tangit
1329 1397 1473 1446 eum,
1506 1379 1596 1449 qui
1620 1391 1782 1448 prava
1804 1385 1966 1443 opera
1987 1383 2106 1438 quae

516 1507 574 1547 se
601 1489 774 1560 egisse
825 1483 1069 1538 meminit
1113 1479 1375 1549 deplorat,
1430 1471 1523 1528 sed
1568 1469 1770 1524 eisdem
1814 1479 1872 1518 se
1910 1462 2108 1516 iterum

516 1590 638 1652 post
671 1580 942 1649 lacrymas
977 1571 1238 1642 implicat.
1257 1567 1522 1634 Quartum
1550 1575 1678 1615 vero
1700 1564 1802 1620 est,
1826 1553 1970 1623 quod
2001 1565 2108 1604 non

518 1693 618 1732 suo
645 1690 804 1732 sensu
831 1669 1080 1741 posuisti,
1112 1665 1238 1736 quia
1260 1663 1303 1716 si
1333 1655 1595 1728 compulsi
1623 1651 1810 1720 aliqui,
1828 1648 1893 1701 de
1919 1645 2113 1716 quibus

519 1765 1056 1843 reprehendebantur
1094 1766 1282 1814 contra
1309 1750 1630 1809 catholicam
1661 1743 1897 1798 sensisse
1927 1735 2116 1792 Eccle-

527 1865 686 1926 siam,
721 1853 1183 1914 anathematizare
1223 1862 1281 1902 se
1317 1845 1577 1902 dicerent,
1609 1829 1969 1890 anathematis
1991 1826 2110 1879 vin-

526 1955 652 2010 culo
700 1951 848 2006 nullo
898 1944 1056 2001 modo
1104 1937 1297 1996 teneri.
1349 1935 1424 1988 De
1469 1930 1665 2000 quibus
1717 1932 1936 1979 sanctus
1985 1915 2116 1970 dicit

524 2041 857 2114 Gregorius:
899 2055 917 2087 ‹
957 2033 1093 2102 Quia
1134 2029 1236 2099 ipsi
1280 2023 1383 2082 sibi
1423 2029 1587 2076 testes
1628 2023 1753 2072 sunt
1791 2012 1919 2082 quia
1955 2007 2116 2064 Chri—

528 2133 691 2192 stiani
723 2147 828 2186 non
855 2135 980 2183 sunt
1005 2143 1018 2178 :
1042 2120 1295 2194 quoniam
1327 2116 1615 2186 ligamenta
1640 2117 1842 2163 sancta:
1863 2097 2120 2158 Ecclesiae

529 2225 683 2280 vanis
712 2236 770 2277 se
798 2193 1068 2276 aestimant
1096 2210 1381 2268 conatibus
1407 2203 1618 2260 solvere
1675 2213 1739 2252 ac
1763 2211 1858 2266 per
1886 2193 1990 2247 hoc
2021 2202 2122 2243 nec

533 2315 925 2373 absolutionem
952 2316 1153 2366 sanctae
1174 2300 1430 2358 Ecclesia:
1445 2309 1606 2368 quam
1627 2294 1846 2363 prmstat
1876 2281 2124 2338 ﬁdelibus

531 2424 713 2466 veram
730 2413 939 2477 putant,
957 2402 1002 2456 si
1023 2399 1308 2470 ligaturam
1324 2391 1440 2459 ejus
1457 2386 1638 2441 valere
1656 2397 1764 2436 non
1781 2377 2072 2432 aestimant.
2099 2388 2118 2420 υ

533 2503 691 2561 Unde
719 2502 772 2555 in
802 2493 1227 2553 orthodoxorum
1256 2481 1475 2552 scriptis
1504 2477 1752 2547 legimus,
1784 2485 1852 2525 ex
1879 2465 2009 2536 ipsis
2033 2459 2126 2531 qui

533 2598 589 2654 in
617 2593 834 2648 Nicaana
888 2593 1074 2641 sancta
1108 2577 1313 2652 synodo
1348 2574 1746 2629 convenerunt,
1785 2569 1842 2616 et
1870 2555 2129 2626 exposita:

541 2650 611 2741 ab
641 2699 704 2739 ea
756 2678 881 2734 ﬁdei
920 2650 1222 2730 diﬁinitioni
1252 2666 1335 2721 vel
1378 2659 1622 2735 symbolo
1669 2650 2127 2718 subscripserunt,

545 2785 602 2833 et
627 2775 694 2830 ab
721 2771 907 2828 eadem
947 2760 1338 2830 subscriptione
1368 2750 1826 2824 apostataverunt,
1853 2747 1908 2794 et
1937 2737 2130 2790 iterum

543 2884 641 2940 per
718 2860 1039 2921 catholicam
1125 2826 1572 2918 subscriptionem
1644 2837 1713 2892 ad
1775 2826 2135 2887 universalem

545 2957 844 3016 Ecclesiam
909 2947 1222 3006 redierunt,
1279 2938 1538 3011 quosdam
1597 2930 1763 2985 fuisse
1818 2926 2134 2989 susceptos,

543 3052 686 3106 sicut
715 3047 851 3103 etin
877 3042 998 3098 aliis
1043 3036 1294 3108 synodis,
1339 3039 1392 3084 et
1419 3029 1471 3082 in
1513 3020 1756 3096 epistolis
1795 3012 2010 3076 Leonis,
2059 3015 2139 3061 at-

552 3157 659 3214 que
691 3125 940 3208 Gregorii
981 3105 1229 3204 legimus.
1260 3123 1487 3202 Constat
1513 3116 1698 3184 igitur,
1730 3109 1853 3179 quia
1882 3119 1988 3158 non
2014 3105 2140 3155 sunt

551 3233 851 3302 tigamenta
882 3224 967 3279 vel
995 3220 1288 3278 solutiones
1325 3200 1526 3268 sancta:
1551 3201 1826 3261 Ecclesia,
1865 3208 1985 3264 quae
2013 3206 2076 3245 co

549 3283 632 3376 tr:
671 3327 916 3374 sanctam
955 3310 1252 3367 Ecclesiam
1304 3304 1456 3362 ﬁunt,
1489 3295 1573 3351 vel
1606 3307 1726 3362 quae
1767 3285 1944 3341 abhis
1980 3283 2135 3344 ﬁunt,

549 3410 641 3481 qui
683 3416 872 3464 contra
919 3403 1169 3474 dogmata
1199 3393 1485 3452 catholicte
1531 3381 1790 3441 Ecclesiae
1821 3374 2139 3433 sentientes,

555 3461 641 3481 1'"
692 3461 734 3464 "
993 3461 1021 3474 υ

551 3499 821 3558 contraria
865 3495 965 3567 ipsi
1014 3499 1216 3548 sanctas:
1261 3481 1517 3540 Ecclesiae
1561 3477 1728 3546 ligant
1769 3467 1855 3522 vel
1905 3461 2139 3519 solvunt.

553 3589 754 3648 Sancta
780 3558 978 3659 quippe
1007 3578 1246 3637 Ecclesia
1295 3573 1464 3630 dicit:
1502 3585 1520 3618 ‹
1552 3564 1666 3619 Non
1717 3558 1830 3615 sedi
1865 3569 1986 3609 cum
2019 3565 2146 3605 con-

554 3682 680 3738 cilio
702 3677 981 3740 vanitatis,
1007 3681 1199 3728 etcum
1221 3665 1403 3735 iniqua
1419 3654 1734 3730 gerentibus
1755 3664 1858 3705 non
1888 3642 2142 3700 introibo.

555 3773 709 3829 0divi
749 3767 1034 3827 ecclesiam
1086 3755 1517 3829 malignantium,
1563 3755 1617 3803 et
1660 3757 1784 3800 cum
1833 3736 2012 3807 impiis
2042 3746 2145 3786 non

557 3861 774 3918 sedebo.
831 3854 1040 3909 Lavabo
1071 3836 1207 3903 inter
1233 3848 1529 3898 innocentes
1575 3848 1762 3888 manus
1805 3842 1946 3882 meas
1973 3818 2145 3892 (Psal.

561 3910 715 4014 xxv:
854 3965 871 3998 I
909 3941 1150 4009 Denique
1196 3933 1398 3988 eisdem
1449 3926 1627 3981 verbis
1676 3920 1815 3977 beati
1858 3910 2148 3981 Gregorii:

561 3999 974 4115 quibus/dicit:
1012 4047 1029 4080 ι
1059 3999 1119 4082 Si
1167 4025 1258 4095 qui
1306 4035 1435 4074 vero
1479 4023 1605 4071 sunt
1653 4012 1742 4080 qui
1795 4009 2000 4066 dicunt,
2028 3999 2152 4070 quia

580 4095 596 4115 ι

565 4127 879 4200 compulsus
900 4122 1172 4196 quispiam
1217 4111 1543 4170 necessitate
1572 4121 1630 4161 se
1660 4095 2154 4156 anathetnatizave-

569 4225 662 4290 rit,
711 4214 1074 4275 anathematis
1103 4207 1319 4266 vinculo
1357 4218 1464 4259 non
1513 4203 1745 4258 tenetur,
1778 4211 1796 4243 ι
1843 4185 2023 4243 verbis
2049 4182 2155 4238 tuis

566 4307 892 4383 imposuisti,
921 4303 1220 4360 immittens
1273 4303 1328 4350 ct
1357 4284 1794 4360 superadjiciens,
1843 4285 1937 4333 aut
1965 4283 2154 4330 contra

569 4376 784 4468 earqua‘.
832 4393 931 4452 sub
958 4389 1303 4446 anathemate
1333 4376 1599 4452 prohibita
1641 4379 1767 4428 sunt.
1795 4376 2152 4439 praesumpse-

569 4493 660 4547 rit.
683 4456 748 4545 ³ιιι
774 4504 838 4543 eo
863 4494 1042 4541 autem
1073 4482 1191 4536 loco
1215 4476 1306 4531 ubi
1346 4470 1483 4529 dixit.
1513 4488 1524 4523 :
1556 4487 1572 4518 ‹
1610 4465 1667 4521 Si
1692 4461 1782 4534 qui
1822 4466 1947 4515 sunt
1969 4456 2154 4527 igitur,

577 4583 668 4654 qui
719 4579 820 4636 sub
869 4575 1087 4631 nomine
1120 4567 1443 4629 Christiano,
1486 4562 1600 4618 haec
1647 4571 1766 4626 quae
1802 4548 2150 4625 prtediximus
2181 4555 2229 4614 υ

561 4687 817 4732 errorum
857 4663 1114 4736 capitula,
1149 4669 1241 4715 aut
1281 4655 1576 4728 prredicare
1620 4647 1838 4706 audent,
1868 4649 1959 4695 aut
2003 4635 2152 4691 taciti

577 4768 716 4840 apud
752 4759 1070 4830 semetipsos
1097 4725 1301 4816 tenere,
1333 4768 1350 4800 ι
1397 4739 1728 4802 detruncasti
1755 4745 1810 4792 et
1849 4725 2159 4805 pervertisti

577 4817 799 4916 dicens:
835 4874 851 4905 ι
887 4817 1061 4918 Siqui
1102 4851 1228 4900 sunt
1272 4839 1455 4910 igitur,
1488 4833 1578 4904 qui
1611 4829 1710 4885 sub
1743 4825 1958 4881 nomine
1998 4817 2158 4875 Chri-

577 4952 756 5006 stiano
804 4948 917 4999 haec
946 4947 1038 4994 aut
1077 4931 1374 5007 praedicare
1411 4925 1625 4984 audent,
1668 4934 1772 4973 non
1803 4916 2000 4970 timens
2039 4923 2162 4964 sen-

581 5041 806 5097 tentiam
838 5039 1041 5090 sanctaa
1067 5033 1235 5084 sextae
1262 5018 1452 5092 synodi
1504 5016 1558 5070 in
1586 5007 1901 5068 duodecima
1945 5002 2158 5057 actione

575 5133 842 5206 prolatam
870 5129 970 5181 hoc
1003 5122 1162 5178 modo
1195 5135 1208 5172 :
1245 5116 1608 5170 lnveteratum
1634 5101 1925 5158 Macarium
1965 5095 2019 5148 in
2059 5093 2162 5145 im-

1514 5201 1527 5206 “
1733 5193 1744 5205 ο
1949 5204 1958 5206 -
2005 5182 2129 5206 [πμ-ε

582 5182 632 5206 l",
651 5182 770 5187 """'
795 5182 806 5183 ί

582 5224 799 5299 pietatis
827 5215 1192 5292 dogmatibus,
1223 5221 1278 5264 et.
1318 5221 1423 5262 non
1454 5201 1623 5256 solum
1657 5193 1966 5248 universam
2005 5182 2162 5239 Chri-

1161 5316 1236 5324 --A
1293 5311 1408 5324 unum

1459 347 1794 408 HINCMARI
1834 337 2228 400 RHEMENSIS
2265 326 2786 390 AIICIIIEPISCOPI

2120 456 2168 512 A
2197 458 2310 504 tum
2342 445 2641 516 principem
2668 454 2764 512 per
2793 436 2972 493 oblata
3019 432 3086 488 ab
3125 445 3189 489 eo
3228 427 3434 486 codicis
3457 440 3470 480 :
3492 426 3573 482 sed
3611 436 3652 481 ct
3682 441 3701 478 ι

1450 5295 1586 5324 Imm.
1630 5303 1656 5324 α
1708 5284 1815 5324 non
1844 5287 2168 5324 conservan-

3626 312 3701 370 368

2191 541 2322 597 solis
2361 546 2482 593 ortu
2525 547 2696 603 usque
2738 532 2805 584 ad
2851 541 3126 590 occasum,
3153 538 3251 594 per
3295 520 3496 576 litteras
3521 533 3641 582 suas,
3667 528 3703 572 et

2193 650 2288 706 per
2311 631 2556 686 homines
2577 639 2713 694 quos
2749 618 3014 681 mittebat,
3047 617 3329 670 universos
3351 610 3700 680 perturbantem,

2194 694 2296 778 eta
2326 719 2428 774 lide
2463 730 2588 770 vera
2619 717 3014 780 segregantem,
3043 715 3097 760 et
3117 705 3261 773 juste
3291 712 3447 770 atque
3481 694 3705 753 rationali

2197 812 2320 866 liter
2353 824 2383 862 a
2427 801 2723 876 pontilicali
2763 798 2944 854 habitu
2987 794 3338 856 denudatum,
3367 788 3633 844 nullatenus
3653 788 3704 841 di-

2201 897 2320 954 vina
2370 892 2550 966 regula
2613 892 2677 946 de
2729 895 2928 943 caetero
2988 881 3214 951 suscipit
3257 880 3310 934 in
3369 874 3586 932 doctoris
3618 878 3704 930 sede

2202 988 2462 1050 residere,
2509 999 2577 1038 ne
2621 997 2689 1036 ex
2741 979 2844 1034 hoc
2882 973 3113 1046 propriae
3151 986 3263 1026 sine
3301 969 3554 1024 bmreseos
3591 967 3706 1021 multo

2196 1079 2306 1149 jam
2333 1075 2715 1132 recrudescere
2745 1067 2907 1123 faciat
2931 1061 3360 1133 intelligentiam,
3385 1069 3437 1112 et
3459 1057 3589 1119 ﬁant,
3603 1056 3705 1123 juxta

2203 1171 2345 1243 quod
2367 1169 2627 1238 scriptum
2651 1171 2754 1224 est,
2778 1157 3069 1216 novissima
3097 1153 3242 1208 illius
3264 1149 3490 1206 hominis
3509 1149 3707 1204 deteriora

2203 1262 2496 1334 prioribus.
2544 1277 2561 1308 ι
2622 1255 2690 1309 Et
2747 1246 3088 1305 Macedonius
3156 1238 3710 1307 Gonstantinopolitanus

2207 1355 2508 1425 episcopus,
2562 1355 2620 1400 ut
2664 1358 2824 1413 supra
2852 1339 2984 1403 dixi,
3028 1337 3095 1390 ab
3143 1335 3463 1403 imperatore
3499 1318 3710 1383 Anastasio

2207 1420 2404 1517 legitur
2451 1437 2728 1507 expulsus,
2772 1431 3026 1502 quoniam
3075 1423 3367 1494 Evangelia
3408 1420 3644 1479 l‘als:tsset,
3677 1427 3709 1471 et

2212 1510 2446 1594 maxime
2493 1530 2621 1586 illud
2662 1524 2902 1598 Apostoli
2951 1521 3151 1576 dictum
3191 1536 3205 1571 :
3245 1515 3396 1582 Quod
3447 1511 3645 1582 apparuit
3678 1510 3710 1560 in

2214 1642 2390 1687 carne,
2417 1620 2770 1694 justi/iculum
2807 1623 2881 1668 est
2908 1613 2963 1666 in
2985 1609 3169 1682 spiritu
3195 1606 3248 1677 (Ι
3285 1604 3417 1659 Tim.
3440 1606 3542 1671 In);
3568 1610 3610 1655 et
3629 1614 3708 1670 per-

2214 1693 2462 1777 vertisse,
2502 1718 2560 1763 ut
2596 1707 2883 1778 legeretur,
2937 1712 2988 1755 ut
3029 1709 3156 1754 esset
3199 1696 3362 1759 Deus,
3409 1693 3614 1761 apparuit
3653 1704 3712 1758 per

2144 1819 2189 1878 Β
2217 1820 2446 1861 carnem.
2477 1799 2677 1868 Quales
2701 1793 2974 1864 redarguit
3000 1789 3196 1844 Paulus
3229 1783 3515 1858 apostolus,
3541 1781 3595 1835 de
3620 1795 3661 1833 se
3678 1787 3712 1831 et

2221 1897 2333 1952 suis
2377 1894 2540 1950 sociis
2581 1890 2803 1944 dicens:
2836 1883 2959 1939 Non
2997 1883 3133 1938 enim
3177 1894 3381 1941 sumus,
3424 1874 3591 1943 inquit,
3625 1871 3711 1922 sicut

2219 1985 2433 2060 plurimi
2461 1981 2817 2038 adulterantes
2860 1975 3067 2031 verbum
3104 1972 3196 2026 Dei
3220 1970 3273 2041 (1
3282 1969 3307 2022 ι
3333 1967 3450 2022 Cor.
3474 1965 3544 2025 ni.
3573 1983 3588 2014 ι
3607 1960 3710 2015 Adul-

2225 2087 2403 2134 terare
2426 2084 2531 2138 est,
2563 2071 2736 2142 inquit
2767 2071 2954 2124 beatus
2978 2062 3298 2134 Gregorius,
3326 2059 3530 2113 verbum
3551 2053 3638 2111 Dei.
3656 2059 3712 2103 aut

2224 2170 2380 2224 aliter
2413 2165 2615 2221 sentire
2643 2175 2802 2231 quam
2831 2159 2896 2213 de
2927 2157 3016 2210 illo
3042 2163 3148 2220 est,
3190 2161 3287 2205 aut
3317 2165 3381 2204 ev
3418 2164 3478 2203 eo
3504 2161 3588 2200 non
3613 2141 3712 2210 spiri-

2229 2263 2360 2318 tales
2402 2260 2628 2321 l'ructus,
2661 2257 2756 2308 sed
2808 2249 3138 2306 adulterinos
3168 2245 3314 2299 fetus
3357 2252 3574 2312 quau-ere
3601 2231 3713 2287 laudis

2227 2358 2495 2412 humanm.
2532 2371 2549 2402 ι
2580 2348 2731 2405 Unde
2780 2344 3024 2400 Gelasius
3054 2339 3118 2394 ad
3161 2339 3442 2408 episcopos
3467 2348 3550 2404 per
3582 2327 3707 2382 Dante

2230 2448 2374 2503 niam
2409 2442 2732 2512 constitutos
2754 2479 2768 2504 ,
2800 2438 2852 2490 in
2881 2433 3112 2490 decretis
3136 2429 3254 2484 suis
3285 2421 3640 2495 scripsit(episl.
3660 2414 3711 2475 ll,

2232 2539 2284 2593 in
2310 2533 2636 2606 principio):
2673 2551 2688 2580 ι
2719 2529 2853 2595 Quia
2886 2522 3118 2592 majores
3153 2518 3328 2574 nostri
3353 2513 3614 2570 necessario
3631 2521 3713 2577 pre-

2233 2637 2514 2692 caverunt,
2547 2637 2604 2680 ut
2644 2631 2832 2679 contra
2884 2625 3326 2686 unamquamque
3375 2605 3605 2665 haeresim,
3625 2595 3714 2669 quod

2235 2733 2354 2778 acta
2392 2719 2557 2775 semel
2599 2715 2840 2787 synodus
2866 2726 2965 2782 pro
2995 2709 3121 2772 ﬁde,
3159 2703 3542 2762 communione,
3565 2689 3714 2750 etveri-

2239 2822 2348 2867 tate
2390 2807 2658 2865 catholica
2703 2813 2866 2872 atque
2911 2796 3204 2870 apostolica
3255 2791 3625 2864 promulgasset,
3651 2794 3714 2834 non

2237 2905 2477 2960 sinerent
2507 2898 2656 2952 novis
2679 2902 2800 2966 post
2828 2893 2942 2946 lucc
2971 2883 3443 2943 retractationibns
3463 2872 3661 2934 mutilari,
3678 2881 3716 2921 ne

2238 2994 2422 3067 pravis
2462 2988 2676 3046 occasio
2719 2984 3050 3056 praeberetur
3093 2992 3213 3048 qua:
3267 2967 3614 3030 medicinaliter
3646 2959 3716 3011 lue-

2243 3093 2365 3139 rant
2399 3088 2600 3136 statuta
2646 3051 2890 3146 pulsandi
2922 3091 2934 3126 :
2967 3070 3060 3125 sel
3105 3074 3333 3122 auctore
3358 3058 3604 3129 cujuslibet
3625 3051 3717 3105 insa-

2080 3205 2138 3243 η-
2167 3177 2212 3239 C
2245 3178 2366 3236 nite,
2393 3187 2456 3226 ac
2478 3169 2680 3241 pariter
2701 3179 2890 3220 errore
2919 3162 3189 3220 damnato,
3217 3154 3460 3210 suﬁicerc
3483 3145 3716 3218 judicarunt,

2245 3273 2300 3318 ut
2325 3259 2570 3332 quisquis
2617 3251 2904 3324 aliquando
2947 3246 3108 3316 hujus
3145 3244 3354 3298 erroris
3389 3232 3716 3295 communicatur

2243 3358 2522 3417 existeret,
2545 3346 2827 3422 principali
2855 3340 3122 3399 sententia
3145 3331 3502 3393 damnationis
3524 3325 3613 3393 ejus
3633 3323 3721 3373 esset

2244 3407 2563 3507 obstrictus:
2605 3407 2859 3510 quoniam
2909 3430 3194 3489 manifeste
3238 3425 3459 3497 quilibet
3483 3417 3553 3472 vel
3584 3407 3718 3484 proles-

2246 3539 2398 3593 sione
2429 3550 2526 3588 sua
2552 3529 2637 3584 vel
2665 3523 3046 3585 communione
3072 3526 3254 3590 posset
3281 3511 3509 3585 agnospi.
3537 3527 3552 3557 ι
3581 3503 3628 3556 Et
3650 3501 3720 3593 post

2249 3628 2522 3697 aliquanta
2553 3641 2565 3676 :
2597 3639 2617 3672 ι
2647 3617 2912 3686 Quoniam
2959 3613 3100 3667 idem
3142 3610 3256 3678 ipse
3302 3580 3468 3665 error,
3512 3594 3585 3666 qui
3619 3580 3722 3643 semel

3429 3693 3439 3697 -
3477 3691 3486 3697 .
3629 3677 3721 3697 -.ιω

2249 3730 2334 3776 est
2357 3733 2479 3773 cum
2504 3728 2603 3770 suo
2631 3717 2854 3765 auctore
2884 3677 3187 3763 damnatus,
3224 3699 3278 3752 in
3308 3691 3548 3766 participe
3569 3677 3724 3751 (ιυοῑὶινα

2252 3824 2430 3882 pravae
2453 3799 2845 3862 communionis
2876 3794 3065 3851 eﬂecto
3097 3786 3508 3848 exsecrationem
3534 3773 3598 3829 sui
3617 3768 3724 3838 585m

3194 3880 3203 3882 λ
3324 3880 3330 3882 -
3379 3874 3408 3882 ι-
3559 3864 3585 3882 οε
3621 3853 3721 3882 ..ι-Ιώ

2253 3853 2307 3956 ξι
2337 3912 2570 3970 poenam.
2607 3914 2625 3946 ι
2670 3893 2797 3946 llzec
2840 3889 3024 3960 igitur,
3055 3883 3147 3953 qui
3193 3880 3335 3934 beati
3372 3864 3587 3940 Gregorii
3621 3853 3724 3956 verba

2256 3946 2307 3956 ν*
2337 3946 2566 3970 ι’ν---η---ν
2860 3946 2891 3960 ν
3011 3946 3019 3949 ν
3074 3946 3091 3953 _

2256 3989 2648 4063 imposturasti,
2699 3983 2983 4040 attendens
3013 3991 3131 4047 quae
3181 3973 3371 4028 beatus
3405 3963 3522 4021 dicit
3544 3946 3723 4063 Gelasigst

2257 4033 2648 4063 ..ι-γυμνηηη
2699 4033 2975 4040 *ην-,πη
3031 4033 3045 4047 ι

2255 4096 2310 4141 et
2335 4093 2460 4139 ante
2487 4079 2672 4136 oculos
2701 4073 2898 4130 mentis
2940 4082 3164 4141 ponens,
3193 4063 3318 4134 quia
3343 4052 3579 4114 Macarius
3605 4033 3725 4096 eth

2257 4175 2515 4233 cedonius
2543 4170 2746 4226 idcirco
2790 4180 2818 4219 a
2850 4158 3174 4220 sacerdotio,
3217 4153 3382 4210 etiam
3412 4152 3524 4209 ante
3546 4131 3724 4233 humano5
3804 4123 3805 4126 “

2257 4267 2460 4329 oculos,
2486 4259 2689 4330 judicio
2718 4253 2959 4327 synodali
3004 4259 3059 4305 et
3093 4251 3360 4319 potestate
3397 4223 3629 4310 principali
3656 4215 3725 4310 lue-

2260 4367 2384 4416 runt
2408 4353 2620 4424 dejecti.
2669 4347 2910 4403 accelera
2959 4318 3272 4398 satisl'acere
3302 4325 3512 4390 terribili
3546 4323 3589 4375 in
3617 4318 3726 4367 6005"

2262 4453 2346 4506 liis
2369 4463 2529 4519 super
2554 4444 2692 4498 ﬁlios
2718 4438 3016 4495 hominum.

2818 4609 3043 4671 CAPUT
3082 4603 3268 4661 XXIII.

3402 4740 3563 4816 apituli
3589 4725 3727 4816 Clitis?

2271 4783 2423 4850 Quod
2458 4775 2742 4850 apostolica
2785 4771 2930 4850 sedes
2973 4773 3172 4846 partem
3211 4757 3332 4850 poni
3372 4769 3397 4806 c

3428 4794 3524 4872 iis
3547 4817 3650 4880 ρηρα
3675 4794 3728 4846 ἀι·

2340 4830 2580 4907 donetisis
2630 4861 2731 4899 non
2766 4830 3001 4909 recipiat,
3045 4837 3178 4890 sicut
3215 4830 3386 4883 beatus

2341 4928 2614 4977 monstrat.

2338 5073 2673 5137 Sententiam
2696 5067 2927 5136 denique
2955 5048 3401 5117 Chalcedonensis
3418 5024 3726 5137 concilii,

2339 5110 2673 5137 DClllCllqu-I
2697 5110 2926 5136 υν---Ὶ--ν
2961 5110 3112 5117 ..η-,η-
3129 5110 3140 5112 -
3163 5110 3170 5111 κ
3651 5110 3659 5121 ⁸

2266 5192 2373 5232 tua:
2403 5163 2766 5239 compilationi
2797 5153 3114 5229 apposuisti,
3139 5167 3168 5204 a
3195 5147 3498 5217 quocunque
3522 5113 3729 5239 θκροειζω

3317 5233 3356 5239 --
3446 5228 3455 5238 ο
3492 5212 3657 5239 ,1,..ἒηιις
3714 5215 3728 5226 ο

2272 5197 2373 5232 tua:
2403 5197 2766 5239 CUIllplluuuul
2797 5197 3114 5229 ..υνυς-...πη
3139 5197 3168 5204 ..
3199 5197 3322 5217 Tu,
3422 5197 3433 5206 _

2272 5268 2365 5324 (tui
2396 5258 2670 5318 adinvcnit
2698 5254 2765 5308 de
2790 5266 2854 5304 ea
2890 5247 3018 5318 quid
3047 5244 3246 5300 diceret
3275 5257 3288 5290 :
3317 5233 3385 5290 Ut
3418 5228 3460 5282 si
3481 5212 3657 5324 cleric"?
