3948 5376
190 351 298 407 569

965 347 1206 404 OPUSC.
1247 347 1332 402 ET
1367 345 1582 403 EPIST.
1626 346 1694 401 IN
1733 347 1960 404 CAUSA
2003 346 2330 404 HINCMAIH
2371 351 2674 407 LAUDUN.

3346 352 3452 409 370

182 463 462 533 politanm,
491 468 546 516 et
591 458 732 530 apud
765 459 940 530 ipsum
963 461 1250 530 judicetur,
1285 459 1426 530 quod
1457 470 1510 514 et
1550 461 1602 514 in
1633 460 1772 530 capi-
1801 465 1846 522 Λ
1876 459 2149 516 iuvenalis
2181 461 2466 532 episcopus
2509 464 2576 518 ad
2616 462 2967 518 obtinendum
2995 462 3296 521 Pala‘stinze
3330 484 3458 536 pro-

182 554 300 608 tulo
346 552 556 608 decimo
603 552 832 623 septimo
874 551 1265 622 recapitulavit.
1295 551 1438 620 Lege
1487 560 1635 620 gesta
1681 564 1769 620 sy-

183 645 310 699 nodi
342 643 817 708 Chalcedonensis,
849 653 904 698 et
932 643 1266 697 Breviarium
1311 644 1376 698 de
1414 643 1622 696 duabus
1659 642 1769 696 hae-

180 733 399 788 resibus
412 732 858 788 Nestorianorum
888 743 944 788 et
974 734 1458 805 Eutychianorum,
1482 733 1765 788 collectum

180 833 428 878 a.sanct0
464 824 719 879 Liberato
746 824 1127 879 archidiacono
1156 824 1406 879 Ecclesia?
1429 824 1770 892 Carthaginis

181 915 424 985 regionis
457 923 646 980 sexta),
676 915 767 969 sed
799 924 852 970 et
881 916 1135 985 epistolas
1163 916 1333 970 sancti
1369 915 1565 969 Leonis
1597 930 1764 985 papm,

181 1015 239 1059 et
267 1006 510 1060 invenies
547 1007 650 1061 hoc
677 1006 843 1076 ipsius
879 1008 1092 1063 concilii
1126 1023 1325 1062 nonum
1363 1007 1682 1076 capitulum,
1715 1007 1766 1060 in

183 1097 342 1166 cujus
388 1097 495 1154 ﬁne
526 1099 940 1154 dicitur:l‘etat
994 1101 1279 1170 primatem
1321 1101 1640 1164 dimceseos,
1678 1107 1772 1153 aut

182 1189 369 1242 sedem
426 1189 587 1259 regia:
631 1189 782 1244 urbis
835 1187 1473 1256 Constantinopolitanae,
1525 1198 1580 1244 et
1628 1190 1768 1258 apud

183 1278 360 1348 ipsum
376 1278 672 1346 judicetur,
700 1287 754 1334 et
798 1280 941 1350 quod
970 1281 1035 1334 de
1063 1280 1329 1335 divisione
1352 1280 1602 1335 dioecesis
1630 1280 1770 1334 inter

178 1371 586 1426 Antiochenum
615 1380 670 1426 et
691 1369 1234 1442 llierosolymitanum
1263 1372 1547 1441 episcopos
1575 1385 1771 1425 conve-

179 1463 286 1526 nit,
319 1463 388 1516 ab
416 1461 712 1532 apostolica
742 1461 868 1515 sedc
902 1477 1006 1516 non
1055 1460 1219 1516 fuisse
1248 1470 1482 1531 recepta.
1517 1460 1623 1516 Sed
1668 1475 1767 1516 nec

183 1553 319 1607 illud
346 1553 640 1622 capitulum
667 1551 1250 1622 Constantinopolitani
1290 1551 1524 1617 concilii,
1572 1552 1623 1605 in
1661 1567 1768 1622 quo

181 1647 425 1717 synodus
453 1646 567 1714 ipsa
591 1647 870 1701 constituit
896 1645 1284 1715 prmfercndam
1317 1645 1769 1717 ConstantinOpo-

180 1737 278 1791 lim
306 1737 558 1792 secundae
585 1746 640 1792 et
668 1737 839 1792 tertize
873 1739 1008 1804 sedi,
1045 1747 1098 1794 et
1122 1746 1241 1810 post
1264 1739 1564 1793 Romanum
1591 1739 1766 1808 ponti-

1872 550 2066 606 vincite
2109 552 2468 622 principatum
2513 553 2742 609 credidit
2787 569 2847 610 se
2886 569 3042 624 posse
3090 557 3357 622 sullicere,
3403 566 3460 612 et

1874 642 2167 698 insolentes
2211 660 2374 700 ausus
2409 661 2506 714 per
2541 645 2910 700 commentitia
2965 645 3165 716 scripta
3215 645 3450 700 lirmare.

1872 734 2025 803 Quod
2072 747 2273 793 sanctae
2317 739 2592 794 memoria:
2639 738 2871 810 Cyrillus
2897 737 3294 792 Alexandrinus
3343 736 3456 806 epi-

1872 841 2066 896 scopus
2095 829 2290 883 merito
2310 829 2746 897 perhorrescens,
2780 828 2997 898 scriptis
3027 827 3141 882 suis
3167 829 3295 882 mihi
3323 828 3454 898 quid

1871 919 2120 988 praedicti
2167 920 2434 990 cupiditas
2476 935 2608 975 ausa
2644 929 2788 976 esset
2834 921 3111 980 iudicavit,
3142 929 3196 974 et
3222 919 3450 975 sollicita

1874 1022 2036 1076 prece
2077 1007 2300 1063 multum
2343 1008 2608 1080 poposcit,
2651 1017 2710 1064 ut
2738 1009 2884 1064 nulla
2930 1009 3132 1064 illicitis
3170 1009 3454 1064 conatibus

1871 1098 2208 1168 praeberetur
2257 1101 2518 1156 assensio.
2580 1099 2721 1154 Nam
2769 1099 2922 1170 cujus
2963 1099 3202 1169 epistolte
3246 1099 3314 1153 ad
3357 1113 3454 1154 nos

1871 1188 2200 1258 exemplaria
2225 1189 2470 1245 direxisti
2499 1197 2700 1245 sancire
2729 1190 3002 1245 memoria
3024 1188 3228 1261 Cyrilli,
3254 1204 3373 1244 eam
3399 1191 3452 1244 in

1871 1285 2058 1334 nostro
2097 1279 2298 1335 scrinio
2339 1280 2656 1350 requisitam
2703 1295 2802 1335 nos
2841 1281 3206 1336 authenticam
3239 1280 3454 1336 noveris

1872 1369 2158 1438 reperisse.
2191 1368 2306 1425 Hoc
2333 1377 2510 1425 tamen
2537 1370 2812 1440 proprium
2837 1370 3168 1424 dilIinitionis
3194 1385 3327 1424 meae
3348 1378 3452 1435 est,

1871 1467 1930 1514 ut
1955 1460 2353 1529 quantumlibet
2391 1459 2621 1530 amplior
2663 1475 2922 1515 numerus
2969 1460 3312 1515 sacerdotum
3357 1457 3454 1512 ali-

1870 1549 1998 1620 quid
2027 1565 2123 1621 per
2157 1549 2514 1622 quorumdam
2562 1550 2961 1620 subreptionem
3008 1551 3284 1615 decernat,
3309 1551 3455 1620 quod

1871 1642 1977 1696 illis
2020 1632 2382 1698 trecentorum
2409 1641 2595 1697 decem
2627 1650 2681 1697 et
2707 1650 2831 1696 octo
2869 1642 3344 1696 constitutionibus
3370 1641 3453 1695 in-

1873 1731 2121 1786 veniatur
2146 1730 2452 1796 adversum,
2484 1730 2536 1786 id
2557 1729 2782 1799 iustitia:
2809 1731 3240 1786 consideratione
3270 1744 3455 1784 casse-

183 1828 345 1882 licem
385 1828 587 1884 habere
615 1830 926 1898 primatum,
967 1830 1109 1899 quod
1157 1843 1213 1884 et
1256 1846 1351 1900 per
1377 1829 1762 1900 pragmaticam
1797 1820 1840 1877 Β
1871 1829 1957 1875 tur
1980 1839 1994 1875 :
2017 1821 2276 1891 quoniam
2305 1821 2569 1876 universa:
2592 1822 2740 1892 pacis
2774 1821 3134 1892 tranquillitas
3163 1837 3267 1876 non
3293 1820 3453 1874 aliter

179 1917 420 1973 formam
454 1920 748 1990 imperialis
777 1921 1058 1990 potestatis
1098 1921 1352 1987 obtinuit,
1382 1929 1436 1975 et
1469 1921 1766 1976 Chalcedo-

181 2010 374 2065 nensis
405 2012 660 2080 synodus,
694 2011 746 2064 in
778 2013 1020 2066 absentia
1054 2011 1353 2083 legatorum
1383 2013 1526 2067 sedis
1546 2024 1761 2082 aposto-

180 2101 324 2165 lic:e,
372 2102 745 2158 conﬁrmando
790 2104 1108 2173 quibusdam
1150 2121 1255 2160 non
1303 2105 1766 2161 consentientibus

182 2192 490 2257 renovavit,
533 2202 586 2249 et
619 2201 755 2264 post,
804 2194 1223 2250 reclamantibus
1252 2197 1318 2250 de
1361 2212 1641 2251 sacrorum
1681 2212 1769 2250 ca-

182 2300 389 2340 nonum
453 2295 508 2340 et
572 2286 836 2356 privilegii
909 2287 1217 2356 apostolica:
1289 2302 1353 2342 ac
1424 2288 1610 2356 prima:
1681 2301 1766 2341 se-

179 2376 272 2431 dis
341 2375 534 2442 injuria
594 2384 647 2431 et
706 2378 1018 2447 praejudicio
1083 2377 1286 2432 eisdem
1355 2377 1547 2447 legatis
1600 2375 1768 2446 ipsius

178 2467 499 2536 apostolica:
551 2468 722 2532 sedis,
775 2469 1014 2539 synodus
1079 2468 1130 2521 in
1194 2469 1461 2523 sententia
1514 2483 1608 2523 sua
1672 2482 1770 2536 pa-

179 2557 491 2611 trocinante
538 2556 866 2626 imperatore
910 2559 1228 2626 permansit.
1281 2558 1402 2629 Egit
1439 2558 1581 2612 enim
1625 2556 1765 2610 Ana-

179 2647 353 2702 tolius
403 2657 531 2703 tunc
593 2649 1219 2720 Constantinopolitanus
1281 2651 1563 2721 episcopus
1626 2649 1768 2718 apud

175 2740 485 2808 syonodum
538 2738 722 2808 (Leo,
775 2758 855 2808 ep.
907 2739 976 2794 55
1045 2741 1114 2794 ad
1169 2739 1463 2808 Anatol.),
1524 2745 1580 2793 et
1632 2739 1769 2808 apud

175 2829 594 2898 imperatorem,
632 2840 788 2884 nacta
829 2831 1110 2886 occasione
1151 2831 1215 2885 de
1259 2831 1602 2885 damnatione
1645 2829 1768 2885 Dio-

174 2919 335 2973 scori
392 2921 638 2974 secunda:
687 2921 829 2974 sedis
885 2921 1263 2976 Alexandrina:
1342 2921 1617 2991 episcopi,
1669 2922 1769 2975 hac

175 3011 504 3076 calliditate,
532 3013 786 3081 quonia-u
818 3028 968 3068 mens
1001 3014 1252 3082 potentiae
1278 3014 1432 3068 avida
1465 3029 1565 3069 nec
1596 3012 1765 3068 absti-

95 3112 104 3120 '
174 3111 282 3156 net
307 3102 504 3168 vetitis,
534 3119 632 3158 nec
653 3103 848 3173 gaudet
870 3105 1156 3165 concessis,
1185 3113 1242 3157 ut
1265 3103 1390 3173 quia
1425 3104 1477 3158 in
1498 3101 1758 3158 Constan-

1866 1912 2065 1982 poterit
2086 1912 2364 1978 custodiri,
2390 1913 2494 1968 nisi
2530 1928 2624 1968 sua
2654 1913 2952 1968 canonibus
2984 1912 3286 1967 reverentia
3316 1911 3454 1965 inte-

1867 2013 2076 2060 merata
2104 2013 2372 2060 servetur.
2403 2004 2460 2059 Si
2489 2003 2615 2074 quid
2644 2019 2775 2060 sane
2805 2003 2872 2058 ab
2894 2003 2978 2058 his
3004 2001 3289 2067 fratribus,
3315 2016 3453 2071 quos

1867 2099 1935 2152 ad
1962 2103 2205 2151 sanctam
2237 2095 2499 2168 synodum
2528 2096 2646 2150 vice
2678 2110 2797 2150 mea
2827 2093 2982 2158 misi,
3007 2101 3205 2163 praeter
3231 2090 3282 2146 id
3313 2091 3454 2160 quod

1869 2186 1936 2240 ad
1967 2199 2190 2240 causam
2221 2183 2344 2239 ﬁdei
2375 2184 2704 2254 pertinebat,
2732 2192 2941 2252 gestum
2974 2196 3094 2236 esse
3118 2180 3452 2249 perhibetur,

1872 2274 2070 2328 nullius
2096 2275 2202 2328 erit
2226 2274 2444 2344 penitus
2473 2273 2748 2328 ﬁrmitatis
2790 2273 2973 2344 :quia
3008 2273 3074 2326 ad
3108 2273 3212 2326 hoc
3245 2280 3452 2325 tantum

1871 2365 1940 2420 ab
1968 2343 2260 2436 apostolica
2293 2377 2416 2420 sunt
2448 2366 2576 2421 sede
2605 2343 2909 2430 directi,.ut
2931 2364 3128 2420 excisis
3154 2362 3452 2417 lueresibus

1872 2455 2154 2511 catholicae
2204 2463 2388 2510 essent
2432 2453 2557 2509 ﬁdei
2605 2453 2940 2509 defensores.
2988 2453 3260 2527 “Quidquid
3311 2451 3452 2506 enim

1870 2555 2068 2618 praeter
2104 2547 2370 2618 speciales
2408 2561 2600 2602 causas
2635 2545 2974 2617 synodalium
3000 2544 3351 2600 conciliorum
3387 2544 3456 2597 ad

1871 2653 2099 2693 examen
2142 2636 2446 2709 episcopale
2475 2636 2736 2702 defertur,
2769 2644 2946 2706 potest
2974 2633 3210 2704 aliquam
3255 2633 3455 2703 dijudi-

1872 2727 2030 2782 candi
2062 2728 2262 2782 habere
2305 2727 2593 2792 rationem,
2639 2726 2682 2781 si
2720 2724 2852 2779 nihil
2888 2724 2954 2778 de
2982 2739 3047 2778 eo
3079 2731 3165 2778 est
3194 2737 3221 2775 a
3254 2721 3456 2776 sanctis

1871 2817 2125 2872 Patribus
2150 2816 2288 2888 apud
2316 2816 2549 2871 Nicaeam
2585 2814 2889 2870 dillinitum.
2913 2813 3046 2868 Nam
3073 2813 3213 2882 quod
3242 2811 3309 2865 ab
3334 2810 3452 2865 illo-

1874 2925 1991 2964 rum
2017 2909 2214 2980 regulis
2232 2917 2286 2963 et
2307 2908 2689 2964 constitutione
2713 2907 3004 2971 discordat,
3031 2904 3335 2976 apostolicae
3370 2918 3456 2958 se-

1875 2999 1957 3054 dis
1977 3014 2251 3070 nunquam
2281 2999 2477 3069 poterit
2497 2999 2739 3053 obtinere
2760 3013 3101 3053 consensum.
3128 3017 3144 3047 ι
3167 2995 3230 3049 Ει
3255 2994 3320 3048 ad
3339 2993 3460 3048 Pul-
3501 3041 3508 3049 .

1875 3089 2114 3145 cberiam
2140 3090 2470 3160 Augustam:
2504 3107 2522 3138 ι
2544 3087 2752 3152 Frater,
2779 3088 2950 3158 inquit
2977 3089 3144 3157 (epist.
3162 3086 3272 3156 58),
3293 3094 3348 3140 et
3366 3100 3458 3140 co-

174 3191 542 3261 tinopolitana
567 3209 652 3258 CL,
682 3194 1053 3263 episcoporum
1094 3194 1297 3262 synodo
1319 3192 1600 3248 Nectarius
1632 3192 1772 3247 obti-

1877 3182 2160 3252 episcopus
2193 3195 2343 3234 meus
2363 3179 2663 3244 Anatolius,
2692 3195 2878 3248 parum
2905 3179 3254 3234 considerans
3280 3191 3454 3247 quau-

174 3289 389 3336 nuerat
433 3291 697 3350 quatenus
737 3281 1224 3351 Constantinopolis
1264 3281 1482 3350 praelata
1525 3282 1772 3336 secundm

175 3382 235 3427 et
279 3372 452 3426 tertia:
473 3372 608 3436 sedi,
647 3380 769 3442 post
792 3371 1093 3426 Romanum
1134 3371 1440 3442 pontiﬁcem
1482 3372 1773 3442 primatum

175 3463 448 3527 haberet,
480 3464 619 3518 istud
651 3465 940 3534 capitulum
978 3464 1097 3519 aliis
1129 3464 1450 3520 necessariis
1490 3465 1777 3534 interposi-

176 3563 308 3608 tum
351 3554 416 3608 de
456 3555 811 3624 appellatione
851 3556 1222 3626 episcoporum
1262 3564 1316 3610 et
1355 3555 1676 3610 clericorum
1708 3556 1774 3610 ad

175 3645 375 3699 sedem
409 3645 567 3713 regia:
591 3646 738 3700 urbis
763 3646 1369 3715 Constantinopolitante
1391 3644 1562 3698 foret:
1590 3652 1775 3713 quate-

173 3748 298 3788 nus
336 3733 774 3787 ronstitutionem
811 3735 1146 3788 Sardicensis
1191 3735 1502 3789 conciliide
1547 3735 1781 3803 appella-

175 3823 347 3876 tione
375 3819 690 3876 clericorum
738 3824 878 3892 apud
902 3823 1156 3878 ﬁnitimos
1177 3825 1476 3893 episcopos,
1515 3833 1570 3879 et
1595 3827 1778 3895 appel-

176 3911 455 3967 lationem
481 3913 854 3986 episcoporum
879 3913 942 3968 de
962 3914 1215 3984 regionali
1243 3914 1470 3969 concilio
1498 3914 1563 3968 ad
1594 3917 1777 3970 sedem

181 4001 570 4074 apostolicam,
600 4005 774 4059 eidem
807 4005 1111 4076 apostolica:
1132 4007 1243 4060 sedi
1271 4007 1563 4075 abriperet,
1597 4014 1650 4060 et
1677 4006 1780 4061 sibi

179 4091 395 4149 ascribi
426 4093 671 4163 faceret;
705 4109 831 4163 quo,
877 4093 1018 4148 sicut
1065 4109 1189 4148 mox
1231 4094 1442 4158 claruit,
1486 4095 1777 4164 primatum

183 4185 343 4242 sedis
387 4185 692 4256 apostolicae
734 4187 958 4241 liberius
1001 4195 1190 4240 contra
1234 4202 1418 4241 sacros
1453 4201 1690 4242 canones
1726 4195 1782 4242 et

186 4280 476 4348 antiquam
523 4280 966 4334 consuetudinem
1009 4290 1315 4348 usurparet,
1361 4287 1416 4334 et
1458 4279 1781 4334 universalis

189 4371 559 4442 appellaretur
578 4382 633 4427 et
657 4381 820 4427 esset.
849 4371 1002 4427 Unde
1030 4380 1250 4426 sanctus
1279 4371 1406 4434 Leo,
1435 4373 1499 4426 de
1528 4372 1611 4427 his
1639 4374 1778 4443 apud

84 4489 106 4509 .
191 4460 513 4531 synodalem
542 4470 862 4516 conventum
905 4460 1136 4514 obtentis
1169 4462 1232 4514 ad
1268 4461 1560 4515 Maximum
1585 4461 1778 4515 Antio-

189 4553 430 4605 chenum
462 4551 770 4621 episc0pum
800 4551 1043 4605 scribens
1073 4551 1204 4605 dicit
1225 4552 1395 4623 (epist.
1419 4550 1508 4622 65)
1535 4572 1547 4604 :
1579 4571 1596 4602 ς
1626 4552 1778 4606 Nunc

193 4651 383 4695 autent
429 4642 496 4696 ad
537 4642 716 4695 on‘inia
759 4639 1078 4709 generaliter
1116 4641 1468 4710 pronuntiare
1516 4639 1775 4703 sufﬁciat,

195 4730 346 4800 quod
390 4731 434 4785 si
482 4728 610 4800 quid
644 4746 672 4783 a
699 4743 967 4798 quoquam
994 4736 1177 4782 contra
1203 4737 1400 4783 statuta
1441 4727 1776 4782 Nicmnorum

197 4836 469 4875 canonum
510 4823 561 4874 in
591 4832 907 4890 quacunque
937 4818 1141 4887 synodo
1164 4817 1247 4872 vel
1278 4824 1542 4871 tentatum
1569 4825 1673 4881 est,
1698 4816 1779 4870 vel

199 4911 268 4964 ad
302 4920 511 4980 tempus
530 4912 744 4964 videtur
771 4917 1061 4971 extortum,
1103 4907 1233 4962 nihil
1262 4904 1552 4975 prmjttdicii
1604 4914 1782 4975 potest

203 4999 604 5055 inviolabilibus
646 4999 847 5054 inferre
882 4998 1134 5061 decretis,
1178 5005 1229 5051 et
1267 4997 1479 5051 facilius
1521 4997 1779 5066 eritqua-

204 5091 453 5147 rumlibet
493 5091 907 5146 consensionum
937 5097 1090 5159 pacta
1121 5088 1358 5153 dissolvi,
1386 5103 1548 5158 quam
1583 5086 1782 5157 praedi-

205 5191 409 5236 ctorum
457 5197 727 5238 canonum
777 5183 988 5252 regulas
1035 5197 1100 5236 ex
1143 5180 1248 5235 ulla
1289 5191 1442 5251 parte
1487 5179 1779 5247 corrumpi.

207 5270 545 5344 Subripiendi
576 5271 719 5325 enim
747 5272 1056 5326 occasiones
1083 5287 1185 5325 non
1212 5271 1576 5342 prmtermittit
1606 5269 1781 5322 ambi-

1879 3278 2022 3335 tum,
2066 3267 2286 3338 pietatis
2328 3276 2520 3322 vestrae
2565 3267 2849 3334 beneﬁcio,
2885 3278 2940 3324 et
2981 3268 3084 3322 mei
3131 3266 3333 3322 favoris
3373 3283 3461 3322 as-

1876 3377 2062 3427 sensu,
2077 3360 2682 3431 Constantinopolitanze
2700 3356 2951 3417 Ecclesiae
2963 3363 3322 3417 sacerdotium
3338 3361 3455 3417 fue-

1877 3451 1950 3504 rit
1974 3459 2317 3516 consecutus,
2343 3467 2448 3506 non
2481 3461 2588 3506 tam
2617 3453 2680 3506 de
2706 3453 2914 3523 adeptis
2943 3453 3186 3523 gavisus,
3211 3467 3369 3522 quam
3393 3452 3460 3507 de
3539 3459 3548 3464 ’
3616 3457 3630 3472 ⁸

1878 3543 2182 3598 immodicis
2223 3545 2537 3614 appetendis
2587 3558 2749 3613 supra
2793 3559 3100 3598 mensuram
3127 3545 3208 3598 sui
3238 3544 3460 3598 honoris

1879 3648 2140 3688 accensus
2165 3643 2265 3696 est,
2293 3634 2521 3688 credens
2547 3634 2671 3688 huic
2705 3642 2811 3687 tam
2843 3634 3225 3703 intemperanti
3254 3635 3458 3703 cupidi-

1885 3723 1983 3776 tati
2014 3738 2170 3792 posse
2190 3723 2469 3792 prodesse,
2505 3722 2646 3790 quod
2677 3723 2728 3775 ei
2751 3723 3113 3790 quorumdam
3136 3736 3458 3776 consensum

1884 3830 2042 3871 suum
2080 3815 2374 3885 praebuisse
2418 3813 2614 3867 dicitur
2643 3821 2864 3867 extorta
2907 3813 3273 3882 subscriptio;
3336 3827 3460 3866 cum

1885 3915 2068 3960 tamen
2100 3903 2441 3960 destruendis
2472 3918 2596 3958 mox
2635 3905 2918 3960 conatibus
2960 3904 3316 3961 contradictio
3348 3903 3459 3958 fra-

1885 4006 2028 4052 trum
2092 3996 2638 4065 coepiscoporumque
2696 4010 2937 4050 meorum
2963 4034 2980 4061 ,
3042 3995 3215 4051 vicem
3283 4009 3460 4049 meam

1885 4084 2181 4156 agentium,
2207 4083 2434 4139 ﬁdeliter
2454 4091 2509 4160 et
2531 4082 2870 4138 laudabiliter
2895 4076 3176 4152 obviat-et,
3203 4085 3459 4155 quoniam

1882 4188 2071 4234 contra
2105 4186 2304 4233 statuta
2337 4191 2603 4232 canonum
2641 4185 3010 4246 paternorum,
3038 4193 3160 4247 quae
3195 4187 3320 4231 ante
3351 4177 3468 4231 lon-

1883 4270 2120 4341 gissimae
2156 4269 2333 4324 aetatis
2375 4283 2548 4322 annos
2591 4268 2644 4321 in
2693 4255 2825 4324 urbe
2869 4269 3083 4325 Nicaena
3130 4267 3466 4338 spiritalibus

1884 4371 2010 4418 sunt
2033 4362 2251 4418 fundata
2274 4361 2526 4425 decretis,
2551 4360 2685 4414 nihil
2711 4361 2967 4430 cuiquam
2995 4359 3194 4415 audere
3219 4357 3468 4416 concedi-

1886 4463 1974 4507 tur
2000 4470 2012 4506 :
2041 4453 2114 4506 ita
2145 4461 2205 4506 ut
2228 4453 2272 4506 si
2297 4453 2418 4520 quis
2445 4451 2717 4506 diversum
2761 4452 2963 4520 aliquid
2996 4453 3287 4507 decernere
3318 4451 3464 4515 velit,

1887 4559 1946 4598 se
1984 4542 2163 4612 potius
2205 4541 2432 4608 minuat,
2474 4556 2636 4609 quam
2684 4540 2770 4594 illa
2813 4550 3143 4611 corrumpat.
3187 4541 3318 4608 Qum
3341 4542 3384 4596 si
3411 4551 3470 4597 ut

1889 4640 2104 4703 oportet
2135 4648 2164 4684 a
2194 4630 2403 4684 cunctis
2432 4629 2778 4700 pontiﬁcibus
2809 4621 3131 4686 intemerata
3162 4639 3463 4692 serventur,

1888 4739 1988 4794 per
2027 4722 2306 4775 universas
2335 4720 2602 4776 Ecclesias
2647 4721 2933 4789 tranquilla
2963 4721 3070 4776 erit
3103 4735 3202 4789 pax
3230 4729 3285 4774 et
3313 4720 3467 4773 ﬁrma

1889 4812 2206 4875 concordia,
2235 4809 2394 4866 nulla:
2419 4813 2484 4865 de
2508 4825 2759 4864 mensura
2787 4811 3049 4866 honorum
3081 4808 3470 4886 dissensiones,

1891 4904 2051 4961 nulla:
2091 4903 2156 4957 de
2193 4901 2623 4958 ordinationibus
2662 4901 2815 4969 lites,
2865 4901 3026 4958 nullae
3065 4899 3132 4952 de
3175 4897 3473 4966 privilegiis

1893 4992 2293 5061 ambiguitates,
2330 4994 2473 5048 nulla
2502 4999 2662 5047 erunt
2687 4991 2754 5046 de
2783 4991 2943 5050 alieni
2979 4986 3331 5054 usurpatione
3357 4998 3477 5039 cer-

1890 5083 2091 5140 tamina
2116 5098 2128 5132 :
2155 5079 2250 5135 sed
2277 5097 2434 5155 mquo
2452 5086 2574 5156 jure
2609 5082 2898 5140 charitatis
2923 5074 3263 5134 rationabilis
3285 5083 3339 5128 et
3365 5089 3479 5130 m0-

1889 5191 2010 5232 rum
2037 5171 2447 5249 ofﬁciorumque
2475 5174 2607 5231 ordo
2643 5157 2972 5234 servabitur,
3006 5176 3061 5220 et
3091 5163 3179 5218 ille
3217 5179 3344 5220 vere
3380 5166 3484 5219 erit

1887 5280 2137 5337 magnus,
2161 5263 2249 5332 qui
2283 5265 2452 5327 fuerit
2473 5267 2638 5324 totius
2666 5262 2982 5322 ambitionis
3011 5255 3242 5322 alienus.
3273 5257 3486 5312 dicente

1892 5363 1928 5372 σι
2035 5358 2046 5370 ο
2199 5355 2236 5372 Α
2283 5359 2295 5371 ι
2628 5357 2641 5372 1
2751 5355 2808 5372 ο,’
2836 5361 2846 5372 ι
2896 5365 2906 5372 4
2927 5366 2978 5372 -_
3019 5359 3112 5372 conn
3146 5347 3320 5372 ,νει-εει..
