3948 5376
489 273 583 329 371

1447 261 1776 320 HINCMARI
1814 256 2213 316 RHEMENSIS
2249 250 2764 313 ARCHIEPISCOPI

3643 228 3754 287 572

491 387 745 443 volebant
766 398 1032 447 crescere,
1060 390 1116 438 et
1143 381 1212 437 de
1247 379 1446 435 inﬁmis
1474 381 1542 436 ad
1564 394 1777 435 summa
1807 376 2060 433 transire.
2091 378 2141 437 Α
2170 371 2342 442 major
2369 370 2482 427 suis
2509 369 2638 424 velit
2666 383 2785 424 esse
2821 362 3092 437 prioribus
3110 402 3125 427 ,
3154 359 3499 445 liberumque
3524 346 3714 447 illi’vsit
3736 384 3750 403 ς

491 473 1098 546 Constantinopolitanae
1124 485 1251 526 vero
1274 469 1471 541 przesul
1496 469 1769 533 Ecclesia),
1791 467 1919 538 quid
1949 482 2065 521 am-

492 570 635 642 plius
670 584 832 639 quam
863 575 1140 621 assecutus
1174 572 1255 618 est
1288 562 1661 632 concupiscit?
1704 569 1798 617 aut
1825 560 1949 631 quid
1991 558 2063 614 illi

496 658 811 723 satisfaciet,
856 657 902 711 si
932 663 1095 709 tantze
1124 653 1272 709 urbis
1302 648 1699 723 magniﬁcentia
1725 658 1781 706 et
1805 649 2067 705 claritudo

492 766 599 807 non
634 748 866 805 sufﬁcit?
905 745 1207 816 Superbum
1244 744 1405 799 nimis
1435 752 1516 799 cst
1546 752 1601 798 et
1628 742 2066 806 immoderatum,

492 840 634 894 ultra
659 838 906 908 proprios
945 836 1203 891 terminos
1245 836 1487 898 tendere,
1516 843 1570 889 et
1603 833 1925 903 antiquitate
1959 831 2066 885 cal-

493 937 635 990 cata,
681 929 915 983 alienum
947 925 1038 995 jus
1070 925 1204 981 velle
1240 925 1565 996 praeripere,
1612 933 1770 994 atque
1810 933 1870 977 ut
1912 924 2070 977 unius

492 1029 705 1075 crescat
744 1010 1007 1090 dignitas,
1053 1024 1132 1071 tot
1174 1014 1713 1084 metropolitanorum
1756 1013 2070 1083 impugnare

489 1109 780 1180 primatus,
817 1107 1120 1178 quietisque
1146 1105 1460 1175 provinciis,
1497 1113 1552 1158 et
1582 1103 1710 1157 olim
1745 1098 1944 1156 sanclre
1977 1116 2068 1171 sy-

498 1198 623 1252 nodi
664 1196 895 1252 Niczente
934 1195 1302 1250 moderatione
1341 1193 1633 1264 dispositis,
1678 1191 1875 1247 bellum
1923 1205 2071 1244 nova:

478 1287 917 1356 perturbationis
941 1284 1161 1350 inferre,
1185 1294 1347 1354 atque
1370 1294 1425 1338 ut
1448 1283 1833 1338 venerabilium
1849 1280 2070 1335 Patrum

492 1380 709 1434 decreta
733 1378 1031 1443 solvantur,
1056 1377 1408 1446 quorumdam
1433 1377 1806 1446 episc0porum
1829 1372 2073 1444 proferre

492 1488 839 1536 consensum,
869 1472 952 1525 cui
983 1479 1058 1525 tot
1081 1486 1343 1524 annorum
1370 1470 1539 1523 series
1563 1468 1775 1540 negavit
1800 1465 2068 1522 cﬂ'ectum.

495 1560 631 1615 Nam
688 1561 1056 1629 sexagesimus
1115 1558 1228 1613 fere
1278 1574 1451 1612 annus
1508 1558 1666 1626 hujus
1714 1557 2072 1612 conhibcutim

493 1668 614 1707 esse
657 1651 916 1720 jactatur,
952 1668 1055 1723 qua
1101 1666 1160 1704 se
1195 1651 1480 1721 prtediclus
1521 1652 1804 1719 episcopus
1840 1649 2071 1704 aestimat

493 1743 768 1813 adjuvari,
810 1706 1011 1798 frustra
1063 1706 1283 1813 cupiens
1340 1742 1391 1795 id
1443 1742 1543 1795 sibi
1596 1706 1882 1810 prodesse,
1927 1739 2070 1809 quod
2104 1733 2148 1791 Β
2178 1733 2324 1804 agite
2354 1729 2498 1801 quod
2524 1738 2578 1784 et
2604 1726 2929 1781 Christianze
2959 1730 3040 1774 est
3071 1713 3359 1813 probitatis
3381 1719 3440 1763 et
3471 1706 3639 1813 regiae
3661 1742 3676 1761 ς

494 1834 657 1886 etiam
704 1833 747 1887 si
796 1834 1079 1903 quisquam
1129 1847 1292 1887 ausus
1342 1842 1424 1887 est
1473 1832 1625 1896 velle,
1666 1831 1843 1886 nullus
1894 1839 2073 1884 tamen

494 1921 672 1991 potuit
716 1922 978 1976 obtinere.
1010 1941 1028 1974 i
1077 1920 1153 1976 De
1199 1923 1303 1976 hoc
1348 1920 1637 1991 siquidem;
1680 1923 1805 1990 quia
1844 1918 2078 1991 appella-

494 2012 694 2065 tionem
732 2013 1049 2067 clericorum
1078 2029 1145 2069 ex
1189 2012 1495 2067 Sardiccnsi
1540 2014 1769 2068 concilio
1812 2013 1878 2067 ad
1916 2013 2078 2068 ﬁniti-

498 2119 616 2158 mos
645 2105 957 2174 cpisc0pos,
999 2113 1055 2159 et
1110 2105 1523 2174 appellationem
1585 2106 1959 2175 episcoporum
2012 2107 2076 2159 ad

496 2194 678 2247 sedem
719 2194 1122 2263 apostololicam
1164 2197 1263 2250 sibi
1308 2196 1476 2250 voluit
1514 2211 1805 2267 arrogarc,
1855 2206 1910 2251 et
1956 2198 2079 2251 uni-

495 2287 725 2356 versalis
745 2296 797 2340 et
818 2287 1071 2356 appellari
1096 2296 1149 2343 et
1173 2303 1315 2353 esse,
1346 2298 1399 2342 et
1427 2289 1585 2359 legati
1612 2290 1756 2344 sedis
1775 2290 2080 2358 apostolicm

500 2376 551 2428 in
577 2377 780 2447 synodo
816 2378 1260 2442 reclamaverunt,
1298 2380 1465 2433 isdem
1498 2380 1686 2434 beatus
1710 2379 1819 2434 Leo
1845 2381 1909 2434 ad
1943 2379 2073 2433 Mar-

501 2465 704 2518 tianum
740 2465 1036 2537 Augustum
1077 2466 1267 2524 scribit
1309 2467 1495 2522 dicens
1522 2468 1694 2539 (epist.
1729 2468 1847 2537 57):
1882 2487 1898 2516 ι
1929 2468 2082 2538 Apud

488 2553 903 2621 Christianum,
951 2567 1005 2611 et
1050 2572 1175 2613 vere
1231 2558 1572 2627 religiosum,
1630 2575 1860 2629 vereque
1906 2561 2085 2615 catho-

502 2646 698 2699 doxum
728 2648 1023 2716 principem
1056 2649 1264 2719 loquor,
1322 2650 1546 2704 multum
1574 2650 1853 2704 Anatolius
1874 2651 2082 2720 episcoo

492 2742 606 2809 ‘pus
632 2739 851 2809 preprio
879 2740 1116 2796 detrahit
1142 2744 1352 2807 merito,
1385 2743 1429 2797 si
1459 2742 1644 2797 illicito
1670 2757 1916 2798 crescere
1936 2751 2087 2813 Optat

488 2836 816 2903 augmento.
839 2832 1043 2889 Habeat
1070 2834 1209 2890 sicut
1227 2844 1475 2904 optamus
1494 2835 2087 2906 Constantinopolitana

435 2942 443 2951 ·
486 2924 699 2979 'civitas
726 2924 951 2996 gloriam
979 2940 1155 2991 suam,
1179 2936 1233 2980 et
1256 2935 1571 2996 protegente
1594 2928 1687 2981 Dei
1710 2927 2086 2991 dcxlera,diu-

506 3025 668 3071 turno
694 3016 992 3072 clementia:
1022 3024 1217 3071 vestrae
1241 3017 1448 3073 fruatur
1473 3018 1698 3088 imperio
1726 3037 1737 3071 :
1772 3019 1875 3072 alia
1907 3027 2086 3072 tamen

2168 464 2384 537 quantis
2414 462 2650 535 potuerit
2694 457 2974 528 splendere
3002 453 3292 509 virtutibus
3314 490 3329 513 ,
3358 442 3612 537 quarum
3630 444 3746 492 non

2169 531 2326 612 aliter
2351 531 2619 627 particeps
2646 552 2768 615 erit,
2784 548 2888 605 nisi
2914 546 3178 602 charitate
3202 540 3372 611 magis
3402 531 3644 590 voluerit
3666 543 3753 627 or:

2169 646 2286 703 nari
2304 687 2318 711 ,
2349 618 2509 716 quam
2533 642 2826 697 ambitione
2845 637 3094 694 distendi.
3123 633 3274 688 lianc
3297 639 3482 683 autem
3509 618 3749 716 improbi

2171 706 2425 794 desiderii
2480 733 2890 802 conceptionem
2959 738 3235 795 nunquam
3291 718 3509 790 quidem
3570 706 3754 802 debuit

2171 830 2315 885 intra
2343 827 2520 882 cordis
2543 825 2625 880 sui
2648 800 2894 893 recipere
2920 826 3187 875 secretum
3219 830 3234 866 :
3265 811 3358 867 sed
3382 823 3507 863 eum
3539 802 3619 857 iiii
3652 800 3754 893 fra—

2173 928 2284 976 tres
2317 928 2370 975 et
2396 916 2697 988 coepiscopi
2742 892 2847 968 mei
2877 911 2970 982 qui
3000 909 3116 963 vice
3145 920 3262 961 mea
3294 902 3522 957 aderant
3563 892 3755 949 obvia-

2172 1020 2324 1076 rcnt,
2354 1012 2421 1064 ab
2456 1009 2644 1063 illicito
2675 1004 2913 1077 appetitu
2960 1018 3028 1057 ex
3075 1013 3262 1055 eorum
3298 992 3495 1047 saltem
3529 993 3751 1077 contra.

2172 1074 2405 1156 dictione
2432 1074 2724 1155 cessasset.
2746 1074 2900 1150 Nam
2933 1101 2988 1147 ct
3030 1096 3225 1144 vestrae
3273 1080 3495 1154 pictatis
3536 1074 3755 1144 apices,

2172 1200 2227 1246 ct
2252 1190 2419 1261 ipsius
2448 1190 2645 1258 scripta
2674 1186 2951 1241 declarant
2977 1224 2991 1247 ,
3017 1181 3226 1248 legatos
3254 1173 3397 1229 sedis
3422 1164 3755 1261 apostolica,

2174 1256 2313 1339 sicut
2345 1256 2615 1351 oportuit,
2658 1272 3082 1333 contradictione
3118 1264 3420 1337 justissima
3454 1256 3754 1351 restitisse,

2173 1383 2233 1429 ut
2254 1369 2676 1427 incxcusabilior
2704 1374 2849 1421 esset
2894 1358 3270 1433 przesumptio,
3298 1366 3419 1421 quze
3449 1363 3509 1402 se
3541 1360 3647 1397 nec
3685 1357 3757 1394 tn-
3794 1363 3799 1367 -

2174 1470 2389 1533 crepata
2416 1458 2693 1519 cohibuit.
2741 1454 2898 1510 Unde
2932 1451 3056 1521 quia
3106 1442 3359 1501 convenit
3406 1436 3531 1492 ﬁdei
3560 1441 3757 1533 vestra

2166 1552 2257 1607 vel
2270 1519 2472 1623 glorise
2496 1591 2510 1616 ,
2541 1557 2599 1602 ut
2638 1547 2778 1601 sicut
2808 1542 3030 1597 hazrcsis
3066 1537 3178 1591 Deo
3208 1548 3306 1603 per
3326 1544 3426 1584 vos
3451 1533 3655 1623 agente
3677 1519 3758 1573 ele-

2168 1612 2380 1697 ‘strttcta
2428 1647 2542 1701 est,
2586 1637 2658 1691 ita
2706 1635 2870 1690 etiam
2914 1630 3091 1686 omnis
3135 1624 3371 1679 ambitus
3419 1612 3754 1672 retundatur,

3704 1710 3757 1751 Ill

2176 1788 2467 1895 priedictus
2497 1819 2780 1889 episcopus
2825 1821 3014 1883 parcat
3053 1806 3295 1878 patrihus
3315 1842 3330 1866 ,
3360 1795 3625 1895 consula:
3647 1788 3755 1895 paci

2176 1879 2349 1983 neque
2384 1910 2483 1966 sibi
2509 1879 2737 1963 restituet
2762 1902 2974 1958 licuisse
2994 1940 3008 1965 ,
3033 1897 3173 1967 quod
3202 1889 3553 1947 Autiochena:
3582 1879 3755 1935 Bede.

2177 2009 2306 2071 sim,
2356 2004 2475 2058 sine
2512 2001 2623 2056 ullo
2655 1994 2934 2066 exemplo,
2979 2000 3165 2046 contra
3211 1991 3410 2041 statuta
3460 1987 3755 2033 canonum,

2179 2100 2488 2168 episcopum
2537 2092 2791 2146 ordinare
2841 2080 3183 2156 puesumpsit
3210 2097 3223 2132 :
3254 2072 3400 2145 quod
3435 2084 3537 2124 nos
3581 2076 3756 2118 amore

2182 2186 2493 2260 reparanda:
2528 2183 2687 2247 ﬁdei,
2722 2189 2777 2233 et
2809 2178 2957 2248 pacis
2988 2171 3164 2229 studio
3186 2210 3200 2235 ,
3250 2169 3756 2260 retractare-cessa-

2181 2247 2376 2335 vimus.
2408 2276 2690 2332 Abstineat
2737 2284 2865 2341 ergo
2913 2269 2979 2321 ab
3023 2258 3523 2318 ecclesiasticarum
3571 2247 3755 2341 injuria

2185 2370 2488 2440 regularum
2513 2407 2527 2431 ,
2579 2373 2633 2419 et
2678 2361 2899 2416 illicitos
2930 2356 3161 2411 declinet
3193 2360 3483 2407 excessus,
3517 2356 3586 2394 ne

2185 2432 2473 2517 universali
2504 2454 2740 2511 Ecclesia
2761 2492 2774 2516 ,
2805 2450 2927 2503 dum
2963 2445 3178 2500 inimica
3220 2439 3339 2510 paci
3374 2442 3557 2491 teutat
3586 2432 3754 2484 absci-

2184 2554 2503 2621 dattquem‘
2527 2554 2654 2618 opto
2700 2542 2870 2612 magis
2921 2529 3473 2606 irrcprchensibiliter
3518 2530 3756 2621 agentem

2185 2612 2409 2715 diligere
2428 2682 2443 2706 ,
2474 2612 2633 2709 quam
2667 2636 2721 2690 in
2755 2635 2853 2687 hac
2879 2626 3300 2701 praesumptione
3321 2661 3335 2685 ,
3367 2633 3493 2715 qua:
3522 2615 3675 2714 illum
3702 2612 3757 2710 ab

2188 2705 2439 2789 omnibus
2470 2705 2724 2797 separare
2766 2722 2993 2793 poterit,
3025 2715 3340 2788 perdurare.
3384 2727 3403 2760 ι
3440 2707 3506 2762 Et
3532 2705 3661 2774 quia
3692 2705 3759 2797 vi:

2189 2827 2320 2881 deus
2358 2820 2636 2877 Anatolius
2685 2815 2831 2871 nullo
2862 2811 3019 2866 modo
3045 2826 3102 2863 sc
3128 2819 3284 2878 posse
3308 2801 3394 2855 vel
3436 2813 3536 2868 per
3574 2811 3655 2857 se,
3687 2790 3759 2844 vel

2190 2931 2287 2988 per
2314 2915 2715 2982 imperatorem,
2759 2904 3001 2958 obtinere
3022 2898 3163 2969 quod
3196 2894 3400 2955 voluit,
3427 2905 3488 2943 se
3516 2887 3649 2988 inde
3686 2900 3759 2935 τηλ-
3798 2972 3807 2982 .

2193 2976 2519 3065 crediderit,
2549 3000 2689 3053 idem
2731 3002 2951 3050 sanctus
2981 2990 3087 3044 Leo
3129 2988 3495 3043 demonstrat,
3524 2976 3760 3032 scribens

505 3107 647 3161 ratio
674 3115 759 3161 est
805 3122 990 3162 rerum
1034 3106 1407 3170 saecularium,
1452 3073 1568 3163 alia‘
1598 3108 1899 3162 divinarum
1933 3125 1947 3161 :
1988 3124 2085 3162 nec
2114 3097 2156 3154 C
2191 3098 2258 3152 ad
2286 3095 2533 3151 eumdem
2565 3090 2873 3146 Anatolium
2925 3085 3094 3155 (ερὶει-
3135 3077 3384 3170 ικινιιλε
3421 3095 3439 3126 ι
3474 3073 3535 3170 ξὶ
3583 3073 3757 3131 ﬁrmo.

505 3205 701 3267 praeter
729 3197 868 3252 illam
900 3210 1144 3268 petram,
1177 3214 1338 3268 quam
1368 3198 1625 3253 Dominus
1653 3199 1706 3252 in
1734 3198 2083 3253 fumiamento

509 3289 646 3344 mire
677 3289 887 3358 posuit,
939 3288 1146 3344 stabilis
1175 3289 1279 3343 erit
1314 3290 1418 3342 ulla
1464 3286 1794 3344 constructio
1826 3305 1839 3349 ;
1870 3288 2083 3359 propria

494 3378 721 3450 perdit,
754 3379 846 3449 qui
878 3379 1111 3434 indebita
1135 3380 1484 3450 concupiscit.
1520 3380 1668 3433 Satis
1704 3379 1773 3434 sit
1803 3379 2082 3447 przedicto,

513 3466 655 3538 quod
690 3477 883 3522 vestrm
911 3467 1127 3538 pietatis
1147 3469 1347 3523 auxilio
1368 3511 1382 3535 ,
1405 3477 1460 3524 et
1487 3469 1590 3524 mei
1618 3469 1817 3525 favoris
1836 3484 2084 3533 assensu,

511 3561 876 3631 episcopatum
918 3569 1080 3616 tantm
1127 3561 1276 3617 urbis
1321 3562 1570 3617 obtinuit.
1606 3560 1721 3616 Non
1769 3562 2086 3630 dedignetur

511 3652 714 3723 regiam
746 3653 1018 3708 civitatem
1038 3696 1052 3717 ,
1077 3668 1238 3723 quam
1269 3652 1621 3723 apostolicam
1652 3652 1829 3708 facere
1864 3668 1966 3707 non
1993 3668 2087 3722 po-

514 3750 617 3796 test
642 3743 851 3807 sedem,
887 3758 985 3798 nec
1014 3742 1120 3796 ullo
1144 3744 1302 3796 modo
1323 3751 1506 3812 speret
1524 3783 1538 3807 ,
1562 3741 1704 3812 quod
1733 3757 1828 3811 per
1858 3742 2086 3796 aliorum

511 3832 832 3888 offensiones
849 3833 1014 3902 possit
1029 3833 1231 3902 augeri.
1252 3832 1534 3902 Privilegia
1556 3833 1699 3886 enim
1713 3833 2085 3895 ecclesiarum,

514 3930 823 3976 sanctorum
852 3921 1071 3973 Patrum
1102 3922 1399 3977 cauonibus
1425 3922 1691 3987 instituta,
1728 3932 1783 3977 et
1811 3923 2089 3977 venerabi-

518 4012 586 4066 lis
631 4009 861 4066 Nicaénae
904 4009 1093 4082 synodi
1127 4011 1232 4065 ﬁxa
1265 4011 1531 4074 decretis,
1562 4011 1707 4065 nulla
1739 4020 1958 4080 possunt
1987 4012 2087 4064 im-

524 4103 793 4173 probitate
845 4102 1105 4169 convelli,
1143 4103 1285 4157 nulla
1343 4103 1582 4157 novitate
1626 4101 1830 4155 violari.
1884 4101 1938 4155 In
1986 4116 2091 4170 quo

520 4208 685 4262 opere
714 4192 1008 4249 auxiliante
1052 4194 1267 4248 Christo
1319 4193 1549 4247 ﬁdeliter
1591 4191 1963 4260 exstethndu,
1992 4206 2089 4245 ne-

518 4299 673 4339 cesse
705 4293 790 4337 cst
822 4299 906 4338 me
949 4294 1381 4355 perseverantem
1430 4285 1687 4340 exhibere
1727 4283 2039 4338 famulatum
2075 4301 2087 4337 :

517 4375 772 4445 quoniam
804 4375 1132 4446 dispensatio
1176 4377 1308 4431 mihi
1340 4376 1541 4431 credita
1583 4386 1666 4430 est
1689 4417 1701 4439 ,
1735 4385 1789 4430 et
1818 4377 1885 4429 ad
1916 4390 2090 4430 mcum

2190 3185 2394 3255 inquit,
2425 3178 2958 3247 incommutaiillique
2990 3170 3263 3245 preposito
3305 3165 3526 3222 dilectio
3562 3169 3654 3216 tua

2191 3294 2305 3331 ram
2334 3276 2519 3346 gratia:
2546 3270 2846 3328 communis
2874 3266 3177 3329 habuisset,
3208 3261 3343 3315 nihil
3364 3256 3609 3330 profecto
3630 3249 3759 3321 quod

2189 3341 2359 3419 ullani
2382 3365 2709 3418 anxietatem
2733 3361 2827 3415 tibi
2858 3359 3126 3428 ingereret
3147 3351 3460 3408 exstitisset.
3491 3345 3607 3400 Non
3628 3341 3759 3396 enim

2190 3458 2401 3513 sinebat
2431 3455 2567 3509 ratio
2589 3495 2602 3519 ,
2636 3460 2695 3505 ut
2723 3450 2838 3519 ejus
2868 3447 3189 3502 charitatem
3230 3452 3579 3513 spernerem,
3613 3446 3760 3502 quem

2192 3550 2376 3609 amore
2425 3547 2603 3618 pacis,
2648 3551 2702 3598 et
2732 3540 2913 3596 studio
2944 3534 3256 3608 reparanda:
3300 3528 3589 3585 catholicae
3617 3522 3756 3583 ﬁdei,

2193 3646 2332 3699 inter
2354 3616 2465 3712 ipsa
2490 3640 2829 3708 episcopatus
2855 3632 3153 3687 rudimenta
3181 3627 3443 3699 juvissem
3462 3663 3477 3687 ,
3500 3629 3693 3690 optans
3714 3616 3759 3668 in

2191 3708 2574 3792 ecclesiasticis
2604 3730 2749 3785 coris
2778 3728 2936 3782 talem
2963 3723 3164 3779 habere
3186 3728 3491 3775 consortem
3514 3755 3530 3777 ,
3557 3721 3617 3765 ut
3640 3708 3759 3763 mihi

2193 3833 2258 3886 de
2281 3827 2484 3885 sanctis
2503 3818 2930 3895 praecursoribus
2954 3815 3059 3869 tuis
3075 3855 3087 3879 ,
3115 3826 3212 3867 nec
3233 3808 3456 3866 Joannis
3476 3799 3760 3895 spiritalem

2193 3887 2571 3989 copiosamque
2620 3911 2953 3973 doctrinam,
3007 3919 3106 3958 nec
3152 3887 3758 3989 auctoritatem-attici.

2195 3981 2293 4065 nec
2315 3981 2630 4062 industriam
2648 4000 2844 4064 Procli,
2864 4011 2961 4051 nec
2986 3996 3142 4050 ﬁdem
3166 3990 3304 4045 beati
3324 3983 3565 4041 Flaviani
3587 3981 3760 4034 deesse

2196 4102 2450 4157 sentirem
2472 4140 2487 4163 ,
2517 4106 2571 4151 et
2597 4097 2668 4149 ita
2701 4092 2891 4150 studiis
2916 4088 3020 4143 tuis
3044 4095 3239 4145 uterer,
3266 4087 3326 4133 ut
3346 4076 3530 4131 nullus
3554 4071 3763 4163 auderet

2196 4192 2280 4247 vel
2313 4191 2434 4245 ﬁdei
2465 4187 2743 4243 catholicae
2790 4180 3078 4240 resultare,
3108 4173 3187 4228 vel
3232 4167 3464 4225 Nicmnis
3496 4158 3761 4217 venerabi-

2197 4283 2324 4337 lium
2350 4281 2572 4335 Patrum
2601 4274 2799 4346 regulis
2824 4268 3118 4326 contraire.
3146 4264 3252 4318 Sed
3277 4274 3399 4314 cum
3438 4257 3493 4310 in
3524 4250 3761 4346 injuriam

2198 4384 2488 4434 canonum,
2513 4376 2571 4423 ut
2593 4340 2861 4435 agnoscis,
2889 4359 2974 4415 illa
2997 4364 3199 4411 tentata
3218 4352 3357 4413 sint,
3386 4361 3506 4417 qua:
3527 4340 3763 4435 omnibus

518 4465 703 4520 tendet
732 4481 967 4531 reatum,
1007 4467 1053 4522 si
1090 4476 1436 4537 paternarum
1474 4466 1672 4538 regulae
1719 4466 2057 4520 sanctionum
2076 4505 2089 4527 ,
2120 4448 2173 4507 D
2202 4458 2460 4516 Ecclesiis
2483 4453 2793 4512 scandalum
2821 4447 3114 4505 maximum
3142 4444 3504 4538 generarent,
3525 4430 3654 4502 quid
3680 4440 3763 4538 ap:

517 4571 639 4626 qua:
670 4556 722 4609 in
765 4556 970 4627 synodo
1004 4555 1216 4612 Nicama
1246 4557 1313 4611 ad
1358 4557 1521 4612 totius
1568 4555 1820 4611 Ecclesia}
1856 4555 2091 4625 regimen

520 4647 724 4717 Spiritu
754 4647 847 4702 Dei
871 4648 1186 4711 instruente,
1205 4656 1330 4704 sunt
1358 4649 1606 4715 conditae,
1629 4664 1737 4713 me,
1762 4646 1903 4717 quod
1929 4647 2090 4713 absit,

522 4736 850 4792 conhibeute
879 4737 1185 4803 violentur;
1232 4749 1285 4792 et
1326 4740 1495 4808 major
1523 4741 1594 4795 sit
1637 4740 1778 4809 apud
1817 4755 1903 4793 me
1933 4738 2093 4792 unius

522 4827 710 4884 fratris
739 4831 1185 4900 voluntas,quam
1212 4831 1475 4885 universae
1501 4832 1690 4885 domus
1713 4829 1923 4885 Domini
1947 4844 2092 4884 com-

530 4920 711 4979 munis
737 4922 959 4976 utilitas.
992 4920 1057 4975 Et
1084 4920 1204 4975 ideo
1230 4921 1407 4976 sciens
1432 4922 1719 4991 gloriosam
1750 4922 2091 4977 clementiam

521 5023 757 5068 vestram
785 5014 1167 5070 ecclesiasticae
1190 5015 1410 5069 studere
1433 5017 1762 5082 concordize,
1792 5025 1845 5072 ct
1872 5016 1955 5071 his
1975 5030 2094 5085 qua:

524 5105 765 5174 paciﬁca)
790 5117 1091 5177 congruunt
1118 5107 1309 5163 unitati
1345 5107 1644 5178 piissimum
1678 5117 1937 5177 pra‘stare
1966 5124 2092 5161 con-

502 5210 740 5278 .sensunt
762 5238 775 5260 ,
804 5212 995 5268 precor
1019 5207 1072 5253 et
1105 5197 1289 5255 sedula
1340 5199 1685 5267 suggestione
1711 5213 1808 5253 vos
1836 5199 2093 5261 obsecro,

521 5292 582 5335 ut
608 5299 770 5339 ausus
797 5287 1068 5357 improbos
1091 5330 1104 5353 ,
1133 5289 1325 5342 unitati
1356 5285 1678 5343 Christianae
1711 5287 1935 5356 pacique
1964 5302 2096 5340 con-
2148 5332 2149 5335 η

2205 4555 2309 4610 tius
2350 4566 2415 4606 ac
2458 4546 2756 4604 modestius
2781 4542 3045 4605 facerem,
3069 4550 3229 4608 quam
3259 4540 3315 4586 ut
3341 4538 3393 4583 tc
3421 4528 3656 4598 primum
3675 4561 3689 4583 ,
3712 4526 3763 4571 ut

2202 4648 2269 4702 ab
2300 4647 2401 4701 hac
2426 4641 2722 4699 intentione
2753 4636 3086 4699 discederes,
3118 4631 3359 4685 fraterno
3388 4623 3570 4680 animo
3598 4616 3763 4672 missis

2200 4740 2392 4795 litteris
2423 4732 2807 4792 admonerem?
2849 4731 2914 4786 ad
2956 4742 3091 4798 quas
3133 4739 3254 4780 cum
3283 4737 3389 4776 non
3421 4715 3759 4772 rescriberes.

2201 4831 2315 4900 ipse
2347 4836 2397 4881 te
2427 4842 2458 4879 a
2499 4822 2750 4894 colloquii
2784 4820 2886 4874 mei
2921 4814 3190 4873 consortio
3219 4808 3506 4879 separasti.

2200 4888 2324 4974 inde
2334 4916 2443 4986 jam
2462 4913 2624 4979 tacui,
2644 4888 2737 4968 sed
2754 4905 3172 4966 clementissimo
3186 4898 3414 4972 principi
3431 4893 3638 4952 custodi
3655 4888 3763 4944 ﬁdei

2202 5006 2464 5077 frequenti
2496 5005 2797 5059 litterarmn
2840 4998 3095 5071 petitione
3128 4990 3368 5061 suggessi
3388 5029 3401 5052 ,
3435 4997 3495 5041 ut
3521 5000 3621 5057 pro
3648 4996 3763 5077 pace

2201 5075 2548 5152 ecclesiarum
2574 5137 2587 5160 ,
2626 5109 2787 5165 quam
2812 5091 2903 5144 tibi
2936 5088 3169 5142 maxime
3194 5083 3453 5156 prodesse
3480 5075 3759 5149 cognoscis,

2201 5188 2316 5241 lucc
2350 5203 2469 5257 qme
2501 5202 2642 5241 nunc
2670 5201 2698 5238 a
2732 5194 2821 5237 tua
2858 5181 3139 5237 dilectione
3169 5177 3306 5231 facta
3337 5183 3467 5230 sunt
3493 5171 3762 5241 impleren—

2207 5290 2312 5332 tur.
2367 5278 2463 5332 Cui
2513 5275 2811 5331 inell‘abiles
2867 5274 3068 5343 gratias
3114 5285 3245 5338 ago,
3289 5268 3433 5336 quod
3487 5263 3763 5317 secundum
