3948 5376
222 333 335 390 επ»

202 441 382 513 ουδεὶς
409 437 618 494 unitate
647 434 822 490 divisi.
859 453 877 485 ι
913 432 981 486 Ει
1007 428 1127 500 post
1152 427 1426 496 aliquanta
1455 440 1468 474 :
1498 419 1646 474 Illam
1666 458 1680 481 ,
1711 415 1792 470 in-
1824 418 1868 475 Α

227 508 380 602 quit,
411 528 659 598 culpam,
689 539 849 593 quam
876 522 942 577 de
968 519 1211 589 augenda
1240 520 1508 585 potestate
1542 508 1714 562 aliena
1746 511 1805 557 ut

228 599 434 676 asset-is
477 613 855 670 adhortatione
899 618 1282 685 contraxeras,
1327 599 1599 659 eﬁicacius
1641 603 1804 663 atque

230 709 501 767 sincerius
529 717 620 761 tua
648 704 886 761 charitas
915 700 1189 757 diluisset,
1213 697 1257 750 si
1285 693 1427 765 quod
1457 698 1603 746 tenta
1615 687 1660 740 ri
1687 685 1806 740 sine

200 814 333 858 .tua
366 798 644 855 voluntate
686 812 793 852 non
822 794 1029 865 potuit,
1060 807 1167 844 non
1212 787 1278 844 ad
1323 785 1436 842 sola
1483 781 1804 837 clericorum

236 888 458 945 consilia
489 884 898 943 transtulisses:
940 882 1064 952 quia
1087 881 1226 934 sicut
1270 876 1325 931 in
1364 873 1507 931 mala
1550 867 1806 926 suasione

240 983 600 1054 delinquitur,
646 981 717 1035 ita
762 987 818 1034 et
861 978 914 1032 in
959 976 1099 1032 mala
1137 969 1494 1031 consensione
1534 973 1805 1036 peccatur.

235 1074 348 1132 Sed
373 1053 582 1145 gramm
625 1070 789 1135 mihi,
834 1069 1001 1123 frater
1029 1064 1380 1128 charissiine,
1410 1068 1525 1123 est,
1552 1056 1696 1126 quod
1724 1053 1807 1107 di-

236 1167 401 1223 lectio
430 1175 518 1220 tua
557 1163 839 1235 proﬁtetur
859 1160 960 1215 sibi
987 1156 1289 1228 displicere,
1325 1150 1467 1223 quod
1499 1158 1627 1203 tunc
1648 1145 1809 1200 etiam

243 1257 462 1328 placere
486 1272 591 1309 non
622 1253 823 1313 debuit.
866 1247 1073 1306 Suﬂicit
1097 1248 1149 1301 in
1184 1244 1369 1316 gratim
1390 1237 1691 1297 communis
1720 1249 1806 1290 re-

236 1326 487 1417 gressum
516 1343 781 1415 professio
823 1340 1124 1397 dilectionis
1151 1346 1272 1401 tuae,
1298 1342 1353 1389 et
1374 1329 1645 1387 attestatio
1668 1326 1813 1397 prin-

236 1439 382 1507 cipis
410 1436 752 1493 Christiani:
798 1448 899 1488 nec
950 1432 1160 1495 videtur
1192 1427 1341 1483 tarda
1384 1422 1680 1484 correctio,
1724 1417 1811 1474 cui

236 1538 354 1583 tam
385 1524 711 1583 venerabilis
736 1531 975 1578 assertor
1000 1519 1247 1575 accessit.
1276 1515 1575 1585 Abjiciatur
1602 1511 1812 1581 penitus

239 1618 549 1675 inconcessi
582 1616 723 1686 juris
752 1615 840 1685 qui
870 1612 1258 1669 dissensionem
1288 1607 1493 1663 fecerat
1526 1603 1809 1674 appetitus.

235 1709 525 1770 Sufﬁciam
550 1709 769 1772 limites,
799 1721 934 1776 quos
955 1710 1264 1759 sanctorum
1284 1698 1503 1754 Patrum
1532 1695 1814 1766 providen-

235 1801 457 1855 tissima
486 1800 703 1859 decreta
730 1803 1025 1867 posuerunt
1043 1834 1057 1856 ,
1084 1802 1141 1850 ut
1165 1793 1346 1863 quieta
1369 1790 1445 1845 sit
1470 1790 1584 1843 suis
1606 1786 1815 1842 meritis

206 1897 300 1944 -ct
328 1889 568 1958 antiquis
596 1886 891 1956 privilegiis
915 1884 1149 1955 dignitas
1182 1882 1424 1937 omnium
1454 1878 1813 1933 sacerdotum.

208 1976 558 2043 ,Renovetur
582 1984 637 2031 et
680 1985 894 2031 maneat
935 1975 989 2028 in
1021 1981 1073 2027 te
1100 1970 1392 2027 Dominicze
1419 1967 1704 2023 charitatis
1732 1964 1815 2021 af-

208 2124 220 2134 ,
240 2068 447 2135 fectio,
478 2068 546 2123 ad
593 2082 753 2137 quam
786 2064 1126 2121 dilectionem
1173 2071 1318 2116 tuam
1348 2058 1542 2128 saepius
1572 2056 1820 2111 cohorta-

241 2168 339 2216 tus
368 2174 507 2225 sum,
539 2174 659 2214 cum
708 2156 876 2212 fratre
921 2164 975 2211 et
1016 2152 1335 2222 coepiscopo
1364 2156 1549 2203 nostro
1574 2145 1817 2209 Iuliano,

238 2252 343 2322 qui
372 2264 711 2306 communem
741 2249 969 2319 gratiam
1017 2258 1230 2313 semper
1273 2240 1511 2310 optavit,
1545 2237 1697 2306 cujus
1743 2237 1823 2290 in-

210 2344 462 2399 ,dustria
505 2351 560 2397 et
604 2340 990 2411 sollicitudines
1020 2348 1121 2391 tum
1166 2333 1569 2394 relevabuntur,
1596 2336 1649 2383 et
1692 2327 1823 2382 ﬁdes

204 2428 518 2492 .’ωιιιοὶί(ι.ι
563 2432 854 2487 munietur.
902 2429 1077 2499 Super
1119 2426 1300 2482 omnia
1355 2432 1533 2477 autem
1584 2420 1823 2475 fraterna

240 2528 524 2582 cbaritate
563 2526 751 2581 hortor
778 2531 836 2579 et
877 2536 1070 2577 moueo
1090 2561 1107 2583 ,
1134 2527 1192 2574 ut
1227 2532 1288 2572 ea
1321 2531 1442 2585 quae
1465 2514 1554 2567 .ad
1598 2511 1823 2583 gloriam

212 2669 217 2672 .
241 2616 341 2672 vel
371 2616 439 2672 ad
470 2615 741 2669 numimen
783 2613 1053 2683 pertinent
1075 2606 1422 2665 sacerdotalis
1449 2603 1628 2667 otlicii,
1654 2600 1824 2656 Nicae-

235 2722 450 2763 norum
477 2721 743 2761 canonum
766 2702 1085 2760 universalis
1112 2698 1364 2755 Ecclesia:
1387 2711 1572 2768 pacem
1598 2708 1824 2750 servan-

237 2801 330 2856 tia
360 2799 577 2852 decreta
606 2796 898 2852 custodias.
928 2793 1017 2849 Sic
1059 2792 1200 2849 enim
1228 2791 1370 2845 inter
1395 2785 1604 2843 Domini
1647 2798 1817 2840 sacer-

208 2944 211 2945 ,
238 2892 411 2946 dotes
440 2889 691 2944 inviolata
712 2887 946 2943 charitas
968 2882 1321 2954 permanebit,
1337 2880 1381 2934 si
1400 2879 1617 2950 paribus
1635 2874 1826 2932 studiis

237 2995 380 3057 quae
407 2988 535 3036 sunt
562 2994 596 3035 a
626 2978 829 3035 sanctis
857 2976 1107 3031 Patribus
1137 2971 1427 3029 constituta
1467 2975 1766 3024 serventur.
1801 2983 1820 3018 ι

819 3147 1044 3205 CAPUT
1093 3145 1282 3201 XXIV.

239 3288 345 3344 De
387 3285 564 3340 cadent
604 3298 803 3337 canone
865 3279 1305 3340 Chalcedonenst',’
1344 3285 1390 3329 et
1436 3275 1500 3327 de
1549 3270 1834 3344 actionibus

331 3355 690 3426 apostolorum
709 3393 725 3418 ,
754 3353 915 3426 deque
941 3346 1571 3426 sententiis_Aiigil'rqrrtno
1596 3342 1755 3409 datis,
1785 3350 1834 3394 et

328 3413 400 3481 ἀὲ
427 3423 654 3496 epistolis
682 3413 987 3493 pontiﬁcum
1027 3416 1249 3472 collectis
1277 3413 1341 3470 ab
1369 3413 1595 3467 Isidoro.

332 3599 476 3666 Quia
524 3612 651 3652 vero
700 3598 894 3652 iterum
927 3594 1143 3666 quidam
1171 3593 1283 3648 huic
1322 3589 1561 3646 relevare
1587 3604 1648 3642 ac
1680 3588 1835 3642 resti-

242 3713 422 3757 tuere
449 3696 627 3751 conati
657 3697 782 3760 sint,
816 3695 1106 3766 allegantes
1143 3691 1396 3761 quoniam
1427 3686 1661 3759 synodus
1686 3684 1842 3741 Chai»

244 3800 591 3863 cedonensis
620 3806 711 3851 aut
740 3805 855 3850 rata
903 3797 956 3849 in
1006 3802 1173 3847 totum
1216 3790 1508 3852 tenebitur,
1553 3794 1645 3841 aut
1674 3786 1727 3840 in
1757 3793 1840 3840 to-

247 3918 387 3965 tum
431 3898 756 3956 annullanda
787 3897 1031 3958 ducetur,
1062 3892 1250 3948 beatus
1299 3887 1548 3947 Ceiasius
1571 3886 1840 3956 explanat,

248 4018 322 4066 et
347 4018 517 4060 vanas
529 4001 814 4071 opiniones
834 4006 995 4067 atque
1021 3993 1350 4063 objectioues
1373 3988 1622 4053 destruit,
1647 3994 1702 4041 et
1724 4001 1844 4055 qtue

228 4115 397 4163 sunt
422 4101 653 4158 tenenda
680 4101 733 4154 in
764 4095 997 4155 decretis
1025 4094 1137 4149 suis
1158 4090 1414 4155 ostendit,
1440 4088 1618 4144 dicens
1642 4085 1754 4157 (lib.
1782 4086 1844 4138 de

256 4205 466 4263 Amuli.
513 4200 711 4262 vina):
743 4220 761 4252 ι
787 4198 867 4253 Ne
901 4196 1060 4259 forte,
1093 4193 1233 4263 quod
1278 4190 1473 4253 solent,
1507 4186 1689 4241 dicant
1718 4183 1842 4253 quin

260 4293 474 4357 Graeci,
504 4292 646 4361 quod
684 4290 727 4345 si
762 4286 999 4360 synodus
1044 4277 1493 4339 Chalcedonensis
1520 4272 1839 4337 admittitur,

261 4395 456 4457 munia
483 4399 733 4451 (cristam
769 4389 999 4444 debeant
1034 4399 1152 4454 qua:
1182 4382 1292 4437 illic
1320 4379 1574 4435 videntur
1601 4388 1723 4431 esse
1752 4374 1840 4429 de-

259 4508 539 4573 prompta.
580 4490 685 4551 Aut
730 4490 872 4549 enim
902 4501 967 4545 ev
997 4493 1105 4540 toto
1156 4498 1275 4540 eam
1320 4476 1530 4538 admitti
1574 4482 1845 4551 oportere,

262 4609 370 4657 aut
397 4598 443 4653 si
471 4612 535 4651 ex
561 4603 714 4667 parte
740 4590 1065 4663 repudianda
1100 4596 1204 4650 est,
1252 4584 1460 4640 ﬁrmam
1491 4598 1558 4636 ex
1588 4589 1701 4635 toto
1727 4596 1852 4634 con-

228 4682 233 4687 ,
264 4710 426 4755 stare
464 4712 571 4752 non
607 4708 779 4766 posse.
826 4690 1169 4759 Cognoscant
1210 4684 1388 4756 igitur,
1421 4681 1679 4752 quoniam
1720 4678 1849 4735 illud

226 4860 239 4867 ,
264 4800 575 4859 secundum
617 4796 924 4866 Scripturas
967 4796 1184 4844 sanctas
1235 4784 1685 4849 traditionemque
1731 4793 1848 4833 ma-

230 4954 239 4963 .
261 4911 289 4964 ι
316 4907 478 4955 arum,
511 4886 804 4944 secundum
843 4893 1080 4939 canones
1109 4876 1426 4948 regulasque
1456 4871 1731 4935 Ecclesiae,
1754 4883 1852 4939 pro

268 4991 389 5047 ﬁde
414 4986 683 5047 communi
712 4993 767 5040 et
798 4980 1026 5037 veritate
1049 4975 1313 5033 catholica
1341 4980 1396 5029 et
1416 4969 1730 5042 apostolica,
1756 4981 1857 5038 pro

234 5124 239 5127 -
276 5106 389 5161 qua
420 5090 561 5145 hanc
586 5086 703 5142 ﬁeri
731 5083 887 5139 sedes
932 5077 1224 5148 apostolica
1256 5070 1525 5143 delegavit
1552 5069 1861 5134 factamque

279 5156 541 5244 ﬁrmavit,
585 5192 616 5231 a
644 5182 754 5231 tota
791 5169 1030 5229 Ecclesia
1056 5166 1419 5223 indubitanter
1462 5159 1695 5215 admitti.
1741 5156 1860 5211 Alia

281 5291 485 5330 autem-
515 5294 639 5330 num
660 5291 757 5330 per
778 5277 1228 5330 incomnetentem
1257 5261 1732 5330 przesumptionem
1754 5257 1864 5312 illic

993 311 1239 374 orasc.
1278 308 1367 367 er
1405 304 1625 363 EPIST.
1662 300 1729 359 IN
1771 292 1996 357 causa
2034 270 2370 355 animum
2407 281 2713 343 manus.

1898 410 2041 477 cipe,
2085 405 2389 461 nullatenus
2422 396 2761 470 approbavit,
2817 408 2939 463 qua:
2987 390 3180 461 prinsul
3224 388 3476 447 Ecclesia:

3373 276 3477 347 ait

1902 492 2501 563 Constantitmpolitante
2525 500 2652 543 tunc
2675 484 2976 548 Anatolius,
3006 496 3106 536 nec
3129 495 3189 535 sc
3220 494 3473 549 praesum-

1901 589 2073 661 psisse
2108 584 2400 655 professus,
2454 581 2506 635 in
2538 577 2843 650 apostolica:
2884 573 3026 631 sedis
3067 571 3325 626 antistitis
3369 584 3476 637 non

1905 677 2117 749 negavit
2145 675 2317 745 posita
2342 680 2624 742 potestate,
2656 684 2776 740 qua:
2803 668 2942 731 ideo,
2973 664 3107 720 sicut
3138 663 3338 719 dictum
3368 670 3475 726 est.

1905 769 2059 823 sedes
2099 764 2390 834 apostolica
2442 776 2549 816 non
2577 759 2798 828 recepit,
2846 756 2972 826 quia
3019 769 3140 824 qua:
3171 750 3472 824 privilegiis

1905 856 2226 913 universalis
2262 853 2518 908 Ecclesiae
2542 849 2811 905 contraria
2858 847 3177 918 probantur,
3216 842 3361 898 nulla
3389 857 3459 896 ra

1909 950 2052 1006 tione
2088 947 2404 1003 subsistunt.
2438 943 2576 1012 Quid
2605 943 2747 998 enim
2779 941 2906 1012 quia
2947 940 3001 994 in
3041 936 3196 991 libris
3242 934 3468 997 sanctis,

1907 1055 2044 1112 quos
2066 1039 2249 1108 utique
2271 1049 2593 1092 veneramur
2630 1041 2686 1087 et
2718 1031 3011 1102 sequimur,
3047 1026 3298 1097 quoniam
3345 1039 3476 1095 quo:

1910 1134 2154 1189 rumdam
2191 1131 2297 1187 illic
2320 1137 2375 1184 et
2398 1125 2751 1199 profanitates
2772 1138 2892 1177 esse
2926 1120 3173 1176 feruntur
3195 1126 3252 1173 et
3273 1116 3481 1173 scelera

1910 1236 2062 1296 gesta
2106 1232 2416 1286 narrantur,
2464 1219 2584 1274 ideo
2618 1217 2772 1272 nobis
2821 1213 3024 1285 pariter
3050 1220 3143 1266 aut
3174 1208 3481 1264 veneranda

1912 1322 2037 1370 sunt
2076 1323 2166 1368 aut
2200 1309 2492 1381 sequenda,
2523 1308 2646 1377 quia
2671 1307 2722 1360 in
2765 1304 2867 1358 illis
2899 1302 3099 1358 sanctis
3128 1300 3281 1355 libris
3304 1309 3358 1353 et
3385 1314 3480 1353 ve-

1911 1403 2236 1459 nerabilibus
2256 1398 2642 1457 continentur?
2672 1394 2899 1451 Sanctus
2923 1392 3113 1447 Petrus
3133 1390 3337 1459 primus
3357 1402 3473 1457 apo~

1912 1495 2190 1560 stolorum,
2221 1493 2300 1548 sic
2349 1491 2624 1546 :estimans
2678 1484 2809 1541 Novi
2863 1480 3194 1537 Testamenti
3251 1477 3481 1550 gratiam

1910 1584 2326 1660 praedicandam,
2355 1593 2414 1637 ut
2446 1596 2474 1633 a
2502 1579 2633 1649 legis
2666 1574 2864 1630 veteris
2891 1587 2994 1627 non
3026 1569 3301 1626 recederet
3327 1566 3479 1621 insti-

1912 1655 2061 1741 tutis,
2084 1675 2328 1746 quaedam
2349 1688 2443 1744 per
2470 1667 2860 1725 simulationem
2888 1661 3079 1732 legitur
3100 1661 3242 1719 inter
3265 1655 3481 1713 Judams

1846 1762 1889 1820 B
1919 1766 2249 1836 gentilesque
2271 1762 2520 1834 gessisse;
2554 1756 2797 1827 nunquid
2837 1754 2955 1809 ideo
2987 1760 3079 1807 aut
3119 1751 3205 1804 illa
3236 1749 3354 1819 ejus
3398 1761 3485 1802 sc-

1919 1858 2127 1927 qucntla
2165 1863 2310 1918 sunt,
2337 1867 2457 1921 qme
2486 1849 2674 1902 merito
2708 1855 2762 1901 et
2803 1841 3139 1913 coapostolus
3186 1838 3302 1909 ejus
3347 1836 3487 1891 facta

1918 1945 2213 2016 redarguit,
2252 1952 2308 1998 et
2335 1949 2518 2011 postea
2541 1946 2934 2005 consequenter
2972 1933 3085 2002 ipse
3110 1928 3317 1991 vitavit,
3345 1925 3487 1996 pari-

1922 2047 2006 2091 ter
2027 2032 2346 2090 assumenda
2378 2037 2502 2085 suut
2529 2042 2651 2082 cum
2677 2025 2762 2079 his
2783 2039 2900 2093 qua:
2925 2027 3109 2090 utpote
3131 2017 3337 2088 prinms
3368 2027 3491 2082 apo-

1919 2127 2086 2183 stolus
2130 2122 2363 2179 salubria
2402 2115 2715 2190 praedicavit
2742 2106 2775 2167 ?'
2803 2109 3177 2180 Nunquidnam
3228 2111 3322 2157 aut
3368 2099 3485 2168 ejus

1921 2223 2069 2269 recta
2097 2210 2340 2266 doctrina
2371 2221 2494 2262 cum
2522 2204 2606 2259 his
2637 2215 2755 2271 qua:
2798 2195 3106 2254 humanitus
3151 2195 3489 2244 accesserant

1922 2304 2249 2379 repudianda
2268 2309 2371 2367 est,
2399 2308 2489 2355 aut
2514 2298 2600 2351 illa
2632 2294 2805 2348 adhuc
2837 2287 3117 2345 imbecillis
3140 2283 3350 2338 inscitia
3367 2294 3489 2333 cum

1924 2373 2159 2471 perfecta
2188 2396 2303 2466 ejus
2327 2392 2569 2447 doctrina
2593 2382 2932 2454 suscipienda
2956 2387 3039 2435 est
3062 2378 3085 2431 ?
3110 2373 3487 2445 Numquidnam

1926 2490 1980 2545 in
2011 2487 2249 2558 ipsorum
2297 2480 2672 2539 haereticorum
2716 2473 2872 2529 libris
2918 2484 3025 2524 non
3076 2466 3240 2520 umlta
3268 2477 3385 2532 quae
3422 2458 3488 2515 ad

1927 2552 2212 2634 veritatem
2263 2573 2570 2643 pertineant
2607 2566 2778 2638 posita
2828 2557 3182 2630 releguntur?
3216 2552 3491 2621 Nunquid-

1930 2685 2053 2724 nam
2087 2668 2206 2721 ideo
2239 2641 2439 2719 veritas
2487 2657 2764 2714 refutanda
2797 2659 2900 2717 est,
2932 2650 3056 2721 quia
3107 2646 3318 2702 illorum
3346 2641 3490 2704 libri,

1928 2763 2016 2817 tibi
2049 2761 2284 2831 pravitas
2327 2757 2485 2817 inest,
2519 2750 2816 2805 refutantur
2844 2763 2856 2797 :
2891 2750 2983 2798 aut
3033 2741 3153 2795 ideo
3191 2736 3338 2805 pravi
3368 2732 3489 2787 lihii

1917 2843 2250 2922 “suscipiendi
2271 2857 2395 2903 sunt
2418 2859 2623 2908 eorum,
2653 2839 2776 2909 quia
2800 2834 2997 2891 veritas
3024 2847 3141 2900 quae
3166 2828 3272 2885 illic
3298 2826 3497 2879 inserta

1928 2912 2139 3004 estnon
2165 2936 2435 3010 negatur?
2465 2934 2553 2988 Ait
2572 2927 2856 3003 Apostolus
2886 2923 2936 2993 (ι
2967 2920 3142 2975 Thess.
3174 2917 3227 2987 v)
3259 2935 3271 2968 :
3303 2912 3494 3010 Omnia

1929 3038 2172 3110 probate,
2198 3002 2317 3102 qua:
2346 3030 2487 3083 bona
2516 3002 2641 3079 sunt
2678 3028 2871 3074 tenete.
2927 3012 3139 3068 Scimus
3188 3002 3500 3076 Apostol'um

1857 3108 1903 3170 ο
1932 3090 2093 3185 etiam
2114 3126 2177 3180 de
2204 3131 2534 3192 paganorum
2558 3111 2709 3168 libris
2739 3108 2911 3175 aliqua
2943 3100 3184 3174 posuisse
3211 3111 3225 3150 :
3262 3090 3501 3161 nunquid

1936 3220 2055 3275 ideo
2081 3215 2240 3270 etiam
2269 3218 2463 3267 cuncta
2502 3197 2803 3271 recipienda
2834 3202 2978 3255 sunt,
3005 3205 3123 3261 quae
3146 3201 3269 3243 cum
3295 3184 3379 3238 bis
3403 3196 3493 3251 pa-

1937 3403 2206 3458 dicatores
2247 3366 2402 3448 aliter
2446 3396 2607 3456 atque
2655 3381 2812 3436 aliter
2854 3375 3130 3431 Christum
3180 3366 3497 3439 praedicare,

1939 3457 2027 3546 ubi
2060 3490 2204 3551 licet,
2251 3492 2569 3554 quocunque
2609 3472 2787 3536 modo,
2832 3467 3103 3537 Christum
3155 3457 3501 3531 praedicatum

1939 3587 2153 3650 oportet
2189 3553 2417 3630 admitti.
2461 3567 2663 3620 Tamen
2695 3576 2799 3615 non
2826 3558 2943 3611 ideo
2970 3553 3116 3607 illum
3156 3558 3507 3612 morem,quo

1942 3634 2047 3722 non
2086 3672 2228 3719 recte
2283 3657 2630 3729 praedicatum
2692 3659 2794 3712 est,
2846 3658 2955 3699 non
3000 3641 3250 3695 admonet
3286 3634 3509 3689 evitare.

1944 3757 2109 3813 Malos
2135 3748 2410 3825 operarios
2431 3746 2543 3815 ipse
2570 3735 2934 3808 conqueritur,
2966 3743 3190 3798 quorum
3221 3724 3324 3779 alia
3367 3718 3510 3775 refu-

1945 3846 2128 3909 tanda,
2165 3809 2267 3897 alia
2295 3809 2599 3894 docet-esse
2646 3825 2916 3884 sectanda.
2969 3821 3094 3877 llmc
3126 3826 3181 3873 et
3207 3809 3511 3885 hujusmodi

1945 3934 2185 4007 exempla
2240 3945 2340 3986 nos
2373 3926 2617 3985 edocent,
2648 3926 2704 3973 et
2756 3910 3056 3971 testimonia
3108 3905 3285 3963 divina
3314 3898 3512 3957 conﬁr-

3226 3995 3257 4007 ..
3299 4002 3308 4007 _
3426 3986 3509 4007 ψ,

1945 3986 2129 4093 mant,r
2156 4036 2260 4079 non
2310 4015 2489 4074 omnia
2532 4009 2733 4083 passim
2781 4021 2811 4060 a
2845 4012 3165 4074 quocunque
3209 3995 3373 4056 dicta,
3425 3986 3514 4042 vel

1944 4120 2249 4187 ubicunque
2273 4110 2496 4180 scripta,
2529 4099 2896 4160 iudiﬂ'ercnter
2925 4091 3189 4161 accipere,
3224 4084 3317 4141 sed
3339 4090 3518 4135 reten.
3590 4136 3602 4151 .

1949 4212 2017 4266 tis
2052 4169 2210 4265 bonis
2256 4169 2625 4274 quienoceant
2670 4188 2929 4246 refutare.
2962 4204 2979 4235 ι
3008 4182 3074 4237 Ει
3100 4180 3228 4233 item
3257 4194 3269 4229 :
3312 4192 3330 4225 ‹
3360 4169 3512 4239 Quod

1950 4299 2188 4357 ﬁrmavit
2223 4260 2288 4350 in.
2311 4290 2514 4364 synodo
2542 4284 2696 4342 sedes
2738 4275 3051 4348 apostolica,
3084 4273 3187 4325 hoc
3236 4266 3399 4321 robur
3425 4260 3514 4313 oh‘

1953 4392 2130 4459 tinuit;
2179 4384 2317 4462 quod
2339 4354 2617 4443 refutaiit,
2639 4371 2838 4432 habere
2865 4382 2967 4425 nou
2992 4360 3162 4437 potuit
3189 4354 3516 4415 ﬁrmitatem,

1873 4443 1926 4508 Β
1955 4497 2011 4543 et
2198 4443 2445 4534 ‘rescidit
2493 4471 2636 4541 quod
2666 4473 2861 4537 praeter
2909 4458 3151 4513 ordinem
3179 4444 3522 4520 congregatio

1956 4574 2143 4651 synodi
2176 4571 2457 4643 putaverat
2503 4534 2886 4627 usurpandum.
2926 4547 3044 4651 »ΛΕι
3082 4543 3252 4651 item:
3291 4558 3308 4590 t
3333 4534 3518 4639 ifiobis,

1958 4624 2149 4734 idquit,
2177 4624 2450 4727 opponunt
2480 4624 2733 4707 canones,
2760 4641 2889 4711 quin
2938 4631 3237 4693 Orientales
3264 4624 3521 4726 episc0pi,

1958 4714 2084 4807 duin
2135 4714 2384 4802 nesciunt
2425 4736 2552 4809 quid
2589 4735 2896 4803 loquantur,
2953 4730 3141 4780 contra
3168 4731 3304 4809 quos
3341 4714 3526 4783 ipsise

1960 4841 2145 4898 venire
2170 4833 2421 4909 produnt,
2450 4826 2591 4900 quod
2617 4825 2804 4897 primae
2834 4818 2946 4876 sedi
2970 4828 3102 4873 sana
3127 4801 3379 4874 rectaque
3402 4816 3528 4856 sua-

1958 4933 2103 4991 denti
2144 4893 2335 5000 parere
2376 4893 2664 4991 refugiunt.
2719 4913 2822 4984 Ipsi
2852 4919 2977 4969 sunt
3009 4913 3260 5000 canones,
3312 4893 3403 4962 qui
3429 4906 3525 4961 ap-

1961 4986 2304 5097 pellationem
2330 4986 2522 5072 totius'
2540 5006 2791 5065 Ecclesia:
2822 5004 2890 5059 ad
2940 4995 3100 5097 huju’s
3121 4986 3268 5097 sedis
3302 4992 3528 5080 examen

1964 5068 2184 5169 :oluere
2207 5105 2431 5164 deferri.
2470 5123 2488 5156 ι
2514 5103 2580 5157 Et
2606 5099 2735 5152 item
2770 5092 2914 5149 idem
2944 5109 2959 5144 :
2991 5106 3009 5137 ι
3034 5076 3277 5169 Viderint
3317 5085 3445 5139 ergo
3484 5068 3533 5122 si

1965 5203 2100 5257 alios
2119 5198 2320 5255 habent
2343 5205 2603 5255 canones,
2623 5186 2819 5256 quibus
2840 5194 2969 5238 suas
2995 5165 3228 5257 ἱηερινῑαξ
3241 5173 3539 5257 εκξεξιιιδιιτ

1971 5303 2057 5330 ιη.-
2116 5290 2389 5330 Ωφιρι-ιπη
2418 5286 2530 5330 icti.
2571 5278 2662 5330 nui
2711 5276 2873 5330 sacri.
2911 5267 3005 5330 ani
3042 5251 3427 5315 θεοιεδίθεῑίοῐγ
3451 5249 3545 5320 Ctui
