3948 5376
521 341 625 398 379

1490 334 1812 392 BINCMARI
1849 332 2238 388 RHEMENSIS
2285 327 2799 386 ARCIIIEPISCOPI

3687 322 3785 378 380

525 469 613 506 ms
641 452 821 521 fictile,
850 453 927 507 sic
969 452 1109 506 labia
1151 451 1402 503 tumentia
1425 464 1543 501 cum
1568 448 1799 516 pessimo
1822 445 1977 499 corde
2011 460 2096 497 so—
2124 445 2171 501 Α
2199 440 2395 494 vinitas
2424 438 2664 506 cruciligi
2694 452 2799 490 non
2834 436 3027 506 potuit,
3059 435 3221 490 homo
3236 441 3324 489 est
3360 433 3452 503 qui
3480 431 3786 487 cruciﬁxus

525 542 664 594 ciata
690 539 873 611 (Prov.
906 542 1072 607 xm).
1104 540 1168 593 Et
1198 538 1328 592 Cato
1361 556 1374 591 :

648 619 795 681 Audit
819 619 945 681 quod
972 631 1065 667 non
1090 618 1313 681 vnlt._qui
1333 617 1503 681 pergit
1521 615 1684 681 dicere
1704 614 1839 681 quod
1866 612 1982 664 vult.

654 679 798 727 lIlcus
823 675 1073 739 ιίτοευηιίι,
1098 679 1224 739 quod
1251 675 1397 726 Stulta
1421 678 1613 724 silentia
1640 677 1819 725 celant.

648 739 789 791 Tolle
810 741 917 788 mali
941 738 1123 796 testes,
1140 740 1293 787 levius
1314 741 1436 787 mals
1459 749 1619 786 nostra
1643 738 1705 786 te»
1720 749 1873 786 cuius.

529 821 681 877 Unde
710 822 838 876 item
862 820 1110 876 Salomon
1151 835 1166 873 :
1199 815 1343 890 Ejice
1371 820 1679 883 derisorem,
1708 830 1754 872 et
1797 818 1955 871 exibit
1982 834 2098 871 cum

525 930 585 967 eo
597 912 855 985 jurqium,
881 914 1255 982 cessabuutque
1288 928 1462 964 cauare
1490 920 1537 964 et
1564 910 1893 963 contumelia:
1914 905 2096 979 (Pror.

528 1002 688 1070 un).
721 1001 779 1057 Si
807 1019 933 1059 vero
960 1004 1081 1058 ideo
1110 1003 1234 1058 talia
1265 1017 1386 1071 qua:
1415 1002 1507 1057 tibi
1550 1003 1663 1057 visa
1693 1009 1837 1063 sunt,
1871 1001 1937 1054 de
1963 1015 2102 1070 prte-

528 1088 667 1144 fatis'
694 1092 1000 1158 sententiis,
1032 1107 1096 1147 ac
1143 1107 1285 1161 stupe
1328 1092 1643 1146 memoratis
1690 1091 1933 1160 epistolis
1956 1130 1971 1155 ,
2004 1090 2103 1144 de-

528 1182 861 1247 truncando,
892 1191 947 1238 et
990 1186 1428 1253 praeposterando
1453 1223 1468 1246 ,
1505 1191 1667 1252 atque
1722 1181 2105 1236 disordinando

527 1269 808 1340 collegisti,
834 1272 959 1342 quia
989 1272 1125 1329 forte
1154 1273 1355 1343 putasti
1391 1273 1658 1328 neminem
1690 1273 1852 1327 alium
1884 1273 2102 1327 easdem

527 1361 844 1425 sententias,
884 1362 965 1419 vel
1005 1364 1166 1420 ipsas
1213 1364 1492 1434 epistolas,
1527 1374 1726 1434 przeter
1775 1373 1825 1417 te
1872 1365 2101 1429 habere,

530 1450 731 1507 idcirco
769 1452 892 1506 talia
944 1452 1112 1508 libere
1155 1463 1207 1508 te
1257 1455 1578 1509 existimasti
1629 1470 1788 1524 posse
1829 1453 2102 1524 colligere,

531 1554 617 1596 res
644 1541 781 1597 mira
810 1551 913 1608 est,
942 1558 1063 1598 cum
1096 1545 1161 1600 de
1213 1546 1343 1613 ipsis
1388 1546 1671 1599 sententiis
1700 1545 1853 1615 plena
1884 1546 1957 1599 sit
2002 1545 2105 1600 ista

531 1643 698 1698 terra,
722 1644 857 1690 sicut
904 1644 959 1690 et
1004 1636 1070 1690 de
1114 1636 1254 1691 libro
1284 1636 1630 1691 collectarum
1663 1637 2009 1707 epistularum
2038 1636 2107 1691 ab

529 1725 756 1792 Isidoro,
782 1742 940 1796 quem
970 1726 1036 1781 de
1067 1726 1323 1796 Hispania
1357 1727 1578 1781 allatum
1601 1725 1849 1781 Riculfus
1884 1727 2104 1797 Mogun-

2196 530 2316 585 fuit.
2351 530 2429 585 Tu
2483 544 2568 583 me
2619 528 2966 598 reprehendis
2996 526 3131 595 quia
3160 526 3303 590 dico,
3330 524 3603 593 quoniam
3643 530 3786 578 ante-

2196 638 2357 693 quam
2388 631 2442 676 tu
2475 622 2669 679 fuisses
2711 629 2890 684 natus,
2916 634 3012 687 cgo
3034 632 3270 673 canones
3297 615 3454 679 scivi,
3480 613 3716 681 iactans
3738 623 3786 668 te

2197 728 2294 767 cur
2324 728 2428 767 non
2460 711 2556 765 tibi
2592 710 2753 765 liceat
2776 708 2938 771 scire,
2968 707 3057 776 qui
3087 716 3213 775 post.
3234 721 3320 760 me
3348 703 3630 767 didicisti,
3655 704 3785 771 quod

2197 818 2296 873 ego
2322 802 2436 858 scio
2463 802 2552 871 qui
2581 809 2705 854 ante
2736 808 2785 854 te
2813 798 2995 852 didici.
3029 796 3137 851 Sed
3177 795 3373 850 Paulus
3418 810 3533 848 non
3596 802 3684 846 est
3730 792 3787 845 de

2199 904 2290 949 tuo
2321 893 2482 949 corde
2516 892 2751 951 locutus.
2782 890 2875 959 qui
2906 888 3085 958 legens
3127 886 3325 941 dictum
3353 900 3382 937 a
3429 883 3637 951 Moyse
3664 899 3679 935 :
3709 880 3788 934 la-

2198 994 2404 1053 terroga
2439 992 2641 1052 patrem
2666 990 2815 1034 tuum
2842 990 2888 1032 ct
2922 976 3249 1031 aummtiabit
3274 976 3387 1040 tibi,
3414 973 3665 1042 majores
3680 983 3787 1025 tuo:

2198 1085 2245 1129 et
2269 1074 2439 1128 dicent
2470 1073 2560 1126 tibi
2609 1071 2788 1142 (Deut.
2819 1070 3017 1137 xxx"),
3051 1067 3311 1137 gloriatur
3338 1081 3398 1119 se
3423 1063 3702 1118 didicisse
3725 1062 3789 1116 le-

2200 1184 2318 1239 gem
2349 1169 2415 1221 ad
2444 1167 2609 1236 pedes
2631 1162 2943 1221 Gamalielis
2977 1161 3114 1231 (Act.
3150 1159 3286 1229 χιιι)
3317 1175 3331 1211 :
3366 1167 3419 1211 et
3445 1156 3646 1211 sciens
3672 1157 3784 1222 quia

2201 1262 2417 1331 quando
2463 1260 2728 1330 superbus
2769 1266 2918 1322 erat,
2965 1256 3031 1309 de
3078 1255 3215 1311 coelo
3267 1261 3353 1307 est
3394 1258 3719 1320 prostratus
3759 1266 3783 1302 ι

2203 1354 2451 1415 Domino,
2476 1361 2531 1407 ct
2558 1352 2650 1423 qui
2687 1351 3007 1420 praedicator
3038 1347 3247 1403 futurus
3301 1354 3443 1404 erat,
3471 1360 3594 1397 non
3628 1351 3789 1395 larium

2206 1461 2329 1499 mox
2358 1454 2417 1498 ut
2464 1443 2781 1513 praedicaret
2803 1440 2947 1510 quod
2996 1439 3202 1492 viderat
3230 1435 3460 1497 audivit,
3494 1434 3603 1492 sed
3651 1433 3701 1487 ei
3723 1433 3793 1501 jav

2205 1536 2346 1590 ccnti
2381 1536 2579 1589 dicitur
2613 1552 2625 1588 :
2658 1532 2940 1602 Ingredere
2964 1531 3019 1607 in
3049 1529 3330 1587 civitatem,
3364 1537 3412 1580 et
3456 1526 3679 1578 dicetur
3713 1523 3791 1575 tibi

2204 1628 2332 1699 quid
2359 1638 2408 1682 te
2459 1635 2690 1696 oporteat
2724 1624 2894 1692 facere
2938 1622 3074 1689 (Act.
3118 1619 3216 1689 Ix).
3263 1618 3331 1672 Et
3376 1618 3482 1671 hoc
3542 1614 3794 1668 Dominus

2207 1734 2329 1776 eum
2365 1717 2433 1772 ab
2456 1715 2661 1770 Anania
2687 1713 2898 1768 discere
2924 1709 3111 1774 voluit,
3143 1708 3283 1762 unde
3315 1708 3430 1775 ipse
3456 1720 3591 1761 eum
3624 1704 3789 1757 statim

531 1832 677 1873 unus
706 1818 991 1889 episcopus
1038 1819 1091 1872 in
1124 1817 1452 1885 huiusmodi,
1483 1821 1621 1874 sicut
1669 1828 1722 1874 et
1771 1820 1827 1874 in
1858 1795 2109 1887 capitulis

2216 1819 2264 1865 et
2318 1809 2372 1865 in
2430 1813 2702 1863 [nomento
2754 1817 2848 1873 per
2907 1799 3283 1855 revelationcm
3344 1796 3525 1866 potuit
3586 1795 3788 1847 docere.

530 1909 715 1977 regiis,
747 1911 1022 1965 studiosus
1061 1910 1315 1974 obtinuit,
1348 1922 1401 1965 et
1438 1910 1573 1965 istas
1618 1911 1865 1981 regiones
1907 1926 1974 1965 ex
2015 1911 2107 1970 illo

528 2000 723 2071 repleri
751 2000 896 2057 fecit.
934 2002 989 2056 lu
1019 2003 1171 2072 cujus
1201 2002 1512 2072 praefatione
1543 2004 1681 2057 idem
1710 2004 1949 2057 Isidorus
1978 2003 2108 2057 dicit

530 2090 599 2146 de
624 2090 986 2160 apostolorum
1010 2092 1326 2156 canonibus,
1353 2092 1493 2160 quod
1518 2108 1546 2145 a
1582 2091 1903 2160 quibusdam
1927 2091 2109 2144 dican-

533 2189 618 2237 tur
670 2183 1002 2253 apocrypbi,
1029 2194 1085 2237 et
1126 2183 1305 2252 plures
1349 2198 1442 2237 eos
1496 2183 1796 2251 recipiant,
1827 2192 1879 2236 et
1935 2181 2106 2236 sancti

529 2277 720 2333 Patres
746 2290 933 2331 eorum
977 2261 1275 2330 sententias
1305 2274 1548 2345 synodali
1579 2274 1903 2330 auctoritate
1952 2274 2110 2329 robo.

540 2373 817 2431 raverunt,
843 2374 897 2421 et
946 2366 1086 2421 inter
1124 2366 1413 2420 canonicas
1458 2365 1873 2421 constitutiones
1920 2378 2115 2435 posite.

539 2469 671 2517 runt
708 2479 723 2516 :
755 2460 901 2531 quod
955 2459 1022 2515 de
1069 2458 1388 2528 quibusdam
1435 2458 1714 2513 sententiis
1762 2472 1949 2511 vrrum
2005 2466 2110 2522 est,

535 2552 678 2608 sicut
701 2551 825 2606 alibi
853 2550 907 2604 in
929 2550 1032 2605 hoc
1051 2548 1308 2618 opusculo
1330 2556 1482 2618 potes
1503 2547 1700 2616 legere.
1744 2545 2110 2600 Dil’ferentiam

533 2656 749 2713 quoque
794 2641 939 2697 inter
966 2638 1225 2709 epistolas
1247 2653 1383 2707 quas
1412 2637 1625 2706 collegit
1663 2645 1719 2692 et
1737 2651 1923 2690 sacros
1946 2650 2111 2690 cano-

536 2750 657 2800 nes,
688 2750 755 2789 ex
779 2732 960 2788 verbis
986 2731 1131 2787 beati
1155 2729 1377 2793 Gelasii,
1410 2728 1605 2797 quibus
1630 2736 1684 2783 et
1714 2742 1811 2782 sua
1835 2728 2000 2781 verba
2035 2727 2117 2780 in-

542 2825 828 2896 terposuit,
860 2823 1007 2879 fecit.
1035 2822 1112 2877 De
1150 2821 1369 2877 Nicaeno
1395 2828 1573 2874 autem
1625 2819 1853 2874 concilio
1883 2835 1987 2874 non
2032 2826 2117 2896 est

544 2892 711 2971 ita'ut
732 2914 968 2983 scripsit,
992 2912 1150 2967 sicuti
1180 2911 1363 2967 multis
1382 2911 1762 2966 auctoritatum
1791 2892 2116 2964 testimoniis

538 3003 867 3074 approbatur
899 3021 914 3060 z
947 3009 1002 3058 et
1029 3002 1174 3072 quod
1200 3002 1268 3056 de
1312 3002 1510 3072 pascha
1550 3017 1618 3055 ex
1663 2999 1887 3071 epistola
1932 3000 2112 3055 Theo—

539 3092 674 3165 phili
721 3092 964 3162 protulit,
993 3091 1085 3162 qui
1131 3090 1526 3159 ecclesiasticas
1567 3091 1824 3148 historias
1879 3089 2027 3159 legit,
2060 3091 2111 3144 in

2213 1900 2413 1956 Deinde
2439 1898 2581 1953 venit
2604 1893 3028 1965 Hierosolymam
3053 1892 3234 1945 vilere
3250 1889 3476 1944 Petrum
3502 1886 3711 1957 (Calat.
3734 1896 3789 1952 ι).

2183 1979 2414 2049 Ὀθίηᾱθ
2439 1998 2559 2057 post
2595 2003 2766 2045 annos
2814 1983 3223 2056 quatuordecim
3270 1982 3522 2037 ascendit
3553 1980 3790 2034 Hieroso-

2208 2085 2407 2156 lymam
2444 2079 2641 2153 (Galat.
2665 2082 2728 2149 ιι)
2761 2077 3050 2133 secundum
3090 2073 3501 2137 revelationem,
3534 2080 3593 2125 et
3618 2078 3789 2124 contu-

2217 2175 2276 2228 lit
2332 2188 2454 2228 cum
2494 2168 2929 2226 antecessoribus
2977 2165 3089 2219 suis
3134 2161 3394 2233 apostolis
3448 2158 3787 2229 Evangelioia

2213 2264 2355 2335 quod
2393 2261 2721 2332 prtedicahat
2764 2259 2818 2313 in
2867 2256 3117 2326 gentibus
3155 2252 3330 2325 (ibid.)
3363 2271 3375 2305 :
3421 2266 3676 2306 seorsum
3706 2264 3785 2302 au-

2215 2367 2321 2411 tem
2351 2370 2474 2411 cum
2505 2354 2590 2408 his
2633 2351 2725 2421 qui
2754 2349 3070 2406 videbantur
3097 2345 3529 2417 praestantiores,
3568 2359 3637 2398 ne
3663 2342 3785 2397 forte

2216 2450 2270 2503 in
2318 2461 2543 2502 vacuum
2590 2449 2836 2499 curreret
2878 2449 2972 2494 aut
3021 2439 3368 2495 cucurrissct.
3422 2436 3492 2490 Et
3540 2436 3661 2491 hate
3684 2434 3787 2487 dico

2219 2556 2322 2597 non
2355 2541 2609 2609 ignorans
2636 2536 2703 2590 tle
2731 2534 3051 2603 quibusdam
3082 2532 3281 2587 dictum
3316 2530 3483 2584 fuisse
3518 2547 3530 2582 :
3569 2527 3639 2581 In
3666 2527 3787 2579 auti-

2217 2631 2333 2701 quis
2357 2638 2431 2683 cst
2473 2626 2732 2695 sapientia
2758 2623 2902 2694 (Job.
2934 2623 3055 2692 xtl),
3087 2630 3140 2676 et
3176 2622 3242 2675 de
3284 2620 3641 2689 quibusdam,
3668 2616 3783 2670 Cani

2216 2719 2468 2782 hominis,
2517 2717 2773 2786 sapientia
2818 2712 2951 2783 ejus.
2998 2711 3257 2767 Similiter
3306 2710 3372 2766 de
3420 2709 3786 2780 quibusdam:

2219 2812 2428 2877 Quanto
2461 2810 2724 2879 juniores,
2758 2817 2901 2862 tanta
2934 2805 3353 2877 perspicaciores,
3402 2814 3456 2857 et
3487 2804 3555 2858 dc
3582 2803 3787 2871 quibus

2222 2904 2345 2957 dam
2377 2900 2799 2971 intelligendum,
2824 2897 3034 2965 Quanto
3059 2896 3334 2965 juniores,
3375 2905 3528 2948 tanto
3572 2895 3788 2963 ρει-εὔισ-
3832 2914 3839 2925 ·

2220 2994 2416 3056 ciorcs,
2455 2992 2522 3045 de
2562 2988 2810 3059 qualibus
2843 2986 3038 3042 Paulus
3084 2986 3246 3040 dicit:
3281 2985 3401 3038 Erit
3443 2994 3648 3054 (corpus
3685 2999 3789 3035 cum

2220 3097 2402 3136 sanam
2426 3080 2716 3133 doctrinam
2745 3093 2847 3130 non
2869 3075 3215 3140 sustinebunt,
3238 3074 3328 3127 sed
3367 3073 3439 3126 ad
3463 3091 3564 3127 suo
3595 3071 3789 3125 deside-

541 3162 730 3238 eodenl
759 3182 990 3239 concilio
1017 3183 1084 3239 de
1109 3183 1311 3252 pascha
1338 3197 1460 3238 cum
1490 3181 1738 3251 capitulis
1764 3181 1960 3236 ibidem
1983 3196 2115 3237 con-
2144 3165 2187 3226 C
2225 3174 2301 3225 ria
2335 3169 2707 3224 coacervubnnt
2729 3167 2826 3221 sibi
2867 3167 3144 3237 magistros
3177 3164 3261 3233 (II
3294 3164 3431 3217 Tim.
3461 3165 3561 3233 ιν),
3595 3172 3650 3217 et
3674 3162 3787 3216 reli-

545 3274 759 3343 stitutis
776 3273 1060 3343 epistolam
1087 3273 1360 3329 conditam
1390 3273 1608 3343 reperit.
1635 3272 1710 3327 De
1733 3273 1886 3341 cujus
1914 3271 2120 3327 scilicet

545 3364 739 3421 lsidori
760 3365 940 3431 dictis,
970 3367 1063 3421 sed
1087 3374 1143 3421 et
1174 3366 1241 3420 de
1285 3365 1508 3435 epistola
1551 3363 1788 3425 Damasi,
1819 3378 1980 3432 quam
2010 3377 2120 3418 sua:

545 3456 847 3527 praefationi
879 3457 1179 3526 supposuit,
1222 3469 1277 3513 et
1303 3456 1605 3513 collectioni
1636 3456 1950 3524 praeposuit,
1973 3470 2120 3523 quae-

546 3549 668 3605 dam
731 3563 941 3621 possem
987 3548 1247 3619 prolixius
1284 3550 1585 3606 ostendere.
1637 3548 1743 3606 Sed
1788 3563 1909 3606 cum
1943 3548 2008 3606 ad
2056 3562 2119 3605 ea

544 3657 668 3714 qua)
709 3642 836 3698 hinc
884 3651 1008 3698 sunt
1052 3659 1219 3713 opus,
1253 3643 1559 3713 apostolicae
1613 3643 1757 3697 sedis
1794 3641 1987 3696 Leonis
2012 3680 2026 3706 ,
2068 3647 2123 3697 et

546 3735 767 3802 Gelasii,
795 3750 862 3793 ac
886 3745 1200 3793 ceterorum
1231 3733 1543 3806 pontificum
1592 3734 1956 3790 Romanorum
2004 3740 2125 3804 post

512 3826 879 3907 ‘Damasum,
928 3827 1380 3885 suﬁcientissime
1432 3826 1726 3882 auctoritas
1774 3836 1828 3880 et
1869 3825 2125 3894 explana-

548 3918 626 3974 tio
686 3926 975 3988 suppetat,
1006 3916 1333 3987 superlluum
1381 3916 1507 3970 duxi
1549 3931 1653 3972 non
1704 3916 2009 3971 necessaria
2066 3916 2120 3969 in

548 4006 785 4060 medium
816 4007 1111 4069 devocare,
1139 4020 1207 4059 ne
1232 4005 1357 4058 illud
1380 4006 1647 4073 poeticum
1678 4006 1809 4059 mihi
1836 4005 2123 4073 objicercs,

792 4091 867 4143 Tu
891 4104 956 4143 ne
976 4092 1104 4143 forte
1125 4092 1252 4143 teras
1277 4095 1323 4141 in
1346 4094 1521 4153 sylram
1549 4093 1705 4153 ligna,
1732 4095 1897 4143 viator.

548 4172 629 4228 Tu
656 4172 811 4237 dicis,
848 4182 907 4227 ut
940 4173 1138 4237 audivi,
1163 4174 1289 4242 quia
1318 4188 1424 4227 non
1451 4188 1549 4244 ego
1583 4172 1729 4228 solus
1764 4173 1914 4242 sapio
1956 4188 2117 4228 cano-

555 4277 656 4319 nes
674 4271 733 4318 et
758 4275 944 4318 verum
968 4263 1122 4320 dicis.
1156 4263 1391 4333 Accepto
1412 4279 1631 4333 prorsus
1654 4264 1754 4319 hoc
1773 4264 1996 4328 dictum,
2017 4279 2121 4319 non

549 4357 678 4427 quia
702 4366 851 4412 tuum
876 4366 978 4424 est,
1009 4359 1101 4413 md
1129 4359 1254 4427 quia
1282 4371 1468 4412 verum
1490 4365 1594 4413 est.
1620 4356 1686 4411 Et
1709 4371 1806 4426 ego
1832 4357 1974 4423 dico,
1997 4356 2125 4426 quia

553 4467 662 4507 non
696 4461 751 4506 tu
779 4452 926 4508 solus
954 4453 1088 4509 bene
1118 4452 1368 4522 intelligis
1395 4466 1651 4516 canones,
1679 4459 1733 4507 et
1762 4465 1944 4506 verum
1978 4450 2120 4505 dico.

2223 3278 2351 3334 qua.
2392 3261 2460 3315 Et
2484 3259 2734 3330 quoniam
2771 3256 2975 3312 scimus
3002 3256 3111 3321 ubi,
3135 3264 3193 3310 et
3218 3264 3423 3325 quanto
3461 3263 3722 3320 temporc.
3746 3259 3789 3301 et

2225 3368 2255 3406 a
2306 3350 2519 3421 quibus,
2552 3356 2607 3402 et
2646 3362 2766 3417 qua:
2812 3360 2875 3401 ac
2926 3353 3123 3417 quanta
3169 3344 3424 3410 didicisti,
3464 3344 3558 3414 qui
3608 3358 3713 3398 non

2232 3439 2420 3498 doctus
2453 3438 2504 3491 in
2535 3436 2716 3491 schola
2761 3434 3017 3499 Dauielis,
3045 3435 3109 3489 de
3155 3451 3263 3505 quo
3295 3435 3517 3498 dicitur,
3549 3432 3789 3500 Nunquid

2222 3540 2276 3588 tu
2309 3527 2521 3586 Danide
2551 3527 2878 3601 Sapientior?
2906 3525 3122 3599 (Ezeclt.
3159 3523 3375 3593 xxnn.)
3406 3524 3647 3593 quandiu
3676 3520 3787 3575 talia

2229 3625 2321 3680 tibi
2355 3623 2422 3678 ad
2467 3622 2817 3677 intentionem
2871 3628 3015 3673 tuam
3070 3633 3175 3673 non
3223 3614 3538 3685 profutura,
3586 3628 3703 3683 qua:
3745 3612 3790 3665 iu

2225 3719 2546 3775 commentis
2581 3716 2688 3771 tuis
2710 3713 3077 3779 continentur,
3106 3708 3260 3763 vadis
3290 3706 3571 3770 fodiendo,
3595 3704 3786 3758 utilius.

2230 3811 2339 3866 imo
2368 3808 2493 3878 quia
2525 3808 2641 3861 haec
2666 3804 2873 3860 inutilia
2906 3809 3031 3856 sunt
3058 3798 3189 3853 utile
3220 3797 3312 3851 tibi
3363 3797 3498 3851 foret
3531 3795 3621 3849 illa
3651 3809 3785 3862 qna:-

2230 3916 2371 3971 rere,
2400 3913 2519 3968 qua:
2548 3897 2614 3951 ad
2641 3904 2786 3950 tuam
2816 3902 2872 3947 et
2897 3890 3308 3947 commissorum
3330 3886 3425 3942 tibi
3449 3886 3787 3940 salvationem

2230 3991 2497 4047 debueras
2542 3986 2807 4058 baiulare.
2842 3983 3063 4038 Scilicet
3091 3981 3358 4053 quomodo
3395 3979 3449 4032 in
3492 3977 3685 4047 regulis
3716 3991 3791 4029 sa-

2228 4080 2336 4135 cris
2368 4078 2562 4132 debeas
2594 4074 2910 4144 intelligere,
2947 4073 3072 4144 quia
3103 4071 3320 4141 quidam
3343 4068 3607 4137 jubcntnr
3637 4081 3790 4134 usque

2232 4171 2299 4225 ad
2344 4169 2561 4224 missam
2612 4164 3122 4221 catechumenorum
3181 4176 3399 4216 manere
3454 4158 3507 4212 in
3556 4156 3790 4213 ecclesia,

2232 4261 2449 4332 quidam
2479 4268 2657 4313 autem
2681 4256 2793 4313 sola
2822 4257 2963 4312 intra
2985 4253 3267 4309 ecclesiam
3299 4251 3537 4306 ﬁdelium
3562 4248 3791 4302 oratione

2227 4334 2379 4420 iungi
2436 4363 2607 4404 sacrm
2641 4348 3049 4420 mysteriorum
3076 4340 3411 4405 celebritati,
3451 4355 3482 4393 a
3521 4337 3792 4393 Dominicze

2233 4450 2410 4496 autem
2437 4453 2635 4494 mensae
2661 4437 2909 4491 convivio
2929 4432 3222 4504 segregari.
3258 4431 3317 4484 Et
3350 4428 3460 4485 Leo
3478 4428 3608 4482 dicit
3638 4426 3787 4497 (epist.

552 4542 755 4612 Recipe
781 4542 945 4612 igitur
988 4543 1088 4599 hoc
1135 4543 1361 4608 dictum,
1392 4557 1497 4595 non
1526 4543 1650 4612 quia
1682 4556 1859 4598 meum
1889 4549 1991 4606 est,
2032 4541 2114 4596 sed

2235 4531 2295 4587 9i
2326 4570 2341 4596 ,
2373 4545 2423 4584 c.
2475 4528 2530 4596 4)
2567 4546 2580 4581 :
2621 4547 2638 4578 ι
2678 4525 2772 4581 His
2817 4525 2908 4595 qui
2960 4525 3011 4578 in
3067 4533 3306 4592 tempore
3350 4516 3715 4578 necessitatis,
3747 4523 3791 4565 et

553 4635 681 4706 quia
711 4650 895 4689 verum
924 4644 1024 4691 est.
1054 4636 1120 4690 Et
1144 4636 1187 4691 si
1221 4644 1277 4690 tu
1307 4644 1359 4691 te
1392 4644 1551 4705 putas
1592 4635 1734 4691 scire
1769 4651 1888 4704 quae
1914 4649 2018 4690 non
2052 4634 2131 4688 di-

552 4725 753 4791 dicisti,
802 4739 902 4793 ego
950 4724 1098 4779 illum
1139 4727 1412 4781 hominem
1445 4726 1618 4781 solum
1672 4726 1792 4781 dico
1842 4740 1991 4789 esse,
2038 4724 2130 4793 qui

559 4817 722 4872 scivit
752 4830 871 4886 quae
897 4830 1002 4870 non
1030 4818 1097 4872 ab
1140 4818 1360 4872 homine
1386 4818 1596 4879 didicit,
1624 4816 1690 4871 de
1717 4831 1825 4886 quo
1853 4816 2127 4880 admiran-

562 4918 644 4965 tes
674 4909 923 4965 dicebant
954 4906 1122 4964 Juda‘i
1158 4925 1175 4964 :
1210 4909 1481 4974 Quomodo
1515 4911 1597 4964 hic
1630 4910 1829 4964 litteras
1860 4910 1975 4974 scit,
2012 4925 2129 4961 cum

550 5015 656 5053 non
693 4997 975 5052 didicerit?
1000 4997 1181 5061 (Joan.
1209 4999 1333 5067 vn.)
1360 4998 1426 5052 Et
1454 4998 1575 5053 ideo
1606 4998 1782 5067 potuit
1807 5012 1903 5067 per
1928 4997 2123 5052 idiotas

549 5098 599 5118 ne
639 5087 938 5118 ιιῖοιηιοιιυιω
970 5088 1160 5118 Jnnnnn
1192 5095 1431 5118 nnn‘lnnnn
1484 5095 1532 5118 ΛΙ
1566 5088 1853 5118 οιιιιῖιιηηιιη
1893 5087 1993 5118 cas:
2031 5085 2126 5118 :n‘l-

2232 4620 2458 4694 periculi
2486 4618 2725 4690 urgentis
2756 4614 3028 4677 instantia,
3063 4611 3367 4683 pnesidium
3397 4607 3724 4679 paenitentia:
3747 4612 3790 4657 et

2236 4728 2360 4768 mox
2382 4707 2840 4767 reconciliationis
2867 4706 3174 4774 implorant,
3198 4718 3297 4756 nec
3319 4700 3625 4757 satisfactio
3651 4700 3793 4752 intrr-

2233 4801 2458 4857 tlicenda
2480 4809 2583 4864 est,
2607 4814 2707 4855 nec
2736 4792 3110 4852 reconciliatio
3141 4791 3473 4865 deneganda.
3514 4812 3533 4842 ι
3570 4791 3636 4845 Ει
3657 4788 3791 4843 Inno-

2233 4890 2445 4946 centius
2476 4888 2606 4943 dicit
2635 4888 2805 4959 (epist.
2835 4889 2884 4950 ί,
2916 4900 2967 4939 c.
3001 4884 3086 4954 19)
3114 4900 3127 4936 :
3163 4880 3232 4935 Ut
3256 4896 3377 4952 quae
3407 4880 3629 4935 Christo
3654 4875 3792 4949 spiri-

2234 4981 2450 5036 tualiter
2495 4980 2703 5034 nubunt
2731 4987 2784 5032 et
2819 4993 2849 5032 a
2900 4974 3181 5031 sacerdote
3226 4971 3499 5035 velantur,
3534 4972 3581 5027 si
3630 4976 3801 5041 postea

2234 5071 2554 5118 winnhline
2600 5069 2901 5118 nnnsel'inl.
2930 5066 3015 5118 vel
3070 5081 3127 5118 se
3156 5063 3402 5118 clanculo
3453 5060 3794 5118 corruperint.
