3948 5376
159 311 258 369 581

917 314 1158 372 OPUSC.
1199 315 1286 370 ET
1326 313 1539 370 EPIST.
1581 315 1647 369 IN
1677 317 1902 374 CAUSA
1938 315 2265 373 IIINCMARI
2307 317 2604 375 LAUDUN.

3315 327 3420 380 582

160 429 360 484 reticos
410 441 474 482 ac
527 428 903 484 schismaticos
950 429 1176 500 legimus
1229 432 1296 486 ad
1351 432 1731 486 ecclesiastica:
1761 437 1808 492 Α
1839 431 1986 485 Rust.
2039 434 2232 500 Narb.,
2261 451 2379 505 cap.
2431 437 2487 504 8)
2534 455 2546 489 ε
2595 457 2611 487 ι
2651 437 2851 491 llorum
2881 452 3042 491 causa
3094 437 3188 494 Dei
3220 441 3422 510 judicio

161 519 283 572 ﬁdei
311 527 364 572 et
406 519 558 588 pacis
589 518 844 573 unitatem
875 520 1163 575 redeuntes
1191 536 1285 590 per
1315 536 1505 575 manus
1527 521 1736 588 cpisco-

157 596 300 677 palis
327 608 720 678 impositiouem
745 609 796 662 in
820 610 1098 664 ordinibus
1121 611 1231 664 suis
1253 611 1448 665 debere
1473 612 1733 680 recipere,

161 707 216 754 et
244 700 592 768 presbyteros
619 700 700 752 vel
731 700 985 755 diaconos
1017 702 1067 756 in
1103 702 1279 772 aliqua
1307 704 1542 772 graviori
1581 703 1736 773 culpa

161 790 456 854 wnvictos,
483 805 589 859 qua
612 807 704 844 eos
732 807 760 844 a
789 791 1087 845 ministerio
1116 807 1332 847 necesse
1356 793 1422 846 sit
1450 796 1731 860 removeri,

156 894 269 935 non
325 882 404 936 cis
441 898 633 936 manus
680 893 930 951 tanquam
972 885 1354 952 pmnitentibus
1392 887 1589 940 debere
1638 887 1737 940 im-

158 976 309 1042 poni.
361 973 649 1028 Sciendum
685 991 812 1045 ergo
859 976 1010 1030 nobis
1062 986 1144 1030 est
1173 1017 1186 1041 ,
1223 993 1321 1030 cur
1363 978 1632 1032 haereticis
1685 987 1732 1032 et

159 1066 525 1121 schismaticis
555 1067 902 1121 redeuntibus
930 1084 1120 1121 manus
1152 1069 1465 1136 imponitur,
1491 1076 1544 1123 et
1573 1070 1737 1138 lapsis

158 1159 478 1213 diaconibus
511 1160 591 1232 vel
622 1160 953 1228 presbyteris
990 1161 1052 1213 ad
1103 1161 1596 1215 reconciliationem
1639 1177 1736 1215 nc-

157 1265 426 1317 quaquam
480 1266 670 1304 manus
717 1251 1028 1318 imponitur,
1062 1251 1125 1305 de
1170 1251 1364 1320 quibus
1414 1252 1520 1306 Leo
1557 1253 1731 1306 dicit:

163 1359 184 1391 ι
219 1341 509 1411 Ilujumodi
540 1341 702 1410 lapsis
746 1343 810 1394 ad
841 1343 1251 1411 promerendam
1307 1344 1733 1398 miscricordiam

156 1431 255 1485 Dei
305 1435 569 1500 privatam
621 1447 738 1486 esse
788 1433 1140 1501 expetendam
1195 1434 1592 1496 secessionem,
1646 1434 1731 1486 ubi

157 1522 265 1576 illis
286 1523 602 1586 satisfactio,
636 1524 678 1576 si
711 1523 869 1577 iucrit
892 1525 1065 1592 digna,
1097 1523 1167 1577 sit
1197 1526 1355 1576 etiam
1390 1525 1679 1578 fructuosa.
1710 1546 1726 1576 ι

154 1612 228 1666 Εῑ
265 1614 405 1666 idem
436 1613 544 1667 Leo
589 1615 717 1667 dicit
747 1632 812 1686 :_¢
851 1614 915 1669 lIt
957 1615 1000 1666 si
1029 1597 1148 1683 quis
1186 1615 1235 1667 in
1292 1615 1503 1684 regulas
1550 1632 1733 1670 sacras

154 1704 512 1768 commiserit,
539 1705 747 1758 veniam
781 1705 879 1758 sibi
909 1695 1160 1773 deinceps
1187 1707 1395 1759 noverit
1422 1708 1726 1775 denegari.»

154 1791 224 1844 Et
271 1791 329 1847 S.
391 1793 726 1863 Gregorius,
779 1810 842 1848 ac
887 1795 1065 1848 ceteri
1122 1795 1350 1849 Romani
1410 1797 1728 1865 pontifices,
1767 1781 1812 1838 Β

152 1883 249 1936 sed
309 1891 361 1936 et
430 1884 570 1937 sacri
646 1898 879 1938 canones
950 1884 1132 1939 dicunt
1203 1884 1381 1954 lapsos
1439 1887 1488 1939 in
1542 1887 1729 1941 ordine

153 1993 260 2029 non
312 1977 509 2031 debere
560 1977 806 2039 restitui,
849 1977 987 2030 sicut
1044 1993 1143 2032 nec
1200 1978 1411 2047 publice
1462 1980 1726 2046 poeniten-

153 2078 234 2119 tes
289 2065 357 2121 ad
425 2068 849 2121 ecclesiasticum
909 2068 1150 2122 ordinem
1205 2070 1529 2138 promoveri.
1590 2071 1732 2136 Quo-

153 2160 318 2212 modo
380 2173 509 2229 ergo
548 2159 884 2227 paenitentia,
936 2159 980 2213 si
1035 2159 1194 2212 fuerit
1245 2161 1440 2234 digna,
1474 2176 1592 2214 esse
1637 2176 1730 2228 po-

152 2249 287 2302 terit
364 2251 673 2314 fructuosa,
721 2251 766 2303 si
822 2249 873 2302 in
931 2251 1186 2319 gradibus
1257 2252 1366 2303 suis
1429 2251 1730 2318 bujusmoii

149 2339 482 2414 pmnitentes
528 2355 630 2392 non
672 2339 923 2393 valebunt
956 2340 1206 2393 restitui?
1237 2341 1372 2406 Quid
1419 2343 1561 2396 enim
1611 2358 1735 2410 ιιι·οο

147 2429 270 2482 dest
303 2429 539 2482 triticum
575 2429 865 2493 seminare,
895 2437 950 2482 et
993 2428 1223 2484 fructum
1281 2431 1420 2486 illius
1449 2448 1550 2484 non
1585 2432 1734 2485 colli-

144 2521 315 2592 gere?
345 2521 671 2574 autdomum
704 2532 1043 2584 construere,
1084 2530 1139 2575 et
1188 2539 1291 2576 non
1320 2523 1427 2577 illic
1459 2524 1736 2577 habitare?

147 2613 415 2684 Nunquid
437 2613 678 2682 quicadit
707 2630 806 2666 non
831 2613 1111 2682 adjicietut
1140 2625 1371 2683 resurgat
1393 2615 1416 2666 ?
1437 2614 1614 2683 (.lmos
1655 2614 1732 2685 v.)

145 2707 209 2760 Et
232 2707 600 2775 quorumdam
630 2709 1026 2773 haereticorum,
1050 2725 1278 2778 quorum
1306 2709 1571 2778 baptisma
1605 2727 1732 2780 pro-

142 2803 336 2862 batur,
375 2800 602 2854 clericos,
651 2801 703 2853 in
750 2801 1026 2855 ordinibus
1068 2802 1180 2856 suis
1234 2803 1422 2870 recipi,
1469 2804 1732 2870 quosdam

141 2900 339 2944 autem
377 2890 601 2960 legimus
645 2890 805 2959 recipi
848 2906 954 2944 non
983 2891 1196 2955 debere,
1244 2899 1297 2943 ct
1342 2907 1371 2944 a
1412 2892 1732 2960 quibusdam

139 2980 421 3049 quosdam
447 2980 728 3033 hmretieos
767 2980 846 3033 vel
871 2975 1244 3034 sebismaticos
1273 2996 1394 3034 cum
1428 2981 1734 3034 chrismatis

141 3072 433 3136 unctione,
477 3089 504 3125 a
537 3071 853 3141 quibusdam
881 3071 1139 3140 quosdam
1168 3056 1265 3139 per
1300 3087 1488 3124 manus
1518 3071 1734 3140 imposi-

1839 522 2163 575 reservanda
2201 533 2306 587 est,
2339 525 2389 577 in
2414 524 2566 594 cujus
2597 541 2755 578 manu
2790 527 2912 591 fuit,
2952 536 3010 581 ut
3034 528 3218 582 talium
3243 529 3422 585 obitus

1839 625 2007 680 usque
2056 612 2121 665 ad
2172 615 2564 668 communionis
2609 616 2905 671 remedium
2944 616 3274 671 diﬂ‘erretur.
3311 618 3420 672 Nos

1838 711 2017 756 autem
2071 704 2264 770 quibus
2328 706 2630 759 viventibus
2695 722 2800 761 non
2855 709 3417 772 communicavimus,

1836 793 2062 846 mortuis
2092 795 2489 849 communicare
2517 812 2620 849 non
2651 813 2956 866 possumus.
2992 818 3009 849 ι
3059 797 3165 852 Sed
3195 808 3250 852 et
3281 814 3416 866 quo-

1837 881 1996 934 modo
2025 881 2305 936 distinctos
2353 884 2553 952 gradus
2596 887 2995 954 ptenitentium,
3033 889 3100 942 de
3141 889 3416 957 quibusin

1837 970 2132 1024 canonibus
2164 970 2409 1040 legimus,
2457 974 2752 1042 pteniteant
2776 978 3099 1045 posuitentes
3121 978 3416 1031 secundum

1836 1063 2084 1132 prmtixos
2110 1065 2332 1133 gradus,
2363 1067 2662 1137 intelligere
2687 1078 2817 1138 quot
2849 1071 2976 1134 sint,
3007 1080 3062 1125 et
3083 1071 3174 1139 qui
3216 1072 3342 1135 sint,
3366 1079 3422 1125 et

1835 1155 2125 1208 observare
2147 1171 2273 1225 erga
2309 1158 2630 1225 pcenitentes
2661 1160 2713 1212 in
2749 1161 2974 1215 ecclesia
2999 1163 3315 1225 debeamus,
3347 1177 3416 1216 ne

1835 1255 2019 1298 contra
2053 1259 2234 1299 sacras
2281 1247 2492 1317 regulas
2523 1247 2802 1314 faciamus,
2843 1266 3000 1305 nosse
3028 1268 3092 1304 ex
3119 1252 3418 1306 canonibus

1835 1335 2003 1389 sacris
2028 1337 2284 1390 debemus
2315 1355 2325 1389 :
2364 1335 2431 1391 de
2461 1339 2655 1406 quibus
2698 1340 2967 1410 qtuedam,
3006 1343 3048 1396 si
3083 1344 3134 1395 in
3165 1341 3422 1411 opusculo

1835 1426 1938 1479 isto
1967 1426 2249 1495 diligenter
2289 1429 2604 1491 attenderis,
2655 1439 2709 1482 et
2739 1446 2800 1483 ea
2829 1432 3083 1486 reducere
3119 1433 3184 1485 ad
3224 1447 3421 1484 ιιιοιιιοο

1835 1518 1967 1570 riam
1992 1517 2244 1581 volueris,
2267 1519 2509 1587 qmejam
2539 1522 2629 1573 tibi
2656 1522 2855 1576 dixisse
2881 1539 2965 1576 me
2987 1525 3187 1586 recolo,
3205 1524 3420 1592 quando

1835 1611 2102 1665 videbaris
2153 1612 2514 1680 dignationem
2568 1613 2810 1667 discendi
2879 1615 3098 1679 habere,
3167 1625 3222 1669 et
3287 1614 3420 1668 ve!le

1833 1703 2073 1760 docenda
2104 1707 2332 1772 discere,
2365 1710 2565 1777 poteris
2595 1709 2912 1780 intelligere.
2940 1709 3150 1764 Snntet
3175 1709 3275 1762 alia
3303 1709 3418 1777 plu-

1838 1797 2135 1867 rima,qu
2175 1800 2300 1853 hinc
2353 1800 2444 1853 tibi
2472 1810 2711 1868 poteram
2752 1811 3083 1870 computare,
3118 1801 3210 1854 sed
3265 1800 3417 1862 mihi,

1836 1890 2131 1958 praesertim
2184 1891 2322 1946 inter
2369 1893 2550 1960 spinas
2602 1892 2911 1956 seminanti,
2963 1907 3083 1946 esse
3125 1891 3336 1958 longum
3365 1897 3421 1942 et

1837 1979 1930 2033 tibi
1981 1980 2369 2034 infructuosum
2425 1983 2539 2036 fore
2583 1983 2850 2046 existimo,
2906 1984 3030 2052 quia
3088 1977 3416 2035 voluntatem

1837 2079 1982 2123 tuam
2007 2085 2069 2123 ac
2091 2071 2412 2127 desiderium
2442 2074 2507 2126 a.l
2539 2089 2598 2125 ea
2628 2073 2845 2127 tendere
2878 2073 3147 2126 inhiantcr
3177 2069 3336 2124 audio
3366 2078 3421 2122 et

1836 2159 2010 2223 video,
2039 2178 2155 2230 qua:
2182 2173 2428 2232 tanquam
2471 2163 2644 2230 fenum
2671 2164 2906 2216 velociter
2926 2170 3177 2226 arescent,
3204 2170 3252 2214 et
3285 2162 3418 2214 sicut

1836 2248 1976 2302 olera
2003 2250 2281 2305 herbarum
2331 2254 2432 2304 cito
2462 2252 2697 2305 derident
2732 2250 2903 2322 (Psal.
2937 2252 3145 2320 χχχιχ).
3187 2251 3260 2302 Dc
3294 2248 3420 2317 qui-

1837 2340 1936 2394 bus
1959 2342 2151 2406 iterum
2176 2344 2429 2412 scriptum
2453 2352 2535 2398 est
2563 2361 2575 2396 :
2613 2344 2943 2396 Dormieruut
2973 2359 3211 2396 somnum
3235 2357 3410 2398 suum.

1838 2439 1884 2482 et
1935 2431 2064 2483 nihil
2099 2433 2398 2485 invenerunt
2431 2449 2604 2486 omnes
2630 2433 2727 2486 viri
2751 2433 3051 2486 divitiarum
3098 2433 3150 2485 in
3179 2431 3421 2485 manibus

1839 2523 1968 2574 suis.
2001 2523 2074 2574 Ab
2101 2523 2453 2592 increpatione
2476 2535 2589 2586 tua,
2625 2523 2763 2575 Deus
2783 2522 2969 2585 Jacob,
3009 2521 3421 2574 dormitaverunt

1838 2615 1926 2684 qui
1983 2615 2324 2668 ascenderunt
2377 2632 2532 2684 equos
2594 2613 2767 2682 (Psal.
2823 2615 3002 2682 Lxxv).
3069 2632 3086 2662 ‹
3145 2612 3200 2666 lu
3249 2617 3422 2664 morte

1842 2708 2056 2770 animm,
2087 2707 2259 2775 inquit
2288 2704 2601 2775 Gregorius,
2630 2706 2828 2758 mentis
2871 2703 3055 2758 oculos
3097 2719 3126 2756 a
3174 2701 3421 2755 veritatis

1843 2800 1961 2855 luce
1993 2799 2323 2862 clauserunt,
2343 2799 2430 2865 qui
2463 2798 2514 2850 in
2542 2796 2823 2866 praesentis
2852 2797 2975 2848 vita:
3005 2795 3207 2847 honore
3231 2789 3422 2844 conﬁsi

1842 2899 1967 2943 sunt
1991 2889 2120 2958 :-qui
2153 2888 2464 2956 temporalis
2487 2903 2640 2940 amor
2659 2898 2713 2940 et
2737 2889 3066 2950 honor,~tutn
3090 2884 3228 2938 sicut
3245 2882 3422 2934 fumus

1841 2984 2113 3045 dclicicnt,
2168 2983 2266 3035 nisi
2316 2985 2383 3036 ad
2440 2992 2648 3050 tempus
2705 2980 2874 3034 fueris
2921 2979 3042 3033 inde
3089 2991 3419 3039 conversus,

1842 3072 2054 3140 quando
2101 3071 2350 3123 transibit
2393 3083 2562 3133 actus,
2613 3069 2851 3124 manebit
2880 3068 2974 3122 tibi
3002 3076 3202 3122 reatus.
3245 3087 3262 3117 ι
3297 3065 3422 3119 Ideo

140 3166 361 3218 tionem
390 3163 504 3216 sine
529 3162 838 3217 chrismatis
861 3163 1132 3224 unctione,
1161 3178 1187 3215 a
1219 3162 1537 3230 quibusdam
1570 3179 1735 3231 quos-
1765 3141 1807 3200 (ἶ
1839 3169 2150 3230 oportuerat
2181 3169 2230 3213 te
2256 3160 2364 3221 illa,
2397 3176 2515 3229 quae
2551 3159 2638 3214 hic
2668 3160 2764 3214 tibi
2802 3160 3058 3229 prodesse
3099 3158 3417 3226 inciperent,

139 3258 277 3313 dam
308 3256 425 3311 sine
451 3271 642 3309 manus
673 3255 1032 3322 impOsitionc,
1063 3270 1180 3308 cum
1220 3255 1551 3323 professione
1579 3255 1735 3309 simul

139 3361 192 3405 et
219 3349 650 3418 subscriptitme,
679 3365 704 3401 a
739 3347 1057 3416 quihusdam
1089 3349 1343 3416 quosdam
1370 3357 1572 3401 tantum
1614 3365 1737 3419 pro-

138 3443 394 3497 fessione
418 3440 580 3510 recipi
613 3441 807 3493 debere
834 3439 1077 3510 legimus.
1111 3440 1175 3492 Et
1205 3440 1329 3492 item
1358 3439 1407 3491 in
1450 3440 1618 3492 sacris
1646 3456 1736 3492 ca-

139 3533 389 3587 nonibus
427 3530 653 3599 legimus
702 3531 870 3598 (conc.
908 3528 1104 3582 Arelat.
1140 3546 1200 3592 ιι,
1232 3547 1354 3584 can.
1402 3529 1494 3598 ‘23)
1536 3548 1546 3580 :
1599 3548 1615 3578 ι
1667 3529 1734 3582 Ut

138 3625 194 3678 hi
230 3623 480 3692 quipost
505 3630 748 3674 sanctam
785 3620 1062 3688 religionis
1101 3619 1484 3687 professionem
1520 3628 1732 3686 aposta-

139 3719 295 3772 tant,
321 3717 374 3761 et
396 3709 460 3760 ad
489 3709 741 3761 s:eculum
773 3707 1013 3768 redeunt,
1038 3716 1088 3759 et
1113 3708 1446 3774 postmodum
1477 3707 1737 3774 pceniten—

138 3802 237 3853 llLB
277 3798 513 3851 remedia
545 3812 648 3850 tzon
679 3796 980 3864 requirunt,
1009 3796 1123 3849 sine
1154 3795 1465 3864 pmuilentia
1497 3809 1738 3847 cominu-

143 3892 371 3943 nionem
401 3888 613 3956 penitus
644 3903 748 3940 non
779 3885 1065 3954 accipiant,
1123 3905 1139 3936 ι
1193 3886 1258 3938 Εῐ
1303 3903 1316 3937 :
1354 3905 1371 3934 ‹
1409 3884 1736 3938 Pmuitentes

143 3979 240 4047 qui
277 3979 329 4030 in
355 3975 669 4030 inﬁrmitate
699 3975 953 4029 viaticum
986 3974 1354 4027 eucharistica:
1409 3972 1733 4040 acceperint,

146 4083 258 4120 non
293 4081 351 4120 se
381 4065 605 4120 credant
635 4065 918 4119 absolutos
936 4065 1050 4118 sine
1084 4079 1271 4117 manus
1299 4063 1656 4132 impositioue,
1689 4065 1733 4116 si

145 4159 571 4229 supervixeriut.
613 4177 629 4207 ι
685 4158 745 4210 Et
796 4157 1040 4225 legimus,
1095 4157 1216 4225 quia
1269 4156 1406 4208 sicut
1437 4169 1599 4208 unum
1653 4162 1735 4208 est

149 4256 442 4325 baptisma,
498 4255 568 4308 ita
619 4264 672 4308 ct
716 4270 822 4306 una
877 4251 1033 4305 debct
1085 4268 1200 4306 esse
1232 4249 1566 4320 pumilentia,
1617 4265 1733 4316 quae

147 4355 333 4398 tamen
371 4345 582 4414 publice
625 4345 815 4415 agitur.
853 4343 919 4396 Et
960 4351 1084 4396 sunt
1139 4342 1190 4396 in
1239 4343 1438 4397 nostris
1467 4341 1734 4410 parochiis

149 4433 394 4500 plurimi,
447 4434 535 4501 qui
569 4440 685 4501 post
738 4430 1108 4501 paenitentiam
1150 4440 1203 4484 et
1236 4429 1726 4487 recent-iliationem

149 4535 243 4588 per
293 4537 485 4576 manus
540 4521 955 4591 impositionem,
1005 4528 1058 4571 et
1101 4527 1221 4588 post
1271 4519 1730 4580 communionem,

149 4611 350 4666 iterum
381 4613 652 4675 labuntur,
681 4627 782 4663 non
809 4609 979 4663 solum
1008 4608 1194 4671 semel,
1219 4610 1310 4662 sed
1334 4619 1387 4662 et
1409 4608 1645 4662 secundo
1668 4622 1731 4661 ac

153 4704 312 4758 tertio
346 4721 358 4756 :
406 4704 672 4772 quomodo
705 4702 857 4756 nobis
887 4701 951 4755 de
983 4700 1066 4754 his
1109 4699 1410 4753 faciendum
1444 4699 1532 4762 sit,
1585 4713 1729 4761 cum,

152 4797 290 4850 sicut
341 4796 722 4865 praemisimus,
777 4795 894 4848 sine
945 4793 1258 4862 paenitentia
1301 4792 1733 4847 communionem

154 4904 256 4941 non
280 4889 568 4957 accipient,
602 4887 686 4942 vel
715 4887 979 4955 quomodo
1029 4887 1117 4955 qui
1152 4886 1420 4956 accipiunt
1449 4883 1727 4940 eucharis-

157 4979 302 5043 tiam,
326 4989 380 5034 et
404 4981 483 5034 sic
514 4979 834 5042 moriuntur,
864 4977 1090 5032 absoluti
1111 4986 1285 5042 erunt,
1309 4979 1397 5046 qui
1426 4993 1529 5030 non
1556 4985 1736 5029 essent

161 5069 382 5124 absoluti
438 5069 557 5123 sine
605 5084 791 5122 manus
821 5069 1181 5137 impositione,
1215 5069 1256 5121 si
1301 5069 1729 5138 superviverent.

159 5155 217 5210 Et
241 5159 291 5212 in
311 5158 485 5214 sacris
500 5157 796 5213 canonibus
818 5159 1038 5228 legimus
1058 5167 1224 5230 (conc.
1259 5159 1469 5222 i"asen.,
1488 5173 1614 5211 can.
1639 5156 1728 5224 2):

165 5264 179 5292 σ
215 5245 427 5312 Eorum,
463 5247 553 5316 qui
587 5247 898 5314 poenitentia
929 5258 1148 5318 accepta
1183 5251 1232 5302 in
1257 5250 1392 5304 bono
1417 5251 1543 5302 vitae
1571 5263 1730 5300 cursu

157 5336 506 5376 Satisf-mlnrin
560 5339 972 5376 nnmnnnr-timm

1025 5341 1262 5376 virnnlnc
1338 5342 1454 5376 cinn
1484 5352 1735 5376 nnrnmn-

1838 3255 1975 3308 etin
2010 3269 2222 3321 semper
2265 3252 2515 3304 cxistenti
2574 3253 2771 3306 szecnlo
2801 3252 3031 3321 amplius
3081 3251 3417 3319 prodessent,

1835 3348 2063 3418 quando,
2104 3347 2242 3400 sicut
2283 3345 2413 3399 dicit
2440 3345 2747 3414 Apostolus,
2786 3347 2944 3398 veniet
2978 3343 3114 3413 quod
3136 3341 3421 3411 perfectum

1836 3451 1930 3503 est,
1954 3450 2001 3493 et
2023 3437 2359 3493 evacuabitur
2383 3435 2519 3507 quod
2542 3449 2772 3505 exparte
2799 3446 2871 3489 est
2899 3436 2948 3507 (I
2979 3433 3101 3487 Cor.
3135 3433 3274 3500 xm),
3314 3439 3423 3484 tota

1839 3528 2036 3582 mentis
2078 3526 2360 3581 devotione
2397 3525 2664 3592 amplecti,
2719 3525 2784 3577 dc
2833 3525 3026 3591 quibus
3059 3522 3103 3574 si
3148 3520 3303 3573 hodie
3333 3526 3425 3571 aut

1838 3632 1961 3672 cras
1990 3617 2350 3683 interrogatus
2372 3614 2558 3677 fueris,
2588 3630 2712 3668 vera
2750 3623 2803 3666 et
2831 3612 3067 3666 salubria
3098 3611 3423 3678 respondere

1840 3709 2066 3761 valeres.
2117 3707 2222 3761 Sed
2267 3706 2392 3774 quia
2434 3722 2562 3759 usus
2602 3706 2836 3773 pessimo
2879 3712 3191 3773 preceptore
3233 3702 3422 3771 teipse,

1840 3799 2145 3868 dedignaris
2169 3797 2310 3851 scire
2339 3795 2480 3865 quod
2510 3796 2704 3858 nescis,
2741 3809 2860 3849 cum
2896 3793 3018 3848 inde
3065 3793 3423 3860 interrogatus

1839 3888 2026 3955 fderis,
2069 3899 2162 3943 aut
2189 3887 2485 3942 haesitaudo
2527 3887 2892 3941 dissimulabis
2927 3885 3275 3954 respondere,
3331 3891 3424 3936 aut

1841 3985 2043 4036 incerta
2068 3979 2308 4034 studebis
2329 3991 2580 4046 perverse
2601 3978 2812 4030 docere.
2842 3975 3079 4028 Tandem
3106 3975 3172 4026 ab
3195 3989 3258 4026 eo
3280 3971 3424 4040 quod

1839 4074 1894 4126 in
1923 4072 2027 4124 fine
2056 4070 2297 4141 pitacioli
2347 4069 2421 4121 tui
2470 4068 2661 4122 misisti
2694 4087 2706 4120 :
2738 4087 2754 4117 ‹
2794 4065 3113 4128 Decretalia,
3147 4064 3418 4132 inquiens,

1837 4179 1957 4233 qua:
2003 4178 2033 4216 a
2081 4161 2281 4216 sanctis
2337 4160 2684 4230 pontiﬁcibus
2727 4160 2915 4227 prima:
2967 4144 3132 4210 sedis
3167 4155 3423 4209 Romana:

1837 4257 2088 4313 Ecclesiae
2115 4264 2239 4310 sunt
2268 4255 2532 4318 instituta,
2561 4252 2716 4320 cujus
2756 4253 3077 4307 auctoritate
3106 4259 3268 4320 atque
3294 4265 3420 4303 san-

1835 4351 2016 4404 ctione
2035 4363 2223 4402 omnes
2258 4347 2444 4416 synodi
2495 4354 2548 4398 et
2589 4354 2772 4400 sancta
2822 4345 3048 4399 concilia
3081 4345 3423 4405 roborantur,

1837 4448 1890 4495 et
1918 4439 2265 4493 stabilitatem
2297 4445 2534 4496 sumum,
2569 4451 2667 4489 cur
2699 4451 2793 4488 vos
2823 4452 2924 4488 non
2956 4435 3156 4488 habere
3203 4431 3285 4486 vel
3321 4433 3420 4486 ob-

1841 4529 2044 4585 servari
2083 4528 2283 4592 dicitis,
2313 4528 2410 4580 nisi
2439 4529 2562 4595 quia
2588 4535 2779 4580 vestrae
2800 4526 3126 4582 ordinationi
3152 4523 3427 4578 contradi-

1835 4623 1999 4677 eunt?
2038 4641 2054 4671 ι
2093 4618 2258 4672 Miror
2285 4635 2454 4687 quare
2497 4635 2603 4672 non
2637 4619 2815 4671 vidisti
2844 4627 2895 4672 te
2922 4615 3203 4670 manifeste
3234 4613 3419 4667 redar-

1837 4718 1922 4787 gui
1949 4725 2003 4769 et
2026 4713 2316 4781 increpari,
2349 4727 2468 4765 cum
2494 4711 2602 4775 illa,
2624 4726 2741 4778 quae
2767 4711 2861 4764 tibi
2896 4711 2948 4764 in
2976 4721 3140 4778 parva
3168 4704 3429 4756 schedula

1838 4806 1975 4874 apud
2005 4801 2258 4857 Gundulli
2283 4801 2460 4854 villam
2503 4799 2645 4863 dedi,
2678 4807 2731 4852 et
2759 4800 2810 4852 in
2844 4801 2947 4853 hoc
2979 4791 3236 4864 upusculo
3266 4804 3435 4858 supra

1842 4896 2014 4966 posui,
2043 4909 2161 4963 quae
2187 4902 2393 4947 certum
2420 4904 2502 4948 est
2534 4901 2584 4945 te
2615 4891 2833 4956 habere,
2875 4889 3092 4963 penitus
3133 4882 3443 4950 printertni-

1843 4986 2000 5048 seris,
2030 4982 2155 5044 nisi,
2189 4989 2244 5034 ut
2275 4989 2326 5036 tu
2355 4984 2467 5053 ipse
2496 4998 2557 5036 ex
2600 4979 2820 5033 alterius
2845 4976 3032 5035 verbis
3080 4972 3132 5022 in
3174 4974 3265 5017 tuo
3296 4967 3449 5032 pila-

1843 5074 1981 5127 ciolo
2010 5072 2296 5140 scripsisti,
2325 5075 2450 5144 quia
2480 5082 2585 5126 tute
2623 5070 2973 5130 ordinationi,
3008 5062 3061 5116 id
3094 5064 3177 5144 esi
3205 5062 3459 5144 “fmj'o'

1841 5161 2056 5224 luutati,
2095 5137 2146 5212 et
2188 5167 2289 5214 tuae
2318 5137 2599 5218 intentioni
2625 5160 3027 5213 contradicunt.
3056 5141 3210 5199 Unde
3251 5137 3476 5201 inferri

1843 5251 1938 5304 tibi
1967 5257 2111 5304 recte
2142 5259 2316 5319 potest
2339 5254 2481 5323 quod
2509 5247 2770 5313 scriptum
2801 5257 2883 5301 est
2929 5263 2945 5300 :
2999 5236 3098 5323 Ex,
3123 5227 3292 5323 υξνίξξε
3359 5236 3479 5291 luis

1847 5351 1892 5376 la
1952 5315 2311 5376 διιίίῖρη-Ιιηρ
2356 5315 2487 5376 ..ρ-ιιι
2560 5337 2700 5376 cimrl.
2740 5334 2854 5376 ineo
2904 5317 3178 5376 earinslSll
3208 5315 3435 5376 dicens
3474 5339 3483 5372 Ζ
