3948 5376
514 313 630 389 3.35,.

517 409 637 482 rum
668 430 883 484 decreta
903 444 968 485 ex
995 431 1166 484 sacris
1202 430 1495 484 canonibus
1543 432 1894 503 promulgata,
1923 443 1974 485 et
2003 447 2085 485 ιη·
2115 434 2161 492 Α

517 519 706 575 venies
734 528 784 574 te
812 519 1025 590 obloqui
1047 519 1358 590 pontiﬁcum
1391 523 1755 578 Romanorum
1803 527 2036 582 decretis
2075 546 2108 584 :.

517 619 572 665 et
591 611 809 680 quando
839 611 1006 665 altera
1033 612 1150 666 vice
1197 612 1275 667 sic
1316 622 1568 668 accurate
1605 615 1852 680 dictahis,
1898 619 2094 672 studio-

518 700 629 755 sius
656 703 826 770 polire
856 701 1090 770 linguam
1133 710 1278 764 tuam
1307 705 1538 766 curabis,
1591 721 1657 759 ne
1686 707 1877 760 vitiose
1908 716 2092 761 contra

520 799 662 844 luam
713 791 1120 861 grammaticam
1174 794 1343 848 dictos
1379 835 1393 852 .
1449 795 1588 849 sicut
1643 796 1730 850 hic
1784 795 1956 852 feciin
2013 797 2094 852 di-

518 899 646 939 cens
675 899 689 936 :
722 883 777 939 Si
801 884 920 954 quis
940 895 1126 940 contra
1159 886 1522 942 Romanorum
1545 889 1856 956 pontilicum
1878 889 2092 944 decreta

515 971 734 1042 obloqui
786 975 1210 1046 praesumpserit.
1283 975 1392 1031 Nos
1455 978 1598 1032 enim
1679 979 1955 1049 simplices
2031 994 2095 1034 ac

516 1061 715 1128 idiotie,
772 1065 816 1118 si
865 1065 990 1120 hinc
1040 1066 1184 1135 loqui
1233 1067 1586 1138 contingeret,
1635 1069 1954 1134 diceremus,
2002 1078 2096 1125 aut

513 1162 704 1209 contra
749 1155 1114 1210 Romanorum
1174 1158 1482 1226 pontiﬁcum
1516 1159 1732 1213 decreta
1780 1159 1946 1228 loqui,
2001 1168 2095 1214 aut

514 1240 880 1298 Romanorum
945 1245 1256 1316 pontificum
1327 1247 1559 1303 decretis
1630 1249 1866 1317 obloqui.
1949 1251 2092 1305 Idem

513 1332 658 1387 enim
685 1342 804 1408 est,
836 1342 929 1389 aut
978 1345 1164 1390 contra
1225 1336 1586 1393 Romanorum
1642 1339 1954 1408 pontiﬁcum
2003 1340 2094 1394 de-

515 1432 662 1477 creta
683 1405 879 1494 'loqui,
935 1434 1027 1479 aut
1086 1424 1449 1482 Romanorum
1505 1405 1814 1499 pontiﬁcum
1861 1432 2094 1488 decretis

513 1512 752 1584 oblaqui,
797 1525 995 1572 utnon
1045 1517 1450 1572 contemnendae
1496 1519 1836 1576 auctoritatis
1872 1519 2094 1576 falsator

514 1599 682 1662 dicit:

638 1746 927 1810 Obloqultur
951 1751 1168 1799 numeris
1189 1759 1379 1813 septem
1408 1753 1680 1803 discrimina
1714 1766 1905 1807 vocum.

515 1888 668 1945 Unde
697 1899 818 1947 tuus
848 1892 1086 1959 Servius,
1111 1894 1406 1966 obloquitur
1425 1901 1674 1962 numeris,
1698 1899 1924 1956 dicendo
1952 1901 2092 1954 oblo-

512 1980 724 2053 quitui’,
760 1985 1086 2040 chordarum
1137 1990 1406 2058 expressit
1454 1991 1705 2055 laudem,
1766 2007 1901 2062 quas
1961 1994 2094 2049 dicit

514 2072 693 2128 verbis
715 2073 919 2130 locutas
949 2095 960 2128 :
985 2076 1199 2148 obloqui
1238 2079 1380 2133 enim
1410 2096 1514 2134 non
1545 2091 1627 2136 est
1650 2082 1750 2136 nisi
1777 2092 1965 2138 contra
2017 2083 2094 2137 lo-

513 2175 765 2233 quentem
801 2166 964 2238 loqui.
996 2170 1108 2238 Qua
1137 2171 1204 2225 de
1228 2188 1304 2234 re,
1339 2172 1383 2225 si
1422 2173 1673 2228 talionem
1703 2175 1833 2229 mihi
1866 2177 2093 2230 reddere

511 2253 768 2320 volueris,
804 2266 859 2311 et
895 2258 948 2312 in
1003 2260 1161 2315 dictis
1209 2262 1344 2316 meis
1375 2265 1819 2334 reprehensiones
1845 2282 2093 2336 quzereus

512 2345 784 2402 inveneris
815 2389 828 2412 ,
881 2364 979 2419 ego
1027 2350 1136 2420 jam
1183 2353 1380 2422 spretis
1419 2353 1754 2424 jactantibus
1800 2371 2091 2426 puerorum

511 2436 810 2506 plausibus,
855 2441 944 2509 qui
975 2453 1224 2498 manente
1253 2444 1460 2515 integro
1488 2461 1670 2510 sensu,
1701 2447 1752 2500 in
1802 2447 1980 2502 verbis
2009 2462 2093 2501 me

512 2529 681 2597 magis
731 2529 950 2600 intelligi
993 2547 1198 2601 quaero,
1257 2550 1419 2603 quam
1459 2535 1743 2601 admirari,
1777 2553 1900 2591 cum
1928 2538 2092 2593 Paulo

512 2617 687 2673 dicam
715 2638 728 2673 :
762 2619 827 2674 Et
871 2623 916 2675 si
940 2625 1206 2691 imperitus
1239 2643 1492 2689 sermone,
1528 2645 1628 2681 non
1663 2637 1833 2682 tanien
1874 2632 2090 2685 scientia

513 2709 598 2780 (11
625 2709 746 2765 Cor.
776 2728 850 2777 XI,
873 2713 948 2784 6).
999 2715 1115 2769 Tibi
1159 2727 1340 2772 autem
1394 2735 1531 2772 novo
1575 2721 1946 2790 grammatico,
1975 2724 2090 2791 q-ui,

511 2810 572 2855 ut
607 2801 856 2859 frondosa
883 2813 935 2858 et
959 2807 1225 2862 condensa
1256 2809 1440 2874 arbor,
1469 2810 1608 2864 loliis
1650 2821 1872 2866 ornatus
1899 2816 2090 2869 verbo-

513 2908 632 2946 rum
669 2893 902 2963 phaleris
932 2897 1092 2953 debes
1123 2899 1392 2965 iucedere,
1419 2912 1473 2956 et
1524 2910 1611 2956 tua
1643 2903 1895 2975 ﬁgmenta
1927 2922 2089 2976 gran-

511 2981 714 3040 disonis
750 3001 1003 3056 pompare
1026 2989 1222 3054 modis,
1249 2999 1303 3044 et
1334 2990 1386 3044 in
1411 3008 1622 3046 ornncm
1650 3002 1865 3048 ventum
1893 2994 2092 3050 inﬂatis

509 3075 696 3131 buccis
716 3079 1095 3146 grammalicns
1110 3097 1328 3151 spumas
1344 3098 1627 3152 exspuere,
1658 3086 1760 3139 hoc
1783 3086 1963 3141 dicere
1986 3103 2089 3141 non

1487 317 1816 386 auscultat
1856 316 2246 376 BllEMENSIS
2282 307 2792 377 ARCHIEPISCOPI

3688 320 3789 376 381

2773 432 2998 489 CAPUT
3036 433 3202 490 XXV.

2195 521 2272 575 De
2311 525 2619 576 auctoritate
2658 535 2703 577 et
2727 525 3028 596 lli/ferentia
3067 526 3403 580 conciliorum
3440 536 3490 579 et
3533 526 3797 596 epistola-

2489 610 2603 647 rum
2643 595 2780 649 sedts
2818 597 3114 662 apostolicm
3142 598 3474 666 pontiﬁcum.

2266 705 2342 760 De
2372 688 2568 760 caetero
2598 708 2736 775 quod
2785 707 2966 762 Daniel
2999 709 3128 762 dicit
3155 728 3169 761 :
3202 709 3621 763 Pertransiburu
3673 710 3790 776 plu-

2197 797 2336 861 rimi,
2365 805 2414 850 et
2450 797 2720 866 multiplex
2757 800 2852 852 erit
2883 801 3099 853 scientia
3137 799 3294 869 (Dan.
3336 803 3432 867 xu)
3456 841 3470 863 ,
3520 800 3792 854 Dominus

2194 885 2532 941 demonstrat
2560 889 2626 941 ad
2653 887 2886 959 Moyscm
2915 889 3099 943 dicens
3125 907 3138 943 ε
3172 889 3280 959 Ego
3306 907 3421 944 sum
3447 890 3599 943 Deus
3625 891 3792 943 Abra-

2194 977 2339 1042 ham,
2379 987 2428 1031 et
2460 977 2598 1032 Deus
2630 978 2804 1042 Isaac,
2836 990 2884 1034 et
2922 980 3056 1034 Deus
3081 979 3266 1046 Iacob,
3304 993 3350 1035 et
3380 999 3577 1034 nomen
3621 997 3791 1034 meum

2193 1067 2526 1124 Adonei-non
2545 1070 2770 1124 iudicavi
2790 1072 2861 1125 eis
2886 1068 3090 1140 (Exod.
3116 1071 3220 1142 vt);
3239 1081 3292 1125 et
3314 1072 3473 1141 longe
3493 1080 3629 1140 post
3655 1069 3794 1140 Moy-

2193 1174 2308 1215 sem
2333 1160 2498 1216 David
2519 1162 2651 1217 dicit
2674 1182 2686 1216 :
2707 1161 2878 1232 Super
2889 1165 3114 1218 seniores
3128 1181 3265 1217 meos
3285 1162 3522 1217 intellexi
3538 1173 3619 1225 et,
3643 1177 3792 1229 super

2195 1267 2369 1304 omnes
2397 1251 2634 1307 docentes
2659 1269 2736 1306 me
2758 1252 2986 1307 intellexi
3018 1251 3190 1325 (Psal.
3221 1243 3434 1320 cxvm);
3463 1262 3521 1307 et
3550 1251 3791 1321 apostoli

2193 1339 2441 1394 viderunt
2485 1350 2538 1396 et
2567 1342 2852 1396 audierunt
2886 1343 3026 1412 quod
3073 1343 3220 1396 multi
3266 1343 3475 1411 antiqui
3506 1341 3656 1410 justi
3703 1341 3790 1397 dc-

2194 1431 2496 1486 siderantes
2527 1447 2631 1487 non
2659 1434 2907 1488 viderunt
2935 1434 3016 1489 vel
3048 1435 3354 1489 audierunt.
3386 1434 3544 1499 Quod
3605 1434 3794 1488 beatus

2193 1519 2458 1586 Gclasius,
2495 1523 2769 1592 sapientia:
2804 1532 2857 1577 et
2887 1525 3123 1578 scientia
3171 1525 3362 1595 spiritu
3410 1525 3707 1594 repletus,
3743 1525 3792 1576 in

2193 1615 2457 1685 catalogo,
2481 1617 2574 1686 qui
2608 1616 2726 1670 libri
2762 1615 2830 1670 ab
2855 1615 3092 1670 Ecclesia
3125 1616 3391 1670 catholica
3422 1617 3790 1686 recipiantur,

2195 1715 2316 1776 post
2340 1707 2755 1775 descriptionem
2803 1697 3232 1761 authenticarum
3267 1707 3712 1777 Scripturarum.
3741 1719 3791 1760 et

2121 1795 2168 1854 B
2197 1799 2433 1862 Nicazna,
2462 1799 3072 1869 Constantinopolitana,
3116 1815 3179 1854 ac
3209 1799 3480 1869 Ephcsina
3509 1840 3528 1862 ,
3557 1797 3788 1852 Chalce-

2196 1893 2417 1948 donensi
2454 1909 2665 1962 quoque
2711 1893 2929 1963 synodis
2957 1892 3425 1953 commemoratis,-
3459 1889 3784 1957 subjunxit:

2199 2002 2216 2034 ε
2260 1984 2325 2036 Et
2349 1985 2392 2038 si
2426 2000 2528 2052 qua
2561 1993 2684 2037 sunt
2717 1983 2944 2037 concilia
2975 1999 3004 2036 a
3035 1983 3238 2037 sanctis
3268 1983 3529 2036 Patribus
3570 1981 3784 2035 instita-

2195 2080 2268 2138 ta,
2301 2083 2418 2141 post
2447 2074 2635 2126 horum
2664 2082 2895 2140 quatuor
2922 2074 3295 2128 auctoritatem
3332 2085 3386 2127 et
3430 2071 3786 2126 custodienda

2194 2173 2248 2219 et
2293 2165 2600 2234 recipienda
2647 2165 3005 2219 decrevimus.
3057 2184 3076 2216 ›
3115 2165 3576 2221 Commemoratis
3631 2164 3787 2218 etiam

2193 2257 2466 2325 opusculis
2494 2237 2921 2311 orthodoxorum
2951 2273 3017 2311 ex
3069 2257 3283 2310 nomine
3331 2255 3748 2326 designatorum
3771 2294 3784 2314 ,

2194 2349 2437 2419 adjunxit
2483 2349 2705 2404 dicens:
2740 2367 2757 2398 ι
2816 2349 2946 2403 ltem
2998 2349 3252 2418 opuscula
3303 2357 3468 2415 atque
3525 2355 3786 2400 tractatus

2193 2440 2434 2493 omnium
2489 2437 2710 2493 Patrum
2765 2439 3225 2503 orthodoxorum,
3278 2439 3369 2508 qui
3424 2440 3478 2492 in
3551 2428 3708 2492 nullo
3758 2452 3784 2490 ι

2194 2539 2395 2585 sancta:
2426 2529 2680 2586 Ecclesiae
2711 2530 2967 2585 Romana:
3013 2529 3292 2584 consortio
3320 2527 3640 2591 deviarunt,
3695 2540 3786 2580 na

2194 2623 2261 2675 ab
2310 2620 2427 2690 ejus
2474 2622 2576 2675 lide
2633 2621 2716 2675 vel
2765 2619 3144 2688 praedicatione
3195 2616 3426 2687 sejuncti
3479 2627 3634 2678 sunt,
3699 2615 3786 2670 sed

2196 2713 2364 2784 ipsius
2392 2711 2756 2767 communioni
2803 2726 2900 2780 per
2926 2710 3153 2782 gratiam
3208 2709 3301 2763 Dei
3330 2722 3506 2778 usque
3550 2707 3619 2760 ad
3670 2705 3784 2759 ulti-

2195 2820 2340 2857 mum
2374 2803 2513 2856 diem
2557 2803 2679 2855 vitae
2724 2817 2834 2856 sua:
2865 2799 3016 2854 fuere
3051 2799 3340 2868 participes
3364 2838 3383 2862 ,
3435 2796 3668 2865 legenda
3701 2795 3788 2849 de.

2193 2894 2486 2949 cernimus.
2529 2913 2547 2944 ι
2581 2891 2779 2946 Deinde
2826 2891 2983 2946 dicit:
3022 2909 3040 2942 ι
3074 2890 3202 2944 Item
3247 2887 3556 2943 decretales
3590 2888 3784 2956 episto-

2195 2982 2312 3048 las,
2362 2997 2498 3053 quas
2532 2981 2825 3037 beatissimi
2870 2995 3020 3050 papa:
3069 2978 3295 3034 diversis
3345 2976 3686 3046 temporibus
3724 2975 3785 3028 ab

2197 3077 2327 3130 urbe
2381 3075 2548 3130 Roma
2609 3073 2706 3144 pro
2759 3075 3090 3129 diversorum
3151 3071 3370 3126 Patrum
3415 3069 3786 3126 consolatione

510 3163 715 3220 licebit.
776 3167 832 3221 In
886 3149 1154 3224 clausula—
1184 3187 1312 3226 vero
1367 3149 1457 3226 lui-
1505 3174 1741 3242 pitacioli
1797 3177 2022 3245 posuisti
2073 3197 2084 3231 ε
2118 3149 2161 3207 (ἶ
2195 3165 2872 3231 dederunt,venerabiliter
2887 3163 3274 3234 suscipiendas.
3299 3181 3316 3214 ι
3345 3161 3414 3216 Ει
3441 3161 3524 3217 sic
3555 3161 3623 3214 de
3646 3175 3783 3214 mar-

419 3275 430 3284 -
517 3274 534 3306 ι
581 3255 726 3321 Hice,
751 3258 1018 3328 inquiens,
1048 3263 1320 3318 succincte
1349 3264 1563 3334 quidem
1586 3267 1850 3336 excerpsi,
1883 3284 1945 3321 ac
1969 3285 2092 3338 pas-

512 3348 612 3403 sim
654 3365 751 3418 pro
779 3351 1035 3419 qualitate
1076 3355 1273 3425 negotii
1309 3357 1646 3410 contexendo
1676 3357 2091 3427 promiscueque

512 3439 867 3504 conserendo,
896 3441 1086 3495 ordine
1105 3458 1226 3496 cum
1254 3452 1600 3513 praepostero,
1637 3454 1747 3499 tum
1773 3447 2090 3516 composito,

514 3525 608 3579 sed
663 3536 720 3582 et
775 3528 971 3582 sensim
1022 3545 1309 3592 conuexo.
1365 3534 1551 3589 ascivi.
1620 3555 1638 3587 D
1697 3534 1848 3590 Unde
1911 3546 2093 3605 parcat

513 3621 644 3685 mihi
673 3631 758 3677 tua
779 3623 1082 3693 prudentia,
1124 3635 1180 3681 et
1206 3625 1571 3697 cujuscunque
1605 3630 1830 3685 alterius
1878 3631 2094 3687 lectoris

512 3715 768 3783 patientia
803 3757 817 3779 ,
863 3717 908 3771 si
954 3717 1301 3774 tumultuario
1337 3728 1391 3774 ct
1447 3722 1642 3792 smpius
1689 3723 1938 3793 repetito,
1989 3740 2092 3777 nou

513 3807 690 3860 autem
747 3808 880 3861 recti
927 3809 1158 3863 tramitis
1202 3809 1284 3864 vel
1312 3811 1561 3865 ordinato
1610 3827 1879 3876 sermone,
1914 3827 2097 3868 neces-

512 3896 672 3951 sitate
709 3898 1018 3967 compulsus
1067 3900 1170 3953 hoc
1213 3901 1526 3968 opusculum
1586 3903 1870 3973 designare
1917 3905 2098 3972 p0tius

514 4000 675 4053 quam
721 3989 984 4056 perﬁcere
1031 3989 1255 4042 studui:
1308 3992 1562 4057 quoniam
1615 3993 1722 4046 tuis
1760 3995 2098 4061 compilatio-

516 4075 674 4130 nibus
705 4076 944 4138 confuso,
972 4084 1024 4130 et
1043 4077 1184 4131 sicut
1202 4079 1312 4146 ipse
1334 4079 1538 4143 dixisti,
1556 4090 1884 4150 praepostero
1905 4081 2096 4138 ordine

515 4167 725 4236 positis,
767 4177 820 4224 et
878 4185 1152 4238 nunquam
1201 4171 1254 4224 in
1297 4172 1486 4226 eodem
1542 4181 1684 4226 statu
1735 4175 2096 4240 manentibus,

512 4253 682 4312 aliter
730 4255 1058 4328 respondere
1105 4249 1211 4313 non
1263 4261 1454 4329 potui,
1507 4260 1612 4316 nisi
1641 4301 1656 4326 ,
1709 4271 1768 4316 ut
1813 4272 2099 4321 venatores

515 4347 643 4401 ferte
664 4346 830 4402 lustra
864 4359 1152 4418 sequentes
1187 4366 1348 4421 agere
1387 4351 1570 4406 auditu
1601 4360 1655 4407 et
1699 4352 1928 4408 lectione
1966 4370 2102 4424 puer

517 4435 815 4492 scholarius
884 4439 939 4492 in
1005 4439 1143 4493 libro
1225 4437 1316 4509 qui
1377 4441 1688 4497 inscribitur
1739 4443 2096 4514 Cynegezicon

2196 3267 2372 3327 lyram
2415 3255 2753 3326 passionibus
2802 3254 3128 3325 conjunctim
3166 3253 3414 3321 loquens,
3464 3261 3523 3305 et
3568 3251 3635 3304 de
3666 3250 3782 3302 vitis

2194 3355 2522 3410 sanctormn,
2551 3355 2605 3400 et
2633 3347 2698 3399 de
2729 3346 2936 3399 actibus
2965 3345 3106 3398 beati
3135 3343 3404 3406 Silvestri,
3439 3351 3497 3396 et
3533 3356 3604 3395 ex
3636 3339 3779 3395 Scri-

2195 3447 2349 3507 ptura
2383 3437 2448 3491 de
2495 3438 2800 3491 inventione
2833 3437 3123 3492 Dominicae
3151 3433 3340 3490 Crucis
3361 3475 3377 3499 ,
3400 3443 3458 3488 et
3504 3433 3573 3488 de
3610 3433 3783 3486 inven-

2197 3530 2339 3583 tione
2367 3530 2556 3599 capitis
2584 3530 2726 3584 beati
2756 3527 2980 3584 Joannis
3017 3528 3288 3597 Baptistze,
3334 3525 3694 3580 solertissime
3722 3539 3780 3576 ac

2195 3621 2578 3674 discretissimc
2635 3620 2840 3674 addidit
2889 3619 3112 3674 dicens:
3163 3637 3180 3668 ι
3230 3617 3336 3672 Sed
3391 3632 3518 3672 cum
3559 3617 3670 3669 inec
3719 3611 3781 3667 ad

2197 3712 2583 3766 catholicorum
2618 3726 2807 3764 manus
2831 3709 3169 3772 advenerint,
3198 3707 3345 3762 beati
3371 3706 3523 3759 Pauli
3559 3700 3778 3772 apostoli

2197 3802 2464 3874 prrecedat
2497 3801 2762 3855 sententia
2789 3818 2800 3854 :
2837 3799 3028 3855 Omnia
3058 3800 3289 3871 probate,
3322 3799 3463 3869 quod
3494 3799 3684 3851 bonum
3711 3804 3778 3847 εει

2197 3906 2362 3951 tenete
2387 3894 2435 3967 (1
2461 3895 2638 3948 Thess.
2667 3893 2774 3963 ν).›
2811 3892 2916 3948 Sed
2931 3902 2985 3945 et
3009 3891 3061 3945 in
3080 3891 3205 3960 ipsis
3230 3888 3558 3960 apocryphis
3579 3888 3776 3940 discre-

2201 3987 2399 4041 tionem
2432 3984 2599 4039 teneri
2629 3982 2826 4038 debere
2864 3981 3180 4037 subimmit:
3221 3998 3238 4030 ‹
3281 3977 3354 4032 De
3394 3978 3592 4046 quibus
3634 3989 3776 4043 quae-

2199 4077 2320 4130 dam
2339 4077 2390 4130 in
2418 4084 2586 4130 totum
2615 4082 2739 4129 sunt
2764 4072 3077 4142 rejicienda,
3100 4071 3550 4140 quredam'autem
3572 4074 3781 4135 propter

2199 4166 2579 4222 haereticorum
2625 4164 2922 4218 calumnias
2969 4163 3110 4216 inter
3138 4159 3443 4230 apocrypha
3475 4164 3606 4210 sunt
3635 4168 3778 4208 com—

2199 4256 2453 4327 putenda,
2501 4255 2594 4309 sed
2645 4268 2749 4308 non
2804 4253 3021 4323 penitus
3057 4249 3442 4311 abominanda,
3493 4247 3563 4333 de
3594 4245 3779 4333 quibus

2201 4345 2345 4399 viros
2385 4342 2682 4399 catholicos
2735 4342 2786 4396 in
2813 4341 2925 4396 suis
2969 4339 3242 4410 opusculis
3293 4329 3603 4391 testimonia
3653 4329 3776 4397 legi-

2203 4451 2323 4490 mus
2352 4435 2730 4504 assumpsisse,
2769 4434 2908 4488 sicut
2937 4442 2991 4487 et
3020 4434 3209 4487 beatus
3232 4428 3399 4483 ludas
3433 4427 3706 4498 apostolus
3727 4423 3774 4475 in

515 4526 960 4597 Carthaginensis
1002 4531 1204 4586 Aurelii
1243 4495 1444 4596 ldidici,
1482 4533 1586 4589 hac
1628 4495 1857 4602 illacqite
1887 4495 2096 4589 discur-
2124 4495 2176 4554 D
2200 4526 2425 4596 epistola
2451 4542 2544 4580 sua
2571 4527 2700 4596 egit.
2731 4544 2753 4577 ι
2779 4521 3264 4578 Animadverteuda
3287 4521 3452 4590 igitur
3481 4528 3567 4574 est
3587 4516 3777 4570 discre-

518 4619 703 4684 rendo,
736 4622 1045 4690 retrograda
1073 4625 1233 4678 etiam
1273 4626 1500 4696 vestigia
1549 4626 1858 4695 repetendo,
1917 4626 2094 4680 anfra-

516 4721 638 4768 ctus
665 4723 782 4768 tuos
807 4717 1140 4786 vestigando,
1171 4719 1439 4788 explicare
1462 4719 1732 4774 studerem
1766 4737 1777 4772 :
1813 4719 1955 4786 quod
2003 4720 2096 4774 ad—

516 4802 622 4858 huc
649 4804 778 4858 mihi
809 4805 916 4859 erit
944 4808 1306 4862 necessarium
1351 4810 1550 4873 facere,
1601 4818 1655 4864 et
1686 4811 1738 4863 in
1771 4809 2096 4878 explicanda

517 4894 584 4960 de
611 4897 838 4967 inceptis
863 4897 1093 4964 ratione,
1119 4908 1172 4952 et
1207 4899 1258 4952 in
1285 4899 1613 4953 ostendenda
1657 4900 1856 4954 causali
1884 4900 2096 4960 actione

1849 4990 1888 5002 n

2202 4618 2276 4671 tio
2305 4631 2371 4671 ex
2401 4615 2576 4670 verbis
2625 4616 2767 4670 beati
2811 4614 3008 4669 Gelasii
3041 4613 3183 4666 inter
3209 4609 3491 4681 synodalia
3519 4605 3732 4662 concilia
3758 4643 3771 4664 .

2199 4720 2254 4764 et
2282 4709 2695 4784 apostolicorum
2739 4708 2976 4760 virormn
3007 4703 3280 4773 epistolas,
3320 4715 3460 4769 quas
3485 4708 3612 4752 ante
3654 4709 3770 4748 con-

2201 4798 2323 4852 cilia
2353 4799 2624 4852 celebrata
2655 4797 2883 4851 diversis
2915 4792 3277 4863 temporibus,
3309 4804 3408 4860 pro
3451 4790 3771 4843 diversorum

2201 4885 2421 4941 Patrum
2447 4887 2814 4942 consolatione
2834 4885 3116 4947 dederunt,
3139 4894 3383 4949 quasque
3405 4875 3773 4932 venerabiliter

2871 4977 2881 5002 Ξ
2938 4990 3037 5002 ιιι-η
3089 4981 3205 5002 nnnl
3261 4978 3441 5002 nIIInIn
3486 4968 3704 5002 nnunin-I
3748 4979 3769 5002 9

2205 4995 2468 5002 ---ηε-...μη
2484 4998 2490 5002 ι
