3990 6300
529 340 636 395 587
1482 301 1811 395 maestam
1850 313 2243 397 ltllEilENSlS
2280 343 2801 407 AltClllEPlSCUPt
3683 347 3790 405 ass

531 459 650 508 rum
686 449 1053 506 sacrificamus
1079 446 1210 513 Deo,
1238 462 1336 501 nec
1365 445 1570 503 Pascha
1598 448 1652 503 in
1682 464 1781 505 ove
1804 461 1859 505 et
1893 452 2099 521 azymis
2127 456 2175 515 A
2203 471 2386 511 verum
2430 469 2513 512 est
2532 500 2546 522 ,
2578 461 2701 528 quia
2731 445 2870 516 ratio
2894 470 2950 517 et
2979 471 3181 518 veritas
3218 460 3600 517 consuetudini
3640 475 3783 529 pre-

528 545 778 600 sintiliter
801 542 1155 605 celebramus,
1187 548 1245 617 et
1285 540 1331 595 si
1378 554 1482 609 qua
1511 542 1617 596 alia
1661 542 1881 598 fuerunt
1927 552 2110 597 vetera

520 641 890 698 sacramenta,
921 647 1041 702 quae
1063 631 1241 684 omnia
1260 671 1274 695 ,
1305 639 1365 686 ut
1392 631 1501 686 dixi
1528 671 1542 696 ,
1573 632 1784 686 umbras
1814 632 2113 701 futurorum

528 726 667 797 (Col.
708 725 795 796 tt),
844 722 1077 793 appellat
1100 722 1409 792 Apostolus,
1459 723 1585 793 quia
1623 739 1686 779 ea
1736 724 2109 794 significabant

524 834 626 873 suo
655 827 894 885 tempore
939 814 1218 868 revelanda
1242 855 1256 879 ,
1306 829 1428 884 qua:
1467 829 1565 869 nos
1599 816 1835 870 revelata
1885 815 2145 897 percipis

530 924 667 972 mus,
700 915 758 960 ut
787 915 991 960 remota
1025 907 1235 968 umbra,
1277 906 1419 959 nuda
1450 921 1636 960 eorum
1684 905 1803 961 luce
1847 906 2111 961 fruamur.

528 997 661 1051 Nam
697 1004 753 1050 et
794 996 1039 1051 exuendo
1085 1004 1320 1048 veterem
1362 994 1631 1049 hominem
1677 996 2114 1050 circumcidimur

528 1091 581 1145 in
607 1089 998 1159 exspoliatione
1031 1087 1275 1155 corporis
1317 1087 1519 1151 carnis,
1569 1096 1623 1141 et
1656 1102 1788 1156 quos
1836 1087 1984 1142 cibos
2036 1084 2111 1141 illi

526 1182 700 1239 vitam
752 1182 803 1234 in
853 1178 1175 1251 pecoribus,
1226 1193 1324 1232 nos
1355 1178 1587 1232 vitamus
1632 1177 1684 1231 in
1731 1179 2009 1240 moribus,
2060 1185 2115 1232 et

525 1271 824 1325 exhibemus
867 1285 1087 1337 corpora
1136 1278 1312 1321 nostra
1355 1268 1577 1320 hostiam
1622 1266 1785 1327 vivam
1843 1278 2111 1330 sanctam,

527 1364 635 1418 Deo
661 1362 947 1433 placentem
979 1359 1155 1431 (Rom.
1189 1359 1312 1431 xu),
1346 1359 1429 1413 cui
1483 1368 1536 1411 et
1569 1358 1782 1413 animas
1813 1368 2028 1414 nostras
2057 1359 2110 1414 in

527 1453 810 1510 desideriis
845 1452 1047 1507 sanctis
1077 1466 1174 1519 pro
1199 1448 1459 1520 sanguine
1491 1448 1848 1520 intelligenter
1876 1448 2109 1504 effundi-

528 1561 672 1610 mus,
718 1554 773 1624 et
801 1543 998 1598 Christi
1028 1543 1170 1598 velut
1198 1542 1319 1613 agni
1371 1542 1717 1603 inunaculati
1750 1536 2006 1612 Sanguine
2045 1543 2113 1599 ab

524 1638 672 1694 omni
720 1637 1005 1706 iniquitate
1048 1636 1409 1690 Inllndmlttll‘:
1451 1637 1539 1704 qui
1589 1647 1808 1707 prepter
1858 1635 2113 1690 similitu-

528 1730 707 1785 dinem
733 1729 913 1782 carnis
964 1727 1190 1796 peccati,
1240 1727 1402 1781 etiam
1437 1728 1659 1797 caprino
1687 1742 1882 1796 pecore
1918 1725 1969 1780 in
2013 1742 2109 1780 vc-

526 1821 732 1876 teribus
760 1820 1046 1875 sacriﬁciis
1076 1819 1358 1889 figuratur,
1391 1834 1487 1873 nec
1518 1835 1640 1873 eum
1666 1832 1828 1889 negat;
1857 1817 1907 1872 in
1937 1818 2114 1872 crucis

525 1913 781 1967 cornibus
826 1920 1071 1976 taurum,
1116 1911 1209 1979 qui
1254 1911 1307 1966 in
1362 1910 1451 1965 illo
1502 1911 1777 1982 cognoscit
1826 1911 2113 1965 maximam

527 2005 822 2061 victimam.
855 2002 912 2058 In
945 2003 1033 2057 illo
1064 2003 1303 2072 requiem
1330 2018 1452 2058 cum
1483 2003 1808 2068 invenimus,
1840 2017 1966 2056 vere
1996 2002 2116 2057 sab-

527 2096 854 2158 batizatnns,
885 2104 938 2149 et
971 2094 1111 2147 lunae
1140 2108 1289 2147 novae
1316 2093 1648 2157 observatio,
1681 2093 1803 2146 vita:
1835 2108 1986 2146 novze
2033 2101 2116 2146 est

527 2186 916 2249 sanctificatio,
960 2192 1014 2238 et
1059 2183 1266 2239 Pascha
1314 2192 1558 2238 nostrum
1605 2191 1685 2237 est
1730 2182 2012 2247 Christus,
2062 2189 2116 2234 et

530 2290 779 2349 azymum
810 2283 1051 2329 nostrum
1079 2273 1363 2328 sinceritas
1393 2272 1635 2327 veritatis
1657 2269 1978 2325 fermentum
2008 2286 2113 2325 non

526 2370 733 2424 habens
780 2366 1081 2421 vetustatis.
1115 2364 1181 2418 Et
1208 2372 1429 2433 prepter
1458 2363 1600 2416 hanc
1628 2362 1753 2415 vitm
1782 2358 2072 2413 novitatem
2096 2398 2110 2422 ,

525 2459 734 2529 primus
761 2455 961 2510 mensis
984 2455 1034 2507 in
1067 2454 1193 2508 anni
1218 2454 1495 2507 mensibus
1517 2451 1865 2506 celebrationi
1892 2450 2015 2504 huic
2037 2458 2116 2503 at-

533 2546 770 2600 tributus
790 2552 893 2607 est,
910 2559 1034 2596 nam
1050 2544 1161 2611 ipse
1178 2542 1374 2596 dicitur
1393 2550 1448 2596 et
1464 2541 1661 2596 mensis
1680 2554 1963 2595 novorum.
1980 2538 2114 2604 Quia

529 2650 659 2690 vero
676 2636 726 2688 iu
744 2643 855 2689 toto
872 2641 1109 2701 tempore
1122 2631 1301 2687 szeculi
1327 2647 1468 2686 nunc
1484 2631 1697 2685 tertium
1722 2638 1930 2700 tempus
1948 2644 2115 2699 appa-

540 2728 672 2793 ruit,
702 2727 821 2782 ideo
862 2708 1190 2779 resurrectio
1219 2724 1429 2779 Domini
1462 2723 1709 2777 triduana
1740 2731 1839 2776 est.
1873 2720 2114 2775 Primum

532 2819 677 2874 enim
729 2825 940 2886 tempus
979 2823 1062 2870 est
1111 2824 1235 2869 ante
1285 2815 1483 2884 legem,
1525 2813 1819 2869 secundum
1852 2812 1951 2867 sub
1974 2812 2110 2882 lege,

542 2909 762 2965 tertium
806 2908 906 2963 sub
927 2907 1120 2975 gratia,
1167 2907 1255 2961 ubi
1279 2906 1392 2976 jam
1433 2905 1794 2960 manifestatio
1822 2914 1906 2959 est
1933 2921 2114 2961 sacra-

532 3001 699 3057 menti
741 3000 894 3071 prius
937 2998 1134 3052 occulti
1188 2997 1239 3050 in
1284 2997 1602 3066 prophetico
1649 2996 1932 3068 aenigmate
1965 3014 1977 3050 :
2011 2998 2115 3052 hoc

531 3108 661 3165 ergo
690 3103 743 3147 et
790 3092 843 3146 in
891 3090 1067 3143 lunari
1114 3103 1340 3143 numero
1387 3086 1744 3158 significatur.
1792 3088 1927 3155 Quia
1966 3088 2111 3142 enim

538 3159 876 3256 Septenarius
929 3195 1191 3236 numerus
1233 3178 1369 3233 solet
1413 3180 1467 3232 in
1501 3178 1796 3249 Scripturis
1827 3179 1893 3233 ad
1921 3176 2113 3248 quam-
2142 3159 2185 3223 (ἶ

535 3277 657 3331 dam
688 3272 1074 3343 perfectionem
1106 3269 1366 3341 mysticus
1394 3283 1674 3339 apparere,
1708 3269 1866 3322 tertia
1909 3268 2114 3323 hebdo-

532 3366 691 3420 mada
742 3364 883 3416 luna:
925 3362 1130 3416 Pascha
1160 3359 1483 3422 celebratur,
1522 3359 1573 3412 id
1615 3368 1699 3413 est
1746 3359 1837 3427 qui
1871 3358 1985 3413 dies
2020 3370 2114 3411 oc—

536 3457 707 3514 currit
741 3471 771 3508 a
802 3464 992 3525 quarta
1044 3454 1253 3508 decima
1309 3453 1362 3507 in
1412 3452 1720 3507 vicesimam
1754 3451 2002 3521 primam.
2049 3450 2116 3504 Et

532 3562 867 3619 qumcunqne
888 3545 991 3599 alia
1015 3543 1120 3600 illis
1143 3542 1413 3597 veteribus
1437 3542 1755 3597 adumbrata
1780 3550 1905 3595 sunt
1927 3541 2113 3610 signis,

534 3641 589 3695 in
643 3640 742 3694 isto
792 3638 993 3692 habent
1051 3635 1235 3700 liuetn,
1285 3633 1437 3703 cujus
1492 3634 1632 3703 regni
1666 3649 1793 3690 ,non
1844 3634 1941 3685 erit
1995 3632 2116 3699 ﬁnis

534 3730 751 3801 (Matth.
786 3728 860 3797 v).
893 3728 948 3781 In
980 3727 1069 3782 illo
1099 3726 1298 3797 quippe
1352 3724 1532 3779 omnia
1572 3724 1854 3793 oportebat
1883 3722 2114 3791 impleri,

532 3823 623 3892 qui
652 3820 796 3875 venit
836 3819 1005 3889 legem
1036 3828 1090 3871 et
1120 3819 1411 3888 prophetas
1440 3830 1542 3870 non
1574 3816 1781 3869 solvere
1810 3855 1824 3879 ,
1871 3815 1965 3869 sed
2018 3814 2118 3867 int-

532 3913 697 3984 plere.
725 3910 959 3964 Proinde
985 3907 1073 3961 illa
1101 3919 1287 3961 vetera
1316 3907 1469 3976 signa
1498 3922 1675 3959 rerum
1705 3920 1807 3959 non
1837 3903 2119 3959 cvacuavit

538 4001 834 4071 arguendo,
895 3997 988 4051 sed
1028 3995 1256 4048 mutavit
1310 3995 1622 4063 implendo,
1672 4002 1731 4047 ut
1781 3994 1883 4045 alia
1937 4001 2119 4047 essent

533 4108 655 4161 quae
676 4089 987 4144 nuntiarent
1018 4086 1227 4140 venisse
1248 4085 1359 4155 jam
1386 4084 1682 4149 Christum,
1713 4100 1874 4153 quam
1905 4084 2120 4137 fuerant

534 4185 625 4240 illa
658 4198 779 4252 qua:
806 4178 1241 4251 praenuntiabant
1263 4168 1388 4231 esse
1417 4184 1723 4230 venturum.
1770 4175 2034 4230 Similiter
2061 4185 2117 4230 et

534 4278 589 4332 in
642 4276 747 4330 illis
793 4270 1213 4344 apostolicorum
1268 4270 1508 4324 virorum
1562 4267 1836 4338 epistolis,
1871 4269 2113 4338 quaedam

535 4370 978 4423 demonstrantur
1006 4365 1167 4419 etiam
1223 4361 1363 4433 apud
1410 4361 1635 4431 gentiles
1671 4359 1836 4414 fuisse
1866 4369 1990 4414 ante
2017 4359 2114 4413 ad-

534 4465 754 4512 ventum
797 4453 1008 4511 Domini
1034 4452 1426 4523 'signilicativa,
1458 4449 1615 4505 sicuti
1644 4451 1709 4504 de
1740 4450 2032 4520 provinciis
2062 4458 2117 4505 et

533 4545 831 4616 privilegiis
886 4521 1212 4609 civitatum,
1269 4552 1324 4597 et
1372 4542 1689 4613 primatibus
1733 4540 2008 4595 flaminum
2059 4551 2115 4597 et
2148 4521 2192 4578 ί)

535 4628 986 4700 archiflaminum,
1034 4649 1153 4704 quze
1183 4634 1248 4688 ad
1291 4634 1464 4688 instar
1493 4631 1627 4703 legis
1658 4632 1924 4698 Mosaicm,
1956 4632 2112 4702 longe

538 4739 662 4785 ante
695 4726 975 4800 gentilium
1019 4725 1426 4796 dispositionem
1455 4764 1469 4789 ,
1503 4732 1557 4777 et
1586 4724 1638 4778 in
1668 4723 2030 4794 legislatione,
2059 4732 2115 4778 et

536 4821 691 4892 ingeis
713 4819 1017 4890 quibusque
1056 4816 1490 4870 distinctionibus
1525 4814 1826 4880 existentis,
1857 4824 1915 4868 ut
1951 4824 2112 4884 Supra

536 4914 783 4977 ostendi,
840 4920 896 4967 et
944 4911 996 4964 in
1036 4909 1297 4965 divisione
1326 4910 1558 4964 tribuum
1590 4910 1655 4965 ac
1684 4909 2029 4977 incolatuum,
2060 4918 2116 4964 et

534 5008 942 5081 privilegiorum
970 5045 986 5071 ,
1037 5020 1099 5060 ac
1120 5004 1447 5074 primatuum
1476 5005 1728 5059 ordinum
1779 5004 2110 5074 singulorum

535 5098 767 5171 gentiles
797 5097 1194 5166 disposuerunt,
1229 5103 1299 5157 et,
1330 5103 1389 5149 ut
1415 5094 1665 5150 Clemens
1696 5104 1857 5167 atque
1881 5095 2111 5151 Anacle-

536 5197 626 5243 tus
678 5186 1005 5249 ostendunt,
1070 5184 1360 5255 apostolica
1422 5185 1711 5240 traditione
1760 5185 1812 5239 in
1872 5185 2112 5240 Ecclesia

536 5280 805 5351 hodieque
835 5287 1127 5334 servantur
1175 5276 1537 5332 in'divisione
1582 5278 1883 5349 regionum,
1924 5286 1979 5331 et
2020 5292 2113 5357 pa-~

535 5371 869 5434 rochiarurn,
900 5377 955 5424 et
1003 5363 1294 5439 privilegiis
1320 5367 1548 5435 sedium,
1596 5377 1650 5422 et
1690 5368 2065 5438 episcoporum
2092 5408 2108 5434 ,

538 5480 603 5517 ac
626 5460 1182 5538 metropolitanorum,
1206 5469 1368 5530 atque
1394 5461 1705 5531 primatum.
1732 5454 1860 5527 Qum
1891 5466 2109 5530 aposto—

539 5556 643 5611 lica
684 5572 812 5611 vera
843 5555 1057 5609 traditio
1083 5554 1246 5608 etiam
1277 5552 1483 5608 ratione
1518 5561 1572 5609 et
1612 5552 1790 5624 prisca
1822 5561 2112 5607 consuetu-

536 5646 664 5701 dine
691 5646 1139 5702 suﬂieientissime
1189 5653 1272 5699 est
1318 5643 1652 5699 confirmata.
1690 5642 1853 5698 Plane
1878 5684 1893 5708 ,
1940 5643 2114 5713 inquit

494 5720 497 5723 δ
537 5735 869 5806 Augustinus
898 5737 1011 5808 (lib.
1035 5752 1083 5789 tv
1118 5736 1181 5788 de
1202 5734 1356 5804 Bupt.
1381 5744 1562 5789 contra
1593 5732 1853 5798 Donatist,
1887 5748 2004 5806 cap.
2035 5734 2109 5806 5),

2212 547 2455 620 ponenda
2483 556 2566 602 est
2594 567 2608 602 :
2637 550 2728 604 sed
2755 566 2877 605 cum
2906 550 3281 606 consuetudini
3307 550 3507 609 veritas
3529 547 3792 621 ωσι-δεδι

2216 645 2321 698 tur.
2361 637 2492 691 nihil
2521 648 2733 708 oportet
2759 641 2966 696 ﬁrmhrs
2993 641 3235 696 retineri.
3252 640 3508 708 Quaedam
3535 641 3790 710 denique,

2216 726 2355 799 sicut
2391 727 2443 781 in
2469 727 2667 782 eisdem
2696 730 2938 807 epistolis
2972 732 3041 785 ab
3078 731 3335 800 apostolis
3367 732 3566 786 tradita
3600 730 3767 803 legun

2217 826 2325 886 tur,
2358 819 2444 875 vel
2478 836 2541 874 ex
2586 820 2793 892 legibus
2822 822 3082 878 Romanis
3108 834 3382 892 assumpta
3421 825 3795 891 inveniuntur,

2214 911 2288 966 ita
2351 910 2711 982 plenariorum
2777 915 3130 969 conciliorum
3195 915 3516 970 auctoritate
3577 914 3795 971 ﬁrmata

2214 1012 2502 1057 servantur
2529 1022 2541 1057 :
2575 1010 2631 1058 et
2658 1006 2902 1075 quaedam
2931 1021 2995 1060 ex
3024 1005 3110 1060 his
3136 1005 3189 1059 in
3221 1004 3466 1061 conciliis
3507 1006 3796 1061 immutata

2216 1090 2452 1147 fuerunt.
2484 1090 2591 1148 Sed
2618 1103 2671 1149 et
2696 1096 2940 1165 quaedam
2969 1098 3036 1152 de
3065 1097 3168 1162 his,
3195 1111 3314 1166 qua:
3342 1095 3395 1151 in
3427 1097 3799 1168 regionalibus

2215 1183 2366 1240 fuere
2419 1195 2617 1241 statuta
2670 1188 2951 1254 conciliis,
3025 1189 3387 1260 plenariorum
3441 1189 3798 1244 conciliorum

2217 1275 2540 1330 auctoritate
2572 1276 2875 1341 immutata,
2916 1277 3001 1332 vel
3030 1279 3083 1333 in
3114 1278 3454 1349 postmodum
3499 1278 3799 1349 irrefraga-

2216 1366 2395 1422 biliter
2420 1369 2789 1423 conservanda
2815 1377 3086 1434 tenentur,
3110 1371 3250 1424 sicut
3269 1369 3520 1425 catholici
3543 1371 3805 1426 doctores

2216 1466 2270 1511 et
2323 1457 2577 1513 Ecclesiae
2627 1459 2868 1529 magistri
2922 1461 3323 1524 demonstrant,
3377 1469 3429 1514 et
3480 1461 3683 1529 partim
3735 1476 3801 1513 ex

2214 1561 2400 1602 eorum
2445 1546 2603 1601 dictis
2647 1562 2810 1617 supra
2850 1548 3061 1604 ostendi
3092 1565 3105 1602 :
3135 1558 3191 1604 et
3218 1557 3415 1619 przeter
3454 1561 3517 1603 ea
3561 1565 3688 1619 quze
3735 1550 3804 1604 de

2216 1638 2394 1691 verbis
2416 1637 2558 1691 beati
2578 1636 2858 1708 Augustini
2884 1640 2935 1692 in
2961 1640 3061 1694 hoc
3077 1640 3335 1709 opusculo
3357 1641 3529 1710 posui,
3560 1641 3614 1694 in
3642 1642 3805 1696 libris

2215 1727 2280 1781 de
2301 1727 2577 1796 Baptismo
2604 1728 2733 1783 dicit
2763 1746 2775 1783 :
2809 1729 3039 1799 primum
3072 1732 3287 1800 quidem
3317 1734 3608 1787 ostendens
3636 1731 3804 1787 diﬂ'e-

2218 1819 2446 1873 rcntiant
2479 1834 2600 1875 esse
2648 1819 2788 1873 inter
2830 1820 3120 1890 epistulare
3169 1822 3807 1893 colloquium,quosist:e

2217 1907 2457 1976 epistol-te
2496 1908 2936 1979 apostolicorum,
2976 1911 3042 1965 de
3070 1910 3267 1980 quibus
3308 1912 3514 1983 agitur,
3563 1913 3807 1967 condita:

2217 2008 2372 2062 sunt,
2403 2008 2459 2053 ct
2487 2000 2759 2072 regionale
2789 2016 2853 2056 ac
2883 2001 3183 2072 plenarium
3214 2003 3519 2058 concilium.
3549 2022 3571 2056 ι
3602 2002 3804 2069 Video,

2217 2084 2387 2155 inquit
2427 2086 2539 2157 (lib.
2572 2105 2630 2143 ιιι
2661 2091 2725 2144 de
2768 2088 2946 2161 Bapt.,
2980 2105 3098 2159 cap.
3124 2089 3204 2160 2),
3245 2091 3373 2161 quid
3413 2092 3592 2147 adhuc
3634 2108 3663 2146 a
3714 2108 3809 2147 me

2215 2177 2386 2246 possit
2410 2178 2629 2248 inquiri,
2648 2180 2918 2246 videlicet,
2942 2187 3001 2232 ut
3036 2180 3389 2249 respondeam
3412 2181 3810 2238 verisimilibus

2217 2267 2319 2323 illis
2350 2272 2666 2333 rationibus,
2699 2274 2895 2349 quibus
2923 2272 3003 2328 vel
3037 2282 3165 2327 ante
3189 2273 3530 2342 Agrippinus,
3559 2274 3646 2328 vel
3683 2274 3810 2344 ipse

2214 2358 2541 2431 Cyprianus,
2573 2364 2656 2418 vel
2690 2363 2763 2417 illi
2790 2364 2882 2434 qui
2908 2365 2988 2419 eis
3030 2363 3083 2418 in
3137 2362 3319 2417 Africa
3361 2373 3806 2430 consenserunt,

2214 2452 2298 2505 vel
2350 2452 2391 2505 si
2439 2453 2576 2509 forte
2607 2454 2770 2524 aliqui
2806 2471 2869 2510 ex
2907 2454 3285 2509 transmarinis
3317 2454 3477 2509 terris
3501 2454 3657 2524 longe
3685 2456 3808 2511 dis-

2216 2543 2402 2607 cretis,
2422 2543 2575 2598 ’utlllo
2603 2545 2820 2614 quidem
2844 2544 2956 2599 sive
2984 2544 3225 2615 plenario
3251 2546 3365 2600 sive
3392 2543 3582 2599 saltem
3610 2545 3778 2613 regio

2216 2637 2324 2691 nali
2354 2638 2599 2702 concilio,
2628 2639 2719 2694 sed
2742 2639 3013 2708 epistol-ari
3045 2640 3332 2710 colloquio,
3360 2641 3617 2696 commoti
3640 2648 3810 2708 sunt,

2216 2742 2275 2784 ut
2302 2730 2403 2784 hoc
2437 2745 2556 2784 esse
2578 2728 2881 2806 faciendum
2909 2740 3181 2800 putarent,
3211 2732 3355 2801 quod
3384 2740 3439 2786 et
3460 2733 3815 2787 consuetudo

2217 2820 2470 2875 Ecclesiae
2496 2820 2725 2889 pristina
2757 2837 2862 2875 non
2892 2821 3146 2886 habebat,
3196 2831 3250 2877 et
3283 2834 3468 2891 postea
3492 2822 3815 2878 catholicus

2216 2916 2365 2970 orbis
2399 2925 2664 2969 terrarum
2713 2915 3088 2971 robustissima
3126 2915 3382 2971 ﬁrmitate
3422 2916 3816 2972 consensionis

2217 3002 2467 3069 exclusit,
2506 3014 2564 3058 ut
2594 3005 2737 3072 quod
2768 3019 2865 3074 per
2889 3006 3281 3075 disputationes
3315 3005 3573 3074 ejusmodi
3604 3007 3657 3060 in
3696 3006 3815 3061 ali-

2217 3109 2445 3161 quorum
2478 3103 2687 3149 mentes
2714 3095 2952 3165 irrepere
2978 3106 3237 3166 eruperat,
3269 3098 3334 3151 de
3374 3096 3544 3151 salute
3569 3096 3816 3150 veniens

2220 3184 2441 3238 unitatis
2487 3186 2759 3254 potentior
2801 3187 3002 3241 veritas
3052 3196 3106 3240 et
3156 3186 3477 3242 universalis
3525 3186 3817 3241 medicina

2217 3286 2454 3331 sanaret.
2494 3296 2511 3329 ι
2549 3277 2680 3330 ltcm
2711 3276 3068 3332 differentiam
3100 3279 3239 3333 inter
3265 3277 3556 3349 regionalia
3587 3286 3644 3332 et
3680 3279 3809 3347 ple-

2217 3368 2369 3421 naria
2392 3367 2620 3421 concilia
2641 3369 2877 3423 ostendit
2905 3369 3007 3423 hoc
3035 3370 3192 3425 modo
3218 3386 3231 3421 :
3261 3388 3279 3420 ι
3312 3367 3494 3436 Nobis,
3520 3370 3813 3440 inquiens,

2221 3467 2389 3512 tutum
2443 3468 2525 3514 est
2586 3460 2637 3513 in
2692 3475 2755 3514 ea
2808 3476 2911 3514 non
2962 3461 3206 3530 protrahi
3260 3461 3441 3531 aliqua
3491 3460 3816 3515 temeritate

2219 3549 2521 3612 sementim,
2566 3565 2686 3619 quae
2718 3551 2864 3604 nullo
2897 3550 2948 3604 in
2981 3551 3248 3605 catholico
3278 3549 3529 3620 regionali
3560 3550 3817 3607 concilio

2216 3651 2414 3711 carpta,
2444 3641 2591 3696 nullo
2621 3643 2861 3712 plenario
2895 3643 3181 3697 terminata
3220 3651 3363 3697 sunt.
3414 3641 3470 3695 Id
3501 3648 3683 3695 autem
3723 3654 3818 3696 se-

2217 3749 2404 3789 curum
2434 3743 2517 3789 est
2544 3730 2811 3789 sententia
2842 3736 2991 3790 vocis
3037 3749 3303 3799 asserere,
3335 3733 3475 3804 quod
3505 3733 3555 3786 in
3591 3733 3815 3803 guber-

2219 3827 2440 3880 natione
2475 3826 2688 3881 Domini
2721 3827 2814 3881 Dei
2844 3827 3015 3881 nostri
3043 3836 3098 3881 et
3123 3826 3420 3881 Salvatoris
3447 3824 3569 3880 Jesu
3589 3822 3816 3880 Christi

2220 3917 2538 3972 universalis
2570 3917 2826 3972 Ecclesia!
2874 3918 3230 3973 consensione
3271 3919 3581 3973 roboratam
3624 3923 3752 3971 est.
3792 3936 3809 3967 ι

2217 4007 2347 4063 Item
2379 4008 2734 4063 differentiam
2766 4010 3003 4063 ostendit
3030 4010 3170 4062 inter
3197 4007 3531 4061 authenticas
3560 4003 3815 4074 scriptu-

2208 4116 2328 4165 ras,
2360 4109 2415 4155 ct
2438 4102 2729 4172 regionalia
2758 4111 2812 4156 et
2842 4103 3082 4173 plenaria
3113 4102 3361 4157 concilia.
3394 4118 3413 4151 ι
3441 4098 3592 4167 Quis,
3620 4097 3817 4167 inquit

2220 4192 2337 4261 (lib.
2368 4209 2406 4248 ιι
2434 4194 2496 4247 de
2521 4193 2703 4263 Bapt.,
2720 4210 2839 4264 cap.
2863 4197 2943 4265 3),
2968 4194 3173 4250 nesciat
3191 4202 3431 4249 sanctam
3455 4190 3814 4259 Scripturam

2220 4281 2541 4337 catholicam
2570 4324 2585 4349 ,
2634 4291 2744 4337 tam
2787 4283 2999 4339 Veteris
3040 4298 3200 4353 quam
3250 4283 3385 4337 Novi
3418 4281 3812 4343 Testamenti,

2218 4374 2381 4429 certis
2437 4376 2549 4428 suis
2598 4375 2844 4429 terminis
2898 4375 3200 4437 contineri,
3266 4387 3493 4444 eamque
3544 4369 3813 4425 omnibus

2214 4454 2609 4538 posterioribus
2637 4471 3013 4540 episcoporum
3041 4469 3238 4525 litteris
3261 4470 3332 4525 ita
3358 4469 3617 4539 przeponi,
3646 4479 3719 4522 ut
3744 4471 3812 4525 de

2219 4559 2307 4613 illa
2337 4560 2557 4614 omnino
2580 4561 2811 4615 dubitari
2849 4570 2901 4615 et
2930 4561 3221 4631 disceptari
3251 4575 3354 4615 non
3384 4559 3576 4630 possit,
3611 4566 3809 4614 utrum

2216 4664 2403 4703 verum
2431 4649 2513 4704 vel
2540 4659 2720 4704 utrum
2743 4660 2952 4705 rectum
2978 4652 3068 4715 sit,
3086 4648 3344 4719 quidquid
3372 4648 3425 4702 in
3448 4663 3510 4703 ea
3533 4646 3807 4717 scrime

2216 4756 2337 4797 esse
2381 4741 2719 4795 constiterit?
2766 4740 3155 4811 Episcoporum
3185 4750 3367 4794 autem
3417 4738 3642 4801 litteras,
3673 4751 3803 4807 qua

2216 4841 2338 4901 post
2385 4830 2761 4884 confirmatum
2817 4845 3081 4885 canonem
3134 4829 3217 4882 vel
3268 4828 3481 4898 scriptae
3514 4834 3679 4889 sunt,
3716 4824 3807 4881 vel

2220 4921 2554 4983 scribuntur,
2577 4928 2631 4973 et
2658 4933 2755 4989 per
2777 4933 3079 4973 sermonem
3110 4916 3250 4971 forte
3290 4917 3671 4986 sapientiorem
3704 4929 3804 4971 cn-

2212 5009 2434 5080 juslibet
2463 5009 2515 5064 in
2540 5024 2602 5065 ea
2634 5025 2690 5063 re
2716 5009 3007 5081 peritioris,
3040 5016 3095 5062 et
3122 5022 3221 5077 per
3249 5006 3478 5060 aliorum
3515 5004 3803 5072 episcOpo~

2217 5117 2409 5173 porum
2448 5102 2747 5172 graviorem
2780 5102 3177 5165 auctoritatem,
3227 5098 3622 5166 doctorumque
3669 5111 3801 5165 pnt-

2219 5193 2478 5255 dentiam,
2515 5203 2570 5247 et
2598 5207 2698 5263 per
2725 5192 2953 5247 concilia
2985 5191 3149 5245 licere
3179 5188 3499 5259 reprehendi
3526 5226 3541 5252 ,
3574 5186 3619 5241 si
3666 5184 3800 5255 quid

2218 5282 2271 5335 in
2297 5282 2376 5336 eis
2407 5280 2546 5337 forte
2573 5296 2602 5335 a
2628 5282 2856 5336 veritate
2877 5280 3149 5335 deviatum
3173 5287 3258 5335 est
3283 5296 3297 5333 :
3327 5287 3382 5333 et
3401 5278 3518 5349 ipsa
3541 5275 3796 5338 concilia,

2220 5388 2339 5443 quae
2389 5387 2489 5443 per
2533 5371 2773 5443 singulas
2823 5371 3077 5441 regiones
3132 5369 3217 5423 vel
3262 5367 3572 5439 provincias
3618 5365 3795 5425 fiunt,

2221 5462 2583 5532 plenariorum
2629 5461 2981 5517 conciliorum
3020 5459 3370 5524 auctoritati,
3403 5472 3524 5528 quae
3551 5455 3689 5511 fiunt
3729 5468 3797 5508 ex

2223 5553 2472 5608 universo
2502 5554 2633 5608 orbe
2659 5551 3002 5617 Christiano,
3052 5552 3168 5606 sine
3198 5549 3321 5603 ullis
3349 5548 3669 5623 ambagibus
3708 5557 3801 5599 ce-

2222 5641 2393 5698 dere:
2428 5643 2649 5711 ipsaquc
2697 5642 2942 5713 plenaria
2990 5656 3131 5713 saepe
3180 5641 3363 5711 priora
3410 5635 3799 5709 posterioribus

2224 5734 2524 5798 emendari,
2555 5746 2678 5788 cum
2709 5734 2891 5803 aliquo
2924 5733 3296 5803 experimento
3335 5742 3517 5785 rer-mn
3561 5730 3793 5797 aperitur
