3948 5376
183 313 296 374 389

961 311 1206 368 OPUSC.
1243 309 1330 366 ET
1367 307 1583 365 EPIST.
1623 307 1688 362 IN
1727 305 1951 364 CAUSA
1996 305 2330 362 HlNCMAlll
2366 303 2665 360 LAUDUN.

3357 304 3463 363 390

185 428 340 500 quod
363 427 607 484 clausum
636 433 778 492 erat,
806 434 862 480 et
887 425 1232 496 cognoscitur
1251 423 1390 492 quod
1419 420 1642 484 latebat,
1663 419 1782 476 sine
1807 421 1855 480 Α
1883 425 2213 483 Sanctorum,
2235 417 2398 486 quasi
2428 432 2494 472 ex
2521 431 2708 472 eorum
2737 414 3082 487 imaginibus,
3109 416 3272 487 ipsos,
3313 417 3462 472 vide-

185 519 306 575 ullo
336 517 502 590 typho
529 516 811 588 sacrilegae
835 516 1100 584 superbia:
1119 555 1135 580 ,
1165 514 1284 570 sine
1311 511 1416 567 ulla
1444 509 1628 566 inﬂata
1657 524 1776 566 cer-

189 609 318 666 vice
341 608 685 678 arrogantiae,
725 609 844 662 sine
872 605 980 661 ulla
1025 605 1370 661 contentione
1417 603 1593 658 lividae
1644 601 1780 656 invi-

189 699 325 764 diae,
378 713 500 754 cum
533 707 726 752 sancta
773 696 1093 762 humilitate,
1128 711 1252 752 cum
1293 710 1428 766 pace
1471 693 1736 750 catholica
1762 731 1779 759 ,

193 805 326 845 cum
353 788 618 843 cbaritatc
645 787 972 843 Christiana.
1007 807 1026 840 ι
1064 787 1130 842 Et
1165 787 1294 842 item
1321 785 1496 857 (ibid.,
1520 800 1638 854 cap.
1675 785 1731 856 9)
1763 802 1776 840 :

205 900 225 931 ι
251 879 591 949 Quapropter
617 877 748 933 illud
768 885 933 932 unum
965 877 1052 932 isti
1089 877 1454 943 considerent,
1485 877 1626 948 quod
1665 892 1783 932 om-

199 970 361 1025 nibus
403 975 573 1040 patet.
617 967 678 1023 Si
718 967 1016 1022 auctoritas
1047 965 1300 1038 Cypriani
1342 964 1614 1035 seQuenda
1657 973 1780 1032 est,

198 1057 376 1128 magis
421 1072 541 1112 eam
591 1057 918 1127 sequendam
965 1071 1086 1111 esse
1123 1057 1180 1110 in
1226 1057 1438 1112 unitate
1491 1056 1779 1123 servanda,

199 1167 367 1222 quam
417 1151 473 1206 in
519 1151 780 1230 Ecclesiae
833 1149 1226 1206 consuetudine
1269 1149 1671 1206 commutanda.
1722 1147 1779 1207 Si

200 1249 383 1296 autem
423 1239 714 1296 concilium
751 1238 868 1308 ejus
909 1238 1279 1304 attendimus,
1327 1239 1454 1293 huic
1499 1254 1620 1294 esse
1663 1239 1778 1294 uni-

200 1347 376 1388 versae
406 1331 665 1387 Ecclesiae
701 1331 974 1401 posterius
1011 1329 1298 1386 concilium
1343 1330 1777 1402 praeponendum,

208 1421 370 1490 cujus
399 1437 458 1476 se
483 1421 787 1476 membrum
826 1435 946 1476 esse
971 1420 1261 1491 gaudebat,
1286 1430 1342 1476 et
1366 1430 1426 1474 ut
1453 1435 1511 1475 se
1539 1421 1592 1474 iu
1620 1421 1784 1476 totius

202 1513 452 1584 corporis
501 1527 761 1584 compage
816 1513 1096 1568 retinenda
1158 1512 1340 1567 caeteri
1403 1512 1779 1576 imitarentur,

201 1605 401 1674 saepius
429 1604 776 1659 admonebat.
806 1603 940 1658 Nam
974 1611 1029 1658 et
1057 1603 1285 1658 concilia
1310 1603 1611 1674 posteriora
1639 1605 1785 1675 prio-

203 1697 353 1752 ribus
410 1696 548 1767 apud
607 1705 852 1766 posteros
907 1706 1308 1766 prmponuntur,
1359 1705 1414 1750 et
1471 1697 1781 1752 universum

1881 505 2008 561 licet
2061 507 2224 560 corda
2270 514 2326 562 et
2375 506 2836 578 promulgationes
2873 521 3084 572 eorum,
3133 521 3472 578 cognoscere,

1877 611 2190 666 possumus,
2221 610 2340 665 quae
2369 595 2478 650 sint
2505 611 2625 666 qua:
2661 595 2859 666 singuli
2887 595 3087 666 quique
3129 610 3228 665 pro
3275 608 3466 654 conso-

1881 684 2085 744 latione
2133 685 2217 740 vel
2267 686 2627 741 instructions
2665 687 3044 757 quorumdam,
3067 687 3222 758 juxta
3260 695 3466 758 tempo-

1882 789 2006 830 t'um
2049 783 2106 830 et
2149 781 2368 830 actuum
2426 775 2740 846 qualitatem
2772 815 2786 840 ,
2835 784 2890 830 et
2936 791 3054 845 qum
3105 775 3466 832 communiter

1883 873 2045 934 atque
2073 863 2404 919 unanimiter
2431 864 2485 918 in
2517 863 2760 919 conciliis
2788 865 2958 920 sacris
2987 866 3053 920 ad
3080 865 3462 920 auctoritatem

1884 959 2208 1030 generaliter
2235 957 2589 1014 custodienda
2617 966 2672 1012 et
2711 958 3017 1030 recipienda
3061 967 3322 1028 perpetuo
3365 958 3464 1015 de-

1883 1063 2173 1110 creverunt
2202 1070 2216 1107 :
2246 1060 2300 1106 tu
2333 1053 2432 1107 hac
2460 1051 2808 1116 discretione,
2852 1057 2911 1104 ut
2933 1052 3167 1122 praemisi
3191 1067 3260 1107 ex
3281 1051 3465 1108 verbis

1885 1145 2025 1199 beati
2047 1143 2268 1207 Gelasii,
2287 1143 2502 1211 suscipe
2523 1143 2590 1196 ad
2613 1142 3028 1204 instructionem
3053 1141 3174 1198 illas
3188 1141 3466 1211 epistolas,

1885 1249 2022 1304 quas
2055 1233 2354 1288 beatissimi
2398 1248 2551 1304 papa:
2589 1233 2821 1289 diversis
2857 1233 3188 1304 temporibus
3225 1229 3296 1288 ab
3335 1233 3469 1288 urbe

1885 1323 2054 1378 Roma
2075 1339 2175 1396 pro
2195 1324 2530 1378 diversorum
2552 1323 2772 1378 Patrum
2795 1323 3162 1379 consolatione
3183 1325 3466 1388 dederunt,

1884 1416 2140 1488 legendas
2170 1415 2572 1481 venerabiliter,
2597 1424 2653 1472 et
2674 1431 2830 1474 serva
2862 1432 3016 1474 sacra
3046 1417 3304 1481 concilia,
3349 1431 3469 1486 quas

1885 1512 2046 1568 sedes
2073 1511 2362 1582 apostolica
2397 1521 2453 1577 et
2479 1511 2658 1566 omnis
2686 1511 2929 1580 sequitur
2970 1510 3232 1574 Ecclesia,
3284 1510 3460 1566 invio-

1885 1605 2138 1661 labiliter.
2171 1605 2236 1658 Et
2267 1614 2325 1659 ut
2354 1605 2614 1659 Dominus
2637 1619 2702 1658 ex
2741 1603 2858 1674 lege
2887 1603 3172 1657 conﬁrmat
3203 1603 3256 1657 in
3288 1603 3471 1656 Evan-

1884 1696 2026 1768 gelio
2059 1713 2073 1750 :
2105 1695 2172 1750 In
2203 1711 2291 1748 ore
2317 1695 2542 1748 duorum
2582 1692 2659 1748 vel
2697 1695 2855 1747 trium
2884 1694 3092 1747 testium
3124 1693 3280 1748 stabit
3319 1709 3470 1748 omne

202 1786 452 1854 partibus
473 1801 688 1856 semper
720 1785 923 1856 optimo
947 1785 1070 1854 jure
1097 1785 1449 1854 praeponitur.
1481 1783 1782 1856 Cyprianus
1817 1769 1859 1827 Β
1889 1789 2096 1842 uerbum
2138 1784 2356 1857 (Matth.
2389 1785 2577 1855 xvm),
2607 1784 2734 1854 quia
2767 1785 2898 1838 mibi
2938 1798 3044 1838 non
3093 1783 3332 1852 pigrum,
3373 1780 3468 1836 tibi

201 1875 348 1930 enim
401 1884 603 1930 sancta:
646 1874 899 1930 Ecclesia:
956 1873 1238 1930 catholica:
1295 1874 1626 1928 universitas
1675 1891 1781 1928 non

188 1965 343 2031 fuit,
385 1967 482 2021 sed
513 1966 566 2019 in
596 1965 712 2036 ejus
738 1965 1092 2020 universitate
1115 1964 1458 2034 permansit:
1500 1963 1653 2034 cujus
1693 1979 1782 2016 ra-

201 2056 376 2110 dicem
423 2071 696 2125 nunquam
745 2055 1020 2119 deseruit,
1069 2055 1164 2109 sed
1215 2055 1269 2108 in
1301 2053 1453 2122 cujus
1489 2055 1668 2110 radice
1705 2054 1819 2109 fc-'

201 2145 433 2210 candus,
463 2155 523 2202 ut
551 2153 692 2200 esset
719 2143 1015 2210 fecundior,
1060 2145 1129 2198 ab
1158 2145 1396 2215 agricola
1423 2144 1627 2200 cmlesti
1659 2161 1786 2215 pur-

199 2247 361 2308 gatus
385 2248 489 2293 est.
521 2259 541 2292 ›
573 2239 700 2294 ll:ec
723 2238 791 2294 de
822 2238 944 2293 aliis
965 2237 1210 2294 conciliis
1237 2253 1268 2291 a
1298 2238 1458 2292 beato
1486 2236 1784 2307 Augustino

200 2339 332 2383 sunt
375 2329 539 2384 dicta.
585 2329 849 2384 Caeterum
889 2330 954 2385 de
995 2345 1153 2384 sacra
1199 2339 1255 2384 et
1293 2329 1520 2400 mystica
1569 2327 1783 2384 Nicaena

197 2418 433 2490 synodo,
462 2420 603 2475 sicut
645 2436 806 2490 supra
860 2437 924 2476 ex
971 2421 1153 2476 verbis
1198 2419 1398 2474 Leonis
1449 2428 1504 2474 et
1555 2421 1783 2474 aliorum
1839 2423 1845 2430 '

197 2510 420 2565 ostendi
445 2551 461 2574 ,
514 2512 647 2566 nihil
696 2528 932 2581 unquam
960 2527 990 2585 a
1021 2527 1292 2582 quoquam
1317 2553 1334 2578 ,
1361 2511 1447 2566 vel
1477 2512 1786 2582 apostolica:

197 2602 354 2656 sedis
373 2602 649 2672 pontiﬁce,
675 2602 756 2656 vel
779 2619 806 2656 a
830 2603 1072 2674 plenario
1093 2603 1346 2669 concilio,
1361 2604 1583 2671 minime
1603 2614 1782 2659 autem

191 2707 232 2745 ει
275 2691 562 2761 regionali,
607 2701 691 2748 est
732 2694 1096 2760 immutatum,
1125 2695 1269 2764 quod
1313 2710 1420 2749 non
1457 2694 1530 2750 sit
1571 2694 1786 2765 penitus

189 2782 440 2836 irritum.
479 2781 630 2837 Sicut
657 2792 711 2838 et
737 2792 956 2838 sanctus
999 2783 1249 2840 Celasius
1290 2784 1346 2838 in
1401 2784 1635 2840 decretis
1672 2784 1786 2854 spis

187 2873 335 2928 dicit
367 2892 397 2928 :.
419 2893 438 2924 ι
471 2872 608 2936 Non,
641 2875 889 2944 inquiens
911 2875 1082 2947 (epist.
1112 2875 1170 2928 il
1200 2876 1269 2929 ad
1296 2876 1609 2944 Dardanos)
1639 2916 1653 2939 ,
1687 2890 1786 2930 nos

184 2959 357 3025 latet,
385 2961 439 3014 in
471 2971 789 3032 tempestate
827 2964 1220 3032 persecutionis
1256 2962 1490 3026 Arianae,
1525 2963 1785 3034 plurimos

180 3052 488 3122 pontifices
529 3055 595 3108 de
632 3055 840 3110 exsiliis
865 3069 1002 3124 pace
1043 3055 1254 3110 reddita
1300 3056 1651 3126 respirantes,
1687 3070 1785 3125 per

184 3153 381 3198 certas
411 3143 749 3211 provincias,
781 3145 1123 3216 congregatis
1149 3159 1330 3200 secum
1369 3125 1646 3210 fratribus,
1690 3159 1780 3204 ec-
1809 3125 1855 3186 θ

179 3233 398 3288 clesias
427 3233 799 3303 composuisse
849 3235 1090 3288 turbatas
1125 3253 1138 3288 :
1169 3251 1274 3289 non
1313 3245 1491 3290 tamen
1535 3245 1593 3290 ut
1640 3235 1782 3292 illius

179 3325 392 3397 synodi
425 3323 654 3380 Nicaeuae
681 3326 940 3398 quidquid
969 3327 1034 3381 de
1073 3327 1176 3381 ﬁde
1201 3335 1254 3381 et
1280 3327 1659 3383 communione
1688 3344 1783 3384 ca-

180 3416 404 3472 tholica
435 3417 759 3474 diliiniverat
780 3418 1149 3486 immutarent,
1177 3435 1276 3477 nec
1300 3436 1435 3475 nova
1460 3435 1782 3490 quemquam

173 3524 292 3579 pro
326 3509 482 3578 lapsu
511 3509 853 3564 damnatione
880 3511 1236 3582 percellcrent
1265 3527 1279 3566 :
1309 3511 1402 3568 sed
1433 3512 1575 3566 illius
1603 3523 1786 3566 tenore

175 3584 434 3664 decreti,
462 3599 568 3653 nisi
595 3601 932 3670 resipuisset,
966 3601 1212 3670 judicare
1241 3601 1574 3664 damnatum,
1610 3611 1783 3656 esset-

171 3709 309 3764 que
362 3705 741 3760 consequens,
795 3701 855 3746 ut
900 3694 1004 3748 nisi
1055 3696 1400 3764 corrigeret,
1459 3696 1785 3750 damnationi

175 3779 393 3850 procul
411 3778 574 3834 dubio
602 3780 922 3850 subjaceret.
960 3801 978 3833 ι
1007 3781 1231 3853 Suscipe
1261 3783 1568 3854 igiturillas
1591 3783 1788 3854 episto-

177 3873 308 3936 las,
337 3871 406 3925 de
436 3871 632 3940 quibus
679 3881 770 3928 tua
801 3883 1108 3930 commenta
1139 3874 1438 3944 compilasti
1459 3915 1474 3939 ,
1509 3873 1787 3929 venerabi-

183 3969 348 4032 liter,
376 3976 436 4020 ut
473 3967 602 4022 dicit
625 3966 900 4034 Cclasius,
929 3977 987 4022 et
1013 3984 1168 4023 serva
1209 3967 1594 4025 inviolabiliter
1631 3983 1784 4022 sacra

183 4057 454 4121 concilia,
488 4067 548 4112 ut
585 4057 826 4114 decrevit
856 4059 1138 4124 Gclasius,
1194 4069 1248 4116 et
1295 4060 1478 4116 caeteri
1533 4059 1786 4115 catholici

184 4147 458 4204 videlicet
495 4149 748 4221 doctique
789 4151 1146 4208 decreverunt
1187 4152 1488 4222 pontiﬁces.
1545 4151 1697 4207 Sicut
1731 4162 1787 4210 et.

185 4239 266 4295 de
311 4249 620 4298 sanctorum
673 4243 998 4315 imaginibus
1041 4243 1440 4309 decreverunt,
1489 4245 1784 4314 reprehen-

189 4331 396 4386 dentes
437 4346 550 4398 eos,
592 4335 754 4391 veluti
793 4344 850 4392 et
885 4335 1075 4392 beatus
1119 4335 1414 4408 Gregorius
1457 4337 1510 4392 in
1542 4336 1786 4406 epistolis

191 4421 268 4474 ad
324 4420 690 4524 secundinum
737 4435 796 4481 et
836 4427 904 4482 ad
945 4425 1214 4524 serenum
1252 4427 1639 4483 Massiliensem
1664 4427 1781 4524 ‘de-
1813 4465 1862 4524 ι)

187 4519 476 4564 ntonstrat
517 4515 826 4585 episcopum
849 4557 864 4580 ,
905 4517 995 4585 qui
1025 4517 1127 4572 sub
1164 4519 1266 4573 hac
1306 4519 1462 4588 quasi
1497 4517 1786 4574 occasione

191 4613 269 4654 ne
321 4599 542 4656 adorari
591 4602 918 4670 debuissent,
967 4605 1357 4677 confringenda
1403 4607 1624 4662 easdem
1655 4607 1788 4664 ima-

191 4690 366 4759 gines
391 4691 662 4760 dixerunt,
683 4702 739 4750 et
763 4694 1054 4750 laudantes
1086 4711 1212 4759 eos,
1244 4698 1334 4766 qui
1365 4697 1484 4752 illas
1515 4713 1625 4752 non
1665 4699 1790 4754 ado-

196 4779 433 4843 randae,
452 4781 586 4838 sicut
601 4798 776 4853 neque
791 4783 922 4838 conf
921 4783 1228 4857 ringendas,
1245 4789 1340 4841 sed
1355 4791 1423 4843 ad
1444 4788 1792 4843 instruendus

195 4868 550 4926 solummodo
593 4883 804 4930 mentes
849 4873 1011 4930 fuisse
1052 4875 1410 4931 nescientium
1444 4877 1792 4933 collocandas

195 4959 608 5016 emistituerunt
639 4978 652 5016 :
683 4965 940 5034 quoniam
972 4965 1023 5020 in
1059 4965 1372 5023 adoratioue
1401 4969 1573 5024 solius
1621 4969 1793 5024 omni-

195 5049 454 5117 potentis
476 5062 676 5108 sanctae
701 5053 981 5112 Trinitatis
1001 5055 1278 5110 humiliter
1302 5057 1578 5128 prosterni
1611 5058 1789 5124 debet,

1887 1891 2068 1936 autem
2114 1888 2200 1935 est
2227 1880 2620 1946 necessarium,
2645 1887 2882 1949 repetam
2917 1878 3010 1932 tibi
3039 1878 3181 1946 quod
3210 1879 3276 1931 de
3299 1877 3471 1932 sacris

1886 1971 2133 2028 conciliis
2182 1973 2250 2028 ad
2299 1971 2617 2028 Ianuarium
2665 1972 2800 2028 dicit
2847 1971 3039 2026 beatus
3085 1971 3467 2042 Augustinus:

1893 2079 1912 2114 ι
1951 2061 2146 2118 Omnia
2175 2064 2358 2132 itaque
2391 2063 2537 2130 talia,
2571 2079 2691 2132 qua:
2716 2077 2890 2132 neque
2921 2077 3201 2116 sacrarum
3228 2059 3472 2130 Scriptu-

1887 2167 2070 2206 rarum
2103 2153 2518 2210 auctoritatibus
2559 2153 2928 2215 continentur,
2979 2165 3078 2204 ncc
3127 2150 3181 2204 in
3225 2148 3472 2204 conciliis

1887 2243 2262 2312 episcoporum
2310 2249 2510 2297 statuta
2543 2241 2910 2305 inveniuntur,
2946 2255 3046 2294 nec
3083 2239 3472 2294 consuetudine

1887 2334 2214 2390 universalis
2255 2333 2511 2390 Ecclesia:
2542 2334 2796 2388 roborata
2825 2340 2970 2397 sunt,
3001 2331 3094 2386 sed
3133 2332 3470 2386 diversorum

1889 2423 2130 2478 locorum
2159 2423 2389 2478 diversis
2411 2423 2650 2478 motibus
2674 2421 3142 2476 innumerabiliter
3163 2419 3468 2482 variantur,

1889 2516 1961 2571 ita
2008 2525 2067 2570 ut
2115 2517 2205 2570 vix
2257 2525 2351 2570 aut
2405 2516 2627 2570 omnino
2675 2529 2954 2584 nunquam
3010 2512 3240 2568 inveniri
3293 2525 3472 2566 causa:

1886 2605 2130 2676 possint,
2177 2621 2313 2675 quas
2363 2607 2414 2658 in
2457 2605 2536 2659 eis
2565 2603 2964 2659 constituendis
3005 2603 3255 2656 homines
3299 2599 3472 2654 secuti

1887 2698 1996 2752 sint
2025 2738 2040 2763 ,
2093 2697 2180 2751 ubi
2239 2695 2467 2752 facultas
2515 2696 2770 2750 tribuitur
2792 2736 2808 2762 ,
2849 2696 2967 2750 sine
2997 2694 3103 2748 ulla
3135 2693 3471 2749 dubitatione

1888 2787 2184 2841 resccanda
2224 2786 2497 2840 existimo.
2529 2803 2548 2836 ι
2600 2783 2729 2850 Quae
2779 2784 2942 2838 verba
2991 2783 3135 2838 beati
3181 2781 3472 2852 Augustini

1887 2882 2156 2951 quomodo
2186 2880 2432 2951 placeant
2467 2879 2582 2944 tibi,
2614 2887 2669 2932 tu
2699 2877 2930 2958 videris,
2963 2875 3244 2946 exiguitati
3289 2883 3470 2928 autem

1887 2989 2020 3030 mete
2061 2975 2228 3028 tutius
2251 2982 2305 3028 et
2330 2972 2603 3029 salubrius
2637 2971 2848 3025 videtur
2873 2985 2994 3024 cum
3026 2967 3116 3022 illo
3137 2980 3292 3021 sacra
3317 2963 3472 3034 sequi

1888 3064 2141 3128 concilia,
2173 3075 2226 3118 et
2253 3063 2505 3124 omnibus
2533 3061 2622 3132 qui
2653 3075 2741 3114 me
2770 3059 2958 3114 audire
2984 3056 3256 3112 voluerint
3303 3053 3473 3109 incul-

1887 3169 2035 3219 care,
2066 3169 2175 3208 non
2207 3153 2359 3223 sequi
2399 3152 2597 3207 relictis
2625 3151 2796 3206 sacris
2820 3148 3063 3204 conciliis
3100 3146 3187 3201 illa
3213 3159 3332 3216 qua:
3360 3143 3474 3214 ipse

1888 3245 2168 3300 existimat
2212 3242 2504 3298 resecando
2535 3282 2550 3307 ,
2590 3257 2753 3312 quam
2797 3240 2886 3294 illa
2917 3255 3035 3308 qua:
3065 3247 3119 3293 tu
3149 3245 3392 3292 resecata
3419 3242 3475 3290 et

1889 3335 2154 3390 dissecata
2189 3333 2447 3404 proponis
2478 3332 2756 3396 sectanda,
2793 3329 3047 3399 quoniam
3092 3327 3192 3382 sibi
3227 3327 3358 3396 ipsis
3385 3323 3473 3380 di-

1889 3445 2070 3493 versa,
2101 3427 2395 3483 ostendunt
2433 3441 2490 3481 se
2541 3440 2661 3479 esse
2699 3440 2803 3478 non
2853 3437 3013 3491 posse
3059 3420 3312 3475 omnibus
3337 3426 3390 3474 et
3421 3419 3475 3472 in

1889 3517 2141 3572 omnibus
2166 3517 2432 3572 servanda
2459 3523 2622 3585 atque
2659 3513 2948 3581 sequenda.
2996 3531 3013 3560 ε
3041 3509 3262 3578 Oportet
3289 3508 3471 3578 igitur,

1891 3607 2067 3674 inquit
2093 3604 2440 3660 Innocentius
2465 3604 2532 3656 ad
2561 3603 2872 3657 Decentium
2905 3599 3246 3668 Eugubinum
3268 3598 3475 3668 episco-

1891 3713 2044 3767 pum,
2072 3711 2186 3759 eos,
2217 3695 2346 3764 quin
2375 3693 2586 3748 Domini
2616 3693 2944 3756 sacerdotes,
2993 3689 3094 3742 hoc
3139 3687 3289 3754 sequi
3332 3687 3474 3756 quod

1893 3784 2134 3840 Ecclesia
2166 3782 2407 3836 Romana
2453 3781 2726 3848 custodit,
2784 3795 2815 3834 a
2867 3793 2972 3850 qua
3017 3792 3110 3832 eos
3151 3775 3472 3846 principium
3509 3849 3513 3852 Α

1895 3877 2171 3947 accepisse
2212 3892 2316 3930 non
2356 3876 2574 3932 dubium
2609 3883 2713 3940 est,
2757 3889 2824 3929 ne
2868 3873 2992 3927 dum
3042 3869 3344 3940 peregrinis
3389 3855 3494 3924 as-'

1893 3969 2221 4026 scrtionibus
2251 3967 2502 4031 student,
2547 3975 2706 4036 caput
2749 3965 3147 4019 institutionum
3192 3961 3477 4015 videantur

1893 4061 2166 4117 omittere.
2207 4078 2225 4110 ι
2257 4059 2394 4126 Quid
2423 4059 2494 4114 sit
2537 4067 2716 4111 autem
2765 4055 2907 4126 quod
2956 4050 3198 4108 Ecclesia
3230 4049 3476 4106 Romana

1893 4151 2144 4213 custodit,
2195 4159 2250 4205 et
2293 4149 2507 4204 Domini
2557 4147 2868 4202 sacerdotes
2901 4151 3144 4214 oporteat
3184 4139 3357 4210 sequi,
3386 4137 3476 4192 de-

1894 4250 2161 4297 monstrat
2191 4241 2440 4308 Gelasius
2469 4239 2641 4312 (epist.
2677 4238 2734 4292 il
2788 4235 2857 4288 ad
2900 4233 3200 4302 Dardanos)
3231 4250 3243 4283 :
3281 4249 3300 4281 t
3334 4227 3476 4282 Con-

1897 4335 2132 4398 ﬁdimus,
2186 4333 2454 4400 inquiens,
2495 4331 2638 4400 quod
2673 4329 2848 4383 nullus
2865 4327 2981 4397 jam
3013 4323 3282 4379 veraciter
3317 4319 3478 4374 Chri-

1895 4427 2100 4482 stianus
2129 4425 2362 4494 ignoret,
2392 4420 2815 4490 uniuscujusque
2856 4415 3044 4490 synodi
3081 4412 3430 4468 constitutum
3455 4449 3474 4475 ,

1891 4515 2036 4588 quod
2059 4513 2381 4570 universalis
2411 4512 2667 4569 Ecclesiae
2699 4509 2946 4580 probavit
2975 4519 3248 4568 assensus,
3276 4500 3476 4554 nullam

1893 4608 2064 4680 magis
2101 4604 2325 4674 exsequi
2373 4605 2556 4659 sedem
2603 4617 2703 4674 per
2749 4600 2966 4656 caneris
3011 4601 3266 4667 oportere
3313 4603 3476 4659 quam

1893 4701 2145 4770 primam,
2196 4711 2317 4767 qua:
2347 4709 2786 4768 unamquamque
2810 4694 3072 4766 synodum
3097 4697 3152 4743 et
3173 4701 3266 4741 sua
3296 4687 3481 4737 aucto-

1898 4792 2056 4846 ritate
2087 4787 2391 4851 couﬁt‘mat,
2441 4797 2496 4846 et
2543 4784 2864 4843 continuata
2896 4777 3268 4840 moleratione
3294 4778 3478 4824 custo-

1895 4884 1994 4949 dit,
2021 4897 2118 4954 pro
2151 4895 2248 4936 suo
2279 4877 2486 4938 scilicet
2513 4875 2846 4952 principatu,
2881 4890 3040 4948 quem
3083 4871 3272 4954 beatus
3293 4860 3488 4954 Petrus

1897 4973 2174 5046 apostolus
2211 4969 2424 5027 Domini
2469 4985 2609 5029 voce
2652 4977 2990 5036 perceptum,
3030 4953 3268 5016 Ecclesia
3299 4948 3492 5050 nihilo-

1899 5044 2078 5118 minus
2104 5061 2494 5130 subsequente,
2535 5069 2592 5117 et
2646 5056 2818 5109 lenuit
2859 5067 3076 5127 semper
3120 5051 3176 5098 el.
3217 5044 3432 5138 retinet:
3469 5053 3488 5084 ι

3267 5140 3386 5150 ιιι-,ιιι
