3990 6300
524 356 625 412 39f

1484 346 1813 403 HINCMARI
1854 345 2251 402 BllEME-NSIS
2287 345 2805 407 ARCIIIEPISCOPI

3705 355 3824 412 39!

525 477 807 541 cmperunt
827 509 842 534 ,
875 467 966 522 illa
1004 480 1125 536 qua:
1163 477 1260 518 suo
1286 473 1526 532 tempore
1554 459 1750 530 partim
1794 467 2104 528 viguerunt,
2136 468 2183 524 Α
2212 461 2338 517 licet
2365 478 2394 516 a
2427 461 2751 532 quibusdam
2777 475 2882 516 non
2908 458 3326 530 praevalentibus
3353 460 3521 518 fuerit
3558 471 3820 521 attenta-

524 563 629 618 nisi
673 569 934 632 quantum
965 573 1033 612 ex
1069 556 1150 611 eis
1189 569 1343 609 sacra
1387 552 1617 608 concilia
1661 551 1986 606 assumenda
2029 550 2111 603 vi—

523 654 745 715 derunt,
792 649 859 704 ab
899 663 998 702 usu
1044 643 1416 701 ecclesiastico
1460 641 1801 706 efﬂuxerunt,
1832 655 2113 713 usquequo

523 757 699 815 tiuper
726 758 754 795 a
787 750 859 804 te,
885 745 1146 809 quantum
1189 753 1256 792 ex
1297 745 1350 791 te
1387 747 1489 800 est,
1539 735 1919 789 recrudescere
1967 733 2116 787 inec-

525 841 744 905 perunt,
795 837 852 883 ut
900 828 967 882 ad
1015 843 1104 894 ea,
1155 842 1276 897 qua:
1321 827 1530 896 aspiras
1582 825 1833 890 libenter,
1879 824 2114 879 transire

524 922 701 995 possis
750 937 805 976 in
854 919 1112 974 affectum
1140 916 1322 972 cordis
1352 915 1610 978 licenter,
1637 922 1693 969 et
1721 929 1750 966 a
1787 913 1933 968 nullo
1963 928 2115 967 coer-

528 1013 640 1069 ceri
689 1011 775 1067 vel
816 1010 1051 1081 judicari
1105 1009 1286 1063 valeas
1321 1007 1642 1078 regulariter
1675 1023 1688 1058 :
1723 1005 1816 1060 sed
1849 1019 1954 1058 non
1987 1009 2113 1059 sen—

527 1104 669 1160 tiunt
702 1113 900 1167 tecum,
931 1117 1105 1172 neque
1135 1101 1229 1155 tibi
1262 1099 1611 1154 consentiunt
1638 1097 1887 1152 doctores
1915 1104 1970 1150 et
2001 1111 2115 1150 ma-

529 1195 683 1267 gistri
718 1194 991 1249 Ecclesize.

1091 1282 1320 1340 CAPUT
1359 1280 1548 1337 XXVI.

529 1376 606 1432 De
631 1376 811 1431 eadem
841 1375 1142 1446 (ii/ferentia
1170 1377 1380 1446 iterum,
1409 1384 1455 1427 et
1483 1373 1546 1426 de
1576 1372 1808 1446 conciliis
1838 1371 2113 1442 plenariis,

847 1444 1134 1516 synodique
1167 1444 1218 1498 Ν
1225 1447 1404 1498 icwna:
1426 1445 1798 1513 prwrogativa.

604 1555 758 1612 Unde
793 1556 948 1626 quasi
995 1569 1061 1608 ex
1091 1553 1569 1624 supererogatione
1608 1549 1972 1622 superadjicio
2020 1549 2116 1605 tibi

530 1651 673 1720 quod
719 1651 846 1705 item
895 1653 1084 1705 beatus
1115 1650 1450 1721 Augustinus
1503 1648 1570 1702 ad
1615 1646 1930 1702 Ianuarium
1987 1645 2118 1700 dicit

533 1743 704 1814 (epist.
734 1743 857 1812 “8)
889 1760 901 1796 :
933 1761 950 1792 ‹
983 1741 1191 1807 Primo,
1225 1741 1496 1810 inquiens,
1528 1749 1712 1793 tenere
1745 1746 1797 1791 te
1827 1735 1948 1791 volo
1973 1737 2118 1806 quod

2218 563 2352 619 tum,
2400 554 2746 608 constituisse
2803 561 2862 606 ut
2906 567 3004 623 per
3041 553 3282 624 singulas
3325 555 3641 623 provincias
3697 558 3823 612 suis

2213 647 2493 718 privilegia
2534 654 2818 702 serventur
2853 645 3281 715 metropolitanis
3315 647 3589 714 ecclesiis,
3631 649 3708 704 ita
3757 659 3822 705 ut

2215 738 2408 792 borum
2431 738 2696 803 omnium,
2724 737 2976 792 videlicet
3003 736 3104 790 sibi
3137 738 3576 805 commissorum,
3607 748 3820 796 metro.

2215 828 2486 899 politanus
2530 828 2727 882 haheat
2765 835 3110 896 potestatem,
3145 827 3384 882 decrevit
3417 828 3606 884 dicens
3643 831 3818 898 (conc.

2215 919 2484 982 Antioch.,
2511 933 2634 973 can.
2657 917 2712 988 6)
2747 936 2760 970 :
2795 936 2812 967 ε
2838 917 2944 972 Per
2973 916 3212 988 singulas
3244 918 3493 988 regiones
3528 919 3821 991 episcopos

2215 1011 2471 1065 convenit
2498 1024 2676 1074 nosse,
2707 1009 3178 1079 metropolitanum
3205 1009 3517 1080 episcopum
3548 1010 3818 1067 sollicitu-

2217 1101 2398 1157 dinem
2430 1101 2596 1156 totius
2626 1101 2918 1172 provinciae
2947 1115 3158 1170 gerere,
3190 1110 3413 1170 propter
3437 1103 3587 1170 quod
3614 1103 3683 1156 ad
3705 1118 3819 1158 me-

2219 1195 2468 1264 tropolim
2491 1210 2681 1250 omnes
2698 1195 2956 1266 undique,
2980 1196 3070 1266 qui
3095 1195 3308 1266 negotia
3329 1196 3588 1250 videntur
3611 1197 3818 1253 habere

2218 1301 2562 1348 concurrant.
2602 1312 2619 1343 ι
2653 1291 2720 1345 Et
2751 1293 2879 1346 item
2906 1292 3047 1360 (can.
3079 1290 3167 1359 13)
3203 1305 3217 1320 ο
3253 1309 3270 1342 ι
3305 1289 3495 1346 Nullus
3521 1292 3820 1363 episcopus

2217 1399 2284 1440 ex
2313 1384 2415 1439 alia
2448 1384 2722 1454 provincia
2756 1385 2950 1438 audeat
2977 1383 3044 1437 ad
3081 1383 3240 1437 aliam
3275 1385 3606 1454 transgredi,
3648 1393 3708 1440 et
3752 1385 3818 1441 ad

2219 1477 2610 1546 promotioncm
2639 1473 2924 1529 ministerii
2949 1473 3160 1544 aliquos
3184 1476 3236 1528 in
3260 1475 3508 1531 ecclesiis
3529 1477 3818 1541 ordinare,

2219 1565 2348 1620 licet
2399 1579 2725 1620 consensum
2775 1551 3066 1619 videantur
3108 1564 3354 1633 praibere
3403 1564 3673 1630 nonnulli,
3717 1566 3818 1620 nisi

2219 1657 2414 1713 litteris
2439 1666 2546 1711 tam
2574 1657 3000 1726 metropolitani,
3035 1672 3196 1726 quam
3226 1664 3544 1711 cancrorum
3567 1657 3664 1728 qui
3694 1673 3818 1712 cum

2221 1764 2286 1804 eo
2307 1748 2851 1818 suntepiscOporum,
2884 1756 3102 1816 rogatus
3133 1747 3403 1813 adveniat,
3441 1757 3497 1802 et
3531 1749 3605 1803 ad
3636 1749 3819 1805 actio-

532 1844 615 1891 est
654 1835 814 1906 hujus
855 1833 1238 1904 disputationis
1281 1841 1446 1902 caput
1471 1871 1486 1895 ,
1541 1829 1831 1884 Dominum
1871 1837 2111 1882 nostrum

2225 1855 2345 1894 nem
2384 1839 2742 1894 ordinationis
2771 1840 3016 1895 accedat.
3071 1859 3088 1892 ι
3133 1839 3287 1907 Quod
3325 1841 3681 1897 manifestum
3738 1851 3820 1897 est

531 1925 712 1981 Jesum
741 1925 1056 1989 Christum,
1104 1924 1246 1978 sicut
1285 1923 1398 1993 ipse
1430 1923 1483 1976 in
1532 1919 1824 1991 Evangelio
1857 1919 2112 1990 loquitur,

529 2020 636 2074 leni
682 2018 813 2090 jogo
861 2034 960 2074 suo
1002 2033 1100 2072 nos
1136 2017 1441 2072 subdidisse
1471 2024 1526 2070 et
1554 2015 1783 2069 sarcina:
1812 2014 1935 2068 levi.
1967 2012 2118 2067 Unde

528 2112 888 2166 sacramentis
919 2125 1144 2165 numero
1173 2107 1536 2179 paucissimis,
1558 2106 1937 2161 observatione
1968 2103 2118 2159 facil-

531 2203 698 2269 limis,
722 2203 1117 2275 signiﬁcatione
1144 2199 1634 2273 praestantissimis,
1659 2199 1972 2254 societatem
1993 2197 2114 2252 novi

533 2295 710 2367 populi
745 2295 1050 2367 colligavit,
1092 2295 1232 2349 sicut
1261 2303 1347 2348 est
1373 2292 1677 2362 baptismus
1704 2289 1986 2345 Trinitatis
2017 2305 2116 2344 no-

531 2389 675 2444 mine
691 2396 1059 2452 consecratus,
1077 2385 1498 2440 communicatio
1512 2383 1756 2453 corporis
1769 2391 1822 2437 et
1835 2382 2116 2453 sanguinis

529 2481 716 2551 ipsius,
732 2487 785 2534 et
802 2481 846 2534 si
870 2480 998 2550 quid
1014 2479 1156 2532 aliud
1171 2479 1223 2532 in
1251 2477 1532 2547 scripturis
1555 2475 1833 2531 canonicis
1846 2489 2114 2529 commen-

527 2573 704 2634 datur,
731 2572 975 2642 exceptis
1000 2570 1085 2625 his
1105 2585 1224 2640 quin
1245 2571 1560 2625 servitutem
1585 2569 1766 2639 populi
1794 2567 1994 2623 veteris
2017 2582 2114 2638 pro

527 2663 881 2733 congruentia
934 2662 1113 2716 cordis
1157 2661 1368 2715 illorum
1411 2669 1468 2715 et
1504 2661 1803 2731 prephetici
1849 2661 2107 2729 temporis

531 2753 852 2818 onerabant,
884 2769 1004 2823 qua:
1027 2762 1074 2808 et
1107 2752 1159 2806 in
1184 2752 1588 2822 quinquelibris
1613 2752 1812 2824 Moysis
1842 2751 2111 2821 leguntur.

525 2845 618 2898 Illa
649 2856 828 2900 autem
864 2862 983 2916 quae
1013 2860 1117 2900 non
1149 2846 1349 2915 scripta
1391 2846 1485 2900 sed
1524 2847 1720 2900 tradita
1755 2846 2111 2910 custodimus,

525 2951 645 3004 qua:
694 2937 906 3006 quidem
947 2945 1060 2991 toto
1117 2945 1384 2990 terrarum
1424 2937 1557 2992 orbe
1605 2947 1915 3004 servantur,
1953 2938 2113 2992 datur

525 3026 768 3096 intelligi,
817 3027 899 3082 vel
931 3029 998 3081 ab
1029 3027 1158 3097 ipsis
1188 3026 1464 3096 apostolis,
1508 3028 1590 3081 vel
1634 3028 1892 3098 plenariis
1931 3029 2114 3084 conci-

524 3115 629 3176 liis.
657 3131 886 3186 quorum
917 3123 1001 3172 est
1039 3116 1092 3170 in
1125 3116 1364 3170 Ecclesia
1397 3116 1749 3172 saluberrima
1790 3120 2108 3184 auctoritas,

523 3209 896 3261 commendata
930 3216 1091 3276 atque
1118 3215 1317 3261 statuta
1359 3207 1605 3270 retineri,
1638 3208 1796 3262 sicuti
1832 3209 1976 3278 quod
2015 3211 2115 3264 Do—
2141 3187 2184 3248 (ἶ

525 3298 654 3351 mini
682 3298 884 3368 passio,
915 3307 971 3353 et
995 3297 1345 3360 resurrectio,
1369 3306 1425 3352 et
1449 3299 1698 3353 ascensio
1725 3299 1778 3353 it:
1807 3300 2028 3364 caelum,
2059 3309 2115 3355 ct

524 3392 788 3446 adventus
827 3393 893 3446 de
927 3391 1064 3446 coelo
1105 3391 1342 3462 Spiritus
1381 3392 1577 3455 sancti,
1619 3393 1994 3448 anniversaria
2020 3409 2111 3449 so-

524 3486 804 3542 lemnitate
842 3487 1166 3553 celebratur,
1207 3486 1326 3540 etsi
1357 3486 1485 3556 quid
1523 3487 1668 3540 aliud
1704 3487 1815 3542 ‘tale
1851 3488 2109 3554 occurrit,

525 3579 668 3646 quod
701 3586 950 3632 servatur
994 3578 1062 3631 ab
1107 3576 1375 3629 universis
1407 3591 1731 3645 quacunque
1765 3591 1823 3631 se
1863 3575 2116 3631 diffundit

523 3669 790 3728 Eccles?a.
835 3690 854 3722 ›
887 3670 1044 3724 lit'in
1084 3669 1261 3724 edicto
1305 3667 1596 3724 Justiniani
1645 3671 2006 3740 imperatoris,
2047 3670 2113 3724 de

525 3775 686 3822 recta:
712 3766 832 3819 fidei
856 3763 1215 3827 confessione,
1244 3772 1296 3818 et
1329 3764 1654 3818 refutatione
1678 3763 1964 3818 haeresium
1993 3778 2115 3831 qua:

522 3855 880 3910 adversantur
895 3853 1176 3908 catholica:
1203 3853 1297 3906 Dei
1332 3853 1606 3917 Ecclesiae,
1645 3869 1673 3905 a
1703 3853 1906 3923 synodo
1926 3853 2113 3920 quinta

520 3946 747 4010 dictato,
764 3952 820 3998 et
849 3943 917 3997 ab
935 3944 1124 3998 eodem
1143 3945 1469 4013 imperatore
1493 3945 1837 4007 confirmato.
1853 3947 2112 4016 scriptum

520 4042 644 4088 est:
683 4053 700 4084 ι
731 4034 974 4101 Oportet,
1005 4033 1200 4101 inquit,
1229 4033 1394 4088 etiam
1429 4033 1557 4088 illud
1597 4035 1876 4090 attendere
1905 4050 2000 4090 eos
2020 4038 2113 4106 qui

521 4125 804 4180 veritatem
843 4132 1275 4193 perscrutantur,
1324 4126 1469 4195 quod
1504 4125 1731 4181 forsitan
1771 4128 1824 4182 in
1865 4131 2114 4188 conciliis

523 4215 772 4282 quantam
816 4229 846 4268 a
893 4215 1058 4269 certis
1096 4213 1167 4268 ibi
1204 4215 1649 4272 convenientibus
1697 4217 1972 4283 dicuntur,
2019 4231 2114 4277 aut

521 4318 619 4372 per
664 4302 925 4369 favorem,
975 4313 1065 4358 aut
1105 4318 1203 4374 per
1236 4306 1699 4376 contrarietatem,
1731 4321 1942 4382 autper
1969 4313 2114 4384 igneo

521 4394 755 4447 rantiam
783 4412 795 4447 :
832 4409 990 4449 nemo
1019 4405 1197 4450 autem
1222 4399 1450 4452 attendit
1475 4414 1538 4453 ea
1569 4415 1690 4469 qua:
1719 4416 1815 4470 per
1843 4413 2048 4472 partem
2079 4421 2110 4460 a

521 4483 842 4553 quibusdam
875 4485 1150 4551 dicuntur,
1181 4489 1276 4542 sed
1317 4489 1428 4542 sola
1472 4489 1557 4544 illa
1595 4505 1716 4559 qua:
1755 4493 1821 4547 ab
1859 4495 2112 4550 omnibus

521 4576 791 4630 communi
815 4593 973 4632 sensu
1016 4577 1366 4635 diliiniuntur.
1411 4580 1468 4634 Si
1499 4582 1643 4636 enim
1683 4583 1880 4652 aliquis
1920 4600 2111 4640 secun-
2139 4552 2188 4611 ι)

521 4667 646 4722 dum
688 4668 808 4723 illos
842 4669 1070 4724 voluerit
1097 4672 1379 4727 attendere
1417 4669 1720 4739 hujusmodi
1749 4675 2110 4729 contrarieta-

524 4767 625 4824 tes,
651 4774 987 4829 unaquaque
1017 4763 1254 4832 synodus
1285 4763 1592 4818 invenietur
1627 4767 1971 4835 semetipsam
2018 4768 2110 4824 de-

521 4862 754 4907 struens.
797 4871 815 4905 ι
860 4851 974 4919 Qua
1014 4853 1336 4907 discretione
1373 4855 1691 4924 prudentius
1727 4866 1778 4911 te
1805 4857 2108 4928 intelligens

520 4944 855 5000 Antiocliena
894 4944 1150 5016 synodus,
1191 4959 1350 5013 quam
1390 4955 1611 5001 sanctus
1648 4947 1907 5011 Hilarius,
1935 4947 2026 5000 illo
2052 4949 2106 5003 in

521 5052 683 5091 carne
713 5037 898 5091 vivens
926 5046 1164 5106 tempore
1194 5038 1409 5106 quando
1431 5037 1700 5094 celebrata
1735 5039 1855 5105 fuit,
1893 5041 1944 5094 in
1989 5042 2105 5110 epi-

523 5128 658 5182 stola
680 5130 746 5183 ad
771 5130 1148 5198 imperatorem
1173 5129 1568 5195 Constantium,
1596 5131 1717 5184 etin
1752 5131 1896 5212 librq
1915 5133 1980 5186 de
2007 5133 2107 5204 Sy-

522 5214 678 5271 nodis
711 5226 974 5271 monstrat
1021 5214 1188 5271 fuisse
1233 5218 1585 5284 catholicam,
1637 5235 1907 5290 quamque
1945 5221 2109 5277 Chal-

521 5307 840 5362 cedonensis
889 5308 1208 5376 comprobat
1257 5325 1270 5361 :
1317 5317 1370 5362 et
1428 5309 1641 5373 sciens,
1694 5321 1817 5380 post
1863 5321 2107 5381 tempora

523 5400 878 5468 quorumdam
924 5413 1148 5466 eorum,
1192 5398 1260 5454 de
1297 5415 1526 5469 quorum
1571 5402 1814 5471 epistolis
1858 5404 2106 5472 quaedam

521 5490 782 5562 collegisti
811 5501 868 5546 et
891 5492 1133 5562 quadam
1156 5491 1279 5547 dolo
1297 5493 1548 5558 omisisti,
1567 5494 1809 5549 habitum
1834 5494 2106 5550 Niczenum

522 5584 811 5639 concilium
839 5586 980 5650 (can.
1009 5585 1085 5656 6),
1121 5585 1207 5640 cui
1248 5601 1277 5639 a
1310 5587 1659 5658 sequentibus
1691 5589 1897 5643 sanctis
1928 5587 2108 5642 conci-

527 5674 634 5738 liis,
685 5675 825 5729 sicut
863 5676 997 5730 nihil
1042 5677 1373 5731 contrarinm
1414 5689 1498 5734 est
1538 5679 1800 5742 additum,
1836 5679 1907 5732 ita
1949 5679 2016 5733 ab
2043 5693 2108 5732 eo

529 5767 660 5822 nihil
683 5778 764 5826 est
794 5769 1129 5836 abrogatum,
1148 5769 1278 5824 nihil
1302 5772 1606 5827 mutilatum
1631 5771 1712 5828 vel
1738 5773 2102 5839 immutatum,

2219 1932 2285 1987 de
2305 1931 2546 2001 quolibet
2579 1932 3016 2001 nieerpolitano,
3047 1946 3114 1986 ne
3144 1933 3196 1986 in
3227 1933 3504 2002 provincia
3539 1943 3822 2004 metropo-

2219 2020 2368 2075 litani
2417 2021 2642 2076 alterius
2676 2022 2820 2092 quod
2861 2038 2966 2076 non
3002 2030 3087 2076 est
3122 2039 3276 2077 suum
3322 2038 3428 2077 non
3478 2025 3692 2093 petitus
3737 2024 3816 2078 vel

2221 2123 2444 2169 vocatus
2491 2124 2806 2186 praesumat,
2855 2123 2910 2170 et
2945 2131 3051 2169 non
3084 2116 3151 2171 de
3179 2125 3271 2172 tuo
3311 2117 3741 2186 metropolitano
3766 2117 3815 2171 in

2219 2214 2308 2260 tua
2335 2207 2591 2276 parocbia
2617 2206 2692 2261 illi
2717 2205 2956 2273 subjecta
2973 2207 3174 2263 dicere.
3206 2207 3359 2262 Unde
3389 2219 3441 2264 et
3467 2208 3817 2264 Innocentius

2218 2297 2284 2350 ad
2310 2297 2672 2351 Alexandrum
2705 2297 3102 2352 Antioclienum
3133 2299 3442 2369 episcopum
3470 2299 3649 2369 (epist.
3673 2298 3773 2367 20)
3800 2315 3814 2352 :

2223 2405 2244 2441 α
2277 2387 2655 2452 Revolvcntes,
2696 2389 2891 2458 inquit,
2929 2390 3305 2444 auctoritatem
3332 2389 3565 2444 Nicena:
3595 2388 3812 2460 synodi,

2218 2496 2338 2551 quae
2368 2495 2474 2534 una
2501 2480 2741 2534 omnium
2773 2496 2871 2550 per
2908 2481 3096 2536 orbem
3139 2490 3406 2536 terrarum
3435 2489 3678 2535 mentem
3721 2494 3815 2535 ex-

2216 2572 2382 2643 plicat
2409 2574 2771 2654 sacerdotum,
2799 2589 2919 2643 qua:
2949 2573 3159 2629 censuit
3186 2574 3254 2628 de
3279 2573 3621 2628 Antiochena
3649 2573 3817 2628 eccle-

2217 2662 2314 2726 sia,
2361 2662 2572 2718 cunctis
2603 2661 2869 2726 fidelibus,
2904 2678 2973 2717 ne
3003 2663 3233 2718 dixerim
3264 2662 3666 2728 sacerdotibus,
3693 2677 3814 2718 esse

2217 2753 2925 2817 necessariuimcustodire,
2958 2753 3083 2822 quia
3131 2767 3294 2823 super
3329 2751 3616 2807 dimcesim
3661 2768 3813 2808 suam

2215 2844 2527 2913 praedictam
2546 2843 2854 2909 ecclesiam,
2882 2860 2988 2898 non
3006 2859 3170 2915 super
3190 2843 3426 2914 aliquam
3449 2844 3812 2912 provinciam.

2219 2937 2660 3008 recognoscimus
2691 2938 3067 2992 constitutam.
3105 2957 3123 2989 ι
3151 2937 3216 2991 Et
3242 2937 3555 2993 Bonifacius
3580 2953 3724 3008 papa
3753 2936 3813 2990 ad

2217 3025 2480 3083 Hilarium
2513 3027 2911 3085 Narbonensem
2942 3030 3252 3100 episcopum
3290 3028 3460 3100 (epist.
3494 3031 3550 3098 3)
3573 3048 3588 3082 :
3609 3049 3628 3078 ‹
3651 3027 3812 3092 Nulli,

2219 3117 2414 3188 inquit,
2442 3118 2658 3173 videtur
2687 3118 2958 3188 incognita
2988 3119 3177 3190 synodi
3210 3118 3531 3172 constitutio
3558 3116 3809 3180 Nicena,

2217 3228 2337 3283 quae
2369 3213 2440 3266 ita
2473 3213 2740 3282 praecipit,
2768 3221 2829 3267 ut
2855 3212 3044 3266 eadem
3076 3212 3292 3283 proprie
3321 3212 3482 3265 verba
3508 3225 3806 3280 ponamus:

2216 3300 2319 3356 Per
2363 3316 2800 3372 unamquamque
2854 3303 3190 3371 provinciam
3229 3301 3319 3372 jus
3359 3299 3810 3370 metropolitanos

2216 3393 2454 3463 singulos
2481 3393 2685 3448 habere
2711 3394 2929 3457 debere,
2961 3409 3059 3448 nec
3081 3395 3330 3463 cuiquam
3355 3393 3492 3446 duas
3509 3407 3634 3447 esse
3661 3405 3810 3462 posse

2215 3483 2484 3552 subjectas
2515 3501 2529 3536 :
2561 3484 2703 3552 quod
2734 3484 2832 3548 illi,
2867 3484 2992 3553 quia
3029 3484 3185 3538 aliter
3204 3483 3539 3538 credendum
3567 3499 3678 3537 non
3710 3493 3809 3547 est,

2215 3572 2544 3627 servandum
2593 3583 2783 3626 saneto
2834 3573 3038 3642 Spiritu
3076 3581 3397 3644 suggerente
3423 3571 3651 3627 sibimet
3690 3589 3811 3628 ceu-

2217 3673 2460 3718 suerunt.
2500 3682 2519 3715 i
2554 3663 2617 3718 Et
2641 3665 2802 3734 paulo
2823 3673 2944 3734 post
2972 3682 2985 3719 ε
3018 3684 3036 3715 ε
3065 3664 3219 3731 Quod
3243 3663 3448 3718 idcirco
3476 3663 3733 3727 dicimus,
3759 3672 3812 3717 ut

2216 3755 2464 3809 advertat
2489 3757 2735 3810 cbaritas
2772 3764 2882 3820 tua,
2921 3758 3056 3811 adeo
3089 3771 3186 3809 nos
3229 3771 3498 3810 canonum
3539 3764 3808 3826 przecepta

2215 3861 2457 3911 scrvare,
2509 3854 2567 3899 ut
2605 3847 2678 3900 ita
2726 3848 3044 3903 constitutio
3087 3863 3304 3920 quoque
3334 3859 3522 3905 nostra
3559 3847 3805 3908 diﬂiniat,

2216 3948 2482 4006 quatenus
2523 3939 2920 4008 metropolitani
2945 3941 3025 3994 sui
3054 3957 3390 4012 unaquaeque
3428 3941 3712 4012 provincia
3754 3939 3803 3994 in

2215 4029 2468 4084 oninibus
2515 4031 2677 4084 rebus
2724 4031 3122 4086 ordinationem
3181 4047 3400 4102 semper
3452 4040 3801 4101 exspectetu

2215 4120 2282 4175 Et
2319 4122 2402 4175 bis
2443 4137 2680 4176 consona
2721 4120 3048 4178 leestinus
3099 4140 3112 4176 :
3168 4141 3187 4173 ι
3229 4121 3392 4178 Juxta
3433 4126 3686 4187 decreta,
3735 4121 3807 4176 in-

2214 4213 2332 4282 quit
2375 4212 2544 4284 (epist.
2592 4215 2667 4285 1),
2722 4229 2991 4269 canonum
3029 4230 3364 4285 unaquaeque
3390 4213 3674 4285 provincia
3715 4223 3805 4266 suo

2215 4303 2633 4372 metropolitano
2662 4312 2916 4359 contenta
2948 4304 3039 4368 sit,
3068 4313 3127 4358 ut
3158 4304 3456 4358 decessoris
3489 4302 3662 4357 nostri
3684 4301 3802 4352 data

2213 4395 2280 4448 ad
2327 4395 2732 4450 Narbonensem
2769 4395 3081 4465 episcopum
3122 4394 3402 4448 continent
3453 4392 3752 4446 constituta
3785 4403 3797 4439 :

2215 4497 2316 4538 nec
2369 4484 2706 4554 usurpationi
2766 4485 2914 4538 locus
2951 4483 3110 4537 alicui
3155 4481 3420 4536 sacerdoti
3479 4480 3534 4534 in
3580 4477 3798 4531 alterius

2214 4576 2542 4631 concedatur
2588 4575 2861 4644 iniuriam.
2913 4573 2997 4628 Sit
3033 4572 3308 4628 concessis
3354 4569 3456 4624 sibi
3506 4576 3798 4623 contentus

2213 4667 2584 4738 unusquisque
2647 4666 2930 4729 limitibus,
2976 4664 3114 4718 alter
3153 4664 3207 4718 in
3259 4661 3484 4716 alterius
3530 4659 3797 4729 provincia

2213 4760 2348 4815 nihil
2379 4767 2691 4829 praesumat.
2731 4779 2749 4811 ι
2785 4757 2939 4813 Unde
2976 4767 3032 4811 et
3075 4755 3388 4810 Africanum
3417 4752 3712 4808 concilium
3739 4751 3797 4806 ad

2213 4850 2564 4906 leestinum
2599 4864 2792 4920 papam
2842 4849 3033 4904 scribit
3069 4847 3255 4902 dicens
3287 4843 3421 4916 (post
3456 4860 3609 4898 conc.
3668 4843 3798 4912 Afri-

2214 4942 2358 5013 can.)
2392 4957 2408 4996 :
2442 4960 2460 4993 s
2486 4941 2708 4996 Decreta
2725 4939 3091 5005 Nicwna,sive
3123 4937 3393 4993 inferioris
3421 4937 3628 5007 gradus
3648 4933 3798 4990 cieri-

2215 5048 2331 5099 cos,
2362 5032 2476 5086 sive
2521 5031 2664 5102 ipsos
2689 5031 2990 5100 episcopos,
3038 5029 3151 5083 suis
3186 5026 3627 5096 metropolitanis
3657 5038 3796 5095 aper-

2216 5124 2423 5178 tissime
2442 5123 2851 5178 commiserunt.
2874 5105 3296 5174 Prudentissime
3317 5118 3460 5172 enim
3477 5117 3797 5186 justissim-

2212 5228 2320 5284 que
2363 5215 2636 5278 viderunt,
2679 5226 3012 5284 quaecunque
3047 5213 3257 5283 negotia
3303 5211 3357 5264 in
3395 5211 3512 5265 suis
3551 5209 3694 5264 locis
3717 5207 3794 5263 ubi

2214 5317 2333 5360 orta
2363 5315 2488 5360 sunt
2511 5305 2744 5360 finienda
2771 5323 2786 5359 :
2816 5321 2916 5360 nec
2937 5305 3227 5374 unicuique
3251 5302 3543 5373 provincia
3571 5301 3792 5371 gratiam

2216 5397 2387 5453 Sancti
2433 5397 2670 5467 Spiritus
2713 5397 3050 5460 defuturam,
3094 5411 3200 5466 qua
3251 5393 3478 5464 aequitas
3520 5409 3550 5447 s
3604 5390 3791 5447 Christi

2212 5493 2585 5547 sacerdotibus
2604 5501 2658 5546 et
2683 5491 2974 5560 prudenter
2990 5489 3255 5550 videatur,
3287 5495 3342 5540 et
3363 5484 3792 5540 constantissime

2212 5589 2480 5636 teneatur.
2529 5600 2548 5631 ι
2587 5580 2652 5634 Et
2672 5580 2780 5635 Leo
2821 5580 2886 5632 ad
2926 5578 3240 5632 Anatolium
3269 5575 3444 5645 (epist.
3487 5573 3583 5639 56)
3613 5591 3628 5626 :
3660 5592 3681 5622 ‹
3712 5571 3787 5624 Illa

2213 5675 2553 5731 Niczenorum
2607 5688 2872 5728 canonum
2922 5687 3018 5741 per
3065 5677 3308 5722 sanctum
3358 5678 3489 5718 vere
3538 5662 3787 5732 Spiritum

2210 5767 2456 5824 ordinata
2485 5764 2725 5818 conditio
2760 5763 2901 5817 nulla
2941 5776 3176 5830 unquam
3219 5769 3303 5812 εει
3341 5765 3496 5826 parte
3531 5748 3784 5809 solubilis.
