3948 5376
138 338 252 420 395

917 367 1156 426 OPUSC.
1198 369 1285 425 ΕΤ
1327 368 1541 424 EPIST.
1583 367 1649 422 ΙΝ
1685 367 1908 424 CAUSA
1954 370 2277 426 lllNCMARl
2314 373 2616 430 LAUDUN.

3282 384 3413 452 59},

139 470 299 526 Nulla
363 470 581 526 sibimet
647 473 712 527 de
784 474 1224 543 multiplicatione
1289 477 1717 547 congregationis
1747 483 1793 536 Α
1825 492 1945 530 men
1978 489 2197 546 possunt
2232 482 2474 538 minuere
2507 484 2838 554 dignitatem.
2880 507 2898 535 ι
2931 485 3036 546 Sed
3083 502 3182 543 nec
3227 505 3388 544 sensu

139 563 416 633 synodalia
458 565 687 618 concilia
727 565 1093 633 blandiantur,
1124 586 1299 639 neque
1338 569 1589 624 trecentis
1618 569 1719 623 illis

139 653 329 708 decem
373 663 535 723 atque
568 665 690 710 octo
728 657 994 726 episcopis
1016 659 1416 728 quantumlibet
1452 660 1720 729 copiosior

137 760 401 800 numerus
433 747 796 812 sacerdotum,
837 749 918 803 vel
965 765 1275 819 comparare
1315 766 1372 806 sc
1402 751 1610 814 audeat,
1636 750 1721 805 vel

136 834 434 902 praeferre:
465 851 588 890 cum
616 844 766 892 tanto
797 838 1052 894 divinitus
1095 841 1376 910 privilegio
1418 839 1628 894 Nicmna
1650 840 1722 894 sit

138 925 377 997 synodus
421 937 759 990 consecrata,
793 938 852 982 ut
879 929 994 982 sive
1021 945 1116 998 per
1137 931 1440 1000 pauciores,
1470 931 1580 984 sive
1626 945 1721 1000 per

137 1018 321 1088 plures
337 1016 704 1071 ecclesiastica
722 1018 921 1086 judicia
949 1019 1307 1084 celebrentur,
1331 1021 1475 1074 omni
1505 1021 1719 1090 penitus

137 1109 464 1164 auctoritate
507 1108 576 1163 sit
616 1124 868 1172 vacuum,
900 1110 1158 1179 quidquid
1207 1112 1277 1166 ab
1310 1105 1519 1166 illorum
1563 1112 1722 1167 fuerit

136 1198 534 1253 constitutione
589 1198 881 1252 diversum.
943 1219 961 1252 ι
1013 1201 1087 1254 De
1143 1199 1295 1269 cujus
1343 1201 1618 1272 privilegio
1668 1212 1722 1257 et

133 1290 332 1344 beatus
348 1290 662 1345 Ambrosius
684 1291 812 1346 dicit
833 1292 948 1360 (lib.
978 1293 1079 1346 ide
1100 1291 1254 1357 Fide,
1279 1309 1397 1363 cap.
1423 1294 1474 1364 9)
1506 1309 1519 1347 :
1554 1313 1573 1346 ‹
1602 1292 1716 1348 Non

136 1381 375 1434 humana
407 1373 695 1444 industria,
729 1397 835 1435 non
859 1383 1247 1451 compositione
1271 1385 1470 1452 aliqua,
1495 1384 1718 1438 trecenti

133 1469 328 1526 decem
371 1480 427 1526 et
470 1481 593 1526 octo
635 1473 872 1542 episcopi
917 1475 985 1526 ad
1015 1475 1299 1528 concilium
1329 1485 1717 1541 convenerunt,

133 1563 234 1617 sed
265 1572 325 1616 ut
361 1563 412 1617 in
445 1579 670 1617 numero
697 1578 907 1628 eorum,
940 1580 1037 1634 per
1065 1566 1275 1636 signum
1316 1583 1426 1620 suae
1456 1568 1720 1636 passionis

132 1665 194 1708 et
243 1655 499 1718 nominis,
544 1655 804 1709 Dominus
846 1655 1002 1710 Jesus
1033 1672 1130 1712 suo
1159 1658 1412 1727 probaret
1447 1673 1503 1712 se
1533 1658 1720 1712 adesse

132 1743 391 1809 concilio,
421 1760 553 1798 crux
580 1745 634 1798 in
669 1747 946 1810 trecentis,
972 1744 1099 1800 Jesu
1143 1763 1334 1802 nomen
1365 1749 1415 1801 in
1448 1749 1631 1803 decem
1667 1757 1720 1802 et

1822 569 1992 622 sacris
2026 572 2320 626 canonibus
2353 575 2716 629 concordante
2754 575 2804 628 in
2835 577 3056 634 metrica
3086 579 3390 634 titulatione

1821 657 2218 727 compilationis
2284 670 2387 715 tua:
2443 664 2639 718 domno
2705 665 2814 735 regi
2869 667 3201 736 porrigenda:
3258 673 3390 723 scri-

1820 747 1972 816 psisti
2008 767 2020 800 :

2003 891 2305 955 Responsum
2330 909 2355 943 a
2379 899 2538 947 vincto
2558 901 2651 948 rite
2675 912 2768 949 nec
2789 903 3026 961 exigier;

1819 1026 1874 1069 et
1904 1011 2031 1070 mihi
2064 1032 2158 1086 per
2200 1019 2598 1076 comministros
2646 1036 2792 1078 meos
2841 1024 2906 1078 ad
2945 1034 2996 1079 te
3039 1024 3274 1080 directos
3304 1043 3390 1082 res

1819 1107 2105 1171 mandasti,
2139 1121 2205 1160 ne
2253 1124 2499 1178 cogerem
2545 1120 2596 1166 te
2653 1115 2994 1182 respondere,
3044 1117 3279 1185 quandiu
3334 1117 3388 1170 in

1819 1199 2058 1252 custodia
2091 1205 2145 1251 et
2178 1201 2417 1254 absentia
2465 1202 2780 1259 clericorum
2814 1215 3024 1260 tuorum
3053 1222 3193 1262 eras.
3239 1207 3391 1262 Unde

1822 1288 1914 1341 tibi
1951 1297 2076 1343 tunc
2104 1290 2305 1358 scripto
2334 1293 2620 1360 respondi,
2658 1303 2710 1348 et
2758 1311 2896 1350 nunc
2933 1298 3158 1351 ostendo
3210 1306 3282 1361 te,
3333 1298 3392 1350 ut

1818 1379 1948 1443 dixi,
2007 1396 2110 1434 non
2160 1392 2307 1436 recto
2372 1399 2529 1437 sensu
2583 1400 2782 1453 ponere
2835 1402 2899 1440 ex
2947 1388 3118 1442 sacris
3168 1387 3391 1458 regulis,

1818 1470 1960 1538 quod
1987 1470 2052 1524 tle
2082 1485 2184 1524 non
2220 1473 2589 1542 respondendo
2620 1475 2671 1528 in
2703 1485 2790 1528 tua
2810 1478 3157 1532 excusatione
3186 1478 3389 1540 dixisti,

1820 1568 2093 1612 asserente
2115 1569 2301 1614 sancto
2325 1577 2458 1631 papa
2489 1561 2673 1616 llilaro
2692 1564 2764 1632 (in
2787 1564 2972 1616 concil.
3002 1564 3178 1630 Rom.,
3208 1582 3256 1620 c.
3282 1566 3337 1634 4)
3373 1583 3388 1620 :

1825 1667 1843 1700 ‹
1883 1647 2012 1713 Nos,
2045 1649 2239 1718 inquit,
2273 1651 2322 1704 in
2360 1652 2504 1706 nullo
2534 1652 2781 1708 volumus
2806 1655 3143 1708 severitatem
3175 1655 3395 1710 ultionis

1820 1753 2117 1794 exercere:
2170 1741 2261 1795 sed
2309 1741 2398 1811 qui
2455 1743 2508 1797 in
2562 1743 2740 1797 causis
2783 1742 2876 1798 Dei
2935 1746 3268 1799 contumacia
3308 1740 3393 1799 vel

131 1842 264 1888 octo
293 1842 376 1888 est
397 1834 787 1890 sacerdotibus.
823 1855 918 1887 ι-
949 1853 967 1886 ‹
1001 1835 1066 1889 Ει
1091 1837 1246 1902 mihi,
1271 1835 1714 1906 inqunnuarius,
1749 1832 1795 1892 B
1825 1837 2132 1899 contemptu
2161 1830 2464 1900 deliquerit,
2499 1841 2590 1886 aut
2632 1833 2746 1902 ipse
2775 1835 2914 1906 quod
2947 1850 3225 1903 perperam
3269 1835 3396 1887 fecit

133 1925 254 1994 ipse
301 1921 390 1978 ille
419 1940 677 1979 numerus
703 1926 792 1980 hic
835 1935 1055 1981 sanctus
1081 1937 1182 1992 est,
1218 1927 1272 1980 in
1311 1942 1418 1996 quo
1445 1912 1718 1982 Abraham

134 2015 316 2069 victor
353 2030 536 2086 regum
570 2015 853 2083 impiorum
894 2014 962 2068 ab
989 2030 1054 2069 eo
1091 2016 1181 2084 qui
1209 2017 1396 2069 aeterni
1431 2016 1718 2070 sacerdotii

131 2113 222 2159 est
266 2103 437 2159 forma
484 2105 840 2160 benedicitur.
891 2125 908 2156 ι
947 2106 1013 2159 Ει
1042 2107 1168 2159 item
1203 2106 1392 2160 beatus
1437 2106 1545 2160 Leo
1584 2122 1719 2176 papa

132 2194 307 2264 (epist.
342 2193 412 2248 56
442 2193 707 2264 Anatolio)
740 2208 754 2247 :
787 2212 804 2244 ι
838 2193 1021 2249 Sancti
1058 2191 1130 2248 illi
1171 2205 1224 2249 et
1263 2196 1597 2251 venerabiles
1623 2212 1719 2266 pa-

131 2292 269 2348 tres,
308 2284 398 2352 qui
441 2285 494 2339 in
534 2285 665 2339 urbe
712 2283 923 2338 Nicaana
968 2284 1230 2356 sacrilego
1284 2284 1415 2339 Ario
1461 2302 1586 2340 cum
1623 2302 1720 2341 sua

130 2373 419 2442 impietate
442 2375 714 2436 damnato.
750 2390 1030 2430 mansuras
1068 2392 1236 2446 usque
1264 2378 1314 2430 in
1354 2375 1510 2430 finem
1539 2378 1718 2430 mundi

129 2463 284 2534 leges
313 2465 804 2522 ecclesiasticarum
828 2481 1092 2521 canonum
1119 2466 1490 2531 condiderunt,
1515 2467 1721 2536 ctapnd

127 2571 236 2612 nos
266 2557 322 2611 in
358 2565 471 2612 toto
512 2559 644 2613 orbe
691 2567 958 2612 terrarum
997 2558 1050 2610 in
1096 2559 1207 2612 suis
1247 2559 1724 2613 constitutionibus

127 2646 344 2712 vivunt,
376 2656 432 2702 et
475 2649 520 2702 si
545 2648 672 2718 quid
715 2661 940 2717 usquam
977 2647 1133 2702 aliter
1169 2663 1332 2717 quam
1379 2647 1452 2701 illi
1479 2655 1720 2703 statuere

127 2738 520 2807 praesumitur,
571 2741 688 2795 sine
730 2741 1074 2794 cunctatione
1117 2750 1379 2795 cassatur.
1437 2761 1454 2791 ι
1494 2741 1559 2795 Et
1598 2742 1722 2796 hinc

124 2838 363 2885 sanctus
414 2829 525 2886 Leo
568 2833 634 2886 ad
677 2830 1018 2886 Pulcheriam
1073 2833 1366 2904 Augustam
1397 2845 1410 2885 :
1445 2849 1462 2882 ι
1521 2832 1721 2886 Contra

125 2929 374 2984 statuta,
423 2921 598 2990 inquit
643 2921 817 2992 (epist.
865 2921 979 2993 38),
1023 2938 1292 2977 canonum
1338 2933 1720 2992 paternorum,

124 3026 257 3082 qua:
294 3020 419 3067 ante
447 3012 770 3082 longissima:
804 3015 978 3068 aetatis
1012 3029 1182 3069 annos
1224 3014 1276 3068 ln
1321 3016 1453 3069 urbe
1508 3011 1722 3068 Nicmna

123 3101 476 3172 spiritalibus
527 3110 652 3156 sunt
707 3101 928 3156 fundata
969 3103 1230 3167 decretis,
1285 3102 1419 3156 nihil
1470 3103 1722 3171 cuiquam

1822 1917 2035 1974 abolere
2062 1918 2309 1985 noluerit,
2360 1919 2410 1974 in
2450 1935 2508 1975 se
2548 1919 2804 1991 quidquid
2851 1922 2900 1974 in
2929 1922 3088 1975 alium
3117 1940 3218 1976 non
3254 1939 3395 1977 rese.

1823 2010 1958 2062 carit
2006 2007 2260 2064 inveniet.
2297 2030 2314 2062 ι
2367 2007 2481 2065 Non
2527 2012 2668 2064 enim
2715 2011 2827 2064 hzec
2875 2028 2993 2080 qure
3046 2014 3198 2083 egisti
3257 2014 3396 2066 inter

1823 2101 1981 2155 dubia
2030 2101 2113 2155 vel
2143 2103 2370 2156 obscura
2400 2103 2692 2157 secundum
2741 2102 2935 2157 Leonis
2987 2105 3197 2157 decreta
3248 2113 3396 2173 pote-

1823 2200 1944 2246 rant
1988 2192 2068 2246 vel
2101 2201 2322 2261 possunt
2351 2193 2457 2246 ullo
2495 2195 2653 2246 modo
2701 2183 3018 2262 computari,
3053 2203 3111 2248 ut
3163 2195 3282 2249 inde
3313 2196 3393 2249 lo-

1823 2295 1944 2333 cum
1976 2279 2291 2334 defendendi
2326 2288 2378 2335 te
2410 2282 2657 2346 haberes,
2693 2291 2747 2336 et
2791 2283 2897 2336 tuis
2928 2285 3216 2337 redonatns
3239 2325 3252 2349 ,
3306 2300 3393 2339 re-

1823 2372 2082 2444 gulariter
2116 2380 2337 2429 vocatus
2377 2375 2442 2428 ad
2487 2375 2745 2445 synodum
2777 2376 3100 2444 respondere
3147 2378 3393 2439 deberes,

1824 2464 1963 2517 sicut
2019 2472 2074 2518 et
2127 2464 2182 2518 in
2235 2465 2661 2534 prteccdentibus
2727 2473 2782 2518 et
2847 2466 2898 2518 in
2949 2465 3396 2532 subsequentibus

1823 2551 1979 2605 istius
2027 2552 2266 2620 opuscull
2310 2568 2375 2606 ex
2415 2553 2585 2608 sacris
2625 2553 2847 2622 regulis,
2897 2562 2951 2607 et
2991 2563 3045 2608 tu
3078 2565 3130 2609 ct
3175 2556 3399 2624 quilibet

1823 2641 1958 2694 alius
2002 2641 2093 2711 qni
2140 2642 2329 2711 legerit
2373 2652 2549 2712 potest
2592 2658 2914 2712 cognoscere
2960 2661 2973 2695 :
3021 2653 3074 2697 et
3122 2644 3241 2698 ideo
3300 2644 3394 2696 tibi

1822 2731 2059 2785 scribere
2087 2731 2284 2794 studui,
2332 2741 2390 2784 ut
2431 2746 2548 2800 qure
2596 2733 2647 2785 in
2702 2732 2880 2786 causis
2913 2731 3007 2785 Del
3055 2733 3395 2786 contumacia

1822 2822 1906 2877 vel
1931 2831 2238 2893 contemptu
2268 2822 2556 2892 deliquisti,
2586 2832 2642 2877 et
2665 2839 2783 2893 qua:
2805 2839 3033 2894 perpere
3059 2824 3394 2881 commisisti.

1823 2914 2038 2969 abolere
2066 2925 2285 2968 curares
2307 2954 2318 2977 ,
2344 2923 2396 2968 et
2425 2912 2624 2968 factum
2657 2923 2826 2978 tuum,
2875 2930 2980 2983 quo
3027 2914 3164 2967 male
3194 2914 3402 2968 exordi-

1823 3005 1987 3067 nasti,
2013 3005 2153 3059 sicut
2182 3005 2321 3060 idem
2350 3003 2565 3058 Hilarus
2585 3003 2738 3072 jubet
2770 3005 2835 3059 de
2869 3019 2933 3059 eo
2962 3005 3052 3074 qui
3081 3003 3220 3057 male
3248 3003 3396 3056 ordi-

1827 3097 1999 3160 navit,
2028 3096 2141 3165 ipse
2165 3095 2486 3150 dissolveres
2521 3113 2533 3148 :
2575 3103 2836 3164 quatenus
2863 3095 3206 3149 severitatem
3239 3093 3400 3147 ultio-

129 3197 346 3250 audere
391 3195 742 3252 conceditur:
772 3195 843 3249 ita
877 3203 936 3248 ut
977 3196 1022 3250 si
1052 3196 1171 3264 quis
1204 3194 1474 3250 diversum
1524 3195 1722 3264 aliquid
1751 3185 1796 3248 C
1827 3187 1912 3240 nis
1961 3185 2015 3239 in
2064 3192 2118 3238 te
2163 3183 2406 3238 exerceri
2478 3183 2546 3236 ab
2594 3185 2674 3238 eis
2741 3199 2969 3253 (tuorum
3014 3184 3242 3237 interest
3295 3199 3398 3235 non

126 3289 436 3343 decernere
476 3286 628 3349 velit,
677 3301 735 3340 se
763 3286 943 3355 potius
991 3289 1228 3350 minuat,
1270 3302 1429 3354 quam
1475 3284 1563 3340 illa
1602 3299 1722 3340 cor-

128 3384 382 3446 rumpat.
407 3376 538 3444 Qum
560 3377 606 3430 si
637 3383 697 3429 ut
717 3383 931 3445 oportet
954 3390 984 3428 a
1023 3376 1230 3429 cunctis
1269 3376 1611 3445 pontilicibus
1642 3376 1724 3429 in-

129 3473 406 3520 temerata
422 3472 726 3529 serventur,
748 3479 844 3534 per
862 3459 1141 3518 universas
1163 3463 1418 3519 ecclesias
1436 3462 1722 3534 tranquilla

127 3557 242 3610 erit
300 3571 404 3624 pax
452 3563 508 3608 et
563 3555 714 3607 ﬁrma
767 3555 1091 3619 concordia,
1149 3553 1306 3608 nulla:
1354 3554 1420 3608 de
1469 3569 1721 3607 mensura

129 3643 410 3702 honorum
435 3645 822 3709 dissensiones,
854 3643 1011 3698 nullae
1036 3644 1102 3696 de
1127 3641 1558 3698 ordinationibus
1581 3643 1722 3710 lites,

128 3736 303 3790 nulla;
348 3735 417 3789 de
462 3733 759 3805 privilegiis
799 3727 1214 3805 ambiguitates,
1259 3735 1403 3789 nulla
1452 3742 1610 3788 erunt
1660 3736 1725 3788 de

127 3826 309 3881 alieni
341 3824 692 3894 usurpatione
725 3824 1052 3889 certamina;
1097 3825 1189 3879 sed
1229 3840 1384 3898 azqno
1403 3824 1524 3892 jure
1547 3824 1726 3877 chari-

131 3913 313 3974 tatis,
368 3912 706 3967 rationabilis
751 3921 808 3968 et
866 3899 1076 3966 morum
1133 3911 1541 3978 ofﬁciorumque
1592 3911 1726 3966 ordo

131 4002 473 4066 servabitur,
495 4010 549 4057 et
574 4002 662 4058 ille
684 4017 811 4058 vere
844 3999 952 4058 erit
976 4017 1222 4073 magnus,
1251 4003 1343 4072 qui
1371 4001 1532 4055 fuerit
1562 4001 1725 4056 totius

131 4091 458 4148 ambitionis
484 4091 710 4150 alienus.
739 4113 760 4147 ι

697 4219 926 4276 CAPUT
961 4217 1170 4273 XXVII.

128 4331 215 4387 De
245 4333 536 4386 canonibus
583 4341 631 4386 et
679 4331 950 4386 sententiis
982 4330 1046 4412 at:
1075 4347 1133 4384 eo
1169 4344 1327 4399 prave
1368 4326 1641 4383 intellectis
1671 4339 1722 4383 et

783 4408 1066 4470 usurpatis.

1822 3275 2072 3345 exigeres
2097 3313 2110 3337 ,
2158 3281 2212 3326 et
2237 3288 2335 3343 ego
2363 3273 2416 3326 in
2453 3287 2539 3327 me
2565 3287 2669 3326 non
2722 3272 3018 3326 invenirem
3047 3273 3192 3341 quod
3242 3272 3293 3324 in
3351 3280 3403 3322 te

1824 3381 1928 3420 non
1976 3378 2224 3418 resecare
2261 3364 2563 3419 euraverim
2599 3379 2613 3416 :
2644 3363 2802 3432 quia,
2851 3372 2909 3416 ut
2953 3363 3123 3417 isdem
3169 3363 3298 3416 dicit
3328 3361 3404 3433 (in

1823 3457 2003 3512 eodem
2032 3472 2201 3520 conc.,
2234 3471 2282 3510 c.
2313 3455 2366 3526 1)
2405 3469 2420 3507 :
2457 3473 2475 3505 ε
2510 3453 2648 3508 Nulli
2677 3455 2759 3508 fas
2801 3462 2886 3508 est
2954 3455 3071 3508 sine
3118 3462 3292 3507 status
3321 3469 3403 3507 ειη

1824 3544 2064 3615 periculo
2088 3584 2104 3608 ,
2134 3544 2218 3599 vel
2243 3545 2452 3598 divinas
2479 3544 2912 3606 constitutiones,
2963 3543 3048 3597 vel
3095 3543 3405 3611 apostolicze

1824 3636 1970 3690 sedis
2027 3635 2243 3689 decreta
2291 3643 2596 3688 temerare:
2648 3633 2773 3702 quia
2815 3647 2952 3696 nos,
3003 3634 3093 3700 qui
3139 3633 3404 3699 potissimi

1826 3724 2125 3780 sacerdotis
2163 3723 2603 3776 administramus
2643 3720 2850 3783 ollicia,
2883 3720 3066 3774 talium
3108 3729 3406 3788 transgres—

1825 3817 2038 3871 sionum
2087 3814 2243 3883 culpa
2291 3813 2561 3883 respiciet,
2617 3813 2664 3866 si
2713 3813 2766 3866 in
2820 3812 2998 3867 causis
3049 3811 3141 3865 Dei
3193 3812 3406 3865 desides

1824 3905 2092 3961 fuerimus
2142 3905 2345 3960 inventi
2391 3919 2404 3958 :
2458 3904 2584 3974 quia
2630 3903 2994 3969 meminimus,
3041 3903 3182 3973 quod
3215 3903 3405 3955 timere

1827 3998 2106 4062 debemus,
2134 3995 2366 4066 qualiter
2388 3995 2748 4049 eomminetur
2770 3993 3029 4048 Dominus
3072 3992 3406 4063 negligentiae

1825 4085 2166 4141 sacerdotum
2200 4102 2213 4137 :
2259 4083 2522 4152 siquidem
2570 4091 2722 4137 reatu
2773 4081 2976 4150 majore
3003 4082 3280 4151 delinquit,
3313 4083 3402 4150 qui

1823 4176 2037 4245 potiore
2086 4175 2291 4229 honore
2341 4172 2660 4244 perfruitur,
2708 4181 2762 4224 et
2810 4173 3054 4243 graviora
3101 4172 3229 4226 facit
3276 4173 3404 4226 vitia

1823 4272 2171 4336 peccatorum
2221 4263 2524 4318 sublimitas
2571 4263 2910 4333 dignitatum.
2965 4283 2982 4314 ι
3015 4262 3221 4332 Scripsi
3273 4277 3404 4334 ergo

1826 4357 1920 4412 tibi
1959 4356 2253 4409 secundum
2285 4355 2499 4408 decreta
2530 4355 2745 4418 Leonis,
2773 4363 2834 4407 ut
2861 4353 3105 4410 salubres
3131 4355 3408 4424 suscipere

1824 4457 2047 4500 curares
2079 4445 2344 4506 hortatus,
2367 4452 2422 4496 et
2453 4443 2584 4497 nihil
2611 4457 2708 4512 per
2731 4445 3128 4498 contentionem
3161 4454 3404 4514 agentes,

205 4534 374 4602 Quod
400 4548 524 4606 ergo
551 4536 614 4590 de
643 4543 731 4589 tua
774 4531 1030 4604 parochia
1051 4571 1066 4595 ,
1097 4531 1249 4600 quasi
1302 4545 1401 4601 ego
1427 4530 1494 4584 ad
1522 4529 1722 4600 aliquid
1749 4519 1801 4577 Π
1827 4535 1920 4590 sed
1943 4534 2010 4588 ad
2037 4547 2196 4587 omne
2217 4532 2453 4586 studium
2477 4532 2775 4586 devotionis
2800 4533 3103 4599 unanimes,
3131 4535 3324 4588 divinis
3349 4544 3410 4588 et

128 4624 188 4679 in
221 4639 298 4678 ea
333 4623 689 4678 dilliniendnm
717 4623 863 4678 illam
891 4619 1039 4674 adire
1069 4635 1173 4673 non
1203 4620 1428 4689 possim,
1457 4634 1523 4672 ex
1548 4619 1728 4674 verbis

127 4715 360 4770 Callisti
408 4723 462 4769 et
515 4715 658 4778 aliis,
709 4714 815 4767 tuis
875 4711 1343 4778 compilationibus
1395 4721 1570 4765 tecum
1621 4727 1723 4766 non

132 4802 493 4868 facientibus,
520 4801 785 4857 aliirmare
833 4800 1066 4863 conaris,
1105 4815 1268 4868 prave
1314 4800 1584 4869 intelligis.
1619 4801 1726 4856 Sed

135 4897 234 4951 his
287 4903 344 4948 et
371 4892 485 4947 aliis
512 4893 814 4964 regularum
843 4890 1314 4945 constitutionibus
1354 4888 1595 4942 invenies
1624 4891 1725 4944 hoc

138 4989 446 5043 observare
471 4985 665 5040 debere
691 4997 1129 5052 unumquemque
1173 4981 1642 5053 metmpolitannm
1671 4980 1723 5035 in

139 5077 431 5151 provincia
477 5078 694 5132 alterius
739 5074 1167 5145 metropolitani,
1203 5076 1345 5143 quod
1377 5085 1433 5128 tu
1479 5074 1570 5127 tibi
1611 5087 1731 5141 per-

139 5185 310 5226 verse
341 5183 561 5238 arrogas
604 5169 670 5222 de
719 5176 810 5222 tua
867 5165 1118 5234 parochia
1165 5164 1590 5233 ntetropolilantc
1617 5164 1729 5218 sedi

1829 4624 2142 4693 apostolicis
2180 4621 2658 4676 constitutionibus
2704 4637 3038 4690 pareremus,
3078 4632 3133 4678 et
3179 4624 3231 4676 in
3259 4623 3409 4677 nullo

1828 4720 2138 4782 pateremur
2193 4707 2662 4778 providentissima
2710 4725 2977 4765 canonum
3025 4712 3243 4768 decreta
3294 4711 3408 4764 vio-

1827 4804 1948 4857 lari.
1998 4803 2078 4856 Tu
2124 4809 2307 4854 autem
2355 4801 2598 4867 cogitans
2626 4801 2848 4856 consilia
2896 4818 3015 4872 qua:
3060 4816 3166 4856 non
3195 4802 3408 4868 poteris

1827 4893 2110 4958 stabilire,
2166 4889 2584 4946 inobedientiam
2639 4900 2786 4946 tuam
2815 4933 2832 4960 ,
2881 4912 2951 4951 ne
2998 4878 3237 4959 corrigas
3291 4904 3411 4956 quin

1830 4998 2059 5054 perpere
2086 4979 2442 5043 admisisti,et
2463 4983 2874 5040 ell‘renationem
2895 4985 3216 5042 desiderata;
3246 4979 3402 5032 liber-

1835 5075 1960 5128 tatis
1989 5114 2004 5138 ,
2038 5071 2275 5128 indebite
2295 5106 2309 5132 .
2347 5079 2405 5124 ut
2434 5089 2539 5128 non
2564 5075 2639 5129 sis
2678 5077 3095 5145 metropolitano
3121 5067 3414 5132 subjectus,

1833 5164 1899 5218 de
1937 5163 2332 5234 appellatione,
2379 5171 2435 5216 et
2488 5182 2592 5220 non
2637 5163 2912 5220 reddenda
2953 5155 3309 5226 compellatus
3355 5157 3422 5208 tle
