3990 6300
569 384 675 438 395

1543 385 1872 444 HINCMARI
1912 385 2303 442 RIlEMENSlS
2342 387 2857 448 ARCHIEPISCOP.

3753 406 3862 455 tam

565 497 765 566 quibus
795 495 910 552 fieri
943 506 997 552 et
1033 497 1266 568 qualiter
1291 513 1512 568 exsequi
1542 503 1754 564 debeat,
1789 504 1880 556 sed
1911 510 1964 554 et
1994 501 2156 555 lnno-
2187 505 2232 562 A
2261 518 2384 556 eum
2418 513 2742 574 postponere
2786 508 2838 561 in
2871 508 3053 577 aliquo
3104 512 3465 578 przesumatis,
3504 523 3734 582 excepto
3788 519 3856 582 si,

566 590 798 657 centius,
856 605 920 645 ac
968 591 1293 657 Bonifacius,
1334 600 1496 662 atque
1545 592 1654 646 Leo
1687 595 1917 663 idipsum
1967 593 2155 646 decer-

567 691 699 736 nant
729 699 741 735 :
790 682 879 750 qui
908 683 1069 736 etiam
1099 691 1155 737 et
1183 698 1282 752 pro
1327 684 1523 752 quibus
1553 685 1830 755 appellans
1857 685 2151 754 constringi

565 786 670 824 non
703 772 916 833 debeat,
961 771 1105 840 leges
1153 775 1549 829 concordantes
1579 776 1779 846 regulis
1807 776 2151 844 eloquuntur.

563 861 796 914 Attemle
827 861 989 931 igitur
1032 863 1417 919 convenienter
1461 866 1602 934 quod
1631 867 1758 920 item
1791 866 1931 920 idem
1961 866 2152 920 beatus

562 947 671 1005 Leo
715 951 964 1006 Anatolio
1025 951 1620 1023 Constantinopolitano
1667 957 1918 1024 episcopo
1978 955 2150 1008 extolo

561 1041 692 1097 lenti
765 1058 823 1097 se
894 1059 1057 1114 supra
1108 1061 1416 1100 mensuram
1489 1063 1640 1101 suam
1697 1048 1913 1116 scripsit
1966 1049 2154 1101 dicens

531 1137 734 1206 ‘(epish
767 1136 898 1207 56):
937 1156 955 1188 ι
994 1136 1181 1191 Virum
1230 1139 1591 1203 catholicmn,
1644 1147 1699 1192 et
1751 1139 2016 1208 pr:ecipuc
2051 1139 2152 1192 Do-

559 1226 691 1282 mini
741 1229 1101 1295 sacerdotem,
1149 1231 1292 1284 sicut
1329 1231 1476 1285 nullo
1504 1246 1690 1285 errore
1737 1231 2021 1302 implicari,
2075 1233 2147 1286 ita

558 1319 702 1374 nulla
747 1329 959 1391 oportet
988 1322 1280 1392 cupiditate
1335 1321 1630 1391 corrumpi.
1681 1322 1902 1376 Dicente
1951 1323 2148 1392 quippe

538 1420 745 1465 sancta
798 1410 1075 1480 Scriptura
1121 1431 1133 1465 :
1182 1409 1311 1466 Post
1367 1414 1814 1482 concupiscentiae
1871 1423 1989 1467 luas
2043 1430 2146 1467 non

551 1519 664 1566 eas,
698 1511 744 1556 et
781 1520 812 1556 a
841 1501 1108 1557 voluntate
1148 1513 1238 1556 tua
1279 1513 1448 1558 vetare
1500 1504 1689 1574 (Eccli.
1737 1503 1911 1575 xvm),
1963 1505 2146 1559 multis

556 1597 740 1652 mundi
764 1596 924 1667 hujus
973 1595 1263 1660 illecebris,
1308 1596 1490 1651 multis
1517 1597 1844 1652 vanitatibus
1885 1597 2143 1651 resisten-

553 1688 679 1742 dum
709 1696 815 1752 est,
853 1698 912 1742 ut
947 1702 1086 1742 vera:
1122 1688 1470 1742 continentia:
1498 1687 1809 1743 obtineatur
1839 1688 2142 1758 integritas,

553 1777 710 1847 cujus
753 1779 926 1848 prima
975 1787 1062 1833 est
1108 1771 1259 1832 labes
1303 1777 1574 1848 superbia,
1606 1777 1816 1831 initium
1853 1787 2146 1847 transgres-

2263 595 2406 664 quod
2432 611 2536 650 non
2566 607 2840 666 optamus,
2874 611 3061 653 contra
3093 603 3341 656 eumdem
3377 607 3858 674 metropolitanum

2261 695 2499 742 vestrmn
2532 703 2626 742 vos
2657 689 2858 743 habere
2889 689 3091 760 aliquid
3141 708 3319 746 causa:
3369 696 3677 764 contingat.
3709 710 3762 751 nt
3793 702 3860 752 oh

2261 777 2364 832 hoc
2394 780 2538 835 sedis
2591 782 3187 851 apostolicrejudicium
3244 788 3556 855 rcquiratis.
3606 789 3740 843 Nam
3797 793 3859 845 iis

2259 871 2349 938 qui
2383 880 2565 940 petere
2597 872 2856 926 festinant
2885 874 3186 939 licentiam,
3237 878 3381 944 quod
3434 879 3610 942 scitis,
3644 897 3742 948 per
3763 897 3852 933 c.1-

2258 976 2426 1015 nones
2466 962 2630 1016 etiam
2687 963 3032 1032 antiquorum
3073 964 3290 1019 Patrum
3337 968 3684 1024 institutione
3734 989 3851 1041 per-

2257 1050 2502 1104 missmn.
2541 1072 2558 1104 ι
2603 1051 2946 1107 Manifestum
2986 1064 3068 1109 est
3091 1056 3254 1120 enim,
3288 1059 3378 1127 qui
3431 1075 3672 1114 canones
3722 1065 3852 1118 hanc

2255 1139 2528 1194 licentiam
2577 1159 2606 1196 a
2659 1145 3090 1212 metropolitanis
3129 1149 3416 1215 petendam
3469 1152 3539 1203 ab
3586 1154 3854 1225 episcopis

2253 1233 2626 1289 decreverunt.
2654 1236 2794 1302 Quin
2819 1236 3215 1292 Antiochenum
3247 1242 3558 1307 concilium,
3585 1259 3614 1298 a
3653 1249 3852 1315 synodo

2251 1324 2679 1381 Chalcedonensi
2724 1326 3098 1382 favorabiliter
3146 1333 3580 1400 comprobatum.
3642 1335 3752 1391 Sed
3803 1349 3853 1393 et

2253 1410 2604 1470 Sardiéenscs
2630 1432 2865 1472 canones
2892 1418 3078 1472 dicunt
3108 1419 3247 1487 (cun.
3275 1421 3330 1486 9)
3363 1440 3375 1474 :
3415 1440 3432 1472 ι
3483 1422 3555 1478 Ut
3580 1424 3648 1476 de
3680 1428 3852 1494 quali-

2248 1506 2339 1560 bet
2371 1508 2646 1577 provincia
2695 1511 2930 1579 episcopi
2967 1511 3034 1563 ad
3064 1525 3186 1563 eum
3227 1510 3449 1566 fratrem
3491 1525 3546 1568 et
3575 1518 3852 1585 eor-pisce-

2249 1613 2374 1668 ptnn
2436 1610 2682 1653 nostrum
2746 1615 2936 1670 preces
2986 1604 3246 1666 mittant,
3309 1604 3399 1673 qui
3455 1605 3506 1658 in
3565 1609 3848 1676 metropoli

2247 1689 2529 1751 consistit,
2563 1698 2621 1742 ut
2653 1689 2742 1743 ille
2772 1699 2826 1744 et
2870 1690 3156 1744 diaconum
3205 1689 3322 1759 ejus
3347 1734 3360 1754 ,
3409 1703 3465 1746 et
3497 1695 3850 1763 supplicatio-

2249 1795 2345 1832 nes
2372 1780 2624 1845 destinet,
2674 1783 2917 1836 tribuens
2965 1785 3444 1838 commendatitias
3471 1787 3758 1854 epistolas,
3799 1801 3847 1843 et

553 1871 722 1925 sionis
767 1881 822 1925 et
867 1871 1020 1941 origo
1072 1869 1301 1940 peccati.
1358 1869 1622 1936 Quoniam
1683 1885 1835 1924 mens
1887 1871 2142 1939 potentiae
2172 1883 2218 1941 Β
2249 1871 2471 1940 reliqua.
2513 1891 2531 1921 ι
2592 1871 2666 1925 De
2699 1872 2908 1942 judicio
2947 1873 3109 1928 etiam
3143 1875 3453 1944 apostolicm
3491 1873 3639 1932 sedis
3688 1897 3847 1949 expc-

551 1963 728 2028 avida,
781 1978 881 2018 nec
926 1963 1160 2018 abstinet
1205 1962 1411 2027 vetitis,
1463 1978 1562 2016 nec
1603 1962 1805 2032 gaudet
1846 1963 2138 2028 concessis,

551 2055 676 2110 dum
694 2057 746 2110 in
760 2055 1007 2110 ordinato
1027 2071 1300 2126 pravoque
1313 2071 1598 2127 progressu
1615 2066 1938 2111 excrescunt
1951 2056 2141 2124 culp:e,

549 2167 672 2222 qua:
702 2153 943 2207 tolerata:
979 2161 1106 2208 sunt
1147 2152 1326 2207 studio
1360 2152 1678 2221 reparanda:
1724 2151 1845 2206 fidei
1873 2160 1929 2205 et
1958 2166 2144 2205 amore

547 2247 872 2304 concordia.
913 2267 932 2300 ι
967 2245 1310 2316 Quapropter
1345 2261 1539 2301 revoca
1583 2247 1768 2302 oculos
1813 2247 2008 2300 mentis
2041 2257 2144 2300 tum

547 2352 580 2393 a
627 2338 812 2408 pravis
875 2337 1388 2408 progressionibus,
1442 2345 1498 2392 et
1548 2349 1726 2393 rectos
1777 2353 1995 2409 gressus
2056 2337 2143 2392 fac

544 2429 772 2500 pedibus
803 2429 1121 2484 intentionis
1147 2436 1252 2483 tua:
1293 2437 1350 2484 et
1381 2428 1652 2483 actionum
1683 2437 1919 2494 tuarum,
1951 2438 2008 2482 ut
2051 2425 2142 2497 qui

547 2535 690 2576 nunc
718 2520 784 2574 de
833 2526 885 2574 te
909 2519 1198 2590 gemimus,
1241 2518 1306 2573 de
1348 2527 1399 2572 te
1436 2518 1488 2572 in
1521 2519 1748 2572 Domino
1785 2520 2142 2587 gaudeamus.

544 2609 614 2665 Et
642 2609 860 2664 attende
897 2610 1040 2679 quod
1073 2611 1264 2664 beatus
1298 2608 1595 2680 Gregorius
1639 2609 1707 2662 ad
1749 2609 1982 2663 Felicem
2031 2610 2142 2678 epi-

542 2713 770 2770 scopum
821 2699 875 2754 in
936 2698 1159 2754 Serdica
1220 2699 1440 2769 scripsit
1497 2699 1611 2767 (lib.
1677 2715 1768 2764 tv,
1827 2701 1976 2770 epist.
2012 2700 2138 2769 10):

548 2808 568 2840 ι
607 2789 882 2856 Qualiter,
923 2789 1212 2859 inquiens,
1265 2790 1571 2844 obedientia
1600 2789 1682 2845 vel
1726 2791 1796 2844 sit
1837 2792 2140 2846 reverentia

543 2879 851 2950 przepositis
877 2880 1202 2945 exhibenda,
1234 2895 1300 2934 ex
1334 2881 1441 2936 tuis
1469 2897 1685 2951 quoque
1731 2881 1989 2950 subjectis
2027 2884 2140 2952 ipse

542 2989 648 3027 non
683 2971 932 3042 ambigis.
964 2973 1020 3026 In
1049 2989 1153 3042 qua
1183 2987 1241 3027 re
1271 2973 1422 3028 valde
1469 2984 1553 3029 est
1601 2974 1754 3040 utile,
1800 2975 1849 3030 si
1897 2975 1948 3030 id
1993 2977 2136 3046 quod

540 3064 840 3134 disciplina:
888 3064 1044 3136 vigor
1096 3065 1360 3134 imponit,
1392 3065 1538 3120 nullo
1585 3077 1812 3138 cogente
1859 3067 2136 3124 humilitas

458 3206 462 3211 .
539 3156 808 3211 laudanda
849 3157 1166 3211 servaverit.
1218 3155 1474 3212 Pervenit
1503 3158 1570 3212 ad
1616 3173 1714 3212 nos
1764 3161 1946 3229 itaque
1989 3161 2132 3228 quod

2248 1963 2410 2016 tendo
2457 1962 2718 2017 adversus
2771 1963 3290 2034 metrOpolitanum,
3342 1966 3386 2019 si
3437 1968 3698 2039 episcopo
3755 1985 3843 2024 ne.

2245 2070 2397 2109 cesse
2429 2053 2608 2118 fuerit,
2638 2055 2797 2110 iidem
2823 2055 3176 2113 Sardicenses
3197 2073 3437 2114 canones
3459 2062 3840 2128 decreverunt,

2246 2147 2386 2200 sicut
2415 2155 2470 2200 et
2500 2146 2844 2201 Innocentius
2877 2148 2941 2200 ad
2965 2153 2968 2156 ί
2991 2146 3304 2202 Victricinm
3351 2149 3839 2223 Rothomagensem

2244 2239 2555 2309 episcopum
2581 2249 2834 2308 patenter
2877 2240 3141 2303 ostendit,
3186 2251 3239 2296 et
3269 2242 3486 2297 Hilarus
3532 2263 3673 2316 papa
3717 2251 3841 2303 dicit

2246 2331 2416 2404 (epist.
2466 2333 2499 2386 8
2531 2333 2598 2386 ad
2642 2331 2916 2403 Metropol.
2960 2331 3170 2402 Gallim)
3222 2353 3234 2386 :
3283 2355 3300 2386 ‹
3331 2334 3464 2390 lllttd
3515 2341 3682 2391 etiam
3739 2357 3836 2393 non

2243 2423 2517 2490 potuimus
2563 2423 2844 2492 praeterire
2902 2424 3042 2492 quod
3097 2425 3456 2481 sollicitudine
3499 2429 3837 2501 diligentiore

2244 2514 2541 2567 curandmn
2580 2525 2684 2579 est,
2717 2531 2782 2568 ne
2811 2525 3008 2584 praeter
3038 2518 3578 2587 metropolitanorqu
3611 2537 3830 2576 suorum

2245 2603 2453 2658 litteras
2493 2604 2658 2674 aliqui
2726 2605 2964 2675 episcopi
3019 2607 3084 2660 ad
3140 2608 3436 2676 quamlibet
3494 2613 3831 2678 provinciam

2242 2696 2478 2748 audeant
2503 2697 2795 2765 proﬁcisci,
2830 2697 2971 2766 quod
2996 2698 3158 2751 etiam
3193 2699 3244 2752 in
3274 2700 3419 2753 omni
3448 2717 3650 2771 genere
3679 2703 3832 2756 cilicii

2239 2786 2505 2842 clericalis
2550 2803 2646 2859 per
2683 2789 2920 2863 singulas
2973 2789 3132 2844 debet
3177 2791 3436 2845 ecclesias
3489 2795 3776 2848 custodiri.
3813 2814 3827 2844 ι

2240 2878 2306 2932 Et
2347 2888 2569 2934 sanctus
2605 2879 2714 2934 Leo
2767 2881 2834 2934 ad
2884 2880 3228 2935 Theodorum
3262 2882 3693 2953 Forojuliensem
3726 2885 3830 2956 epi-

2239 2983 2459 3038 scopum
2496 2969 2626 3022 dicit
2673 2970 2846 3038 (epirt.
2908 2968 2999 3039 59)
3049 2991 3062 3022 ;
3121 2989 3139 3020 ι
3187 2970 3582 3027 Sollicitudinis
3639 2983 3743 3028 tua:
3791 2975 3829 3030 is

2237 3059 2369 3113 ordo
2397 3075 2516 3113 esse
2547 3058 2827 3125 debuerat,
2857 3069 2916 3112 ut
2949 3045 3523 3130 cun‘t'metropolitano
3555 3073 3649 3118 tuo
3679 3065 3746 3117 de
3769 3077 3826 3117 eo

2235 3149 2377 3217 quod
2406 3149 2752 3218 quaerendum
2783 3149 3068 3202 videbatur
3096 3165 3214 3204 esse
3244 3151 3545 3216 conferres,
3594 3167 3659 3206 ac
3703 3153 3747 3206 si
3779 3153 3824 3206 id

537 3244 855 3302 fraternitas
886 3254 975 3300 tua
1024 3245 1217 3300 Joanni
1276 3245 1432 3301 fratri
1477 3257 1683 3313 nostro,
1731 3249 1920 3318 prima:
1965 3249 2128 3304 Justi-

2238 3239 2380 3308 quod
2428 3239 2712 3309 ignorabat
2761 3238 2978 3293 dilectio
3034 3249 3122 3293 tua
3181 3240 3345 3294 etiam
3400 3241 3517 3310 ipse
3571 3243 3821 3306 nesciret,

536 3338 715 3394 niana:
791 3338 1087 3407 episcopo,
1148 3339 1444 3394 secundum
1516 3355 1720 3392 morem
1777 3339 2130 3394 constitutum

535 3442 735 3497 parere
760 3427 1039 3498 despiciat,
1083 3436 1140 3483 et
1176 3443 1275 3482 nec
1313 3427 1534 3482 decreto
1563 3428 1678 3496 ejus
1700 3467 1714 3491 ,
1750 3443 1852 3484 nec
1881 3428 2128 3484 relationi

528 3521 685 3590 juxta
715 3519 1165 3575 consuetudinem
1203 3518 1464 3573 voluisset
1501 3518 1860 3573 subscribere.
1899 3518 2051 3586 Quod
2083 3520 2127 3574 si

533 3610 610 3665 ita
641 3619 746 3675 est,
791 3610 1203 3675 contristamur,
1259 3609 1385 3679 quia
1435 3609 1699 3678 superbia:
1748 3609 1814 3664 de
1861 3617 1913 3663 te
1957 3612 2128 3666 mani-

531 3701 686 3758 festa:
715 3702 926 3773 prtebes
973 3701 1252 3763 indicium,
1280 3699 1422 3769 quod
1470 3716 1632 3770 quam
1673 3702 1744 3755 sit
1775 3701 2042 3771 praecipue
2073 3703 2124 3756 in

533 3794 816 3849 sacerdote
844 3793 1132 3862 culpabile,
1173 3792 1369 3847 divina:
1414 3791 1700 3846 clementia
1742 3793 2124 3846 admonitionis

511 3885 824 3955 -eioquitur.
867 3884 1162 3954 Propterea
1217 3885 1520 3949 hortamur,
1557 3893 1614 3937 ut
1668 3886 1868 3939 mentis
1915 3893 2124 3940 tumore

531 3979 796 4046 deposito,
830 3977 1103 4030 antedicto
1134 3976 1290 4030 fratri
1329 3985 1383 4029 et
1426 3978 1747 4046 coepiscopo
1797 3987 1984 4033 nostro
2016 3979 2117 4032 hu-

530 4065 713 4120 milem
745 4075 796 4119 te
835 4063 1095 4118 exhibere
1133 4075 1188 4117 et
1220 4079 1411 4133 parere
1445 4081 1549 4119 non
1580 4066 1820 4129 desinas,
1855 4074 2120 4136 quatenus

528 4167 587 4214 et
619 4159 761 4213 Deus
808 4157 1040 4227 gaudeat
1092 4157 1145 4211 in
1180 4156 1537 4212 fraternitatis
1576 4167 1770 4212 vestra:
1805 4159 2116 4223 concordia,

527 4259 586 4305 et
609 4249 698 4304 alii
733 4249 799 4303 de
850 4258 902 4302 te
929 4257 1146 4303 sumant
1175 4249 1434 4303 bonitatis
1483 4249 1813 4318 exemplum.
1861 4249 1996 4304 Nam
2047 4253 2116 4317 si,

525 4342 670 4413 quod
702 4357 806 4395 non
839 4340 1136 4405 credimus,
1176 4349 1228 4395 te
1276 4341 1330 4394 in
1360 4342 1611 4411 superbia
1642 4357 1962 4411 permanere
1988 4359 2116 4400 con-

529 4432 732 4501 tigerit,
780 4432 1084 4487 districtam
1135 4432 1561 4502 canonicumque
1597 4433 1891 4504 disciplina:
1932 4451 2117 4491 corre-

525 4525 760 4578 ctionem
790 4524 1148 4580 contumacia:
1175 4533 1279 4579 tua:
1309 4524 1448 4579 scito
1478 4540 1667 4581 sacros
1708 4541 1946 4582 canones
1976 4527 2110 4583 ulci-

2235 3329 2432 3384 instrui
2473 3346 2568 3384 vos
2598 3331 2799 3400 pariter
2836 3333 3132 3399 posceretis
3162 3351 3174 3384 :
3209 3333 3333 3400 quia
3366 3333 3419 3386 in
3451 3335 3658 3396 causis,
3708 3351 3820 3404 qua:

2233 3421 2300 3474 ad
2385 3421 2690 3489 generalem
2767 3423 3168 3477 observantiam
3241 3425 3514 3492 pertinent
3587 3427 3819 3480 omnium

2232 3511 2444 3565 Domini
2490 3513 2856 3577 sacerdotum,
2897 3513 3028 3567 nihil
3080 3515 3197 3568 sine
3244 3517 3570 3584 primatibus
3615 3527 3819 3586 oportet

2231 3603 2430 3674 inquiri
2488 3625 2506 3656 ι
2543 3605 2608 3658 Ει
2641 3604 3005 3676 Symmachus
3033 3607 3098 3659 ad
3125 3605 3420 3660 Ctesarium
3449 3608 3817 3664 Arelatensem

2227 3697 2539 3767 episcopum
2586 3696 2757 3769 (epist.
2790 3697 2845 3767 5)
2878 3716 2889 3750 :
2925 3718 2942 3747 ί
2989 3697 3049 3752 Si
3097 3699 3341 3768 quilibet,
3387 3701 3586 3770 inquit,
3621 3704 3815 3772 episco-

2225 3804 2326 3857 pus
2373 3790 2789 3860 metropolitano
2833 3792 3097 3861 pontilici,
3127 3791 3281 3860 juxta
3313 3809 3584 3848 canonum
3628 3794 3813 3849 dilﬁni-

2227 3880 2426 3933 tioncm
2483 3890 2750 3944 vocatus,
2824 3883 3203 3952 obtemperare
3277 3884 3556 3948 noluerit,
3616 3887 3815 3939 noverit

2223 3973 2610 4026 succidemlum
2659 3989 2748 4037 sc,
2782 3973 2924 4042 quod
2959 3991 3062 4028 non
3095 3971 3382 4044 optamus,
3433 3977 3812 4032 ecclesiastica

2221 4063 2536 4132 disciplinae.
2589 4085 2607 4116 ι
2667 4063 2732 4117 Ει
2769 4064 2966 4118 Africae
3016 4066 3305 4134 provincia:
3357 4083 3596 4122 canones
3640 4070 3811 4123 dicunt

2221 4154 2534 4224 (€011.45):
2571 4176 2586 4206 ι
2639 4155 2710 4210 Ut
2757 4157 3044 4226 episcopus
3099 4172 3128 4210 a
3176 4157 3407 4226 primate
3445 4175 3546 4212 suo
3595 4172 3810 4217 vocatus

2218 4248 2283 4301 ad
2331 4249 2594 4317 synodum
2643 4257 3015 4316 competenter
3069 4257 3338 4301 occurrat.
3401 4248 3556 4314 Quod
3610 4251 3655 4304 si
3707 4266 3803 4303 n0u

2216 4333 2454 4402 potuerit
2496 4348 2786 4387 occurrere
2812 4373 2826 4397 ,
2882 4334 2984 4387 nisi
3029 4335 3294 4388 rationem
3331 4333 3706 4403 impedimenti
3732 4336 3804 4390 sui

2216 4424 2358 4492 apud
2387 4440 2542 4477 smun
2573 4423 2862 4493 primatem
2895 4425 3203 4485 reddiderit,
3234 4425 3492 4478 Ecclesia:
3527 4443 3643 4481 sua:
3671 4443 3803 4480 com-

2217 4513 2470 4567 munione
2503 4513 2702 4568 dcberc
2747 4528 2866 4567 esse
2917 4523 3252 4568 contentum.
3309 4533 3326 4564 ι
3367 4513 3431 4566 Ει
3479 4515 3622 4585 (ατη.
3673 4515 3796 4584 20):

523 4625 739 4670 scenter
767 4615 1062 4685 imponere.
1097 4615 1241 4669 Bene
1264 4630 1393 4684 ergo
1440 4614 1594 4678 facis,
1639 4615 1800 4670 talem
1842 4625 1894 4670 te
1920 4626 2112 4688 Sponte
2142 4599 2190 4656 Ι)
2222 4625 2241 4657 ι
2283 4605 2385 4672 Qui
2449 4622 2554 4659 non
2609 4604 2773 4659 fuerit
2829 4621 3059 4660 concors
3132 4606 3274 4659 circa
3333 4608 3797 4676 metropolitanam

521 4707 724 4762 salubri
761 4707 1193 4761 consideratione
1213 4705 1475 4775 pnebere,
1504 4705 1681 4775 qualis
1703 4720 1824 4760 esse
1846 4707 2107 4762 canonica

520 4799 850 4854 coercitione
871 4798 1119 4867 exigente
1141 4797 1497 4866 compelleris.
1524 4797 1656 4851 Nam
1687 4812 1786 4853 nec
1811 4798 1903 4852 tibi
1931 4799 2108 4853 denuo

518 4899 640 4961 post
693 4891 833 4944 hanc
882 4897 1124 4941 nostram
1170 4887 1590 4942 admonitionem
1648 4887 1831 4942 licebit
1881 4889 1949 4943 ad
2002 4898 2106 4944 tua:

521 4981 816 5037 voluntatis
851 4975 1138 5033 arbitrium
1182 4987 1368 5032 contra
1414 4993 1618 5032 morem
1668 4979 1965 5048 majoribus
1997 4980 2104 5035 tuis

518 5071 916 5127 inobedientem
941 5067 1200 5130 existere,
1249 5078 1370 5121 nec‘
1395 5083 1492 5121 nos
1538 5077 1698 5122 tanta:
1732 5070 2099 5140 indisciplina-

518 5166 650 5220 tioni
698 5162 1121 5220 ecclesiasticam
1152 5175 1448 5229 cognoscas
1484 5161 1826 5217 dissinmlare
1873 5163 1956 5218 vel
2004 5164 2104 5218 dif-

516 5255 665 5312 ferre
694 5255 1006 5310 vindictam.
1067 5273 1085 5304 ι
1135 5253 1202 5307 Et
1233 5254 1358 5307 item
1408 5253 1547 5306 idem
1593 5252 1650 5308 S.
1697 5253 1991 5324 Gregorius
2036 5257 2103 5310 ad

514 5346 880 5414 Vincentium,
926 5357 984 5402 et
1010 5355 1237 5401 caeteros
1263 5345 1544 5414 episcopos
1574 5344 1686 5410 (lib.
1722 5361 1834 5411 vn,
1868 5348 1980 5400 ind.
2013 5348 2098 5412 tl,

514 5442 666 5512 epist.
710 5441 766 5512 8)
812 5458 824 5493 :
872 5458 890 5490 ι
950 5437 1262 5500 Hortamur,
1316 5436 1526 5504 inquit,
1582 5435 1973 5491 fraternitatem
2005 5454 2100 5492 ve-

513 5542 706 5597 stram,
739 5542 798 5586 ut
843 5533 888 5587 si
922 5544 1246 5602 quemquam
1272 5538 1511 5582 vestrum
1541 5543 1638 5596 pro
1666 5529 1843 5583 causis
1870 5529 2102 5598 pr0priis

513 5623 819 5691 ubicunque
866 5622 1074 5691 longius
1107 5619 1428 5689 compulerit
1455 5618 1734 5674 ambulare
1779 5622 2096 5684 necessitas,

513 5731 545 5771 a
576 5715 988 5782 metropolitano
1014 5726 1216 5776 vestro,
1241 5713 1534 5768 secundum
1563 5712 1821 5766 indictam
1843 5727 1872 5764 a
1897 5714 2099 5767 sanctis

513 5805 763 5864 Patribus
809 5804 1070 5873 regulam,
1120 5813 1303 5872 petere
1357 5803 1627 5856 licentiam
1681 5803 1944 5866 debeatis,
2000 5819 2096 5859 nec

2216 4697 2501 4752 ecclesiam
2531 4737 2546 4762 ,
2605 4706 2659 4752 et
2708 4697 2852 4750 circa
2903 4697 3234 4752 sacerdotale
3286 4699 3659 4765 consortium,
3713 4698 3797 4754 sed

2216 4790 2432 4844 inflatus
2461 4831 2475 4854 ,
2512 4798 2568 4844 et
2601 4790 2669 4844 ab
2708 4789 2812 4843 hoc
2841 4791 3115 4844 consortio
3145 4803 3450 4858 separatus.
3481 4803 3642 4862 putat
3686 4806 3797 4862 pro-

2213 4887 2345 4956 pria:
2374 4887 2513 4956 plebi
2557 4885 2945 4948 incubandum,
2991 4898 3045 4940 et
3075 4902 3460 4956 nonnunquam
3508 4898 3797 4942 conventus

2213 4979 2278 5031 ad
2331 4976 2622 5031 concilium
2675 4976 2862 5030 venire
2937 4977 3240 5038 detrectat,
3298 4978 3442 5031 circa
3506 4980 3655 5038 hunc
3701 4996 3792 5034 non

2212 5079 2418 5125 tantum
2446 5069 2721 5124 dimcesim
2751 5084 2854 5122 non
2894 5083 3015 5124 esse
3043 5071 3364 5124 servandam
3390 5111 3404 5132 ,
3438 5088 3632 5127 verqu
3661 5083 3711 5128 et
3737 5072 3794 5125 de

2207 5163 2425 5233 propria
2471 5161 2726 5225 ecclesia,
2776 5177 2898 5232 qua:
2936 5161 3010 5215 illi
3056 5161 3196 5216 male
3239 5160 3456 5224 faverit,
3492 5165 3791 5219 omnimodo

2208 5253 2560 5308 adnitendum
2605 5261 2661 5306 ut
2705 5253 2866 5306 etiam
2900 5253 3228 5308 auctoritate
3257 5252 3474 5322 publica
3506 5255 3788 5322 rejiciatur,

2207 5353 2369 5412 atque
2405 5344 2473 5398 ab
2518 5343 2632 5412 ipsa
2661 5341 2944 5412 principali
2972 5344 3231 5397 cathedra
3265 5354 3634 5398 removeatur.
3677 5366 3694 5397 ι
3737 5345 3788 5397 Et

2206 5434 2349 5506 (can.
2385 5435 2484 5488 190
2529 5431 2853 5503 Cartlaag.):
2911 5450 2928 5483 ι
2969 5431 3025 5486 Si
3079 5443 3369 5486 accusatus
3415 5433 3487 5486 ad
3537 5437 3784 5488 rationem

2204 5529 2535 5582 reddendam
2593 5526 2776 5580 venire
2829 5525 3135 5594 refugerit,
3189 5533 3245 5580 et
3295 5529 3786 5581 excommunicatus

2204 5638 2234 5676 a
2319 5622 2549 5690 primate
2617 5635 2716 5674 suo
2789 5619 3060 5674 exstiterit
3094 5659 3108 5682 ,
3190 5627 3432 5690 tempore
3503 5636 3615 5690 quo
3691 5633 3781 5670 non

2203 5715 2612 5776 communicat,
2688 5726 2788 5765 nec
2839 5711 2890 5763 in
2958 5725 3054 5763 sua
3099 5708 3340 5764 Ecclesia
3399 5711 3481 5764 vel
3540 5707 3781 5780 parochi:

2202 5803 2580 5860 communicet.
2618 5823 2635 5854 ι
2669 5803 2734 5856 Et
2777 5812 2996 5857 sanctus
3053 5800 3267 5856 lliiarus
3315 5817 3450 5872 papa
3508 5804 3577 5856 ad
3630 5801 3762 5854 Lena
