3948 5376
180 207 289 267 597

907 212 1152 274 OPUSC.
1190 213 1277 270 ET
1320 213 1535 270 EPIST.
1577 213 1642 268 ΙΝ
1674 210 1898 268 CAUSA
1935 210 2264 267 HINCMARI
2302 211 2605 271 LA‘UDUN.

3347 214 3454 271 598

180 328 349 394 tium,
415 335 471 383 et
529 336 753 383 ceteros
815 330 1098 401 episcopos
1158 331 1347 387 scribit
1398 329 1582 401 (epist.
1638 327 1704 400 ‘2)
1747 330 1839 387 :A
1871 324 2219 395 Augustinus,
2258 327 2451 383 doctor
2486 326 2898 389 famosissimas,
2945 335 3108 397 atque
3134 329 3204 383 ab
3236 339 3454 399 aposto-

186 435 205 469 ι
244 415 380 484 Quia
412 432 520 472 non
555 418 734 474 minus
777 419 830 473 in
864 429 1173 475 sanctarum
1210 422 1557 476 tratlitionum
1592 420 1765 475 delin-

178 506 364 577 quitur
388 508 718 569 sanctiones.
750 523 910 578 quam
957 511 1010 563 in
1060 509 1308 579 iujuriam
1350 512 1517 583 ipsius
1556 511 1766 567 Domini

177 594 479 666 prosilitur.
515 615 535 648 ι
569 597 635 651 Et
662 596 951 653 Dioscorus
997 600 1050 653 in
1085 600 1288 672 synodo
1316 602 1763 668 Chalcedonensi,

180 687 322 742 sicut
348 686 401 741 in
431 688 601 758 gestis
628 688 869 757 ejusdem
907 691 1140 756 concilii,
1178 694 1271 748 sed
1298 702 1352 748 et
1379 694 1434 748 in
1464 694 1641 748 edicto
1669 693 1766 748 Ju-

180 776 400 833 stiniani
428 793 592 847 super
628 779 868 849 quintam
901 783 1161 853 synodum
1204 782 1627 849 demonstratur,
1660 798 1764 839 non

177 870 306 940 quia
335 870 391 925 in
419 870 580 927 tidem
610 875 939 943 peccaverit,
970 876 1064 930 sed
1105 885 1324 948 propter
1371 876 1544 932 solum
1593 878 1766 934 eccle-

177 960 457 1016 siasticum
506 961 769 1026 ordinem,
818 975 873 1019 et
902 966 1027 1035 quia
1058 977 1247 1021 contra
1287 983 1445 1023 suum
1494 970 1758 1041 archiepi-

176 1064 401 1121 scopum
448 1052 621 1108 sacris
668 1055 964 1110 canonibus
1008 1056 1233 1112 obvians
1277 1058 1651 1124 rebellaverat,
1683 1069 1768 1116 est

174 1143 485 1200 damnatus.
520 1145 584 1199 Et
623 1145 854 1202 Aeacius
900 1146 1530 1220 Constantinupolitanus
1560 1154 1768 1224 cpisco-

172 1251 280 1306 pus
298 1244 519 1307 prepter
539 1238 1038 1307 prmvaricationem
1064 1239 1264 1296 Nicaeni
1289 1244 1502 1300 concilii
1530 1260 1559 1299 a
1588 1244 1766 1302 Felice

172 1343 312 1399 papa
363 1338 448 1386 est
488 1332 915 1398 condemnatus,
967 1336 1109 1391 sicut
1156 1336 1295 1391 idem
1342 1338 1492 1395 Felix
1538 1339 1605 1394 ad
1640 1355 1764 1394 eum

171 1421 392 1493 scripsit
428 1424 615 1480 dicens
643 1425 812 1496 (epist.
845 1427 900 1497 4)
934 1445 947 1481 :
987 1448 1005 1480 ι
1046 1428 1334 1485 Multarum
1372 1433 1761 1503 transgressio-

170 1524 306 1564 num
355 1512 614 1582 reperiris
658 1513 951 1584 obnoxius,
984 1526 1041 1572 ct
1086 1520 1141 1574 in
1192 1520 1517 1576 venerabilis
1560 1522 1761 1578 Nicmtd

168 1603 390 1659 concilii
421 1608 746 1663 contumelia
776 1625 837 1665 es
873 1626 1015 1681 smpe
1053 1621 1314 1669 versatus.
1355 1634 1373 1667 ι
1407 1614 1533 1670 Ηειξε
1564 1618 1763 1673 mentis

1872 414 1971 468 lica
2017 416 2146 470 sede.
2188 418 2608 487 receptissimus,
2634 418 2725 486 qui
2762 417 3170 489 Cartltagtnensi
3196 421 3451 481 concilio.

1873 506 1924 558 in
1959 521 2067 575 quo
2098 506 2209 561 bare
2241 522 2360 576 qua:
2384 523 2451 562 eo
2485 509 2867 578 praemisimus,
2903 509 3196 578 apostolica
3221 514 3456 568 auctori-

1872 604 1982 650 tate
2011 594 2225 651 tirtnato
2250 597 2523 660 interfuit,
2563 609 2619 652 et
2663 598 2973 667 plenissime
3014 616 3236 657 sensum
3271 605 3452 666 novit,

1869 702 1977 757 quo
2022 688 2211 743 eadem
2262 691 2498 759 synodus
2525 691 2816 762 capitulum
2876 693 3005 747 illud
3046 695 3348 760 constituit,
3390 699 3457 753 de

1869 792 1977 845 quo
2016 779 2069 832 in
2100 781 2323 849 epistola
2357 782 2422 835 ad
2456 782 2658 838 clerum
2687 794 2743 839 et
2768 785 2978 855 plebem
3011 787 3454 858 Hipponiensium

1869 870 2012 925 inter
2049 871 2150 926 alia
2181 872 2313 929 dicit
2341 874 2509 943 (epist.
2551 875 2671 946 l5?)
2698 891 2712 930 :
2749 895 2767 928 ι
2797 877 2979 949 Nuper
3004 880 3057 934 in
3078 879 3313 939 concilio
3339 884 3455 954 epi-

1869 976 2154 1032 scoporum
2198 966 2547 1021 constitutum
2603 977 2708 1033 est,
2751 969 2953 1024 nullum
3014 971 3311 1039 clericum,
3359 976 3452 1044 qui

1870 1053 2414 1130 nondum.convictus
2444 1066 2545 1122 est,
2574 1059 2883 1129 suspendia
2926 1064 3309 1120 communione
3354 1066 3450 1121 de-

1866 1142 2016 1206 bere,
2064 1146 2168 1201 nisi
2213 1148 2282 1202 ad
2327 1163 2545 1204 causam
2596 1166 2749 1205 suam
2788 1153 3204 1209 examinandam
3241 1170 3300 1211 se
3341 1173 3449 1212 non

1866 1238 2290 1305 praesentaverit.
2326 1259 2344 1292 ι
2377 1239 2550 1309 Ipsam
2582 1250 2760 1297 autem
2803 1248 3271 1314 prmsentationem
3311 1250 3453 1306 idem

1867 1324 2204 1383 demonstrat
2229 1330 2516 1387 concilium
2563 1331 2733 1403 (conc.
2770 1333 3048 1406 Carthag.,
3073 1354 3194 1392 can.
3224 1338 3336 1411 l9),
3374 1340 3455 1395 vi-

1867 1416 2084 1485 delicet,
2122 1439 2140 1469 ι
2171 1428 2230 1474 ιιι
2249 1430 2342 1476 aut
2372 1422 2488 1493 ipse
2516 1432 2822 1490 accusatus,
2846 1426 2913 1480 ad
2942 1441 3162 1484 causam
3187 1445 3341 1485 suam
3370 1432 3453 1485 di-

1866 1507 2090 1563 cendam
2123 1510 2418 1567 electorum
2440 1511 2685 1581 judicum
2734 1514 2823 1570 die
2862 1524 3065 1572 statuta
3096 1518 3294 1575 litteris
3329 1535 3456 1575 evo-

1868 1609 2024 1655 catus
2048 1614 2324 1670 occurrat,
2356 1614 2451 1660 aut
2482 1606 2693 1676 aliquas
2715 1622 2874 1663 veras
2900 1612 3241 1667 necessitatis
3258 1628 3455 1668 causas

165 1692 334 1751 oculo
362 1696 633 1767 perspice,
670 1708 724 1754 et
754 1715 822 1755 ne
864 1700 1144 1772 illa,.quod
1193 1704 1361 1769 absit,
1396 1704 1644 1760 incurras
1670 1722 1755 1760 so-

1867 1692 2077 1761 probct,
2119 1695 2315 1764 quibus
2360 1711 2649 1753 occurrere
2690 1716 2796 1755 non
2824 1701 3066 1771 potuisse
3109 1703 3455 1760 manifestum

167 1785 464 1845 lertissime
491 1803 644 1846 cave.

722 1903 948 1961 CAPUT
980 1905 1214 1963 XXVIII.

168 1988 248 2046 De
276 1992 417 2048 male
436 1993 513 2073 ἀις
548 2013 621 2073 eo-
647 1999 1108 2073 excommunicatis
1135 2001 1277 2073 :qui
1314 2011 1362 2073 et
1401 2001 1627 2073 qualiter
1667 2021 1759 2058 ea:-

237 2066 621 2143 cornmstnienri
673 2067 935 2143 ‘debeant,
988 2079 1039 2123 et
1086 2066 1210 2139 qui'
1242 2071 1370 2125 ordo
1414 2066 1482 2126 'in
1539 2073 1761 2143 judieiis

234 2132 603 2190 ecclesiasticis
628 2137 1005 2193 observandas.

236 2247 378 2304 Nam
408 2267 531 2307 cum
558 2252 702 2307 dicat
728 2253 921 2309 beatus
952 2253 1150 2310 Petrus
1180 2255 1455 2325 apostolus
1482 2275 1495 2310 :
1536 2256 1597 2312 Si
1635 2257 1761 2311 bene

160 2341 421 2410 facientes
439 2344 698 2413 patienter
717 2348 1006 2411 sustinetis,
1023 2348 1134 2402 lucc
1154 2358 1227 2403 est
1249 2350 1421 2419 gratia
1436 2350 1576 2419 apud
1591 2348 1758 2403 Deum

158 2433 218 2505 (1
244 2430 399 2491 Petr.
429 2435 514 2507 ιι),
548 2453 714 2492 causa
756 2439 1076 2510 injuriarum
1106 2452 1343 2506 tuarum,
1368 2442 1507 2496 sicut
1533 2440 1586 2495 in
1617 2442 1757 2511 peti-

156 2524 318 2580 tione
348 2525 477 2581 mihi
526 2528 595 2582 ab
619 2528 849 2584 ecclesia
893 2530 1236 2586 Laudunensi
1268 2531 1392 2586 data
1422 2531 1752 2587 continetur.

153 2615 516 2687 presbyteros
566 2628 621 2673 et
661 2619 940 2685 diaconos,
991 2637 1055 2677 ac
1093 2622 1327 2691 reliquos
1372 2622 1600 2679 clericos
1645 2638 1755 2678 non

151 2715 479 2787 accusatos,
519 2724 618 2763 nec
640 2710 939 2777 confessos,
968 2727 1147 2780 neque
1181 2712 1476 2775 convictos,
1515 2711 1585 2767 ab
1608 2713 1754 2767 onmi

147 2796 537 2855 ecclesiastico
585 2798 760 2855 ollicio
814 2803 1332 2867 excommunieasti,
1384 2813 1439 2858 et
1484 2813 1543 2859 ut
1592 2818 1755 2858 nemo

148 2905 328 2946 sacra
369 2891 656 2946 missarum
686 2892 859 2947 cilicia
894 2893 947 2946 in
990 2902 1079 2947 tua
1130 2895 1393 2964 parocbia
1428 2894 1752 2961 celebraret,

148 2981 499 3038 interdixisti
531 3000 543 3035 :
575 2997 698 3037 cum
729 2984 869 3038 sacri
899 2998 1133 3039 canones
1168 2985 1438 3038 neminem
1478 2986 1546 3040 ab
1578 2985 1755 3040 ollicio

1864 1782 1953 1837 sit.
1988 1804 2007 1836 ο
2043 1784 2107 1839 Et
2147 1787 2553 1854 attendendum,
2599 1791 2727 1860 quia
2774 1791 2907 1849 dicit
2960 1810 3064 1848 non
3113 1798 3362 1866 potuisse,
3398 1808 3458 1855 et

1865 1888 1969 1927 non
1998 1873 2133 1929 dicit
2168 1892 2274 1931 non
2309 1877 2552 1933 voluisse.
2609 1879 2702 1935 Sic
2730 1890 2786 1937 et
2832 1882 2901 1938 de
2929 1895 3249 1942 accusatore
3279 1888 3450 1944 dicit:

1868 1983 1886 2016 ι
1924 1965 1994 2021 Ut
2024 1983 2124 2022 nec
2152 1969 2251 2039 ipsi
2283 1972 2552 2027 adimatur
2576 1973 2807 2030 facultas
2834 1992 3011 2033 causa:
3037 1995 3150 2035 sua:
3189 1995 3454 2053 peragen-

1863 2058 1967 2121 dae,
1998 2059 2043 2114 si
2073 2074 2132 2114 se
2157 2062 2224 2116 ad
2264 2062 2408 2118 diem
2442 2080 2733 2121 occurrere
2761 2083 2869 2123 non
2901 2069 3136 2125 valuisse
3190 2073 3438 2141 probave

1865 2149 1953 2204 rit.
1991 2170 2010 2201 ι
2051 2150 2144 2207 Sic
2186 2161 2242 2207 et
2288 2154 2484 2211 iterum
2529 2159 2595 2213 de
2643 2169 2917 2225 accusata,
2966 2163 3012 2216 si
3055 2164 3119 2218 ad
3164 2166 3453 2223 concilium

1864 2242 2169 2299 universale
2198 2247 2630 2304 anniversarium
2674 2266 2964 2309 occurrere
2993 2254 3241 2319 noluerit,
3274 2256 3406 2313 dicit
3434 2276 3449 2312 :

1867 2353 1886 2384 ‹
1920 2333 2074 2401 Quod
2103 2336 2148 2391 si
2175 2348 2460 2393 accusatus
2488 2340 2569 2395 vel
2597 2351 2883 2397 accusator
2912 2358 3173 2399 occurere
3193 2346 3366 2403 voluit
3391 2358 3451 2403 et

1862 2437 1967 2478 non
2019 2425 2205 2490 valuit,
2256 2430 2622 2485 excusabilem
2656 2433 2954 2502 quemlibet
2995 2448 3182 2491 eorum
3214 2439 3454 2509 synodus

1859 2529 1981 2570 esse
2017 2516 2203 2572 voluit.
2233 2537 2252 2569 ι
2294 2519 2408 2575 Hoc
2432 2521 2629 2592 quippe
2653 2522 2906 2579 Africana
2939 2527 3177 2596 synodus
3202 2536 3454 2597 patenter

1858 2608 2121 2672 ostendit,
2142 2608 2328 2666 dicens
2357 2629 2371 2665 :
2397 2612 2537 2683 (can.
2574 2612 2667 2684 46)
2695 2632 2706 2667 :
2738 2632 2755 2663 ι
2783 2612 2854 2669 Ut
2881 2615 2927 2669 si
2958 2616 3102 2671 intra
3125 2633 3326 2673 annum
3356 2635 3452 2675 ex-

1858 2699 2367 2756 communicationis
2394 2717 2613 2758 causam
2643 2719 2797 2759 suam
2838 2720 3071 2777 purgare
3108 2716 3453 2780 contempsen

1858 2785 1950 2841 rit.
1996 2806 2016 2839 ι
2065 2788 2216 2845 Unde
2253 2799 2309 2846 et
2348 2790 2774 2863 Cartltaginense
2814 2796 3103 2853 concilium
3131 2799 3262 2855 dicit
3294 2800 3448 2873 (can.

1861 2878 1986 2947 l9):
2012 2897 2032 2929 ι
2054 2879 2309 2950 Quisquis
2334 2883 2711 2954 episcoporum
2732 2896 3041 2950 accusatur,
3066 2889 3134 2942 ad
3160 2889 3444 2960 primatem

1857 2977 2146 3045 provincia:
2191 2976 2359 3047 ipsius
2404 2992 2623 3034 causam
2655 2980 2863 3036 deferat
2905 2993 3210 3049 accusator,
3263 3001 3363 3040 nec
3415 3000 3447 3041 a

146 3074 433 3130 removeri
459 3074 793 3144 ρεηηίιιθηι,
824 3074 926 3128 nisi
965 3084 1058 3128 θυι
1087 3083 1278 3145 sponte
1302 3074 1633 3139 confessum,
1660 3085 1754 3131 ειυι
1781 3064 1827 3128 C
1857 3066 2238 3122 communione
2257 3070 2618 3139 suspendatur
2638 3072 2726 3127 cui
2750 3073 2954 3129 crimen
2995 3075 3312 3141 intenditur,
3342 3077 3449 3133 nisi

145 3162 489 3236 regulariter
511 3164 844 3229 convictum,
873 3173 967 3218 aut
987 3178 1108 3219 eum
1132 3166 1224 3235 qui
1252 3165 1571 3237 regulariter
1599 3183 1759 3222 voca-

144 3262 249 3308 tus
298 3250 367 3305 ad
413 3251 699 3307 reddendae
738 3252 1256 3321 rationisjudicium
1287 3256 1473 3310 venire
1504 3256 1754 3324 noluerit,

141 3342 307 3397 sicut
333 3341 594 3412 scriptum
618 3343 778 3397 estin
811 3343 1047 3414 capitulo
1070 3344 1135 3399 19
1159 3343 1605 3416 Carthagincnsis
1633 3363 1758 3401 con-

140 3434 276 3490 cilii
304 3434 373 3490 de
402 3434 690 3504 episcopis,
719 3444 775 3490 et
800 3436 854 3490 in
873 3435 945 3491 20
976 3438 1040 3491 de
1065 3438 1397 3509 presbyteris
1419 3449 1474 3494 et
1513 3440 1755 3495 diaconi-

136 3528 288 3592 bus,
338 3540 404 3579 ac
447 3524 667 3593 reliquis
717 3526 950 3581 clericis.
998 3547 1016 3577 ι
1046 3526 1127 3594 Si,
1166 3529 1418 3598 inquiunt
1458 3529 1599 3600 (can.
1638 3530 1752 3602 20),

132 3614 466 3691 presbyteri
502 3616 587 3671 vel
608 3617 819 3671 diaconi
848 3617 1051 3672 fuerint
1079 3620 1346 3684 accusati,
1378 3620 1631 3691 adjuncto
1654 3622 1755 3677 sibi

136 3725 220 3765 ex
255 3705 454 3762 vicinis
493 3707 629 3763 locis
657 3708 907 3779 preprius
941 3709 1227 3780 episcopus
1257 3711 1500 3783 legitimo
1530 3728 1755 3768 numero

140 3796 515 3867 collegarum,
545 3813 681 3867 quos
707 3799 775 3854 ab
796 3800 987 3854 eodem
1016 3802 1253 3856 accusati
1284 3801 1559 3870 petierint,
1594 3802 1645 3856 id
1674 3804 1779 3859 cst'

139 3906 269 3946 una
303 3904 488 3945 secum
515 3891 569 3945 in
596 3892 897 3963 presbyteri
919 3894 1138 3949 nomine
1164 3909 1281 3961 sex,
1309 3895 1360 3948 in
1386 3894 1596 3949 diaconi
1625 3903 1753 3962 tres,

146 3985 405 4054 ipsorum
439 3999 630 4041 causas
676 3986 989 4051 discutiant,
1026 3989 1215 4043 eadem
1265 3990 1473 4045 dierum
1522 3999 1578 4046 et
1619 3992 1757 4047 dila-

145 4073 390 4134 tionum,
422 4081 478 4127 et
503 4088 533 4129 a
558 4076 938 4131 communione
973 4078 1353 4144 remotionum,
1386 4088 1439 4135 et
1465 4078 1754 4135 discussio-

147 4177 225 4218 ne
254 4177 611 4235 personarutn
639 4165 783 4221 inter
808 4176 1156 4224 accusatores
1172 4178 1227 4223 et
1250 4185 1343 4225 eos
1374 4172 1464 4240 qui
1489 4186 1751 4226 accusan-

147 4260 250 4306 tur
277 4253 456 4309 forma
491 4266 723 4312 servata.
757 4277 775 4309 ι
821 4256 1043 4313 Scilicet
1091 4259 1231 4314 sicut
1280 4261 1344 4315 de
1393 4262 1663 4332 episcopis
1694 4263 1745 4317 in

146 4345 484 4413 prmcedenti
512 4347 744 4417 capitulo
765 4356 845 4402 est
868 4346 1152 4403 diliinitum
1173 4368 1185 4402 :
1210 4349 1541 4420 reliquorum
1570 4339 1767 4405 autem.

1860 3158 1927 3212 ad
1950 3172 2168 3211 causam
2191 3174 2344 3213 suam
2364 3160 2645 3216 dicendam
2667 3162 2964 3219 electorum
2976 3164 3219 3236 judicum
3237 3168 3324 3223 die
3338 3176 3454 3223 sta-

1860 3258 1976 3304 tuta
1997 3249 2193 3305 litteris
2205 3260 2463 3309 evocatus
2485 3254 2707 3310 minime
2719 3258 3037 3312 occurrerit.
3051 3278 3070 3311 »
3100 3258 3214 3326 Qua
3233 3269 3451 3316 sentcn-

1861 3343 1935 3396 tia
1953 3342 2235 3397 evidenter
2257 3345 2581 3411 ostenditur,
2604 3348 2729 3417 quia
2754 3360 3038 3405 accusator
3063 3366 3320 3408 accusare
3345 3370 3449 3409 non

1856 3442 2055 3502 potest,
2081 3433 2182 3486 nisi
2210 3435 2262 3487 in
2293 3436 2638 3491 accusatione
2665 3453 2903 3507 praesens
2930 3437 3123 3504 fuerit;
3150 3451 3328 3511 potest
3352 3459 3447 3497 au-

1857 3531 1968 3577 tem
1996 3538 2252 3578 accusare
2284 3525 2563 3581 absentem
2589 3541 2603 3579 :
2642 3537 2697 3583 et
2722 3528 2813 3597 qui
2845 3544 2951 3584 non
2980 3539 3159 3600 potest
3191 3535 3443 3589 accusari

1858 3611 1966 3666 nisi
1993 3626 2092 3681 per
2130 3614 2475 3681 praesentiam
2500 3617 2856 3683 accusatoris,
2886 3626 3065 3687 potest
3088 3621 3284 3676 absens
3305 3623 3452 3693 judi-

1859 3704 1991 3766 cari,
2018 3703 2127 3757 imo
2147 3703 2308 3759 etiam
2337 3705 2406 3760 ab
2434 3706 2519 3761 his
2546 3707 2637 3777 qui
2663 3709 2769 3764 hoc
2794 3709 3150 3767 decreverunt
3168 3712 3283 3780 jam
3298 3713 3450 3782 judi-

1858 3808 2012 3851 catus
2035 3805 2139 3862 est,
2167 3798 2210 3852 si
2234 3800 2301 3852 ad
2320 3796 2584 3867 judicium
2611 3800 2807 3858 litteris
2844 3813 3101 3861 evocatus
3144 3809 3442 3863 secundum

1856 3887 2000 3957 quod
2029 3888 2304 3942 decretum
2328 3897 2411 3943 est
2442 3905 2548 3943 non
2576 3893 2899 3959 occurrerit,
2923 3894 3009 3949 vel
3038 3895 3248 3967 aliquas
3286 3914 3448 3955 veras

1855 3981 2195 4037 necessitatis
2235 3996 2451 4042 causas.
2480 3982 2681 4053 quibus
2724 4000 2848 4039 eum
2884 3998 3174 4042 occurrere
3202 4003 3308 4042 non
3347 4003 3449 4060 po-

1856 4073 2023 4126 tuisse
2065 4071 2411 4127 mauil‘cstum
2454 4074 2546 4139 sit,
2579 4089 2685 4129 non
2714 4075 3045 4145 probaverit.
3077 4076 3343 4133 Similiter
3385 4091 3447 4135 ut

1855 4164 1921 4218 de
1942 4164 2215 4234 episcopo,
2244 4165 2317 4220 ita
2347 4176 2402 4221 ct
2430 4167 2495 4220 de
2520 4166 2856 4238 presbytero,
2893 4170 2974 4223 vel
3000 4170 3229 4226 diacono
3258 4174 3445 4230 subse-

1855 4255 2041 4323 quenti
2105 4255 2341 4325 capitulo
2385 4257 2807 4312 demonstratur.
2846 4257 2980 4315 Hinc
3020 4260 3337 4318 Bonifacius
3375 4265 3445 4319 ad

1857 4353 2067 4414 septem
2097 4345 2403 4415 provincias
2433 4348 2674 4419 scripsit,
2706 4349 2892 4405 dicens
2918 4353 2985 4407 de
3009 4351 3244 4409 Maximo
3270 4355 3443 4425 (epist.

145 4433 484 4492 clericorum
521 4456 712 4496 causas
736 4442 900 4496 etiam
932 4440 1079 4495 solus
1120 4442 1405 4513 episcopus
1448 4442 1549 4496 loci
1577 4459 1746 4515 agno-

1862 4435 1910 4507 2)
1943 4453 1955 4488 :
1996 4455 2013 4480 ι
2045 4433 2102 4490 Si
2145 4436 2339 4491 adesse
2364 4438 2615 4504 voluerit,
2651 4455 2891 4510 prtesens
2919 4444 2964 4499 si
3002 4444 3223 4500 conlidit
3253 4447 3318 4500 ad
3349 4447 3449 4501 ob-

146 4534 353 4582 scatet
390 4527 558 4585 ﬁniat.
613 4531 679 4585 Et
715 4532 840 4586 item
871 4530 1012 4604 (can.
1038 4530 1129 4600 28)
1161 4549 1174 4585 :
1214 4549 1231 4582 ι
1271 4531 1601 4604 Presbyteri,
1631 4535 1746 4590 dia-

146 4617 307 4684 coni,
337 4618 421 4673 vel
447 4623 624 4677 cancri
651 4621 936 4678 inferiores
962 4622 1166 4688 clerici,
1193 4623 1245 4678 in
1272 4627 1452 4681 causis
1478 4642 1615 4697 quas
1646 4628 1744 4682 ba-

146 4710 403 4777 buerint,
447 4713 491 4767 si
521 4714 585 4768 de
632 4713 850 4781 judiciis
888 4714 1261 4784 episcoporum
1306 4733 1525 4773 suorum
1566 4721 1743 4788 questi

149 4800 389 4868 fuerint,
416 4804 576 4859 vicini
620 4806 858 4876 episcopi
904 4821 998 4861 eos
1046 4822 1169 4861 eum
1216 4823 1479 4865 consensu
1510 4811 1596 4866 sui
1626 4813 1742 4882 epi-

92 4938 101 4941 -
150 4894 312 4963 scopi
337 4896 571 4963 audiant,
602 4907 657 4952 et
686 4899 827 4953 inter
846 4913 940 4954 eos
964 4897 1223 4953 diﬂiniant
1246 4918 1258 4953 :
1284 4902 1368 4956 vel
1394 4904 1460 4958 ad
1486 4903 1749 4974 primates

153 5001 383 5040 suarum
412 4989 810 5058 provinciarum
840 4998 1153 5060 provocent,
1181 4990 1323 5047 sicut
1347 5005 1401 5049 et
1441 4996 1509 5049 de
1537 4993 1748 5063 episco-

153 5076 247 5145 pis
291 5092 430 5149 sa'pe
465 5079 820 5134 constitutum
846 5090 947 5136 est.
977 5100 995 5132 ι
1032 5081 1109 5137 Et.
1126 5085 1420 5140 secundum
1447 5083 1747 5141 Antioche-

158 5181 265 5221 nos
288 5182 516 5223 canones
548 5170 693 5238 (cun.
719 5169 772 5239 9)
805 5185 859 5223 :t
890 5171 970 5225 Ad
995 5173 1331 5240 metropolim
1365 5189 1561 5232 omnes
1591 5174 1747 5228 undi-

157 5276 270 5334 que
312 5262 397 5332 qui
444 5254 662 5332 neg‘otia
706 5261 953 5317 videntur
982 5264 1176 5319 habere
1216 5275 1569 5325 concurrant.
1610 5283 1628 5315 ι
1680 5264 1748 5319 Et

161 5356 285 5376 Ι--.-
334 5354 419 5376 ῶιὶὶ
452 5368 466 5376 .
501 5372 513 5376 -
546 5353 601 5376 Ι..
640 5353 902 5376 ηιι..ι.κξ-ξ..
936 5355 1165 5376 --_.-!I!_'-
1200 5371 1218 5376 _
1250 5358 1262 5376 I
1300 5360 1311 5371 ο
1361 5371 1370 5376 .
1519 5355 1717 5376 ,1...-.-..Ξ

196 5370 285 5376 --.-
334 5354 419 5376 ant
452 5368 466 5376 .
501 5372 513 5376 -
546 5350 601 5376 l..
640 5367 797 5376 mn”...

1843 4527 1989 4599 jecta
2037 4528 2410 4598 respondeat:
2454 4529 2499 4585 si
2544 4532 2736 4587 adesse
2781 4534 3100 4605 neglexerit,
3128 4536 3446 4591 dilationem

1854 4619 2137 4675 sententia:
2173 4620 2242 4674 de
2280 4619 2524 4676 absentia
2570 4638 2678 4677 non
2719 4624 2979 4681 lucretur.
3037 4626 3174 4681 Nam
3215 4626 3449 4681 manife-

1853 4720 1997 4766 stum
2044 4718 2129 4764 est
2171 4708 2419 4766 confiteri
2463 4728 2585 4767 eum
2628 4713 2696 4769 de
2733 4715 2983 4781 crimine,
3021 4717 3111 4785 qui
3150 4713 3359 4768 indulto
3390 4727 3449 4771 et

1854 4805 2015 4859 toties
2053 4803 2299 4875 delegato
2327 4804 2551 4875 judicio,
2597 4807 2863 4879 purgandi
2906 4824 2964 4865 se
3004 4807 3291 4862 occasione
3330 4819 3446 4861 non

1853 4894 2041 4949 utitur.
2078 4911 2097 4943 ι

1925 4984 2026 5052 Qui
2055 4992 2237 5038 autem
2262 4985 2330 5039 ad
2362 4988 2763 5045 accusationem
2792 4986 3005 5042 admitti
3034 4998 3139 5037 non
3184 4981 3449 5048 debeant,

1851 5079 1995 5148 leges
2018 5077 2205 5153 dicunt
2227 5093 2240 5129 :
2276 5096 2295 5128 ‹
2330 5079 2476 5140 Sane
2498 5086 2552 5140 hi
2574 5081 2667 5153 qui
2691 5080 2919 5135 crimina
2948 5092 3043 5132 sua
3067 5076 3119 5128 in
3144 5072 3456 5141 quaestione

1852 5169 2081 5226 confessi
2112 5177 2254 5233 sunt,
2287 5171 2354 5227 de
2386 5177 2508 5232 aliis
2546 5176 2590 5231 si
2633 5173 2817 5227 dicere
2867 5167 3152 5226 voluerint,
3190 5178 3222 5215 a
3259 5159 3456 5229 judice

1854 5278 1960 5317 non
1988 5261 2316 5317 credantur:
2349 5270 2476 5336 quia
2500 5267 2621 5336 jure
2646 5272 2699 5318 et
2726 5261 2931 5330 legibus
2956 5256 3314 5314 constitutum
3336 5267 3454 5327 est,

2906 5368 2952 5376 ιιι
2997 5362 3102 5376 -ιιΛιι
3138 5345 3300 5376 θιιηῖαί
3350 5363 3424 5376 “an

2006 5362 2227 5376 -..ΑΔ-..κίε
2263 5362 2393 5376 ..μ-Ρ
2485 5362 2496 5371 ¹
2582 5370 2602 5376 Α
2639 5368 2759 5376 ..Α-ιιι-
2804 5367 2897 5376 ..Λ-ι
