3990 6300
506 366 615 427 399

1481 365 1806 423 lllNCMARl
1847 360 2240 418 RHEMENSIS
2276 363 2787 423 ARCHIEPISCOPI

3655 364 3759 419 400

508 479 810 551 periculosa
857 487 959 541 est.
997 487 1052 534 et
1082 480 1291 534 admitti
1328 495 1432 534 non
1466 481 1623 534 debet
1671 481 1745 535 rei
1795 481 2082 536 adversum
2112 490 2157 547 Α
2187 489 2467 542 accusatos
2495 497 2655 536 causa
2699 481 2890 536 debeat
2926 482 3141 552 agitari,
3179 481 3602 553 Carthaginense
3632 497 3757 550 con-

509 585 884 642 quemcunque
932 570 1268 641 professio.»
1317 571 1384 625 Et
1436 572 1720 625 concilium
1771 573 2082 626 Afriearuun

509 659 884 717 demonstrat:
936 679 953 712 ι
993 659 1092 727 Qui
1145 669 1347 729 postea,
1384 661 1633 731 inquiens
1667 662 1804 732 (can.
1845 663 1932 726 96,
1969 663 2080 728 97),

507 767 669 821 quam
717 753 1216 809 excommunicatus
1269 754 1465 818 fuerit,
1505 757 1556 810 in
1607 757 1716 824 ipsa
1767 756 1939 812 adhuc
1991 773 2084 811 ex-

509 843 995 899 eommunicatione
1035 846 1379 909 constitutus,
1427 849 1540 901 sive
1586 850 1657 902 sit
1691 848 1940 912 clericus,
1970 851 2084 904 sive

507 934 580 988 sit
619 935 807 1000 laicus,
855 952 1109 992 accusare
1152 939 1414 1004 voluerit;
1451 957 1748 1012 omnesque
1795 944 1959 1005 servi,
1999 943 2082 997 vel

501 1028 708 1099 preprii
753 1028 952 1093 liberti,
996 1032 1063 1085 ad
1108 1033 1505 1086 accusationem
1559 1049 1665 1087 non
1707 1035 2078 1100 admittantar,

502 1120 590 1175 vel
618 1136 805 1174 omnes
830 1137 966 1190 quos
989 1125 1052 1175 ad
1098 1125 1396 1178 accusanda
1434 1126 1642 1194 publica
1670 1128 1893 1182 crimina
1936 1128 2080 1199 leges

506 1210 736 1279 publica:
757 1213 872 1265 non
913 1214 1222 1276 admittunt;
1271 1231 1458 1270 omnes
1489 1218 1650 1271 etiam
1688 1218 1921 1272 infamiae
1965 1237 2080 1274 ma-

503 1300 640 1355 culis
692 1302 913 1371 aspersi,
945 1303 995 1356 id
1037 1313 1120 1358 est
1163 1305 1482 1366 histriones,
1524 1316 1615 1359 aut
1664 1308 2079 1377 turpitmliuilms

503 1391 758 1460 subjectze
816 1409 1089 1462 personae;
1140 1398 1372 1452 haeretici
1443 1399 1644 1464 etiam,
1698 1401 1808 1454 sive
1849 1402 2075 1470 pagani,

505 1500 598 1538 seu
647 1483 853 1539 Judmi:
894 1487 984 1541 sed
1031 1497 1206 1541 tamen
1255 1489 1526 1553 omnibus,
1579 1490 1772 1558 quibus
1802 1493 2074 1546 accusatio

504 1574 836 1645 denegatur,
890 1576 941 1630 in
1000 1578 1178 1631 causis
1238 1579 1472 1648 propriis
1523 1581 1810 1636 accusandi
1859 1582 2072 1636 licentia

493 1682 606 1721 non
655 1678 739 1722 est
805 1670 1068 1739 neganda.
1107 1690 1125 1722 ι
1185 1670 1337 1740 (Con.
1400 1671 1512 1743 98.)
1549 1692 1564 1721 ι
1611 1673 1676 1726 Ει
1724 1674 2072 1742 quotiescun-

493 1771 604 1823 que
649 1758 860 1813 clericis
907 1761 975 1812 ab
1013 1761 1419 1816 accusatoribus
1455 1761 1622 1816 multa
1657 1763 1886 1818 crimina
1932 1763 2069 1831 obji-

2184 572 2364 626 cilium
2407 573 2596 626 statuit
2645 573 2826 626 dicens
2862 575 3001 642 (can.
3028 573 3158 638 30):
3197 592 3214 623 ι
3247 574 3316 628 Ut
3363 583 3649 628 accusatus
3680 573 3757 626 vel

2184 671 2474 716 accusator.
2499 664 2547 716 in
2589 678 2653 716 eo
2680 663 2793 716 loco
2825 664 3074 732 undecst
3112 666 3201 734 qui
3232 650 3534 725 accusatur,
3580 666 3758 718 locum

2183 753 2282 808 sibi
2310 755 2473 825 eligat
2498 756 2821 824 proximum,
2847 771 2954 825 quo
2978 772 3080 810 non
3108 758 3180 812 sit
3203 757 3417 812 ditlicile
3450 767 3620 811 testes
3640 772 3760 825 pro-

2183 847 2378 902 ducere
2427 849 2515 902 ubi
2559 865 2718 902 causa
2771 849 3016 914 ﬁniatur;
3051 869 3068 900 ι
3103 858 3157 903 et
3183 850 3310 904 hinc
3355 849 3499 921 leges
3537 851 3754 904 dicunt:

2189 955 2206 987 ε
2239 938 2534 991 Criminum
2575 938 2839 993 discussio
2884 938 2956 992 ibi
3004 940 3253 1008 agitanda
3283 949 3385 1004 est,
3433 941 3521 994 ubi
3553 941 3759 994 crimen

2186 1026 2478 1081 admissum
2511 1037 2594 1082 cst
2623 1047 2634 1080 :
2662 1044 2780 1081 nam
2809 1029 2934 1082 alibi
2964 1029 3248 1083 criminum
3278 1046 3404 1086 reus
3446 1032 3760 1102 prohibetur

2181 1119 2372 1171 audiri.
2406 1138 2422 1169 ι
2457 1118 2522 1172 Ει
2553 1120 2678 1173 item
2712 1138 2724 1173 :
2760 1141 2777 1171 ς
2808 1119 2864 1176 Si
2901 1122 3022 1189 quis
3048 1122 3415 1176 adversarium
3462 1133 3557 1177 aut
3603 1137 3758 1194 repe-

2183 1210 2390 1274 titione,
2420 1220 2510 1264 aut
2532 1213 2774 1277 criminis
2795 1213 3096 1278 objectione
3122 1211 3433 1283 pulsaverit,
3461 1217 3516 1270 in
3547 1217 3760 1286 provin-

2179 1300 2259 1354 cia
2316 1303 2366 1354 in
2407 1319 2510 1371 qua
2562 1303 2809 1358 consistit
2853 1304 2938 1358 ille
2975 1305 3063 1374 qui
3099 1306 3362 1373 pulsatur,
3396 1323 3524 1360 suas
3568 1319 3760 1364 exerat

2180 1393 2416 1445 actiones
2443 1433 2456 1456 ,
2492 1408 2589 1446 nec
2633 1395 2862 1468 aestimet
2893 1395 3259 1448 adversarium
3305 1413 3456 1449 suum
3499 1396 3630 1451 alibi
3669 1409 3762 1451 aut

2182 1479 2390 1550 longius
2442 1482 2508 1535 ad
2546 1480 2806 1549 judicium
2863 1485 3299 1552 pertrahendum.
3357 1482 3445 1541 Ille
3489 1503 3621 1541 vero
3667 1489 3760 1556 qui

2176 1571 2421 1640 pulsatus
2467 1572 2630 1626 fuerit
2675 1574 2716 1627 si
2741 1571 2977 1640 judicem
3012 1588 3318 1644 suspectum
3371 1575 3645 1642 habuerit,
3691 1575 3757 1633 li-

2177 1670 2296 1716 ccat
2333 1662 2623 1731 appellare.
2663 1682 2680 1712 ι
2714 1660 2774 1717 Et
2825 1663 3248 1735 Carthaginiense
3296 1666 3424 1720 dicit
3467 1670 3761 1724 concilium

2177 1753 2319 1824 (can.
2354 1754 2472 1823 15):
2499 1773 2513 1802 ο
2540 1754 3349 1827 Utaquilmscunquejudicibus
3374 1759 3760 1818 ecclesiastici;

491 1847 738 1912 'ciunlur,
770 1860 826 1904 ει
854 1867 1015 1904 unum
1058 1868 1122 1906 ex
1163 1853 1314 1923 ipsis,
1359 1853 1426 1909 de
1455 1870 1562 1924 quo
1595 1854 1745 1924 prius
1775 1857 1946 1925 egerit
1981 1872 2072 1911 ac-
2103 1859 2150 1917 B
2179 1847 2246 1899 ad
2277 1844 2409 1899 alios
2441 1844 2650 1911 judices
2681 1846 3097 1911 ecclesiasticos,
3131 1848 3218 1902 libi
3251 1857 3332 1904 est
3369 1850 3541 1918 major
3568 1861 3760 1908 aucto-

488 1947 735 2000 cusator,
780 1941 1012 2008 probare
1059 1958 1164 1996 non
1203 1943 1448 2008 valuerit,
1487 1945 1555 1999 ad
1583 1949 1774 1999 caetera
1809 1944 1918 2012 jam
1966 1961 2070 2000 non

496 2031 836 2084 admittatur.
917 2031 1105 2087 Testes
1170 2043 1347 2088 autem
1392 2035 1490 2087 .ad
1552 2036 1917 2089 testimonium
1967 2050 2071 2090 non

482 2120 897 2186 admittendos,
956 2123 1045 2191 qui
1100 2139 1199 2179 nec
1268 2125 1334 2179 ad
1399 2127 1794 2180 accusationem
1861 2126 2070 2180 admitti

498 2212 749 2280 prmcepti
809 2222 962 2277 sunt,
1014 2214 1095 2268 vel
1134 2215 1297 2269 etiam
1339 2231 1474 2286 quos
1528 2217 1640 2286 ipse
1686 2228 1968 2273 accusator
2007 2219 2073 2273 de

491 2315 592 2355 sua
640 2303 799 2357 domo
848 2305 1162 2373 produxerit
1201 2321 1214 2359 :
1256 2307 1321 2360 ad
1357 2308 1718 2364 testimonium
1767 2317 1945 2364 autem
1987 2310 2070 2364 in-

485 2402 581 2448 tra
620 2410 788 2450 annos
825 2399 1230 2467 quattuordecim
1264 2401 1438 2455 :etatis
1484 2416 1592 2456 sure
1636 2417 1740 2456 non
1780 2402 2072 2456 admittan-

491 2494 605 2540 tur.
645 2505 664 2538 ι
696 2487 761 2540 Ει
795 2497 1015 2542 sanctus
1053 2490 1383 2561 Augustinus
1426 2492 1594 2546 dicit:
1626 2510 1643 2543 ι
1679 2492 1958 2559 Quamvis.
1992 2495 2072 2546 in-

485 2575 707 2642 quiens,
746 2591 870 2630 vera
903 2579 1010 2632 sint
1035 2581 1300 2648 quaedam,
1349 2595 1451 2635 non
1500 2589 1676 2635 tamen
1708 2582 1874 2651 judici
1917 2582 2072 2636 facile

495 2667 758 2721 credenda
800 2679 944 2733 sunt,
979 2671 1078 2725 nisi
1105 2672 1272 2727 certis
1315 2673 1528 2727 indiciis
1557 2673 2014 2728 demonstrentur.
2049 2693 2067 2725 ι

496 2755 597 2823 Qui
641 2757 767 2812 fecit
803 2761 1185 2828 quoddocuit,
1231 2777 1352 2816 cum
1391 2763 1443 2816 in
1501 2764 1706 2818 reddita
1755 2765 1965 2817 ratione
2007 2764 2072 2817 ad

496 2849 781 2917 primatem
802 2866 919 2906 suae
946 2854 1232 2918 provincia
1248 2854 1576 2926 Xantippum
1601 2855 1861 2914 scribens.
1885 2871 2074 2924 quem-

495 2941 620 2995 dam
658 2942 1030 3015 presbyterum
1069 2961 1224 3000 suum
1265 2946 1666 3001 Abundantium
1708 2962 1737 3000 a
1768 2963 1824 3002 se
1858 2948 2069 3016 judica-

487 3037 608 3085 tum
652 3045 771 3087 esse
810 3032 1171 3099 demonstrat,
1214 3036 1279 3090 de
1326 3050 1390 3089 eo
1443 3036 1629 3090 dicens
1669 3035 1841 3106 (epist.
1882 3037 2009 3104 256)
2055 3056 2066 3090 :

499 3139 514 3168 ι
549 3119 767 3176 lnsinuo
796 3123 1094 3191 prudentiae
1121 3132 1244 3189 tuae,
1275 3124 1674 3180 Abundantium
1701 3124 1984 3195 quemdam
2018 3127 2068 3180 in

491 3209 658 3266 fundo
687 3211 1131 3270 Strabonianensi
1177 3217 1478 3284 pertinente
1509 3217 1574 3270 ad
1603 3232 1785 3271 curam
1830 3225 2068 3271 nostram
2099 3240 2142 3300 ρ

490 3305 794 3360 ordinatum
824 3306 989 3361 fuisse
1011 3309 1408 3379 presbyterum.
1443 3307 1542 3376 Qui
1585 3325 1704 3362 cum
1736 3323 1839 3362 non
1881 3308 2065 3372 ambu:

481 3391 632 3446 .laret
669 3393 783 3448 vias
813 3410 1090 3450 servorum
1136 3397 1251 3462 Dei,
1281 3413 1384 3452 non
1414 3399 1610 3452 bonam
1639 3396 1836 3451 famam
1866 3397 2068 3450 habere

491 3493 753 3553 coeperat,
789 3499 892 3555 qua
945 3501 1044 3556 ego
1089 3487 1436 3553 CODlCl‘l‘ilUS,
1485 3503 1590 3542 non
1640 3497 1816 3541 tamen
1865 3495 2068 3541 temere

491 3574 691 3644 aliquid
722 3577 944 3632 credere
973 3577 1176 3642 volens,
1221 3579 1314 3633 sed
1353 3578 1510 3648 plane
1554 3577 1837 3633 sollicitior
1868 3576 2065 3642 factus,

487 3679 708 3734 Operam
756 3666 896 3733 dedi,
936 3666 983 3721 si
1025 3669 1293 3736 quomodo
1333 3683 1544 3738 possem
1592 3669 1659 3721 ad
1699 3667 1874 3737 aliqua
1913 3665 2068 3720 mala:

488 3759 915 3815 conversationis
955 3759 1103 3828 ejus
1159 3770 1304 3816 certa
1374 3762 1570 3816 indicia
1627 3761 1930 3830 pervenire.
1990 3759 2067 3814 Ae

476 3849 663 3917 ,primo
701 3850 963 3919 comperi,
1005 3865 1127 3905 eum
1159 3852 1438 3921 pecuniam
1477 3851 1754 3920 cujusdam
1807 3850 2066 3906 rusticani

487 3941 554 3993 de
601 3941 726 3994 vino
760 3942 900 4010 apud
942 3955 1002 3994 se
1043 3943 1422 3997 commendato
1454 3942 1847 4005 intervertisse,
1891 3941 1964 3994 ita
2009 3951 2068 3996 ut

489 4032 690 4085 nullam
735 4032 859 4085 inde
904 4033 1454 4100 possetprobabilem
1501 4033 1727 4086 reddere
1782 4032 2064 4085 rationem.

486 4120 690 4175 Deinde
715 4122 995 4175 convictus
1018 4128 1178 4190 atque
1203 4120 1482 4176 confessus
1510 4130 1616 4187 est,
1646 4120 1932 4189 diejejunii
1971 4136 2068 4174 na-

488 4211 612 4266 talis
651 4212 884 4278 Domini,
912 4227 1018 4281 quo
1046 4213 1208 4267 etiam
1239 4211 1524 4282 Gippitana
1561 4211 1790 4267 ecclesia
1839 4213 1978 4266 sicut
2014 4221 2068 4266 et

489 4310 698 4358 caetera:
719 4302 1020 4372 jejunabat,
1054 4319 1176 4358 cum
1220 4312 1470 4372 tanquam
1502 4311 1849 4371 perrecturus
1879 4303 1947 4357 ad
1978 4318 2066 4359 ec-

485 4390 707 4446 clesiam
748 4407 899 4449 suam
951 4393 1290 4450 valefecisset
1341 4393 1560 4465 collega:
1607 4409 1705 4449 suo
1747 4394 2065 4466 presbytero

484 4479 772 4552 Gippitano
800 4485 932 4539 hora
969 4483 1082 4540 fere
1118 4486 1336 4555 quinta,
1383 4493 1440 4541 et
1482 4501 1605 4540 eum
1639 4501 1820 4540 secum
1862 4486 2065 4541 nullum

472 4572 740 4638 clericum
767 4574 1010 4641 haberet,
1042 4576 1098 4630 in
1127 4576 1316 4631 eodem
1346 4574 1509 4631 fundo
1529 4577 1815 4642 restitisse,
1847 4585 1902 4631 et
1923 4577 2061 4646 apud

484 4664 774 4732 quamdam
826 4665 980 4719 malae
1024 4664 1179 4720 fama:
1225 4665 1525 4729 mulierem,
1577 4674 1634 4720 et
1675 4666 1957 4736 prandisse
2005 4674 2060 4719 et

484 4769 751 4819 cmnasse,
779 4755 917 4809 etin
956 4771 1061 4810 una
1109 4757 1266 4810 domo
1304 4757 1586 4818 mansisse,
1624 4764 1679 4810 et
1729 4757 1831 4810 hoc
1862 4771 2060 4828 negare

484 4860 590 4900 non
624 4845 817 4916 potuit.
852 4829 986 4898 Nam
1016 4861 1134 4913 qua:
1181 4847 1396 4916 negavit
1442 4848 1550 4901 Deo
1590 4847 1789 4910 dimisi,
1822 4863 1939 4915 qua:
1964 4863 2059 4902 oc-

483 4939 690 4996 cultare
727 4937 1028 5009 permissus
1052 4951 1158 4990 non
1200 4945 1303 5000 est,
1327 4936 1588 5004 judicavi.
1632 4937 1806 4991 Timui
1836 4937 1883 4991 ei
1913 4953 2062 4991 com-

483 5034 701 5087 mittere
761 5028 1087 5092 ecclesiam,
1141 5029 1437 5096 przesertim
1498 5030 1638 5082 inter
1689 5029 2060 5084 hatreticorum

483 5119 1006 5176 circumlatrantium
1055 5116 1257 5171 rabiem
1293 5118 1661 5172 constitutam.
1711 5117 1834 5172 llaec
1881 5127 2060 5171 autem

482 5231 570 5270 me
603 5215 902 5284 prudentia:
943 5221 1048 5267 tua:
1089 5213 1358 5281 praecipue
1391 5213 1638 5267 intimare
1667 5213 1965 5283 oportebat,
1997 5228 2063 5266 ne

482 5306 661 5376 aliqua
707 5305 802 5359 tibi
843 5303 1050 5358 fallacia
1098 5303 1432 5371 subreperet.
1471 5321 1489 5353 ι
1523 5301 1742 5356 Sciebat
1787 5303 1930 5356 enim
1965 5303 2064 5356 iste

482 5395 568 5448 vir
595 5394 806 5449 Domini
835 5409 1090 5452 canones,
1132 5402 1188 5447 et
1214 5409 1318 5446 non
1361 5394 1741 5447 contemnebat
1770 5393 2064 5448 secundum

485 5487 705 5542 eosdem
741 5503 930 5542 sacros
969 5502 1225 5551 canones,
1254 5487 1468 5556 primati
1513 5502 1630 5550 suo,
1665 5487 1856 5539 minori
1890 5486 2067 5540 scien-

483 5577 557 5632 tia
583 5586 638 5632 ct
664 5578 802 5634 forte
826 5580 1040 5644 merito,
1066 5581 1158 5634 sed
1178 5579 1381 5648 potiori
1422 5577 1539 5634 loco
1569 5578 1743 5642 subdi,
1771 5577 2068 5632 obaudiens

484 5668 754 5723 dicentem
799 5671 1109 5739 Apostolum
1147 5671 1402 5725 :Obedite
1447 5670 1740 5740 prmposilis
1785 5670 1963 5723 vestris
2013 5670 2067 5721 in

486 5760 713 5816 Domino
739 5760 924 5831 (Hebr.
959 5762 1098 5831 χιιι).
1133 5763 1230 5817 Ubi
1257 5772 1434 5818 autem
1470 5763 1612 5817 inter
1644 5767 1986 5815 accusatores
2015 5768 2068 5815 et

2176 1935 2329 1998 ritas,
2391 1935 2548 1990 fuerit
2603 1947 2978 2006 provocatum,
3031 1956 3137 1993 non
3191 1940 3269 1995 eis
3324 1940 3467 1996 obsit
3524 1959 3761 2011 quormn

2174 2026 2338 2082 fuerit
2379 2027 2549 2082 soluta
2603 2029 2886 2092 sententia,
2939 2031 2982 2085 si
3015 2032 3259 2086 convinci
3305 2048 3410 2086 non
3455 2036 3757 2102 potuerint,

2175 2115 2256 2171 vel
2307 2117 2526 2172 inimico
2572 2119 2751 2171 animo
2774 2118 3065 2185 judicasse.
3112 2121 3194 2175 vel
3237 2123 3411 2192 aliqua
3461 2125 3762 2194 cupiditate

2176 2216 2270 2262 aut
2299 2207 2469 2278 gratia
2513 2208 2815 2276 depravari.
2867 2209 3009 2264 Sane
3037 2209 3078 2264 si
3113 2225 3179 2264 ex
3225 2227 3488 2267 consensu
3519 2215 3758 2283 partium

2173 2299 2326 2354 electi
2360 2298 2560 2353 fuerint
2576 2299 2804 2368 judices,
2835 2303 2997 2357 etiam
3020 2318 3048 2356 a
3076 2305 3314 2372 pauciori
3343 2320 3568 2361 numero
3593 2323 3758 2376 quam

2176 2388 2525 2444 constitutum
2579 2400 2679 2451 est,
2743 2406 2848 2444 non
2897 2391 3055 2446 liceat
3097 2394 3402 2462 provocari.
3441 2415 3458 2446 ι
3516 2397 3760 2463 Qualiter

2177 2486 2356 2530 autem
2386 2478 2648 2532 sententia
2681 2478 2818 2532 {iniri
2846 2479 3056 2542 debeat,
3088 2481 3234 2552 leges
3269 2493 3322 2536 et
3349 2485 3490 2538 sacri
3518 2501 3760 2541 canones

2177 2578 2504 2634 monstrant,
2541 2570 2780 2624 dicentes
2820 2579 2879 2623 ut
2903 2571 2986 2624 vel
3022 2572 3072 2626 in
3103 2575 3327 2642 synodo,
3369 2575 3450 2628 vel
3491 2591 3592 2644 per
3615 2576 3760 2646 judi-

2176 2680 2288 2729 ces,
2323 2667 2436 2719 sive
2459 2681 2594 2735 quos
2620 2666 3000 2735 conquirentes
3038 2668 3294 2736 primates
3343 2670 3615 2734 dederint,
3646 2674 3760 2726 sive

2175 2745 2311 2824 Quos
2343 2755 2439 2822 ipsi
2466 2755 2670 2808 vicinos
2697 2770 2778 2828 ex_
2799 2771 3063 2810 consensu
3106 2757 3417 2828 delegerint.
3451 2777 3469 2809 ι
3501 2761 3758 2830 Deputati

2175 2857 2352 2902 autem
2399 2847 2610 2917 judices
2650 2850 2906 2918 episcopi,
2943 2858 3004 2903 ut
3041 2849 3352 2905 Africanum
3400 2852 3532 2906 dicit
3576 2856 3760 2908 conci-

2175 2937 2302 2990 lium
2333 2940 2472 3003 (cmt.
2505 2939 2616 3009 88),
2649 2940 2716 2994 ab
2764 2939 2851 2994 illo
2883 2941 3114 3008 primate
3140 2952 3263 2996 sunt
3290 2944 3476 3020 dandi,
3508 2944 3559 2998 in
3606 2945 3759 3013 cujus

2174 3029 2449 3098 provincia
2496 3046 2656 3085 causa
2701 3041 2949 3086 versatur
2987 3048 3002 3087 :
3041 3035 3083 3087 si
3135 3045 3312 3089 autem
3361 3053 3425 3089 ex
3481 3040 3758 3093 communi

2174 3119 2372 3188 placito
2423 3121 2801 3190 conquirentes
2841 3123 3047 3178 vicinos
3070 3124 3279 3192 judices
3331 3126 3616 3198 elegerint,
3669 3139 3762 3181 aut

2174 3225 2312 3263 unus
2361 3210 2612 3280 eligatur,
2663 3221 2754 3265 aut
2803 3221 2950 3279 tres,
2982 3222 3036 3267 et
3085 3215 3126 3269 si
3178 3225 3286 3270 tres
3330 3216 3626 3287 elegerint,
3669 3232 3761 3272 aut

2173 3300 2413 3353 omnium
2463 3302 2787 3355 sententiam
2842 3311 3155 3371 sequantur,
3204 3313 3295 3358 aut
3339 3306 3592 3359 duormn.
3626 3327 3642 3360 ι
3694 3308 3757 3361 Et

2174 3389 2612 3445 Chalcedonense
2658 3392 2940 3446 concilium
2983 3394 3113 3448 dicit
3153 3394 3292 3466 (can.
3341 3394 3439 3465 9):
3474 3416 3492 3447 ‹
3525 3395 3584 3451 Si
3633 3399 3756 3468 quis

2172 3472 2400 3535 clericus
2457 3483 2714 3536 adversus
2768 3483 3020 3538 clericum
3077 3484 3240 3539 habet
3286 3487 3590 3557 negotium,
3648 3504 3755 3544 non

2171 3574 2388 3628 deserat
2426 3575 2737 3645 cpisc0pum
2767 3578 3065 3646 proprium,
3107 3587 3160 3633 et
3205 3580 3270 3633 ad
3305 3582 3593 3636 saecularia
3634 3599 3758 3652 per.

2172 3664 2569 3733 curratjudiria
2597 3685 2610 3731 ;
2637 3669 2728 3722 sed
2767 3669 2916 3737 prius
2959 3670 3100 3725 actio
3132 3672 3422 3726 ventiletur
3457 3675 3599 3743 apud
3643 3676 3758 3744 epi-

2172 3769 2390 3824 scopum
2429 3756 2725 3824 proprium,
2763 3757 2845 3811 vel
2885 3771 3034 3814 certe
3082 3761 3306 3814 consilio
3350 3762 3598 3828 ejusdem
3634 3766 3751 3834 epi-

2172 3851 2339 3920 scopi,
2370 3851 2506 3921 apud
2536 3867 2670 3920 quos
2691 3862 2936 3921 utraeque
2960 3863 3142 3922 partes
3175 3853 3464 3916 voluerint,
3489 3855 3753 3924 judicium

2172 3942 2543 3996 continebunt.
2591 3941 2647 3996 Si
2681 3943 2800 4009 quis
2824 3954 3001 3996 autem
3044 3953 3240 4013 praeter
3265 3945 3379 3998 haec
3408 3945 3627 4009 fecerit,
3659 3965 3747 4004 ca-

2169 4032 2379 4086 nonicis
2420 4031 2850 4100 correptionibus
2897 4033 3218 4101 subjacebit.
3249 4054 3268 4085 ι
3304 4033 3370 4087 Ει
3399 4045 3628 4091 sanctus
3667 4036 3751 4092 ln-

2171 4120 2450 4174 nocentius
2477 4122 2541 4174 ad
2594 4120 2902 4176 Victricium
2943 4122 3252 4192 episcopum
3287 4141 3300 4176 :
3349 4142 3368 4174 ‹
3402 4123 3461 4178 Si
3491 4140 3634 4194 qme,
3670 4111 3750 4181 in-V

2169 4210 2285 4279 quit
2311 4210 2478 4282 (epist.
2510 4213 2581 4281 1),
2615 4228 2808 4276 causze,
2831 4213 2916 4267 vel
2955 4216 3324 4271 contentiones
3352 4216 3493 4271 inter
3518 4219 3750 4275 clericos

2172 4309 2278 4354 tam
2307 4301 2601 4370 superioris
2629 4303 2833 4357 ordinis
2860 4319 3020 4374 quam
3055 4305 3218 4358 etiam
3249 4305 3524 4363 inferioris
3549 4307 3750 4363 fuerint

2169 4381 2391 4455 exortae,
2417 4403 2475 4446 ut
2495 4393 2786 4447 secundum
2815 4395 3079 4465 synodum
3103 4393 3375 4450 Nicaenam
3405 4400 3752 4471 congregatis

2173 4481 2414 4551 ejusdem
2470 4485 2761 4554 provincia:
2808 4487 3076 4557 episcopis
3098 4489 3333 4559 jurgium
3389 4493 3749 4548 terminetur:

2095 4589 2272 4662 Dnec
2322 4574 2481 4627 alicui
2530 4574 2688 4629 liceat
2740 4575 2879 4647 (sine
2918 4579 3226 4648 pragjudicio
3274 4589 3451 4635 tamen
3495 4581 3753 4637 Romanae

2172 4663 2442 4727 Ecclesiae,
2491 4665 2576 4717 cui
2626 4666 2676 4719 in
2733 4667 2984 4722 omnibus
3031 4669 3207 4723 causis
3249 4671 3410 4724 debet
3446 4673 3751 4728 reverentia

2170 4755 2476 4824 custodiri),
2533 4755 2737 4810 relictis
2785 4757 2868 4811 his
2909 4760 3298 4825 sacerdotibus,
3323 4764 3413 4832 qui
3462 4764 3515 4817 in
3567 4766 3749 4821 eadem

2167 4845 2444 4912 provincia
2490 4846 2580 4900 Dei
2612 4847 2906 4903 Ecclesiam
2957 4861 3089 4904 nutu
3118 4851 3299 4906 divino
3329 4853 3657 4922 gubernant,
3684 4853 3749 4908 ad

2171 4932 2302 4987 alias
2330 4935 2614 4990 convolare
2656 4937 2976 5004 provincias.
3009 4938 3159 5004 Quod
3206 4941 3248 4993 si
3278 4943 3402 5010 quis
3449 4942 3592 4999 forte
3622 4959 3750 5014 pra:-

2171 5024 2484 5092 sumpscrit,
2530 5035 2583 5078 ct
2611 5026 2679 5078 ab
2709 5025 2882 5080 officio
2923 5027 3052 5081 clcri
3103 5029 3402 5093 submotus,
3449 5042 3504 5086 et
3533 5033 3751 5102 injuria-

2161 5105 2289 5170 ~rum
2337 5133 2461 5171 reus
2503 5119 2570 5172 ab
2597 5120 2847 5175 omnibus
2882 5119 3173 5186 iudicetur.
3211 5122 3264 5177 Si
3299 5135 3480 5178 autem
3522 5127 3753 5195 majores

2172 5225 2348 5264 causa:
2381 5211 2432 5263 in
2467 5212 2642 5265 medio
2680 5211 2880 5265 ruerint
2907 5212 3194 5279 devolutm,
3227 5215 3293 5268 ad
3322 5205 3504 5270 sedem
3539 5229 3749 5288 aposto-

2171 5301 2355 5366 licam,
2401 5303 2538 5357 sicut
2575 5305 2811 5372 syuodus
2853 5305 3063 5370 statuit,
3113 5315 3166 5360 et
3211 5317 3364 5362 vetus
3415 5311 3747 5365 consuetudo

2157 5387 2362 5464 exigit,
2397 5404 2512 5464 post
2533 5394 2796 5464 judicium
2825 5398 3122 5468 episcopale
3153 5398 3474 5454 referantur.
3506 5422 3527 5452 ο

2246 5483 2311 5538 Ει
2361 5487 2486 5555 quia
2531 5487 2671 5540 sicut
2713 5487 2817 5540 duo
2865 5497 2989 5540 sunt
3027 5498 3269 5557 peccata,
3309 5501 3363 5543 et
3403 5491 3510 5545 duo
3559 5505 3744 5560 genera

2160 5581 2516 5646 peccatorum
2552 5579 2668 5648 (aut
2705 5577 2847 5632 enim
2900 5577 2952 5630 in
3007 5576 3171 5631 Deum
3221 5587 3410 5648 peccat
3441 5579 3625 5644 homo,
3665 5587 3748 5630 aut

2182 5668 2231 5720 in
2285 5668 2599 5736 lmmincor),
2651 5676 2704 5720 ct
2749 5668 2855 5721 duo
2907 5677 3034 5721 sunt
3078 5669 3336 5722 adventus
3385 5669 3618 5729 Domini,
3662 5665 3744 5733 qui

2180 5761 2322 5813 venit
2357 5768 2666 5830 peccatores
2698 5758 2873 5814 salvos
2919 5757 3114 5813 facere.
3155 5757 3348 5813 Ouum
3391 5761 3527 5812 enim
3576 5770 3747 5827 pecca-
