3990 6300
258 314 365 371 401

1013 314 1255 372 OPUSC.
1299 315 1386 370 ET
1427 314 1642 370 EPIST.
1683 314 1750 370 IN
1787 315 2014 372 CAUSA
2054 316 2383 374 HINCMARI
2421 318 2724 376 LAUDUN.

3406 319 3533 374 ω.

259 438 476 493 verunt,
498 438 547 483 et
576 438 724 500 egent
746 430 914 501 gloria
953 430 1046 486 Dei
1076 432 1257 503 (Rom.
1289 431 1394 503 ιιι),
1419 448 1557 486 unus
1574 430 1840 494 occultus,
1873 436 1919 490 Α
1950 430 2077 484 latio
2107 446 2312 493 eorum,
2343 432 2435 502 qui
2464 426 2728 487 versutias
2760 406 2952 500 agendi
2987 431 3213 485 credunt
3245 445 3366 486 esse
3398 446 3521 489 con-

259 527 324 573 et
351 517 493 573 alter
520 518 834 574 manifestus
861 537 877 573 :
904 534 1059 584 unus,
1092 521 1158 576 de
1183 533 1291 590 quo
1309 520 1570 589 scriptum
1594 527 1678 573 est
1700 533 1714 571 :
1746 517 1846 572 De-

259 606 467 660 scendit
492 607 627 660 sicut
650 606 825 677 pluria
860 608 917 661 in
938 608 1097 663 vellus
1131 607 1300 679 (Paul.
1332 607 1503 679 LXXI),
1535 616 1589 662 et
1618 608 1755 661 alter
1780 608 1857 662 de

256 712 377 769 quo
399 698 657 767 scriptum
678 706 798 753 est:
824 699 965 753 Deus
988 690 1260 770 manifeste
1281 701 1441 754 veniet
1461 696 1632 770 (Psal.
1657 699 1840 769 xux);
1895 760 1899 764 ,

258 803 411 844 unus
450 790 517 845 de
544 804 654 860 quo
694 790 933 844 dicitur:
966 789 1118 845 Venit
1174 790 1321 859 ﬁlius
1357 791 1600 851 hominis,
1649 807 1753 845 non
1790 801 1845 844 ut

250 879 466 950 judicet
493 880 768 945 mundum,
808 880 901 934 sed
945 891 1001 934 stt
1028 880 1256 935 salvetur
1292 882 1518 935 mundus
1550 897 1641 951 per
1675 881 1844 950 ipsum

263 972 456 1041 (locis.
487 970 571 1043 ιιι)
590 1012 606 1036 ,
628 970 765 1025 alter
783 972 998 1041 quando
1018 973 1181 1027 veniet
1195 972 1438 1041 judicare
1460 972 1597 1027 vivos
1624 982 1674 1027 et
1701 989 1844 1025 mor-

262 1074 390 1117 tuos
417 1072 464 1117 et
504 1062 755 1117 utentum
798 1079 891 1131 per
939 1063 1145 1132 ignem;
1183 1062 1256 1116 ita
1314 1063 1421 1117 duo
1469 1071 1594 1117 sunt
1619 1061 1840 1131 judicia,

258 1167 436 1206 unum
465 1151 759 1217 occultum,
786 1160 841 1206 et
872 1150 1102 1205 alterum
1147 1150 1525 1216 manifestum;
1551 1160 1607 1207 et
1632 1152 1738 1207 duo
1758 1149 1847 1219 iu-

261 1246 479 1302 dieiarii
505 1246 741 1307 ordines,
765 1261 905 1299 unus
923 1245 989 1300 de
1013 1259 1123 1314 quo
1140 1245 1266 1300 dicit
1289 1244 1576 1315 Apostolus
1602 1262 1616 1298 :
1643 1243 1703 1300 Si
1725 1246 1843 1314 quis

257 1336 433 1407 frater
459 1337 762 1389 nominatur
781 1336 1071 1406 fornicator
1094 1335 1142 1405 (1
1169 1334 1290 1389 Cor.
1324 1336 1403 1403 ν).
1430 1345 1570 1401 etc.;
1605 1350 1721 1390 eam
1746 1350 1842 1389 no-

259 1427 883 1497 minationem‘intelligi
915 1428 1122 1494 volens,
1154 1438 1213 1483 ut
1246 1429 1375 1483 dicit
1403 1428 1734 1498 Augustinus
1783 1427 1841 1481 in

262 1520 410 1575 libro
437 1520 506 1574 de
530 1519 850 1574 Ptenitentia
877 1520 1014 1589 (cap.
1048 1520 1121 1584 '5).
1157 1536 1279 1589 qua:
1319 1520 1378 1576 ﬁt
1405 1522 1458 1574 in
1492 1534 1838 1589 quemquam,

258 1628 393 1667 cum
430 1613 699 1668 sententia
731 1613 923 1668 ordine
958 1614 1249 1681 iudiciario
1281 1624 1335 1668 et
1379 1629 1501 1668 cum
1536 1612 1841 1683 integritate

258 1703 557 1775 profertur.
589 1704 769 1762 Noluit
801 1707 945 1761 enim
974 1706 1248 1761 hominem
1272 1709 1338 1761 ab
1368 1707 1586 1762 homine
1608 1704 1835 1775 judicari

1950 520 2087 585 sitia,
2123 537 2393 591 nunquam
2434 521 2751 576 innocentiae
2780 535 2971 575 nomen
3003 519 3251 595 accipiet.
3279 519 3516 575 Coullte-

1950 619 2038 664 tur
2064 611 2208 665 enim
2236 612 2301 665 de
2344 612 2591 667 omnibus
2617 610 2860 681 quisquis
2901 624 2958 665 se
2987 610 3515 681 subterfugerejndi-

1948 701 2089 756 cium
2122 700 2465 755 dilationibus
2507 709 2677 770 putat.
2720 699 2859 754 Nihil
2895 700 3039 753 enim
3070 695 3295 754 interest
3336 708 3515 754 utrum

1949 796 2001 850 in
2022 796 2272 866 praesenti
2302 797 2549 851 examine
2576 796 2754 851 omnia
2784 811 2904 865 qua:
2932 795 3073 849 dicta
3105 804 3232 850 sunt
3266 809 3517 864 compro-

1946 887 2163 952 bentur,
2194 901 2316 941 cum
2346 886 2459 956 ipsa
2490 901 2702 956 quoque
2729 901 2839 956 pro
2866 886 3198 941 confessione
3225 893 3536 955 procurata;

1948 974 2106 1031 toties
2155 983 2365 1030 constet
2406 975 2668 1030 absentia.
2705 974 2857 1041 Quod
2898 975 2942 1030 si
2976 973 3162 1030 adesse
3194 973 3521 1045 neglexerit,-

1946 1063 2255 1120 dilationem
2284 1065 2563 1119 sententia:
2588 1065 2654 1119 de
2684 1063 2925 1119 absentia
2955 1079 3062 1119 non
3084 1058 3343 1119 lucretur.
3378 1082 3397 1115 ι
3425 1061 3518 1119 Sic

1945 1153 2265 1210 leestinus
2287 1154 2457 1224 (epist.
2491 1153 2542 1225 1)
2571 1154 2636 1208 de
2658 1152 2876 1209 Daniele
2915 1153 3211 1209 Galliarum
3242 1154 3531 1223 quondam

1945 1248 2197 1317 episcopo
2216 1247 2495 1318 judicavit.
2534 1266 2552 1299 t
2579 1246 2646 1301 Et
2673 1247 2799 1317 quia
2847 1262 3006 1302 nemo
3033 1242 3398 1317 praepropere,
3431 1243 3537 1298 vel'

1944 1346 2291 1410 prtepostere,
2314 1338 2519 1395 scilicet
2539 1353 2644 1393 non
2678 1340 3060 1413 commonitus,
3083 1354 3258 1408 neque
3284 1351 3519 1394 conven-

1946 1440 2035 1486 tus
2060 1438 2145 1485 est
2164 1429 2505 1500 iudicandus,
2537 1431 2602 1485 de
2622 1430 2974 1485 conventione
3004 1427 3305 1498 huiusmodi
3331 1435 3515 1498 patra-

1947 1520 2079 1575 toris
2105 1506 2513 1574 manifestorum
2551 1520 2837 1575 criminum
2874 1520 2956 1575 lex
2996 1521 3128 1577 dicit
3154 1538 3168 1577 :
3196 1521 3515 1590 Quicunque

1947 1609 2119 1665 tribus
2162 1610 2571 1665 auctoritatibus
2612 1608 2811 1678 iudicis
2853 1622 3173 1676 conventus,
3217 1611 3304 1665 vel
3343 1611 3517 1666 tribus

1944 1690 2139 1754 edictis
2171 1700 2237 1754 ad
2272 1699 2508 1769 iudicem
2556 1700 2716 1756 fuerit
2752 1712 3097 1771 provocatus,
3146 1711 3239 1757 aut
3277 1717 3385 1757 uno
3415 1717 3513 1771 pro

258 1810 328 1849 ex
385 1795 611 1852 arbitrio
655 1796 1002 1867 suspicionis,
1057 1797 1137 1852 vel
1196 1790 1357 1852 etiam
1409 1795 1841 1851 extraordinario
1870 1769 1917 1829 Β
1944 1790 2197 1845 omnibus
2239 1790 2620 1861 peremptorio,
2668 1791 2719 1847 id
2760 1801 2860 1857 est,
2900 1792 3040 1859 quod
3068 1808 3285 1848 causam
3310 1792 3517 1847 exstin-

257 1896 527 1957 usurpato
549 1886 757 1955 iudicio
783 1906 795 1941 :
820 1889 911 1943 sed
943 1890 1123 1958 potius
1163 1905 1228 1944 ex
1257 1889 1372 1960 lege
1409 1889 1503 1944 Dei
1548 1890 1839 1944 secundum

255 1979 505 2033 ordinem
531 1977 805 2042 Ecclesiae,
846 1979 959 2034 sive
995 1979 1135 2034 ultro
1166 1978 1496 2044 confessum,
1527 1979 1640 2033 sive
1682 1993 1842 2033 accu-

260 2076 445 2122 satum
477 2075 636 2137 atque
676 2068 981 2124 convictum
1044 2069 1179 2124 Nam
1207 2071 1251 2125 si
1300 2069 1597 2125 nominatio
1623 2068 1837 2136 sufﬁcit,

256 2156 419 2211 multi
441 2156 726 2211 damnandi
758 2166 881 2212 sunt
924 2159 1259 2223 innocentes,
1290 2159 1414 2229 quia
1446 2174 1588 2228 sa-pe
1618 2158 1753 2213 falso
1785 2159 1837 2212 in

257 2260 586 2314 quemquam
625 2246 833 2301 crimen
864 2247 1190 2302 nominatur.
1223 2247 1321 2314 Qui
1354 2250 1486 2302 ordo
1509 2246 1837 2317 judiciarius

259 2335 501 2404 qualiter
520 2338 740 2406 exsequi
778 2336 987 2400 debeat,
1035 2337 1225 2392 beatus
1250 2336 1543 2407 Gregorius
1592 2336 1646 2391 in
1688 2352 1838 2392 com-

258 2427 554 2482 monitorio
598 2428 665 2481 ad
711 2427 973 2483 Joannem
1011 2428 1349 2484 defensorem
1394 2438 1609 2483 euntem
1653 2429 1706 2483 in
1738 2428 1836 2483 Hi-

255 2519 481 2588 spanias
506 2518 634 2574 dicit
659 2518 775 2589 (lib.
805 2535 880 2585 ιι,
911 2520 1022 2573 ind.
1056 2518 1111 2585 6,
1158 2520 1308 2589 epist.
1342 2519 1431 2590 52)
1459 2538 1471 2573 :
1501 2538 1520 2570 t
1550 2518 1833 2584 Videlicet,

252 2619 312 2663 ut
341 2609 433 2663 alii
466 2611 575 2665 sint
602 2618 972 2676 accusatores,
1002 2620 1057 2665 et
1077 2612 1166 2666 alii
1200 2608 1365 2666 testes
1393 2611 1619 2666 :deinde
1643 2627 1835 2666 causa-

251 2715 442 2755 sarum
469 2700 701 2769 qualitas
735 2710 818 2755 est
843 2702 1223 2767 examinanla,
1273 2710 1328 2757 et
1353 2711 1410 2756 ut
1441 2710 1707 2772 prtesente
1746 2718 1837 2757 ac-

253 2799 451 2844 cusato
473 2789 573 2843 sub
598 2789 952 2859 jurejurando
971 2790 1184 2845 dicatur
1224 2790 1590 2845 testimonium
1619 2790 1837 2861 scriptis

259 2881 579 2951 allegatum,
603 2890 658 2936 et
705 2892 992 2938 accusatus
1039 2884 1397 2953 respondendi
1436 2892 1489 2939 et
1515 2882 1833 2940 defendendi

254 2986 319 3025 se
351 2972 531 3025 locum
569 2971 787 3038 habeat,
838 2980 893 3026 et
920 2974 1249 3028 examinatio
1277 2987 1627 3043 personarum
1676 2988 1834 3029 accu-

250 3062 501 3125 santium
533 3078 597 3117 ac
638 3061 1040 3117 testiﬁcantium
1088 3062 1410 3134 regulariter
1450 3062 1562 3117 flat.
1596 3082 1613 3114 ι
1662 3063 1830 3131 Quem

1944 1880 2080 1950 guil,
2113 1879 2273 1936 fuerit
2299 1888 2565 1945 evocatus,
2598 1890 2652 1936 et
2685 1884 3023 1952 praesentiam
3054 1898 3208 1939 suam
3231 1882 3369 1952 apud
3389 1896 3514 1936 eum

1936 1971 2173 2041 iudicem
2198 1986 2228 2025 a
2259 1986 2375 2041 quo
2391 1972 2441 2026 ei
2467 1972 2837 2027 denuntiatum
2868 1982 2951 2029 est
2975 1973 3230 2028 exhibere
3260 1971 3511 2037 noluerit,

1942 2065 2201 2120 adversus
2230 2079 2351 2120 eum
2380 2066 2533 2135 quasi
2567 2066 2620 2120 in
2655 2048 3027 2120 contumacem
3048 2062 3277 2132 judicari
3315 2072 3511 2135 potest,

1943 2154 2186 2224 quinimo
2233 2171 2333 2210 nec
2384 2156 2667 2210 retractari
2715 2171 2811 2226 per
2844 2146 3252 2226 appellationem
3304 2155 3526 2226 negotia

1941 2253 2187 2314 possunt,
2214 2245 2428 2315 quoties
2455 2245 2510 2300 in
2549 2252 2921 2300 contumacem
2955 2244 3115 2299 fuerit
3133 2245 3450 2315 iudicatum.
3486 2264 3513 2295 ιΔ

2010 2334 2076 2387 Ει
2100 2336 2244 2389 hanc
2273 2335 2596 2389 sententiam
2642 2336 2709 2390 de
2741 2336 2914 2390 tribus
2940 2335 3351 2389 auctoritatibus
3384 2349 3510 2389 θοιν-

1939 2424 2118 2479 ventis
2146 2438 2210 2478 ex
2240 2424 2547 2496 evangelica
2578 2425 2825 2490 veritate,
2868 2424 3191 2480 Ctelestinus
3219 2425 3287 2479 ad
3322 2423 3512 2479 Nesto-

1944 2515 2082 2569 rium
2115 2516 2376 2582 scribens,
2415 2525 2470 2571 et
2515 2515 2781 2586 Ephesius
2826 2516 3063 2587 synodus
3093 2516 3159 2570 de
3195 2515 3383 2571 eodem
3414 2516 3513 2571 de-

1941 2618 2190 2669 cernens,
2232 2613 2288 2660 et
2327 2604 2518 2660 beatus
2542 2602 2835 2674 Gregorius
2868 2605 2934 2660 ad
2977 2602 3241 2660 Joannem
3267 2604 3515 2660 scribens

1941 2696 2314 2765 comprobant.
2341 2695 2417 2751 De
2436 2696 2801 2765 peremptorio
2830 2703 3010 2750 autem
3058 2696 3280 2766 scripto,
3312 2695 3513 2751 Africa—

1940 2798 2071 2837 num
2122 2782 2408 2838 concilium
2461 2791 2730 2838 monstrat
2773 2783 2841 2838 de
2879 2782 3170 2840 Cresconio
3196 2783 3335 2854 (can.
3381 2783 3507 2854 l5):

1943 2891 1961 2923 ι
1992 2873 2062 2929 Ut
2096 2874 2139 2929 si
2169 2881 2468 2929 conventus
2491 2874 2809 2943 resipiscere
2836 2873 3223 2929 detrectaverit
3259 2890 3357 2943 suo
3381 2887 3511 2929 con-

1941 2972 2143 3034 temptu
2166 2975 2220 3019 et
2245 2966 2589 3021 contumacia
2614 2965 2861 3031 faciente,
2886 2966 3209 3021 auctoritate
3227 2963 3511 3034 iudiciaria

1938 3060 2186 3128 protinus
2214 3059 2549 3115 excludatur.
2584 3080 2602 3111 ι
2639 3060 2705 3115 Ει
2740 3061 2866 3117 item
2904 3061 3096 3115 beatus
3119 3059 3411 3129 Gregorius
3445 3059 3513 3114 de

243 3151 527 3220 iudiciarii
581 3153 787 3208 ordinis
840 3154 1056 3208 modum
1116 3154 1278 3208 etiam
1325 3153 1584 3209 Dominus
1637 3154 1829 3220 innuit,
1860 3122 1907 3185 θ
1940 3150 2204 3205 sententia
2256 3150 2309 3204 in
2363 3158 2735 3206 contumacem
2790 3152 3030 3207 scribens
3085 3150 3166 3205 ad‘
3216 3149 3509 3206 Maximum

250 3255 377 3296 eum
412 3241 466 3296 in
501 3242 915 3298 resuscitatione
945 3243 1133 3315 puella:
1162 3244 1215 3299 in
1242 3244 1402 3299 domo
1423 3245 1659 3315 jacentis
1682 3261 1829 3301 mor-

255 3340 386 3395 tuae,
416 3347 480 3387 ac
507 3332 555 3385 si
599 3333 654 3386 in
674 3332 1019 3391 ‘revelatione
1046 3348 1151 3389 non
1187 3335 1439 3391 omnibus
1465 3350 1643 3391 causa:
1670 3343 1827 3400 noue,

249 3422 519 3491 quosdam
546 3424 928 3493 discipulorum
958 3441 1176 3481 suorum
1208 3434 1397 3490 testes,
1425 3427 1519 3482 sed
1547 3435 1603 3482 et
1622 3437 1831 3499 patrem

250 3520 307 3567 et
337 3521 571 3567 matrem
612 3514 798 3583 puella?
838 3530 1020 3570 secum
1064 3516 1307 3572 adhibuit
1327 3516 1475 3587 (Luc.
1504 3517 1646 3589 vin).
1678 3518 1832 3572 Alter

246 3600 659 3669 verojudiciarii
678 3603 883 3659 ordinis
906 3605 1095 3660 modus
1123 3614 1206 3660 est
1227 3620 1436 3670 eorum,
1458 3621 1577 3676 qua:
1600 3623 1704 3664 non
1729 3610 1831 3664 sub

248 3707 551 3762 paucorum
592 3696 801 3761 notitia,
851 3698 1003 3767 quasi
1039 3698 1214 3754 adhuc
1245 3700 1298 3754 in
1349 3700 1596 3756 cubiculo
1639 3710 1827 3759 conte-

256 3790 374 3845 cta,
426 3790 503 3834 ιιι-
536 3793 738 3872 patrata
791 3787 1080 3843 credantur
1138 3790 1359 3845 testibus
1417 3789 1678 3860 indigent,
1733 3794 1828 3848 sed

252 3872 419 3942 quasi
435 3872 545 3941 iam
577 3884 727 3930 extra
760 3887 965 3946 portam
1000 3879 1236 3934 civitatis
1260 3879 1424 3935 multa
1470 3882 1623 3936 turba
1660 3883 1830 3937 comi—

246 3973 403 4017 tante
444 3964 617 4020 elatus
656 3966 806 4037 (Luc.
852 3970 987 4039 vn),
1038 3970 1104 4023 ad
1147 3972 1437 4025 multorum
1467 3972 1826 4041 cognitionem

242 4053 426 4108 delata
449 4070 569 4110 esse
586 4066 897 4112 noscuntur.
923 4061 997 4113 De
1019 4072 1126 4129 quo
1136 4059 1406 4128 iudiciarii
1424 4062 1629 4117 ordinis
1645 4063 1824 4129 modo,

244 4145 381 4200 dicit
407 4144 695 4215 Apostolus
721 4165 732 4202 ς
761 4148 873 4219 Ego
892 4152 1099 4220 quidem
1120 4152 1302 4206 absens
1332 4168 1567 4223 corpore,
1596 4170 1824 4223 prtesens

240 4245 418 4287 autem
462 4236 675 4305 spiritu,
715 4236 831 4307 jam
865 4239 1100 4308 judicari
1138 4250 1195 4294 ut
1232 4257 1459 4311 prasens
1483 4259 1601 4297 eum
1637 4246 1728 4313 qui
1752 4246 1827 4300 sic

242 4324 492 4391 operatus
528 4336 625 4392 est,
666 4326 719 4380 in
750 4330 955 4382 nomine
1003 4328 1211 4384 Domini
1257 4332 1420 4386 nostri
1447 4330 1577 4386 Iesu
1606 4331 1823 4398 Christi,

240 4422 588 4484 congregatus
620 4415 759 4470 vobis
791 4426 839 4470 et
875 4433 988 4470 meo
1014 4419 1217 4488 spiritu,
1246 4435 1362 4472 cum
1387 4420 1575 4473 virtute
1611 4419 1827 4476 Domini

239 4500 376 4555 Jesst
395 4544 410 4566 ,
442 4504 650 4559 tradere
684 4506 984 4576 hujusmodi
1012 4508 1268 4563 hominem
1298 4507 1517 4565 Satance
1559 4511 1613 4565 in
1650 4512 1829 4566 interi-.

238 4603 359 4647 tum
388 4596 563 4648 carnis
584 4592 636 4665 (I
657 4595 780 4651 Cor.
803 4596 891 4668 v);
923 4604 978 4652 et
999 4598 1159 4667 paulo
1194 4598 1443 4667 superius
1469 4614 1484 4653 :
1510 4597 1580 4653 Ut
1604 4600 1829 4654 tollatur

238 4683 309 4736 de
348 4684 520 4738 medio
560 4696 783 4740 oestrum
825 4690 915 4758 qui
954 4689 1052 4742 hoc
1099 4705 1229 4759 opus
1268 4689 1389 4758 fecit
1422 4689 1619 4761 (ibid.).
1670 4691 1823 4749 Unde

236 4774 565 4832 Ambrosius
612 4799 632 4829 t
689 4779 905 4849 cognito
949 4795 1112 4849 opere
1155 4781 1457 4850 pellendum
1507 4794 1820 4853 peccantem

235 4860 415 4918 fuisse
463 4864 529 4919 de
573 4875 715 4921 ctetu
768 4866 1168 4923 fraternitatis»
1213 4869 1364 4925 dicit.
1420 4872 1622 4928 (bnnes
1675 4874 1818 4929 enim

237 4953 455 5010 crimen
486 4955 607 5025 eius
631 4957 895 5022 sciebant,
927 4959 981 5012 in
1008 4975 1112 5029 qua
1139 4976 1197 5015 re
1219 4977 1397 5032 neque
1432 4964 1665 5019 testibus
1682 4978 1827 5035 tpus,

234 5051 387 5107 erat,
428 5050 606 5115 neque
645 5048 1086 5118 tergiversatione
1119 5049 1297 5120 aliqua
1328 5060 1540 5121 poterat
1579 5054 1687 5123 tegi
1715 5054 1821 5108 cri-

236 5148 389 5189 men.
428 5135 504 5191 De
553 5147 829 5207 patratore
873 5148 1051 5194 autem
1085 5139 1516 5206 manifestorum,
1562 5152 1618 5197 et
1661 5144 1706 5198 si
1754 5144 1822 5199 ad

225 5226 502 5296 judicium
541 5230 732 5285 adduci
781 5246 887 5286 non
937 5240 1146 5302 potest,
1199 5232 1507 5290 Bonifacius
1558 5250 1695 5305 papa
1754 5236 1823 5291 ad

236 5325 453 5386 septem
497 5321 806 5389 provincias
848 5324 1149 5382 decernens
1175 5324 1306 5380 dicit
1343 5325 1410 5379 de
1442 5324 1694 5392 Maximo,
1727 5328 1821 5397 qui

236 5414 545 5463 conventus
583 5409 749 5465 etiam
779 5412 1070 5481 devitabat,
1098 5423 1155 5470 et
1198 5415 1389 5469 adesse
1429 5413 1652 5470 minime
1678 5415 1821 5471 vole-

234 5496 376 5550 bat:
422 5513 447 5547 ι
472 5495 681 5566 Nullus,
714 5500 888 5571 inquit
938 5502 1117 5574 (epist.
1152 5503 1254 5573 2),
1302 5502 1527 5567 dubitat,
1556 5504 1697 5572 quod
1746 5504 1819 5562 ita

227 5585 501 5656 judicium
531 5604 732 5648 nocens
757 5593 1094 5665 subterfugit,
1132 5593 1580 5664 quemadmodum
1624 5603 1683 5648 ut
1726 5595 1818 5651 ab-

237 5672 487 5735 solvatur
510 5679 609 5747 qu't
644 5690 728 5736 est
771 5682 1029 5740 innocens
1054 5684 1265 5754 quaerit.
1295 5682 1402 5741 Sed
1437 5692 1613 5743 astuta
1648 5684 1819 5744 cavus

1938 3251 2380 3311 praesumptorem
2417 3241 2788 3296 Salonitanum
2812 3241 3121 3313 episcopum
3152 3241 3282 3297 dicit
3306 3240 3423 3312 (lib.
3450 3258 3504 3308 v,

1939 3331 2088 3401 epist.
2123 3329 2179 3400 5)
2206 3347 2219 3384 :
2248 3347 2267 3381 t
2298 3330 2590 3384 Hortamur
2632 3340 2690 3385 ut
2735 3331 2802 3385 ad
2840 3346 2939 3385 nos
2967 3330 3150 3386 venire
3193 3331 3339 3387 omni
3365 3339 3521 3401 post¢

1936 3420 2112 3490 posita
2150 3421 2498 3476 excusatione
2527 3420 2771 3487 festines,
2798 3431 3064 3491 quatenus
3105 3430 3321 3477 servata
3343 3420 3505 3491 justi-

1939 3512 2033 3578 tia,
2073 3511 2189 3567 lucc
2209 3511 2275 3567 de
2296 3511 2491 3580 quibus
2519 3513 2791 3568 accusaris
2815 3519 2871 3567 et
2908 3527 3234 3583 cognoscere
3263 3521 3318 3566 et
3353 3511 3510 3567 ﬁnire

1935 3603 2230 3658 secundum
2257 3604 2515 3657 canonica
2558 3605 2800 3658 instituta
2831 3602 3049 3658 Christo
3073 3603 3348 3658 revelante
3382 3618 3507 3673 pos-

1936 3697 2124 3752 simus.
2158 3696 2235 3750 lla
2265 3704 2447 3749 autem
2476 3695 2578 3760 fac,
2611 3705 2672 3751 ut
2698 3696 2766 3750 ad
2794 3696 3112 3750 veniendum
3138 3695 3369 3764 amplius
3390 3695 3509 3765 iam

1934 3800 2118 3841 moras
2165 3800 2270 3840 non
2298 3786 2530 3856 ingeras,
2574 3801 2642 3840 ne
2671 3786 2784 3855 ipsa
2820 3792 2873 3839 te
2913 3785 3086 3856 magis
3122 3786 3366 3839 absentia
3405 3786 3503 3840 ob-

1935 3878 2156 3933 noxium
2186 3878 2271 3933 bis
2305 3892 2428 3947 quas
2450 3877 2705 3932 dicuntur
2728 3877 2985 3947 assignet,
3011 3885 3064 3932 et
3091 3892 3190 3933 nos
3216 3876 3270 3931 in
3301 3887 3352 3932 te
3389 3878 3503 3933 lucc

1934 3984 2039 4034 res,
2082 3984 2189 4024 non
2224 3968 2394 4023 solum
2439 3976 2658 4038 propter
2697 3970 2837 4024 dicta
2865 3969 3094 4024 crimina
3133 3982 3253 4037 qum
3275 3983 3506 4039 purgare

1936 4058 2287 4130 subterfugis,
2318 4060 2411 4114 sed
2435 4060 2596 4114 etiam
2626 4066 2853 4129 propter
2871 4058 3241 4114 inobedientia:
3264 4058 3498 4137 culpam,

1933 4152 2121 4206 durius
2154 4152 2361 4206 scilicet
2389 4160 2447 4205 ut
2478 4151 2531 4206 in
2579 4160 2952 4206 contumacem
2993 4158 3151 4222 cogat
3175 4167 3243 4207 ex
3272 4152 3504 4206 concilio

1934 4240 2077 4295 ferte
2100 4240 2382 4312 judicium.
2415 4259 2435 4292 ι
2466 4241 2532 4294 Ει
2572 4239 2881 4294 Africanum
2903 4241 3185 4295 concilium
3221 4240 3358 4313 (can.
3389 4241 3503 4309 (i7),

1934 4332 1999 4386 ad
2029 4333 2424 4403 suggestionem
2447 4332 2531 4387 vel
2570 4330 2895 4401 postulatum
2925 4331 3209 4386 Maurentii
3241 4333 3501 4403 episcopi,

1931 4434 2054 4496 post
2076 4426 2357 4481 recitatam
2389 4424 2698 4479 schedulam
2721 4439 2881 4495 quam
2894 4422 3089 4479 obtulit
3115 4423 3459 4479 Placentinus
3486 4442 3504 4476 τ
3606 4496 3613 4501 _

1933 4533 1953 4566 t
1987 4514 2246 4571 Debuisse
2273 4516 2490 4585 quidem
2518 4529 2585 4569 ex
2615 4523 2805 4570 sancto
2827 4513 3055 4569 concilio
3083 4514 3341 4569 adversus
3371 4530 3503 4569 con-

1929 4616 2170 4664 tumaces
2196 4609 2495 4678 episcopos,
2544 4607 2634 4676 qui
2676 4606 2928 4676 praecepti
2960 4606 3170 4661 fuerant
3197 4623 3226 4661 a
3262 4608 3493 4677 primatu

1926 4715 2025 4756 suo
2051 4709 2110 4754 ut
2136 4707 2482 4755 occurrerent
2520 4700 2587 4753 ad
2635 4697 2946 4764 concilium,
2982 4707 3037 4754 et
3075 4713 3181 4754 non
3208 4706 3494 4759 venerunt,

1927 4791 2221 4846 secundum
2286 4802 2594 4844 mensuram
2661 4788 3046 4844 sacerdotalem
3096 4789 3226 4846 ferri
3275 4796 3497 4843 senten-

1926 4880 2089 4945 tiam;
2115 4879 2212 4934 sed
2268 4884 2479 4933 servata
2526 4875 2886 4932 ecclesiastica
2930 4878 3357 4940 mansuetudine,
3386 4876 3503 4930 dati

1923 4978 2049 5025 sunt
2076 4970 2143 5024 de
2170 4968 2398 5024 concilio
2417 4967 2573 5022 electi
2598 4967 2828 5038 iudices,
2865 4975 2920 5022 et
2946 4969 3129 5023 missae
3148 4976 3272 5022 sunt
3306 4967 3498 5021 litterae

1924 5059 1990 5113 ad
2038 5058 2348 5113 eorumdem
2409 5058 2782 5127 episcoporum
2846 5058 3150 5128 primatem.
3180 5077 3199 5109 ι
3258 5056 3499 5125 Qualiter

1925 5155 2105 5203 autem
2134 5147 2463 5203 examinatis
2485 5148 2754 5213 omnibus,
2785 5156 2840 5202 et
2862 5149 2931 5203 ad
2952 5149 3211 5217 liquidum
3237 5148 3497 5217 cognitis,

1926 5239 2190 5295 sententia
2229 5238 2547 5309 regulariter
2576 5254 2643 5295 ac
2667 5239 2914 5310 legaliter
2935 5238 3165 5310 proferri
3196 5240 3404 5301 debeat,
3440 5248 3498 5293 et

1925 5312 2306 5384 ecclesiasticae
2326 5338 2378 5384 et
2401 5329 2628 5400 publicae
2656 5330 2803 5400 leges
2825 5330 3197 5384 demonstrant
3216 5329 3492 5385 dicentes:

1928 5435 1947 5468 t
1975 5414 2279 5473 Observare
2300 5414 2513 5484 iudices
2551 5416 2858 5487 specialiter
2897 5416 3113 5482 debent,
3136 5425 3196 5472 ut
3220 5418 3273 5472 in
3315 5420 3494 5474 omni-

1922 5508 2234 5565 buscausis
2277 5508 2571 5573 sententia,
2610 5522 2730 5578 qute
2757 5507 3051 5563 deliberata
3087 5508 3263 5577 fuerit,
3294 5511 3497 5567 consti-

1924 5598 2054 5653 tutis
2083 5598 2291 5668 pariter
2329 5596 2577 5667 partibus
2604 5598 2883 5661 recitetur,
2920 5605 2989 5652 ut
3036 5598 3106 5653 ab
3131 5600 3217 5656 bis
3241 5615 3272 5655 a
3298 5600 3501 5671 quibus

1928 5704 2092 5745 causa
2118 5688 2258 5748 dicta
2283 5695 2367 5743 est
2391 5686 2457 5741 ad
2487 5685 2756 5758 integrum
2781 5701 2901 5759 qua:
2926 5686 3067 5744 dicta
3093 5688 3254 5747 fuerit
3284 5698 3507 5748 sentem
