3948 5376
433 223 535 275 ωδ

1409 229 1735 285 HINCM'AM
1776 230 2169 289 RHEMENSIS
2208 234 2721 293 ARCll-lEPISCOPl

3587 241 3704 302 ωε

433 332 506 384 tia
551 341 926 402 cognoscatur.
963 354 981 385 ι
1035 336 1101 390 Et
1155 338 1283 392 item
1325 356 1339 392 :
1370 358 1388 389 ι
1424 338 1690 409 Quidquid
1736 344 2009 418 prmsenti-
2037 348 2083 406 Α
2113 361 2180 400 ne
2214 346 2434 401 fuerint.
2464 346 2598 412 Quia
2632 364 2759 404 vero
2789 360 2997 406 certum
3026 362 3110 408 est
3150 362 3203 409 te
3249 371 3354 409 non
3395 357 3701 414 secundum

434 424 533 478 bus
575 426 820 494 partibus
870 428 923 482 in
969 430 1146 483 causis
1190 429 1355 485 fuerit
1407 433 1735 499 ordinatum,
1790 436 2009 492 habebit

436 512 805 580 plenissimam
832 517 1165 585 ﬁrmitatem,
1194 536 1293 577 nec
1319 525 1516 593 poterit
1563 527 1855 581 immutari.
1889 546 1908 578 ι
1944 528 2010 582 Et

437 603 563 657 item
592 623 604 657 :
635 623 653 656 ι
682 605 758 659 Ea
782 622 920 677 quae,
959 608 1128 664 altera
1172 620 1330 680 parte
1363 614 1588 670 absente
1614 616 2000 682 decernuntur,

346 707 353 717 ν
438 694 545 747 vim
598 711 778 752 rerum
822 698 1185 768 iudicatarum
1227 718 1332 758 non
1378 705 1644 761 obtinent.
1677 728 1695 759 ι
1738 708 1806 762 Et
1855 710 2007 775 item,

435 788 580 855 quod
634 796 692 844 et
738 799 959 847 sanctus
1017 791 1312 864 Gregorius
1358 797 1411 850 in
1470 800 1882 855 commonitorio
1941 802 2010 857 ad

436 877 698 937 Joannem
768 883 1106 940 defensorem
1180 896 1396 943 euntem
1465 890 1517 945 in
1594 890 1876 964 Hispanias
1944 909 2011 950 ex

437 969 646 1042 legibus
719 976 941 1031 novellae
1025 979 1427 1037 constitutionis
1502 985 1735 1055 capitulo
1805 988 2014 1042 decimo

438 1070 592 1117 sexto
637 1063 705 1120 de
762 1067 987 1123 testibus
1029 1071 1237 1141 posuit,
1289 1082 1345 1127 et
1384 1075 1700 1130 canonicqu
1756 1094 1876 1133 esse
1922 1079 2014 1133 de-

439 1154 615 1241 crevit
660 1172 673 1209 :
725 1172 744 1204 ε
774 1154 888 1212 Hoc
943 1174 1189 1229 quoque,
1258 1161 1541 1239 inquiens,
1592 1165 1787 1235 smpius
1845 1183 2012 1236 agno-

439 1242 647 1305 vimus,
699 1245 952 1314 quoniam
1000 1248 1257 1317 quidam,
1302 1259 1394 1304 aut
1439 1253 1579 1322 apud
1626 1253 1863 1309 locorum
1918 1255 2015 1309 de-

438 1332 717 1399 fensores,
773 1345 867 1391 aut
911 1338 1050 1408 apud
1103 1340 1435 1397 clarissimos
1491 1344 1889 1415 provinciarum
1924 1344 2015 1415 ju-

439 1426 608 1491 dices,
652 1436 747 1482 aut
791 1430 954 1485 etiam
998 1438 1057 1485 ut
1099 1432 1301 1487 assolet
1346 1433 1435 1489 hic
1472 1434 1611 1503 apud
1655 1434 2017 1491 clarissimum

440 1519 756 1588 magistrum
829 1535 1023 1577 census
1094 1523 1470 1595 ingrediuntur
1536 1535 1593 1581 et
1679 1538 2015 1596 queruntur,

443 1616 696 1677 tanquam
769 1609 838 1665 ab
912 1612 1019 1668 alio
1081 1615 1224 1683 passi
1302 1614 1502 1685 aliquid
1569 1624 1754 1671 contra
1833 1618 2015 1688 leges,

2112 434 2443 504 has.regulas
2466 437 2759 506 judicasse,
2792 456 2889 496 nec
2921 456 2986 497 ex
3018 458 3282 499 consensu
3316 447 3556 515 partium
3583 448 3702 504 ele-

2110 533 2229 579 ctus
2257 525 2310 578 in
2357 527 2456 579 hac
2479 527 2813 596 judicatione
2836 529 3005 600 judex
3034 531 3213 597 fuisti,
3244 549 3272 586 a
3317 543 3370 588 te
3399 534 3577 600 iudice
3602 551 3700 594 ec-

2110 613 2410 669 elesiastico
2442 617 2506 670 ad
2539 632 2623 671 me
2646 617 2865 687 majoris
2895 622 3232 678 auctoritatis
3251 621 3493 691 iudicem
3522 625 3701 683 eccle-

2111 706 2661 777 siasticumjudicati',
2689 709 2830 763 sicut
2854 718 2907 766 et
2936 709 3199 776 fecerunt,
3234 712 3539 767 debuerant
3570 729 3699 783 pro-

2112 812 2330 862 vocare,
2360 808 2414 852 et
2437 809 2524 852 tua
2545 796 2740 867 iniusta
2767 801 3034 854 sententia
3064 816 3095 856 a
3120 818 3203 857 me
3226 812 3312 857 est
3330 813 3705 874 competenter

2114 895 2307 950 soluta.
2341 894 2575 958 Placuit,
2614 895 2786 965 inquit
2821 896 3246 968 Carthaginiense
3284 900 3605 963 concilium,
3644 910 3704 954 ut

2114 1007 2146 1042 α
2166 988 2555 1059 quibuscunque
2571 988 2839 1057 jndicibus
2862 989 3220 1044 ecclesiasticis
3245 990 3318 1043 ad
3341 990 3476 1045 alios
3492 990 3705 1059 jadica

2116 1076 2526 1140 ecclesiasticos,
2576 1077 2665 1131 ubi
2708 1087 2781 1130 est
2822 1078 2992 1149 major
3027 1080 3315 1133 auctoritas
3340 1119 3356 1143 ,
3388 1079 3554 1148 fuerit
3578 1096 3707 1150 pre-

2116 1180 2353 1223 eocatum
2379 1208 2394 1231 ,
2433 1184 2536 1222 non
2567 1167 2642 1222 eis
2676 1167 2807 1222 obsit
2843 1184 3063 1238 quorum
3099 1169 3261 1239 fuerit
3295 1170 3473 1224 soluto
3497 1180 3709 1223 senten-

2117 1259 2208 1322 tia,
2239 1259 2285 1312 si
2320 1259 2555 1313 convinci
2583 1275 2687 1313 non
2723 1258 3014 1328 potuerint,
3054 1259 3129 1313 vel
3167 1259 3378 1314 inimico
3406 1260 3592 1313 animo
3608 1260 3711 1329 ju-

2118 1348 2349 1414 dicasse,
2387 1346 2466 1402 vel
2496 1347 2674 1419 aliqua
2710 1347 3027 1417 cupiditate,
3055 1358 3145 1402 aut
3188 1350 3364 1419 gratia
3407 1347 3709 1417 depravati,

2119 1447 2175 1494 et
2203 1439 2427 1508 reliqua.
2461 1437 2595 1505 Quae
2631 1439 2898 1495 sententia
2937 1446 3117 1493 utrum
3160 1448 3212 1494 te
3241 1456 3310 1494 an
3339 1454 3451 1494 non
3496 1445 3710 1508 tangat,

2121 1531 2262 1586 ratio
2310 1531 2422 1601 ipsa
2469 1531 2824 1586 demonstrat.
2873 1528 3027 1585 Nunc
3073 1530 3353 1586 videamus
3387 1530 3522 1600 quid
3566 1529 3713 1584 sacri

2121 1637 2355 1677 canones
2383 1622 2566 1677 dicant
2594 1622 2662 1677 de
2694 1622 2800 1687 his,
2829 1622 2919 1691 qui
2959 1637 2990 1676 a
3022 1622 3246 1691 singulis
3275 1621 3550 1691 episcopis
3583 1635 3714 1690 pro-

442 1705 535 1751 aut
579 1699 737 1755 aliter
777 1700 1092 1771 iniustitiam
1138 1707 1506 1773 sustinentes,
1548 1718 1643 1764 aut
1683 1710 2015 1766 damniﬁcati
2049 1696 2094 1755 Β
2123 1713 2442 1769 vineialibus
2466 1755 2480 1776 ,
2517 1729 2614 1782 pro
2640 1714 2925 1783 incognitis
2952 1713 3130 1768 causis
3155 1713 3372 1782 primati
3402 1711 3703 1782 provincia:

442 1795 614 1844 testes
641 1791 826 1847 volunt
852 1794 1165 1862 producere.
1200 1794 1269 1849 At
1303 1812 1373 1851 ne
1414 1806 1598 1867 postea
1629 1797 1919 1870 obiiciatur
1944 1800 2024 1856 eis

443 1883 571 1953 quia
595 1900 691 1955 per
719 1901 880 1940 unam
904 1894 1109 1957 partem
1134 1897 1282 1959 gesta
1305 1889 1550 1945 confecta
1574 1900 1721 1956 sunt,
1738 1902 1950 1962 oportet
1970 1904 2026 1949 et

443 1975 595 2031 illum
625 1977 716 2048 qui
749 1978 1045 2049 impetitur,
1082 1978 1134 2034 in
1164 1981 1279 2051 ipsa
1307 1982 1526 2037 civitate
1552 1983 1903 2037 constitutum
1933 1984 2022 2038 ubi

392 2068 402 2076 ”
446 2069 753 2124 testimonia
785 2070 999 2135 dantur,
1025 2071 1359 2127 admonitum
1390 2088 1418 2127 a
1435 2073 1617 2143 judice
1647 2075 1760 2130 sive
1781 2091 1810 2129 a
1836 2075 2023 2133 delen-

446 2174 589 2225 sore,
618 2160 876 2215 advenire
898 2169 992 2217 aut
1026 2162 1214 2217 audire
1244 2168 1428 2218 testes.
1452 2162 1507 2218 Si
1531 2179 1659 2219 vero
1683 2164 1915 2220 noluerit
1934 2163 2028 2219 ad-

443 2252 652 2317 venire,
680 2254 773 2308 sed
794 2254 1181 2324 contempserit
1208 2263 1267 2309 ut
1290 2270 1355 2310 ex
1389 2256 1491 2312 hoc
1517 2257 1585 2310 ab
1617 2274 1720 2312 una
1759 2264 1911 2327 parte
1947 2265 2027 2311 te-

446 2343 701 2400 stimonia
736 2345 996 2400 adversus
1027 2346 1186 2400 aliam
1230 2347 1436 2402 inutilia
1469 2349 1607 2413 sint,
1632 2349 1906 2404 sancimus
1929 2350 2029 2404 hn-

443 2433 674 2503 jusmodi
708 2436 1011 2492 testimonia
1036 2437 1107 2492 ita
1133 2437 1333 2502 valere,
1362 2446 1616 2508 tanquam
1640 2440 1681 2494 si
1709 2454 1813 2494 non
1836 2454 1901 2493 ex
1922 2454 2027 2492 una

451 2535 607 2597 parte
638 2528 1020 2584 consisterent.
1052 2529 1145 2583 sed
1178 2530 1340 2584 etiam
1372 2529 1490 2600 ipso
1514 2539 1778 2600 praesente
1802 2528 2032 2586 fuissent.

448 2617 614 2673 facta.
645 2616 702 2672 Si
730 2619 873 2674 enim
901 2620 1282 2688 repudiaverit,
1308 2629 1363 2675 et
1388 2621 1574 2676 venire
1602 2621 1908 2676 nolueritet
1938 2636 2033 2674 au—

450 2708 568 2761 dire
603 2723 725 2777 quae
760 2709 1120 2778 deponuntur,
1170 2725 1290 2764 eum
1324 2710 1509 2778 utique
1541 2711 1593 2764 in
1637 2710 1852 2781 publico
1879 2709 1950 2764 sit
1978 2718 2065 2764 et-

451 2813 562 2852 non
611 2813 679 2853 ex
728 2799 1020 2855 inevitabili
1058 2800 1289 2871 quadam
1338 2801 1663 2855 necessitate
1703 2800 1889 2856 venire
1927 2815 2033 2856 non

452 2890 645 2958 possit,
694 2889 975 2960 aequaliter
1008 2900 1171 2946 erunt
1219 2899 1474 2960 tanquam
1514 2891 1560 2945 si
1607 2890 1930 2956 advenisset,
1979 2898 2037 2945 et

454 2980 599 3036 nulla
646 2981 849 3037 utilitas
875 2996 940 3037 ex
984 2990 1291 3052 contemptu
1329 2997 1428 3037 suo
1457 2983 1506 3037 ei
1545 2980 1909 3043 adhibebitur,
1941 2980 2035 3036 sed

452 3072 776 3127 videbuntur
815 3071 1033 3141 quidem
1075 3072 1128 3126 in
1168 3050 1458 3142 utriusque
1491 3072 1776 3142 prtesentia
1812 3069 1974 3126 facta.
2011 3090 2029 3122 ι
2063 3050 2108 3112 C

460 3182 477 3212 ο
513 3163 676 3228 Ecce,
708 3163 882 3233 inquit
930 3170 1152 3219 sanctus
1180 3162 1500 3235 Gregorius,
1548 3163 1917 3218 admonendus
1955 3171 2040 3217 est

459 3265 673 3320 semper
687 3250 1053 3318 adversarius,
1079 3259 1137 3305 ut
1165 3251 1230 3305 ad
1256 3251 1550 3308 audiendos
1578 3259 1744 3306 testes
1768 3251 2037 3316 adveniat,

456 3340 694 3410 alioquin
722 3356 947 3396 necesse
976 3350 1061 3396 est
1089 3349 1148 3395 ut
1176 3341 1317 3411 quod
1342 3348 1530 3396 contra
1566 3340 1713 3409 leges
1735 3348 1917 3395 aetum
1959 3348 2043 3395 est

457 3434 768 3489 firmitatem
801 3449 905 3489 non
950 3435 1163 3491 habeat.
1200 3455 1219 3488 ι
1253 3433 1450 3501 Quales
1493 3441 1671 3488 autem
1722 3442 1921 3498 testes,
1959 3432 2042 3486 vel

459 3525 614 3596 cujus
655 3526 947 3597 opinionis,
994 3528 1060 3582 ad
1113 3528 1480 3586 testimonium
1523 3528 1841 3583 admittendi
1893 3536 2039 3591 sunt,

463 3618 709 3688 plurimm
738 3618 884 3692 leges
928 3620 1252 3684 ostendunt,
1283 3635 1404 3689 qua:
1444 3634 1583 3689 pene
1614 3618 1743 3675 nulli
1780 3619 2045 3674 habentur

464 3711 775 3781 incognitae,
797 3726 917 3780 quae
944 3712 1109 3766 etiam
1136 3718 1189 3766 et
1214 3710 1342 3765 illud
1369 3711 1621 3766 sanciunt
1647 3728 1661 3764 ε
1689 3707 1755 3763 Ut
1784 3709 2045 3764 vilissimis

460 3801 673 3853 testibus
723 3799 880 3853 etiam
928 3801 1041 3853 sine
1084 3798 1346 3867 corporali
1392 3800 1712 3853 discussione
1756 3798 1897 3852 credi
1944 3814 2046 3853 non

461 3889 676 3953 debeat;
704 3896 760 3942 et
791 3890 921 3942 item
954 3888 1008 3941 in
1047 3888 1183 3942 libro
1212 3899 1399 3952 sexto,
1435 3889 1591 3942 tituln
1634 3888 1844 3942 decimo
1882 3902 2042 3945 nouo.

465 3982 605 4034 inter
631 3979 734 4033 alia
762 3978 1099 4047 prmcipitur:
1123 3975 1188 4030 Ut
1212 3980 1486 4044 sententia,
1518 3979 1564 4031 si
1589 3978 1699 4031 sine
1724 3978 1913 4044 scripto
1938 3977 2049 4029 dic-

463 4082 517 4124 ta
544 4069 724 4139 fuerit,
760 4084 852 4122 nec
880 4083 1066 4121 nomen
1086 4068 1354 4122 sententia:
1375 4066 1564 4119 habere
1590 4075 1869 4119 mereatur.
1886 4064 2044 4132 Quod

465 4158 637 4231 legale
665 4159 943 4213 decretum
986 4166 1044 4213 et
1071 4159 1122 4214 in
1156 4157 1411 4228 passione
1440 4154 1675 4218 Domini,
1711 4169 1873 4223 super
1897 4155 2051 4224 cujus

465 4258 630 4321 caput
657 4259 954 4320 posuerunt
981 4264 1199 4304 causam
1232 4246 1401 4317 ipsius
1431 4247 1709 4315 scriptam,
1738 4254 1796 4299 et
1826 4245 1877 4299 iu
1907 4259 2052 4299 mar—

475 4352 653 4412 Iyrum
681 4340 1042 4410 passionibus,
1066 4340 1280 4410 quando
1301 4337 1526 4406 iudicati
1549 4337 2052 4402 sunt,ohservatum

378 4432 387 4440 '
469 4432 744 4487 multoties
764 4432 1007 4502 legimus,
1037 4439 1092 4486 et
1119 4430 1325 4499 legatos
1344 4427 1655 4499 apostolicae
1676 4427 1836 4490 sedis,
1868 4436 2052 4479 aucto-

469 4525 632 4580 ritate
688 4524 881 4579 Leonis
936 4541 1121 4594 papae,
1172 4524 1485 4578 Dioscorum
1534 4522 1588 4574 iu
1631 4516 2054 4573 Chalcedonensi

472 4615 721 4681 concilio,
755 4623 809 4670 et
849 4614 1079 4672 Felicem
1109 4615 1364 4670 Acacium
1391 4653 1405 4676 ,
1437 4623 1494 4667 et
1526 4611 1816 4667 Silverinm
1862 4624 2053 4679 papam

474 4705 767 4775 Vigilium,
805 4712 862 4759 et
899 4714 1122 4759 caeteros
1157 4704 1413 4758 Romana:
1451 4703 1597 4757 sedis
1637 4700 1920 4770 pontifices
1960 4713 2057 4767 per

474 4797 799 4867 scripturam
829 4795 1009 4866 plures
1036 4795 1127 4865 qui
1156 4796 1475 4865 resipiscere
1511 4793 1797 4850 nulnerunt
1829 4791 2057 4860 legimus

472 4888 880 4947 condemnasse.

1026 4998 1251 5054 CAPUT
1300 4996 1491 5053 XXIX.

477 5094 619 5159 Quid
634 5109 855 5147 canones
878 5100 1113 5147 statuant
1126 5090 1191 5145 de
1206 5086 1566 5158 irregulariter
1578 5102 1754 5140 exeam
1764 5086 2057 5139 munientis.

2078 4394 2130 4454 Ι)

2123 1813 2178 1860 et
2204 1805 2419 1858 caeteris
2451 1803 2721 1873 episcopis
2750 1804 3309 1858 excommunicantur.
3339 1822 3359 1853 ι
3390 1803 3468 1858 De
3494 1803 3603 1866 his,
3628 1802 3714 1854 in-

2124 1895 2317 1963 quiunt
2358 1893 2556 1947 Nicaeni
2596 1908 2833 1947 canones
2863 1892 3014 1961 (can.
3043 1891 3152 1965 5),
3184 1891 3276 1969 qui
3323 1894 3710 1947 communione

2123 1986 2424 2054 privantur,
2455 1998 2551 2038 seu
2581 1999 2648 2037 ex
2686 1982 2830 2037 clero
2863 1997 2955 2037 seu
2987 1998 3052 2036 ex
3091 1982 3229 2037 laico
3267 1979 3484 2045 ordine,
3508 1979 3579 2033 ab
3600 1979 3714 2047 epi-

2124 2074 2301 2145 scopis
2326 2089 2425 2143 per
2450 2087 2886 2142 unamquamque
2914 2072 3248 2140 provinciam
3268 2112 3284 2136 ,
3316 2069 3593 2126 sententia
3623 2086 3712 2124 re-

2125 2163 2324 2235 gularis
2366 2161 2625 2227 obtineat,
2677 2170 2736 2215 ut
2761 2160 2813 2215 hi
2868 2160 2960 2232 qui
2991 2160 3317 2230 abjiciuntur
3344 2160 3414 2212 ab
3443 2157 3567 2211 aliis
3609 2172 3711 2211 uon

2127 2253 2495 2323 recipiantur;
2529 2252 2840 2321 requiratur
2883 2260 3064 2305 autem
3086 2289 3101 2313 ,
3133 2263 3199 2302 ne
3240 2247 3713 2318 pusillanimitate,

2128 2353 2222 2400 aut
2249 2344 2628 2406 contentione,
2671 2342 2755 2398 vel
2782 2341 2889 2397 alio
2913 2341 3153 2411 quolibet
3184 2339 3427 2410 episcopi
3468 2339 3601 2392 vitio
3638 2338 3713 2391 vi-

2130 2436 2321 2490 deatur
2346 2449 2375 2488 a
2401 2432 2818 2505 congregatione
2847 2430 3108 2486 seclusus.
3137 2428 3210 2486 Ut
3235 2431 3337 2484 hoc
3362 2443 3501 2499 ergo
3528 2428 3715 2482 decen-

2132 2525 2238 2589 tius
2288 2522 2591 2593 inquiratur
2622 2562 2637 2586 ,
2699 2522 2839 2577 bene
2898 2519 3100 2591 placuit
3139 2518 3298 2575 annis
3342 2518 3577 2589 singulis
3621 2531 3715 2586 per

2132 2628 2568 2684 unamquamque
2591 2612 2926 2683 provinciam
2951 2611 3036 2667 bis
3063 2611 3115 2665 in
3147 2626 3290 2665 anno
3318 2609 3562 2665 concilia
3586 2607 3716 2663 (πειθ-

2133 2707 2331 2772 brari,
2389 2717 2446 2760 ut
2498 2704 2859 2761 communiter
2912 2701 3160 2757 omnibus
3220 2700 3384 2756 simul
3454 2697 3715 2770 episcopi:

2134 2796 2478 2866 congregatis
2500 2793 2814 2865 provinciae,
2843 2792 3207 2849 discutiantur
3241 2788 3559 2857 huiusmodi
3583 2803 3718 2857 qua:-

2136 2887 2376 2952 stioues,
2413 2895 2470 2940 et
2501 2886 2582 2940 sic
2619 2884 2710 2956 qui
2753 2899 2852 2940 suo
2884 2889 3248 2953 peccaverunt
3290 2880 3581 2937 evidenter
3614 2879 3720 2947 epi-

2138 2994 2305 3049 scopo
2332 3020 2346 3042 .
2398 2976 2849 3049 exeomnumicati
2904 2973 3294 3031 rationabiliter
3349 2973 3423 3027 ab
3479 2970 3723 3026 omnibus

2139 3071 2493 3133 aestimentur,
2520 3082 2803 3137 usquequo
2832 3066 2917 3121 vel
2953 3066 3005 3120 in
3031 3063 3334 3129 communi,
3358 3061 3450 3118 vel
3480 3063 3726 3132 episcopo

2140 3162 2349 3232 placeat
2380 3160 2748 3216 humaniorem
2776 3173 2877 3229 pro
2911 3157 3112 3212 talibus
3139 3155 3283 3210 ferre
3312 3153 3663 3209 sententiam.
3702 3169 3720 3201 ι

2141 3253 2210 3308 Ει
2249 3251 2642 3306 Antiochenum
2687 3247 2978 3303 concilium
3030 3247 3173 3317 (can.
3213 3243 3310 3316 6):
3369 3260 3389 3295 ι
3437 3240 3496 3297 Si
3550 3240 3670 3311 quis
3697 3253 3726 3291 a

2143 3340 2361 3411 proprio
2385 3339 2637 3408 episcopo
2663 3335 3043 3391 communione
3068 3333 3315 3402 privatus
3340 3338 3453 3395 est,
3480 3344 3590 3384 non
3606 3335 3727 3383 ante

2145 3430 2473 3501 suscipiatur
2499 3429 2567 3484 ab
2593 3427 2735 3493 aliis,
2764 3441 2926 3497 quam
2952 3440 3049 3480 suo
3064 3420 3724 3491 reconcilieturepiseopo,

2145 3531 2239 3577 aut
2279 3528 2428 3576 certe
2469 3518 2535 3574 ad
2580 3518 2846 3590 synodum
2889 3530 3010 3585 qua:
3035 3522 3396 3585 congregatur
3440 3524 3728 3567 occurrens

2146 3630 2246 3687 pro
2265 3629 2324 3670 se
2352 3609 2670 3676 satisfaciat,
2699 3619 2754 3665 et
2784 3607 3116 3679 persuadens
3146 3603 3381 3660 concilio
3402 3601 3726 3658 sententiam

2147 3708 2412 3779 suscipiat
2435 3706 2683 3760 alteram.
2719 3701 2845 3757 Hrec
2870 3709 3050 3755 autem
3070 3695 3319 3751 dillinitio
3351 3701 3570 3749 maneat
3588 3693 3727 3745 circa

2148 3804 2340 3866 laicos,
2368 3808 2425 3856 et
2462 3799 2838 3871 presbyteros,
2881 3800 2937 3848 et
2982 3791 3258 3852 diaconos,
3305 3798 3604 3853 omnesque
3636 3780 3725 3849 qui

2150 3894 2251 3950 sub
2301 3891 2483 3963 regula
2528 3904 2648 3944 esse
2698 3892 3089 3941 monstrantur.
3126 3900 3145 3932 ι
3200 3878 3267 3933 Et
3308 3875 3728 3945 Carthaginense

2152 3986 2439 4045 concilium
2464 4023 2480 4049 ,
2532 3982 2676 4052 quod
2722 3980 2777 4034 in
2820 3976 3056 4048 capitulo
3095 3971 3354 4043 vigesimo
3388 3969 3631 4027 dixerat,
3671 3972 3729 4018 ut

2151 4087 2354 4134 statuto
2388 4089 2613 4130 numero
2640 4071 2774 4126 uniti
2805 4067 3047 4140 episcopi
3082 4080 3203 4121 cum
3228 4061 3452 4133 proprio
3480 4060 3731 4130 episccpo

2151 4168 2595 4239 presbyterorum
2637 4171 2692 4216 et
2722 4160 3075 4216 diaconorum
3115 4167 3307 4208 causas
3353 4149 3727 4210 terminat-ent,

2156 4259 2483 4327 reliquorum
2548 4253 2868 4309 clericorum
2931 4247 3181 4319 querelas
3241 4244 3391 4299 solus
3454 4240 3731 4311 episcoan

2157 4355 2513 4420 cognosceret
2551 4354 2603 4401 et
2630 4343 2841 4408 ﬁniret,
2872 4339 3104 4411 capitulo
3136 4337 3400 4408 vigesimo
3432 4344 3625 4388 octavo
3650 4330 3731 4383 di-

2157 4441 2261 4496 cit:
2300 4458 2318 4491 c
2349 4437 2422 4494 Ut
2456 4434 2800 4508 presbyteri,
2827 4431 3071 4494 diaconi,
3102 4428 3187 4483 vel
3229 4426 3415 4481 exteri
3450 4423 3732 4479 inferiores

2157 4530 2369 4596 clerici,
2428 4530 2481 4584 in
2527 4526 2707 4585 causis
2754 4540 2892 4597 quas
2944 4520 3265 4583 habuerint,
3314 4517 3361 4570 si
3400 4516 3469 4570 de
3517 4510 3734 4584 iudiciis

2159 4623 2533 4692 episcoporum
2561 4633 2782 4674 suorum
2824 4615 2998 4686 questi
3026 4611 3255 4675 fuerint,
3295 4608 3461 4663 vicini
3504 4601 3732 4675 episcopi

2158 4729 2252 4768 eos
2282 4728 2404 4767 cum
2439 4724 2704 4766 consensu
2730 4708 2811 4762 sui
2842 4704 3074 4776 episcopi
3107 4701 3355 4764 audiant,
3384 4708 3445 4754 et
3481 4697 3622 4752 inter
3646 4705 3733 4746 eos

2161 4804 2426 4859 diﬂiniant
2452 4802 2678 4857 adhibiti
2706 4801 2775 4854 ab
2805 4800 2884 4853 eis
2914 4795 3172 4868 episc0pi.
3207 4793 3362 4860 Quod
3405 4792 3452 4846 si
3477 4799 3535 4845 et
3561 4790 3629 4844 ab
3660 4786 3735 4839 eis

2162 4891 2560 4965 provocandum
2589 4888 2916 4961 putaverint,
2945 4901 3049 4941 non
3068 4889 3364 4952 provocent
3381 4881 3451 4934 ad
3477 4888 3735 4933 transum-

2166 4984 2282 5037 rina
2303 4980 2531 5050 judicia,
2563 4978 2655 5034 sed
2680 4977 2745 5030 ad
2775 4977 3034 5046 primates
3057 4985 3277 5028 suarum
3313 4969 3733 5039 provinciarum,

2165 5076 2304 5133 sicut
2348 5084 2404 5126 et
2452 5070 2520 5125 de
2569 5069 2840 5140 episcopis
2890 5081 3030 5135 saepe
3082 5062 3446 5117 constitutum
3501 5069 3608 5115 est.
3665 5056 3738 5112 Ad

2920 5165 3006 5178 μί-.
3019 5165 3223 5178 σι’-..ι,ο-ς.
