3948 5376
131 294 247 349 4Οὸ

904 295 1149 354 OPUSC.
1191 295 1279 351 ET
1324 293 1549 352 EPIST.
1582 292 1647 349 IN
1689 292 1918 348 CAUSA
1959 292 2288 348 IllNClilARI
2330 290 2634 348 LAUDUN.

3320 292 3429 351 406

134 417 471 475 provocare,
503 405 643 459 sicut
679 406 837 460 iidem
864 423 1101 463 canones
1141 416 1327 477 aperte
1366 406 1735 460 demonstrant
1765 406 1811 463 Α
1841 418 2074 458 canones
2108 405 2323 467 dicunt,
2369 414 2425 459 ut
2465 421 2587 459 eum
2629 404 2720 477 qui
2766 402 2941 459 fuerat
2978 419 3007 459 a
3050 406 3431 463 communione

138 495 203 549 in
235 492 480 566 capitulo
506 494 570 549 de
599 495 885 551 visitandis
917 505 1157 568 tempore
1186 494 1397 550 concilii
1422 493 1737 565 provinciis,

138 596 245 650 sed
287 606 339 649 et
370 594 423 649 in
451 611 519 650 eo
546 596 636 651 ubi
662 584 1087 668 Carthaginiense
1117 597 1403 671 concilium
1435 596 1565 650 dicit
1595 594 1734 666 (can.

138 684 165 736 1
181 684 239 753 7)
263 698 309 736 τι
338 680 405 737 [It
421 699 755 755 unaqumquc
770 687 1042 755 provincia
1058 695 1279 757 propter
1294 685 1738 756 longinquitatem

134 778 440 847 primatem
464 777 665 832 habeat
685 778 982 848 proprium.
1012 799 1029 831 ι
1062 778 1213 835 Unde
1237 787 1291 834 et
1309 777 1628 832 Mauritania
1650 775 1739 830 Si-

139 870 371 926 tifensis
397 869 690 940 postulavit
715 871 1001 942 primatem
1037 871 1327 942 provinciae
1358 869 1650 935 Numidiae,
1672 886 1741 924 ex

134 958 311 1030 cujus
343 969 488 1015 cmtu
540 970 849 1030 separatur,
896 970 956 1017 ut
1005 977 1160 1016 suum
1201 961 1401 1017 habeat
1432 962 1738 1031 primatem,

136 1067 336 1121 quem.
381 1053 850 1108 consentientibus
879 1055 1130 1111 omnibus
1170 1054 1490 1125 primatibus
1520 1054 1739 1125 provin-

137 1139 362 1195 ciarum
388 1141 792 1209 Africanarum,
823 1143 906 1197 vel
939 1145 1190 1199 omnibus
1211 1144 1480 1215 episcopis
1523 1151 1743 1214 propter

138 1228 598 1300 longinquitatem
628 1232 829 1287 habere
858 1233 1123 1302 permissa
1150 1242 1252 1287 est.
1285 1234 1633 1303 Quapropter
1686 1232 1739 1284 in

136 1338 463 1393 unaquaque
496 1323 769 1392 provincia
798 1340 914 1393 qum
943 1324 1216 1393 primatem
1245 1324 1396 1378 habet
1416 1365 1430 1387 ,
1456 1340 1632 1378 omnes
1653 1322 1741 1393 qui

136 1412 358 1482 negotia
385 1412 628 1466 videntur
656 1413 846 1466 habere
870 1454 884 1477 ,
927 1415 1223 1469 secundum
1254 1411 1622 1469 Antiochenos
1649 1429 1739 1467 ca-

135 1518 343 1570 nones,
387 1503 455 1556 ad
499 1504 825 1574 metropolim
871 1507 1053 1561 debent
1094 1524 1404 1562 concurrere
1439 1524 1457 1562 :
1495 1508 1645 1579 quia,
1684 1514 1741 1562 ut

133 1594 468 1652 Africanum
508 1596 799 1651 concilium
833 1599 898 1652 ad
928 1599 1282 1655 lecstinum
1321 1615 1514 1669 papam
1552 1599 1742 1656 scribit

136 1686 295 1753 (van.
338 1684 394 1754 9)
426 1703 441 1739 :
486 1705 503 1735 ι
542 1684 768 1741 Decreta
814 1685 1052 1754 Nicaena,
1092 1689 1206 1743 sive
1242 1688 1517 1743 inferioris
1544 1689 1741 1759 gradus

1844 502 2149 564 separatus,
2183 505 2307 551 ante
2331 496 2694 566 cognitionem
2724 495 2901 550 nullus
2924 496 3082 551 debet
3100 511 3431 568 praesumere
3515 519 3521 530 υ

1843 594 1900 639 ιιι
1929 600 2051 639 eum
2096 587 2461 641 communioni
2497 588 2687 642 societ.
2718 585 2854 654 Quia
2899 586 3040 642 sicut
3069 595 3289 644 sanctus
3314 587 3427 645 Leo

1843 678 1909 732 ad
1953 678 2231 732 Rusticum
2276 676 2680 733 Narbonensem
2706 678 3018 749 episcopum
3047 677 3237 734 scribit
3257 678 3427 749 (epist.

1841 766 1934 832 95,
1968 766 2019 820 in
2050 766 2325 837 pra:fat.):
2364 786 2381 818 ι
2419 768 2472 821 In
2510 769 2594 822 his
2631 783 2751 838 quae
2798 767 2879 823 vel
2910 768 3070 823 dubia
3110 766 3310 824 fuerint
3338 780 3433 825 aut

1841 856 2105 923 obscura,
2155 857 2206 911 id
2254 858 2561 913 noverimus
2602 860 2969 929 sequendum,
3000 859 3143 929 quod
3170 874 3271 913 nec
3295 874 3433 929 prae-
3504 900 3511 911 ι

1843 950 2013 1020 ceptis
2038 950 2364 1021 evangelicis
2398 951 2733 1005 contrarium
2759 992 2773 1017 ,
2823 967 2925 1007 nec
2960 952 3193 1007 decretis
3217 959 3428 1008 sancto-

1844 1056 1962 1094 rum
1994 1040 2302 1094 inveniatur
2334 1040 2643 1096 adversum.
2677 1061 2696 1094 ι
2731 1040 2798 1094 Et
2830 1042 2957 1096 item
2985 1059 2998 1095 :
3035 1060 3054 1093 ι
3087 1040 3224 1109 Quia
3256 1055 3430 1097 sacer-

1843 1132 2026 1186 dotmn
2062 1132 2270 1188 Domini
2320 1141 2534 1186 matura
2581 1130 2828 1187 volumus
2875 1148 2994 1187 esse
3029 1132 3254 1203 judicia,
3294 1129 3431 1187 nihil

1844 1238 2127 1292 possumus
2162 1223 2216 1277 in
2260 1223 2422 1278 rebus
2468 1223 2755 1295 incognitis
2797 1224 2850 1277 in
2894 1221 3214 1295 cujusquam
3260 1224 3431 1295 partis

1841 1316 2210 1386 pnejudicium
2240 1314 2491 1379 dilIinire,
2515 1317 2832 1386 priusquam
2864 1316 3113 1372 universa
3140 1332 3259 1388 qua:
3277 1323 3427 1388 gesta

1841 1418 1968 1463 sunt
2001 1409 2267 1464 veraciter
2293 1409 2597 1464 audiamus.
2630 1429 2647 1460 ι
2685 1410 2754 1465 Et
2784 1410 2913 1465 item
2947 1410 3071 1466 alibi
3104 1411 3319 1482 egregie
3347 1409 3458 1465 di-~

1842 1500 2011 1555 citur:
2045 1520 2062 1551 ι
2096 1498 2210 1555 Non
2232 1516 2351 1555 esse
2368 1498 2573 1569 justum
2608 1500 2980 1566 mcdiatorem,
3008 1502 3098 1571 qui
3124 1501 3176 1556 in
3208 1500 3462 1557 incertis-

1842 1589 1922 1645 sic
1949 1606 2111 1644 unam
2134 1600 2340 1660 partem
2356 1591 2528 1657 audit,
2546 1601 2602 1645 ut
2626 1590 2781 1646 alteri
2798 1593 2936 1663 parti
2961 1593 3093 1648 nihil
3121 1602 3377 1649 reservet.
3405 1612 3424 1646 ι

1843 1681 1911 1736 Ει
1936 1691 2154 1738 sanctus
2191 1682 2527 1754 Gregorius:
2560 1702 2576 1735 ι
2606 1683 2711 1750 Ira,
2743 1684 2957 1755 inquit,
3006 1686 3305 1741 sacerdotis
3330 1701 3431 1741 ne-

140 1776 383 1832 clericos
404 1817 418 1841 ,
464 1776 581 1832 sive
620 1778 901 1848 episcopos
939 1780 1102 1849 ipsos,
1155 1782 1269 1836 suis
1310 1782 1740 1852 metropolitanis
1769 1759 1814 1818 B
1842 1788 2113 1843 quaquam
2143 1774 2302 1828 debet
2328 1789 2448 1829 esse
2478 1789 2716 1844 ιπωοερε
2740 1782 2796 1829 cl
2826 1775 3161 1845 perturbata.
3190 1775 3285 1831 sed
3314 1790 3433 1829 ma-

134 1869 492 1938 apertissime
533 1870 941 1925 commiserunt.
996 1871 1426 1927 I’rudentissime
1463 1873 1608 1928 enim
1652 1872 1741 1943 jn-

136 1960 497 2029 stissimeque
530 1960 782 2015 viderunt
818 1977 1151 2033 quacunque
1191 1965 1404 2035 negotia
1434 1964 1487 2020 in
1524 1966 1636 2021 suis
1662 1964 1739 2020 lo-

134 2055 221 2109 cis
254 2054 348 2108 ubi
387 2064 506 2109 orta
535 2062 664 2109 sunt
694 2055 957 2120 finienda,
988 2071 1088 2112 nec
1113 2058 1404 2128 unicuique
1449 2058 1743 2129 provinciae

133 2144 381 2213 gratiam
425 2145 599 2199 sancti
649 2143 884 2215 Spiritus
917 2146 1219 2201 defuturam
1244 2187 1259 2212 ,
1306 2164 1412 2218 qua
1449 2149 1675 2218 aequitas
1710 2164 1741 2203 a

133 2236 353 2291 Christi
392 2238 770 2293 sacerdotibus
798 2247 854 2292 et
896 2239 1191 2308 prudenter
1220 2241 1484 2304 videatur,
1529 2250 1585 2296 et
1617 2257 1745 2297 con-

134 2326 489 2382 stantissime
515 2335 807 2383 teneatur:
853 2329 1086 2384 maxime
1114 2330 1239 2399 quia
1283 2330 1574 2399 unicuique
1616 2346 1744 2385 con-

133 2429 367 2469 cessum
400 2425 505 2482 est,
534 2417 576 2471 si
598 2415 805 2483 judicio
831 2415 1069 2473 oﬂ‘eusus
1100 2419 1261 2474 fuerit
1286 2421 1646 2491 cognitorum,
1676 2422 1743 2476 ad

135 2504 449 2560 concilium
493 2522 604 2561 sua:
636 2508 930 2579 provinciae
971 2508 1057 2564 vel
1085 2509 1247 2565 etiam
1292 2511 1595 2569 universale
1623 2527 1745 2582 pro-

132 2609 279 2649 νοω
288 2611 368 2652 ΓΘ.
404 2615 422 2648 ι

214 2686 386 2754 Quod
413 2698 468 2743 et
498 2688 848 2748 Innocentius
873 2694 939 2747 ad
968 2691 1280 2749 Victricium
1306 2710 1373 2750 ex
1400 2694 1631 2750 Nicaznis
1658 2696 1749 2750 de-

133 2777 326 2831 crevit
368 2780 686 2846 canonibus,
730 2790 786 2837 et
822 2798 889 2837 ex
917 2783 998 2839 eis
1038 2784 1347 2839 Bonifacius
1377 2786 1445 2840 ad
1484 2785 1747 2843 Hilarium

132 2865 567 2924 Narbonensem
597 2871 912 2943 episcopum
932 2874 1065 2929 dicit
1088 2876 1260 2945 (epist.
1291 2876 1345 2947 I)
1370 2893 1384 2930 :
1421 2897 1439 2928 ι
1469 2877 1746 2944 Advertat,

132 2959 435 3030 inquiens,
464 2960 702 3018 charitas
746 2972 835 3019 tua
873 2966 1007 3021 adeo
1037 2983 1138 3023 nos
1172 2983 1438 3023 canonum
1481 2982 1750 3040 prmcepta

128 3066 381 3106 servare
411 3093 426 3118 ,
474 3062 533 3108 ut
562 3055 635 3110 ita
675 3057 990 3111 constitutio
1024 3073 1239 3128 quoque
1274 3070 1459 3115 nostra
1503 3060 1746 3128 diﬂiniat,

1844 1863 1927 1933 gis
1954 1880 2016 1918 ex
2044 1864 2250 1919 consilii
2281 1865 2548 1936 gravitate
2577 1866 2896 1936 mitiganda.
2928 1885 2948 1919 ι
2982 1866 3050 1921 Ει
3089 1867 3217 1923 item
3248 1885 3262 1920 :
3301 1884 3319 1917 ι
3349 1865 3431 1920 Ad

1843 1954 2242 2024 proferendam,
2263 1956 2759 2025 inquit(Horalium
2782 1956 2820 2011 l.
2842 1973 2958 2024 xix,
2983 1973 3034 2013 c.
3067 1957 3181 2034 14),
3220 1964 3437 2013 senten-

1846 2042 1976 2101 tiam
2008 2064 2281 2118 nunquam
2312 2048 2619 2118 praecipites
2648 2063 2770 2104 esse
2798 2049 3081 2114 debemus,
3105 2063 3207 2104 nec
3236 2056 3438 2104 temere

1847 2137 2147 2194 indiscussa
2189 2139 2529 2210 judiccmus,
2563 2156 2630 2195 ne
2654 2140 2913 2209 quaelibet
2948 2139 3087 2195 mala
3125 2140 3309 2195 audita
3338 2154 3438 2196 nos

1846 2239 2118 2295 moveant,
2146 2245 2211 2284 ne
2238 2230 2439 2300 passim
2469 2231 2609 2285 dicta
2640 2230 2758 2286 sine
2786 2230 3102 2301 probatione
3122 2230 3432 2288 credamus.

1846 2319 1999 2388 Quod
2029 2319 2272 2392 profecto
2296 2330 2614 2392 perpetrare
2641 2320 3107 2391 pertimescimus,
3135 2322 3180 2377 si
3202 2320 3437 2376 auctoris

1847 2413 2019 2467 nostri
2060 2412 2312 2468 subtilius
2349 2413 2490 2467 facta
2524 2428 2833 2482 pensemus.
2862 2412 2981 2483 Ipse
3005 2413 3225 2483 quippe,
3249 2421 3309 2468 ut
3338 2428 3437 2467 nos

1847 2520 1877 2558 a
1904 2505 2163 2574 prarcipiti
2211 2504 2497 2560 sententia:
2529 2502 2829 2573 prolatione
2867 2510 3268 2573 compesceret,
3314 2517 3437 2558 cum

1847 2596 2028 2651 omnia
2059 2598 2198 2650 nuda
2231 2605 2285 2650 et
2324 2604 2508 2665 aperta
2537 2595 2646 2651 sint
2677 2595 2849 2650 oculis
2880 2594 3031 2666 ejus,
3078 2594 3219 2650 mala
3259 2605 3438 2651 tamen

1850 2686 2097 2742 Sodoma:
2125 2686 2294 2742 noluit
2319 2686 2501 2741 audita
2533 2684 2804 2754 judicare,
2829 2686 2920 2756 qui
2951 2687 3064 2741 ait:
3095 2685 3437 2750 Descendunt,

1848 2786 1896 2831 et
1924 2777 2100 2831 videbo
2147 2787 2323 2831 utrum
2366 2776 2688 2842 clamorem,
2726 2777 2818 2848 qui
2853 2777 2991 2832 venit
3031 2777 3101 2831 ad
3129 2793 3240 2842 me,
3285 2793 3438 2846 opere

1850 2868 2237 2939 compleverint,
2264 2886 2333 2923 an
2364 2886 2469 2923 non
2487 2878 2562 2923 est
2584 2869 2680 2933 ita,
2704 2879 2758 2922 ut
2780 2870 2943 2923 sciant
2974 2866 3124 2941 (Gen.
3142 2884 3296 2933 xvtn,
3320 2867 3437 2941 2i).

1850 2961 2205 3032 Omnipotens
2246 2963 2430 3032 itaque
2476 2961 2762 3026 Dominus,
2794 2968 2851 3015 et
2890 2961 3072 3016 omnia
3099 2960 3296 3025 sciens,
3341 2976 3437 3015 cur

1852 3063 1976 3108 ante
2022 3054 2394 3123 probationem
2443 3052 2596 3123 quasi
2640 3052 2882 3117 dubitat,
2912 3052 3016 3107 nisi
3060 3059 3118 3107 ut
3158 3050 3439 3123 gravitatis

129 3150 431 3211 quatenus
461 3145 862 3216 metr0politani
888 3147 971 3201 sui
1011 3162 1349 3218 unaquchue
1386 3150 1662 3220 provincia
1692 3152 1747 3207 in
1777 3114 1820 3177 Ε
1852 3147 2008 3202 nobis
2036 3146 2340 3217 exemplum
2377 3156 2673 3216 proponat,
2700 3161 2768 3201 ne
2809 3144 2947 3200 mala
2990 3145 3271 3201 hominum
3311 3152 3439 3200 ante

125 3235 410 3290 omnibus
433 3237 594 3293 rebus
621 3238 1017 3294 ordinationem
1044 3256 1258 3310 semper
1284 3251 1570 3311 exspectet
1596 3262 1614 3296 ι
1645 3261 1661 3309 ;
1694 3254 1749 3302 et

126 3326 408 3381 similiter
427 3327 776 3392 leestinus,
808 3338 861 3384 et
891 3330 980 3385 alii
1010 3331 1155 3387 sedis
1182 3330 1440 3388 Romana:
1470 3334 1749 3403 pontiﬁces

127 3419 537 3473 decreverunt.
584 3417 938 3476 Sardicenses
970 3437 1184 3492 quoque
1228 3438 1487 3490 canones,
1528 3434 1749 3495 propter

127 3509 439 3581 praefatam
488 3510 936 3581 longinquitatem
985 3513 1323 3583 primatum,
1376 3517 1445 3571 ad
1493 3516 1750 3575 finitimos

125 3603 459 3674 epimpos,
485 3603 651 3658 veluti
678 3613 733 3658 et
769 3604 966 3661 Africa:
996 3606 1289 3675 provinciae
1331 3623 1588 3673 canones,
1627 3625 1750 3679 pro—

127 3708 356 3751 vocare
382 3695 769 3762 permiserunt,
797 3699 938 3752 sicut
960 3708 1016 3753 et
1040 3699 1093 3752 iu
1113 3699 1317 3754 eisdem
1340 3700 1750 3759 Sardicensibus

125 3785 467 3842 canonibus
496 3786 924 3853 demonstratur,
955 3797 1291 3844 memorante
1331 3790 1461 3847 Osio
1490 3792 1752 3861 importu-

127 3879 367 3932 uitales
418 3875 797 3932 Africanorum
852 3878 1270 3948 episcoporum,
1315 3895 1452 3949 quos
1505 3882 1639 3936 dicit
1691 3898 1750 3940 se

126 3968 481 4037 cognovisse
507 3968 834 4025 sanctissimi
866 3969 1052 4025 fratris
1080 3980 1139 4026 et
1165 3972 1471 4043 coepiscopi
1492 3973 1575 4027 sui
1597 3974 1749 4031 Grati

133 4059 415 4116 salutaria
453 4058 678 4113 consilia
720 4075 976 4130 spernere
1004 4071 1170 4132 atque
1200 4072 1568 4119 contemnere.
1599 4064 1751 4123 Unde

139 4151 201 4204 in
234 4146 466 4218 praefato
485 4148 797 4206 Sardicensi
816 4152 1047 4208 concilio
1066 4153 1326 4224 scriptum
1352 4161 1436 4211 est
1451 4156 1595 4225 (can.
1624 4155 1710 4228 Π)
1731 4177 1750 4213 :

144 4263 165 4294 ι
209 4242 384 4298 Osius
405 4236 695 4313 'episcOpns
715 4245 890 4301 dixit:
917 4244 1069 4313 Quod
1098 4261 1184 4302 me
1212 4248 1392 4303 adhuc
1418 4257 1600 4303 movet
1620 4251 1750 4305 reti-

138 4348 278 4389 cere
316 4348 425 4388 non
455 4334 645 4400 debeo,
675 4337 720 4389 si
766 4336 1051 4407 episcopus
1081 4336 1205 4408 quis
1250 4337 1388 4395 forte
1431 4338 1763 4405 iracundus,’

138 4423 299 4493 quod
343 4438 468 4480 esse
510 4441 615 4479 non
659 4428 856 4491 debet,
906 4427 1015 4482 cito
1055 4436 1109 4482 et
1147 4444 1341 4498 aspere
1373 4439 1749 4485 commovetur
1778 4460 1825 4520 ο

141 4514 420 4569 adversus
450 4518 845 4587 presbyterum,
873 4518 989 4573 sive
1020 4519 1308 4575 diaconum
1346 4535 1503 4574 suum
1525 4560 1540 4584 ,
1570 4529 1628 4574 et
1651 4536 1747 4576 ex-

140 4602 453 4661 terminare
473 4622 598 4660 eum
621 4608 687 4661 de
711 4606 956 4662 Ecclesia
985 4594 1231 4671 voluerit,
1255 4608 1642 4678 providendum
1666 4619 1752 4665 est

142 4711 218 4750 ne
274 4696 536 4751 innocens
580 4698 887 4762 damnetur,
917 4708 1009 4752 aut
1047 4699 1240 4766 perdat
1274 4700 1745 4763 communionem;

141 4795 203 4840 et
242 4787 372 4840 ideo
415 4785 611 4841 habeat
652 4798 976 4857 potestatem
1024 4788 1071 4843 is
1107 4788 1197 4856 qui
1244 4786 1489 4856 abjectus
1530 4796 1644 4854 est,
1689 4801 1748 4847 ut

145 4879 449 4948 episcopos
489 4877 749 4932 finitimos
777 4877 1113 4947 interpellet,
1143 4886 1196 4933 et
1217 4893 1381 4932 causa
1409 4879 1529 4948 ejus
1557 4882 1745 4935 audiao

148 4978 267 5031 tur,
317 4982 380 5021 ac
421 4968 731 5037 diligentius
780 4976 1058 5029 tractetur,
1099 4968 1224 5037 quia
1269 4984 1378 5023 non
1424 4976 1645 5038 oportet
1689 4971 1741 5025 ei

146 5070 357 5126 negare
403 5058 730 5112 audientiam
771 5057 999 5127 roganti.
1044 5057 1112 5112 Et
1159 5058 1248 5113 ille
1287 5058 1609 5128 episcopus,
1649 5060 1741 5128 qui

142 5148 300 5216 juste
343 5156 436 5201 aut
465 5148 664 5217 injuste
689 5162 810 5202 eum
842 5149 1065 5218 abjecit,
1115 5149 1384 5217 patienter
1417 5147 1655 5217 accipiat
1683 5159 1744 5204 ut

148 5235 435 5307 negotium
468 5237 809 5301 discutiatur,
837 5248 895 5292 ut
925 5238 1008 5291 vel
1036 5239 1292 5308 probetur
1327 5237 1599 5293 sententia
1624 5240 1744 5307 ejus

247 5326 454 5348 .--αξ-..2-
500 5326 587 5348 ---1
625 5329 929 5348 --.--41.ικ--.
974 5328 1165 5348 νυμνη--α
1202 5346 1215 5347 γ
1271 5330 1281 5341 ⁸
1336 5342 1521 5348 ,“,A-_.
1562 5329 1698 5348 -_.-._.',

542 5326 587 5348 ..1
625 5329 929 5348 ᾳ-.--].ικ--.
974 5328 1015 5348 II“

1849 3252 2241 3308 praesumamus
2262 3236 2486 3292 credere
2508 3251 2669 3305 quam
2699 3235 2963 3305 probare?
2991 3255 3009 3290 ι
3042 3233 3118 3290 De
3141 3233 3440 3292 manifestis

1850 3336 2030 3391 autem
2053 3338 2107 3382 et
2131 3328 2381 3398 plurimis
2414 3326 2647 3398 cognitis
2677 3342 2800 3381 mox
2828 3327 3029 3384 ibidem
3059 3327 3442 3397 subsequitur:

1856 3436 1874 3469 ι
1908 3418 2049 3474 Ecce
2073 3434 2168 3488 per
2195 3418 2416 3490 angelos
2443 3419 2511 3471 ad
2554 3415 2926 3489 cognoscenda
2957 3418 3100 3473 mala
3137 3419 3438 3485 descendit,

1851 3524 2083 3581 moxque
2111 3509 2443 3566 facinorosos
2469 3510 2731 3579 percutit;
2773 3518 2936 3580 atque
2970 3509 3060 3565 ille
3087 3511 3319 3580 patiens,
3346 3510 3439 3568 ille

1851 3601 2019 3667 mitis,
2052 3600 2142 3655 ille
2169 3601 2234 3654 de
2262 3615 2372 3669 quo
2400 3600 2662 3668 scriptum
2694 3608 2780 3655 est
2805 3618 2818 3653 :
2847 3597 2926 3653 Tu
2950 3609 3146 3665 autent,
3195 3600 3440 3665 Domine,

1849 3709 1970 3747 cum
2007 3692 2390 3762 tranquillitate
2419 3692 2635 3759 judico:
2676 3689 2828 3760 (Sap.
2857 3706 2959 3756 ιιι,
2991 3690 3103 3756 18).
3134 3689 3223 3745 ille.
3244 3692 3310 3745 dc
3334 3708 3441 3762 quo

1850 3798 2067 3851 rursum
2111 3781 2372 3851 scriptum
2404 3789 2529 3836 est:
2568 3780 2823 3835 Dominus
2859 3780 3064 3851 patiens
3105 3789 3183 3835 est
3210 3781 3441 3837 redditur

1851 3874 2042 3947 (Eccli.
2078 3891 2131 3938 v,
2168 3873 2249 3944 4),
2280 3874 2332 3928 in
2370 3882 2522 3929 tanto
2550 3874 2779 3929 crimine
2817 3873 3088 3930 involutos
3128 3873 3434 3941 inveniens,

1850 3965 2005 4034 quasi
2037 3964 2351 4035 patientiam
2388 3963 2763 4034 prmtermisit,
2785 3974 2839 4020 et
2874 3965 3016 4019 diem
3051 3962 3441 4033 extremijudi-

1850 4056 1919 4111 cii
1968 4049 2284 4124 exspectare
2327 4055 2399 4124 ad
2446 4054 2737 4109 vindictam
2786 4055 2995 4122 noluit,
3044 4053 3139 4110 sed
3186 4069 3282 4111 eos
3320 4055 3442 4128 igne

1842 4144 2032 4215 judicii
2065 4155 2193 4199 ante
2209 4142 2400 4214 judicii
2430 4143 2574 4199 diem
2599 4145 2880 4213 praevenit.
2906 4145 3045 4200 Ecce
3064 4143 3265 4199 malum
3286 4145 3442 4216 quasi

1848 4251 1972 4292 cum
2003 4234 2315 4290 diﬂicultate
2340 4233 2575 4290 credidit
2612 4248 2736 4288 cum
2776 4234 3011 4300 audivit,
3040 4242 3096 4289 et
3124 4242 3300 4290 tamen
3326 4235 3444 4291 sine

1851 4330 2105 4386 tarditate
2143 4329 2413 4400 percussit
2458 4342 2584 4382 cum
2613 4342 2805 4382 verum
2834 4330 3176 4401 agnoscendo
3207 4329 3444 4401 reperit:

1852 4433 1912 4478 ut
1936 4425 2093 4480 nobis
2117 4423 2370 4479 videlicet
2399 4424 2556 4478 daret
2581 4423 2910 4494 exemplum,
2937 4424 3080 4495 quod
3110 4422 3313 4493 majora
3336 4423 3443 4480 cri-

1852 4516 1996 4571 mina
2018 4523 2074 4570 et
2095 4515 2250 4569 tarde
2269 4513 2538 4570 credenda
2563 4521 2691 4568 sunt
2711 4528 2836 4568 cum
2866 4514 3180 4578 audiuntur,
3203 4522 3257 4569 et
3277 4514 3441 4570 citius

1848 4607 2119 4677 punienda
2173 4619 2296 4659 cum
2350 4604 2617 4659 veraciter
2656 4613 3046 4673 agnoscuntur.
3078 4624 3098 4658 ι
3152 4604 3222 4661 Et
3262 4604 3354 4676 qui
3405 4620 3437 4660 a

1850 4697 2013 4752 Patre
2056 4696 2269 4764 accepit
2305 4711 2467 4751 omne
2495 4694 2796 4764 judicium,
2824 4705 2881 4752 et
2918 4698 2973 4753 in
3011 4697 3239 4768 spiritali
3278 4706 3335 4751 et
3380 4696 3438 4751 in

1849 4787 2099 4843 smculari
2149 4803 2247 4842 sua
2282 4785 2583 4863 republica,
2628 4799 2726 4853 pro
2758 4802 2819 4842 se
2852 4789 2921 4844 ad
2963 4787 3314 4858 judicandum
3343 4785 3440 4839 mi-

1849 4878 2049 4933 nistros
2077 4893 2207 4933 suos
2237 4876 2552 4940 constituit,
2581 4874 2724 4956 sicut
2760 4875 3039 4950 Scriptura
3070 4876 3220 4941 dicit,
3253 4874 3441 4943 eisque

1844 4972 1946 5028 sibi
1998 4973 2050 5026 in
2085 4969 2294 5039 judicio
2328 4972 2495 5026 etiam
2528 4967 2845 5027 ministrare
2883 4968 3157 5043 praecepit,
3202 4965 3390 5020 dicens
3425 4982 3436 5015 :

1846 5061 1903 5118 Si
1949 5064 2065 5133 quis
2099 5059 2228 5114 mini
2265 5061 2571 5123 ministrat,
2600 5074 2679 5112 me
2710 5075 2960 5132 sequatur
2987 5059 3169 5129 (Joan.
3196 5069 3294 5117 χιι,
3325 5049 3440 5121 26),

1845 5154 1897 5209 id
1929 5163 2015 5210 est
2056 5169 2144 5208 me
2173 5152 2441 5211 imitetur.
2490 5152 2548 5206 In
2596 5166 2703 5220 qua
2744 5153 3141 5211 ministratione
3180 5146 3323 5201 idem
3353 5145 3445 5211 qui

1843 5255 1926 5300 est
1954 5244 2062 5305 via,
2092 5242 2295 5296 veritas
2323 5285 2338 5311 ,
2368 5255 2421 5301 et
2470 5242 2612 5303 vita,
2650 5240 2797 5295 viam
2833 5239 3106 5311 judicandi
3145 5239 3253 5292 hoc
3289 5233 3449 5287 ωοόο

1844 5334 2109 5362 ξαιιιξηῖιιιιη
2153 5347 2177 5362 ιι
2359 5339 2370 5348 ⁸
2452 5345 2459 5347 λ
2473 5335 2485 5347 ⁹
2580 5345 2591 5348 ⁷
2791 5332 2803 5345 ⁵
2853 5335 2877 5348 ⁸⁵
2974 5333 2985 5344 ⁸
3032 5339 3044 5348 ι
3091 5327 3124 5348 τ’
3141 5344 3157 5348 Α
3176 5327 3411 5348 νΙα-σιΑ-ιο-
