3990 6300
546 336 649 388 4υ7

1419 284 1425 289 ”
1499 332 1827 392 lllNCMAlil
1866 290 2257 388 RllEMENSlS
2293 286 2808 386 Auenteetscom

3676 332 3795 389 ‘08

543 453 843 510 cusationis
867 469 1053 509 eorum
1084 452 1429 532 subsequitur
1453 452 1638 507 dicens
1669 472 1682 508 :
1719 453 2039 508 Descendunt
2063 463 2108 506 et
2142 462 2183 513 Α
2216 451 2494 522 Scriptura
2518 467 2671 506 sacra
2697 450 2903 505 duobus
2925 450 3097 506 modis
3124 449 3462 505 maledictum
3495 463 3795 518 memorat,

538 544 719 602 videbo
768 555 945 597 utrum
997 542 1314 607 clamorem,
1367 544 1456 613 qui
1510 544 1642 596 venit
1681 543 1750 596 ad
1800 561 1915 607 me,
1962 559 2111 612 opere

542 633 904 704 compleverint
923 673 937 697 ,
964 649 1030 686 an
1059 649 1184 698 non,
1222 643 1276 697 ut
1304 616 1652 703 sciam‘(Gen.
1690 634 1822 704 xxt).
1854 633 2111 699 Dominus

539 724 723 800 itaque
756 723 933 779 omnia
980 723 1181 787 sciens,
1229 731 1290 778 ut
1329 737 1397 776 ex
1439 723 1615 788 verbis
1660 723 1828 781 sancti
1866 721 2110 793 Gregorii

536 812 917 883 praemisimus,
946 822 1001 866 et
1025 812 1113 872 alii
1144 812 1392 870 catholici
1423 813 1671 868 doctores
1699 822 2000 882 exponunt,
2025 811 2112 883 ju-

536 900 749 957 dicandi
772 888 926 955 nobis
948 886 1164 959 modum
1195 903 1464 971 proponit,
1495 912 1553 955 ut
1575 916 1694 971 quae
1717 916 1822 955 non
1852 888 1980 955 sunt
2001 915 2111 954 ma-

536 991 729 1048 nifesta
757 1007 863 1047 non
899 990 1224 1060 judicemus,
1257 1002 1312 1047 et
1350 1008 1470 1062 qua:
1510 992 1795 1047 manifesta
1839 1000 1965 1047 sunt
1994 992 2111 1046 sine

534 1082 788 1138 tarditate
809 1090 863 1137 et
888 1083 1227 1139 haesitatione
1252 1083 1427 1154 aliqua
1445 1083 1765 1163 judicemus,
1790 1084 1929 1140 sicut
1950 1098 2110 1154 supra

534 1189 599 1228 ex
624 1173 804 1228 verbis
847 1173 992 1254 beati
1034 1172 1305 1251 Ambrosii
1332 1174 1556 1244 apostoli
1596 1175 1918 1232 sententiam
1949 1189 2111 1246 expo-

537 1263 717 1320 nentis
744 1274 1021 1322 ostensum
1050 1274 1162 1321 est:
1192 1286 1209 1316 ι
1232 1265 1480 1337 Cognito,
1510 1268 1701 1337 inquit,
1730 1282 1893 1338 opere
1914 1267 2113 1339 pellen-

537 1352 664 1406 dum
710 1362 1027 1424 peccantem
1069 1353 1233 1410 fuisse
1273 1356 1340 1410 de
1388 1364 1534 1411 caatu
1581 1355 1938 1411 fraternitatis
1983 1357 2113 1413 dicit

535 1444 842 1515 Apostolus.
868 1443 1070 1501 Omnes
1092 1447 1235 1501 enim
1258 1447 1464 1502 crimen
1493 1446 1608 1516 ejus
1633 1448 1895 1513 sciebant,
1927 1448 1980 1503 in
2007 1463 2112 1518 qua

537 1548 597 1587 re
618 1548 792 1603 neque
822 1536 1048 1591 testibus
1083 1551 1217 1606 opus
1260 1546 1408 1604 erat,
1452 1553 1626 1609 neque
1672 1537 2114 1608 tergiversatione

539 1624 716 1711 aliqua
747 1635 960 1707 poterat
994 1628 1096 1708 tegi
1120 1629 1347 1705 crimen.
1381 1649 1399 1680 ι
1548 1624 1553 1630 ’
1708 1614 1709 1617 “

1106 1764 1335 1823 CAPUT
1378 1765 1544 1821 XXX.

578 1870 693 1945 Qua
728 1875 931 1945 ratione
974 1873 1121 1945 solvi
1148 1884 1336 1945 queant
1383 1877 1942 1931 excommunicationes
1978 1894 2082 1933 non

644 1941 908 2011 legitimis,
939 1953 986 1997 et
1020 1945 1084 1997 de
1105 1941 1169 1998 iis
1195 1946 1283 2013 qui
1319 1945 1510 2014 injuste
1534 1946 2027 2013 excommunicant.‘
2072 1954 2077 1960 ‘

612 2074 818 2141 Quibus
863 2076 1145 2131 sententiis
1200 2085 1504 2132 sanctarum
1558 2075 2000 2148 Scripturarum,
2058 2088 2114 2153 et

541 2182 816 2221 sacrorum
841 2182 1132 2233 canonum,
1148 2175 1309 2237 atque
1331 2167 1665 2222 decretorum
1694 2169 1838 2223 sedis
1860 2170 2115 2223 Romam:

523 2256 874 2335 pontiﬁcum,
920 2255 1082 2311 fultus
1109 2266 1270 2326 atque
1313 2256 1579 2321 suffultus,
1608 2265 1663 2312 et
1691 2258 1833 2312 sicut
1861 2258 2035 2313 adhuc
2060 2259 2111 2312 in

539 2360 792 2427 processu
815 2346 1119 2412 ostendam,
1152 2346 1561 2416 metropolitana
1590 2348 1933 2409 auctoritate,
1960 2362 2112 2402 exse-

539 2435 794 2516 crabilem
841 2445 1003 2505 atque
1041 2435 1405 2502 exitiabilem,
1450 2452 1554 2492 non
1596 2437 2106 2492 excommunicatio-

539 2533 691 2605 nem,
722 2525 817 2581 sed
866 2525 1298 2605 maledictionem
1346 2537 1512 2593 tuam,
1562 2527 1614 2582 in
1663 2542 1757 2582 eos
1794 2527 2108 2596 jaculatam,

538 2602 627 2682 qui
673 2629 779 2670 non
823 2602 1092 2685 accusati,
1127 2631 1228 2671 nec
1254 2616 1523 2684 confessi,
1556 2634 1655 2673 nec
1694 2619 1924 2673 convicti
1949 2659 1963 2684 ,
2012 2612 2112 2674 nec

536 2690 699 2766 etiam
728 2719 759 2760 a
787 2716 840 2760 te
876 2692 1025 2775 fuere
1065 2708 1356 2775 secundum
1396 2708 1604 2763 Domini
1629 2709 1923 2779 iussionem
1959 2725 2108 2764 com.

536 2796 746 2861 moniti,
768 2810 833 2857 ac
858 2798 924 2852 de
956 2796 1040 2860 bis
1063 2813 1161 2873 pro
1181 2788 1375 2868 quibus
1396 2813 1488 2853 eos
1521 2799 2107 2867 cxcommunicaveras,

535 2887 676 2941 sicut
717 2902 823 2941 non
870 2886 1039 2957 solum
1065 2888 1217 2953 mihi,
1248 2889 1340 2942 sed
1376 2896 1429 2942 et
1459 2903 1593 2967 pene
1617 2889 1865 2943 omnibus
1888 2889 1939 2942 in
1970 2888 2110 2943 lihe—

537 2979 708 3033 mensi
752 2978 1027 3048 provincia
1059 2987 1178 3055 erat
1202 2991 1417 3042 notum,
1450 2980 1672 3043 innoxii,
1704 2987 1757 3034 et
1789 2981 1921 3034 tanti
1950 2981 2107 3035 simul

2215 542 2356 612 aliud
2391 542 2642 596 videlicet
2669 543 2812 611 quod
2841 542 3121 611 approbat,
3168 541 3314 596 aliud
3359 542 3502 621 quod
3540 543 3793 599 damnat.

2213 632 2386 686 Aliter
2421 632 2565 685 enim
2614 632 2959 686 maledictum
2989 631 3260 702 profertur
3285 630 3490 699 judicio
3525 631 3795 701 iustitia,

2212 721 2369 779 aliter
2414 721 2583 776 livore
2629 722 2897 776 vindictae.
2949 721 3148 777 Contra
3200 721 3545 776 maledictum
3592 723 3795 793 quippe

2211 812 2379 866 livore
2417 811 2641 881 iustitia:
2672 811 3068 893 depromptum,
3098 825 3227 865 voce
3256 810 3406 873 Pauli
3438 811 3795 880 praedicaan

2211 902 2588 975 admonemur,
2611 901 2702 971 qui
2733 901 2810 955 ait
2832 898 3193 966 :,Benedicite,
3220 911 3268 953 et
3291 898 3449 954 nolite
3477 899 3795 954 maledice“

2212 990 2390 1059 (Rom.
2441 1006 2549 1068 xu,
2598 976 2719 1067 li);
2761 998 2815 1045 et
2866 1005 3082 1045 rursum
3112 990 3283 1044 dicit:
3332 987 3516 1060 Neque
3544 989 3796 1044 maledici

2213 1098 2425 1153 regnum
2451 1081 2544 1135 Dei
2573 1082 2904 1151 possidebunt
2931 1080 2981 1151 (l
3001 1080 3121 1135 Cor.
3143 1097 3217 1145 vr,
3246 1081 3352 1151 10).
3373 1072 3514 1134 Nam
3535 1090 3594 1137 et
3614 1082 3796 1137 sancti

2210 1172 2332 1236 viri,
2358 1186 2480 1227 cum
2503 1171 2891 1227 maledictionis
2918 1172 3245 1245 sententiam
3265 1169 3567 1241 proferunt,
3592 1186 3703 1227 non
3724 1172 3797 1227 ad

2210 1260 2349 1316 hanc
2374 1276 2440 1316 ex
2465 1272 2589 1317 voto
2611 1260 2851 1337 ultionis,
2878 1261 2971 1323 sed
2999 1277 3061 1316 ex
3087 1261 3308 1333 justitize
3327 1262 3581 1317 examine
3609 1276 3799 1316 erum-

2212 1360 2364 1421 punt.
2393 1351 2542 1407 Intus
2578 1354 2720 1408 enim
2750 1353 2944 1409 subtile
2976 1354 3070 1408 Dei
3106 1338 3369 1422 iudicium
3411 1353 3708 1424 aspiciunt,
3741 1362 3799 1411 et

2212 1441 2351 1496 mala
2372 1440 2517 1496 foras
2538 1443 2879 1511 exsurgeutia
2899 1442 3024 1512 quia
3052 1442 3339 1497 maledicto
3363 1443 3602 1497 debeant
3627 1442 3799 1502 ferire

2211 1542 2564 1604 cognoscunt,
2591 1542 2645 1590 et
2673 1550 2737 1589 eo
2760 1534 2812 1589 in
2845 1534 3129 1590 maledicto
3158 1550 3263 1589 nou
3293 1544 3549 1613 peccant,
3579 1552 3694 1606 quo
3722 1538 3793 1593 ab

2213 1623 2425 1678 interno
2451 1623 2656 1693 judicio
2691 1638 2797 1680 non
2839 1624 3170 1680 discordant.
3205 1644 3223 1677 ι
3256 1623 3338 1678 Tu
3366 1640 3498 1681 vero
3521 1641 3553 1680 a
3580 1618 3793 1698 judicio

2209 1713 2431 1781 justitize
2458 1715 2509 1768 in
2539 1716 2643 1769 tuis
2674 1700 3138 1770 maledictionibus
3164 1713 3509 1781 discordasti,
3538 1716 3635 1785 qui
3678 1732 3790 1773 non

2143 1801 2186 1861 B
2207 1801 2410 1869 judicio
2426 1802 2668 1873 justitia),
2696 1804 2789 1858 sed
2817 1803 2983 1858 livore
3003 1803 3271 1868 vindictae,
3299 1814 3355 1858 et
3374 1820 3537 1860 causa
3564 1805 3797 1874 injuria-

2213 1894 2338 1950 'rum
2377 1902 2588 1972 tuarum
2619 1909 2711 1949 eas
2734 1893 3019 1964 protulisti,
3052 1910 3158 1948 non
3186 1895 3372 1950 videns
3389 1896 3644 1964 quoniam
3678 1911 3713 1950 a
3743 1907 3797 1952 te

2217 1984 2593 2057 irregulariter
2613 1984 2926 2056 maledictos
2948 1985 3084 2039 sacri
3111 1999 3343 2040 canones
3374 2001 3481 2040 non
3503 1994 3697 2041 vetant
3727 1988 3794 2042 ab

2218 2076 2395 2145 aliquo
2433 2076 2686 2146 episcopo
2726 2075 3048 2146 regulariter
3077 2076 3263 2145 recipi,
3295 2075 3468 2131 multo
3494 2076 3669 2148 magis
3693 2092 3795 2131 au-

2218 2177 2323 2222 tem
2344 2168 2411 2222 ab
2435 2183 2499 2222 eo
2524 2169 2619 2238 qui
2648 2168 2740 2222 tibi
2763 2176 2958 2238 praeest
2977 2168 3206 2222 innuunt
3231 2183 3324 2241 eos
3342 2169 3541 2238 debere
3562 2168 3791 2225 absolvi.

2217 2246 2488 2329 Scriptum
2531 2268 2616 2313 est
2657 2251 2799 2313 enim
2853 2260 2905 2312 in
2950 2259 3358 2329 Carthaginensi
3395 2260 3648 2315 concilio.
3681 2261 3795 2315 An-

2214 2348 2461 2418 gustinns
2491 2347 2773 2417 episcopus
2802 2347 3008 2417 legatus
3040 2344 3332 2416 provincia:
3360 2346 3629 2403 Numidiae
3655 2349 3794 2423 dixit

2215 2438 2355 2507 (can.
2386 2436 2443 2515 9)
2474 2455 2486 2488 :
2523 2457 2542 2488 ‹
2574 2436 2685 2491 Hoc
2714 2446 2952 2515 statuere
2986 2437 3314 2507 dignamini,
3344 2446 3406 2493 ut
3440 2439 3486 2493 si
3518 2439 3613 2508 qui
3652 2438 3797 2515 forte

2214 2512 2407 2582 merito
2432 2524 2734 2582 facinorum
2764 2512 2982 2583 suorum
3018 2514 3088 2582 ab
3113 2527 3352 2584 Ecclesia
3388 2528 3530 2598 pulsi
3558 2539 3711 2595 sunt,
3738 2514 3791 2585 et

2211 2619 2327 2673 sive
2368 2618 2437 2672 ab
2482 2618 2663 2691 aliquo
2708 2618 2962 2697 episeopo
3004 2617 3087 2672 vel
3121 2619 3438 2696 presbytero
3482 2618 3690 2674 fuerint
3736 2620 3788 2674 il

2213 2704 2647 2762 communionem
2690 2708 2961 2776 suscepti,
3010 2706 3170 2761 etiam
3220 2707 3332 2777 ipse
3379 2708 3500 2779 pari
3544 2723 3671 2763 cum
3710 2709 3790 2767 eis

2212 2797 2439 2853 crimine
2470 2804 2717 2852 teneatur
2744 2796 3029 2861 obnoxius,
3058 2795 3386 2867 refugientes
3427 2798 3512 2852 sui
3548 2788 3791 2871 episcopi

2211 2886 2458 2957 regulare
2491 2870 2774 2956 judicium.
2811 2904 2834 2953 ε
2865 2871 2932 2940 Et
2957 2886 3085 2940 item
3128 2886 3280 2954 (can.
3311 2885 3415 2956 29)
3450 2905 3463 2940 :
3500 2904 3523 2939 t
3555 2885 3663 2954 Qui
3691 2904 3787 2955 ex:

2209 2976 2638 3033 communicatus
2670 2974 2832 3031 fuerit
2859 2990 2958 3045 pro
2986 2990 3084 3056 suo
3123 2975 3367 3044 neglectu
3385 3017 3401 3041 ,
3430 2975 3547 3031 sive
3571 2977 3786 3046 episco-

533 3084 561 3148 n
598 3082 754 3123 sacro
781 3060 955 3144 cilicio
995 3080 1051 3143 et
1088 3084 1241 3124 sacra
1270 3069 1853 3138 communione,atque
1882 3084 1911 3123 a
1937 3071 2108 3125 socie-
2132 3143 2172 3163 Α
2207 3090 2307 3145 pus
2331 3115 2345 3138 ,
2398 3073 2510 3127 sive
2561 3071 2785 3142 quilibet
2834 3070 3066 3149 clericus
3090 3110 3105 3134 ,
3155 3078 3211 3147 et
3260 3076 3504 3163 tempore
3562 3070 3784 3126 escom-

532 3145 639 3226 tate
682 3161 938 3241 Ecclesim
975 3161 1287 3235 catholicae,
1324 3160 1439 3216 solo
1481 3170 1572 3217 tuo
1611 3162 1793 3217 furore
1837 3171 1891 3216 et
1936 3178 2099 3219 causa
2130 3143 2174 3204 (ἶ
2207 3143 2590 3218 municatinnis
2640 3177 2751 3217 sua:
2796 3167 2923 3215 ante
2975 3143 3306 3241 audientiam
3349 3143 3783 3238 communionem

530 3260 643 3325 tute
683 3250 1037 3320 injuriae,'ad
1082 3251 1370 3306 multortttn
1419 3252 1640 3307 exitium
1673 3251 1823 3328 fuere
1850 3252 2098 3324 depulsi,

515 3336 737 3397 irritam
766 3352 820 3398 et
860 3343 1055 3398 nullius
1088 3343 1346 3398 momenti
1372 3356 1491 3399 esse
1519 3344 1730 3399 decrevi
1765 3362 1777 3398 :
1806 3338 2101 3414 prrcsertim

528 3452 650 3492 cum
681 3432 1074 3507 saeraz‘regula:
1118 3435 1250 3491 nulli
1288 3436 1342 3490 in
1386 3436 1578 3491 mortis
1615 3428 1836 3506 urgente
1865 3424 2103 3507 periculo

528 3526 820 3582 constituto
845 3525 1111 3595 baptisma
1137 3527 1412 3597 denegari,
1441 3527 1568 3581 nulli
1593 3529 1834 3598 poscenti
1856 3518 2099 3607 ultimam

528 3615 901 3687 ptrnitentiam
929 3624 985 3672 et
1010 3615 1188 3671 viatici
1218 3616 1454 3672 muneris
1478 3616 1908 3693 communionem
1936 3618 2100 3671 inter-

526 3695 630 3764 dici
668 3708 1013 3780 praecipiant,
1042 3707 1172 3764 nulli
1202 3709 1367 3785 etiam
1397 3707 1684 3781 sepultura:
1713 3709 2098 3764 humanitatem

524 3801 774 3872 abrogari
822 3786 1177 3877 per-mittant,
1225 3800 1365 3879 etin
1414 3791 1501 3854 tua
1546 3799 1798 3879 parocbia
1846 3815 2004 3855 nemo
2043 3800 2101 3879 in

526 3893 853 3949 necessitate
880 3892 1071 3948 mortis
1104 3894 1171 3948 ab
1203 3893 1283 3948 eis
1308 3878 1536 3962 quorum
1565 3878 1789 3948 interest
1814 3878 2097 3962 baptizari,

527 3999 686 4039 nemo
714 3981 1110 4036 communionis
1131 3984 1303 4052 gratia
1327 3982 1685 4049 reconciliari,
1711 4000 1868 4039 nemo
1885 3980 2100 4054 sepeliri
2145 4026 2149 4031 τ

514 4074 649 4127 "cum
677 4072 855 4126 debita
884 4071 1351 4126 commendatione
1378 4081 1619 4142 poterat,
1646 4075 1692 4129 si
1722 4075 1954 4130 ministri
1995 4077 2098 4130 Ec-

525 4159 704 4216 clesia:
732 4160 845 4214 suis
874 4158 1055 4214 forent
1095 4160 1291 4230 privati
1334 4161 1758 4235 ministeriorum
1784 4163 1991 4220 oﬂlciis.
2034 4167 2101 4221 Et

525 4259 618 4303 tua
665 4248 954 4321 ligamenta
986 4264 1092 4303 non
1135 4248 1352 4304 fuerunt
1397 4258 1596 4307 sancta:
1637 4252 1891 4308 Ecclbsire
1918 4254 2099 4326 alliga-

525 4343 738 4423 tiones,
776 4347 870 4409 sed
911 4356 1015 4403 tute
1045 4345 1470 4427 maledictiones.
1503 4346 1655 4403 Unde
1682 4349 1871 4405 beatus
1899 4345 2101 4421 Grego-

514 4440 639 4495 ‘rlus
666 4433 997 4511 respondens
1034 4438 1196 4494 Petro
1236 4438 1593 4510 interroganti
1623 4458 1635 4492 :
1672 4457 1691 4489 ι
1721 4436 2097 4509 Nunquidnam

524 4526 682 4584 valde
705 4544 827 4584 esse
864 4543 1024 4601 grave
1054 4528 1358 4593 credimus,
1408 4516 1452 4582 si
1494 4526 1722 4583 fortasse
1759 4528 1980 4583 cuilibet
2003 4543 2096 4583 ex-

529 4621 714 4693 agitati
736 4620 1011 4675 iracundia
1035 4604 1454 4701 maledicamus‘?
1480 4637 1500 4670 ι
1522 4617 1579 4672 In
1595 4618 1734 4674 libro
1754 4619 2095 4688 Dialogorum

523 4717 657 4773 dicit
696 4715 810 4787 (lib.
842 4731 903 4769 tn
949 4713 1182 4785 Dialog.,
1215 4700 1316 4784 cap
1361 4712 1488 4781 15):
1540 4732 1557 4764 ι
1587 4700 1776 4778 Pensa,
1827 4711 2091 4781 inquiens,

524 4821 686 4878 quam
727 4804 909 4873 gravis
951 4812 1034 4859 est
1080 4804 1234 4874 culpa
1272 4803 1392 4873 quae
1430 4810 1647 4871 separat
1678 4817 1708 4855 a
1754 4788 1919 4872 regno
1946 4802 2092 4867 vitae,

513 4885 650 4952 cum
678 4893 877 4950 Paulus
899 4891 1045 4948 dicat
1075 4908 1089 4947 :
1122 4891 1304 4962 Neque
1336 4889 1578 4944 maledici
1609 4903 1821 4959 regnum
1848 4888 1945 4941 Dei
1969 4905 2092 4961 pos:-

525 4986 759 5041 sidebunt
775 4983 825 5056 (I
842 4982 963 5039 Car.
979 4996 1055 5046 v1,
1081 4979 1190 5051 10).
1213 4998 1230 5030 ι
1252 4980 1318 5034 Et
1341 4970 1880 5053 interrogantieidem
1904 4971 2092 5041 Petro:

525 5060 660 5145 Quid
693 5077 738 5131 si
772 5076 934 5130 homo
964 5085 1069 5126 non
1097 5070 1329 5125 fortasse
1353 5084 1420 5122 ex
1444 5060 1670 5131 malitia,
1694 5067 1785 5121 sed
1807 5082 1871 5121 ex
1902 5065 2097 5135 lingua

526 5167 752 5231 incuria,
788 5161 1181 5220 maledictionis
1229 5161 1280 5214 in
1323 5160 1627 5230 proximum
1670 5158 1940 5228 iaculatur
1978 5173 2098 5213 ver-

526 5276 646 5314 num
662 5261 687 5313 ’ἒ
710 5243 1019 5327 respondit:
1041 5273 1060 5306 ι
1092 5253 1148 5309 Si
1173 5254 1313 5322 apud
1336 5251 1659 5317 districtum,
1678 5248 2097 5321 inquiens,judi-

529 5364 670 5412 :em,
719 5347 912 5410 Pctre,
959 5345 1166 5400 otiosus
1196 5356 1374 5399 sermo
1419 5341 1849 5412 reprelienditur,
1894 5347 2096 5410 quanto

528 5439 697 5510 magis
731 5436 957 5492 noxius?
993 5436 1163 5491 Pensa
1202 5449 1333 5505 ergo
1371 5441 1627 5503 quantum
1673 5433 1743 5487 sit
1775 5432 2095 5488 damnabilis

531 5521 613 5598 pii
642 5545 671 5582 a
704 5530 907 5584 malitia
947 5544 1052 5584 non
1081 5535 1256 5593 vacat,
1285 5527 1331 5582 si
1360 5534 1416 5581 et
1444 5524 1530 5580 ille
1552 5540 1732 5581 sermo
1757 5524 1986 5595 poenalis
2010 5533 2095 5579 est

526 5620 613 5690 qui
650 5635 679 5672 a
714 5620 951 5679 bonitate
998 5617 1241 5674 utilitatis
1284 5626 1454 5674 vacat.
1491 5637 1508 5669 ›
1545 5616 1610 5671 Ει
1644 5615 1864 5670 iu'libro
1913 5612 2091 5669 Mora-

526 5710 653 5776 lium
682 5708 793 5781 (lib.
826 5724 899 5777 tv,
934 5728 1046 5781 cap.
1075 5711 1130 5779 6)
1165 5728 1177 5765 :
1221 5730 1238 5760 ‹
1277 5707 1563 5764 Sciendum
1593 5716 1693 5767 est.
1729 5705 1921 5775 inquit,
1949 5702 2090 5772 quod
2133 5710 2137 5714 ’

2202 3252 2640 3325 praesumpserit,
2700 3253 2817 3321 ipse
2867 3250 2922 3304 in
2983 3264 3044 3305 se
3102 3248 3463 3324 damnationis
3506 3247 3786 3323 iudicetur

2201 3346 2489 3417 protulisse
2534 3343 2879 3399 sententiam.
2919 3361 2939 3393 ι
2973 3340 3225 3397 Sentisne
3253 3341 3383 3420 quid
3407 3339 3603 3395 audis?
3630 3340 3782 3395 intel-

2200 3435 2394 3506 ligisne
2416 3449 2534 3504 qua:
2564 3433 2734 3504 legis?
2758 3432 2819 3486 lii
2847 3431 2992 3486 enim
3023 3431 3162 3486 sacri
3192 3432 3428 3485 canones
3447 3443 3547 3485 eos
3567 3429 3642 3484 ab
3664 3430 3781 3484 aliis

2202 3526 2368 3595 recipi
2402 3525 2723 3594 prohibent,
2753 3523 2843 3592 qui
2870 3522 3069 3578 merito
3102 3521 3402 3577 facinorum
3444 3535 3672 3575 suorum
3714 3521 3786 3575 ah

2200 3614 2443 3671 Ecclesia
2483 3613 2626 3684 pulsi
2669 3621 2830 3678 sunt,
2872 3622 2929 3668 et
2958 3612 3052 3681 qui
3095 3610 3369 3690 refugiunt
3416 3609 3499 3663 sui
3537 3608 3779 3678 episcopi

2203 3701 2461 3775 regulare
2473 3700 2737 3771 judicium
2757 3740 2773 3768 ,
2803 3708 2860 3755 et
2882 3701 2975 3770 qui
3000 3714 3099 3771 pro
3132 3704 3237 3773 suo
3274 3697 3524 3769 neglectu
3561 3711 3778 3752 excom-

2201 3799 2458 3857 municati
2482 3808 2627 3862 sunt,
2646 3809 2701 3852 et
2721 3804 2845 3852 ante
2864 3793 3193 3850 audientiam
3215 3801 3455 3862 tempore
3474 3804 3779 3846 excommu-

2200 3882 2488 3945 nicatidnis
2518 3886 2947 3943 communionem
2993 3890 3345 3955 praesumunt.
3388 3880 3779 3935 Laudunenses

2201 3992 2380 4036 autem
2422 3978 2622 4042 clerici,
2650 3993 2750 4033 nec
2778 3990 2876 4047 pro
2910 3989 3009 4031 suo
3036 3974 3282 4044 neglectu
3306 3970 3773 4027 exeommunicati

2201 4087 2231 4125 a
2261 4080 2314 4125 te
2342 4069 2585 4132 fuerunt,
2616 4081 2716 4122 nec
2748 4064 2993 4136 regulare
3018 4063 3283 4133 judicium
3307 4061 3650 4131 refugerunt,
3678 4074 3777 4114 nec

2202 4169 2325 4220 ante
2342 4160 2668 4214 audientiam
2689 4168 2743 4213 et
2758 4156 3118 4226 cognitionem
3139 4150 3573 4209 communionem
3588 4158 3773 4205 contra

2202 4253 2414 4323 regulas
2466 4256 2943 4322 prtesumpserunt.
3000 4244 3202 4317 Regula
3250 4243 3448 4313 quippe
3473 4280 3490 4307 ,
3532 4241 3679 4297 unde
3721 4247 3774 4295 et

2200 4343 2434 4415 qualiter
2477 4342 2677 4410 quique
2723 4333 3178 4401 excommunicari
3214 4331 3480 4396 debeant,
3510 4329 3670 4386 nobis
3693 4336 3775 4384 est

2203 4434 2488 4490 manifeste
2510 4436 2846 4503 deprompta,
2873 4427 3335 4486 dicenteDomino
3358 4443 3373 4482 :
3398 4424 3463 4481 Si
3490 4425 3770 4495 peccaverit

2202 4525 2257 4579 in
2282 4533 2333 4576 te
2358 4522 2522 4592 frater
2549 4532 2670 4575 tuus
2693 4560 2710 4586 ,
2757 4530 2815 4576 et
2850 4519 3063 4604 reliqua
3095 4531 3265 4587 usque
3288 4516 3417 4571 dum
3442 4513 3665 4579 dicitur,
3706 4514 3771 4568 ait

2201 4615 2294 4669 tibi
2335 4614 2467 4668 sicut
2496 4612 2730 4667 ethnicus
2776 4622 2823 4665 et
2865 4600 3195 4681 publicanus.
3239 4608 3404 4661 Amen
3446 4605 3566 4659 dico
3610 4604 3768 4670 vobis,

2202 4718 2521 4774 quicunque
2543 4701 2883 4771 alligaueritis
2914 4715 3072 4769 super
3097 4708 3314 4762 terram,
3342 4702 3495 4749 erant
3530 4692 3699 4764 ligata
3724 4701 3772 4747 et

2198 4793 2257 4846 in
2297 4790 2422 4845 calo
2469 4788 2686 4861 (Matth.
2735 4788 2914 4860 xvtn).
2960 4788 3029 4842 Et
3071 4786 3174 4841 bac
3219 4783 3435 4856 regula,
3464 4793 3635 4851 atque
3674 4782 3773 4836 hoc

2201 4880 2433 4950 regulari
2473 4878 2712 4946 judicio,
2740 4878 3111 4947 canonicoque
3148 4875 3377 4940 ordine,
3419 4873 3489 4927 ab
3516 4870 3775 4928 Ecclesiae

2198 4971 2578 5034 communione
2606 4968 3019 5034 medicinaliter,
3044 4981 3219 5037 usque
3236 4966 3363 5022 dum
3386 4971 3779 5019 convertantur

2197 5068 2253 5116 et
2280 5061 2347 5115 ad
2376 5058 2752 5130 pmnitentiam
2774 5058 3018 5122 redeant,
3044 5064 3324 5124 separatos
3346 5060 3563 5109 constat
3594 5060 3716 5105 rata
3742 5064 3775 5104 ι

2199 5152 2311 5207 Deo
2332 5150 2539 5220 prolata
2563 5149 2829 5205 sententia
2852 5165 2866 5202 :
2896 5147 3231 5216 Quicunque
3254 5143 3597 5214 alligaveritia
3622 5156 3777 5213 super

2197 5252 2391 5296 terram
2410 5283 2425 5308 ,
2459 5251 2611 5296 erunt
2655 5240 2819 5312 ligata
2844 5250 2896 5308 et
2923 5241 2978 5294 in
3002 5238 3128 5294 caelo
3157 5236 3355 5309 (ἰωὰ).
3386 5236 3457 5291 Et
3496 5236 3645 5291 sacri
3689 5249 3777 5297 ca-

2202 5347 2371 5388 nones
2398 5333 2577 5387 taliter
2605 5347 2636 5386 a
2678 5331 2911 5402 propriis
2930 5332 2935 5337 ’
2955 5330 3221 5399 episcopis
3266 5329 3510 5397 abiectos
3555 5326 3643 5383 vel
3683 5340 3777 5380 ex-

2200 5413 2657 5488 communicatos,
2686 5408 2775 5477 vel
2821 5421 2870 5475 si
2913 5420 3134 5475 dubium
3165 5417 3327 5473 fuerit
3370 5426 3552 5471 utrum
3597 5416 3776 5470 taliter

2197 5529 2368 5570 necne
2414 5514 2610 5585 abjecti
2655 5510 2763 5568 vel'
2789 5510 3237 5567 excommunicati
3289 5508 3521 5581 fuerint,
3552 5508 3770 5562 interim

2196 5613 2311 5661 non‘
2345 5605 2510 5674 recipi
2534 5605 2603 5659 ab
2627 5604 2749 5659 aliis
2783 5603 3120 5673 praecipiunt,
3153 5601 3197 5656 si
3226 5610 3352 5655 ante
3391 5615 3488 5670 per
3515 5590 3777 5659 finitimos

2196 5699 2507 5769 cpiscOpos,
2558 5696 2640 5751 vel
2689 5710 2784 5765 per
2827 5694 3028 5750 electos
3074 5701 3166 5747 aut
3212 5691 3499 5759 deputatus
3539 5688 3766 5757 iudices.
