3948 5376
160 289 278 343 409

923 287 1163 344 OPUSC.
1207 287 1296 343 ET
1333 287 1549 343 EPIST.
1588 286 1656 341 IN
1695 286 1916 342 CAUSA
1959 285 2282 343 lllNCMAlll
2321 291 2622 347 LAUDUN.
2697 269 2706 276 ι

3314 297 3418 354 MC
3463 311 3468 320 ‘

162 417 354 456 causa:
383 417 571 457 eorum
597 401 737 454 finiri
766 404 1122 470 nequiverint,
1146 405 1315 458 donec
1341 404 1392 456 in
1423 403 1736 472 provinciali
1768 415 1816 472 Α
1841 405 2129 471 sequamini
2155 406 2368 473 vestigia
2396 406 2533 474 ejus,
2563 408 2653 476 qui
2674 417 2942 476 peccatum
2992 425 3094 476 non
3141 409 3282 476 fecit,
3327 427 3419 463 nec

163 494 380 563 synodo
409 531 422 555 ,
478 507 587 562 quo
634 492 1078 561 metropolitanus
1126 496 1353 548 antistes
1396 494 1743 564 probaverit,

167 579 556 642 discutiantur,
589 589 642 634 et
684 581 1001 650 regulariter
1038 583 1362 636 sententiam
1392 584 1749 637 communiter

165 668 451 724 inventam
501 667 695 738 abjecti
743 671 1066 739 suscipiant,
1109 672 1243 726 sicut
1284 671 1482 725 Nicazni
1513 685 1748 726 canones

165 771 361 829 aperte
415 761 784 815 demonstrant
829 762 1070 816 dicentes
1119 762 1272 830 (can.
1318 762 1384 832 5)
1421 779 1434 814 :
1485 781 1504 814 ι
1549 761 1612 815 Hi
1655 761 1747 831 qui

167 851 530 919 abjiciuntur,
585 853 650 905 ait
695 852 816 906 aliis
864 867 968 906 non
1023 851 1374 921 recipiantur.
1419 852 1749 921 Requiratur

171 951 384 1004 autem,
413 957 482 996 ne
513 941 976 1010 pusillanimitate,
1007 951 1100 996 aut
1128 944 1492 1009 contentione,
1521 952 1614 997 aut
1643 943 1748 998 alio

171 1032 418 1100 quolibet
448 1033 685 1102 episcopi
735 1033 886 1098 vitio,
937 1034 1220 1089 videantur
1262 1050 1292 1088 a
1335 1035 1749 1106 congregatione

172 1122 394 1175 seclusi.
425 1140 445 1174 ι
476 1121 818 1178 Manifestum
857 1131 940 1176 est
977 1124 1144 1188 enim,
1186 1124 1438 1197 qumiiam
1470 1125 1630 1180 dubia
1666 1125 1747 1182 vel

171 1213 407 1267 obscura
436 1211 690 1280 iubentur
719 1216 939 1284 requiri,
976 1231 1081 1271 non
1111 1226 1259 1271 certa
1309 1217 1392 1272 vel
1440 1217 1744 1273 manifesta.

171 1301 239 1356 Et
263 1303 664 1361 Autiochenum
690 1305 978 1363 concilium
1004 1305 1143 1374 (ean.
1171 1305 1224 1376 6)
1250 1322 1304 1364 τι
1339 1307 1746 1371 Communione,

169 1391 386 1460 inquit,
416 1393 656 1462 privatus
696 1408 724 1446 a
765 1394 983 1463 proprio
1025 1395 1299 1464 episcopo,
1329 1411 1433 1450 non
1460 1405 1584 1452 ante
1611 1397 1750 1452 reci-

169 1480 356 1548 piatur
384 1481 452 1535 ab
471 1481 610 1548 aliis,
635 1483 806 1559 donec
829 1483 1048 1552 proprio
1071 1485 1448 1540 reconcilietur
1473 1487 1748 1556 episcopo,

170 1580 260 1625 aut
291 1587 587 1634 occurrens
611 1573 678 1626 ad
707 1573 969 1644 synodum
1007 1590 1126 1644 qua:
1153 1587 1532 1648 congregatur,
1559 1592 1658 1650 pro
1691 1591 1750 1632 se

171 1661 496 1726 satisfaciat,
528 1671 582 1719 et
609 1665 938 1732 persuadens
965 1666 1193 1720 concilio
1219 1667 1542 1727 sententiam
1574 1667 1748 1723 susci-

1846 491 2079 545 inventus
2104 487 2184 545 est
2206 494 2356 548 dolus
2383 497 2548 549 inore
2579 497 2713 566 ejus,
2735 499 2825 566 qui
2854 514 2970 550 cum
3003 498 3417 564 malediceretur,

1848 600 1950 636 non
1999 585 2334 639 maledicebat
2353 628 2368 652 ,
2397 605 2513 642 cum
2554 599 2820 659 pateretur
2851 606 2954 643 non
2982 593 3417 651 comminabatur,

1846 675 2081 728 tradebat
2125 686 2296 730 autem
2334 679 2598 748 judicanti
2648 699 2702 735 se
2742 682 2935 751 injuste
2974 681 3026 751 (I
3062 681 3207 736 Petr.
3241 685 3320 752 ιι).
3353 683 3420 738 ΕΙ.

1845 766 2043 822 Paulus
2072 784 2084 818 :
2115 767 2439 833 Benedicite,
2488 782 2535 823 et
2581 771 2738 824 nolite
2785 772 3096 826 maledicere
3121 812 3135 836 ,
3167 788 3269 826 non
3302 774 3418 826 red-

1845 859 2023 914 dentes
2045 860 2241 912 malum
2264 877 2358 930 pro
2380 863 2539 926 malo,
2561 879 2652 916 nec
2672 864 3007 918 maledictum
3027 883 3120 934 pro
3145 865 3419 918 maledicto

1848 949 2026 1018 (Rom.
2069 951 2188 1019 xu).
2231 952 2297 1004 Et
2342 952 2469 1006 hinc
2502 969 2598 1023 per
2624 956 2968 1025 semctipsam
3003 957 3212 1012 Veritas
3242 957 3415 1028 dicit:
3465 985 3470 994 ο

1847 1040 2058 1110 Diligite
2092 1042 2330 1096 inimicos
2359 1054 2572 1109 vestros,
2623 1045 2906 1114 benefacite
2949 1047 3029 1101 Itis
3071 1049 3160 1117 qui
3203 1048 3421 1101 oderunt

1847 1146 1955 1183 vos.
2005 1129 2167 1184 Orate
2200 1146 2292 1200 pro
2335 1135 2754 1202 persequentibus
2783 1145 2829 1188 et
2867 1135 3305 1199 calumniantibus
3335 1153 3421 1190 eos

1849 1219 2064 1291 (Matth.
2093 1221 2169 1292 v).
2206 1241 2224 1273 ι
2265 1221 2482 1286 Virtus,
2533 1224 2705 1294 inquit
2749 1225 3038 1297 Gregorius
3081 1229 3241 1299 (liam.
3271 1228 3340 1283 35
3368 1229 3423 1282 in

1851 1311 2105 1381 Evang.),
2139 1320 2222 1366 est
2253 1328 2437 1367 coram
2465 1315 2771 1371 hominibus
2800 1317 3025 1373 adversa
3060 1319 3306 1384 tolerare,
3330 1318 3424 1374 sed

1850 1400 2022 1457 virtus
2054 1415 2234 1454 coram
2268 1403 2378 1456 Deo
2399 1402 2621 1473 diligere
2647 1420 2661 1455 :
2691 1406 2814 1472 quia
2846 1406 2948 1462 hoc
2970 1405 3139 1460 solum
3169 1405 3310 1466 Deus
3332 1421 3419 1460 sa-

1849 1492 2110 1546 criﬁcium
2143 1494 2388 1563 accipit,
2421 1495 2562 1564 quod
2610 1495 2894 1564 anto'ejus
2940 1497 3124 1552 oculos
3165 1498 3216 1551 in
3267 1496 3420 1550 altari

1851 1583 2005 1636 bona:
2047 1584 2379 1652 operationis
2423 1584 2637 1638 ﬂamma
2685 1585 2965 1640 charitatis
3008 1587 3262 1640 incendit.
3306 1605 3324 1637 ι
3355 1585 3424 1641 Et

1852 1673 2108 1727 Dominus
2154 1673 2272 1727 illos
2317 1674 2449 1728 dicit
2478 1675 2684 1738 beatos,
2729 1675 2824 1744 qui
2863 1677 3292 1745 persecutionem
3322 1691 3420 1745 pa-

171 1752 289 1818 piat
332 1752 578 1814 alteram.
615 1772 634 1804 ι
672 1753 738 1807 Ει
775 1753 1123 1816 Sardiceuses
1164 1771 1398 1822 canones
1441 1756 1580 1828 (can,
1613 1754 1740 1824 l7):
1776 1753 1819 1810 Β
1850 1762 2056 1816 tiuntur
2089 1771 2308 1832 propter
2345 1761 2611 1830 justitiam
2659 1763 2874 1832 (Matth.
2909 1767 3008 1833 v);
3061 1780 3165 1820 non
3205 1773 3424 1833 propter

175 1865 193 1895 ι
231 1846 350 1910 llle,
378 1847 644 1916 inquiunt,
669 1849 972 1917 episcopus,
998 1849 1087 1917 qui
1110 1849 1253 1917 juste
1280 1858 1373 1904 aut
1399 1849 1598 1918 injuste
1625 1864 1747 1902 eum

172 1937 400 2006 abiecit,
431 1940 698 2008 patienter
739 1932 967 2018 accipiat
1002 1949 1061 1994 ut
1102 1942 1373 2012 negotium
1406 1942 1747 2006 discutiatur,

172 2041 231 2084 ut
259 2033 347 2086 vel
379 2034 635 2103 probetur
659 2036 926 2089 sententia
957 2034 1074 2102 ejus
1104 2052 1130 2089 a
1159 2035 1424 2104 plurimis,
1460 2037 1541 2090 vel
1567 2051 1752 2090 emen-

170 2124 356 2177 detur.
394 2144 411 2175 ι
448 2123 666 2179 Scilicet
693 2134 750 2179 ut
787 2126 1122 2181 discussione
1151 2123 1290 2180 facta
1325 2127 1391 2180 de
1425 2134 1550 2180 ante
1576 2126 1751 2182 dubiis

169 2223 221 2268 3t
268 2210 554 2280 obscuris,
575 2217 842 2270 sententia
873 2217 1268 2272 rationabiliter
1299 2218 1440 2272 dicta
1475 2219 1748 2287 probetur,

168 2304 259 2357 vel
297 2305 740 2360 irrationabiliter
782 2307 992 2375 prolata
1047 2307 1383 2360 emendetur.
1432 2307 1501 2361 Et
1549 2308 1648 2362 hoc
1688 2309 1752 2361 de

166 2411 314 2456 uno,
350 2396 435 2449 vel
481 2396 720 2461 duobus,
752 2405 846 2451 aut
891 2397 1091 2461 tribus,
1145 2398 1330 2451 decem
1378 2411 1624 2465 quoque,
1669 2396 1752 2452 vel

165 2485 391 2555 viginti,
419 2495 510 2540 aut
541 2487 782 2557 triginta,
807 2495 860 2540 et
886 2487 951 2542 de
978 2487 1153 2542 dubiis
1171 2487 1255 2541 vel
1276 2487 1520 2543 obscuris
1547 2487 1752 2542 servari

162 2577 447 2646 patienter
466 2577 647 2646 aliquo
668 2578 827 2632 modo
847 2587 1076 2646 poterat.
1097 2580 1165 2632 At
1183 2579 1271 2634 ubi
1293 2579 1750 2647 manifestissime,

160 2667 319 2720 sicut
343 2667 592 2726 omnibus
619 2676 833 2722 constat
873 2681 994 2722 esse
1038 2668 1404 2733 notissimum,
1432 2670 1546 2724 sine
1573 2669 1750 2738 aliqua

159 2758 410 2822 ratione,
441 2758 525 2812 vel
547 2758 702 2828 culpa
731 2758 1080 2824 abjectorum,
1108 2769 1294 2813 contra
1324 2775 1538 2815 omnem
1569 2769 1753 2822 aucto.

157 2850 430 2922 ritatem,
462 2850 718 2914 trecenti,
766 2849 849 2905 vel
883 2851 1281 2921 quadringenti,
1312 2851 1426 2905 sive
1453 2852 1750 2921 quingenti,

154 2941 295 2996 solo
329 2950 420 2996 tuo
441 2939 658 3004 furore,
685 2951 738 2996 et
776 2957 937 2996 causa
966 2941 1280 3011 injuriarum
1311 2949 1522 2995 tuarum
1559 2940 1753 3009 abjecti

1853 1853 2172 1922 nequitiam,
2206 1855 2307 1907 nisi
2341 1853 2480 1909 forte
2507 1871 2602 1923 per
2631 1856 2799 1923 ipsam
2832 1856 3259 1924 persecutionem
3295 1871 3425 1909 con-

1855 1953 2136 1997 vertantur
2162 1946 2228 1997 ad
2257 1946 2680 2010 correctionem,
2712 1952 2766 1998 et
2806 1955 3204 2014 consequantur
3235 1959 3425 2014 purga-

1855 2033 2016 2092 tionis
2034 2034 2439 2092 beatitudinem.
2459 2035 2537 2093 Tu
2561 2043 2760 2097 autem,
2778 2035 2820 2089 si
2838 2045 3027 2090 contra
3052 2035 3198 2104 leges
3218 2035 3426 2088 divinas

1852 2133 1908 2179 et
1928 2126 2192 2194 humanas
2225 2127 2276 2180 in
2306 2136 2356 2180 te
2379 2127 2634 2194 quiddam
2662 2143 2692 2180 a
2718 2142 3039 2195 quocunque
3065 2126 3274 2196 exstitit
3303 2141 3422 2194 per-

1853 2225 2143 2284 petratum,
2189 2218 2320 2271 mihi
2362 2218 2461 2271 hoc
2499 2225 2683 2272 notum
2719 2216 2929 2281 facere,
2974 2225 3028 2270 et
3073 2232 3169 2286 per
3212 2217 3425 2286 aliquod

1855 2309 2112 2376 temporis
2157 2309 2392 2377 spatium
2440 2309 2706 2377 patienter
2754 2309 3040 2376 debueras
3075 2317 3424 2376 exspectare,

1854 2413 2024 2468 usque
2053 2400 2179 2454 dum
2218 2399 2343 2454 inde
2367 2415 2487 2453 cum
2517 2399 2776 2453 fratribus
2797 2406 2849 2452 et
2870 2397 3203 2466 coepiscopis
3225 2397 3424 2452 nostris

1853 2499 2178 2560 satagerem,
2197 2491 2337 2544 sicut
2357 2491 2520 2544 etiam
2542 2505 2780 2560 egeram,
2804 2497 2859 2542 et
2882 2503 2987 2543 non
3012 2496 3132 2541 tuas
3153 2486 3427 2542 molestias

1854 2578 2080 2632 aliorum
2106 2579 2499 2648 perditionibus
2522 2578 2816 2632 vindicare.
2848 2577 2916 2639 Et
2935 2577 2980 2630 si
3002 2575 3158 2641 forte,
3175 2591 3427 2645 quaerens

1855 2672 2139 2739 resistendi
2186 2671 2416 2740 sulfugia
2441 2710 2456 2735 ,
2496 2678 2550 2725 et
2600 2670 2780 2740 potius
2821 2668 3180 2738 perniciosum
3225 2668 3424 2723 factum

1856 2769 2005 2814 tuum
2033 2759 2268 2828 elegeris
2300 2759 2611 2822 defendere,
2641 2773 2801 2826 quam
2825 2771 3226 2827 recognoscere
3265 2766 3428 2824 atque

1853 2853 2153 2922 corrigere,
2197 2851 2433 2921 objieere
2477 2851 2608 2905 mihi
2651 2851 2888 2922 volueris
2912 2849 3054 2918 quod
3083 2847 3428 2903 innocentius

1853 2947 1918 3000 ad
1945 2944 2266 3000 Macedones
2281 2943 2498 3012 scripsit
2521 2943 2802 3012 episcopos
2823 2942 3008 2996 dicens
3034 2941 3207 3010 (epist.
3223 2939 3313 3004 29,
3327 2940 3426 2995 sub

153 3040 364 3096 erant,
394 3033 445 3085 in
484 3046 713 3102 quorum
743 3030 1072 3098 abjectione,
1102 3040 1162 3085 ut
1191 3031 1382 3085 beatus
1423 3030 1756 3100 Augustinus
1787 3094 1822 3103 Α
1856 3035 2040 3103 tinem)
2066 3051 2080 3090 :
2114 3052 2133 3084 ί
2173 3034 2278 3088 Sed
2307 3043 2365 3087 ιιι
2393 3048 2534 3102 saepe
2563 3032 2782 3097 accidit,
2809 3032 3018 3101 quoties
3046 3045 3077 3084 a
3103 3029 3311 3100 populis
3336 3037 3429 3084 aut

152 3122 307 3177 dicit
337 3094 519 3191 (epist:
542 3119 654 3193 50),
701 3094 822 3176 non:
854 3120 1014 3190 hujus
1060 3128 1154 3174 aut
1198 3120 1340 3174 illius
1374 3094 1606 3173 hominis
1635 3129 1754 3181 erat
1779 3094 1822 3154 Ο
1855 3141 1886 3178 a
1911 3094 2066 3179 turba
2092 3133 2368 3194 peccatur,
2409 3094 2532 3192 quia
2564 3123 2618 3177 in
2659 3094 2849 3177 ornues
2887 3094 3426 3192 propter-multitudi-

154 3211 501 3281 periculum,
529 3212 623 3264 sed
650 3209 970 3280 populorum
1014 3218 1221 3278 strages
1258 3207 1474 3277 jacebat
1503 3210 1554 3262 in
1583 3210 1749 3278 perdi-

1855 3232 1977 3270 nem
2009 3231 2115 3270 non
2167 3224 2348 3284 potest
2392 3215 2688 3278 vindicari,
2736 3214 2963 3268 inultum
2995 3213 3131 3268 solet
3158 3212 3388 3268 transire
3412 3253 3429 3277 ,

152 3304 356 3366 tione,
386 3302 551 3355 etiam
583 3301 672 3368 qui
704 3300 757 3354 iu
801 3300 906 3354 tuis
953 3297 1163 3367 injuriis
1205 3315 1308 3353 non
1359 3309 1749 3369 peccaverunt,

1853 3307 2034 3378 priora
2061 3321 2189 3376 ergo
2213 3304 2534 3363 dimittenda
2553 3305 2676 3360 dico
2699 3304 2792 3358 Dei
2809 3303 3034 3372 judicio,
3059 3311 3113 3357 et
3134 3303 3200 3357 de
3221 3301 3429 3370 reliquo

150 3393 268 3448 sed
302 3391 481 3460 potius
511 3389 827 3454 doluerunt,
856 3403 955 3458 pro
991 3388 1186 3458 quibus
1213 3388 1287 3442 illi
1335 3389 1528 3458 objecti
1573 3396 1750 3452 erant,
1853 3396 2088 3452 maxima
2136 3395 2502 3452 sollicitudine.
2546 3395 2990 3465 praecavendum;
3028 3413 3048 3453 ι
3085 3391 3270 3460 rejicio
3300 3392 3426 3456 tibi,

151 3483 261 3536 cui
316 3480 630 3534 Christiano
679 3479 886 3534 servari
932 3494 1102 3547 usque
1153 3477 1219 3532 ad
1255 3477 1706 3532 exarninationem
1733 3517 1748 3540 ,
1854 3497 1914 3544 ut
1941 3487 2023 3540 vel
2054 3488 2105 3541 in
2133 3485 2381 3556 pepulos.
2409 3493 2503 3539 aut
2538 3485 2591 3539 in
2639 3485 2850 3541 turbam
2879 3491 3213 3552 peccantem,
3239 3492 3428 3538 etnon

151 3576 325 3628 sicut
350 3573 416 3626 de
446 3571 625 3624 dumis
648 3579 701 3624 ει
730 3571 976 3624 Obscuris
1004 3577 1059 3622 ει
1086 3568 1215 3621 "illi!
1248 3567 1469 3636 Periculi
1505 3567 1751 3620 habemi-
1855 3581 1909 3632 in
1933 3579 2158 3647 populos
2181 3587 2236 3631 et
2256 3578 2308 3630 in
2341 3578 2554 3630 turbam
2581 3577 2875 3638 innoxiam,
2903 3577 3004 3630 has
3025 3573 3430 3627 maledictiones

150 3667 301 3727 bus,
333 3661 508 3714 videri
535 3659 816 3713 debuerit?
849 3659 1080 3712 Maxime
1103 3673 1230 3727 erga
1259 3674 1363 3711 non
1391 3666 1678 3727 peccantes
1699 3657 1749 3731 in

1857 3679 1979 3720 tuas
2002 3680 2276 3726 esereres,
2306 3665 2397 3732 qui
2427 3664 2555 3722 nulli
2578 3663 2922 3727 maledicere,
2956 3663 3120 3718 etiam
3145 3661 3198 3714 in
3232 3670 3284 3716 te
3306 3675 3430 3728 pec-

146 3757 290 3812 tuis
322 3752 555 3822 injuriis,
579 3752 679 3806 'sed
707 3751 948 3805 dolentes
983 3767 997 3802 :
1030 3765 1151 3803 cum
1182 3750 1323 3804 Deus
1352 3750 1491 3802 hanc
1520 3748 1755 3801 retribu-
1855 3755 2023 3818 cauti,
2068 3755 2288 3809 minimc
2331 3763 2510 3808 autem
2558 3767 2662 3807 non
2694 3752 2967 3821 peccanti,
2994 3750 3324 3820 p‘rreciperis.
3354 3749 3430 3803 De

147 3850 384 3903 tionem
431 3841 604 3896 modis
626 3842 878 3895 omnibus
902 3841 1222 3903 detestetur,
1245 3856 1363 3892 cum
1394 3839 1754 3892 retribuuutur
1855 3843 2166 3913 alligatione
2208 3852 2390 3897 autem
2437 3841 2748 3910 episcopali,
2776 3839 2918 3910 quod
2963 3839 3118 3895 nobis
3147 3839 3279 3892 satis
3315 3846 3427 3892 trev

153 3935 320 3991 mala
347 3949 440 4003 pro
468 3933 614 3986 bonis
663 3931 835 4000 (Psal.
876 3930 1084 4000 xxxtv).
1116 3929 1232 3984 Non
1259 3943 1390 3997 ergo
1418 3935 1544 3982 ante
1570 3927 1753 3997 cogni—
1857 3933 2110 3988 mendum
2137 3973 2152 3995 ,
2185 3942 2238 3986 et
2269 3932 2568 3990 cavendum
2592 3971 2609 3995 ι
2653 3940 2814 3999 atque
2862 3927 3257 3992 observandum
3301 3937 3385 3982 est
3407 3966 3425 3992 ,

157 4029 403 4088 tionem,
435 4024 573 4076 sicut
605 4022 955 4079 Sardicenses
976 4035 1210 4074 canones
1226 4011 1416 4086 jub'cnt
1443 4018 1614 4087 (epist.
1637 4017 1749 4087 50),
1855 4030 2077 4078 sanctus
2126 4020 2418 4092 Gregorius
2468 4021 2520 4074 in
2568 4015 2790 4076 houuilia
2837 4018 3113 4090 Evangelii
3169 4017 3425 4088 vigesima

157 4119 269 4174 sed
301 4125 422 4186 post
447 4114 788 4169 manifestam
829 4112 1205 4180 cognitionem,
1237 4109 1487 4177 pra’fatos
1528 4109 1753 4163 clericos
1855 4121 2008 4168 sexta
2039 4112 2168 4165 dicit
2195 4126 2208 4163 :
2242 4131 2259 4162 ι
2292 4111 2446 4179 Saepe
2477 4110 2529 4164 in
2561 4111 2791 4180 ligandis
2814 4125 2877 4163 ac
2907 4107 3175 4164 solvendis
3200 4107 3427 4162 subditis

159 4229 193 4265 a
245 4219 298 4262 te
347 4207 655 4261 naledictos
692 4202 1054 4260 communioni
1084 4200 1404 4270 regulariter
1433 4198 1651 4254 sociavi.
1685 4197 1754 4252 Et
1853 4212 2038 4274 pastor
2063 4219 2173 4257 suae
2214 4201 2508 4256 voluntatis
2533 4210 2741 4265 motus,
2772 4214 2876 4253 non
2919 4209 3098 4252 autem
3141 4213 3428 4253 causarum

159 4303 210 4356 si
250 4301 392 4354 forte
411 4298 609 4367 aliquid
633 4295 856 4350 rationis
886 4294 966 4348 vel
995 4292 1332 4348 auctoritatis
1362 4290 1584 4344 haberet
1610 4291 1750 4358 quod
1853 4296 2046 4348 merita
2077 4294 2340 4362 sequitur.
2375 4291 2529 4346 Unde
2558 4291 2618 4344 lit
2646 4300 2702 4344 ut
2734 4291 2847 4359 ipsa
2877 4291 2975 4344 hac
3009 4289 3291 4360 ligandi‘et
3321 4288 3430 4343 sol-

161 4389 375 4452 fecisti,
407 4389 494 4443 ubi
527 4396 795 4441 tantorum
826 4383 1141 4453 populorum
1184 4390 1395 4451 strages
1433 4391 1487 4434 et
1514 4378 1750 4448 pericula
1855 4384 2012 4437 vendi
2041 4391 2304 4451 potestate
2330 4396 2387 4435 se
2416 4381 2612 4450 privet,
2639 4379 2730 4450 qui
2757 4380 2895 4433 hanc
2919 4395 3016 4450 pro
3047 4379 3159 4432 suis
3181 4379 3429 4432 volunta-

161 4478 573 4541 imminebant,
617 4475 1003 4530 detrahendum
1055 4471 1226 4534 foret,
1277 4480 1334 4523 Ill.
1380 4468 1518 4523 idem
1562 4467 1750 4521 beatus
1779 4459 1826 4516 D
1857 4475 2037 4536 tibus,
2095 4478 2150 4526 el,
2195 4488 2301 4526 non
2351 4487 2450 4540 pro
2498 4468 2862 4537 subjeclorum
2902 4469 3142 4523 muribus
3188 4477 3424 4523 exercet,

157 4573 512 4641 Augustinus
535 4572 889 4637 demonstrat,
913 4546 1114 4632 aliquid
1139 4562 1434 4624 severitati,
1462 4569 1522 4613 ut
1543 4559 1755 4628 majori-

157 4662 274 4716 bus
308 4662 470 4716 malis
497 4663 752 4716 sanandis
771 4657 1082 4715 subveniret
1109 4655 1346 4709 cliaritas
1367 4670 1488 4722 quae
1515 4651 1755 4719 cooperit

159 4749 576 4806 multitudinem
636 4756 998 4819 peccatorum.
1062 4745 1129 4798 Et
1175 4743 1220 4797 si
1280 4751 1484 4796 tantum
1529 4743 1580 4799 in
1627 4755 1750 4806 eos,

153 4837 257 4905 qui
295 4846 551 4893 auctores
571 4839 651 4894 vel
676 4846 978 4908 patratores
999 4833 1316 4904 injuriarum
1341 4841 1550 4891 tuarum
1576 4840 1750 4897 erant,

155 4926 591 4994 maledictiqnes
618 4937 736 4988 tuas
765 4925 1054 4996 jaculan‘do
1077 4938 1349 4986 exereres,
1377 4921 1517 4976 forte
1544 4921 1749 4990 portari

150 5017 232 5071 ab
263 5016 406 5072 aliis
427 5027 690 5088 poterant,
721 5034 891 5089 usque
923 5019 1048 5076 dum
1090 5015 1330 5086 synodali
1358 5023 1628 5070 conventu
1660 5013 1752 5068 tibi

153 5105 649 5164 demonstraretur
679 5119 731 5163 te
773 5115 962 5168 contra
1007 5107 1268 5169 rationem
1297 5105 1500 5178 egisse,
1529 5103 1755 5156 docente

145 5197 340 5249 beato
376 5195 534 5250 Petro
559 5201 796 5266 apostolo
820 5217 832 5252 :
859 5197 988 5252 Ha’c
1005 5209 1077 5270 est
1098 5198 1238 5251 enim
1261 5198 1456 5267 gratia,
1482 5194 1530 5248 si
1551 5202 1758 5262 propter

134 5287 548 5339 ronscientiam
571 5289 668 5342 Dei
687 5292 901 5344 sustinet
922 5291 1034 5361 quis
1055 5289 1294 5343 tristitias
1315 5289 1517 5357 patiens
1540 5284 1752 5352 injuste.

1859 4564 2010 4620 Unde
2053 4571 2200 4617 recte
2246 4578 2342 4632 per
2386 4562 2704 4630 prophetam
2750 4545 2949 4614 dicitur
2986 4579 2998 4613 :
3038 4558 3427 4624 Mortiﬁrabant

1857 4655 2060 4708 animos
2100 4669 2218 4722 qua:
2259 4669 2362 4705 non
2405 4653 2723 4716 moriuntur,
2769 4662 2815 4704 et
2855 4651 3180 4725 riviﬁcabant
3222 4651 3428 4708 animas

1855 4761 1970 4816 qua:
1995 4760 2098 4797 non
2121 4743 2290 4796 vivunt
2323 4741 2539 4812 (Ezech.
2577 4741 2719 4810 ιιιιι).
2751 4741 2867 4796 Non
2891 4744 3204 4805 morientem
3233 4737 3429 4809 quippe

1857 4837 2168 4898 mortiticat,
2215 4834 2304 4902 qui
2347 4833 2553 4902 justum
2597 4833 2820 4893 damnat
2855 4854 2868 4888 :
2905 4845 2958 4889 et
3002 4849 3107 4888 non
3155 4832 3424 4883 victurum

1855 4928 2133 4982 vivificare
2153 4924 2360 4992 nititur,
2383 4927 2475 4997 qui
2504 4939 2656 4979 reum
2679 4925 2942 4995 supplicio
2970 4921 3246 4979 absolvere
3272 4933 3432 4974 Cona-

1857 5025 1974 5081 tur;
2007 5036 2028 5068 ι
2065 5031 2129 5069 ac
2149 5029 2291 5082 saepe
2321 5019 2523 5088 agitur,
2555 5022 2616 5068 ut
2644 5014 2727 5067 vel
2755 5017 2973 5071 damnet
3000 5008 3312 5067 immeritos,
3343 5005 3428 5058 vel

1857 5109 1993 5164 alios
2019 5109 2132 5177 ipse
2158 5107 2348 5176 “83105
2377 5110 2574 5166 εοὶνίὶῑο
2613 5104 2728 5158 NOII
2759 5105 2924 5176 igitur
2955 5114 3146 5158 novum
3167 5137 3183 5162 ,
3223 5093 3315 5149 sed
3341 5108 3432 5146 ve-

1859 5209 2032 5254 terum
2067 5198 2372 5268 regularum
2395 5196 2755 5262 constitutum
2781 5209 2888 5264 est,
2917 5191 3059 5267 quod
3089 5188 3170 5258 egi
3204 5188 3256 5241 in
3281 5183 3434 5240 abso.-

1859 5289 2064 5344 lutione
2095 5305 2124 5341 a
2157 5297 2206 5340 te
2233 5291 2693 5357 maledictorum:
2727 5287 2856 5353 quia
2895 5299 2948 5340 ut
2984 5276 3226 5336 Gelasius
3251 5274 3315 5328 de
3338 5289 3436 5333 suo
