  <div class='ocr_page' id='page_1' title='image "/cluster/home/n/w/nwhite01/storage/ocr_20150623/126/hvd.32044015471675/211.png"; bbox 0 0 3990 6300; ppageno 0'>
   <div class='ocr_carea' id='block_1_1' title="bbox 462 334 559 390">
    <p class='ocr_par' dir='ltr' id='par_1_1' title="bbox 462 334 559 390">
     <span class='ocr_line' id='line_1_1' title="bbox 462 334 559 390; baseline 0.021 -2"><span class='ocrx_word' id='word_1_1' title='bbox 462 334 559 390; x_wconf 71' lang='grc'><strong>411</strong></span> 
     </span>
    </p>
   </div>
   <div class='ocr_carea' id='block_1_2' title="bbox 1451 329 2758 388">
    <p class='ocr_par' dir='ltr' id='par_1_2' title="bbox 1451 329 2758 388">
     <span class='ocr_line' id='line_1_2' title="bbox 1451 329 2758 388; baseline 0.001 -3"><span class='ocrx_word' id='word_1_2' title='bbox 1451 331 1777 387; x_wconf 75' lang='lat' dir='ltr'><strong>HINCMARI</strong></span> <span class='ocrx_word' id='word_1_3' title='bbox 1816 329 2207 386; x_wconf 77' lang='lat' dir='ltr'><strong>RHEMENSIS</strong></span> <span class='ocrx_word' id='word_1_4' title='bbox 2244 331 2758 388; x_wconf 79' lang='lat' dir='ltr'><strong>ARCIIIEPISCOPI</strong></span> 
     </span>
    </p>
   </div>
   <div class='ocr_carea' id='block_1_3' title="bbox 3639 331 3746 385">
    <p class='ocr_par' dir='ltr' id='par_1_3' title="bbox 3639 331 3746 385">
     <span class='ocr_line' id='line_1_3' title="bbox 3639 331 3746 385; baseline 0.028 -3"><span class='ocrx_word' id='word_1_5' title='bbox 3639 331 3746 385; x_wconf 68' lang='lat'><strong>£13</strong></span> 
     </span>
    </p>
   </div>
   <div class='ocr_carea' id='block_1_4' title="bbox 465 438 3752 513">
    <p class='ocr_par' dir='ltr' id='par_1_4' title="bbox 465 438 3752 513">
     <span class='ocr_line' id='line_1_4' title="bbox 465 438 3752 513; baseline 0.001 -15"><span class='ocrx_word' id='word_1_6' title='bbox 465 442 567 499; x_wconf 87' lang='lat' dir='ltr'><strong>sub</strong></span> <span class='ocrx_word' id='word_1_7' title='bbox 597 457 793 513; x_wconf 82' lang='lat' dir='ltr'><strong>genere</strong></span> <span class='ocrx_word' id='word_1_8' title='bbox 824 441 1015 511; x_wconf 81' lang='lat' dir='ltr'><strong>latent,</strong></span> <span class='ocrx_word' id='word_1_9' title='bbox 1054 441 1306 508; x_wconf 77' lang='lat' dir='ltr'><strong>inspecta:</strong></span> <span class='ocrx_word' id='word_1_10' title='bbox 1355 455 1384 492; x_wconf 91' lang='lat' dir='ltr'><strong>a</strong></span> <span class='ocrx_word' id='word_1_11' title='bbox 1431 440 1587 494; x_wconf 87' lang='lat' dir='ltr'><strong>nobis</strong></span> <span class='ocrx_word' id='word_1_12' title='bbox 1631 438 1858 493; x_wconf 91' lang='lat' dir='ltr'><strong>formam</strong></span> <span class='ocrx_word' id='word_1_13' title='bbox 1904 440 2046 493; x_wconf 81' lang='lat' dir='ltr'><strong>acci-</strong></span> <span class='ocrx_word' id='word_1_14' title='bbox 2078 445 2121 502; x_wconf 81' lang='grc' dir='ltr'><strong>Α</strong></span> <span class='ocrx_word' id='word_1_15' title='bbox 2151 440 2323 496; x_wconf 90' lang='lat' dir='ltr'><strong>lorum</strong></span> <span class='ocrx_word' id='word_1_16' title='bbox 2384 443 2642 512; x_wconf 84' lang='lat' dir='ltr'><strong>principis</strong></span> <span class='ocrx_word' id='word_1_17' title='bbox 2699 443 3023 498; x_wconf 86' lang='lat' dir='ltr'><strong>auctoritate</strong></span> <span class='ocrx_word' id='word_1_18' title='bbox 3075 443 3458 504; x_wconf 81' lang='lat' dir='ltr'><strong>decernimus,</strong></span> <span class='ocrx_word' id='word_1_19' title='bbox 3521 443 3752 513; x_wconf 74' lang='lat' dir='ltr'><strong>triginta</strong></span> 
     </span>
    </p>
   </div>
   <div class='ocr_carea' id='block_1_5' title="bbox 464 531 2047 606">
    <p class='ocr_par' dir='ltr' id='par_1_5' title="bbox 464 531 2047 606">
     <span class='ocr_line' id='line_1_5' title="bbox 464 531 2047 606; baseline -0.002 -19"><span class='ocrx_word' id='word_1_20' title='bbox 464 535 617 606; x_wconf 90' lang='lat' dir='ltr'><strong>pient</strong></span> <span class='ocrx_word' id='word_1_21' title='bbox 645 553 658 587; x_wconf 87' lang='lat'>:</span> <span class='ocrx_word' id='word_1_22' title='bbox 690 544 943 587; x_wconf 76' lang='lat' dir='ltr'><strong>czeternm</strong></span> <span class='ocrx_word' id='word_1_23' title='bbox 990 532 1055 585; x_wconf 90' lang='lat' dir='ltr'><strong>de</strong></span> <span class='ocrx_word' id='word_1_24' title='bbox 1097 531 1290 600; x_wconf 86' lang='lat' dir='ltr'><strong>quilms</strong></span> <span class='ocrx_word' id='word_1_25' title='bbox 1319 531 1661 600; x_wconf 79' lang='lat' dir='ltr'><strong>apertissime</strong></span> <span class='ocrx_word' id='word_1_26' title='bbox 1685 531 1865 584; x_wconf 90' lang='lat' dir='ltr'><strong>divina</strong></span> <span class='ocrx_word' id='word_1_27' title='bbox 1896 532 2047 585; x_wconf 85' lang='lat' dir='ltr'><strong>Scri-</strong></span> 
     </span>
    </p>
   </div>
   <div class='ocr_carea' id='block_1_6' title="bbox 467 621 2048 695">
    <p class='ocr_par' dir='ltr' id='par_1_6' title="bbox 467 621 2048 695">
     <span class='ocr_line' id='line_1_6' title="bbox 467 621 2048 695; baseline 0.001 -17"><span class='ocrx_word' id='word_1_28' title='bbox 467 637 626 695; x_wconf 92' lang='lat' dir='ltr'><strong>ptura</strong></span> <span class='ocrx_word' id='word_1_29' title='bbox 652 625 850 688; x_wconf 83' lang='lat' dir='ltr'><strong>sanxit,</strong></span> <span class='ocrx_word' id='word_1_30' title='bbox 877 640 980 678; x_wconf 91' lang='lat' dir='ltr'><strong>non</strong></span> <span class='ocrx_word' id='word_1_31' title='bbox 1013 632 1095 675; x_wconf 90' lang='lat' dir='ltr'><strong>est</strong></span> <span class='ocrx_word' id='word_1_32' title='bbox 1117 621 1409 676; x_wconf 81' lang='lat' dir='ltr'><strong>differenda</strong></span> <span class='ocrx_word' id='word_1_33' title='bbox 1440 625 1722 686; x_wconf 88' lang='lat' dir='ltr'><strong>sententia,</strong></span> <span class='ocrx_word' id='word_1_34' title='bbox 1748 625 1841 678; x_wconf 88' lang='lat' dir='ltr'><strong>sed</strong></span> <span class='ocrx_word' id='word_1_35' title='bbox 1873 626 2048 692; x_wconf 88' lang='lat' dir='ltr'><strong>potius</strong></span> 
     </span>
    </p>
   </div>
   <div class='ocr_carea' id='block_1_7' title="bbox 466 711 2046 783">
    <p class='ocr_par' dir='ltr' id='par_1_7' title="bbox 466 711 2046 783">
     <span class='ocr_line' id='line_1_7' title="bbox 466 711 2046 783; baseline -0.001 -13"><span class='ocrx_word' id='word_1_36' title='bbox 466 714 830 782; x_wconf 80' lang='lat' dir='ltr'><strong>exsequenda.</strong></span> <span class='ocrx_word' id='word_1_37' title='bbox 864 711 1095 765; x_wconf 91' lang='lat' dir='ltr'><strong>Proinde</strong></span> <span class='ocrx_word' id='word_1_38' title='bbox 1136 713 1278 780; x_wconf 93' lang='lat' dir='ltr'><strong>quod</strong></span> <span class='ocrx_word' id='word_1_39' title='bbox 1326 713 1379 766; x_wconf 93' lang='lat' dir='ltr'><strong>in</strong></span> <span class='ocrx_word' id='word_1_40' title='bbox 1416 713 1569 767; x_wconf 90' lang='lat' dir='ltr'><strong>laicis</strong></span> <span class='ocrx_word' id='word_1_41' title='bbox 1616 714 2046 783; x_wconf 83' lang='lat' dir='ltr'><strong>reprehenditur,</strong></span> 
     </span>
    </p>
   </div>
   <div class='ocr_carea' id='block_1_8' title="bbox 468 805 2046 875">
    <p class='ocr_par' dir='ltr' id='par_1_8' title="bbox 468 805 2046 875">
     <span class='ocr_line' id='line_1_8' title="bbox 468 805 2046 875; baseline 0 -14"><span class='ocrx_word' id='word_1_42' title='bbox 468 809 522 861; x_wconf 90' lang='lat' dir='ltr'><strong>id</strong></span> <span class='ocrx_word' id='word_1_43' title='bbox 574 807 743 860; x_wconf 89' lang='lat' dir='ltr'><strong>multo</strong></span> <span class='ocrx_word' id='word_1_44' title='bbox 793 805 963 873; x_wconf 84' lang='lat' dir='ltr'><strong>magis</strong></span> <span class='ocrx_word' id='word_1_45' title='bbox 1015 806 1067 858; x_wconf 92' lang='lat' dir='ltr'><strong>in</strong></span> <span class='ocrx_word' id='word_1_46' title='bbox 1126 805 1337 859; x_wconf 79' lang='lat' dir='ltr'><strong>clericis</strong></span> <span class='ocrx_word' id='word_1_47' title='bbox 1390 815 1606 874; x_wconf 86' lang='lat' dir='ltr'><strong>oportet</strong></span> <span class='ocrx_word' id='word_1_48' title='bbox 1662 807 2046 875; x_wconf 70' lang='lat' dir='ltr'><strong>praulamnari.</strong></span> 
     </span>
    </p>
   </div>
   <div class='ocr_carea' id='block_1_9' title="bbox 470 894 2052 966">
    <p class='ocr_par' dir='ltr' id='par_1_9' title="bbox 470 894 2052 966">
     <span class='ocr_line' id='line_1_9' title="bbox 470 894 2052 966; baseline 0.002 -17"><span class='ocrx_word' id='word_1_49' title='bbox 470 896 717 950; x_wconf 86' lang='lat' dir='ltr'><strong>Universi</strong></span> <span class='ocrx_word' id='word_1_50' title='bbox 769 895 1058 957; x_wconf 80' lang='lat' dir='ltr'><strong>dixerunt,</strong></span> <span class='ocrx_word' id='word_1_51' title='bbox 1098 894 1266 949; x_wconf 82' lang='lat' dir='ltr'><strong>Nemo</strong></span> <span class='ocrx_word' id='word_1_52' title='bbox 1307 905 1496 950; x_wconf 89' lang='lat' dir='ltr'><strong>contra</strong></span> <span class='ocrx_word' id='word_1_53' title='bbox 1539 897 1861 966; x_wconf 87' lang='lat' dir='ltr'><strong>prephetas,</strong></span> <span class='ocrx_word' id='word_1_54' title='bbox 1893 913 2052 952; x_wconf 90' lang='lat' dir='ltr'><strong>nemo</strong></span> 
     </span>
    </p>
   </div>
   <div class='ocr_carea' id='block_1_10' title="bbox 469 986 2055 1058">
    <p class='ocr_par' dir='ltr' id='par_1_10' title="bbox 469 986 2055 1058">
     <span class='ocr_line' id='line_1_10' title="bbox 469 986 2055 1058; baseline 0 -16"><span class='ocrx_word' id='word_1_55' title='bbox 469 996 657 1042; x_wconf 88' lang='lat' dir='ltr'><strong>contra</strong></span> <span class='ocrx_word' id='word_1_56' title='bbox 712 987 1062 1056; x_wconf 82' lang='lat' dir='ltr'><strong>Evangelium</strong></span> <span class='ocrx_word' id='word_1_57' title='bbox 1115 986 1243 1042; x_wconf 84' lang='lat' dir='ltr'><strong>facit</strong></span> <span class='ocrx_word' id='word_1_58' title='bbox 1291 987 1409 1042; x_wconf 91' lang='lat' dir='ltr'><strong>sine</strong></span> <span class='ocrx_word' id='word_1_59' title='bbox 1455 987 1716 1056; x_wconf 87' lang='lat' dir='ltr'><strong>periculo.</strong></span> <span class='ocrx_word' id='word_1_60' title='bbox 1754 1008 1770 1038; x_wconf 71' lang='grc' dir='ltr'><strong><em>ι</em></strong></span> <span class='ocrx_word' id='word_1_61' title='bbox 1826 989 1891 1042; x_wconf 85' lang='grc' dir='ltr'><strong>Ει</strong></span> <span class='ocrx_word' id='word_1_62' title='bbox 1934 997 2055 1058; x_wconf 89' lang='lat' dir='ltr'><strong>post</strong></span> 
     </span>
    </p>
   </div>
   <div class='ocr_carea' id='block_1_11' title="bbox 467 1074 2055 1147">
    <p class='ocr_par' dir='ltr' id='par_1_11' title="bbox 467 1074 2055 1147">
     <span class='ocr_line' id='line_1_11' title="bbox 467 1074 2055 1147; baseline 0.001 -17"><span class='ocrx_word' id='word_1_63' title='bbox 467 1089 684 1147; x_wconf 86' lang='lat' dir='ltr'><strong>pauca:</strong></span> <span class='ocrx_word' id='word_1_64' title='bbox 733 1093 752 1126; x_wconf 87' lang='grc'><strong>‹</strong></span> <span class='ocrx_word' id='word_1_65' title='bbox 806 1074 1030 1145; x_wconf 81' lang='lat' dir='ltr'><strong>Reliqua</strong></span> <span class='ocrx_word' id='word_1_66' title='bbox 1075 1091 1241 1139; x_wconf 86' lang='lat' dir='ltr'><strong>vero,</strong></span> <span class='ocrx_word' id='word_1_67' title='bbox 1291 1092 1412 1146; x_wconf 78' lang='lat' dir='ltr'><strong>qua:</strong></span> <span class='ocrx_word' id='word_1_68' title='bbox 1462 1076 1545 1131; x_wconf 91' lang='lat' dir='ltr'><strong>vel</strong></span> <span class='ocrx_word' id='word_1_69' title='bbox 1593 1076 1733 1130; x_wconf 87' lang='lat' dir='ltr'><strong>facta</strong></span> <span class='ocrx_word' id='word_1_70' title='bbox 1779 1077 1860 1129; x_wconf 92' lang='lat' dir='ltr'><strong>vel</strong></span> <span class='ocrx_word' id='word_1_71' title='bbox 1912 1078 2055 1131; x_wconf 88' lang='lat' dir='ltr'><strong>dicta</strong></span> 
     </span>
    </p>
   </div>
   <div class='ocr_carea' id='block_1_12' title="bbox 469 1167 2057 1237">
    <p class='ocr_par' dir='ltr' id='par_1_12' title="bbox 469 1167 2057 1237">
     <span class='ocr_line' id='line_1_12' title="bbox 469 1167 2057 1237; baseline 0.001 -15"><span class='ocrx_word' id='word_1_72' title='bbox 469 1167 720 1237; x_wconf 87' lang='lat' dir='ltr'><strong>superius</strong></span> <span class='ocrx_word' id='word_1_73' title='bbox 751 1169 1142 1236; x_wconf 89' lang='lat' dir='ltr'><strong>comprehensa</strong></span> <span class='ocrx_word' id='word_1_74' title='bbox 1187 1178 1340 1232; x_wconf 92' lang='lat' dir='ltr'><strong>sunt,</strong></span> <span class='ocrx_word' id='word_1_75' title='bbox 1371 1168 1454 1223; x_wconf 90' lang='lat' dir='ltr'><strong>vel</strong></span> <span class='ocrx_word' id='word_1_76' title='bbox 1491 1168 1610 1223; x_wconf 87' lang='lat' dir='ltr'><strong>aliis</strong></span> <span class='ocrx_word' id='word_1_77' title='bbox 1652 1169 1894 1224; x_wconf 90' lang='lat' dir='ltr'><strong>conciliis</strong></span> <span class='ocrx_word' id='word_1_78' title='bbox 1920 1186 2057 1224; x_wconf 87' lang='lat' dir='ltr'><strong>con-</strong></span> 
     </span>
    </p>
   </div>
   <div class='ocr_carea' id='block_1_13' title="bbox 470 1257 2056 1328">
    <p class='ocr_par' dir='ltr' id='par_1_13' title="bbox 470 1257 2056 1328">
     <span class='ocr_line' id='line_1_13' title="bbox 470 1257 2056 1328; baseline 0.001 -14"><span class='ocrx_word' id='word_1_79' title='bbox 470 1257 705 1328; x_wconf 86' lang='lat' dir='ltr'><strong>scripta,</strong></span> <span class='ocrx_word' id='word_1_80' title='bbox 735 1275 856 1328; x_wconf 72' lang='lat' dir='ltr'><strong>qua:</strong></span> <span class='ocrx_word' id='word_1_81' title='bbox 895 1260 1192 1314; x_wconf 90' lang='lat' dir='ltr'><strong>secundum</strong></span> <span class='ocrx_word' id='word_1_82' title='bbox 1245 1259 1414 1328; x_wconf 84' lang='lat' dir='ltr'><strong>legem</strong></span> <span class='ocrx_word' id='word_1_83' title='bbox 1461 1260 1833 1326; x_wconf 86' lang='lat' dir='ltr'><strong>inveniuntur,</strong></span> <span class='ocrx_word' id='word_1_84' title='bbox 1876 1271 2056 1315; x_wconf 87' lang='lat' dir='ltr'><strong>custo-</strong></span> 
     </span>
    </p>
   </div>
   <div class='ocr_carea' id='block_1_14' title="bbox 480 1347 2058 1421">
    <p class='ocr_par' dir='ltr' id='par_1_14' title="bbox 480 1347 2058 1421">
     <span class='ocr_line' id='line_1_14' title="bbox 480 1347 2058 1421; baseline 0.002 -20"><span class='ocrx_word' id='word_1_85' title='bbox 480 1347 596 1402; x_wconf 90' lang='lat' dir='ltr'><strong>dire</strong></span> <span class='ocrx_word' id='word_1_86' title='bbox 633 1363 732 1402; x_wconf 88' lang='lat' dir='ltr'><strong>nos</strong></span> <span class='ocrx_word' id='word_1_87' title='bbox 777 1356 1010 1416; x_wconf 85' lang='lat' dir='ltr'><strong>oportet.</strong></span> <span class='ocrx_word' id='word_1_88' title='bbox 1057 1347 1114 1402; x_wconf 90' lang='lat' dir='ltr'><strong>Si</strong></span> <span class='ocrx_word' id='word_1_89' title='bbox 1155 1349 1276 1417; x_wconf 91' lang='lat' dir='ltr'><strong>quis</strong></span> <span class='ocrx_word' id='word_1_90' title='bbox 1318 1363 1449 1403; x_wconf 88' lang='lat' dir='ltr'><strong>vero</strong></span> <span class='ocrx_word' id='word_1_91' title='bbox 1493 1357 1693 1402; x_wconf 88' lang='lat' dir='ltr'><strong>statuta</strong></span> <span class='ocrx_word' id='word_1_92' title='bbox 1741 1365 2058 1421; x_wconf 84' lang='lat' dir='ltr'><strong>supergres-</strong></span> 
     </span>
    </p>
   </div>
   <div class='ocr_carea' id='block_1_15' title="bbox 470 1437 2058 1509">
    <p class='ocr_par' dir='ltr' id='par_1_15' title="bbox 470 1437 2058 1509">
     <span class='ocr_line' id='line_1_15' title="bbox 470 1437 2058 1509; baseline 0.003 -19"><span class='ocrx_word' id='word_1_93' title='bbox 470 1452 562 1491; x_wconf 86' lang='lat' dir='ltr'><strong>sus</strong></span> <span class='ocrx_word' id='word_1_94' title='bbox 587 1437 908 1506; x_wconf 84' lang='lat' dir='ltr'><strong>corruperit,</strong></span> <span class='ocrx_word' id='word_1_95' title='bbox 945 1438 1026 1492; x_wconf 89' lang='lat' dir='ltr'><strong>vel</strong></span> <span class='ocrx_word' id='word_1_96' title='bbox 1051 1453 1148 1507; x_wconf 91' lang='lat' dir='ltr'><strong>pro</strong></span> <span class='ocrx_word' id='word_1_97' title='bbox 1179 1438 1349 1492; x_wconf 92' lang='lat' dir='ltr'><strong>nihilo</strong></span> <span class='ocrx_word' id='word_1_98' title='bbox 1378 1439 1621 1493; x_wconf 88' lang='lat' dir='ltr'><strong>habenda</strong></span> <span class='ocrx_word' id='word_1_99' title='bbox 1671 1441 1964 1509; x_wconf 88' lang='lat' dir='ltr'><strong>putaverit,</strong></span> <span class='ocrx_word' id='word_1_100' title='bbox 2011 1441 2058 1494; x_wconf 95' lang='lat' dir='ltr'><strong>si</strong></span> 
     </span>
    </p>
   </div>
   <div class='ocr_carea' id='block_1_16' title="bbox 469 1529 2060 1595">
    <p class='ocr_par' dir='ltr' id='par_1_16' title="bbox 469 1529 2060 1595">
     <span class='ocr_line' id='line_1_16' title="bbox 469 1529 2060 1595; baseline 0.003 -14"><span class='ocrx_word' id='word_1_101' title='bbox 469 1529 642 1583; x_wconf 89' lang='lat' dir='ltr'><strong>laicus</strong></span> <span class='ocrx_word' id='word_1_102' title='bbox 701 1537 804 1595; x_wconf 87' lang='lat' dir='ltr'><strong>est,</strong></span> <span class='ocrx_word' id='word_1_103' title='bbox 868 1531 1265 1592; x_wconf 90' lang='lat' dir='ltr'><strong>communione,</strong></span> <span class='ocrx_word' id='word_1_104' title='bbox 1321 1531 1365 1585; x_wconf 93' lang='lat' dir='ltr'><strong>si</strong></span> <span class='ocrx_word' id='word_1_105' title='bbox 1424 1530 1652 1584; x_wconf 84' lang='lat' dir='ltr'><strong>clericus</strong></span> <span class='ocrx_word' id='word_1_106' title='bbox 1699 1540 1802 1595; x_wconf 86' lang='lat' dir='ltr'><strong>est,</strong></span> <span class='ocrx_word' id='word_1_107' title='bbox 1856 1532 2060 1586; x_wconf 85' lang='lat' dir='ltr'><strong>ltOuure</strong></span> 
     </span>
    </p>
   </div>
   <div class='ocr_carea' id='block_1_17' title="bbox 469 1619 2062 1691">
    <p class='ocr_par' dir='ltr' id='par_1_17' title="bbox 469 1619 2062 1691">
     <span class='ocr_line' id='line_1_17' title="bbox 469 1619 2062 1691; baseline 0.003 -20"><span class='ocrx_word' id='word_1_108' title='bbox 469 1620 730 1689; x_wconf 91' lang='lat' dir='ltr'><strong>privetur.</strong></span> <span class='ocrx_word' id='word_1_109' title='bbox 791 1619 1033 1675; x_wconf 89' lang='lat' dir='ltr'><strong>Universi</strong></span> <span class='ocrx_word' id='word_1_110' title='bbox 1073 1621 1360 1685; x_wconf 77' lang='lat' dir='ltr'><strong>dixerunt,</strong></span> <span class='ocrx_word' id='word_1_111' title='bbox 1402 1621 1616 1685; x_wconf 89' lang='lat' dir='ltr'><strong>Placet,</strong></span> <span class='ocrx_word' id='word_1_112' title='bbox 1673 1621 1868 1691; x_wconf 84' lang='lat' dir='ltr'><strong>placet.</strong></span> <span class='ocrx_word' id='word_1_113' title='bbox 1917 1641 1936 1673; x_wconf 77' lang='grc' dir='ltr'><strong><em>ι</em></strong></span> <span class='ocrx_word' id='word_1_114' title='bbox 1995 1623 2062 1676; x_wconf 83' lang='lat' dir='ltr'><strong>Et</strong></span> 
     </span>
    </p>
   </div>
   <div class='ocr_carea' id='block_1_18' title="bbox 468 1712 2058 1783">
    <p class='ocr_par' dir='ltr' id='par_1_18' title="bbox 468 1712 2058 1783">
     <span class='ocr_line' id='line_1_18' title="bbox 468 1712 2058 1783; baseline 0 -18"><span class='ocrx_word' id='word_1_115' title='bbox 468 1719 592 1779; x_wconf 84' lang='lat' dir='ltr'><strong>post</strong></span> <span class='ocrx_word' id='word_1_116' title='bbox 643 1712 799 1765; x_wconf 86' lang='lat' dir='ltr'><strong>istam</strong></span> <span class='ocrx_word' id='word_1_117' title='bbox 867 1712 1175 1783; x_wconf 90' lang='lat' dir='ltr'><strong>synodum,</strong></span> <span class='ocrx_word' id='word_1_118' title='bbox 1232 1712 1671 1766; x_wconf 84' lang='lat' dir='ltr'><strong>Chalcedonense</strong></span> <span class='ocrx_word' id='word_1_119' title='bbox 1724 1712 2058 1766; x_wconf 90' lang='lat' dir='ltr'><strong>celebratum</strong></span> 
     </span>
    </p>
   </div>
   <div class='ocr_carea' id='block_1_19' title="bbox 2149 530 3752 600">
    <p class='ocr_par' dir='ltr' id='par_1_19' title="bbox 2149 530 3752 600">
     <span class='ocr_line' id='line_1_19' title="bbox 2149 530 3752 600; baseline 0.005 -18"><span class='ocrx_word' id='word_1_120' title='bbox 2149 530 2355 583; x_wconf 91' lang='lat' dir='ltr'><strong>dierum</strong></span> <span class='ocrx_word' id='word_1_121' title='bbox 2379 531 2550 599; x_wconf 90' lang='lat' dir='ltr'><strong>spatio</strong></span> <span class='ocrx_word' id='word_1_122' title='bbox 2585 547 2740 585; x_wconf 89' lang='lat' dir='ltr'><strong>sacra</strong></span> <span class='ocrx_word' id='word_1_123' title='bbox 2794 544 2845 586; x_wconf 88' lang='lat' dir='ltr'><strong>te</strong></span> <span class='ocrx_word' id='word_1_124' title='bbox 2896 531 3280 586; x_wconf 88' lang='lat' dir='ltr'><strong>communione</strong></span> <span class='ocrx_word' id='word_1_125' title='bbox 3329 532 3618 600; x_wconf 86' lang='lat' dir='ltr'><strong>privatum,</strong></span> <span class='ocrx_word' id='word_1_126' title='bbox 3673 535 3752 590; x_wconf 73' lang='lat' dir='ltr'><strong>ab</strong></span> 
     </span>
    </p>
   </div>
   <div class='ocr_carea' id='block_1_20' title="bbox 2149 608 3751 690">
    <p class='ocr_par' dir='ltr' id='par_1_20' title="bbox 2149 608 3751 690">
     <span class='ocr_line' id='line_1_20' title="bbox 2149 608 3751 690; baseline 0.002 -16"><span class='ocrx_word' id='word_1_127' title='bbox 2149 621 2502 690; x_wconf 88' lang='lat' dir='ltr'><strong>omnipotenti</strong></span> <span class='ocrx_word' id='word_1_128' title='bbox 2540 622 2648 676; x_wconf 90' lang='lat' dir='ltr'><strong>Deo</strong></span> <span class='ocrx_word' id='word_1_129' title='bbox 2679 633 2864 677; x_wconf 89' lang='lat' dir='ltr'><strong>nostro</strong></span> <span class='ocrx_word' id='word_1_130' title='bbox 2911 608 3043 676; x_wconf 80' lang='lat' dir='ltr'><strong>tanti</strong></span> <span class='ocrx_word' id='word_1_131' title='bbox 3079 637 3342 677; x_wconf 81' lang='lat' dir='ltr'><strong>excessus</strong></span> <span class='ocrx_word' id='word_1_132' title='bbox 3381 622 3593 677; x_wconf 84' lang='lat' dir='ltr'><strong>veniam</strong></span> <span class='ocrx_word' id='word_1_133' title='bbox 3617 639 3751 678; x_wconf 86' lang='lat' dir='ltr'><strong>cum</strong></span> 
     </span>
    </p>
   </div>
   <div class='ocr_carea' id='block_1_21' title="bbox 2150 711 3754 784">
    <p class='ocr_par' dir='ltr' id='par_1_21' title="bbox 2150 711 3754 784">
     <span class='ocr_line' id='line_1_21' title="bbox 2150 711 3754 784; baseline 0.001 -18"><span class='ocrx_word' id='word_1_134' title='bbox 2150 727 2360 766; x_wconf 87' lang='lat' dir='ltr'><strong>summa</strong></span> <span class='ocrx_word' id='word_1_135' title='bbox 2376 713 2696 780; x_wconf 66' lang='lat' dir='ltr'><strong>poenitentia</strong></span> <span class='ocrx_word' id='word_1_136' title='bbox 2721 729 2784 768; x_wconf 91' lang='lat' dir='ltr'><strong>ac</strong></span> <span class='ocrx_word' id='word_1_137' title='bbox 2810 713 3067 784; x_wconf 86' lang='lat' dir='ltr'><strong>lacrymis</strong></span> <span class='ocrx_word' id='word_1_138' title='bbox 3089 727 3338 767; x_wconf 74' lang='lat' dir='ltr'><strong>exorare.</strong></span> <span class='ocrx_word' id='word_1_139' title='bbox 3362 711 3515 778; x_wconf 86' lang='lat' dir='ltr'><strong>Quod</strong></span> <span class='ocrx_word' id='word_1_140' title='bbox 3537 713 3581 766; x_wconf 90' lang='lat' dir='ltr'><strong>si</strong></span> <span class='ocrx_word' id='word_1_141' title='bbox 3605 714 3754 768; x_wconf 81' lang='lat' dir='ltr'><strong>hanc</strong></span> 
     </span>
    </p>
   </div>
   <div class='ocr_carea' id='block_1_22' title="bbox 2152 805 3748 876">
    <p class='ocr_par' dir='ltr' id='par_1_22' title="bbox 2152 805 3748 876">
     <span class='ocr_line' id='line_1_22' title="bbox 2152 805 3748 876; baseline 0.001 -17"><span class='ocrx_word' id='word_1_142' title='bbox 2152 805 2473 859; x_wconf 89' lang='lat' dir='ltr'><strong>sententiam</strong></span> <span class='ocrx_word' id='word_1_143' title='bbox 2502 815 2744 860; x_wconf 89' lang='lat' dir='ltr'><strong>nostram</strong></span> <span class='ocrx_word' id='word_1_144' title='bbox 2773 817 2823 861; x_wconf 89' lang='lat' dir='ltr'><strong>te</strong></span> <span class='ocrx_word' id='word_1_145' title='bbox 2835 805 3249 876; x_wconf 78' lang='lat' dir='ltr'><strong>cognoverimus</strong></span> <span class='ocrx_word' id='word_1_146' title='bbox 3271 805 3521 874; x_wconf 87' lang='lat' dir='ltr'><strong>implesse</strong></span> <span class='ocrx_word' id='word_1_147' title='bbox 3546 806 3748 860; x_wconf 81' lang='lat' dir='ltr'><strong>remis-</strong></span> 
     </span>
    </p>
   </div>
   <div class='ocr_carea' id='block_1_23' title="bbox 2153 901 3753 972">
    <p class='ocr_par' dir='ltr' id='par_1_23' title="bbox 2153 901 3753 972">
     <span class='ocr_line' id='line_1_23' title="bbox 2153 901 3753 972; baseline -0.001 -18"><span class='ocrx_word' id='word_1_148' title='bbox 2153 901 2286 966; x_wconf 86' lang='lat' dir='ltr'><strong>sius,</strong></span> <span class='ocrx_word' id='word_1_149' title='bbox 2319 917 2422 956; x_wconf 94' lang='lat' dir='ltr'><strong>non</strong></span> <span class='ocrx_word' id='word_1_150' title='bbox 2457 902 2568 972; x_wconf 90' lang='lat' dir='ltr'><strong>jam</strong></span> <span class='ocrx_word' id='word_1_151' title='bbox 2601 910 2806 956; x_wconf 86' lang='lat' dir='ltr'><strong>tantum</strong></span> <span class='ocrx_word' id='word_1_152' title='bbox 2853 901 3194 971; x_wconf 89' lang='lat' dir='ltr'><strong>injustitiam,</strong></span> <span class='ocrx_word' id='word_1_153' title='bbox 3224 901 3320 954; x_wconf 89' lang='lat' dir='ltr'><strong>sed</strong></span> <span class='ocrx_word' id='word_1_154' title='bbox 3349 908 3404 953; x_wconf 91' lang='lat' dir='ltr'><strong>et</strong></span> <span class='ocrx_word' id='word_1_155' title='bbox 3454 909 3753 954; x_wconf 78' lang='lat' dir='ltr'><strong>contuma-</strong></span> 
     </span>
    </p>
   </div>
   <div class='ocr_carea' id='block_1_24' title="bbox 2155 992 3764 1062">
    <p class='ocr_par' dir='ltr' id='par_1_24' title="bbox 2155 992 3764 1062">
     <span class='ocr_line' id='line_1_24' title="bbox 2155 992 3764 1062; baseline 0 -16"><span class='ocrx_word' id='word_1_156' title='bbox 2155 993 2294 1047; x_wconf 84' lang='lat' dir='ltr'><strong>ciam</strong></span> <span class='ocrx_word' id='word_1_157' title='bbox 2337 992 2697 1049; x_wconf 83' lang='lat' dir='ltr'><strong>fraternitatis</strong></span> <span class='ocrx_word' id='word_1_158' title='bbox 2753 1003 2856 1047; x_wconf 78' lang='lat' dir='ltr'><strong>tua:</strong></span> <span class='ocrx_word' id='word_1_159' title='bbox 2903 1007 3199 1062; x_wconf 80' lang='lat' dir='ltr'><strong>cognoscas</strong></span> <span class='ocrx_word' id='word_1_160' title='bbox 3243 992 3470 1060; x_wconf 87' lang='lat' dir='ltr'><strong>juvante</strong></span> <span class='ocrx_word' id='word_1_161' title='bbox 3518 992 3764 1046; x_wconf 83' lang='lat' dir='ltr'><strong>Domino</strong></span> 
     </span>
    </p>
   </div>
   <div class='ocr_carea' id='block_1_25' title="bbox 2155 1074 3756 1155">
    <p class='ocr_par' dir='ltr' id='par_1_25' title="bbox 2155 1074 3756 1155">
     <span class='ocr_line' id='line_1_25' title="bbox 2155 1074 3756 1155; baseline -0.003 -15"><span class='ocrx_word' id='word_1_162' title='bbox 2155 1084 2396 1140; x_wconf 88' lang='lat' dir='ltr'><strong>severius</strong></span> <span class='ocrx_word' id='word_1_163' title='bbox 2433 1085 2780 1155; x_wconf 88' lang='lat' dir='ltr'><strong>puniendam.</strong></span> <span class='ocrx_word' id='word_1_164' title='bbox 2815 1104 2834 1137; x_wconf 83' lang='grc'>›</span> <span class='ocrx_word' id='word_1_165' title='bbox 2862 1084 2928 1138; x_wconf 85' lang='grc' dir='ltr'><strong>Εῑ</strong></span> <span class='ocrx_word' id='word_1_166' title='bbox 2954 1085 3080 1137; x_wconf 91' lang='lat' dir='ltr'><strong>item</strong></span> <span class='ocrx_word' id='word_1_167' title='bbox 3103 1083 3229 1138; x_wconf 88' lang='lat' dir='ltr'><strong>alibi</strong></span> <span class='ocrx_word' id='word_1_168' title='bbox 3263 1074 3376 1152; x_wconf 80' lang='lat' dir='ltr'><strong>(lib.</strong></span> <span class='ocrx_word' id='word_1_169' title='bbox 3407 1097 3446 1136; x_wconf 79' lang='grc' dir='ltr'>ιι</span> <span class='ocrx_word' id='word_1_170' title='bbox 3467 1123 3482 1147; x_wconf 88' lang='grc'><em>,</em></span> <span class='ocrx_word' id='word_1_171' title='bbox 3511 1083 3625 1135; x_wconf 78' lang='lat' dir='ltr'><strong>iud.</strong></span> <span class='ocrx_word' id='word_1_172' title='bbox 3658 1083 3756 1145; x_wconf 77' lang='lat' dir='ltr'><strong>H,</strong></span> 
     </span>
    </p>
   </div>
   <div class='ocr_carea' id='block_1_26' title="bbox 2154 1174 3762 1246">
    <p class='ocr_par' dir='ltr' id='par_1_26' title="bbox 2154 1174 3762 1246">
     <span class='ocr_line' id='line_1_26' title="bbox 2154 1174 3762 1246; baseline -0.001 -17"><span class='ocrx_word' id='word_1_173' title='bbox 2154 1176 2302 1244; x_wconf 81' lang='lat' dir='ltr'><strong>epist.</strong></span> <span class='ocrx_word' id='word_1_174' title='bbox 2341 1177 2395 1246; x_wconf 92' lang='lat'><strong>7)</strong></span> <span class='ocrx_word' id='word_1_175' title='bbox 2428 1195 2440 1230; x_wconf 91' lang='lat'><strong>:</strong></span> <span class='ocrx_word' id='word_1_176' title='bbox 2479 1196 2496 1227; x_wconf 85' lang='grc'><strong><em>‹</em></strong></span> <span class='ocrx_word' id='word_1_177' title='bbox 2527 1175 2679 1243; x_wconf 84' lang='lat' dir='ltr'><strong>Quod</strong></span> <span class='ocrx_word' id='word_1_178' title='bbox 2709 1177 2753 1230; x_wconf 91' lang='lat' dir='ltr'><strong>si</strong></span> <span class='ocrx_word' id='word_1_179' title='bbox 2782 1185 2968 1230; x_wconf 90' lang='lat' dir='ltr'><strong>contra</strong></span> <span class='ocrx_word' id='word_1_180' title='bbox 2993 1176 3106 1228; x_wconf 66' lang='lat' dir='ltr'><strong>haec</strong></span> <span class='ocrx_word' id='word_1_181' title='bbox 3135 1190 3256 1245; x_wconf 68' lang='lat' dir='ltr'><strong>qua:</strong></span> <span class='ocrx_word' id='word_1_182' title='bbox 3298 1174 3588 1228; x_wconf 85' lang='lat' dir='ltr'><strong>statuimus</strong></span> <span class='ocrx_word' id='word_1_183' title='bbox 3611 1188 3762 1243; x_wconf 83' lang='lat' dir='ltr'><strong>quo-</strong></span> 
     </span>
    </p>
   </div>
   <div class='ocr_carea' id='block_1_27' title="bbox 2156 1265 3764 1337">
    <p class='ocr_par' dir='ltr' id='par_1_27' title="bbox 2156 1265 3764 1337">
     <span class='ocr_line' id='line_1_27' title="bbox 2156 1265 3764 1337; baseline 0.001 -19"><span class='ocrx_word' id='word_1_184' title='bbox 2156 1266 2288 1321; x_wconf 90' lang='lat' dir='ltr'><strong>libet</strong></span> <span class='ocrx_word' id='word_1_185' title='bbox 2317 1275 2579 1337; x_wconf 87' lang='lat' dir='ltr'><strong>tempore,</strong></span> <span class='ocrx_word' id='word_1_186' title='bbox 2623 1267 2862 1336; x_wconf 88' lang='lat' dir='ltr'><strong>qualibet</strong></span> <span class='ocrx_word' id='word_1_187' title='bbox 2911 1266 3218 1330; x_wconf 86' lang='lat' dir='ltr'><strong>occasione,</strong></span> <span class='ocrx_word' id='word_1_188' title='bbox 3272 1265 3358 1319; x_wconf 88' lang='lat' dir='ltr'><strong>vel</strong></span> <span class='ocrx_word' id='word_1_189' title='bbox 3401 1265 3764 1334; x_wconf 79' lang='lat' dir='ltr'><strong>subreptione</strong></span> 
     </span>
    </p>
   </div>
   <div class='ocr_carea' id='block_1_28' title="bbox 2158 1355 3763 1426">
    <p class='ocr_par' dir='ltr' id='par_1_28' title="bbox 2158 1355 3763 1426">
     <span class='ocr_line' id='line_1_28' title="bbox 2158 1355 3763 1426; baseline 0 -16"><span class='ocrx_word' id='word_1_190' title='bbox 2158 1357 2343 1411; x_wconf 88' lang='lat' dir='ltr'><strong>venire</strong></span> <span class='ocrx_word' id='word_1_191' title='bbox 2401 1358 2714 1418; x_wconf 89' lang='lat' dir='ltr'><strong>tentaveris,</strong></span> <span class='ocrx_word' id='word_1_192' title='bbox 2749 1371 2901 1410; x_wconf 87' lang='lat' dir='ltr'><strong>sacra</strong></span> <span class='ocrx_word' id='word_1_193' title='bbox 2955 1356 3096 1412; x_wconf 87' lang='lat' dir='ltr'><strong>scias</strong></span> <span class='ocrx_word' id='word_1_194' title='bbox 3128 1367 3182 1409; x_wconf 93' lang='lat' dir='ltr'><strong>te</strong></span> <span class='ocrx_word' id='word_1_195' title='bbox 3206 1355 3586 1410; x_wconf 88' lang='lat' dir='ltr'><strong>communione</strong></span> <span class='ocrx_word' id='word_1_196' title='bbox 3627 1358 3763 1426; x_wconf 86' lang='lat' dir='ltr'><strong>pri-</strong></span> 
     </span>
    </p>
   </div>
   <div class='ocr_carea' id='block_1_29' title="bbox 2157 1446 3768 1515">
    <p class='ocr_par' dir='ltr' id='par_1_29' title="bbox 2157 1446 3768 1515">
     <span class='ocr_line' id='line_1_29' title="bbox 2157 1446 3768 1515; baseline -0.001 -15"><span class='ocrx_word' id='word_1_197' title='bbox 2157 1455 2364 1511; x_wconf 89' lang='lat' dir='ltr'><strong>vatum,</strong></span> <span class='ocrx_word' id='word_1_198' title='bbox 2390 1460 2490 1500; x_wconf 90' lang='lat' dir='ltr'><strong>nec</strong></span> <span class='ocrx_word' id='word_1_199' title='bbox 2509 1462 2628 1500; x_wconf 88' lang='lat' dir='ltr'><strong>eam</strong></span> <span class='ocrx_word' id='word_1_200' title='bbox 2664 1455 2735 1511; x_wconf 91' lang='lat' dir='ltr'><strong>te,</strong></span> <span class='ocrx_word' id='word_1_201' title='bbox 2790 1454 3016 1515; x_wconf 83' lang='lat' dir='ltr'><strong>excepto</strong></span> <span class='ocrx_word' id='word_1_202' title='bbox 3041 1446 3230 1500; x_wconf 92' lang='lat' dir='ltr'><strong>ultimo</strong></span> <span class='ocrx_word' id='word_1_203' title='bbox 3286 1447 3409 1499; x_wconf 64' lang='lat' dir='ltr'><strong>vitae</strong></span> <span class='ocrx_word' id='word_1_204' title='bbox 3461 1455 3568 1500; x_wconf 80' lang='lat' dir='ltr'><strong>tua:</strong></span> <span class='ocrx_word' id='word_1_205' title='bbox 3613 1454 3768 1499; x_wconf 82' lang='lat' dir='ltr'><strong>tern-</strong></span> 
     </span>
    </p>
   </div>
   <div class='ocr_carea' id='block_1_30' title="bbox 2158 1535 3769 1609">
    <p class='ocr_par' dir='ltr' id='par_1_30' title="bbox 2158 1535 3769 1609">
     <span class='ocr_line' id='line_1_30' title="bbox 2158 1535 3769 1609; baseline -0.004 -15"><span class='ocrx_word' id='word_1_206' title='bbox 2158 1554 2309 1609; x_wconf 88' lang='lat' dir='ltr'><strong>pore,</strong></span> <span class='ocrx_word' id='word_1_207' title='bbox 2365 1539 2465 1594; x_wconf 89' lang='lat' dir='ltr'><strong>nisi</strong></span> <span class='ocrx_word' id='word_1_208' title='bbox 2508 1554 2630 1594; x_wconf 90' lang='lat' dir='ltr'><strong>cum</strong></span> <span class='ocrx_word' id='word_1_209' title='bbox 2676 1552 2934 1594; x_wconf 88' lang='lat' dir='ltr'><strong>concessa</strong></span> <span class='ocrx_word' id='word_1_210' title='bbox 2984 1537 3210 1591; x_wconf 77' lang='lat' dir='ltr'><strong>Romani</strong></span> <span class='ocrx_word' id='word_1_211' title='bbox 3244 1535 3515 1607; x_wconf 83' lang='lat' dir='ltr'><strong>pontificis</strong></span> <span class='ocrx_word' id='word_1_212' title='bbox 3565 1535 3769 1590; x_wconf 78' lang='lat' dir='ltr'><strong>decer-</strong></span> 
     </span>
    </p>
   </div>
   <div class='ocr_carea' id='block_1_31' title="bbox 2161 1628 3770 1700">
    <p class='ocr_par' dir='ltr' id='par_1_31' title="bbox 2161 1628 3770 1700">
     <span class='ocr_line' id='line_1_31' title="bbox 2161 1628 3770 1700; baseline -0.002 -16"><span class='ocrx_word' id='word_1_213' title='bbox 2161 1631 2340 1684; x_wconf 89' lang='lat' dir='ltr'><strong>nimus</strong></span> <span class='ocrx_word' id='word_1_214' title='bbox 2355 1631 2600 1700; x_wconf 89' lang='lat' dir='ltr'><strong>jussione</strong></span> <span class='ocrx_word' id='word_1_215' title='bbox 2633 1631 2934 1698; x_wconf 88' lang='lat' dir='ltr'><strong>percipere.</strong></span> <span class='ocrx_word' id='word_1_216' title='bbox 2970 1630 3094 1682; x_wconf 66' lang='lat' dir='ltr'><strong>llaec</strong></span> <span class='ocrx_word' id='word_1_217' title='bbox 3119 1630 3261 1682; x_wconf 86' lang='lat' dir='ltr'><strong>enim</strong></span> <span class='ocrx_word' id='word_1_218' title='bbox 3283 1643 3520 1683; x_wconf 87' lang='lat' dir='ltr'><strong>consona</strong></span> <span class='ocrx_word' id='word_1_219' title='bbox 3545 1628 3770 1682; x_wconf 81' lang='lat' dir='ltr'><strong>sanctis</strong></span> 
     </span>
    </p>
   </div>
   <div class='ocr_carea' id='block_1_32' title="bbox 2163 1717 3772 1788">
    <p class='ocr_par' dir='ltr' id='par_1_32' title="bbox 2163 1717 3772 1788">
     <span class='ocr_line' id='line_1_32' title="bbox 2163 1717 3772 1788; baseline -0.004 -12"><span class='ocrx_word' id='word_1_220' title='bbox 2163 1721 2414 1777; x_wconf 90' lang='lat' dir='ltr'><strong>Patribus</strong></span> <span class='ocrx_word' id='word_1_221' title='bbox 2457 1720 2771 1776; x_wconf 86' lang='lat' dir='ltr'><strong>difﬁnitione</strong></span> <span class='ocrx_word' id='word_1_222' title='bbox 2802 1720 3106 1783; x_wconf 90' lang='lat' dir='ltr'><strong>sancimus,</strong></span> <span class='ocrx_word' id='word_1_223' title='bbox 3151 1728 3208 1773; x_wconf 94' lang='lat' dir='ltr'><strong>ut</strong></span> <span class='ocrx_word' id='word_1_224' title='bbox 3235 1720 3325 1788; x_wconf 92' lang='lat' dir='ltr'><strong>qui</strong></span> <span class='ocrx_word' id='word_1_225' title='bbox 3373 1719 3546 1773; x_wconf 89' lang='lat' dir='ltr'><strong>sacris</strong></span> <span class='ocrx_word' id='word_1_226' title='bbox 3580 1717 3772 1771; x_wconf 77' lang='lat' dir='ltr'><strong>nescit</strong></span> 
     </span>
    </p>
   </div>
   <div class='ocr_carea' id='block_1_33' title="bbox 470 1801 3773 1875">
    <p class='ocr_par' dir='ltr' id='par_1_33' title="bbox 470 1801 3773 1875">
     <span class='ocr_line' id='line_1_33' title="bbox 470 1801 3773 1875; baseline 0.002 -21"><span class='ocrx_word' id='word_1_227' title='bbox 470 1801 757 1856; x_wconf 90' lang='lat' dir='ltr'><strong>concilium</strong></span> <span class='ocrx_word' id='word_1_228' title='bbox 781 1803 912 1856; x_wconf 89' lang='lat' dir='ltr'><strong>dicit</strong></span> <span class='ocrx_word' id='word_1_229' title='bbox 939 1803 1077 1863; x_wconf 86' lang='lat' dir='ltr'><strong>(can.</strong></span> <span class='ocrx_word' id='word_1_230' title='bbox 1105 1803 1153 1873; x_wconf 90' lang='lat' dir='ltr'><strong>l)</strong></span> <span class='ocrx_word' id='word_1_231' title='bbox 1181 1821 1192 1856; x_wconf 94' lang='lat'>:</span> <span class='ocrx_word' id='word_1_232' title='bbox 1220 1823 1235 1854; x_wconf 76' lang='grc' dir='ltr'>ι</span> <span class='ocrx_word' id='word_1_233' title='bbox 1267 1804 1499 1874; x_wconf 67' lang='lat' dir='ltr'><strong>[tegulas</strong></span> <span class='ocrx_word' id='word_1_234' title='bbox 1518 1814 1824 1858; x_wconf 88' lang='lat' dir='ltr'><strong>sanctorum</strong></span> <span class='ocrx_word' id='word_1_235' title='bbox 1843 1804 2063 1858; x_wconf 88' lang='lat' dir='ltr'><strong>Patrum</strong></span> <span class='ocrx_word' id='word_1_236' title='bbox 2098 1805 2141 1862; x_wconf 86' lang='grc' dir='ltr'><strong>Β</strong></span> <span class='ocrx_word' id='word_1_237' title='bbox 2170 1812 2391 1867; x_wconf 89' lang='lat' dir='ltr'><strong>obedire</strong></span> <span class='ocrx_word' id='word_1_238' title='bbox 2444 1811 2761 1875; x_wconf 90' lang='lat' dir='ltr'><strong>canonibus,</strong></span> <span class='ocrx_word' id='word_1_239' title='bbox 2816 1825 2914 1865; x_wconf 91' lang='lat' dir='ltr'><strong>nec</strong></span> <span class='ocrx_word' id='word_1_240' title='bbox 2965 1810 3139 1863; x_wconf 90' lang='lat' dir='ltr'><strong>sacris</strong></span> <span class='ocrx_word' id='word_1_241' title='bbox 3187 1809 3590 1874; x_wconf 88' lang='lat' dir='ltr'><strong>administrare,</strong></span> <span class='ocrx_word' id='word_1_242' title='bbox 3653 1820 3773 1862; x_wconf 79' lang='lat' dir='ltr'><strong>nec</strong></span> 
     </span>
    </p>
   </div>
   <div class='ocr_carea' id='block_1_34' title="bbox 471 1893 2063 1964">
    <p class='ocr_par' dir='ltr' id='par_1_34' title="bbox 471 1893 2063 1964">
     <span class='ocr_line' id='line_1_34' title="bbox 471 1893 2063 1964; baseline 0.001 -18"><span class='ocrx_word' id='word_1_243' title='bbox 471 1907 570 1960; x_wconf 88' lang='lat' dir='ltr'><strong>per</strong></span> <span class='ocrx_word' id='word_1_244' title='bbox 593 1893 801 1962; x_wconf 85' lang='lat' dir='ltr'><strong>singula</strong></span> <span class='ocrx_word' id='word_1_245' title='bbox 829 1910 970 1947; x_wconf 91' lang='lat' dir='ltr'><strong>nunc</strong></span> <span class='ocrx_word' id='word_1_246' title='bbox 991 1909 1160 1963; x_wconf 90' lang='lat' dir='ltr'><strong>usque</strong></span> <span class='ocrx_word' id='word_1_247' title='bbox 1181 1895 1405 1949; x_wconf 91' lang='lat' dir='ltr'><strong>concilia</strong></span> <span class='ocrx_word' id='word_1_248' title='bbox 1433 1896 1760 1949; x_wconf 90' lang='lat' dir='ltr'><strong>constitutas</strong></span> <span class='ocrx_word' id='word_1_249' title='bbox 1786 1896 2063 1964; x_wconf 91' lang='lat' dir='ltr'><strong>proprium</strong></span> 
     </span>
    </p>
   </div>
   <div class='ocr_carea' id='block_1_35' title="bbox 473 1985 2062 2059">
    <p class='ocr_par' dir='ltr' id='par_1_35' title="bbox 473 1985 2062 2059">
     <span class='ocr_line' id='line_1_35' title="bbox 473 1985 2062 2059; baseline 0.004 -23"><span class='ocrx_word' id='word_1_250' title='bbox 473 1985 639 2037; x_wconf 88' lang='lat' dir='ltr'><strong>robur</strong></span> <span class='ocrx_word' id='word_1_251' title='bbox 661 1985 1289 2040; x_wconf 71' lang='lat' dir='ltr'><strong>obtineredecrevimus.</strong></span> <span class='ocrx_word' id='word_1_252' title='bbox 1332 2007 1350 2039; x_wconf 77' lang='grc' dir='ltr'><strong><em>ι</em></strong></span> <span class='ocrx_word' id='word_1_253' title='bbox 1392 1989 1454 2041; x_wconf 84' lang='grc' dir='ltr'><strong>Ει</strong></span> <span class='ocrx_word' id='word_1_254' title='bbox 1478 1989 1604 2042; x_wconf 89' lang='lat' dir='ltr'><strong>item</strong></span> <span class='ocrx_word' id='word_1_255' title='bbox 1631 1999 1754 2057; x_wconf 90' lang='lat' dir='ltr'><strong>post</strong></span> <span class='ocrx_word' id='word_1_256' title='bbox 1783 1989 2062 2059; x_wconf 87' lang='lat' dir='ltr'><strong>aliquanta</strong></span> 
     </span>
    </p>
   </div>
   <div class='ocr_carea' id='block_1_36' title="bbox 470 2076 2068 2150">
    <p class='ocr_par' dir='ltr' id='par_1_36' title="bbox 470 2076 2068 2150">
     <span class='ocr_line' id='line_1_36' title="bbox 470 2076 2068 2150; baseline 0.004 -23"><span class='ocrx_word' id='word_1_257' title='bbox 470 2076 612 2144; x_wconf 85' lang='lat' dir='ltr'><strong>(can.</strong></span> <span class='ocrx_word' id='word_1_258' title='bbox 643 2077 731 2145; x_wconf 78' lang='grc'><strong>10)</strong></span> <span class='ocrx_word' id='word_1_259' title='bbox 764 2093 776 2128; x_wconf 94' lang='lat'><strong>:</strong></span> <span class='ocrx_word' id='word_1_260' title='bbox 821 2093 842 2126; x_wconf 70' lang='grc' dir='ltr'>ι</span> <span class='ocrx_word' id='word_1_261' title='bbox 899 2077 1004 2131; x_wconf 90' lang='lat' dir='ltr'><strong>Eos</strong></span> <span class='ocrx_word' id='word_1_262' title='bbox 1034 2091 1164 2134; x_wconf 87' lang='lat' dir='ltr'><strong>vero</strong></span> <span class='ocrx_word' id='word_1_263' title='bbox 1207 2079 1298 2147; x_wconf 89' lang='lat' dir='ltr'><strong>qui</strong></span> <span class='ocrx_word' id='word_1_264' title='bbox 1349 2080 1465 2132; x_wconf 89' lang='lat' dir='ltr'><strong>ausi</strong></span> <span class='ocrx_word' id='word_1_265' title='bbox 1495 2079 1695 2133; x_wconf 91' lang='lat' dir='ltr'><strong>fuerint</strong></span> <span class='ocrx_word' id='word_1_266' title='bbox 1723 2089 1844 2150; x_wconf 91' lang='lat' dir='ltr'><strong>post</strong></span> <span class='ocrx_word' id='word_1_267' title='bbox 1872 2078 2068 2133; x_wconf 77' lang='lat' dir='ltr'><strong>difﬁni-</strong></span> 
     </span>
    </p>
   </div>
   <div class='ocr_carea' id='block_1_37' title="bbox 475 2165 2065 2241">
    <p class='ocr_par' dir='ltr' id='par_1_37' title="bbox 475 2165 2065 2241">
     <span class='ocr_line' id='line_1_37' title="bbox 475 2165 2065 2241; baseline 0.005 -24"><span class='ocrx_word' id='word_1_268' title='bbox 475 2165 675 2218; x_wconf 91' lang='lat' dir='ltr'><strong>tionem</strong></span> <span class='ocrx_word' id='word_1_269' title='bbox 697 2181 904 2236; x_wconf 73' lang='lat' dir='ltr'><strong>magna:</strong></span> <span class='ocrx_word' id='word_1_270' title='bbox 929 2175 984 2220; x_wconf 91' lang='lat' dir='ltr'><strong>et</strong></span> <span class='ocrx_word' id='word_1_271' title='bbox 1005 2168 1324 2222; x_wconf 86' lang='lat' dir='ltr'><strong>universalis</strong></span> <span class='ocrx_word' id='word_1_272' title='bbox 1349 2168 1506 2236; x_wconf 80' lang='lat' dir='ltr'><strong>hujus</strong></span> <span class='ocrx_word' id='word_1_273' title='bbox 1529 2171 1739 2240; x_wconf 85' lang='lat' dir='ltr'><strong>synodi,</strong></span> <span class='ocrx_word' id='word_1_274' title='bbox 1769 2171 2065 2241; x_wconf 88' lang='lat' dir='ltr'><strong>quidquam</strong></span> 
     </span>
    </p>
   </div>
   <div class='ocr_carea' id='block_1_38' title="bbox 474 2254 2066 2326">
    <p class='ocr_par' dir='ltr' id='par_1_38' title="bbox 474 2254 2066 2326">
     <span class='ocr_line' id='line_1_38' title="bbox 474 2254 2066 2326; baseline 0.004 -20"><span class='ocrx_word' id='word_1_275' title='bbox 474 2270 543 2306; x_wconf 77' lang='lat' dir='ltr'><strong>ex</strong></span> <span class='ocrx_word' id='word_1_276' title='bbox 572 2254 657 2308; x_wconf 86' lang='lat' dir='ltr'><strong>bis</strong></span> <span class='ocrx_word' id='word_1_277' title='bbox 682 2270 800 2324; x_wconf 70' lang='lat' dir='ltr'><strong>quae</strong></span> <span class='ocrx_word' id='word_1_278' title='bbox 817 2263 941 2308; x_wconf 87' lang='lat' dir='ltr'><strong>sunt</strong></span> <span class='ocrx_word' id='word_1_279' title='bbox 966 2257 1233 2324; x_wconf 89' lang='lat' dir='ltr'><strong>prohibita</strong></span> <span class='ocrx_word' id='word_1_280' title='bbox 1253 2269 1592 2326; x_wconf 84' lang='lat' dir='ltr'><strong>perpetrare,</strong></span> <span class='ocrx_word' id='word_1_281' title='bbox 1612 2259 1852 2313; x_wconf 87' lang='lat' dir='ltr'><strong>decrevit</strong></span> <span class='ocrx_word' id='word_1_282' title='bbox 1879 2269 2066 2313; x_wconf 88' lang='lat' dir='ltr'><strong>sancta</strong></span> 
     </span>
    </p>
   </div>
   <div class='ocr_carea' id='block_1_39' title="bbox 475 2346 2070 2418">
    <p class='ocr_par' dir='ltr' id='par_1_39' title="bbox 475 2346 2070 2418">
     <span class='ocr_line' id='line_1_39' title="bbox 475 2346 2070 2418; baseline 0.003 -20"><span class='ocrx_word' id='word_1_283' title='bbox 475 2347 714 2414; x_wconf 78' lang='lat' dir='ltr'><strong>synodus</strong></span> <span class='ocrx_word' id='word_1_284' title='bbox 737 2361 767 2398; x_wconf 93' lang='lat' dir='ltr'><strong>a</strong></span> <span class='ocrx_word' id='word_1_285' title='bbox 797 2347 1014 2415; x_wconf 90' lang='lat' dir='ltr'><strong>proprio</strong></span> <span class='ocrx_word' id='word_1_286' title='bbox 1044 2346 1344 2414; x_wconf 89' lang='lat' dir='ltr'><strong>lmjusmodi</strong></span> <span class='ocrx_word' id='word_1_287' title='bbox 1379 2349 1545 2418; x_wconf 86' lang='lat' dir='ltr'><strong>gradu</strong></span> <span class='ocrx_word' id='word_1_288' title='bbox 1583 2351 1854 2404; x_wconf 86' lang='lat' dir='ltr'><strong>recedere.</strong></span> <span class='ocrx_word' id='word_1_289' title='bbox 1895 2368 1913 2400; x_wconf 81' lang='grc'><strong><em>›</em></strong></span> <span class='ocrx_word' id='word_1_290' title='bbox 1949 2367 1969 2401; x_wconf 76' lang='grc' dir='ltr'>ι</span> <span class='ocrx_word' id='word_1_291' title='bbox 2003 2350 2070 2402; x_wconf 82' lang='lat' dir='ltr'><strong>Et</strong></span> 
     </span>
    </p>
   </div>
   <div class='ocr_carea' id='block_1_40' title="bbox 474 2432 2070 2510">
    <p class='ocr_par' dir='ltr' id='par_1_40' title="bbox 474 2432 2070 2510">
     <span class='ocr_line' id='line_1_40' title="bbox 474 2432 2070 2510; baseline 0.006 -25"><span class='ocrx_word' id='word_1_292' title='bbox 474 2432 563 2487; x_wconf 90' lang='lat' dir='ltr'><strong>hic</strong></span> <span class='ocrx_word' id='word_1_293' title='bbox 598 2435 642 2488; x_wconf 90' lang='lat' dir='ltr'><strong>si</strong></span> <span class='ocrx_word' id='word_1_294' title='bbox 688 2436 925 2504; x_wconf 80' lang='lat' dir='ltr'><strong>objicere</strong></span> <span class='ocrx_word' id='word_1_295' title='bbox 951 2438 1080 2491; x_wconf 90' lang='lat' dir='ltr'><strong>mihi</strong></span> <span class='ocrx_word' id='word_1_296' title='bbox 1119 2439 1355 2494; x_wconf 86' lang='lat' dir='ltr'><strong>volueris</strong></span> <span class='ocrx_word' id='word_1_297' title='bbox 1378 2440 1522 2509; x_wconf 90' lang='lat' dir='ltr'><strong>quod</strong></span> <span class='ocrx_word' id='word_1_298' title='bbox 1552 2456 1715 2510; x_wconf 87' lang='lat' dir='ltr'><strong>supra</strong></span> <span class='ocrx_word' id='word_1_299' title='bbox 1742 2440 1852 2494; x_wconf 79' lang='lat' dir='ltr'><strong>dixi</strong></span> <span class='ocrx_word' id='word_1_300' title='bbox 1883 2442 1948 2495; x_wconf 90' lang='lat' dir='ltr'><strong>de</strong></span> <span class='ocrx_word' id='word_1_301' title='bbox 1977 2457 2070 2494; x_wconf 90' lang='lat' dir='ltr'><strong>ea-</strong></span> 
     </span>
    </p>
   </div>
   <div class='ocr_carea' id='block_1_41' title="bbox 475 2524 2066 2600">
    <p class='ocr_par' dir='ltr' id='par_1_41' title="bbox 475 2524 2066 2600">
     <span class='ocr_line' id='line_1_41' title="bbox 475 2524 2066 2600; baseline 0.006 -24"><span class='ocrx_word' id='word_1_302' title='bbox 475 2524 645 2593; x_wconf 91' lang='lat' dir='ltr'><strong>pitulo</strong></span> <span class='ocrx_word' id='word_1_303' title='bbox 675 2525 834 2594; x_wconf 84' lang='lat' dir='ltr'><strong>hujus</strong></span> <span class='ocrx_word' id='word_1_304' title='bbox 884 2528 1074 2598; x_wconf 85' lang='lat' dir='ltr'><strong>synodi</strong></span> <span class='ocrx_word' id='word_1_305' title='bbox 1117 2545 1148 2582; x_wconf 89' lang='lat' dir='ltr'><strong>a</strong></span> <span class='ocrx_word' id='word_1_306' title='bbox 1208 2532 1335 2585; x_wconf 82' lang='lat' dir='ltr'><strong>sede</strong></span> <span class='ocrx_word' id='word_1_307' title='bbox 1365 2531 1657 2599; x_wconf 89' lang='lat' dir='ltr'><strong>apostolica</strong></span> <span class='ocrx_word' id='word_1_308' title='bbox 1690 2546 1795 2586; x_wconf 92' lang='lat' dir='ltr'><strong>non</strong></span> <span class='ocrx_word' id='word_1_309' title='bbox 1828 2541 2066 2600; x_wconf 88' lang='lat' dir='ltr'><strong>recepto,</strong></span> 
     </span>
    </p>
   </div>
   <div class='ocr_carea' id='block_1_42' title="bbox 479 2616 2066 2691">
    <p class='ocr_par' dir='ltr' id='par_1_42' title="bbox 479 2616 2066 2691">
     <span class='ocr_line' id='line_1_42' title="bbox 479 2616 2066 2691; baseline 0.003 -21"><span class='ocrx_word' id='word_1_310' title='bbox 479 2616 656 2672; x_wconf 80' lang='lat' dir='ltr'><strong>refero</strong></span> <span class='ocrx_word' id='word_1_311' title='bbox 694 2621 790 2674; x_wconf 88' lang='lat' dir='ltr'><strong>tibi</strong></span> <span class='ocrx_word' id='word_1_312' title='bbox 843 2630 902 2672; x_wconf 90' lang='lat' dir='ltr'><strong>ut</strong></span> <span class='ocrx_word' id='word_1_313' title='bbox 948 2621 1094 2691; x_wconf 84' lang='lat' dir='ltr'><strong>legas</strong></span> <span class='ocrx_word' id='word_1_314' title='bbox 1148 2621 1428 2690; x_wconf 88' lang='lat' dir='ltr'><strong>superius,</strong></span> <span class='ocrx_word' id='word_1_315' title='bbox 1467 2630 1522 2674; x_wconf 91' lang='lat' dir='ltr'><strong>et</strong></span> <span class='ocrx_word' id='word_1_316' title='bbox 1567 2620 1751 2674; x_wconf 90' lang='lat' dir='ltr'><strong>videas</strong></span> <span class='ocrx_word' id='word_1_317' title='bbox 1802 2631 2066 2690; x_wconf 90' lang='lat' dir='ltr'><strong>quantum</strong></span> 
     </span>
    </p>
   </div>
   <div class='ocr_carea' id='block_1_43' title="bbox 481 2710 2068 2780">
    <p class='ocr_par' dir='ltr' id='par_1_43' title="bbox 481 2710 2068 2780">
     <span class='ocr_line' id='line_1_43' title="bbox 481 2710 2068 2780; baseline 0.002 -17"><span class='ocrx_word' id='word_1_318' title='bbox 481 2710 627 2774; x_wconf 78' lang='lat' dir='ltr'><strong>dixi,</strong></span> <span class='ocrx_word' id='word_1_319' title='bbox 693 2713 836 2780; x_wconf 90' lang='lat' dir='ltr'><strong>quod</strong></span> <span class='ocrx_word' id='word_1_320' title='bbox 894 2713 958 2766; x_wconf 88' lang='lat' dir='ltr'><strong>de</strong></span> <span class='ocrx_word' id='word_1_321' title='bbox 1012 2714 1202 2766; x_wconf 86' lang='lat' dir='ltr'><strong>eodem</strong></span> <span class='ocrx_word' id='word_1_322' title='bbox 1259 2711 1494 2780; x_wconf 88' lang='lat' dir='ltr'><strong>capitulo</strong></span> <span class='ocrx_word' id='word_1_323' title='bbox 1567 2711 1722 2765; x_wconf 86' lang='lat' dir='ltr'><strong>sedes</strong></span> <span class='ocrx_word' id='word_1_324' title='bbox 1775 2712 2068 2780; x_wconf 86' lang='lat' dir='ltr'><strong>apostolica</strong></span> 
     </span>
    </p>
   </div>
   <div class='ocr_carea' id='block_1_44' title="bbox 479 2801 2069 2871">
    <p class='ocr_par' dir='ltr' id='par_1_44' title="bbox 479 2801 2069 2871">
     <span class='ocr_line' id='line_1_44' title="bbox 479 2801 2069 2871; baseline 0.001 -17"><span class='ocrx_word' id='word_1_325' title='bbox 479 2815 586 2854; x_wconf 89' lang='lat' dir='ltr'><strong>non</strong></span> <span class='ocrx_word' id='word_1_326' title='bbox 617 2803 863 2870; x_wconf 87' lang='lat' dir='ltr'><strong>recipiat,</strong></span> <span class='ocrx_word' id='word_1_327' title='bbox 893 2803 1118 2867; x_wconf 89' lang='lat' dir='ltr'><strong>scilicet,</strong></span> <span class='ocrx_word' id='word_1_328' title='bbox 1172 2802 1229 2856; x_wconf 89' lang='lat' dir='ltr'><strong>Si</strong></span> <span class='ocrx_word' id='word_1_329' title='bbox 1270 2803 1528 2856; x_wconf 90' lang='lat' dir='ltr'><strong>adversus</strong></span> <span class='ocrx_word' id='word_1_330' title='bbox 1575 2801 1816 2871; x_wconf 86' lang='lat' dir='ltr'><strong>ejusdem</strong></span> <span class='ocrx_word' id='word_1_331' title='bbox 1851 2803 2069 2870; x_wconf 87' lang='lat' dir='ltr'><strong>provin-</strong></span> 
     </span>
    </p>
   </div>
   <div class='ocr_carea' id='block_1_45' title="bbox 478 2893 2070 2963">
    <p class='ocr_par' dir='ltr' id='par_1_45' title="bbox 478 2893 2070 2963">
     <span class='ocr_line' id='line_1_45' title="bbox 478 2893 2070 2963; baseline 0.001 -17"><span class='ocrx_word' id='word_1_332' title='bbox 478 2893 578 2946; x_wconf 80' lang='lat' dir='ltr'><strong>ciae</strong></span> <span class='ocrx_word' id='word_1_333' title='bbox 630 2894 1104 2962; x_wconf 88' lang='lat' dir='ltr'><strong>metropolitanum</strong></span> <span class='ocrx_word' id='word_1_334' title='bbox 1154 2895 1436 2963; x_wconf 87' lang='lat' dir='ltr'><strong>episcopus</strong></span> <span class='ocrx_word' id='word_1_335' title='bbox 1480 2894 1563 2947; x_wconf 86' lang='lat' dir='ltr'><strong>vel</strong></span> <span class='ocrx_word' id='word_1_336' title='bbox 1628 2895 1858 2948; x_wconf 91' lang='lat' dir='ltr'><strong>clericus</strong></span> <span class='ocrx_word' id='word_1_337' title='bbox 1905 2893 2070 2947; x_wconf 83' lang='lat' dir='ltr'><strong>habet</strong></span> 
     </span>
    </p>
   </div>
   <div class='ocr_carea' id='block_1_46' title="bbox 479 2983 2069 3054">
    <p class='ocr_par' dir='ltr' id='par_1_46' title="bbox 479 2983 2069 3054">
     <span class='ocr_line' id='line_1_46' title="bbox 479 2983 2069 3054; baseline 0.003 -20"><span class='ocrx_word' id='word_1_338' title='bbox 479 2983 778 3051; x_wconf 85' lang='lat' dir='ltr'><strong>querelam,</strong></span> <span class='ocrx_word' id='word_1_339' title='bbox 807 2994 957 3053; x_wconf 87' lang='lat' dir='ltr'><strong>petat</strong></span> <span class='ocrx_word' id='word_1_340' title='bbox 986 2986 1167 3039; x_wconf 87' lang='lat' dir='ltr'><strong>sedem</strong></span> <span class='ocrx_word' id='word_1_341' title='bbox 1191 2985 1351 3054; x_wconf 65' lang='lat' dir='ltr'><strong>regia:</strong></span> <span class='ocrx_word' id='word_1_342' title='bbox 1396 2985 1546 3039; x_wconf 88' lang='lat' dir='ltr'><strong>urbis</strong></span> <span class='ocrx_word' id='word_1_343' title='bbox 1575 2985 2069 3053; x_wconf 86' lang='lat' dir='ltr'><strong>Constantinopoli-</strong></span> 
     </span>
    </p>
   </div>
   <div class='ocr_carea' id='block_1_47' title="bbox 477 3072 2064 3146">
    <p class='ocr_par' dir='ltr' id='par_1_47' title="bbox 477 3072 2064 3146">
     <span class='ocr_line' id='line_1_47' title="bbox 477 3072 2064 3146; baseline 0.001 -19"><span class='ocrx_word' id='word_1_344' title='bbox 477 3080 639 3146; x_wconf 64' lang='lat' dir='ltr'><strong>tanae,</strong></span> <span class='ocrx_word' id='word_1_345' title='bbox 661 3082 716 3127; x_wconf 90' lang='lat' dir='ltr'><strong>et</strong></span> <span class='ocrx_word' id='word_1_346' title='bbox 737 3074 877 3144; x_wconf 93' lang='lat' dir='ltr'><strong>apud</strong></span> <span class='ocrx_word' id='word_1_347' title='bbox 902 3074 1070 3142; x_wconf 89' lang='lat' dir='ltr'><strong>ipsam</strong></span> <span class='ocrx_word' id='word_1_348' title='bbox 1087 3073 1378 3143; x_wconf 89' lang='lat' dir='ltr'><strong>jndicetur.</strong></span> <span class='ocrx_word' id='word_1_349' title='bbox 1405 3091 1423 3124; x_wconf 73' lang='grc' dir='ltr'><strong><em>ι</em></strong></span> <span class='ocrx_word' id='word_1_350' title='bbox 1457 3072 1526 3126; x_wconf 83' lang='grc' dir='ltr'><strong>Ει</strong></span> <span class='ocrx_word' id='word_1_351' title='bbox 1550 3073 1724 3126; x_wconf 88' lang='lat' dir='ltr'><strong>adlme</strong></span> <span class='ocrx_word' id='word_1_352' title='bbox 1743 3074 1836 3126; x_wconf 90' lang='lat' dir='ltr'><strong>tibi</strong></span> <span class='ocrx_word' id='word_1_353' title='bbox 1867 3072 2064 3139; x_wconf 84' lang='lat' dir='ltr'><strong>refero,</strong></span> 
     </span>
    </p>
   </div>
   <div class='ocr_carea' id='block_1_48' title="bbox 2167 1898 3509 1970">
    <p class='ocr_par' dir='ltr' id='par_1_48' title="bbox 2167 1898 3509 1970">
     <span class='ocr_line' id='line_1_48' title="bbox 2167 1898 3509 1970; baseline -0.004 -14"><span class='ocrx_word' id='word_1_354' title='bbox 2167 1901 2604 1956; x_wconf 88' lang='lat' dir='ltr'><strong>communionem</strong></span> <span class='ocrx_word' id='word_1_355' title='bbox 2627 1915 2822 1970; x_wconf 88' lang='lat' dir='ltr'><strong>capere</strong></span> <span class='ocrx_word' id='word_1_356' title='bbox 2849 1899 2920 1954; x_wconf 90' lang='lat' dir='ltr'><strong>sit</strong></span> <span class='ocrx_word' id='word_1_357' title='bbox 2948 1900 3142 1968; x_wconf 86' lang='lat' dir='ltr'><strong>dignus</strong></span> <span class='ocrx_word' id='word_1_358' title='bbox 3170 1898 3452 1953; x_wconf 85' lang='lat' dir='ltr'><strong>altaribus.</strong></span> <span class='ocrx_word' id='word_1_359' title='bbox 3488 1917 3509 1950; x_wconf 71' lang='grc' dir='ltr'><strong>ι</strong></span> 
     </span>
    </p>
   </div>
   <div class='ocr_carea' id='block_1_49' title="bbox 2736 2030 3204 2088">
    <p class='ocr_par' dir='ltr' id='par_1_49' title="bbox 2736 2030 3204 2088">
     <span class='ocr_line' id='line_1_49' title="bbox 2736 2030 3204 2088; baseline -0.009 0"><span class='ocrx_word' id='word_1_360' title='bbox 2736 2031 2964 2088; x_wconf 76' lang='lat' dir='ltr'><strong>CAPUT</strong></span> <span class='ocrx_word' id='word_1_361' title='bbox 3007 2030 3204 2087; x_wconf 77' lang='lat' dir='ltr'><strong>XXXI.</strong></span> 
     </span>
    </p>
   </div>
   <div class='ocr_carea' id='block_1_50' title="bbox 2171 2139 3774 2264">
    <p class='ocr_par' dir='ltr' id='par_1_50' title="bbox 2171 2139 3774 2264">
     <span class='ocr_line' id='line_1_50' title="bbox 2171 2139 3774 2264; baseline -0.006 -63"><span class='ocrx_word' id='word_1_362' title='bbox 2171 2147 2247 2201; x_wconf 88' lang='lat' dir='ltr'><strong>De</strong></span> <span class='ocrx_word' id='word_1_363' title='bbox 2270 2163 2330 2200; x_wconf 87' lang='lat' dir='ltr'><strong>eo</strong></span> <span class='ocrx_word' id='word_1_364' title='bbox 2357 2145 2496 2214; x_wconf 86' lang='lat' dir='ltr'><strong>quod</strong></span> <span class='ocrx_word' id='word_1_365' title='bbox 2520 2142 2787 2213; x_wconf 79' lang='lat' dir='ltr'><strong>parvulos,</strong></span> <span class='ocrx_word' id='word_1_366' title='bbox 2813 2144 2904 2264; x_wconf 52' lang='lat' dir='ltr'><strong>(lui</strong></span> <span class='ocrx_word' id='word_1_367' title='bbox 2926 2158 3064 2210; x_wconf 73' lang='lat' dir='ltr'><strong>Stt’pe</strong></span> <span class='ocrx_word' id='word_1_368' title='bbox 3084 2141 3386 2194; x_wconf 83' lang='lat' dir='ltr'><strong>discrimine</strong></span> <span class='ocrx_word' id='word_1_369' title='bbox 3414 2140 3597 2194; x_wconf 73' lang='lat' dir='ltr'><strong>mortis</strong></span> <span class='ocrx_word' id='word_1_370' title='bbox 3616 2139 3774 2208; x_wconf 79' lang='lat' dir='ltr'><strong>peri-</strong></span> 
     </span>
     <span class='ocr_line' id='line_1_51' title="bbox 2524 2211 3395 2264; baseline -0.002 0"><span class='ocrx_word' id='word_1_371' title='bbox 2524 2215 2793 2264; x_wconf 81' lang='lat' dir='ltr'><strong>clitantur.</strong></span> <span class='ocrx_word' id='word_1_372' title='bbox 2852 2212 3077 2264; x_wconf 79' lang='lat' dir='ltr'><strong>avtizari</strong></span> <span class='ocrx_word' id='word_1_373' title='bbox 3114 2211 3395 2264; x_wconf 70' lang='lat' dir='ltr'><strong>prohibuit.</strong></span> 
     </span>
    </p>
   </div>
   <div class='ocr_carea' id='block_1_51' title="bbox 2524 2211 3395 2282">
    <p class='ocr_par' dir='ltr' id='par_1_51' title="bbox 2524 2211 3395 2282">
     <span class='ocr_line' id='line_1_52' title="bbox 2524 2211 3395 2282; baseline -0.005 -16"><span class='ocrx_word' id='word_1_374' title='bbox 2524 2211 2793 2278; x_wconf 70' lang='lat' dir='ltr'><strong>ditantur,</strong></span> <span class='ocrx_word' id='word_1_375' title='bbox 2819 2211 3077 2282; x_wconf 79' lang='lat' dir='ltr'><strong>baptizari</strong></span> <span class='ocrx_word' id='word_1_376' title='bbox 3112 2211 3395 2278; x_wconf 79' lang='lat' dir='ltr'><strong>prohibuit.</strong></span> 
     </span>
    </p>
   </div>
   <div class='ocr_carea' id='block_1_52' title="bbox 2240 2344 3773 2422">
    <p class='ocr_par' dir='ltr' id='par_1_52' title="bbox 2240 2344 3773 2422">
     <span class='ocr_line' id='line_1_53' title="bbox 2240 2344 3773 2422; baseline -0.007 -14"><span class='ocrx_word' id='word_1_377' title='bbox 2240 2353 2481 2422; x_wconf 87' lang='lat' dir='ltr'><strong>Denique</strong></span> <span class='ocrx_word' id='word_1_378' title='bbox 2506 2352 2647 2406; x_wconf 89' lang='lat' dir='ltr'><strong>sicut</strong></span> <span class='ocrx_word' id='word_1_379' title='bbox 2670 2351 2723 2404; x_wconf 92' lang='lat' dir='ltr'><strong>in</strong></span> <span class='ocrx_word' id='word_1_380' title='bbox 2749 2350 3009 2420; x_wconf 89' lang='lat' dir='ltr'><strong>petitione</strong></span> <span class='ocrx_word' id='word_1_381' title='bbox 3035 2348 3166 2402; x_wconf 89' lang='lat' dir='ltr'><strong>mihi</strong></span> <span class='ocrx_word' id='word_1_382' title='bbox 3197 2347 3263 2400; x_wconf 91' lang='lat' dir='ltr'><strong>ab</strong></span> <span class='ocrx_word' id='word_1_383' title='bbox 3284 2345 3514 2401; x_wconf 84' lang='lat' dir='ltr'><strong>ecclesia</strong></span> <span class='ocrx_word' id='word_1_384' title='bbox 3538 2344 3773 2398; x_wconf 76' lang='lat' dir='ltr'><strong>Laudo-</strong></span> 
     </span>
    </p>
   </div>
   <div class='ocr_carea' id='block_1_53' title="bbox 2171 2436 3773 2503">
    <p class='ocr_par' dir='ltr' id='par_1_53' title="bbox 2171 2436 3773 2503">
     <span class='ocr_line' id='line_1_54' title="bbox 2171 2436 3773 2503; baseline -0.007 -5"><span class='ocrx_word' id='word_1_385' title='bbox 2171 2445 2325 2498; x_wconf 90' lang='lat' dir='ltr'><strong>nensi</strong></span> <span class='ocrx_word' id='word_1_386' title='bbox 2357 2445 2480 2497; x_wconf 88' lang='lat' dir='ltr'><strong>data</strong></span> <span class='ocrx_word' id='word_1_387' title='bbox 2500 2443 2823 2503; x_wconf 89' lang='lat' dir='ltr'><strong>continetur,</strong></span> <span class='ocrx_word' id='word_1_388' title='bbox 2852 2455 3014 2494; x_wconf 88' lang='lat' dir='ltr'><strong>causa</strong></span> <span class='ocrx_word' id='word_1_389' title='bbox 3040 2436 3357 2503; x_wconf 87' lang='lat' dir='ltr'><strong>injuriarum</strong></span> <span class='ocrx_word' id='word_1_390' title='bbox 3385 2444 3598 2488; x_wconf 87' lang='lat' dir='ltr'><strong>tuarum</strong></span> <span class='ocrx_word' id='word_1_391' title='bbox 3625 2450 3773 2502; x_wconf 77' lang='lat' dir='ltr'><strong>par-</strong></span> 
     </span>
    </p>
   </div>
   <div class='ocr_carea' id='block_1_54' title="bbox 2172 2527 3764 2606">
    <p class='ocr_par' dir='ltr' id='par_1_54' title="bbox 2172 2527 3764 2606">
     <span class='ocr_line' id='line_1_55' title="bbox 2172 2527 3764 2606; baseline -0.008 -16"><span class='ocrx_word' id='word_1_392' title='bbox 2172 2537 2326 2592; x_wconf 87' lang='lat' dir='ltr'><strong>vulos</strong></span> <span class='ocrx_word' id='word_1_393' title='bbox 2353 2535 2639 2606; x_wconf 84' lang='lat' dir='ltr'><strong>baptizari,</strong></span> <span class='ocrx_word' id='word_1_394' title='bbox 2671 2533 2762 2603; x_wconf 91' lang='lat' dir='ltr'><strong>qui</strong></span> <span class='ocrx_word' id='word_1_395' title='bbox 2815 2546 2960 2602; x_wconf 65' lang='lat' dir='ltr'><strong>saepe</strong></span> <span class='ocrx_word' id='word_1_396' title='bbox 3005 2529 3316 2584; x_wconf 91' lang='lat' dir='ltr'><strong>discrimine</strong></span> <span class='ocrx_word' id='word_1_397' title='bbox 3362 2530 3556 2582; x_wconf 88' lang='lat' dir='ltr'><strong>mortis</strong></span> <span class='ocrx_word' id='word_1_398' title='bbox 3599 2527 3764 2594; x_wconf 83' lang='lat' dir='ltr'><strong>peri-</strong></span> 
     </span>
    </p>
   </div>
   <div class='ocr_carea' id='block_1_55' title="bbox 2171 2618 3780 2698">
    <p class='ocr_par' dir='ltr' id='par_1_55' title="bbox 2171 2618 3780 2698">
     <span class='ocr_line' id='line_1_56' title="bbox 2171 2618 3780 2698; baseline -0.008 -15"><span class='ocrx_word' id='word_1_399' title='bbox 2171 2628 2450 2693; x_wconf 88' lang='lat' dir='ltr'><strong>clitantur,</strong></span> <span class='ocrx_word' id='word_1_400' title='bbox 2481 2625 2824 2698; x_wconf 89' lang='lat' dir='ltr'><strong>prohibuisti.</strong></span> <span class='ocrx_word' id='word_1_401' title='bbox 2873 2623 2926 2676; x_wconf 91' lang='lat' dir='ltr'><strong>In</strong></span> <span class='ocrx_word' id='word_1_402' title='bbox 2971 2637 3078 2691; x_wconf 94' lang='lat' dir='ltr'><strong>quo</strong></span> <span class='ocrx_word' id='word_1_403' title='bbox 3117 2619 3354 2690; x_wconf 89' lang='lat' dir='ltr'><strong>capitulo</strong></span> <span class='ocrx_word' id='word_1_404' title='bbox 3401 2618 3651 2688; x_wconf 76' lang='lat' dir='ltr'><strong>Pelagius</strong></span> <span class='ocrx_word' id='word_1_405' title='bbox 3715 2627 3780 2671; x_wconf 83' lang='lat' dir='ltr'><strong>et</strong></span> 
     </span>
    </p>
   </div>
   <div class='ocr_carea' id='block_1_56' title="bbox 2171 2706 3778 2780">
    <p class='ocr_par' dir='ltr' id='par_1_56' title="bbox 2171 2706 3778 2780">
     <span class='ocr_line' id='line_1_57' title="bbox 2171 2706 3778 2780; baseline -0.009 -7"><span class='ocrx_word' id='word_1_406' title='bbox 2171 2729 2226 2773; x_wconf 94' lang='lat' dir='ltr'><strong>tu</strong></span> <span class='ocrx_word' id='word_1_407' title='bbox 2280 2718 2407 2773; x_wconf 88' lang='lat' dir='ltr'><strong>facti</strong></span> <span class='ocrx_word' id='word_1_408' title='bbox 2463 2716 2620 2780; x_wconf 87' lang='lat' dir='ltr'><strong>estis,</strong></span> <span class='ocrx_word' id='word_1_409' title='bbox 2681 2722 2739 2768; x_wconf 92' lang='lat' dir='ltr'><strong>ut</strong></span> <span class='ocrx_word' id='word_1_410' title='bbox 2785 2728 2853 2768; x_wconf 80' lang='lat' dir='ltr'><strong>ex</strong></span> <span class='ocrx_word' id='word_1_411' title='bbox 2907 2709 3098 2780; x_wconf 84' lang='lat' dir='ltr'><strong>majori</strong></span> <span class='ocrx_word' id='word_1_412' title='bbox 3127 2717 3281 2780; x_wconf 89' lang='lat' dir='ltr'><strong>parte</strong></span> <span class='ocrx_word' id='word_1_413' title='bbox 3321 2706 3574 2779; x_wconf 86' lang='lat' dir='ltr'><strong>egregius</strong></span> <span class='ocrx_word' id='word_1_414' title='bbox 3603 2715 3778 2776; x_wconf 75' lang='lat' dir='ltr'><strong>poeta</strong></span> 
     </span>
    </p>
   </div>
   <div class='ocr_carea' id='block_1_57' title="bbox 2171 2811 2333 2866">
    <p class='ocr_par' dir='ltr' id='par_1_57' title="bbox 2171 2811 2333 2866">
     <span class='ocr_line' id='line_1_58' title="bbox 2171 2811 2333 2866; baseline -0.019 0"><span class='ocrx_word' id='word_1_415' title='bbox 2171 2811 2333 2866; x_wconf 81' lang='lat' dir='ltr'><strong>dicit:</strong></span> 
     </span>
    </p>
   </div>
   <div class='ocr_carea' id='block_1_58' title="bbox 2296 2946 3603 3013">
    <p class='ocr_par' dir='ltr' id='par_1_58' title="bbox 2296 2946 3603 3013">
     <span class='ocr_line' id='line_1_59' title="bbox 2296 2946 3603 3013; baseline -0.01 -8"><span class='ocrx_word' id='word_1_416' title='bbox 2296 2955 2450 3005; x_wconf 87' lang='lat' dir='ltr'><strong>Ambo</strong></span> <span class='ocrx_word' id='word_1_417' title='bbox 2474 2965 2644 3004; x_wconf 86' lang='lat' dir='ltr'><strong>errore</strong></span> <span class='ocrx_word' id='word_1_418' title='bbox 2671 2963 2832 3013; x_wconf 83' lang='lat' dir='ltr'><strong>pares,</strong></span> <span class='ocrx_word' id='word_1_419' title='bbox 2861 2949 3080 3012; x_wconf 86' lang='lat' dir='ltr'><strong>quamvis</strong></span> <span class='ocrx_word' id='word_1_420' title='bbox 3097 2946 3290 2996; x_wconf 87' lang='lat' dir='ltr'><strong>diversa</strong></span> <span class='ocrx_word' id='word_1_421' title='bbox 3313 2951 3603 3009; x_wconf 60' lang='lat' dir='ltr'><strong>seque-“tes.</strong></span> 
     </span>
    </p>
   </div>
   <div class='ocr_carea' id='block_1_59' title="bbox 2170 3068 3771 3145">
    <p class='ocr_par' dir='ltr' id='par_1_59' title="bbox 2170 3068 3771 3145">
     <span class='ocr_line' id='line_1_60' title="bbox 2170 3068 3771 3145; baseline -0.006 -15"><span class='ocrx_word' id='word_1_422' title='bbox 2170 3075 2419 3145; x_wconf 84' lang='lat' dir='ltr'><strong>Pelagius</strong></span> <span class='ocrx_word' id='word_1_423' title='bbox 2448 3074 2630 3128; x_wconf 90' lang='lat' dir='ltr'><strong>docuit</strong></span> <span class='ocrx_word' id='word_1_424' title='bbox 2650 3069 2899 3141; x_wconf 89' lang='lat' dir='ltr'><strong>parvulos</strong></span> <span class='ocrx_word' id='word_1_425' title='bbox 2925 3079 3167 3124; x_wconf 87' lang='lat' dir='ltr'><strong>recentes</strong></span> <span class='ocrx_word' id='word_1_426' title='bbox 3205 3069 3272 3123; x_wconf 89' lang='lat' dir='ltr'><strong>ab</strong></span> <span class='ocrx_word' id='word_1_427' title='bbox 3303 3068 3472 3122; x_wconf 91' lang='lat' dir='ltr'><strong>uteris</strong></span> <span class='ocrx_word' id='word_1_428' title='bbox 3520 3075 3771 3120; x_wconf 86' lang='lat' dir='ltr'><strong>matrum</strong></span> 
     </span>
    </p>
   </div>
   <div class='ocr_carea' id='block_1_60' title="bbox 480 3157 3774 3236">
    <p class='ocr_par' dir='ltr' id='par_1_60' title="bbox 480 3157 3774 3236">
     <span class='ocr_line' id='line_1_61' title="bbox 480 3157 3774 3236; baseline -0.001 -20"><span class='ocrx_word' id='word_1_429' title='bbox 480 3164 607 3233; x_wconf 89' lang='lat' dir='ltr'><strong>quia</strong></span> <span class='ocrx_word' id='word_1_430' title='bbox 650 3163 791 3219; x_wconf 92' lang='lat' dir='ltr'><strong>idem</strong></span> <span class='ocrx_word' id='word_1_431' title='bbox 834 3166 1119 3219; x_wconf 88' lang='lat' dir='ltr'><strong>concilium</strong></span> <span class='ocrx_word' id='word_1_432' title='bbox 1151 3165 1253 3219; x_wconf 93' lang='lat' dir='ltr'><strong>hoc</strong></span> <span class='ocrx_word' id='word_1_433' title='bbox 1294 3164 1437 3234; x_wconf 89' lang='lat' dir='ltr'><strong>quod</strong></span> <span class='ocrx_word' id='word_1_434' title='bbox 1468 3165 1533 3219; x_wconf 89' lang='lat' dir='ltr'><strong>de</strong></span> <span class='ocrx_word' id='word_1_435' title='bbox 1581 3164 2070 3233; x_wconf 89' lang='lat' dir='ltr'><strong>Constantinopoli-</strong></span> <span class='ocrx_word' id='word_1_436' title='bbox 2097 3157 2143 3218; x_wconf 87' lang='lat' dir='ltr'><strong><em>C</em></strong></span> <span class='ocrx_word' id='word_1_437' title='bbox 2177 3183 2279 3222; x_wconf 92' lang='lat' dir='ltr'><strong>non</strong></span> <span class='ocrx_word' id='word_1_438' title='bbox 2329 3167 2679 3236; x_wconf 78' lang='lat' dir='ltr'><strong>baptizandos</strong></span> <span class='ocrx_word' id='word_1_439' title='bbox 2708 3167 2760 3219; x_wconf 91' lang='lat' dir='ltr'><strong>in</strong></span> <span class='ocrx_word' id='word_1_440' title='bbox 2812 3165 3186 3219; x_wconf 84' lang='lat' dir='ltr'><strong>remissionem</strong></span> <span class='ocrx_word' id='word_1_441' title='bbox 3231 3171 3603 3233; x_wconf 88' lang='lat' dir='ltr'><strong>peccatorum,</strong></span> <span class='ocrx_word' id='word_1_442' title='bbox 3634 3161 3774 3228; x_wconf 83' lang='lat' dir='ltr'><strong>quia</strong></span> 
     </span>
    </p>
   </div>
   <div class='ocr_carea' id='block_1_61' title="bbox 483 3260 2072 3330">
    <p class='ocr_par' dir='ltr' id='par_1_61' title="bbox 483 3260 2072 3330">
     <span class='ocr_line' id='line_1_62' title="bbox 483 3260 2072 3330; baseline 0 -18"><span class='ocrx_word' id='word_1_443' title='bbox 483 3267 608 3312; x_wconf 90' lang='lat' dir='ltr'><strong>tana</strong></span> <span class='ocrx_word' id='word_1_444' title='bbox 635 3260 762 3314; x_wconf 91' lang='lat' dir='ltr'><strong>sede</strong></span> <span class='ocrx_word' id='word_1_445' title='bbox 787 3261 1015 3330; x_wconf 90' lang='lat' dir='ltr'><strong>petenda</strong></span> <span class='ocrx_word' id='word_1_446' title='bbox 1039 3261 1191 3325; x_wconf 79' lang='lat' dir='ltr'><strong>dixit,</strong></span> <span class='ocrx_word' id='word_1_447' title='bbox 1236 3277 1341 3314; x_wconf 90' lang='lat' dir='ltr'><strong>non</strong></span> <span class='ocrx_word' id='word_1_448' title='bbox 1391 3260 1686 3330; x_wconf 89' lang='lat' dir='ltr'><strong>prohibuit,</strong></span> <span class='ocrx_word' id='word_1_449' title='bbox 1717 3260 1810 3314; x_wconf 80' lang='lat' dir='ltr'><strong>sed</strong></span> <span class='ocrx_word' id='word_1_450' title='bbox 1857 3275 2072 3314; x_wconf 91' lang='lat' dir='ltr'><strong>conces-</strong></span> 
     </span>
    </p>
   </div>
   <div class='ocr_carea' id='block_1_62' title="bbox 481 3352 2069 3422">
    <p class='ocr_par' dir='ltr' id='par_1_62' title="bbox 481 3352 2069 3422">
     <span class='ocr_line' id='line_1_63' title="bbox 481 3352 2069 3422; baseline 0.001 -18"><span class='ocrx_word' id='word_1_451' title='bbox 481 3353 551 3405; x_wconf 93' lang='lat' dir='ltr'><strong>sit</strong></span> <span class='ocrx_word' id='word_1_452' title='bbox 603 3368 615 3404; x_wconf 94' lang='lat'>:</span> <span class='ocrx_word' id='word_1_453' title='bbox 670 3352 722 3404; x_wconf 89' lang='lat' dir='ltr'><strong>in</strong></span> <span class='ocrx_word' id='word_1_454' title='bbox 775 3353 876 3407; x_wconf 91' lang='lat' dir='ltr'><strong>hoc</strong></span> <span class='ocrx_word' id='word_1_455' title='bbox 909 3360 1090 3406; x_wconf 90' lang='lat' dir='ltr'><strong>autem</strong></span> <span class='ocrx_word' id='word_1_456' title='bbox 1143 3353 1418 3422; x_wconf 89' lang='lat' dir='ltr'><strong>supposito</strong></span> <span class='ocrx_word' id='word_1_457' title='bbox 1475 3353 1710 3421; x_wconf 89' lang='lat' dir='ltr'><strong>capitulo</strong></span> <span class='ocrx_word' id='word_1_458' title='bbox 1760 3353 1914 3416; x_wconf 84' lang='lat' dir='ltr'><strong>dixit,</strong></span> <span class='ocrx_word' id='word_1_459' title='bbox 1966 3353 2069 3418; x_wconf 85' lang='lat' dir='ltr'><strong>Qui</strong></span> 
     </span>
    </p>
   </div>
   <div class='ocr_carea' id='block_1_63' title="bbox 482 3441 2066 3512">
    <p class='ocr_par' dir='ltr' id='par_1_63' title="bbox 482 3441 2066 3512">
     <span class='ocr_line' id='line_1_64' title="bbox 482 3441 2066 3512; baseline 0.002 -19"><span class='ocrx_word' id='word_1_460' title='bbox 482 3442 599 3494; x_wconf 89' lang='lat' dir='ltr'><strong>ausi</strong></span> <span class='ocrx_word' id='word_1_461' title='bbox 625 3441 830 3495; x_wconf 89' lang='lat' dir='ltr'><strong>fuerint</strong></span> <span class='ocrx_word' id='word_1_462' title='bbox 857 3458 923 3495; x_wconf 76' lang='lat' dir='ltr'><strong>ex</strong></span> <span class='ocrx_word' id='word_1_463' title='bbox 952 3443 1036 3496; x_wconf 90' lang='lat' dir='ltr'><strong>his</strong></span> <span class='ocrx_word' id='word_1_464' title='bbox 1088 3459 1205 3511; x_wconf 66' lang='lat' dir='ltr'><strong>quae</strong></span> <span class='ocrx_word' id='word_1_465' title='bbox 1253 3452 1377 3497; x_wconf 89' lang='lat' dir='ltr'><strong>sunt</strong></span> <span class='ocrx_word' id='word_1_466' title='bbox 1426 3444 1693 3512; x_wconf 88' lang='lat' dir='ltr'><strong>prohibita</strong></span> <span class='ocrx_word' id='word_1_467' title='bbox 1732 3450 2066 3512; x_wconf 87' lang='lat' dir='ltr'><strong>perpetrare.</strong></span> 
     </span>
    </p>
   </div>
   <div class='ocr_carea' id='block_1_64' title="bbox 483 3533 2068 3602">
    <p class='ocr_par' dir='ltr' id='par_1_64' title="bbox 483 3533 2068 3602">
     <span class='ocr_line' id='line_1_65' title="bbox 483 3533 2068 3602; baseline 0.001 -16"><span class='ocrx_word' id='word_1_468' title='bbox 483 3533 617 3598; x_wconf 78' lang='lat' dir='ltr'><strong>Quia</strong></span> <span class='ocrx_word' id='word_1_469' title='bbox 649 3533 811 3602; x_wconf 78' lang='lat' dir='ltr'><strong>igitur</strong></span> <span class='ocrx_word' id='word_1_470' title='bbox 836 3542 1050 3588; x_wconf 88' lang='lat' dir='ltr'><strong>constat</strong></span> <span class='ocrx_word' id='word_1_471' title='bbox 1078 3535 1130 3587; x_wconf 90' lang='lat' dir='ltr'><strong>in</strong></span> <span class='ocrx_word' id='word_1_472' title='bbox 1158 3535 1240 3588; x_wconf 90' lang='lat' dir='ltr'><strong>his</strong></span> <span class='ocrx_word' id='word_1_473' title='bbox 1263 3544 1313 3587; x_wconf 88' lang='lat' dir='ltr'><strong>te</strong></span> <span class='ocrx_word' id='word_1_474' title='bbox 1337 3535 1555 3588; x_wconf 84' lang='lat' dir='ltr'><strong>inimico</strong></span> <span class='ocrx_word' id='word_1_475' title='bbox 1581 3533 2068 3601; x_wconf 88' lang='lat' dir='ltr'><strong>animojudicasse,</strong></span> 
     </span>
    </p>
   </div>
   <div class='ocr_carea' id='block_1_65' title="bbox 485 3624 2068 3694">
    <p class='ocr_par' dir='ltr' id='par_1_65' title="bbox 485 3624 2068 3694">
     <span class='ocr_line' id='line_1_66' title="bbox 485 3624 2068 3694; baseline 0.002 -17"><span class='ocrx_word' id='word_1_476' title='bbox 485 3636 537 3677; x_wconf 83' lang='lat' dir='ltr'><strong>et</strong></span> <span class='ocrx_word' id='word_1_477' title='bbox 563 3625 856 3694; x_wconf 87' lang='lat' dir='ltr'><strong>cupiditate</strong></span> <span class='ocrx_word' id='word_1_478' title='bbox 879 3626 1126 3679; x_wconf 86' lang='lat' dir='ltr'><strong>vincendi</strong></span> <span class='ocrx_word' id='word_1_479' title='bbox 1166 3627 1518 3694; x_wconf 87' lang='lat' dir='ltr'><strong>depravatum</strong></span> <span class='ocrx_word' id='word_1_480' title='bbox 1551 3624 1736 3688; x_wconf 89' lang='lat' dir='ltr'><strong>fuisse,</strong></span> <span class='ocrx_word' id='word_1_481' title='bbox 1769 3627 2068 3680; x_wconf 87' lang='lat' dir='ltr'><strong>secundmn</strong></span> 
     </span>
    </p>
   </div>
   <div class='ocr_carea' id='block_1_66' title="bbox 483 3716 2072 3786">
    <p class='ocr_par' dir='ltr' id='par_1_66' title="bbox 483 3716 2072 3786">
     <span class='ocr_line' id='line_1_67' title="bbox 483 3716 2072 3786; baseline 0.001 -20"><span class='ocrx_word' id='word_1_482' title='bbox 483 3716 936 3786; x_wconf 75' lang='lat' dir='ltr'><strong>Carthaginienses</strong></span> <span class='ocrx_word' id='word_1_483' title='bbox 958 3731 1212 3781; x_wconf 85' lang='lat' dir='ltr'><strong>canones,</strong></span> <span class='ocrx_word' id='word_1_484' title='bbox 1239 3718 1393 3771; x_wconf 87' lang='lat' dir='ltr'><strong>obest</strong></span> <span class='ocrx_word' id='word_1_485' title='bbox 1417 3717 1508 3770; x_wconf 89' lang='lat' dir='ltr'><strong>tibi</strong></span> <span class='ocrx_word' id='word_1_486' title='bbox 1540 3726 1626 3770; x_wconf 90' lang='lat' dir='ltr'><strong>tua</strong></span> <span class='ocrx_word' id='word_1_487' title='bbox 1651 3717 1823 3770; x_wconf 87' lang='lat' dir='ltr'><strong>soluta</strong></span> <span class='ocrx_word' id='word_1_488' title='bbox 1856 3726 2072 3771; x_wconf 87' lang='lat' dir='ltr'><strong>senten—</strong></span> 
     </span>
    </p>
   </div>
   <div class='ocr_carea' id='block_1_67' title="bbox 486 3808 2070 3878">
    <p class='ocr_par' dir='ltr' id='par_1_67' title="bbox 486 3808 2070 3878">
     <span class='ocr_line' id='line_1_68' title="bbox 486 3808 2070 3878; baseline 0.002 -19"><span class='ocrx_word' id='word_1_489' title='bbox 486 3808 578 3862; x_wconf 86' lang='lat' dir='ltr'><strong>tia.</strong></span> <span class='ocrx_word' id='word_1_490' title='bbox 610 3809 675 3862; x_wconf 89' lang='lat' dir='ltr'><strong>Et</strong></span> <span class='ocrx_word' id='word_1_491' title='bbox 717 3811 969 3878; x_wconf 90' lang='lat' dir='ltr'><strong>quoniam</strong></span> <span class='ocrx_word' id='word_1_492' title='bbox 1000 3809 1050 3862; x_wconf 92' lang='lat' dir='ltr'><strong>in</strong></span> <span class='ocrx_word' id='word_1_493' title='bbox 1084 3810 1272 3864; x_wconf 70' lang='lat' dir='ltr'><strong>rutulis</strong></span> <span class='ocrx_word' id='word_1_494' title='bbox 1315 3811 1437 3873; x_wconf 91' lang='lat' dir='ltr'><strong>tuis,</strong></span> <span class='ocrx_word' id='word_1_495' title='bbox 1490 3811 1687 3865; x_wconf 89' lang='lat' dir='ltr'><strong>domno</strong></span> <span class='ocrx_word' id='word_1_496' title='bbox 1719 3809 1828 3878; x_wconf 84' lang='lat' dir='ltr'><strong>regi</strong></span> <span class='ocrx_word' id='word_1_497' title='bbox 1857 3819 1910 3863; x_wconf 89' lang='lat' dir='ltr'><strong>et</strong></span> <span class='ocrx_word' id='word_1_498' title='bbox 1940 3808 2070 3862; x_wconf 91' lang='lat' dir='ltr'><strong>mihi</strong></span> 
     </span>
    </p>
   </div>
   <div class='ocr_carea' id='block_1_68' title="bbox 486 3899 2073 3965">
    <p class='ocr_par' dir='ltr' id='par_1_68' title="bbox 486 3899 2073 3965">
     <span class='ocr_line' id='line_1_69' title="bbox 486 3899 2073 3965; baseline 0.001 -15"><span class='ocrx_word' id='word_1_499' title='bbox 486 3913 583 3965; x_wconf 82' lang='lat' dir='ltr'><strong>per</strong></span> <span class='ocrx_word' id='word_1_500' title='bbox 605 3900 1005 3952; x_wconf 84' lang='lat' dir='ltr'><strong>comministros</strong></span> <span class='ocrx_word' id='word_1_501' title='bbox 1029 3899 1284 3952; x_wconf 71' lang='lat' dir='ltr'><strong>Ecclesiae</strong></span> <span class='ocrx_word' id='word_1_502' title='bbox 1312 3911 1415 3952; x_wconf 73' lang='lat' dir='ltr'><strong>tua:</strong></span> <span class='ocrx_word' id='word_1_503' title='bbox 1436 3900 1674 3961; x_wconf 86' lang='lat' dir='ltr'><strong>directis,</strong></span> <span class='ocrx_word' id='word_1_504' title='bbox 1709 3899 1984 3952; x_wconf 86' lang='lat' dir='ltr'><strong>multoties</strong></span> <span class='ocrx_word' id='word_1_505' title='bbox 2009 3913 2073 3951; x_wconf 87' lang='lat' dir='ltr'><strong>ac</strong></span> 
     </span>
    </p>
   </div>
   <div class='ocr_carea' id='block_1_69' title="bbox 487 3985 2070 4053">
    <p class='ocr_par' dir='ltr' id='par_1_69' title="bbox 487 3985 2070 4053">
     <span class='ocr_line' id='line_1_70' title="bbox 487 3985 2070 4053; baseline 0.001 -15"><span class='ocrx_word' id='word_1_506' title='bbox 487 3985 855 4053; x_wconf 85' lang='lat' dir='ltr'><strong>multipliciter</strong></span> <span class='ocrx_word' id='word_1_507' title='bbox 891 3988 956 4038; x_wconf 89' lang='lat' dir='ltr'><strong>ad</strong></span> <span class='ocrx_word' id='word_1_508' title='bbox 1003 3988 1402 4040; x_wconf 90' lang='lat' dir='ltr'><strong>conlirmandas</strong></span> <span class='ocrx_word' id='word_1_509' title='bbox 1428 3997 1546 4040; x_wconf 89' lang='lat' dir='ltr'><strong>tuas</strong></span> <span class='ocrx_word' id='word_1_510' title='bbox 1585 3989 1904 4046; x_wconf 81' lang='lat' dir='ltr'><strong>sententias,</strong></span> <span class='ocrx_word' id='word_1_511' title='bbox 1949 4002 2070 4040; x_wconf 91' lang='lat' dir='ltr'><strong>cum</strong></span> 
     </span>
    </p>
   </div>
   <div class='ocr_carea' id='block_1_70' title="bbox 487 4075 2072 4144">
    <p class='ocr_par' dir='ltr' id='par_1_70' title="bbox 487 4075 2072 4144">
     <span class='ocr_line' id='line_1_71' title="bbox 487 4075 2072 4144; baseline -0.001 -16"><span class='ocrx_word' id='word_1_512' title='bbox 487 4077 657 4128; x_wconf 86' lang='lat' dir='ltr'><strong>sacris</strong></span> <span class='ocrx_word' id='word_1_513' title='bbox 685 4075 1002 4134; x_wconf 84' lang='lat' dir='ltr'><strong>cammilms,</strong></span> <span class='ocrx_word' id='word_1_514' title='bbox 1051 4085 1106 4126; x_wconf 89' lang='lat' dir='ltr'><strong>ct</strong></span> <span class='ocrx_word' id='word_1_515' title='bbox 1151 4076 1383 4129; x_wconf 88' lang='lat' dir='ltr'><strong>decretis</strong></span> <span class='ocrx_word' id='word_1_516' title='bbox 1411 4076 1714 4142; x_wconf 60' lang='lat' dir='ltr'><strong>apostolicae</strong></span> <span class='ocrx_word' id='word_1_517' title='bbox 1763 4076 1908 4129; x_wconf 69' lang='lat' dir='ltr'><strong>sedis</strong></span> <span class='ocrx_word' id='word_1_518' title='bbox 1936 4091 2072 4144; x_wconf 88' lang='lat' dir='ltr'><strong>pon-</strong></span> 
     </span>
    </p>
   </div>
   <div class='ocr_carea' id='block_1_71' title="bbox 490 4165 2074 4234">
    <p class='ocr_par' dir='ltr' id='par_1_71' title="bbox 490 4165 2074 4234">
     <span class='ocr_line' id='line_1_72' title="bbox 490 4165 2074 4234; baseline 0.001 -15"><span class='ocrx_word' id='word_1_519' title='bbox 490 4167 718 4230; x_wconf 83' lang='lat' dir='ltr'><strong>tifieum,</strong></span> <span class='ocrx_word' id='word_1_520' title='bbox 746 4167 908 4218; x_wconf 90' lang='lat' dir='ltr'><strong>etiam</strong></span> <span class='ocrx_word' id='word_1_521' title='bbox 936 4165 1133 4233; x_wconf 75' lang='lat' dir='ltr'><strong>legales</strong></span> <span class='ocrx_word' id='word_1_522' title='bbox 1155 4167 1452 4219; x_wconf 82' lang='lat' dir='ltr'><strong>sententias</strong></span> <span class='ocrx_word' id='word_1_523' title='bbox 1479 4166 1865 4221; x_wconf 89' lang='lat' dir='ltr'><strong>catholicorum</strong></span> <span class='ocrx_word' id='word_1_524' title='bbox 1907 4169 2074 4234; x_wconf 88' lang='lat' dir='ltr'><strong>impe-</strong></span> 
     </span>
    </p>
   </div>
   <div class='ocr_carea' id='block_1_72' title="bbox 491 4255 2070 4325">
    <p class='ocr_par' dir='ltr' id='par_1_72' title="bbox 491 4255 2070 4325">
     <span class='ocr_line' id='line_1_73' title="bbox 491 4255 2070 4325; baseline 0.001 -17"><span class='ocrx_word' id='word_1_525' title='bbox 491 4264 732 4308; x_wconf 87' lang='lat' dir='ltr'><strong>ratorum</strong></span> <span class='ocrx_word' id='word_1_526' title='bbox 765 4255 1014 4324; x_wconf 89' lang='lat' dir='ltr'><strong>posuisti,</strong></span> <span class='ocrx_word' id='word_1_527' title='bbox 1043 4270 1336 4325; x_wconf 83' lang='lat' dir='ltr'><strong>proponam</strong></span> <span class='ocrx_word' id='word_1_528' title='bbox 1371 4256 1463 4309; x_wconf 88' lang='lat' dir='ltr'><strong>tibi</strong></span> <span class='ocrx_word' id='word_1_529' title='bbox 1491 4255 1710 4324; x_wconf 84' lang='lat' dir='ltr'><strong>legalem</strong></span> <span class='ocrx_word' id='word_1_530' title='bbox 1747 4258 2070 4310; x_wconf 88' lang='lat' dir='ltr'><strong>sententiam</strong></span> 
     </span>
    </p>
   </div>
   <div class='ocr_carea' id='block_1_73' title="bbox 489 4344 2074 4416">
    <p class='ocr_par' dir='ltr' id='par_1_73' title="bbox 489 4344 2074 4416">
     <span class='ocr_line' id='line_1_74' title="bbox 489 4344 2074 4416; baseline 0.002 -18"><span class='ocrx_word' id='word_1_531' title='bbox 489 4344 777 4399; x_wconf 87' lang='lat' dir='ltr'><strong>Justiniani</strong></span> <span class='ocrx_word' id='word_1_532' title='bbox 803 4345 1438 4414; x_wconf 87' lang='lat' dir='ltr'><strong>catholiei&#39;imperatoris,</strong></span> <span class='ocrx_word' id='word_1_533' title='bbox 1471 4361 1631 4414; x_wconf 89' lang='lat' dir='ltr'><strong>quam</strong></span> <span class='ocrx_word' id='word_1_534' title='bbox 1662 4348 1853 4416; x_wconf 86' lang='lat' dir='ltr'><strong>probat</strong></span> <span class='ocrx_word' id='word_1_535' title='bbox 1877 4357 1929 4401; x_wconf 90' lang='lat' dir='ltr'><strong>et</strong></span> <span class='ocrx_word' id='word_1_536' title='bbox 1959 4363 2074 4401; x_wconf 87' lang='lat' dir='ltr'><strong>ser-</strong></span> 
     </span>
    </p>
   </div>
   <div class='ocr_carea' id='block_1_74' title="bbox 490 4436 2073 4507">
    <p class='ocr_par' dir='ltr' id='par_1_74' title="bbox 490 4436 2073 4507">
     <span class='ocr_line' id='line_1_75' title="bbox 490 4436 2073 4507; baseline 0.004 -19"><span class='ocrx_word' id='word_1_537' title='bbox 490 4445 583 4489; x_wconf 87' lang='lat' dir='ltr'><strong>vat</strong></span> <span class='ocrx_word' id='word_1_538' title='bbox 611 4436 848 4492; x_wconf 87' lang='lat' dir='ltr'><strong>Ecclesia</strong></span> <span class='ocrx_word' id='word_1_539' title='bbox 891 4439 1175 4504; x_wconf 89' lang='lat' dir='ltr'><strong>catholica,</strong></span> <span class='ocrx_word' id='word_1_540' title='bbox 1205 4455 1308 4507; x_wconf 89' lang='lat' dir='ltr'><strong>qua</strong></span> <span class='ocrx_word' id='word_1_541' title='bbox 1337 4439 1718 4493; x_wconf 86' lang='lat' dir='ltr'><strong>constitutione</strong></span> <span class='ocrx_word' id='word_1_542' title='bbox 1747 4455 1934 4505; x_wconf 72' lang='lat' dir='ltr'><strong>csvttt,</strong></span> <span class='ocrx_word' id='word_1_543' title='bbox 1988 4457 2073 4494; x_wconf 87' lang='lat' dir='ltr'><strong>ca-</strong></span> 
     </span>
    </p>
   </div>
   <div class='ocr_carea' id='block_1_75' title="bbox 491 4507 2153 4600">
    <p class='ocr_par' dir='ltr' id='par_1_75' title="bbox 491 4507 2153 4600">
     <span class='ocr_line' id='line_1_76' title="bbox 491 4507 2153 4600; baseline 0.001 -18"><span class='ocrx_word' id='word_1_544' title='bbox 491 4529 661 4598; x_wconf 84' lang='lat' dir='ltr'><strong>pitulo</strong></span> <span class='ocrx_word' id='word_1_545' title='bbox 689 4545 927 4594; x_wconf 78' lang='lat' dir='ltr'><strong>ccccxu,</strong></span> <span class='ocrx_word' id='word_1_546' title='bbox 963 4532 1200 4586; x_wconf 86' lang='lat' dir='ltr'><strong>decrevit</strong></span> <span class='ocrx_word' id='word_1_547' title='bbox 1235 4548 1246 4584; x_wconf 91' lang='lat'><strong>:</strong></span> <span class='ocrx_word' id='word_1_548' title='bbox 1275 4530 1342 4585; x_wconf 78' lang='lat' dir='ltr'><strong>Ut</strong></span> <span class='ocrx_word' id='word_1_549' title='bbox 1381 4546 1538 4585; x_wconf 91' lang='lat' dir='ltr'><strong>nemo</strong></span> <span class='ocrx_word' id='word_1_550' title='bbox 1580 4534 1883 4600; x_wconf 90' lang='lat' dir='ltr'><strong>episcopus,</strong></span> <span class='ocrx_word' id='word_1_551' title='bbox 1917 4548 2074 4585; x_wconf 90' lang='lat' dir='ltr'><strong>nemo</strong></span> <span class='ocrx_word' id='word_1_552' title='bbox 2106 4507 2153 4564; x_wconf 77' lang='grc' dir='ltr'><strong>Ῐ)</strong></span> 
     </span>
    </p>
   </div>
   <div class='ocr_carea' id='block_1_76' title="bbox 491 4621 2074 4692">
    <p class='ocr_par' dir='ltr' id='par_1_76' title="bbox 491 4621 2074 4692">
     <span class='ocr_line' id='line_1_77' title="bbox 491 4621 2074 4692; baseline 0.001 -18"><span class='ocrx_word' id='word_1_553' title='bbox 491 4621 774 4692; x_wconf 86' lang='lat' dir='ltr'><strong>presbyter</strong></span> <span class='ocrx_word' id='word_1_554' title='bbox 819 4624 1248 4677; x_wconf 79' lang='lat' dir='ltr'><strong>excommunicet</strong></span> <span class='ocrx_word' id='word_1_555' title='bbox 1299 4623 1529 4692; x_wconf 87' lang='lat' dir='ltr'><strong>aliquem</strong></span> <span class='ocrx_word' id='word_1_556' title='bbox 1583 4634 1872 4691; x_wconf 87' lang='lat' dir='ltr'><strong>antequam</strong></span> <span class='ocrx_word' id='word_1_557' title='bbox 1913 4639 2074 4676; x_wconf 88' lang='lat' dir='ltr'><strong>causa</strong></span> 
     </span>
    </p>
   </div>
   <div class='ocr_carea' id='block_1_77' title="bbox 489 4717 2077 4787">
    <p class='ocr_par' dir='ltr' id='par_1_77' title="bbox 489 4717 2077 4787">
     <span class='ocr_line' id='line_1_78' title="bbox 489 4717 2077 4787; baseline 0.001 -19"><span class='ocrx_word' id='word_1_558' title='bbox 489 4717 772 4787; x_wconf 85' lang='lat' dir='ltr'><strong>probetur,</strong></span> <span class='ocrx_word' id='word_1_559' title='bbox 822 4725 1040 4784; x_wconf 88' lang='lat' dir='ltr'><strong>prepler</strong></span> <span class='ocrx_word' id='word_1_560' title='bbox 1077 4733 1236 4784; x_wconf 89' lang='lat' dir='ltr'><strong>quam</strong></span> <span class='ocrx_word' id='word_1_561' title='bbox 1287 4717 1635 4770; x_wconf 85' lang='lat' dir='ltr'><strong>ecclesiastici</strong></span> <span class='ocrx_word' id='word_1_562' title='bbox 1687 4731 1921 4770; x_wconf 90' lang='lat' dir='ltr'><strong>canones</strong></span> <span class='ocrx_word' id='word_1_563' title='bbox 1975 4717 2077 4770; x_wconf 91' lang='lat' dir='ltr'><strong>hoc</strong></span> 
     </span>
    </p>
   </div>
   <div class='ocr_carea' id='block_1_78' title="bbox 494 4806 2079 4876">
    <p class='ocr_par' dir='ltr' id='par_1_78' title="bbox 494 4806 2079 4876">
     <span class='ocr_line' id='line_1_79' title="bbox 494 4806 2079 4876; baseline 0 -14"><span class='ocrx_word' id='word_1_564' title='bbox 494 4806 611 4862; x_wconf 82' lang='lat' dir='ltr'><strong>fieri</strong></span> <span class='ocrx_word' id='word_1_565' title='bbox 639 4808 847 4876; x_wconf 86' lang='lat' dir='ltr'><strong>juheut.</strong></span> <span class='ocrx_word' id='word_1_566' title='bbox 884 4807 938 4860; x_wconf 92' lang='lat' dir='ltr'><strong>Si</strong></span> <span class='ocrx_word' id='word_1_567' title='bbox 971 4809 1090 4876; x_wconf 90' lang='lat' dir='ltr'><strong>quis</strong></span> <span class='ocrx_word' id='word_1_568' title='bbox 1116 4818 1292 4861; x_wconf 89' lang='lat' dir='ltr'><strong>autem</strong></span> <span class='ocrx_word' id='word_1_569' title='bbox 1319 4810 1577 4862; x_wconf 88' lang='lat' dir='ltr'><strong>adversus</strong></span> <span class='ocrx_word' id='word_1_570' title='bbox 1601 4826 1661 4862; x_wconf 84' lang='lat' dir='ltr'><strong>ea</strong></span> <span class='ocrx_word' id='word_1_571' title='bbox 1713 4809 2079 4862; x_wconf 84' lang='lat' dir='ltr'><strong>excommuni-</strong></span> 
     </span>
    </p>
   </div>
   <div class='ocr_carea' id='block_1_79' title="bbox 494 4895 2078 4966">
    <p class='ocr_par' dir='ltr' id='par_1_79' title="bbox 494 4895 2078 4966">
     <span class='ocr_line' id='line_1_80' title="bbox 494 4895 2078 4966; baseline 0.002 -16"><span class='ocrx_word' id='word_1_572' title='bbox 494 4897 699 4950; x_wconf 86' lang='lat' dir='ltr'><strong>caverit</strong></span> <span class='ocrx_word' id='word_1_573' title='bbox 737 4895 986 4965; x_wconf 83' lang='lat' dir='ltr'><strong>aliquem,</strong></span> <span class='ocrx_word' id='word_1_574' title='bbox 1039 4897 1127 4949; x_wconf 89' lang='lat' dir='ltr'><strong>ille</strong></span> <span class='ocrx_word' id='word_1_575' title='bbox 1175 4898 1388 4966; x_wconf 87' lang='lat' dir='ltr'><strong>quidem</strong></span> <span class='ocrx_word' id='word_1_576' title='bbox 1439 4898 1529 4966; x_wconf 91' lang='lat' dir='ltr'><strong>qtti</strong></span> <span class='ocrx_word' id='word_1_577' title='bbox 1579 4899 2078 4953; x_wconf 82' lang='lat' dir='ltr'><strong>excommunicatus</strong></span> 
     </span>
    </p>
   </div>
   <div class='ocr_carea' id='block_1_80' title="bbox 495 4987 2076 5058">
    <p class='ocr_par' dir='ltr' id='par_1_80' title="bbox 495 4987 2076 5058">
     <span class='ocr_line' id='line_1_81' title="bbox 495 4987 2076 5058; baseline 0.002 -18"><span class='ocrx_word' id='word_1_578' title='bbox 495 4998 596 5051; x_wconf 86' lang='lat' dir='ltr'><strong>est,</strong></span> <span class='ocrx_word' id='word_1_579' title='bbox 624 4987 842 5056; x_wconf 86' lang='lat' dir='ltr'><strong>majoris</strong></span> <span class='ocrx_word' id='word_1_580' title='bbox 869 4987 1166 5042; x_wconf 83' lang='lat' dir='ltr'><strong>sacerdotis</strong></span> <span class='ocrx_word' id='word_1_581' title='bbox 1191 4989 1510 5041; x_wconf 87' lang='lat' dir='ltr'><strong>auctoritate</strong></span> <span class='ocrx_word' id='word_1_582' title='bbox 1532 4988 1596 5041; x_wconf 87' lang='lat' dir='ltr'><strong>ad</strong></span> <span class='ocrx_word' id='word_1_583' title='bbox 1620 4989 1848 5058; x_wconf 80' lang='lat' dir='ltr'><strong>gratiam</strong></span> <span class='ocrx_word' id='word_1_584' title='bbox 1877 4999 2076 5043; x_wconf 65' lang='lat' dir='ltr'><strong>sanctae</strong></span> 
     </span>
    </p>
   </div>
   <div class='ocr_carea' id='block_1_81' title="bbox 496 5077 2080 5149">
    <p class='ocr_par' dir='ltr' id='par_1_81' title="bbox 496 5077 2080 5149">
     <span class='ocr_line' id='line_1_82' title="bbox 496 5077 2080 5149; baseline 0.001 -18"><span class='ocrx_word' id='word_1_585' title='bbox 496 5077 894 5131; x_wconf 87' lang='lat' dir='ltr'><strong>communionis</strong></span> <span class='ocrx_word' id='word_1_586' title='bbox 948 5077 1150 5138; x_wconf 90' lang='lat' dir='ltr'><strong>redeat,</strong></span> <span class='ocrx_word' id='word_1_587' title='bbox 1215 5078 1260 5131; x_wconf 90' lang='lat' dir='ltr'><strong>is</strong></span> <span class='ocrx_word' id='word_1_588' title='bbox 1315 5088 1517 5141; x_wconf 91' lang='lat' dir='ltr'><strong>autem,</strong></span> <span class='ocrx_word' id='word_1_589' title='bbox 1559 5081 1647 5147; x_wconf 93' lang='lat' dir='ltr'><strong>qni</strong></span> <span class='ocrx_word' id='word_1_590' title='bbox 1684 5095 1788 5132; x_wconf 92' lang='lat' dir='ltr'><strong>non</strong></span> <span class='ocrx_word' id='word_1_591' title='bbox 1844 5080 2080 5149; x_wconf 81' lang='lat' dir='ltr'><strong>legitime</strong></span> 
     </span>
    </p>
   </div>
   <div class='ocr_carea' id='block_1_82' title="bbox 497 5167 2082 5229">
    <p class='ocr_par' dir='ltr' id='par_1_82' title="bbox 497 5167 2082 5229">
     <span class='ocr_line' id='line_1_83' title="bbox 497 5167 2082 5229; baseline 0.003 -11"><span class='ocrx_word' id='word_1_592' title='bbox 497 5167 1008 5229; x_wconf 81' lang='lat' dir='ltr'><strong>excommunicavit,</strong></span> <span class='ocrx_word' id='word_1_593' title='bbox 1045 5168 1308 5220; x_wconf 88' lang='lat' dir='ltr'><strong>intantum</strong></span> <span class='ocrx_word' id='word_1_594' title='bbox 1356 5169 1624 5223; x_wconf 88' lang='lat' dir='ltr'><strong>abstineat</strong></span> <span class='ocrx_word' id='word_1_595' title='bbox 1666 5185 1694 5222; x_wconf 87' lang='lat' dir='ltr'><strong>a</strong></span> <span class='ocrx_word' id='word_1_596' title='bbox 1743 5184 1896 5223; x_wconf 87' lang='lat' dir='ltr'><strong>sacra</strong></span> <span class='ocrx_word' id='word_1_597' title='bbox 1935 5185 2082 5224; x_wconf 81' lang='lat' dir='ltr'><strong>com-</strong></span> 
     </span>
    </p>
   </div>
   <div class='ocr_carea' id='block_1_83' title="bbox 501 5261 2078 5330">
    <p class='ocr_par' dir='ltr' id='par_1_83' title="bbox 501 5261 2078 5330">
     <span class='ocr_line' id='line_1_84' title="bbox 501 5261 2078 5330; baseline 0.002 -18"><span class='ocrx_word' id='word_1_598' title='bbox 501 5261 752 5313; x_wconf 90' lang='lat' dir='ltr'><strong>munione</strong></span> <span class='ocrx_word' id='word_1_599' title='bbox 781 5269 1008 5329; x_wconf 85' lang='lat' dir='ltr'><strong>tempus,</strong></span> <span class='ocrx_word' id='word_1_600' title='bbox 1042 5269 1300 5329; x_wconf 89' lang='lat' dir='ltr'><strong>quantum</strong></span> <span class='ocrx_word' id='word_1_601' title='bbox 1345 5261 1534 5330; x_wconf 86' lang='lat' dir='ltr'><strong>majori</strong></span> <span class='ocrx_word' id='word_1_602' title='bbox 1587 5261 1852 5315; x_wconf 82' lang='lat' dir='ltr'><strong>sacerdoti</strong></span> <span class='ocrx_word' id='word_1_603' title='bbox 1911 5262 2078 5316; x_wconf 83' lang='lat' dir='ltr'><strong>visum</strong></span> 
     </span>
    </p>
   </div>
   <div class='ocr_carea' id='block_1_84' title="bbox 499 5349 2082 5423">
    <p class='ocr_par' dir='ltr' id='par_1_84' title="bbox 499 5349 2082 5423">
     <span class='ocr_line' id='line_1_85' title="bbox 499 5349 2082 5423; baseline 0.003 -19"><span class='ocrx_word' id='word_1_604' title='bbox 499 5349 681 5412; x_wconf 88' lang='lat' dir='ltr'><strong>fuerit,</strong></span> <span class='ocrx_word' id='word_1_605' title='bbox 707 5361 763 5406; x_wconf 92' lang='lat' dir='ltr'><strong>ut</strong></span> <span class='ocrx_word' id='word_1_606' title='bbox 786 5353 839 5406; x_wconf 89' lang='lat' dir='ltr'><strong>id</strong></span> <span class='ocrx_word' id='word_1_607' title='bbox 860 5353 1001 5422; x_wconf 87' lang='lat' dir='ltr'><strong>quod</strong></span> <span class='ocrx_word' id='word_1_608' title='bbox 1027 5351 1221 5419; x_wconf 87' lang='lat' dir='ltr'><strong>injuste</strong></span> <span class='ocrx_word' id='word_1_609' title='bbox 1251 5352 1398 5416; x_wconf 89' lang='lat' dir='ltr'><strong>fecit,</strong></span> <span class='ocrx_word' id='word_1_610' title='bbox 1426 5353 1539 5422; x_wconf 92' lang='lat' dir='ltr'><strong>ipse</strong></span> <span class='ocrx_word' id='word_1_611' title='bbox 1563 5355 1708 5423; x_wconf 88' lang='lat' dir='ltr'><strong>juste</strong></span> <span class='ocrx_word' id='word_1_612' title='bbox 1733 5355 1986 5420; x_wconf 83' lang='lat' dir='ltr'><strong>patiatur.</strong></span> <span class='ocrx_word' id='word_1_613' title='bbox 2018 5354 2082 5408; x_wconf 79' lang='lat' dir='ltr'><strong>Et</strong></span> 
     </span>
    </p>
   </div>
   <div class='ocr_carea' id='block_1_85' title="bbox 499 5439 2082 5514">
    <p class='ocr_par' dir='ltr' id='par_1_85' title="bbox 499 5439 2082 5514">
     <span class='ocr_line' id='line_1_86' title="bbox 499 5439 2082 5514; baseline 0.001 -19"><span class='ocrx_word' id='word_1_614' title='bbox 499 5439 624 5495; x_wconf 85' lang='lat' dir='ltr'><strong>hinc</strong></span> <span class='ocrx_word' id='word_1_615' title='bbox 649 5444 1182 5514; x_wconf 68' lang='lat' dir='ltr'><strong>sanetusGregot-ias</strong></span> <span class='ocrx_word' id='word_1_616' title='bbox 1229 5445 1294 5498; x_wconf 90' lang='lat' dir='ltr'><strong>ad</strong></span> <span class='ocrx_word' id='word_1_617' title='bbox 1335 5443 1596 5499; x_wconf 85' lang='lat' dir='ltr'><strong>Joannem</strong></span> <span class='ocrx_word' id='word_1_618' title='bbox 1643 5446 1952 5514; x_wconf 87' lang='lat' dir='ltr'><strong>episcopum</strong></span> <span class='ocrx_word' id='word_1_619' title='bbox 2001 5446 2082 5498; x_wconf 88' lang='lat' dir='ltr'><strong>iu-</strong></span> 
     </span>
    </p>
   </div>
   <div class='ocr_carea' id='block_1_86' title="bbox 495 5530 2076 5603">
    <p class='ocr_par' dir='ltr' id='par_1_86' title="bbox 495 5530 2076 5603">
     <span class='ocr_line' id='line_1_87' title="bbox 495 5530 2076 5603; baseline 0.003 -20"><span class='ocrx_word' id='word_1_620' title='bbox 495 5530 640 5600; x_wconf 81' lang='lat' dir='ltr'><strong>jaste</strong></span> <span class='ocrx_word' id='word_1_621' title='bbox 680 5538 1236 5590; x_wconf 75' lang='lat' dir='ltr'><strong>excommunicantcm</strong></span> <span class='ocrx_word' id='word_1_622' title='bbox 1286 5537 1426 5588; x_wconf 90' lang='lat' dir='ltr'><strong>inter</strong></span> <span class='ocrx_word' id='word_1_623' title='bbox 1477 5544 1671 5590; x_wconf 72' lang='lat' dir='ltr'><strong>cmtera</strong></span> <span class='ocrx_word' id='word_1_624' title='bbox 1729 5535 1942 5603; x_wconf 86' lang='lat' dir='ltr'><strong>scripsit</strong></span> <span class='ocrx_word' id='word_1_625' title='bbox 1993 5536 2076 5588; x_wconf 88' lang='lat' dir='ltr'><strong>di-</strong></span> 
     </span>
    </p>
   </div>
   <div class='ocr_carea' id='block_1_87' title="bbox 503 5627 2075 5698">
    <p class='ocr_par' dir='ltr' id='par_1_87' title="bbox 503 5627 2075 5698">
     <span class='ocr_line' id='line_1_88' title="bbox 503 5627 2075 5698; baseline 0.003 -25"><span class='ocrx_word' id='word_1_626' title='bbox 503 5638 632 5676; x_wconf 86' lang='lat' dir='ltr'><strong>cens</strong></span> <span class='ocrx_word' id='word_1_627' title='bbox 660 5644 670 5677; x_wconf 92' lang='lat'><strong>:</strong></span> <span class='ocrx_word' id='word_1_628' title='bbox 698 5645 713 5675; x_wconf 73' lang='grc' dir='ltr'>ι</span> <span class='ocrx_word' id='word_1_629' title='bbox 739 5627 976 5682; x_wconf 83' lang='lat' dir='ltr'><strong>Cassatis</strong></span> <span class='ocrx_word' id='word_1_630' title='bbox 1001 5630 1148 5698; x_wconf 89' lang='lat' dir='ltr'><strong>prius</strong></span> <span class='ocrx_word' id='word_1_631' title='bbox 1172 5638 1334 5696; x_wconf 88' lang='lat' dir='ltr'><strong>atque</strong></span> <span class='ocrx_word' id='word_1_632' title='bbox 1351 5629 1415 5682; x_wconf 91' lang='lat' dir='ltr'><strong>ad</strong></span> <span class='ocrx_word' id='word_1_633' title='bbox 1435 5628 1658 5682; x_wconf 89' lang='lat' dir='ltr'><strong>nihilum</strong></span> <span class='ocrx_word' id='word_1_634' title='bbox 1680 5627 1910 5681; x_wconf 90' lang='lat' dir='ltr'><strong>redactis</strong></span> <span class='ocrx_word' id='word_1_635' title='bbox 1938 5641 2075 5695; x_wconf 73' lang='lat' dir='ltr'><strong>pra:-</strong></span> 
     </span>
    </p>
   </div>
   <div class='ocr_carea' id='block_1_88' title="bbox 503 5713 2078 5785">
    <p class='ocr_par' dir='ltr' id='par_1_88' title="bbox 503 5713 2078 5785">
     <span class='ocr_line' id='line_1_89' title="bbox 503 5713 2078 5785; baseline 0.004 -21"><span class='ocrx_word' id='word_1_636' title='bbox 503 5713 658 5765; x_wconf 66' lang='lat' dir='ltr'><strong>dicta.‘</strong></span> <span class='ocrx_word' id='word_1_637' title='bbox 687 5721 962 5770; x_wconf 65' lang='lat' dir='ltr'><strong>smtcntias</strong></span> <span class='ocrx_word' id='word_1_638' title='bbox 994 5729 1096 5772; x_wconf 66' lang='lat' dir='ltr'><strong>tua!</strong></span> <span class='ocrx_word' id='word_1_639' title='bbox 1134 5720 1386 5782; x_wconf 82' lang='lat' dir='ltr'><strong>decretis,</strong></span> <span class='ocrx_word' id='word_1_640' title='bbox 1421 5734 1484 5773; x_wconf 81' lang='lat' dir='ltr'><strong>ex</strong></span> <span class='ocrx_word' id='word_1_641' title='bbox 1516 5719 1657 5772; x_wconf 87' lang='lat' dir='ltr'><strong>beati</strong></span> <span class='ocrx_word' id='word_1_642' title='bbox 1689 5717 1833 5772; x_wconf 87' lang='lat' dir='ltr'><strong>Petri</strong></span> <span class='ocrx_word' id='word_1_643' title='bbox 1867 5728 2078 5785; x_wconf 82' lang='lat' dir='ltr'><strong>aposto-</strong></span> 
     </span>
    </p>
   </div>
   <div class='ocr_carea' id='block_1_89' title="bbox 2172 3251 3777 3322">
    <p class='ocr_par' dir='ltr' id='par_1_89' title="bbox 2172 3251 3777 3322">
     <span class='ocr_line' id='line_1_90' title="bbox 2172 3251 3777 3322; baseline -0.004 -12"><span class='ocrx_word' id='word_1_644' title='bbox 2172 3257 2305 3311; x_wconf 92' lang='lat' dir='ltr'><strong>nihil</strong></span> <span class='ocrx_word' id='word_1_645' title='bbox 2329 3257 2613 3310; x_wconf 81' lang='lat' dir='ltr'><strong>trahebant</strong></span> <span class='ocrx_word' id='word_1_646' title='bbox 2637 3270 2702 3308; x_wconf 89' lang='lat' dir='ltr'><strong>ex</strong></span> <span class='ocrx_word' id='word_1_647' title='bbox 2725 3255 2918 3318; x_wconf 89' lang='lat' dir='ltr'><strong>Adam,</strong></span> <span class='ocrx_word' id='word_1_648' title='bbox 2943 3255 3084 3322; x_wconf 92' lang='lat' dir='ltr'><strong>quod</strong></span> <span class='ocrx_word' id='word_1_649' title='bbox 3102 3253 3318 3307; x_wconf 91' lang='lat' dir='ltr'><strong>lavacro</strong></span> <span class='ocrx_word' id='word_1_650' title='bbox 3341 3251 3777 3322; x_wconf 85' lang='lat' dir='ltr'><strong>regenerationis</strong></span> 
     </span>
    </p>
   </div>
   <div class='ocr_carea' id='block_1_90' title="bbox 2171 3341 3774 3418">
    <p class='ocr_par' dir='ltr' id='par_1_90' title="bbox 2171 3341 3774 3418">
     <span class='ocr_line' id='line_1_91' title="bbox 2171 3341 3774 3418; baseline -0.004 -16"><span class='ocrx_word' id='word_1_651' title='bbox 2171 3349 2500 3418; x_wconf 78' lang='lat' dir='ltr'><strong>expiaretur,</strong></span> <span class='ocrx_word' id='word_1_652' title='bbox 2529 3355 2747 3400; x_wconf 89' lang='lat' dir='ltr'><strong>certans</strong></span> <span class='ocrx_word' id='word_1_653' title='bbox 2776 3345 3064 3399; x_wconf 90' lang='lat' dir='ltr'><strong>ostendere</strong></span> <span class='ocrx_word' id='word_1_654' title='bbox 3109 3359 3206 3398; x_wconf 90' lang='lat' dir='ltr'><strong>nos</strong></span> <span class='ocrx_word' id='word_1_655' title='bbox 3248 3357 3416 3398; x_wconf 90' lang='lat' dir='ltr'><strong>vacue</strong></span> <span class='ocrx_word' id='word_1_656' title='bbox 3462 3358 3492 3394; x_wconf 87' lang='lat' dir='ltr'><strong>a</strong></span> <span class='ocrx_word' id='word_1_657' title='bbox 3543 3341 3774 3396; x_wconf 86' lang='lat' dir='ltr'><strong>Christo</strong></span> 
     </span>
    </p>
   </div>
   <div class='ocr_carea' id='block_1_91' title="bbox 2173 3421 3836 3508">
    <p class='ocr_par' dir='ltr' id='par_1_91' title="bbox 2173 3421 3836 3508">
     <span class='ocr_line' id='line_1_92' title="bbox 2173 3421 3836 3508; baseline -0.004 -15"><span class='ocrx_word' id='word_1_658' title='bbox 2173 3441 2498 3508; x_wconf 88' lang='lat' dir='ltr'><strong>redemptos,</strong></span> <span class='ocrx_word' id='word_1_659' title='bbox 2543 3438 2948 3492; x_wconf 87' lang='lat' dir='ltr'><strong>contradicente</strong></span> <span class='ocrx_word' id='word_1_660' title='bbox 2987 3437 3088 3490; x_wconf 89' lang='lat' dir='ltr'><strong>sibi</strong></span> <span class='ocrx_word' id='word_1_661' title='bbox 3119 3434 3414 3504; x_wconf 87' lang='lat' dir='ltr'><strong>Apostolo:</strong></span> <span class='ocrx_word' id='word_1_662' title='bbox 3451 3432 3560 3488; x_wconf 81' lang='lat' dir='ltr'><strong>Per</strong></span> <span class='ocrx_word' id='word_1_663' title='bbox 3601 3449 3774 3486; x_wconf 74' lang='lat' dir='ltr'><strong>unum</strong></span> <span class='ocrx_word' id='word_1_664' title='bbox 3829 3421 3836 3428; x_wconf 68' lang='grc'><strong>’</strong></span> 
     </span>
    </p>
   </div>
   <div class='ocr_carea' id='block_1_92' title="bbox 2173 3525 3776 3596">
    <p class='ocr_par' dir='ltr' id='par_1_92' title="bbox 2173 3525 3776 3596">
     <span class='ocr_line' id='line_1_93' title="bbox 2173 3525 3776 3596; baseline -0.004 -17"><span class='ocrx_word' id='word_1_665' title='bbox 2173 3530 2430 3581; x_wconf 83' lang='lat' dir='ltr'><strong>hominem</strong></span> <span class='ocrx_word' id='word_1_666' title='bbox 2461 3537 2727 3596; x_wconf 84' lang='lat' dir='ltr'><strong>peccatum</strong></span> <span class='ocrx_word' id='word_1_667' title='bbox 2753 3527 2809 3578; x_wconf 83' lang='lat' dir='ltr'><strong>in</strong></span> <span class='ocrx_word' id='word_1_668' title='bbox 2847 3525 3097 3578; x_wconf 83' lang='lat' dir='ltr'><strong>mundum</strong></span> <span class='ocrx_word' id='word_1_669' title='bbox 3123 3526 3359 3587; x_wconf 79' lang='lat' dir='ltr'><strong>intravit,</strong></span> <span class='ocrx_word' id='word_1_670' title='bbox 3389 3533 3434 3577; x_wconf 82' lang='lat' dir='ltr'><strong>et</strong></span> <span class='ocrx_word' id='word_1_671' title='bbox 3461 3540 3554 3592; x_wconf 81' lang='lat' dir='ltr'><strong>per</strong></span> <span class='ocrx_word' id='word_1_672' title='bbox 3577 3538 3776 3592; x_wconf 53' lang='lat' dir='ltr'><strong>pecco-</strong></span> 
     </span>
    </p>
   </div>
   <div class='ocr_carea' id='block_1_93' title="bbox 2174 3615 3773 3684">
    <p class='ocr_par' dir='ltr' id='par_1_93' title="bbox 2174 3615 3773 3684">
     <span class='ocr_line' id='line_1_94' title="bbox 2174 3615 3773 3684; baseline -0.004 -12"><span class='ocrx_word' id='word_1_673' title='bbox 2174 3630 2284 3672; x_wconf 85' lang='lat' dir='ltr'><strong>tum</strong></span> <span class='ocrx_word' id='word_1_674' title='bbox 2311 3635 2472 3682; x_wconf 87' lang='lat' dir='ltr'><strong>mors,</strong></span> <span class='ocrx_word' id='word_1_675' title='bbox 2500 3627 2550 3670; x_wconf 83' lang='lat' dir='ltr'><strong>et</strong></span> <span class='ocrx_word' id='word_1_676' title='bbox 2575 3619 2649 3670; x_wconf 92' lang='lat' dir='ltr'><strong>ita</strong></span> <span class='ocrx_word' id='word_1_677' title='bbox 2691 3619 2744 3670; x_wconf 88' lang='lat' dir='ltr'><strong>in</strong></span> <span class='ocrx_word' id='word_1_678' title='bbox 2773 3632 2948 3670; x_wconf 79' lang='lat' dir='ltr'><strong>omnes</strong></span> <span class='ocrx_word' id='word_1_679' title='bbox 2971 3617 3203 3670; x_wconf 77' lang='lat' dir='ltr'><strong>homines</strong></span> <span class='ocrx_word' id='word_1_680' title='bbox 3227 3631 3368 3668; x_wconf 86' lang='lat' dir='ltr'><strong>mors</strong></span> <span class='ocrx_word' id='word_1_681' title='bbox 3407 3615 3773 3684; x_wconf 46' lang='lat' dir='ltr'><strong>pertransiit,</strong></span> 
     </span>
    </p>
   </div>
   <div class='ocr_carea' id='block_1_94' title="bbox 2173 3706 3773 3780">
    <p class='ocr_par' dir='ltr' id='par_1_94' title="bbox 2173 3706 3773 3780">
     <span class='ocr_line' id='line_1_95' title="bbox 2173 3706 3773 3780; baseline -0.003 -17"><span class='ocrx_word' id='word_1_682' title='bbox 2173 3713 2226 3764; x_wconf 84' lang='lat' dir='ltr'><strong>in</strong></span> <span class='ocrx_word' id='word_1_683' title='bbox 2270 3727 2371 3780; x_wconf 82' lang='lat' dir='ltr'><strong>quo</strong></span> <span class='ocrx_word' id='word_1_684' title='bbox 2418 3726 2594 3762; x_wconf 86' lang='lat' dir='ltr'><strong>omnes</strong></span> <span class='ocrx_word' id='word_1_685' title='bbox 2643 3717 2982 3778; x_wconf 82' lang='lat' dir='ltr'><strong>peccaverunt</strong></span> <span class='ocrx_word' id='word_1_686' title='bbox 3029 3707 3212 3777; x_wconf 82' lang='lat' dir='ltr'><strong>(Rom.</strong></span> <span class='ocrx_word' id='word_1_687' title='bbox 3243 3707 3317 3775; x_wconf 89' lang='lat' dir='ltr'><strong>v).</strong></span> <span class='ocrx_word' id='word_1_688' title='bbox 3370 3707 3437 3760; x_wconf 91' lang='lat' dir='ltr'><strong>Et</strong></span> <span class='ocrx_word' id='word_1_689' title='bbox 3485 3716 3538 3760; x_wconf 90' lang='lat' dir='ltr'><strong>tu</strong></span> <span class='ocrx_word' id='word_1_690' title='bbox 3584 3706 3773 3760; x_wconf 83' lang='lat' dir='ltr'><strong>sciens</strong></span> 
     </span>
    </p>
   </div>
   <div class='ocr_carea' id='block_1_95' title="bbox 2174 3797 3774 3870">
    <p class='ocr_par' dir='ltr' id='par_1_95' title="bbox 2174 3797 3774 3870">
     <span class='ocr_line' id='line_1_96' title="bbox 2174 3797 3774 3870; baseline -0.004 -14"><span class='ocrx_word' id='word_1_691' title='bbox 2174 3819 2361 3857; x_wconf 89' lang='lat' dir='ltr'><strong>verum</strong></span> <span class='ocrx_word' id='word_1_692' title='bbox 2390 3817 2512 3856; x_wconf 87' lang='lat' dir='ltr'><strong>esse</strong></span> <span class='ocrx_word' id='word_1_693' title='bbox 2541 3802 2683 3870; x_wconf 87' lang='lat' dir='ltr'><strong>quod</strong></span> <span class='ocrx_word' id='word_1_694' title='bbox 2731 3801 2985 3854; x_wconf 88' lang='lat' dir='ltr'><strong>Dominus</strong></span> <span class='ocrx_word' id='word_1_695' title='bbox 3012 3799 3142 3853; x_wconf 90' lang='lat' dir='ltr'><strong>dicit</strong></span> <span class='ocrx_word' id='word_1_696' title='bbox 3182 3817 3196 3852; x_wconf 88' lang='lat'><strong>:</strong></span> <span class='ocrx_word' id='word_1_697' title='bbox 3244 3797 3365 3852; x_wconf 86' lang='lat' dir='ltr'><strong>Nisi</strong></span> <span class='ocrx_word' id='word_1_698' title='bbox 3405 3799 3524 3868; x_wconf 84' lang='lat' dir='ltr'><strong>quis</strong></span> <span class='ocrx_word' id='word_1_699' title='bbox 3552 3806 3774 3850; x_wconf 75' lang='lat' dir='ltr'><strong>renatus</strong></span> 
     </span>
    </p>
   </div>
   <div class='ocr_carea' id='block_1_96' title="bbox 2175 3891 3771 3966">
    <p class='ocr_par' dir='ltr' id='par_1_96' title="bbox 2175 3891 3771 3966">
     <span class='ocr_line' id='line_1_97' title="bbox 2175 3891 3771 3966; baseline -0.006 -18"><span class='ocrx_word' id='word_1_700' title='bbox 2175 3897 2332 3965; x_wconf 79' lang='lat' dir='ltr'><strong>fuerit</strong></span> <span class='ocrx_word' id='word_1_701' title='bbox 2362 3914 2426 3950; x_wconf 59' lang='lat' dir='ltr'><strong>ea?</strong></span> <span class='ocrx_word' id='word_1_702' title='bbox 2441 3914 2576 3966; x_wconf 80' lang='lat' dir='ltr'><strong>aqua</strong></span> <span class='ocrx_word' id='word_1_703' title='bbox 2596 3906 2643 3948; x_wconf 87' lang='lat' dir='ltr'><strong>et</strong></span> <span class='ocrx_word' id='word_1_704' title='bbox 2671 3894 2874 3962; x_wconf 82' lang='lat' dir='ltr'><strong>Spiritu</strong></span> <span class='ocrx_word' id='word_1_705' title='bbox 2890 3904 3090 3954; x_wconf 78' lang='lat' dir='ltr'><strong>sancto,</strong></span> <span class='ocrx_word' id='word_1_706' title='bbox 3114 3909 3214 3944; x_wconf 81' lang='lat' dir='ltr'><strong>non</strong></span> <span class='ocrx_word' id='word_1_707' title='bbox 3235 3891 3445 3944; x_wconf 72' lang='lat' dir='ltr'><strong>intrabit</strong></span> <span class='ocrx_word' id='word_1_708' title='bbox 3465 3891 3521 3941; x_wconf 75' lang='lat' dir='ltr'><strong>in</strong></span> <span class='ocrx_word' id='word_1_709' title='bbox 3547 3903 3771 3956; x_wconf 70' lang='lat' dir='ltr'><strong>regnarat</strong></span> 
     </span>
    </p>
   </div>
   <div class='ocr_carea' id='block_1_97' title="bbox 2175 3980 3769 4055">
    <p class='ocr_par' dir='ltr' id='par_1_97' title="bbox 2175 3980 3769 4055">
     <span class='ocr_line' id='line_1_98' title="bbox 2175 3980 3769 4055; baseline -0.006 -14"><span class='ocrx_word' id='word_1_710' title='bbox 2175 3989 2420 4042; x_wconf 65' lang='lat' dir='ltr'><strong>caelorum</strong></span> <span class='ocrx_word' id='word_1_711' title='bbox 2451 3987 2631 4055; x_wconf 73' lang='lat' dir='ltr'><strong>(lomz.</strong></span> <span class='ocrx_word' id='word_1_712' title='bbox 2665 3987 2768 4054; x_wconf 88' lang='lat' dir='ltr'><strong>III),</strong></span> <span class='ocrx_word' id='word_1_713' title='bbox 2816 3984 3114 4054; x_wconf 64' lang='lat' dir='ltr'><strong>praecepisti</strong></span> <span class='ocrx_word' id='word_1_714' title='bbox 3146 3998 3250 4036; x_wconf 86' lang='lat' dir='ltr'><strong>non</strong></span> <span class='ocrx_word' id='word_1_715' title='bbox 3293 3980 3556 4048; x_wconf 74' lang='lat' dir='ltr'><strong>baptizari</strong></span> <span class='ocrx_word' id='word_1_716' title='bbox 3589 3980 3643 4032; x_wconf 91' lang='lat' dir='ltr'><strong>in</strong></span> <span class='ocrx_word' id='word_1_717' title='bbox 3674 3987 3769 4032; x_wconf 77' lang='lat' dir='ltr'><strong>tua</strong></span> 
     </span>
    </p>
   </div>
   <div class='ocr_carea' id='block_1_98' title="bbox 2175 4069 3770 4146">
    <p class='ocr_par' dir='ltr' id='par_1_98' title="bbox 2175 4069 3770 4146">
     <span class='ocr_line' id='line_1_99' title="bbox 2175 4069 3770 4146; baseline -0.006 -16"><span class='ocrx_word' id='word_1_718' title='bbox 2175 4079 2429 4146; x_wconf 84' lang='lat' dir='ltr'><strong>parochia</strong></span> <span class='ocrx_word' id='word_1_719' title='bbox 2477 4077 2747 4146; x_wconf 89' lang='lat' dir='ltr'><strong>parvulos,</strong></span> <span class='ocrx_word' id='word_1_720' title='bbox 2787 4076 2948 4128; x_wconf 87' lang='lat' dir='ltr'><strong>etiatn</strong></span> <span class='ocrx_word' id='word_1_721' title='bbox 2980 4074 3031 4126; x_wconf 91' lang='lat' dir='ltr'><strong>in</strong></span> <span class='ocrx_word' id='word_1_722' title='bbox 3065 4072 3254 4126; x_wconf 86' lang='lat' dir='ltr'><strong>mortis</strong></span> <span class='ocrx_word' id='word_1_723' title='bbox 3282 4070 3524 4140; x_wconf 83' lang='lat' dir='ltr'><strong>periculo</strong></span> <span class='ocrx_word' id='word_1_724' title='bbox 3561 4069 3770 4122; x_wconf 86' lang='lat' dir='ltr'><strong>consti-</strong></span> 
     </span>
    </p>
   </div>
   <div class='ocr_carea' id='block_1_99' title="bbox 2179 4160 3772 4233">
    <p class='ocr_par' dir='ltr' id='par_1_99' title="bbox 2179 4160 3772 4233">
     <span class='ocr_line' id='line_1_100' title="bbox 2179 4160 3772 4233; baseline -0.006 -9"><span class='ocrx_word' id='word_1_725' title='bbox 2179 4180 2343 4233; x_wconf 91' lang='lat' dir='ltr'><strong>tutos,</strong></span> <span class='ocrx_word' id='word_1_726' title='bbox 2378 4187 2444 4224; x_wconf 86' lang='lat' dir='ltr'><strong>ne</strong></span> <span class='ocrx_word' id='word_1_727' title='bbox 2479 4171 2676 4224; x_wconf 89' lang='lat' dir='ltr'><strong>salvari</strong></span> <span class='ocrx_word' id='word_1_728' title='bbox 2707 4169 2968 4230; x_wconf 89' lang='lat' dir='ltr'><strong>valerent,</strong></span> <span class='ocrx_word' id='word_1_729' title='bbox 3009 4182 3130 4220; x_wconf 91' lang='lat' dir='ltr'><strong>cum</strong></span> <span class='ocrx_word' id='word_1_730' title='bbox 3159 4165 3422 4232; x_wconf 72' lang='lat' dir='ltr'><strong>scriptum</strong></span> <span class='ocrx_word' id='word_1_731' title='bbox 3467 4163 3540 4216; x_wconf 91' lang='lat' dir='ltr'><strong>sit</strong></span> <span class='ocrx_word' id='word_1_732' title='bbox 3585 4179 3600 4214; x_wconf 90' lang='lat'><strong>:</strong></span> <span class='ocrx_word' id='word_1_733' title='bbox 3645 4160 3772 4215; x_wconf 70' lang='lat' dir='ltr'><strong>Non</strong></span> 
     </span>
    </p>
   </div>
   <div class='ocr_carea' id='block_1_100' title="bbox 2177 4252 3774 4329">
    <p class='ocr_par' dir='ltr' id='par_1_100' title="bbox 2177 4252 3774 4329">
     <span class='ocr_line' id='line_1_101' title="bbox 2177 4252 3774 4329; baseline -0.006 -14"><span class='ocrx_word' id='word_1_734' title='bbox 2177 4263 2309 4315; x_wconf 81' lang='lat' dir='ltr'><strong>venit</strong></span> <span class='ocrx_word' id='word_1_735' title='bbox 2357 4261 2498 4329; x_wconf 79' lang='lat' dir='ltr'><strong>ﬁlius</strong></span> <span class='ocrx_word' id='word_1_736' title='bbox 2553 4261 2778 4314; x_wconf 75' lang='lat' dir='ltr'><strong>Itorninis</strong></span> <span class='ocrx_word' id='word_1_737' title='bbox 2832 4260 3035 4312; x_wconf 79' lang='lat' dir='ltr'><strong>animus</strong></span> <span class='ocrx_word' id='word_1_738' title='bbox 3091 4255 3304 4326; x_wconf 80' lang='lat' dir='ltr'><strong>perdere</strong></span> <span class='ocrx_word' id='word_1_739' title='bbox 3337 4297 3349 4317; x_wconf 89' lang='lat'><strong>,</strong></span> <span class='ocrx_word' id='word_1_740' title='bbox 3419 4254 3512 4306; x_wconf 82' lang='lat' dir='ltr'><strong>sed</strong></span> <span class='ocrx_word' id='word_1_741' title='bbox 3563 4252 3774 4305; x_wconf 64' lang='lat' dir='ltr'><strong>sulcare</strong></span> 
     </span>
    </p>
   </div>
   <div class='ocr_carea' id='block_1_101' title="bbox 2177 4342 3772 4421">
    <p class='ocr_par' dir='ltr' id='par_1_101' title="bbox 2177 4342 3772 4421">
     <span class='ocr_line' id='line_1_102' title="bbox 2177 4342 3772 4421; baseline -0.006 -16"><span class='ocrx_word' id='word_1_742' title='bbox 2177 4353 2328 4418; x_wconf 81' lang='lat' dir='ltr'><strong>(Luc.</strong></span> <span class='ocrx_word' id='word_1_743' title='bbox 2386 4355 2481 4421; x_wconf 75' lang='lat' dir='ltr'><strong>Ix),</strong></span> <span class='ocrx_word' id='word_1_744' title='bbox 2529 4352 2753 4404; x_wconf 89' lang='lat' dir='ltr'><strong>ohviaus</strong></span> <span class='ocrx_word' id='word_1_745' title='bbox 2802 4351 2964 4404; x_wconf 89' lang='lat' dir='ltr'><strong>etiam</strong></span> <span class='ocrx_word' id='word_1_746' title='bbox 3015 4347 3248 4402; x_wconf 89' lang='lat' dir='ltr'><strong>decretis</strong></span> <span class='ocrx_word' id='word_1_747' title='bbox 3299 4345 3504 4405; x_wconf 90' lang='lat' dir='ltr'><strong>Siricii,</strong></span> <span class='ocrx_word' id='word_1_748' title='bbox 3549 4342 3772 4405; x_wconf 85' lang='lat' dir='ltr'><strong>Leonis,</strong></span> 
     </span>
    </p>
   </div>
   <div class='ocr_carea' id='block_1_102' title="bbox 2180 4433 3772 4505">
    <p class='ocr_par' dir='ltr' id='par_1_102' title="bbox 2180 4433 3772 4505">
     <span class='ocr_line' id='line_1_103' title="bbox 2180 4433 3772 4505; baseline -0.008 -7"><span class='ocrx_word' id='word_1_749' title='bbox 2180 4443 2399 4505; x_wconf 87' lang='lat' dir='ltr'><strong>Gelasii,</strong></span> <span class='ocrx_word' id='word_1_750' title='bbox 2442 4453 2497 4496; x_wconf 92' lang='lat' dir='ltr'><strong>et</strong></span> <span class='ocrx_word' id='word_1_751' title='bbox 2538 4442 2776 4494; x_wconf 81' lang='lat' dir='ltr'><strong>Africani</strong></span> <span class='ocrx_word' id='word_1_752' title='bbox 2815 4440 3049 4500; x_wconf 89' lang='lat' dir='ltr'><strong>concilii,</strong></span> <span class='ocrx_word' id='word_1_753' title='bbox 3077 4440 3218 4492; x_wconf 90' lang='lat' dir='ltr'><strong>sicut</strong></span> <span class='ocrx_word' id='word_1_754' title='bbox 3254 4436 3366 4504; x_wconf 89' lang='lat' dir='ltr'><strong>jam</strong></span> <span class='ocrx_word' id='word_1_755' title='bbox 3404 4435 3502 4488; x_wconf 91' lang='lat' dir='ltr'><strong>tibi</strong></span> <span class='ocrx_word' id='word_1_756' title='bbox 3549 4433 3772 4502; x_wconf 85' lang='lat' dir='ltr'><strong>scriptis</strong></span> 
     </span>
    </p>
   </div>
   <div class='ocr_carea' id='block_1_103' title="bbox 2181 4525 3771 4592">
    <p class='ocr_par' dir='ltr' id='par_1_103' title="bbox 2181 4525 3771 4592">
     <span class='ocr_line' id='line_1_104' title="bbox 2181 4525 3771 4592; baseline -0.009 -2"><span class='ocrx_word' id='word_1_757' title='bbox 2181 4553 2284 4590; x_wconf 89' lang='lat' dir='ltr'><strong>non</strong></span> <span class='ocrx_word' id='word_1_758' title='bbox 2308 4535 2478 4588; x_wconf 89' lang='lat' dir='ltr'><strong>solum</strong></span> <span class='ocrx_word' id='word_1_759' title='bbox 2507 4534 2670 4587; x_wconf 87' lang='lat' dir='ltr'><strong>semel</strong></span> <span class='ocrx_word' id='word_1_760' title='bbox 2698 4534 2789 4585; x_wconf 84' lang='lat' dir='ltr'><strong>sed</strong></span> <span class='ocrx_word' id='word_1_761' title='bbox 2816 4542 2869 4584; x_wconf 89' lang='lat' dir='ltr'><strong>et</strong></span> <span class='ocrx_word' id='word_1_762' title='bbox 2901 4531 3138 4586; x_wconf 89' lang='lat' dir='ltr'><strong>secundo</strong></span> <span class='ocrx_word' id='word_1_763' title='bbox 3164 4527 3434 4582; x_wconf 88' lang='lat' dir='ltr'><strong>mandavi.</strong></span> <span class='ocrx_word' id='word_1_764' title='bbox 3464 4525 3619 4579; x_wconf 80' lang='lat' dir='ltr'><strong>Unde</strong></span> <span class='ocrx_word' id='word_1_765' title='bbox 3647 4525 3771 4592; x_wconf 88' lang='lat' dir='ltr'><strong>quia</strong></span> 
     </span>
    </p>
   </div>
   <div class='ocr_carea' id='block_1_104' title="bbox 2181 4615 3770 4696">
    <p class='ocr_par' dir='ltr' id='par_1_104' title="bbox 2181 4615 3770 4696">
     <span class='ocr_line' id='line_1_105' title="bbox 2181 4615 3770 4696; baseline -0.01 -14"><span class='ocrx_word' id='word_1_766' title='bbox 2181 4643 2244 4682; x_wconf 77' lang='lat' dir='ltr'><strong>ex</strong></span> <span class='ocrx_word' id='word_1_767' title='bbox 2276 4629 2485 4696; x_wconf 85' lang='lat' dir='ltr'><strong>integro</strong></span> <span class='ocrx_word' id='word_1_768' title='bbox 2509 4625 2622 4693; x_wconf 85' lang='lat' dir='ltr'><strong>jam</strong></span> <span class='ocrx_word' id='word_1_769' title='bbox 2657 4625 2748 4676; x_wconf 89' lang='lat' dir='ltr'><strong>tibi</strong></span> <span class='ocrx_word' id='word_1_770' title='bbox 2782 4624 2868 4676; x_wconf 89' lang='lat' dir='ltr'><strong>illa</strong></span> <span class='ocrx_word' id='word_1_771' title='bbox 2922 4623 3138 4675; x_wconf 90' lang='lat' dir='ltr'><strong>decreta</strong></span> <span class='ocrx_word' id='word_1_772' title='bbox 3186 4620 3388 4688; x_wconf 91' lang='lat' dir='ltr'><strong>scripto</strong></span> <span class='ocrx_word' id='word_1_773' title='bbox 3418 4615 3621 4676; x_wconf 74' lang='lat' dir='ltr'><strong>direxi,</strong></span> <span class='ocrx_word' id='word_1_774' title='bbox 3649 4616 3770 4667; x_wconf 86' lang='lat' dir='ltr'><strong>bre-</strong></span> 
     </span>
    </p>
   </div>
   <div class='ocr_carea' id='block_1_105' title="bbox 2181 4704 3773 4783">
    <p class='ocr_par' dir='ltr' id='par_1_105' title="bbox 2181 4704 3773 4783">
     <span class='ocr_line' id='line_1_106' title="bbox 2181 4704 3773 4783; baseline -0.01 -13"><span class='ocrx_word' id='word_1_775' title='bbox 2181 4719 2319 4770; x_wconf 83' lang='lat' dir='ltr'><strong>viter</strong></span> <span class='ocrx_word' id='word_1_776' title='bbox 2349 4717 2441 4770; x_wconf 90' lang='lat' dir='ltr'><strong>tibi</strong></span> <span class='ocrx_word' id='word_1_777' title='bbox 2466 4715 2707 4783; x_wconf 68' lang='lat' dir='ltr'><strong>quaedam</strong></span> <span class='ocrx_word' id='word_1_778' title='bbox 2739 4711 2934 4766; x_wconf 66' lang='lat' dir='ltr'><strong>exinde</strong></span> <span class='ocrx_word' id='word_1_779' title='bbox 2972 4723 3355 4765; x_wconf 91' lang='lat' dir='ltr'><strong>commemoro.</strong></span> <span class='ocrx_word' id='word_1_780' title='bbox 3393 4705 3528 4758; x_wconf 78' lang='lat' dir='ltr'><strong>Nam</strong></span> <span class='ocrx_word' id='word_1_781' title='bbox 3578 4707 3649 4757; x_wconf 83' lang='lat' dir='ltr'><strong>de</strong></span> <span class='ocrx_word' id='word_1_782' title='bbox 3695 4704 3773 4755; x_wconf 87' lang='lat' dir='ltr'><strong>in-</strong></span> 
     </span>
    </p>
   </div>
   <div class='ocr_carea' id='block_1_106' title="bbox 2184 4797 3772 4876">
    <p class='ocr_par' dir='ltr' id='par_1_106' title="bbox 2184 4797 3772 4876">
     <span class='ocr_line' id='line_1_107' title="bbox 2184 4797 3772 4876; baseline -0.01 -14"><span class='ocrx_word' id='word_1_783' title='bbox 2184 4809 2422 4862; x_wconf 89' lang='lat' dir='ltr'><strong>fantibus</strong></span> <span class='ocrx_word' id='word_1_784' title='bbox 2464 4804 2822 4876; x_wconf 78' lang='lat' dir='ltr'><strong>baptizandis,</strong></span> <span class='ocrx_word' id='word_1_785' title='bbox 2847 4803 2936 4872; x_wconf 92' lang='lat' dir='ltr'><strong>qui</strong></span> <span class='ocrx_word' id='word_1_786' title='bbox 2969 4803 3195 4855; x_wconf 89' lang='lat' dir='ltr'><strong>necdum</strong></span> <span class='ocrx_word' id='word_1_787' title='bbox 3241 4797 3500 4866; x_wconf 84' lang='lat' dir='ltr'><strong>baptizati</strong></span> <span class='ocrx_word' id='word_1_788' title='bbox 3532 4811 3772 4849; x_wconf 88' lang='lat' dir='ltr'><strong>noscun-</strong></span> 
     </span>
    </p>
   </div>
   <div class='ocr_carea' id='block_1_107' title="bbox 2185 4886 3771 4965">
    <p class='ocr_par' dir='ltr' id='par_1_107' title="bbox 2185 4886 3771 4965">
     <span class='ocr_line' id='line_1_108' title="bbox 2185 4886 3771 4965; baseline -0.009 -13"><span class='ocrx_word' id='word_1_789' title='bbox 2185 4910 2290 4961; x_wconf 89' lang='lat' dir='ltr'><strong>tur,</strong></span> <span class='ocrx_word' id='word_1_790' title='bbox 2333 4897 2547 4965; x_wconf 89' lang='lat' dir='ltr'><strong>quoties</strong></span> <span class='ocrx_word' id='word_1_791' title='bbox 2574 4895 2869 4948; x_wconf 83' lang='lat' dir='ltr'><strong>necessitas</strong></span> <span class='ocrx_word' id='word_1_792' title='bbox 2899 4892 3162 4961; x_wconf 76' lang='lat' dir='ltr'><strong>exegerit,</strong></span> <span class='ocrx_word' id='word_1_793' title='bbox 3196 4889 3379 4959; x_wconf 82' lang='lat' dir='ltr'><strong>regula</strong></span> <span class='ocrx_word' id='word_1_794' title='bbox 3400 4886 3771 4940; x_wconf 79' lang='lat' dir='ltr'><strong>ecclesiastica</strong></span> 
     </span>
    </p>
   </div>
   <div class='ocr_carea' id='block_1_108' title="bbox 2183 4978 3771 5058">
    <p class='ocr_par' dir='ltr' id='par_1_108' title="bbox 2183 4978 3771 5058">
     <span class='ocr_line' id='line_1_109' title="bbox 2183 4978 3771 5058; baseline -0.007 -20"><span class='ocrx_word' id='word_1_795' title='bbox 2183 5006 2280 5058; x_wconf 84' lang='lat' dir='ltr'><strong>per</strong></span> <span class='ocrx_word' id='word_1_796' title='bbox 2308 4987 2521 5042; x_wconf 86' lang='lat' dir='ltr'><strong>beatum</strong></span> <span class='ocrx_word' id='word_1_797' title='bbox 2553 4986 2806 5039; x_wconf 80' lang='lat' dir='ltr'><strong>Siricium</strong></span> <span class='ocrx_word' id='word_1_798' title='bbox 2833 4993 2912 5038; x_wconf 89' lang='lat' dir='ltr'><strong>est</strong></span> <span class='ocrx_word' id='word_1_799' title='bbox 2941 4983 3173 5052; x_wconf 88' lang='lat' dir='ltr'><strong>prolata,</strong></span> <span class='ocrx_word' id='word_1_800' title='bbox 3205 4981 3360 5047; x_wconf 88' lang='lat' dir='ltr'><strong>cujus</strong></span> <span class='ocrx_word' id='word_1_801' title='bbox 3410 4978 3616 5047; x_wconf 69' lang='lat' dir='ltr'><strong>regular.</strong></span> <span class='ocrx_word' id='word_1_802' title='bbox 3641 4991 3771 5029; x_wconf 89' lang='lat' dir='ltr'><strong>con-</strong></span> 
     </span>
    </p>
   </div>
   <div class='ocr_carea' id='block_1_109' title="bbox 2183 5072 3771 5148">
    <p class='ocr_par' dir='ltr' id='par_1_109' title="bbox 2183 5072 3771 5148">
     <span class='ocr_line' id='line_1_110' title="bbox 2183 5072 3771 5148; baseline -0.008 -11"><span class='ocrx_word' id='word_1_803' title='bbox 2183 5083 2352 5137; x_wconf 83' lang='lat' dir='ltr'><strong>clusio</strong></span> <span class='ocrx_word' id='word_1_804' title='bbox 2379 5091 2593 5135; x_wconf 89' lang='lat' dir='ltr'><strong>constat</strong></span> <span class='ocrx_word' id='word_1_805' title='bbox 2621 5082 2721 5135; x_wconf 88' lang='lat' dir='ltr'><strong>hoc</strong></span> <span class='ocrx_word' id='word_1_806' title='bbox 2744 5081 2900 5133; x_wconf 89' lang='lat' dir='ltr'><strong>modo</strong></span> <span class='ocrx_word' id='word_1_807' title='bbox 2940 5080 3109 5148; x_wconf 74' lang='lat' dir='ltr'><strong>(epist.</strong></span> <span class='ocrx_word' id='word_1_808' title='bbox 3141 5079 3190 5140; x_wconf 78' lang='lat' dir='ltr'><strong>l,</strong></span> <span class='ocrx_word' id='word_1_809' title='bbox 3227 5074 3486 5143; x_wconf 82' lang='lat' dir='ltr'><strong>Himerio)</strong></span> <span class='ocrx_word' id='word_1_810' title='bbox 3515 5093 3527 5126; x_wconf 89' lang='lat'><strong>:</strong></span> <span class='ocrx_word' id='word_1_811' title='bbox 3565 5093 3584 5124; x_wconf 73' lang='grc' dir='ltr'><strong><em>ι</em></strong></span> <span class='ocrx_word' id='word_1_812' title='bbox 3623 5072 3771 5126; x_wconf 81' lang='lat' dir='ltr'><strong>Nunc</strong></span> 
     </span>
    </p>
   </div>
   <div class='ocr_carea' id='block_1_110' title="bbox 2184 5160 3770 5242">
    <p class='ocr_par' dir='ltr' id='par_1_110' title="bbox 2184 5160 3770 5242">
     <span class='ocr_line' id='line_1_111' title="bbox 2184 5160 3770 5242; baseline -0.006 -20"><span class='ocrx_word' id='word_1_813' title='bbox 2184 5172 2460 5242; x_wconf 66' lang='lat' dir='ltr'><strong>praefatam</strong></span> <span class='ocrx_word' id='word_1_814' title='bbox 2503 5172 2740 5241; x_wconf 88' lang='lat' dir='ltr'><strong>regulam</strong></span> <span class='ocrx_word' id='word_1_815' title='bbox 2790 5186 2977 5223; x_wconf 86' lang='lat' dir='ltr'><strong>omnes</strong></span> <span class='ocrx_word' id='word_1_816' title='bbox 3031 5175 3246 5222; x_wconf 90' lang='lat' dir='ltr'><strong>teneant</strong></span> <span class='ocrx_word' id='word_1_817' title='bbox 3288 5165 3626 5226; x_wconf 87' lang='lat' dir='ltr'><strong>sacerdotes,</strong></span> <span class='ocrx_word' id='word_1_818' title='bbox 3688 5160 3770 5230; x_wconf 88' lang='lat' dir='ltr'><strong>qui</strong></span> 
     </span>
    </p>
   </div>
   <div class='ocr_carea' id='block_1_111' title="bbox 2187 5253 3771 5329">
    <p class='ocr_par' dir='ltr' id='par_1_111' title="bbox 2187 5253 3771 5329">
     <span class='ocr_line' id='line_1_112' title="bbox 2187 5253 3771 5329; baseline -0.009 -13"><span class='ocrx_word' id='word_1_819' title='bbox 2187 5261 2375 5316; x_wconf 90' lang='lat' dir='ltr'><strong>nolunt</strong></span> <span class='ocrx_word' id='word_1_820' title='bbox 2401 5262 2468 5315; x_wconf 88' lang='lat' dir='ltr'><strong>ab</strong></span> <span class='ocrx_word' id='word_1_821' title='bbox 2511 5261 2817 5329; x_wconf 71' lang='lat' dir='ltr'><strong>apostolica:</strong></span> <span class='ocrx_word' id='word_1_822' title='bbox 2868 5267 3052 5328; x_wconf 72' lang='lat' dir='ltr'><strong>petrm,</strong></span> <span class='ocrx_word' id='word_1_823' title='bbox 3111 5273 3271 5324; x_wconf 87' lang='lat' dir='ltr'><strong>super</strong></span> <span class='ocrx_word' id='word_1_824' title='bbox 3321 5271 3484 5325; x_wconf 90' lang='lat' dir='ltr'><strong>quam</strong></span> <span class='ocrx_word' id='word_1_825' title='bbox 3523 5253 3771 5307; x_wconf 86' lang='lat' dir='ltr'><strong>Christus</strong></span> 
     </span>
    </p>
   </div>
   <div class='ocr_carea' id='block_1_112' title="bbox 2187 5345 3766 5412">
    <p class='ocr_par' dir='ltr' id='par_1_112' title="bbox 2187 5345 3766 5412">
     <span class='ocr_line' id='line_1_113' title="bbox 2187 5345 3766 5412; baseline -0.009 -6"><span class='ocrx_word' id='word_1_826' title='bbox 2187 5353 2546 5406; x_wconf 87' lang='lat' dir='ltr'><strong>tmiversalem</strong></span> <span class='ocrx_word' id='word_1_827' title='bbox 2573 5352 2871 5406; x_wconf 87' lang='lat' dir='ltr'><strong>construin</strong></span> <span class='ocrx_word' id='word_1_828' title='bbox 2892 5351 3209 5412; x_wconf 85' lang='lat' dir='ltr'><strong>Eeelesiam,</strong></span> <span class='ocrx_word' id='word_1_829' title='bbox 3234 5347 3507 5402; x_wconf 86' lang='lat' dir='ltr'><strong>soliditate</strong></span> <span class='ocrx_word' id='word_1_830' title='bbox 3521 5345 3726 5399; x_wconf 84' lang='lat' dir='ltr'><strong>divelli.</strong></span> <span class='ocrx_word' id='word_1_831' title='bbox 3747 5361 3766 5392; x_wconf 67' lang='grc' dir='ltr'>ι</span> 
     </span>
    </p>
   </div>
   <div class='ocr_carea' id='block_1_113' title="bbox 2187 5435 3770 5509">
    <p class='ocr_par' dir='ltr' id='par_1_113' title="bbox 2187 5435 3770 5509">
     <span class='ocr_line' id='line_1_114' title="bbox 2187 5435 3770 5509; baseline -0.006 -14"><span class='ocrx_word' id='word_1_832' title='bbox 2187 5443 2252 5496; x_wconf 78' lang='lat' dir='ltr'><strong>Et</strong></span> <span class='ocrx_word' id='word_1_833' title='bbox 2279 5453 2500 5497; x_wconf 89' lang='lat' dir='ltr'><strong>sanctus</strong></span> <span class='ocrx_word' id='word_1_834' title='bbox 2529 5443 2634 5496; x_wconf 86' lang='lat' dir='ltr'><strong>Leo</strong></span> <span class='ocrx_word' id='word_1_835' title='bbox 2661 5461 2672 5496; x_wconf 90' lang='lat'>:</span> <span class='ocrx_word' id='word_1_836' title='bbox 2718 5461 2735 5491; x_wconf 74' lang='grc' dir='ltr'><strong>ε</strong></span> <span class='ocrx_word' id='word_1_837' title='bbox 2770 5442 2824 5494; x_wconf 92' lang='lat' dir='ltr'><strong>ln</strong></span> <span class='ocrx_word' id='word_1_838' title='bbox 2855 5442 3044 5495; x_wconf 91' lang='lat' dir='ltr'><strong>mortis</strong></span> <span class='ocrx_word' id='word_1_839' title='bbox 3070 5439 3330 5509; x_wconf 85' lang='lat' dir='ltr'><strong>periculo,</strong></span> <span class='ocrx_word' id='word_1_840' title='bbox 3377 5438 3430 5491; x_wconf 91' lang='lat' dir='ltr'><strong>in</strong></span> <span class='ocrx_word' id='word_1_841' title='bbox 3478 5435 3770 5491; x_wconf 87' lang='lat' dir='ltr'><strong>obsidionis</strong></span> 
     </span>
    </p>
   </div>
   <div class='ocr_carea' id='block_1_114' title="bbox 2185 5529 3867 5606">
    <p class='ocr_par' dir='ltr' id='par_1_114' title="bbox 2185 5529 3867 5606">
     <span class='ocr_line' id='line_1_115' title="bbox 2185 5529 3867 5606; baseline -0.007 -19"><span class='ocrx_word' id='word_1_842' title='bbox 2185 5534 2515 5597; x_wconf 89' lang='lat' dir='ltr'><strong>discrimine,</strong></span> <span class='ocrx_word' id='word_1_843' title='bbox 2538 5529 2592 5587; x_wconf 90' lang='lat' dir='ltr'><strong>in</strong></span> <span class='ocrx_word' id='word_1_844' title='bbox 2621 5532 3014 5603; x_wconf 86' lang='lat' dir='ltr'><strong>persecutionis</strong></span> <span class='ocrx_word' id='word_1_845' title='bbox 3029 5531 3313 5600; x_wconf 82' lang='lat' dir='ltr'><strong>angustiis,</strong></span> <span class='ocrx_word' id='word_1_846' title='bbox 3340 5530 3392 5582; x_wconf 84' lang='lat' dir='ltr'><strong>in</strong></span> <span class='ocrx_word' id='word_1_847' title='bbox 3419 5529 3616 5581; x_wconf 85' lang='lat' dir='ltr'><strong>timore</strong></span> <span class='ocrx_word' id='word_1_848' title='bbox 3649 5540 3771 5578; x_wconf 89' lang='lat' dir='ltr'><strong>nau-</strong></span> <span class='ocrx_word' id='word_1_849' title='bbox 3862 5601 3867 5606; x_wconf 21' lang='grc' dir='ltr'><em>η</em></span> 
     </span>
    </p>
   </div>
   <div class='ocr_carea' id='block_1_115' title="bbox 2185 5619 3769 5695">
    <p class='ocr_par' dir='ltr' id='par_1_115' title="bbox 2185 5619 3769 5695">
     <span class='ocr_line' id='line_1_116' title="bbox 2185 5619 3769 5695; baseline -0.007 -17"><span class='ocrx_word' id='word_1_850' title='bbox 2185 5625 2361 5695; x_wconf 86' lang='lat' dir='ltr'><strong>fragii,</strong></span> <span class='ocrx_word' id='word_1_851' title='bbox 2395 5625 2538 5679; x_wconf 91' lang='lat' dir='ltr'><strong>nullo</strong></span> <span class='ocrx_word' id='word_1_852' title='bbox 2560 5633 2805 5693; x_wconf 88' lang='lat' dir='ltr'><strong>tempore</strong></span> <span class='ocrx_word' id='word_1_853' title='bbox 2837 5626 2936 5678; x_wconf 86' lang='lat' dir='ltr'><strong>hoc</strong></span> <span class='ocrx_word' id='word_1_854' title='bbox 2967 5639 3106 5679; x_wconf 66' lang='lat' dir='ltr'><strong>verte</strong></span> <span class='ocrx_word' id='word_1_855' title='bbox 3133 5622 3321 5676; x_wconf 88' lang='lat' dir='ltr'><strong>salutis</strong></span> <span class='ocrx_word' id='word_1_856' title='bbox 3343 5619 3622 5688; x_wconf 79' lang='lat' dir='ltr'><strong>singulare</strong></span> <span class='ocrx_word' id='word_1_857' title='bbox 3643 5629 3769 5686; x_wconf 75' lang='lat' dir='ltr'><strong>pne-</strong></span> 
     </span>
    </p>
   </div>
   <div class='ocr_carea' id='block_1_116' title="bbox 2183 5708 3770 5784">
    <p class='ocr_par' dir='ltr' id='par_1_116' title="bbox 2183 5708 3770 5784">
     <span class='ocr_line' id='line_1_117' title="bbox 2183 5708 3770 5784; baseline -0.009 -15"><span class='ocrx_word' id='word_1_858' title='bbox 2183 5716 2377 5770; x_wconf 87' lang='lat' dir='ltr'><strong>sidium</strong></span> <span class='ocrx_word' id='word_1_859' title='bbox 2409 5715 2660 5784; x_wconf 87' lang='lat' dir='ltr'><strong>cuiquam</strong></span> <span class='ocrx_word' id='word_1_860' title='bbox 2701 5713 2954 5784; x_wconf 83' lang='lat' dir='ltr'><strong>denegari</strong></span> <span class='ocrx_word' id='word_1_861' title='bbox 2985 5713 3242 5767; x_wconf 89' lang='lat' dir='ltr'><strong>decrevit.</strong></span> <span class='ocrx_word' id='word_1_862' title='bbox 3279 5731 3294 5759; x_wconf 67' lang='grc' dir='ltr'><strong>ν</strong></span> <span class='ocrx_word' id='word_1_863' title='bbox 3350 5711 3414 5763; x_wconf 84' lang='lat' dir='ltr'><strong>Et</strong></span> <span class='ocrx_word' id='word_1_864' title='bbox 3458 5708 3770 5762; x_wconf 78' lang='lat' dir='ltr'><strong>Africanum</strong></span> 
     </span>
    </p>
   </div>
  </div>
