3990 6300
92 289 233 365 'ua

895 308 1139 367 OPUSC.
1178 311 1266 366 ET
1305 310 1523 367 EPIST.
1564 309 1632 364 ΙΝ
1671 303 1902 361 CAUSA
1945 302 2279 364 HlNCMARl
2320 307 2626 367 LAUDUN.

3310 306 3412 362 4M

111 422 456 488 concilium,
488 423 583 478 sed
633 431 689 478 et
717 424 861 479 idem
894 436 1113 482 sanctus
1140 426 1250 483 Leo
1295 426 1467 499 (epist.
1500 427 1590 489 9‘2,
1624 423 1734 480 Ru-
1761 439 1809 498 Α
1838 418 2034 496 gatur?
2068 443 2086 476 ι
2136 424 2269 479 satis
2299 423 2486 477 mirari
2519 437 2624 477 non
2652 419 2837 485 valeo,
2868 418 3142 491 quomodo
3185 418 3411 487 teipsqu

115 516 292 586 uico)
322 530 340 570 :
374 534 395 567 ι
446 514 621 571 Etiam
657 516 738 570 eis
764 516 1077 583 infantibus,
1108 521 1176 575 de
1221 522 1420 590 quibus
1448 536 1555 576 non
1581 522 1729 577 inve-

118 606 369 660 niuntur
394 605 683 660 certissimi
710 614 888 670 testes,
909 609 999 679 qui
1016 624 1111 665 eos
1140 611 1440 682 baptizatos
1462 627 1585 669 esse
1614 613 1731 669 sine

120 698 483 754 dubitatione
505 707 794 765 teStentur,
827 716 1000 771 neque
1021 702 1120 772 ipsi
1151 714 1277 758 sunt
1299 720 1397 775 per
1422 713 1636 761 aetatem
1664 706 1732 761 de

120 792 361 848 traditis
389 791 493 846 sibi
521 793 878 847 sacramentis
934 794 1108 849 idonei
1156 796 1500 866 respondere,
1528 797 1734 867 absque

122 878 247 933 ullo
272 880 531 950 scrupulo
573 898 669 938 eos
711 882 1063 952 baptizandos
1094 900 1216 940 esse
1256 885 1558 954 jusserunt.
1599 908 1618 941 ι
1667 887 1736 945 Et

128 979 374 1028 sanctus
401 971 648 1028 Gelasius
678 973 813 1046 (Ivo,
859 992 912 1047 p.
972 993 1010 1039 ι,
1053 992 1173 1048 cap.
1205 978 1381 1050 252):
1442 1000 1461 1031 ί
1508 980 1736 1037 Etiamsi

133 1065 447 1120 newssitas
477 1073 723 1120 extrema
757 1067 1098 1138 compulerit.
1156 1086 1185 1123 a
1232 1070 1385 1126 laieis
1412 1072 1736 1128 Christianis

134 1155 455 1225 huiusmodi
483 1157 747 1227 baptizari
769 1159 966 1216 debere
985 1160 1240 1215 ostendit.
1282 1182 1300 1214 ι

701 1314 929 1372 CAPUT
967 1316 1183 1372 XXXII.

146 1444 221 1500 De
284 1462 349 1500 eo
392 1449 533 1515 quod
586 1450 943 1575 panitet‘titzant
1001 1455 1341 1535 erviaticum
1395 1459 1737 1516 morientibus

859 1538 903 1575 rt
934 1532 1109 1575 vetuit.

859 1532 903 1575 ri
934 1532 1109 1577 vetuit.

214 1676 272 1731 ln
314 1692 384 1731 eo
425 1692 559 1731 vero
598 1678 867 1748 capitulo,
912 1696 1021 1752 quo
1064 1684 1309 1740 ultimam
1362 1689 1735 1757 paenitentiam

1832 514 2063 579 nescire,
2082 522 2136 568 et
2160 524 2267 568 tam
2281 513 2538 585 grandem
2560 527 2801 576 causam,
2825 509 2966 566 sicut
2985 518 3172 565 contra
3198 511 3414 565 decreta

1833 602 2108 659 Coelestini
2134 603 2315 673 egisti,
2343 601 2587 657 oblivisci
2612 601 2821 666 valens,
2847 599 2991 654 inter
3016 610 3216 655 caetera
3247 600 3301 654 in
3324 606 3418 655 tuo

1831 693 2085 764 pitaciolo
2146 692 2311 747 verba
2375 690 2613 759 ejusdem
2673 690 2951 759 C(elcstini
3009 688 3162 760 papae
3211 703 3416 759 ponere

1833 800 2000 841 ausus
2047 783 2217 838 fuisti.
2257 784 2407 852 Quae,
2452 785 2554 839 etsi
2596 784 2647 837 in
2676 781 3031 853 professionis
3063 792 3166 837 tute
3195 783 3419 837 dcerem

1834 893 1866 931 a
1908 885 1960 932 te
2008 875 2315 944 subscripto
2360 876 2504 932 banc
2559 875 2703 930 beati
2759 873 3039 929 Ctelestini
3094 873 3418 928 sententiam

1836 966 2160 1024 deeretalcm
2194 966 2593 1036 pnescripsisti,
2639 982 2744 1021 non
2770 965 2944 1020 solum
2980 980 3098 1031 suo,
3130 964 3224 1020 sed
3249 972 3305 1020 et
3327 975 3420 1020 tuo

1829 1060 2055 1132 judicio,
2084 1067 2135 1115 te
2158 1059 2451 1114 secundum
2475 1072 2660 1112 sacros
2683 1057 3139 1128 Carthaginienses
3160 1070 3420 1122 canones,

1835 1154 2041 1208 honore
2076 1151 2326 1221 privasti,
2372 1151 2464 1220 qui
2514 1150 2699 1206 dicunt
2745 1149 2886 1221 (can.
2942 1149 3032 1220 15)
3078 1166 3091 1202 :
3143 1166 3162 1199 ι
3194 1147 3251 1204 Si
3297 1148 3422 1219 quis

1835 1252 2025 1299 contra
2057 1259 2210 1299 suam
2240 1241 2631 1313 professionem
2665 1240 2749 1296 vel
2772 1239 3226 1311 subscriptionem
3257 1254 3423 1294 vene-

1836 1334 1910 1388 rit
1964 1335 2016 1388 iu
2064 1334 2280 1404 aliquo,
2328 1333 2443 1404 ipse
2496 1347 2556 1387 se
2602 1332 2807 1389 honore
2855 1330 3108 1403 privabit.
3144 1350 3164 1382 ι
3217 1327 3421 1385 Fecisti

1835 1426 1979 1481 enim
2008 1427 2147 1495 quod
2185 1426 2402 1479 Patrum
2436 1424 2634 1495 regulis
2663 1425 2866 1485 obviat,
2911 1438 3034 1478 cum
3062 1422 3418 1492 pmnitentes,

1838 1528 2025 1573 contra
2054 1518 2274 1575 det-rcta
2302 1516 2578 1572 leestini
2600 1557 2616 1580 ,
2660 1528 2717 1571 et
2755 1524 3075 1570 caeterorum
3104 1512 3420 1584 pontiﬁcum

1836 1609 2229 1674 Romanorum,
2260 1618 2422 1679 atque
2449 1618 2639 1664 contra
2665 1622 2852 1662 saeros
2872 1621 3131 1671 canones,
3155 1605 3222 1659 ad
3245 1605 3420 1676 pmoi-
3484 1612 3485 1615 ‘

1838 1703 2062 1757 tentiam
2087 1700 2311 1768 suscipi,
2339 1707 2395 1754 et
2421 1697 2780 1753 morientibus
2809 1696 3007 1751 viatico
3040 1710 3265 1751 munere
3291 1694 3420 1751 sub—

144 1766 452 1861 denegari,
475 1776 532 1821 et
563 1768 757 1824 viatico
794 1762 1018 1861 munere
1061 1775 1349 1831 subvenire
1378 1777 1732 1835 morientibus
1765 1801 1811 1860 Β
1838 1792 2011 1847 veniri
2056 1762 2399 1861 prohibuisti,
2451 1796 2507 1843 ei
2543 1802 2644 1858 pro
2682 1797 2773 1841 ιιιο
2814 1784 2966 1840 [ibim
3012 1791 3274 1855 usurpata
3308 1798 3338 1837 a
3372 1791 3425 1839 te

144 1865 336 1911 contra
388 1856 637 1914 Nicaenos
681 1868 735 1915 et
773 1859 1060 1919 Africanos
1096 1879 1362 1931 canones,
1413 1877 1470 1923 et
1513 1869 1731 1925 decreta

147 1946 351 2014 Siricii,
391 1960 449 2006 et
488 1952 810 2031 Innocentii,
852 1963 1016 2027 atque
1056 1957 1365 2026 leestini,
1425 1977 1634 2018 necnon
1678 1973 1735 2019 et

145 2038 376 2107 Leonis,
408 2042 651 2107 vetuisti,
683 2044 823 2099 sicut
852 2044 1217 2115 Innocentius,
1247 2058 1302 2106 et
1330 2054 1513 2108 caeteri
1543 2055 1732 2110 docto-

146 2148 234 2187 res
249 2130 505 2189 catholici
528 2136 845 2203 ostendunt,
864 2136 1055 2194 Novati
1080 2141 1342 2209 hzeretici,
1366 2144 1495 2201 licet
1516 2146 1732 2204 diverso

143 2221 381 2287 itinere,
416 2224 506 2278 sed
533 2240 638 2279 non
670 2227 886 2284 diverso
917 2229 1259 2299 discrimine,
1291 2236 1540 2305 sequipes
1567 2239 1735 2294 exsti-

145 2314 282 2368 tisti.
312 2314 597 2371 Novatiani
623 2319 767 2374 enim
797 2321 1168 2393 dogmatizant
1197 2328 1363 2397 recipi
1396 2344 1504 2384 non
1531 2330 1733 2387 debere

149 2405 329 2478 lapsos
379 2409 449 2463 ad
489 2412 861 2479 paenitentiam
912 2424 1076 2486 atque
1124 2421 1561 2477 communionem
1607 2440 1623 2478 :
1679 2432 1737 2479 et

151 2507 204 2550 tu
250 2500 456 2564 sciens,
483 2502 636 2572 juxta
669 2502 914 2561 Nicaenos
959 2523 1217 2575 canones,
1250 2514 1445 2581 quovis
1494 2522 1736 2586 tempore

152 2601 253 2641 non
290 2603 415 2643 esse
452 2590 820 2661 denegandam
848 2596 1226 2665 paenitentiam
1255 2609 1312 2655 et
1337 2604 1736 2661 communionis

151 2679 376 2746 gratiam
410 2680 737 2750 postulanti,
768 2700 935 2741 causa
978 2687 1300 2757 injuriarum
1338 2701 1553 2748 tuarum
1596 2711 1736 2766 pras-

152 2770 371 2837 cepisti,
429 2771 570 2826 sicut
623 2774 674 2828 in
724 2777 984 2846 petitione
1024 2795 1056 2834 a
1098 2780 1443 2840 Laudunensi
1491 2786 1735 2843 Ecclesia

153 2861 281 2914 mihi
328 2873 581 2930 porrecta
636 2868 979 2937 continetur,
1040 2871 1203 2927 etiam
1248 2874 1302 2928 in
1353 2876 1496 2930 exitu
1543 2877 1737 2933 mortis

154 2952 341 3020 positis
376 2954 754 3023 paenitentiam
795 2963 1277 3018 et'communionis
1311 2965 1542 3035 gratiam
1569 2968 1735 3022 dene-

154 3046 299 3114 gari,
339 3061 411 3100 ne
452 3049 801 3118 permittente
842 3051 1123 3109 Salvatore
1168 3064 1357 3111 nostro
1405 3072 1435 3111 a
1476 3066 1734 3128 perpetuo

1837 1881 2130 1946 sententia,
2173 1877 2525 1934 deeretalium
2573 1892 2818 1932 normam
2858 1875 3275 1930 constitutorum
3317 1872 3427 1927 fre-

1837 1975 1980 2046 gisti.
2034 1973 2140 2029 Sed
2193 1972 2332 2028 forte
2383 1971 2602 2027 noluisti
2650 1970 2952 2037 intelligere
2994 1968 3084 2024 illa
3131 1967 3427 2023 constituta

1838 2078 1959 2124 tuos
1990 2082 2111 2124 esse
2135 2082 2404 2133 canones,
2441 2074 2496 2121 et
2522 2065 2594 2119 ob
2620 2065 2672 2119 id
2696 2066 2749 2119 in
2784 2073 2876 2120 tuo
2905 2063 3158 2134 pitaciolo
3187 2059 3381 2117 misisti
3409 2078 3423 2115 :

1835 2158 1976 2213 Nulli
2026 2157 2296 2213 sacerdoti
2342 2155 2502 2211 liceat
2548 2169 2786 2210 canones
2832 2154 3114 2223 ignorare,
3169 2152 3430 2208 omittens

1837 2250 1980 2321 quod
2022 2248 2093 2304 ibi
2141 2247 2376 2302 habetur
2419 2262 2563 2300 suos.
2597 2244 2712 2300 Non
2764 2243 2928 2315 igitur
2971 2242 3292 2305 radendum,
3342 2238 3430 2295 vel

1835 2339 2194 2395 omittendum
2215 2344 2300 2393 est
2322 2352 2618 2407 pronomen
2642 2352 2787 2399 suos,
2818 2335 2884 2389 de
2908 2332 3086 2388 verbis
3108 2329 3383 2386 Caelestini
3411 2346 3425 2383 :

1837 2430 2092 2500 quoniam
2118 2443 2357 2484 canones
2378 2437 2433 2483 et
2456 2427 2677 2481 Patrum
2707 2424 2906 2496 regulae
2930 2439 3166 2479 canones
3186 2432 3243 2477 et
3269 2436 3430 2493 regu-

1837 2519 1903 2575 la:
1942 2528 2070 2576 sunt
2110 2519 2474 2582 sacerdotum,
2516 2532 2582 2573 eo
2611 2518 2770 2573 modo
2812 2515 2955 2571 sicut
2991 2514 3079 2569 lex
3126 2512 3294 2585 Moysi
3347 2510 3429 2567 di-

1836 2612 1979 2669 citur
2026 2620 2084 2668 et
2125 2612 2213 2667 lex
2261 2610 2568 2667 Iudaeorum
2594 2649 2610 2675 ,
2656 2610 2723 2665 de
2775 2621 2880 2677 qua
2919 2606 3179 2661 Dominus
3218 2604 3285 2657 ad
3325 2598 3427 2657 Ju-

1838 2702 2012 2758 daeos:
2034 2701 2099 2756 In
2124 2701 2254 2772 lege,
2280 2701 2474 2770 inquit,
2500 2708 2665 2754 vestra
2694 2698 2947 2768 scriptum
2973 2706 3046 2751 est
3071 2694 3255 2767 (Joan.
3280 2692 3424 2761 vnn),

1836 2802 1892 2849 et
1911 2794 1976 2848 de
1991 2792 2073 2847 eis
2094 2792 2288 2847 iterum
2307 2809 2320 2844 :
2342 2790 2405 2845 In
2423 2790 2532 2862 lege
2551 2804 2729 2844 eorum
2747 2788 2998 2858 scriptum
3011 2795 3085 2841 est
3106 2784 3160 2857 (1
3168 2802 3287 2840 can.
3312 2782 3426 2854 xv).

1837 2885 1949 2938 Aut
1984 2898 2117 2954 ergo
2143 2882 2371 2952 quilibet
2404 2897 2510 2935 non
2541 2890 2627 2936 est
2650 2880 2942 2943 sacerdos,
2972 2886 3027 2937 et
3056 2878 3138 2933 sui
3170 2891 3274 2931 non
3305 2891 3433 2929 sunt

1838 2992 2077 3034 canones
2104 2995 2116 3031 :
2141 2976 2339 3045 autqui
2362 2975 2619 3032 sacerdos
2648 2982 2734 3029 est
2749 3014 2764 3039 ,
2781 2973 2866 3028 sui
2887 2979 3014 3028 sunt
3033 2984 3288 3026 canones.
3316 2967 3432 3025 Non

1839 3080 1900 3125 ut
1929 3070 2071 3126 sicut
2106 3066 2274 3123 Judaei
2300 3067 2509 3139 legem,
2534 3066 2756 3122 eosdem
2780 3078 3020 3120 canones
3040 3076 3139 3133 pro
3159 3075 3257 3117 suo
3280 3059 3434 3115 libitu

153 3136 315 3192 θιῖίῖο
347 3138 613 3195 vindicari
654 3142 927 3209 valerem.
966 3161 1088 3200 cum
1117 3162 1213 3217 per
1243 3163 1302 3203 se
1328 3149 1393 3205 de
1420 3166 1479 3205 se
1523 3150 1733 3208 Veritas
1760 3151 1807 3212 C
1836 3161 1905 3216 ad
1949 3174 2106 3215 suum
2158 3136 2378 3213 sensum
2430 3155 2707 3212 inﬂectant
2728 3197 2744 3221 ,
2772 3155 2868 3212 sed
2899 3163 2958 3210 ut
2982 3168 3201 3211 sensum
3236 3165 3428 3207 eorum

154 3228 294 3282 dicat
325 3249 341 3284 :
379 3227 533 3285 Venit
573 3232 718 3301 ﬁlius
752 3235 978 3291 hominis
1010 3253 1244 3308 quwrere
1276 3250 1327 3293 et
1359 3240 1563 3295 saluere
1595 3243 1735 3314 quod

152 3321 399 3387 perierat,
428 3321 520 3392 qui
546 3339 650 3377 non
673 3326 808 3378 venit
829 3326 1004 3395 justas
1025 3328 1116 3381 sed
1137 3340 1433 3398 peccatores
1469 3348 1655 3388 vocare
1679 3336 1736 3389 in

152 3410 507 3478 paenitentiam
548 3411 700 3485 (Luc.
732 3415 883 3484 xu),
915 3418 1100 3473 multis
1127 3435 1260 3475 voce
1310 3410 1524 3477 Domini
1568 3425 1737 3479 recla-

152 3504 432 3559 mantibus
468 3508 674 3563 sanctis
709 3520 765 3564 et
808 3510 1062 3569 Ecclesiae
1104 3516 1386 3571 catholica:
1425 3518 1738 3575 doctoribus

153 3604 210 3649 ut
230 3599 543 3667 praesidium
576 3606 1020 3673 regenerationis,
1052 3624 1117 3663 ac
1152 3610 1505 3678 pmnitentize,
1539 3626 1737 3666 sacra:-

150 3704 260 3759 que
308 3694 738 3760 communionis,
785 3698 837 3752 in
892 3700 1083 3755 mortis
1136 3702 1377 3771 periculo
1433 3704 1626 3771 positis
1680 3712 1737 3759 et

146 3783 471 3851 petentibus
504 3801 825 3858 aquoquam
871 3792 1179 3850 nullatenus
1223 3796 1536 3867 denegetur.
1588 3796 1737 3852 Unde

149 3874 251 3928 tibi
309 3890 382 3929 ex
442 3877 644 3948 integro
684 3882 815 3949 quid
860 3884 1000 3937 sacri
1054 3884 1257 3939 Nicaeui
1301 3900 1559 3953 canones,
1608 3888 1738 3957 quid

150 3974 377 4021 sanctus
418 3965 667 4031 Siricius.
713 3973 842 4042 quid
900 3984 1119 4030 sanctus
1168 3975 1555 4042 Innocentius,
1609 3979 1736 4047 quid

150 4067 376 4112 sanctus
402 4058 728 4117 leestinus
749 4105 763 4128 ,
788 4064 916 4134 quid
949 4076 1171 4121 sanctus
1213 4067 1321 4123 Leo
1360 4069 1736 4133 decreverint,

152 4151 250 4205 tibi
279 4154 526 4208 scribere
554 4157 765 4240 studui,
806 4159 900 4214 sed
922 4168 977 4214 et
1008 4161 1291 4231 judicium,
1327 4164 1471 4233 quod
1510 4164 1576 4219 de
1618 4163 1733 4219 hazc

152 4248 629 4302 contemnentibus
649 4259 868 4305 sanctus
880 4251 990 4307 Leo
1014 4253 1330 4321 protulerit,
1355 4253 1595 4324 praefatis
1612 4256 1738 4310 sub-

147 4333 334 4403 junxi,
384 4338 590 4409 tibique
641 4343 910 4397 mandavi.
939 4344 1031 4398 Ait
1078 4345 1223 4401 enim
1260 4365 1273 4400 :
1305 4348 1566 4419 (epistai)
1602 4366 1622 4400 ‹
1658 4347 1736 4404 Ne

149 4428 278 4495 quid
340 4442 474 4485 vero
520 4430 592 4485 sit
636 4432 777 4502 quod
835 4436 1259 4504 prmtermissum
1308 4412 1363 4492 5'
1393 4412 1558 4495 nobis,
1592 4438 1736 4496 forte

1836 3254 2124 3324 praeceptis
2150 3252 2451 3309 obedieudo
2477 3250 2887 3306 accommodent
2912 3268 2925 3303 :
2953 3258 3222 3318 quatenus
3243 3261 3435 3301 eorum

1839 3356 2107 3419 prmcepta
2152 3346 2449 3415 sequendo,
2499 3359 2718 3417 gressus
2761 3352 2939 3398 rectos
2978 3341 3177 3398 faciant
3209 3338 3436 3409 pedibus

1838 3439 1975 3502 suis,
2000 3447 2057 3492 et
2089 3436 2157 3492 de
2184 3436 2587 3505 Scripturarum
2626 3433 2829 3490 lumine
2864 3431 3233 3503 promulgatos
3259 3429 3435 3485 lucer-

1838 3545 1962 3584 nam
1997 3543 2091 3583 eos
2126 3534 2325 3597 ponant
2355 3524 2659 3580 actionibus
2702 3524 2845 3587 suis,
2896 3530 2955 3575 ut
2992 3521 3205 3590 possint
3246 3519 3430 3575 dicere

1839 3637 1962 3677 cum
1994 3620 2276 3675 Psalmista
2308 3633 2323 3671 :
2352 3617 2594 3671 Lucerna
2614 3615 2830 3684 pedibus
2855 3613 2984 3668 meis
3009 3613 3224 3667 verbum
3248 3620 3422 3673 tuum,

1842 3716 2093 3777 Domine,
2141 3723 2191 3766 et
2234 3712 2411 3765 lumen
2454 3710 2650 3764 semitis
2697 3709 2824 3762 meis
2875 3704 3051 3773 (Psat.
3103 3704 3314 3773 cxvm).
3372 3702 3433 3757 Si

1838 3805 2016 3874 aliqua
2045 3803 2208 3858 etiam
2240 3800 2499 3855 tortitudo
2529 3798 2801 3862 sensibus,
2836 3795 2920 3850 vel
2950 3791 3427 3866 praeceptionibus,

1840 3906 2002 3967 atque
2042 3895 2349 3951 actionibus
2383 3892 2497 3946 suis
2538 3894 2718 3945 inesse
2744 3889 2976 3955 videtur,
3010 3901 3197 3941 eorum
3228 3884 3431 3955 regulis

1839 3988 2161 4057 corrigatur,
2194 3994 2249 4039 et
2283 3984 2352 4037 ad
2385 4000 2450 4037 ea
2481 3997 2603 4052 qua:
2632 3980 2936 4043 sentienda,
2967 3976 3222 4040 tenenda,
3246 3983 3302 4030 et
3327 3989 3419 4030 se-

1839 4079 2053 4148 quenda
2097 4085 2223 4131 sunt
2265 4074 2554 4145 dirigatur.
2586 4072 2727 4143 Lege
2764 4071 2928 4139 igitur
2963 4071 3182 4125 decreta
3222 4065 3429 4128 Siricii,

1839 4177 1897 4223 et
1921 4167 2162 4236 ejusdem
2186 4165 2489 4229 C(elestini,
2525 4173 2579 4220 et
2607 4179 2793 4220 sacros
2819 4177 3078 4227 canones,
3106 4170 3162 4216 et
3191 4158 3435 4214 invenies

1840 4270 1893 4315 te
1927 4269 2120 4317 contra
2163 4258 2379 4313 illorum
2407 4258 2643 4322 decreta,
2692 4256 2801 4309 imo
2844 4262 3035 4308 contra
3058 4251 3435 4322 evangelicam

1840 4353 2142 4414 veritatem,
2172 4358 2229 4405 et
2267 4348 2620 4418 apostolicam
2662 4344 3068 4407 auctoritatem,
3114 4357 3249 4396 ausu
3280 4339 3435 4395 nefa-

1841 4443 1923 4497 rio
1954 4441 2079 4497 talia
2115 4440 2456 4508 prohibuisse
2479 4478 2494 4502 ,
2538 4438 2682 4491 sicut
2722 4436 2924 4499 semel,
2955 4443 3011 4489 et
3038 4431 3279 4489 secundo
3316 4432 3435 4502 jam

148 4519 428 4585 credatur,
480 4517 660 4577 omnia
708 4525 996 4581 decretalia
1045 4530 1360 4595 constituta,
1406 4538 1515 4585 tam
1566 4532 1736 4587 beatae
1765 4505 1816 4565 D
1847 4534 1941 4590 tibi
1979 4505 2193 4601 scripsi.
2237 4531 2343 4586 Sed
2374 4529 2514 4585 forte
2549 4531 2694 4596 haec,
2725 4538 2781 4584 et
2802 4545 2868 4583 ea
2906 4543 3028 4597 qua:
3055 4527 3286 4583 dicimus
3313 4540 3437 4583 esse

146 4611 550 4668 recordationis
578 4614 897 4682 Innocentii,
923 4635 1082 4688 quam
1105 4623 1350 4679 omnium
1387 4624 1739 4679 decessorum

145 4711 486 4769 nostrorum,
512 4721 633 4777 qua:
660 4707 728 4763 de
760 4709 1145 4768 ecclesiasticis
1176 4714 1459 4771 ordinibus
1486 4724 1542 4770 et
1569 4731 1736 4772 cano-

147 4813 275 4850 num
306 4798 648 4869 promulgata
677 4811 802 4856 snnt
841 4803 1169 4875 disciplinis,
1204 4808 1276 4861 ita
1319 4824 1351 4862 a
1396 4818 1575 4864 vestra
1606 4810 1739 4865 dile-

144 4889 331 4944 ctione
354 4891 615 4946 custodiri
648 4892 848 4949 debere
876 4897 1218 4964 mandamus,
1244 4907 1301 4952 ut
1331 4900 1377 4955 si
1406 4902 1528 4970 quis
1553 4901 1605 4955 in
1648 4901 1738 4957 illa

147 4980 510 5044 commiserit,
541 4983 755 5038 veniam
776 4984 878 5039 sibi
900 4987 1153 5058 deinceps
1182 4990 1397 5044 noverit
1423 4990 1731 5063 denegari.»

145 5068 305 5126 L'nde
336 5073 468 5141 quia
510 5073 763 5144 ignorare
804 5092 910 5132 non
943 5087 1101 5147 potes
1142 5079 1272 5149 quid
1311 5091 1532 5136 sanctus
1564 5082 1740 5137 Coele-

143 5164 329 5217 stinus
374 5165 743 5234 praedecessor
780 5169 923 5224 beati
964 5168 1164 5225 Leonis
1214 5171 1535 5237 decreverit,
1588 5172 1741 5242 cujus

141 5254 499 5311 decretorum
548 5266 754 5327 partem
810 5268 915 5315 tuae
971 5260 1274 5316 collectioni
1326 5262 1734 5333 interposuisti,

140 5348 350 5416 quibus
378 5347 511 5403 dicit
554 5367 568 5403 :
609 5368 628 5402 ς
686 5349 827 5405 Nulli
871 5353 1139 5408 sacerdoti
1171 5368 1298 5407 suos
1319 5353 1741 5410 liceatcanones

140 5454 428 5511 ignorare,
456 5456 556 5497 nec
603 5443 899 5515 quidquam
937 5444 1121 5501 facere
1147 5447 1288 5514 quod
1322 5445 1541 5501 Patrum
1571 5449 1742 5518 possit

142 5530 356 5601 regulis
392 5532 614 5588 obviare
649 5552 662 5586 :
689 5549 810 5605 qum
847 5536 990 5591 enim
1020 5553 1049 5591 a
1081 5538 1236 5593 nobis
1267 5553 1351 5594 res
1376 5530 1534 5609 digna
1560 5555 1743 5595 serva-

143 5620 340 5683 bitur,
403 5621 448 5676 si
506 5623 858 5680 decretalium
926 5644 1113 5683 norma
1171 5631 1589 5685 constitutorum
1643 5647 1742 5701 pro

142 5712 461 5782 aliquorum
514 5712 688 5780 libitu,
743 5716 956 5773 licentia
1012 5720 1222 5790 populis
1272 5722 1535 5792 permissa
1588 5722 1738 5777 fran-

1845 4638 2116 4686 canones,
2149 4634 2333 4679 tenere
2364 4637 2469 4676 non
2513 4621 2594 4675 vis
2623 4636 2723 4691 pro
2751 4620 3071 4683 canonibus,
3111 4617 3207 4674 sed
3233 4618 3323 4674 illa
3368 4619 3437 4673 de

1844 4720 2041 4790 quibus
2068 4725 2156 4771 tua
2197 4724 2504 4771 commenta
2547 4712 2770 4767 tinxisti.
2799 4712 2923 4767 Ideo
2948 4712 3237 4783 peregrino
3271 4724 3435 4766 sensu

1843 4811 2121 4870 Coelestini
2162 4810 2325 4865 verba
2368 4806 2759 4878 interposuisti.
2792 4806 2979 4861 Reduc
3019 4814 3199 4860 tamen
3228 4804 3295 4858 ad
3324 4816 3437 4857 me-

1844 4906 2068 4962 moriam
2101 4919 2222 4974 quae
2262 4904 2315 4957 in
2341 4902 2531 4957 eodem
2563 4909 2654 4956 tuo
2681 4900 2936 4970 pitaciolo
2981 4915 3049 4956 ex
3092 4897 3270 4953 verbis
3312 4895 3435 4950 Cm-

1842 4996 2022 5054 lestini
2072 4994 2340 5066 posuisti:
2400 5010 2421 5043 ‹
2479 4992 2645 5059 Quae,
2696 4993 2978 5063 inquiens,
3036 4990 3149 5049 sola
3192 4989 3437 5057 admonio

1846 5087 2010 5142 tionis
2057 5086 2381 5140 auctoritate
2418 5099 2524 5138 non
2567 5083 2927 5153 corrigimus,
2974 5094 3194 5137 necesse
3220 5086 3306 5134 est
3337 5093 3437 5148 per

1845 5179 2191 5234 severitatem
2240 5184 2629 5248 congcuentem
2676 5174 2878 5246 regulis
2933 5173 3285 5228 vindicemus.
3333 5170 3437 5225 Per

1848 5277 1987 5323 totas
2034 5268 2137 5322 hoc
2182 5282 2348 5337 ergo,
2402 5282 2523 5336 qua:
2576 5266 2812 5337 propriis
2864 5263 3169 5321 rectoribus
3214 5267 3434 5325 carent,

1849 5358 2108 5415 ecclesias
2156 5355 2405 5410 volumus
2454 5357 2788 5419 innotescat,
2841 5365 2900 5408 ut
2952 5351 3131 5407 nullus
3187 5350 3288 5405 sibi
3340 5366 3435 5421 spe

1851 5450 2029 5519 aliqua
2054 5445 2277 5502 forsitan
2306 5446 2579 5502 blanditus
2599 5446 2805 5500 illudat.
2838 5466 2856 5497 ι
2888 5445 3228 5514 Quapropter
3251 5440 3437 5495 obser.

1851 5541 2082 5596 randum
2130 5539 2225 5594 tibi
2269 5549 2354 5593 est
2389 5539 2454 5592 de
2503 5549 2731 5603 caetero,
2780 5554 2848 5592 ne
2887 5552 2983 5607 per
3025 5537 3171 5605 ipsas
3222 5534 3436 5606 regulas

1843 5632 2105 5704 judiccris
2124 5672 2138 5694 ,
2172 5644 2309 5699 quas
2338 5629 2406 5681 de
2448 5628 2629 5682 verbis
2657 5629 2830 5683 sancti
2873 5625 3151 5684 Caelestini
3187 5626 3293 5680 tuis
3320 5624 3434 5680 col-

1849 5717 2525 5784 lectionibus~immisisti,
2578 5720 2718 5774 sicut
2744 5729 2803 5773 et
2849 5735 2948 5791 ego
2986 5733 3204 5774 servare
3252 5718 3433 5774 studui
