3990 6300
573 345 679 400 “5

1530 335 1856 392 lllNCMMtl
1897 333 2285 389 RHEMENSIS
2324 335 2836 390 ARClllEPISCOPI
2909 317 2911 319 ’

3723 339 3836 394 416

571 456 714 526 quod
743 456 1024 526 praecepit,
1067 455 1272 510 scilicet
1300 463 1484 508 notum
1515 453 1719 506 faciens
1761 469 1879 521 qua:
1922 466 2139 506 servare
2175 453 2216 510 Α
2243 451 2473 518 primum
2501 462 2584 506 est
2613 452 2908 515 Nicaenum,
2943 453 3192 524 religant,
3225 463 3318 507 aut
3347 453 3516 524 ligare
3541 469 3681 524 quos
3717 456 3831 510 sol-

571 545 767 599 deheat
795 544 1036 599 ecclesize
1070 543 1431 598 Laudunensi.
1473 543 1536 596 Et
1579 543 1866 611 quoniam,
1901 551 1958 595 ut
1984 556 2144 610 supra

571 637 806 698 ostendi,
831 637 989 690 verba
1023 636 1162 691 beati
1185 635 1429 704 Gregorii
1456 649 1485 687 a
1508 633 1728 704 proprio
1747 649 1930 687 eorum
1963 648 2142 694 sensu,

569 735 830 796 quantum
863 740 928 778 ex
964 735 1016 779 te
1045 725 1164 789 fuit,
1197 723 1463 787 alienasti,
1493 731 1546 776 et
1569 722 1954 790 imposturasti,
1985 730 2144 789 atque

574 815 932 878 detruncasti,
972 823 1029 867 ut
1072 815 1392 879 anathema,
1429 812 1571 881 quod
1603 812 1654 865 in
1686 813 1872 865 eodem
1911 811 2144 880 capitulo

571 903 906 958 convenienti
937 917 1098 958 sensu
1131 903 1372 962 miserat.
1405 902 1472 956 ad
1492 915 1584 955 eos
1603 901 1798 970 quibus
1817 917 1919 955 non
1945 915 2142 955 conve-
2173 923 2176 925 λ

571 1001 724 1047 ncrat
747 1001 1104 1062 retorqueres,
1128 991 1219 1046 tibi
1242 992 1482 1046 scribere
1505 991 1724 1060 dignum
1749 990 1895 1053 duxi,
1918 991 2058 1058 quod
2077 991 2144 1045 de

570 1081 913 1134 anathemate
962 1081 1015 1134 in
1062 1079 1316 1152 synodica
1365 1079 1609 1149 cpistola,
1648 1094 1808 1148 quam
1851 1079 2143 1132 secundum

571 1184 812 1234 rnorem,
866 1169 920 1222 in
967 1169 1321 1224 ordinationis
1365 1185 1475 1223 sure
1519 1168 1740 1222 exordio
1787 1168 2140 1237 patriarchis,

568 1259 934 1314 Alexandrino
975 1258 1201 1322 scilicet,
1244 1259 1596 1338 Antiocheno,
1631 1256 2139 1327 Hierosolymitano,

569 1359 622 1404 et
653 1349 1248 1420 Constantinopolitano
1300 1350 1607 1414 direxerat,
1659 1349 1876 1418 scripsit
1923 1347 2038 1418 (lib.
2087 1365 2139 1413 t,

568 1457 648 1510 ep.
682 1439 811 1508 24):
849 1461 866 1491 ‹
902 1439 1188 1503 Praeterea,
1233 1441 1502 1510 inquiens,
1533 1441 1659 1509 quia
1702 1439 1864 1494 corde
1905 1438 2143 1493 creditur

569 1532 635 1586 ad
677 1531 965 1600 justitiam,
989 1548 1084 1586 ore
1131 1542 1310 1586 autem
1357 1533 1626 1588 confessio
1675 1532 1735 1586 ﬁt
1775 1533 1844 1587 ad
1887 1533 2140 1598 salutem,

569 1621 708 1676 sicut
751 1622 920 1677 sancti
970 1622 1244 1692 Evangelii
1289 1631 1522 1692 quatuor
1569 1623 1753 1687 libros,
1792 1623 1870 1677 sic
1911 1632 2143 1692 quatuor

569 1711 796 1766 concilia
847 1712 1122 1780 suscipere
1148 1720 1202 1767 et
1232 1713 1476 1768 venerari
1515 1729 1600 1766 me
1638 1713 1894 1781 proﬁteor
1922 1732 1936 1767 :
1970 1713 2168 1769 Nicaz?

571 1816 695 1854 num
725 1801 947 1864 scilicet,
978 1803 1029 1855 in
1058 1819 1164 1872 quo
1187 1818 1498 1872 perversum
1537 1803 1650 1856 Arii
1690 1805 1881 1874 dogma
1909 1805 2141 1859 destrui-
2170 1797 2216 1857 Β

571 1899 677 1952 tur,
711 1890 1359 1960 ConstantinOpolitanum
1387 1907 1619 1961 quoque,
1654 1893 1704 1946 in
1746 1909 1851 1962 quo
1893 1894 2140 1948 Eunomii

567 1986 622 2030 et
667 1977 960 2032 Macedonii
1010 1995 1164 2033 error
1207 1983 1568 2048 convincitur,
1609 1983 1936 2052 Ephesinntn
1975 1985 2140 2040 etiam

569 2067 799 2136 primum
839 2071 890 2123 itt
924 2059 1030 2139 quo
1060 2070 1289 2125 Nestorii
1321 2073 1568 2142 impietas
1591 2073 1882 2142 judicatur,
1913 2076 2139 2131 Chalce-

570 2159 987 2226 donense'vero,
1015 2163 1065 2215 in
1097 2179 1204 2232 quo
1229 2163 1502 2235 Eutychis,
1527 2165 1873 2236 Dioscorique
1902 2170 2142 2238 pravitas

570 2251 907 2318 reprobatur,
945 2260 1051 2307 tota
1085 2255 1380 2309 devotione
1413 2256 1758 2327 complector,
1791 2259 2146 2331 integerrima.

567 2331 887 2410 probatione
917 2347 1182 2412 custodio,
1215 2348 1338 2417 quia
1386 2350 1439 2402 in
1483 2350 1583 2411 his,
1611 2350 1753 2405 velut
1785 2352 1838 2405 in
1873 2353 2139 2422 quadrato

567 2433 770 2502 lapide,
815 2445 1013 2491 sanctae
1058 2438 1177 2492 lidei
1223 2449 1490 2494 structura
1538 2443 1833 2513 consurgit.
1867 2444 1933 2497 Et
1963 2445 2140 2512 cujus-

567 2523 698 2577 libet
744 2525 868 2578 vitae
923 2535 1084 2596 atque
1130 2529 1360 2596 actionis
1407 2531 1622 2595 existat,
1655 2534 1900 2604 quisquis
1950 2550 2138 2589 eorum

566 2612 889 2668 soliditatem
925 2631 1030 2669 non
1071 2626 1231 2682 tenet,
1280 2619 1490 2674 etiamsi
1537 2622 1672 2691 lapis
1715 2612 1832 2678 esse
1876 2628 2168 2692 cernitur,’

568 2713 743 2758 tamen
773 2714 926 2760 extra
954 2709 1235 2763 aedificium
1262 2711 1424 2781 jacet.
1469 2712 1724 2778 Quintutn
1753 2731 1967 2785 quoque
2009 2734 2137 2772 con-

567 2794 746 2848 cilium
779 2797 982 2864 pariter
1005 2814 1250 2865 veneror,
1285 2801 1339 2854 in
1380 2817 1486 2871 qtto
1513 2804 1737 2872 epistola
1767 2822 1886 2874 qua:
1925 2806 2027 2860 Iba:
2057 2808 2138 2860 di-

567 2881 707 2936 citur
755 2885 956 2938 erroris
1007 2885 1160 2954 plena
1215 2890 1548 2958 reprobatur,
1577 2892 1890 2947 Theodorus
1943 2909 2133 2962 perso-

567 2987 688 3026 natn
737 2974 1046 3031 mediatoris
1077 2976 1168 3032 Dei
1208 2987 1261 3031 et
1308 2979 1582 3034 hominum
1620 2980 1672 3034 in
1711 2982 1916 3036 duabus
1951 2983 2131 3038 subsi-

566 3064 775 3120 stentiis
799 3080 1072 3136 separaris,
1106 3068 1173 3122 ad
1218 3069 1507 3138 impietatis
1547 3072 1824 3140 perﬁdiam
1875 3075 2134 3129 cecidisse

2245 551 2423 593 vunt:
2473 541 2717 609 quisquis
2753 555 2882 609 ergo
2934 541 3077 595 aliud
3125 542 3295 610 sapit,
3341 543 3621 596 anathema
3661 543 3766 596 sit.
3811 565 3826 594 ι

2246 628 2462 683 Imitare
2493 631 2658 700 igitur
2679 641 2924 686 sanctum
2955 632 3146 695 David,
3174 633 3268 701 qui
3297 632 3522 687 audiens
3546 648 3576 686 a
3605 632 3832 687 Natltan

2244 721 2503 788 propheta
2537 721 2604 776 de
2639 730 2862 790 peccato
2891 724 3031 792 quod
3067 722 3290 787 fecerat,
3320 736 3386 777 ex
3426 723 3601 778 cordis
3623 725 3834 781 intimo

2245 809 2419 864 dixit:
2453 809 2666 865 Peccavi
2699 812 2924 866 Domino
2955 812 3038 883 (11
3071 811 3194 883 Reg.
3226 813 3346 881 xu);
3381 822 3437 868 et
3474 813 3595 868 item
3625 833 3636 867 :
3681 813 3832 879 Quia

2243 903 2497 970 percussit
2526 919 2617 955 cor
2658 919 2834 968 suum,
2865 920 2923 956 eo
2947 904 3087 972 quod
3129 903 3369 971 [adesset
3412 913 3591 957 vestem
3618 903 3832 958 Christi

2241 989 2456 1044 Domini
2482 990 2535 1062 (Ι
2566 991 2697 1061 Reg.
2726 991 2896 1061 xxtv).
2926 991 2993 1045 Et
3019 992 3182 1046 vestis
3212 991 3421 1045 Domini
3445 1002 3524 1046 est
3549 992 3827 1055 Ecclesia,

2244 1081 2310 1134 de
2338 1096 2442 1150 qua
2470 1083 2727 1151 scriptum
2758 1094 2877 1138 est:
2922 1081 3043 1136 Vivo
3077 1098 3190 1152 ego,
3217 1083 3342 1135 dicit
3383 1082 3652 1145 Dominus,
3675 1084 3828 1153 -qttia

2244 1169 2482 1223 omnibus
2509 1171 2590 1224 his
2615 1170 2749 1224 velut
2779 1183 3083 1224 ornamento
3109 1172 3336 1225 vestieris
3365 1171 3496 1241 (Isa.
3523 1188 3675 1237 χιιι,
3714 1172 3827 1241 18).

2244 1259 2311 1313 Et
2350 1259 2685 1329 Apostolus:
2719 1260 2980 1330 Quotquot
3034 1261 3088 1314 in
3137 1260 3345 1316 Christo
3389 1261 3627 1331 baptismi
3672 1263 3828 1325 estis,

2244 1346 2508 1403 Christum
2559 1349 2804 1404 induistis
2849 1347 3003 1416 (Gal.
3053 1366 3144 1415 ιιι,
3189 1351 3303 1420 27).
3356 1351 3577 1406 Percnte
3621 1365 3827 1422 pectus

2245 1444 2415 1504 tuum,
2456 1439 2582 1510 quia
2617 1438 2893 1508 percussio
2921 1441 3153 1508 pectoris
3176 1440 3415 1494 ostendit
3439 1442 3836 1494 contritionetu

2243 1526 2439 1589 cordis,
2480 1535 2535 1582 et
2577 1526 2665 1581 die
2705 1542 2828 1582 cum
2855 1526 3090 1597 profusis
3130 1527 3423 1598 lacrymis:
3456 1527 3674 1583 Peccavi
3713 1528 3818 1581 Do-

2242 1613 2406 1679 mino,
2439 1622 2499 1668 ut
2527 1615 2788 1670 merearis
2816 1615 3021 1678 audire,
3054 1615 3308 1668 Dominus
3335 1617 3591 1670 transtulit
3628 1633 3821 1685 pecca-

2242 1712 2352 1756 tum
2379 1712 2549 1769 tuum,
2582 1720 2685 1758 non
2717 1704 2955 1757 morieris
2987 1702 3074 1773 (II
3100 1703 3229 1773 Reg.
3267 1704 3389 1776 xu).

2775 1837 3000 1893 CAPUT
3042 1839 3276 1894 XXXIII.

2312 1944 2391 2002 De
2420 1963 2480 2004 eo
2511 1949 2651 2019 quod
2690 1947 3013 2019 sepulturam
3045 1949 3266 2019 mortuis
3295 1947 3350 2001 in
3377 1949 3617 2018 parochia
3644 1965 3757 2003 sua

2756 2017 3001 2088 denegari
3037 2018 3298 2086 praecepit.

2310 2149 2367 2203 In
2393 2165 2460 2204 eo
2481 2164 2608 2204 vero
2629 2148 2883 2219 capitulo,
2909 2163 3016 2218 quo
3042 2149 3370 2219 sepulturam
3395 2151 3640 2215 mortuis,
3678 2153 3821 2206 sicut

2241 2241 2294 2295 in
2341 2241 2603 2311 petitione
2653 2256 2683 2294 a
2727 2240 3071 2296 Lauduneusi
3120 2240 3346 2295 ecclesia
3394 2241 3522 2295 mihi
3562 2254 3820 2310 porrecta

2241 2333 2571 2397 continetur,
2620 2332 2874 2401 denegari
2920 2331 3160 2400 jussisti,
3208 2332 3373 2386 nimia
3423 2333 3819 2390 inhumanitate

2241 2431 2428 2474 contra
2457 2436 2643 2476 sacras
2667 2421 2918 2476 historias
2941 2437 3230 2491 sacrosque
3258 2436 3496 2477 canones
3519 2439 3682 2493 agere
3716 2441 3818 2478 non

2239 2509 2531 2574 erubuisti,
2584 2525 2705 2564 cum
2756 2510 2895 2566 sicut
2947 2512 2998 2565 in
3052 2511 3275 2566 historia
3324 2513 3631 2566 veneranda
3690 2513 3824 2567 libri

2241 2599 2446 2670 Regum
2497 2600 2726 2671 legimus
2766 2601 2928 2655 etiam
2969 2617 3152 2656 eorum
3185 2617 3430 2671 corpora,
3463 2602 3553 2672 qui
3582 2603 3645 2655 ad
3681 2618 3812 2656 con-

2240 2691 2436 2747 sultum
2481 2691 2690 2746 Domini
2741 2701 2960 2762 propter
2996 2699 3274 2761 peccatum
3330 2691 3492 2754 Saul,
3544 2691 3614 2746 ob
3669 2694 3818 2761 quod

2241 2780 2382 2835 facta
2409 2781 2688 2837 est'fames
2717 2782 2770 2836 in
2801 2782 2988 2839 diebus
3010 2781 3178 2836 David
3207 2781 3379 2835 tribus
3401 2781 3558 2835 annis
3586 2783 3814 2852 jugiter,

2240 2871 2482 2926 cruciﬁxi
2524 2871 2758 2937 fuerant,
2796 2871 3138 2926 laudabiliter
3181 2871 3450 2926 custodita
3501 2870 3751 2941 legamus
3787 2889 3812 2924 a

2237 2965 2536 3018 concubina
2564 2963 2716 3028 Saul,
2747 2979 2814 3018 ne
2835 2964 3202 3019 lacerarentur
3221 2965 3289 3018 ab
3310 2964 3498 3018 avibus
3519 2978 3616 3032 per
3646 2964 3811 3028 diem,

2238 3068 2411 3122 neque
2455 3070 2484 3106 a
2528 3053 2715 3109 bestiis
2761 3069 2858 3123 per
2901 3065 3150 3118 noctem,
3193 3053 3810 3123 Donec'stillaret‘agu

566 3155 922 3221 convincitur,
973 3158 1170 3228 σαίρω
1218 3175 1428 3230 quoque
1474 3161 1815 3227 Theodori“,
1861 3179 1959 3233 per
2011 3175 2130 3234 qum
2159 3157 2205 3219 ο
2235 3161 2392 3214 super
2419 3161 2506 3198 eos
2529 3145 2594 3199 de
2623 3144 2748 3200 cazlo
2778 3145 2863 3211 (ΙΙ
2896 3145 3019 3215 Reg.
3045 3151 3190 3215 ut).
3223 3145 3418 3213 Sicque
3447 3144 3658 3213 sepulta
3691 3154 3808 3198 sunt

565 3243 706 3297 beati
777 3244 960 3316 Cyrilli
1024 3247 1157 3303 ﬁdes
1217 3251 1647 3320 reprehenditur,
1709 3268 1842 3307 ausu
1907 3255 2128 3308 demen-

567 3335 654 3388 tiae
697 3336 902 3404 prolata
945 3337 1262 3394 refutantur.
1295 3340 1528 3397 Cunctas
1570 3357 1698 3397 vero
1733 3360 1869 3413 quas
1904 3346 2130 3414 praefata

565 3428 866 3481 veneranda
899 3431 1122 3485 concilia
1163 3447 1420 3502 personas
1459 3446 1718 3504 respuunt
1746 3453 1960 3506 respuo,
1993 3454 2128 3509 quas

565 3525 890 3572 venerantur
932 3520 1224 3590 amplector
1269 3542 1281 3576 :
1324 3524 1449 3594 quia
1494 3525 1621 3578 dum
1671 3526 1959 3582 universali
2007 3539 2134 3583 sunt

565 3621 827 3664 consensu
857 3612 1168 3679 constituta,
1193 3629 1250 3669 se
1279 3626 1332 3670 et
1360 3631 1465 3669 non
1493 3615 1579 3670 illa
1609 3617 1859 3684 destruit,
1889 3620 2134 3691 quisquis

564 3699 840 3766 praesumit
876 3709 968 3754 aut
997 3701 1202 3758 solvere
1233 3719 1369 3773 quos
1399 3705 1647 3776 religant,
1680 3717 1774 3761 aut
1803 3709 1969 3779 ligare
1997 3727 2132 3779 quos

563 3787 795 3843 solvunt.
844 3790 1096 3861 Quisquis
1139 3809 1268 3862 ergo
1304 3795 1447 3850 aliud
1493 3798 1666 3866 sapit,
1707 3801 1995 3854 anathema
2037 3802 2126 3856 sit.

565 3879 818 3948 Quisquis
856 3898 985 3937 vero
1023 3884 1363 3952 praefatarnm
1410 3890 1731 3956 synodorum
1774 3892 1930 3945 ﬁdem
1964 3903 2128 3959 tenet,

566 3986 663 4036 pax
697 3972 745 4024 ei
775 3972 848 4025 sit
890 3988 920 4025 a
962 3975 1071 4026 Deo
1100 3973 1259 4028 Patre
1299 3992 1396 4045 per
1421 3977 1601 4032 Jesum
1631 3979 1902 4034 Christum
1936 3983 2128 4038 Filium

564 4059 701 4125 ejus,
726 4061 815 4128 qui
846 4076 968 4115 cum
1007 4077 1071 4116 eo
1107 4065 1237 4119 vivit
1278 4076 1331 4118 et
1374 4079 1561 4136 regnat
1603 4073 2132 4129 consubstantialiter

568 4148 705 4203 Deus
740 4150 792 4202 itt
825 4151 1030 4205 unitate
1073 4151 1304 4222 Spiritus
1342 4158 1534 4221 sancti,
1573 4173 1670 4226 per
1715 4163 1891 4215 omnia
1937 4165 2128 4219 saecula

565 4237 901 4293 smculorutn.
931 4240 1121 4296 Amen.
1153 4263 1172 4294 ι
1206 4245 1273 4298 Ει
1299 4261 1512 4300 sacrum
1543 4246 1814 4303 Nicmnum
1843 4253 2127 4309 concilium

564 4329 694 4383 dicit
723 4328 863 4401 (can.
899 4331 984 4404 15)
1017 4351 1029 4386 :
1069 4353 1086 4385 t
1119 4334 1194 4389 De
1240 4336 1344 4401 his,
1373 4337 1465 4406 qui
1519 4339 1584 4391 ad
1634 4341 1834 4395 exitum
1883 4345 2125 4411 veniunt,

562 4421 725 4475 etiam
765 4438 905 4480 nunc
935 4424 1016 4479 lex
1049 4427 1266 4496 antiqua
1299 4429 1666 4499 regularisque
1694 4435 2016 4500 servabitur,
2051 4438 2124 4491 ita

563 4517 623 4564 ut
659 4510 704 4563 si
746 4514 865 4579 quis
891 4516 1167 4584 egreditur
1193 4533 1223 4570 e
1250 4533 1492 4587 corpore,
1518 4519 1704 4576 ultimo
1733 4532 1789 4578 et
1818 4528 2125 4582 necessario

562 4601 758 4659 viatico
784 4607 1001 4662 minime
1028 4609 1285 4677 privetur.
1318 4611 1469 4677 Quod
1498 4612 1542 4669 si
1573 4613 1885 4683 desperatus
1913 4625 1969 4670 et
1994 4633 2125 4672 con-

561 4703 779 4749 secutus
817 4700 1266 4765 communionem,
1305 4702 1694 4772 oblationisque
1736 4706 2007 4775 particeps
2046 4707 2126 4760 fa-

562 4796 698 4850 ctus,
726 4787 919 4844 iterum
965 4793 1313 4859 convaluerit,
1339 4795 1410 4849 sit
1446 4795 1588 4850 inter
1624 4810 1716 4849 eos
1755 4797 1845 4865 qui
1886 4813 2126 4852 commu-

561 4875 775 4933 nionem
803 4878 1065 4934 orationis
1097 4885 1466 4938 tantummodo
1505 4894 1923 4954 consequuntur.
1954 4887 2128 4943 Gene-

563 4967 746 5023 raliter
787 4979 968 5025 autem
1008 4971 1153 5029 omni
1193 4973 1410 5028 cuilibet
1451 4973 1505 5028 in
1542 4976 1684 5029 exitu
1720 4975 1916 5044 posito,
1947 4985 2003 5030 et
2031 4992 2127 5046 po-

562 5059 732 5114 scenti
774 5061 875 5116 sibi
918 5064 1310 5118 communionis
1357 5066 1582 5134 gratiam
1629 5067 1814 5131 tribui,
1844 5067 2127 5136 episcopus

559 5150 909 5220 probabiliter
943 5167 1009 5206 ex
1052 5151 1320 5208 oblatione
1365 5153 1494 5208 dare
1537 5155 1772 5209 debebit.
1804 5175 1821 5207 ι
1858 5156 1995 5210 Ecce
2033 5172 2125 5209 au-

559 5243 706 5305 disti,
742 5243 928 5308 frater,
964 5244 1105 5313 quod
1133 5244 1274 5298 sacri
1304 5243 1506 5298 Nicami
1536 5260 1769 5306 canones
1805 5246 2126 5314 generaliter

558 5332 703 5384 omni
743 5331 960 5386 cuilibet
1001 5331 1053 5385 in
1100 5332 1247 5387 exitu
1290 5333 1487 5401 posito,
1516 5341 1570 5385 et
1611 5334 1852 5402 poscenti
1889 5348 2125 5390 commu-

560 5418 735 5472 nionis
764 5420 1013 5488 gratiam,
1037 5436 1140 5473 non
1167 5419 1440 5488 denegari,
1472 5420 1563 5474 sed
1591 5435 1686 5488 per
1710 5421 1953 5475 eamdem
1979 5436 2126 5474 cont-

560 5510 864 5564 tnunionem
895 5510 1178 5565 obeuntem
1225 5509 1424 5565 absolvi
1467 5511 1805 5580 praecipiunt.
1840 5530 1860 5563 ι
1906 5511 1971 5564 Ει
2001 5527 2127 5567 ecce

559 5597 753 5650 audisti
783 5597 1162 5653 decernentem
1187 5598 1401 5653 beatum
1427 5598 1785 5671 Gregorium:
1823 5619 1841 5650 ι
1873 5599 2125 5668 Quisquis

558 5685 848 5756 praesumit,
877 5696 968 5742 aut
991 5688 1198 5744 solvere
1222 5703 1357 5759 quos
1379 5691 1598 5760 pra-fata
1623 5689 1868 5752 concilia,
1895 5704 2124 5760 quorum

2241 3249 2362 3288 cum
2392 3235 2603 3289 ossibus
2634 3234 2762 3290 Saul
2789 3243 2844 3290 et
2869 3235 3134 3290 Jonathaa.
3167 3236 3234 3289 Et
3266 3235 3321 3289 in
3357 3235 3650 3305 Evangelia
3677 3236 3810 3303 legis

2238 3339 2377 3387 mus,
2409 3325 2534 3392 quja
2581 3335 2795 3394 petente
2831 3323 3050 3395 Joseph,
3083 3323 3291 3379 Pilatus
3313 3326 3474 3393 jussit
3511 3326 3660 3379 reddi
3701 3343 3803 3378 cor-

2235 3431 2332 3485 pus
2357 3415 2568 3469 Domini
2593 3415 2808 3486 (Matth.
2840 3431 3009 3482 xxv",
3035 3418 3145 3488 58),
3174 3433 3333 3487 quem
3357 3419 3512 3488 quasi
3543 3418 3804 3473 nefarium
3827 3421 3842 3436 ’

2236 3505 2547 3574 petentibus
2573 3506 2770 3561 Iudaeis
2803 3507 3041 3578 cruciﬁgi
3066 3507 3422 3577 adjudicavit;
3457 3508 3600 3562 unde
3619 3519 3667 3562 et
3693 3525 3803 3561 cum

2234 3597 2456 3665 iniquis,
2503 3597 2792 3650 secundum
2826 3597 3154 3666 Scripturam
3178 3638 3194 3662 ,
3237 3598 3514 3665 deputatus
3552 3607 3628 3650 est
3669 3595 3804 3666 (Isti.

2235 3701 2352 3748 un,
2390 3686 2496 3756 l2).
2528 3687 2596 3740 Et
2625 3685 2820 3751 Judaei,
2852 3701 2918 3740 ne
2950 3697 3289 3742 remanerent
3318 3687 3481 3742 etiam
3513 3685 3800 3740 scelerato-

2235 3792 2353 3829 rum
2393 3791 2618 3845 corpora
2657 3776 2709 3829 in
2753 3791 2912 3831 cruce
2958 3777 3045 3831 die
3085 3776 3290 3831 sabbati
3336 3775 3637 3838 inhumata,
3672 3774 3800 3828 obti-

2234 3875 2469 3919 nuerunt
2505 3881 2534 3918 a
2575 3864 2744 3920 Pilato
2784 3875 2841 3919 ut
2887 3865 3266 3936 frangerentur
3310 3879 3497 3918 eorum
3543 3879 3726 3927 crura,
3755 3873 3798 3916 ct

2235 3957 2549 4011 tollerentur
2590 3956 2742 4026 (Luc.
2787 3972 2910 4020 xxr,
2951 3957 3063 4027 58).
3095 3956 3164 4010 Et
3201 3955 3539 4025 antiquorum
3597 3963 3801 4023 patrum

2234 4047 2466 4116 regulae,
2504 4049 2665 4100 etiam
2714 4062 2900 4102 eorum
2959 4063 3220 4116 corpora,
3274 4047 3363 4116 qui
3417 4045 3519 4100 sibi
3569 4046 3795 4115 quolibet

2230 4140 2389 4192 modo
2427 4145 2654 4190 mortem
2684 4136 2983 4198 intulerint,
3013 4136 3096 4189 vel
3125 4135 3215 4204 qui
3245 4151 3342 4205 pro
3373 4134 3485 4189 suis
3511 4134 3796 4187 sceleribus

2231 4227 2541 4294 puniuntur,
2575 4225 2641 4279 ad
2671 4226 3018 4294 sepulturam,
3043 4225 3168 4279 licet
3194 4226 3309 4280 sine
3335 4225 3549 4295 hymnis
3573 4233 3628 4278 et
3658 4225 3793 4294 psal-

2231 4316 2351 4380 mis,
2379 4316 2571 4369 deferri
2614 4316 2947 4386 praecipiunt,
2980 4324 3034 4369 et
3067 4331 3168 4369 non
3207 4315 3479 4384 sepultura
3519 4315 3575 4367 itt
3620 4324 3794 4366 ventre

2229 4406 2420 4462 matris
2463 4407 2723 4469 omnium,
2759 4406 2809 4460 id
2848 4415 2929 4460 est
2973 4414 3150 4471 terrae,
3181 4421 3367 4461 carere
3403 4405 3569 4465 etiam
3618 4405 3794 4458 talium

2157 4505 2203 4562 Ι)
2230 4498 2489 4552 cadavera
2537 4508 2924 4567 praeceperunt.
2960 4495 3017 4552 Si
3049 4511 3170 4552 vere
3214 4499 3398 4567 utique
3422 4497 3694 4568 justitiam
3722 4496 3791 4549 lo-

2229 4585 2814 4678 qneris,justejud.ica,
2843 4588 2914 4641 ﬁli
2942 4588 3191 4651 hominis,
3219 4599 3275 4641 et
3293 4589 3412 4642 vide
3435 4587 3479 4640 si
3507 4587 3798 4642 secundum

2227 4677 2478 4746 pra'fatas
2512 4677 2720 4747 regulas
2751 4694 2812 4732 ac
2840 4679 3005 4746 leges,
3031 4678 3441 4747 metropolitana
3481 4678 3793 4731 auctoritate

2228 4767 2559 4835 pontiﬁcium
2613 4767 2889 4820 habuerim
2942 4767 3057 4822 haec
3099 4768 3404 4837 corrigere,
3448 4783 3572 4837 quae
3617 4775 3792 4822 contra.

2230 4872 2414 4923 sacras
2445 4857 2654 4928 regulas
2686 4859 3095 4929 prmsumpsisti.

2761 4970 2987 5025 CAPUT
3031 4969 3278 5024 xxxw;
3307 4941 3324 4954 ’

2231 5077 2384 5143 Qqu
2420 5079 2474 5131 in
2507 5077 2654 5130 rebus
2681 5079 2833 5132 certis
2874 5089 2918 5130 et
2961 5079 3209 5146 tle/initis,
3239 5095 3330 5132 nec
3358 5079 3591 5148 synodus
3615 5093 3789 5130 conro-

2300 5147 2486 5210 canda,
2517 5164 2606 5200 nec
2628 5149 2770 5202 sedes
2797 5149 3082 5216 apostolica
3105 5147 3438 5217 inquietanda
3465 5150 3552 5212 sit,
3577 5149 3668 5201 sed
3690 5161 3789 5214 quis

2298 5227 2490 5271 statuta
2527 5227 2646 5280 sunt
2681 5217 3023 5271 observanda.

2298 5328 2366 5381 At
2394 5328 2439 5382 si
2468 5337 2521 5382 tu
2553 5328 2604 5382 in
2636 5329 2974 5386 contumacia
3015 5337 3125 5393 tua,
3160 5336 3215 5382 et
3245 5327 3298 5382 in
3336 5336 3647 5396 contemptu
3689 5342 3788 5380 meo

2228 5436 2544 5490 permanere
2569 5419 2850 5489 delegeris,
2883 5430 2935 5475 et
2963 5435 3082 5489 qua:
3111 5421 3234 5474 hinc
3256 5434 3379 5472 vera
3409 5429 3534 5473 sunt
3561 5416 3789 5488 proﬁteri

2228 5509 2485 5573 nolueris,
2515 5509 2636 5576 quia
2675 5509 2740 5563 de
2779 5509 2943 5562 certis
2973 5518 3027 5562 et
3053 5507 3351 5562 manifestis
3379 5509 3578 5571 causis,
3607 5521 3720 5575 qua:
3747 5503 3787 5556 iu

2229 5599 2374 5652 nullo
2405 5599 2556 5652 nobis
2580 5607 2704 5652 sunt
2729 5598 2888 5651 dubia
2919 5597 3002 5651 vel
3025 5597 3276 5660 obscura,
3302 5598 3367 5652 de
3398 5598 3594 5666 quibus
3618 5593 3786 5649 diﬂ‘tni-

2231 5690 2366 5744 tivas
2391 5687 2704 5752 sententias,
2737 5701 2856 5754 (llltl‘
2885 5686 3025 5744 nulla
3068 5693 3292 5756 possunt
3322 5686 3531 5740 ratione
3557 5682 3774 5740 convelli
