3948 5376
105 347 242 406 417

888 351 1128 412 OPUSC.
1171 350 1258 409 ET
1299 348 1517 409 EPIST.
1557 349 1625 405 IN
1673 347 1903 404 CAUSA
1943 349 2274 410 llINCMARl
2313 352 2619 412 LAUDUN.

3309 364 3414 422 418

108 482 151 520 a
217 466 429 523 sanctis
460 462 713 524 Patribus
747 470 1118 541 promulgatas
1161 471 1441 534 habemus,
1479 464 1734 540 synodale
1761 468 1811 526 Α
1839 472 2050 518 clarum
2087 467 2434 522 traditionum
2473 470 2806 540 delinquitur
2830 471 3333 545 sanctiones,quam
3357 476 3412 531 in

107 557 467 622 consultum,
492 557 577 611 vel
599 559 1036 630 coepiscoporum
1065 561 1354 630 provinciae
1378 569 1574 614 nostra:
1597 574 1727 614 con-

110 649 320 704 silium
355 651 438 704 vel
471 667 816 716 consensum,
848 653 1162 708 non°debeo
1199 663 1534 722 exspectare,
1569 667 1666 706 nec
1693 665 1724 704 a

107 741 342 811 regulis
380 743 694 812 praestitutis
721 743 827 797 ulla
863 752 956 798 aut
994 745 1314 815 negligentia
1345 753 1437 797 aut
1467 758 1725 812 praesum-

105 831 321 899 ptione
348 833 648 898 discedere,
682 849 780 888 nec
808 835 972 889 etiam
1016 835 1197 889 sedem
1225 833 1575 902 apostolicam
1602 832 1725 890 inde

107 923 468 994 requirendo
524 924 857 995 inquietare,
904 927 1041 980 dicat
1097 936 1316 981 sanctus
1375 925 1722 979 Innocentius

108 1016 384 1071 scribens
398 1017 463 1069 ad
481 1016 800 1072 Macedones
822 1018 1254 1087 archiepiscopos
1270 1025 1431 1085 atque
1444 1016 1724 1085 episcopos

107 1109 254 1164 inde
272 1109 401 1179 quid
427 1095 627 1163 sentiat
654 1110 823 1181 (epist.
842 1110 969 1174 27);
998 1131 1014 1160 ι
1039 1111 1170 1164 Cum
1197 1108 1723 1179 tradidissetepisto—

108 1188 381 1270 lasfquin
403 1199 594 1256 Vitalis
615 1190 1051 1264 archidiaconus,
1072 1210 1372 1256 vestrarum
1390 1201 1622 1270 portitor
1639 1200 1725 1257 lit-

111 1300 374 1347 terarum
404 1309 499 1347 eas
526 1294 752 1362 prmeepi
778 1294 919 1346 illico
943 1294 1214 1348 recenseri
1236 1311 1247 1345 :
1268 1293 1318 1346 in
1339 1293 1536 1361 quibus
1559 1293 1722 1346 multa

108 1383 304 1454 posita
338 1400 460 1440 esse
484 1386 714 1456 pervidi,
748 1401 868 1455 quae
906 1394 1182 1454 stuporem
1221 1385 1492 1438 mentibus
1523 1384 1721 1438 nostris

109 1474 473 1540 inducerent,
507 1475 860 1546 facerentque
891 1492 987 1530 nos
1015 1493 1120 1530 non
1155 1478 1421 1530 modicmn
1451 1475 1717 1540 dubitare,

106 1574 310 1619 utrum
343 1567 504 1621 aliter
549 1577 884 1638 putaremus,
939 1585 1006 1623 an
1057 1571 1127 1622 ita
1174 1567 1261 1623 illa
1316 1578 1496 1622 essent
1548 1568 1719 1637 posita

107 1657 587 1722 quemadmodum
620 1658 1001 1726 personabant.
1057 1659 1186 1726 Qua:
1241 1674 1361 1712 cum
1403 1659 1598 1727 smpius
1635 1673 1719 1712 re-

105 1747 231 1813 peti
293 1746 580 1810 fecissem,
627 1748 833 1802 adverti
889 1748 1000 1803 sedi
1056 1748 1396 1817 apostolicaa,
1448 1749 1513 1802 ad
1555 1763 1716 1818 quam

1835 553 2088 622 injuriam
2129 557 2296 626 ipsius
2335 558 2547 614 Domini
2602 561 2898 631 prosilitur.
2939 583 2955 612 ι
2997 564 3063 618 Ει
3116 563 3409 620 Gelasius:

1840 661 1857 696 ι
1897 645 2043 700 Satis
2067 647 2342 718 indignum
2377 660 2458 704 est
2487 667 2812 722 quemquam
2843 655 2925 708 vel
2952 657 3298 723 pontiﬁcum,
3328 657 3411 713 vel

1830 738 2080 791 ordinum
2111 739 2573 809 subsequentium,
2619 745 2759 798 hanc
2808 745 3210 802 observantiam
3257 747 3406 803 refu-

1834 837 1981 893 tare,
2037 846 2198 900 quam
2248 831 2390 886 beati
2437 832 2583 888 Petri
2623 837 2804 891 sedem
2840 846 2894 893 et
2938 840 3090 908 sequi
3130 841 3308 895 videat
3359 851 3415 897 et

1831 920 2047 984 docere,
2093 923 2332 991 satisque
2381 927 2710 980 conveniens
2751 927 2841 992 sit,
2875 941 2933 982 ut
2989 936 3161 984 totum
3215 947 3412 1000 corpus

1830 1012 2084 1070 Ecclesiae
2134 1016 2185 1069 in
2244 1016 2344 1070 hac
2387 1017 2603 1072 sibimet
2644 1020 3024 1074 observatione
3076 1025 3407 1086 concordet,

1830 1119 1988 1172 quam
2039 1105 2145 1160 illic
2177 1106 2358 1176 vigere
2385 1109 2712 1177 conspiciat,
2739 1112 2827 1164 ubi
2863 1109 3122 1167 Dominus
3151 1114 3410 1169 Ecclesia:

1830 1197 1998 1249 totius
2038 1197 2217 1266 posuit
2248 1199 2630 1268 principatum.
2690 1220 2706 1249 ι
2742 1201 2808 1255 Ει
2853 1201 2981 1256 item
3024 1205 3089 1257 ad
3131 1206 3410 1260 universos

1828 1286 2110 1355 cpi‘sc0p0s
2123 1302 2218 1354 per
2236 1284 2560 1342 Dardaniam
2579 1291 2932 1347 constitutos:
2965 1310 2984 1343 ι
3008 1294 3219 1359 Patres,
3237 1297 3410 1366 inquit

1829 1376 2002 1447 (epist.
2038 1379 2120 1440 ll,
2152 1379 2203 1432 in
2235 1380 2514 1451 princip.),
2539 1384 2733 1447 nostri,
2762 1386 3012 1441 catholici
3037 1389 3286 1444 videlicet
3309 1391 3406 1444 do-

1827 1469 2005 1538 ctique
2024 1472 2328 1538 pontiﬁces,
2351 1473 2403 1526 in
2444 1490 2765 1544 unaquaque
2790 1477 2978 1532 hmresi
3011 1480 3250 1548 quolibet
3279 1490 3409 1535 tem-

1826 1576 1956 1632 pore
1985 1563 2268 1629 suscitata,
2298 1566 2558 1636 quidquid
2583 1583 2680 1636 pro
2715 1568 2838 1633 ﬁde,
2863 1583 2961 1638 pro
2998 1573 3257 1634 veritate,
3297 1588 3396 1643 pro

1825 1657 2202 1711 communione
2241 1658 2510 1712 catholica
2563 1668 2725 1729 atque
2757 1659 3076 1730 apostolica,
3109 1665 3404 1720 secundum

1809 1735 2233 1812 'Scripturarum
2273 1748 2580 1814 tramitem,
2630 1750 3178 1824 prmdicationemque
3232 1754 3404 1824 majo-

110 1837 324 1891 relatio
347 1839 500 1907 quasi
538 1838 605 1892 ad
645 1848 808 1908 caput
849 1839 1204 1893 ecclesiarum
1246 1838 1409 1893 missa
1437 1840 1713 1903 currebat,
1747 1815 1795 1874 Β
1821 1850 1965 1899 rum,
2002 1834 2142 1890 facta
2175 1838 2340 1892 semel
2371 1837 2792 1910 Cougregatione
2843 1853 3174 1908 sanxerunt,
3218 1845 3406 1898 incon-

103 1924 242 1979 ﬁeri
276 1923 552 1994 injuriam,
583 1925 736 1994 cujus
765 1929 941 1981 adlmc
991 1928 1041 1981 in
1088 1927 1399 1996 ambiguum
1447 1929 1715 1983 sententia

106 2020 440 2074 duceretur.
473 2018 625 2077 Unde
651 2022 718 2076 de
740 2021 936 2092 quibus
956 2023 1067 2091 jam
1093 2022 1294 2076 dudum
1318 2022 1602 2090 scripsisse
1628 2038 1715 2077 me

106 2111 374 2176 memini,
402 2127 545 2168 nunc
570 2113 770 2188 iterare
801 2113 1030 2168 formam
1055 2112 1390 2185 argumentis
1418 2115 1720 2172 evidentio-

101 2201 281 2257 ribus
296 2201 575 2259 relationis
596 2213 791 2260 vestra:
808 2208 1180 2274 percunctatio
1196 2208 1466 2278 geminata
1484 2207 1714 2278 compel-

101 2292 197 2345 lit.
227 2313 248 2345 ι
271 2293 340 2347 Et
369 2294 434 2348 ad
452 2292 686 2349 Felicem
704 2295 1030 2370 'episcopum
1054 2291 1416 2352 Nucerianum
1433 2296 1605 2368 (epist.
1622 2296 1710 2367 5):

107 2401 127 2432 ι
191 2380 519 2451 Stupuimus
540 2383 860 2452 prudentem
900 2386 1074 2438 virum
1102 2385 1168 2440 de
1201 2385 1286 2440 his
1308 2387 1546 2440 voluisse
1584 2402 1713 2441 con-

101 2475 327 2540 sulere,
363 2491 481 2545 qua:
508 2477 761 2532 omnibus
787 2487 914 2532 sunt
940 2487 1090 2533 certa
1120 2479 1329 2534 ratione
1355 2490 1653 2550 comperta.
1688 2499 1706 2530 ι

99 2564 178 2618 Et
209 2572 440 2618 sanctus
468 2565 721 2621 Zozimus
746 2568 918 2638 (epist.
963 2567 1250 2638 Hesychia)
1278 2587 1291 2623 :
1330 2590 1348 2620 ι
1390 2569 1540 2626 Sciet
1564 2570 1712 2641 quis-

98 2655 238 2723 quis
276 2655 381 2709 hoc
413 2658 709 2726 postposita
746 2655 968 2712 Patrum
999 2668 1053 2712 et
1100 2659 1412 2727 apostolica:
1442 2660 1586 2714 sedis
1615 2677 1712 2714 au-

93 2746 378 2802 ctoritate
403 2748 724 2819 neglexerit,
743 2765 770 2802 a
796 2749 952 2804 nobis
982 2750 1282 2805 districtius
1304 2751 1706 2817 vindicandum,

90 2839 303 2892 utloci
331 2840 412 2893 sui
446 2832 917 2896 minime'dubitet
953 2841 1055 2895 sibi
1105 2856 1210 2895 non
1253 2850 1500 2896 constare
1546 2841 1711 2896 ratio-

89 2942 274 2991 nem,
326 2929 371 2982 si
403 2930 504 2984 hoc
535 2939 689 2998 putat
741 2939 861 3000 post
914 2939 992 2984 tot
1047 2931 1442 3000 prohibitiones
1494 2931 1710 3001 impune

89 3034 276 3090 posse
303 3021 527 3075 tentari.
555 3020 909 3076 Contumelim
955 3022 1100 3077 enim
1149 3008 1327 3077 studio
1359 3018 1416 3076 ﬁt
1447 3024 1709 3094 quidquid

88 3111 469 3165 interdictum
499 3114 658 3168 toties
700 3123 1010 3182 usurpatur.
1049 3134 1064 3164 ι
1099 3115 1164 3167 Et
1211 3124 1436 3169 sanctus
1461 3113 1708 3169 Caelesti-

1817 1928 2030 1982 vulsum
2060 1928 2345 1984 voluerunt
2367 1931 2620 2002 deinceps
2658 1932 2983 2002 ﬁrmumque
3004 1946 3272 1995 constare.
3307 1951 3407 1989 nec

1819 2016 1872 2072 in
1903 2019 2092 2072 eadem
2136 2034 2300 2073 causa
2331 2019 2508 2074 denuo
2536 2037 2656 2091 qua:
2687 2023 2908 2090 prmﬁxa
2965 2025 3180 2078 fuerant
3231 2035 3406 2080 retra-

1817 2109 1953 2164 ctari
2001 2109 2241 2178 qualibet
2287 2112 2490 2166 recenti
2531 2114 2956 2182 praesumptione
2995 2116 3403 2184 permiserunt:

1801 2200 2214 2272 sapientissime
2243 2203 2587 2271 pervidentes
2612 2245 2628 2269 ,
2681 2206 2940 2273 quoniam
2974 2207 3016 2259 si
3050 2207 3269 2260 decreta
3316 2223 3403 2261 sa-

1814 2291 2044 2346 lubriter
2089 2293 2342 2362 cuiquam
2373 2295 2560 2349 liceret
2590 2296 2810 2360 iterare,
2846 2296 3050 2350 nullum
3073 2306 3262 2352 contra
3294 2299 3406 2352 sin-

1814 2381 1970 2452 gulos
2012 2397 2255 2451 quosque
2304 2398 2528 2452 prorsus
2574 2399 2792 2440 errores
2845 2383 3037 2440 stabile
3087 2385 3408 2456 persisterct

1815 2471 2070 2526 Ecclesia:
2097 2473 2480 2537 constitutum,
2507 2489 2570 2528 ac
2611 2487 2828 2544 semper
2876 2475 3081 2529 eisdem
3127 2473 3405 2529 furoribus

1815 2563 2066 2618 redivivis
2120 2564 2300 2618 omnis
2338 2564 2544 2635 integra
2593 2563 2837 2620 diﬁinitio
2888 2567 3218 2621 turbaretur.
3265 2566 3400 2620 Nam

1813 2652 1858 2707 si
1884 2652 2144 2706 limitibus
2167 2653 2332 2708 etiam
2365 2653 2602 2723 prmﬁxis
2625 2655 2925 2725 positarum
2963 2656 3131 2710 semel
3171 2657 3404 2724 synoda-

1813 2741 1942 2796 lium
1973 2741 2305 2811 regularum,
2331 2756 2441 2794 non
2473 2752 2690 2796 cessant
2715 2743 2863 2799 elisa:
2891 2753 3073 2813 pestes
3107 2745 3403 2812 resumptis

1814 2833 2204 2888 certaminibus
2250 2842 2441 2888 contra
2498 2833 2913 2890 fundamentum
2975 2851 3094 2891 sese
3155 2836 3404 2890 veritatis

1813 2923 2080 2988 attollere,
2121 2933 2178 2978 et
2213 2923 2479 2993 simplicia
2509 2940 2736 2995 quaeque
2759 2927 2920 2981 corda
2945 2935 3247 2996 percutere,
3275 2926 3406 2995 quid

1815 3014 1967 3069 ﬁeret
1998 3014 2045 3068 si
2084 3014 2315 3069 subinde
2359 3013 2443 3070 fas
2481 3024 2627 3070 esset
2656 3016 2880 3086 perﬁdis
2915 3018 3053 3072 inire
3085 3016 3402 3081 concilium,

1813 3121 1933 3161 cum
1963 3106 2260 3176 quamlibet
2299 3106 2388 3160 illa
2435 3107 2720 3163 manifesta
2749 3110 2820 3166 sit
2846 3110 3072 3180 veritas,
3126 3127 3404 3180 nunquam

86 3216 208 3254 nus
231 3201 384 3269 quod
409 3211 462 3256 et
487 3211 541 3256 tu
567 3203 618 3256 in
648 3202 754 3256 tuis
783 3202 1214 3267 collectionibus,
1234 3211 1292 3257 ut
1319 3205 1700 3273 prtemisimus,
1736 3170 1780 3234 Ο
1811 3201 1950 3255 desit
1976 3200 2116 3268 quod
2140 3200 2445 3268 perniciosa
2474 3200 2755 3270 depromat
2785 3201 3093 3266 falsitas,’et
3124 3202 3169 3257 si
3196 3203 3406 3256 ratione

83 3292 347 3362 posuisti
384 3292 664 3363 (epist.ll,
687 3295 939 3363 episwpis
967 3295 1123 3363 Apul.
1155 3304 1201 3346 et
1227 3293 1434 3362 Calab.)
1470 3311 1484 3348 :
1513 3313 1530 3343 ‹
1564 3291 1701 3348 Nulli

81 3383 461 3436 sacerdotum
498 3400 624 3438 suos
650 3383 815 3438 liccat
852 3400 1086 3438 canones
1117 3385 1391 3454 ignorare,
1425 3400 1526 3438 nec
1551 3385 1705 3454 quid-

79 3487 277 3541 quam
334 3469 512 3526 facere
550 3473 694 3542 quod
737 3471 961 3526 Patrum
1003 3475 1171 3542 possit
1212 3474 1410 3544 regulis
1461 3473 1700 3530 obviare.

81 3562 240 3629 Quae
268 3563 418 3616 enim
450 3580 480 3617 a
507 3566 662 3619 nobis
686 3581 774 3620 res
811 3564 968 3634 digna
999 3566 1326 3629 servabitur,
1366 3567 1409 3619 si
1463 3566 1705 3619 decreta-

81 3656 237 3709 lium
297 3671 489 3709 norma
537 3657 992 3719 constitutorum,
1038 3673 1138 3725 pro
1173 3656 1479 3724 aliquorum
1528 3656 1701 3722 lihilu,

83 3747 336 3801 licentia
389 3747 601 3814 populis
633 3747 898 3814 permissa
931 3746 1252 3814 frangatur?
1302 3767 1319 3797 ι
1358 3747 1423 3800 Ει
1452 3757 1571 3814 post
1601 3746 1704 3800 ali-

81 3843 321 3907 quanta
352 3849 365 3884 :
404 3851 421 3883 ‹
455 3833 585 3900 Quae
611 3835 755 3889 enim
793 3836 908 3888 sola
950 3836 1334 3889 admonitionis
1381 3836 1706 3890 auctoritate

83 3945 213 3984 non
249 3925 604 3996 corrigimus,
653 3941 872 3980 necesse
913 3935 999 3980 est
1036 3939 1133 3996 per
1186 3925 1533 3980 severitatem
1583 3942 1708 3981 con-

88 4025 404 4093 gruentem
449 4017 652 4087 regulis
698 4017 1054 4071 viudicemus.
1103 4037 1120 4068 ›
1158 4017 1222 4070 Et
1271 4016 1379 4071 Leo
1418 4017 1604 4086 (epist.
1632 4017 1655 4071 l
1686 4059 1700 4082 ,

87 4110 409 4182 episcOpis),
434 4111 575 4179 quod
614 4110 813 4164 iterare
844 4124 949 4162 non
974 4109 1149 4179 piget:
1185 4128 1202 4160 ι
1238 4107 1431 4163 Omnia
1460 4107 1706 4163 decreta-

87 4203 171 4258 lia
198 4201 522 4264 constituta,
569 4211 676 4255 tam
724 4201 893 4255 beatm
942 4200 1336 4255 recordationis
1381 4198 1700 4264 Innocentii,

89 4307 275 4364 quam
307 4293 547 4346 omnium
599 4294 948 4347 decessurum
981 4301 1316 4355 nostrorum,
1349 4307 1469 4362 qua:
1517 4291 1583 4346 de
1612 4306 1704 4346 ec-

91 4382 435 4439 clesiasticis
466 4383 752 4453 ordinibus
781 4391 834 4437 et
876 4397 1144 4436 canonum
1184 4383 1527 4453 promulgata
1581 4391 1704 4436 sunt

90 4471 434 4541 disciplinis,
467 4474 536 4527 ita
556 4451 608 4528 ἐι
651 4482 830 4528 vestra
861 4473 1153 4528 dilectione
1185 4451 1464 4528 custodiri
1504 4475 1702 4530 debere

87 4563 455 4629 mandamus,
486 4578 545 4620 ut
595 4567 638 4620 si
668 4566 790 4636 quis
830 4566 882 4618 in
933 4565 1020 4618 illa
1060 4566 1396 4620 commiserit
1422 4607 1434 4626 ,
1490 4568 1699 4621 veniam

87 4654 202 4709 sibi
234 4654 496 4724 deinceps
534 4658 746 4711 noverit
779 4655 1058 4724 denegari.
1099 4675 1115 4706 ι
1150 4657 1214 4708 Et
1241 4656 1391 4708 “hem
1421 4656 1560 4710 idem
1596 4657 1702 4712 Leo

88 4743 163 4797 ad
200 4742 451 4798 Leonem
479 4745 776 4816 Augustum
807 4762 819 4797 :
858 4762 876 4794 ι
917 4743 1046 4809 Quae
1095 4742 1366 4812 patefacta
1409 4753 1535 4797 sunt
1559 4761 1704 4814 qua:-

89 4850 250 4897 rere,
275 4845 334 4889 et
367 4849 484 4904 qua:
522 4833 762 4908 perfecta
794 4845 920 4890 sunt
968 4843 1302 4898 retraclarc,
1349 4846 1402 4890 et
1431 4853 1551 4906 qua:
1577 4846 1704 4892 Sunt

89 4921 343 4978 diﬂinita
377 4927 702 4989 convellere,
733 4925 860 4994 quid
889 4924 1032 4978 aliud
1074 4934 1182 4988 est,
1211 4941 1373 4993 quam
1401 4927 1465 4980 de
1494 4927 1703 4996 adeptis

90 5013 351 5083 gratiam
403 5030 502 5069 non
537 5015 765 5079 referre,
797 5023 853 5068 et
901 5015 970 5068 ad
1011 5015 1308 5069 interdicttr
1367 5017 1581 5071 arboris
1626 5017 1703 5070 ei-

91 5105 235 5159 bnm
293 5106 564 5176 improbos
601 5108 872 5178 appetitus
919 5106 1218 5161 mortiferae
1262 5110 1575 5178 cupiditatis
1617 5123 1706 5162 ex-

97 5199 378 5254 tendere?
417 5218 434 5248 ι
484 5200 707 5254 Etitem
759 5199 899 5252 idem
936 5207 1160 5253 sanctus
1203 5198 1312 5252 Leo
1334 5201 1402 5254 ad
1452 5201 1703 5255 eumdem

95 5286 120 5300 α
387 5285 403 5302 Δ
558 5299 570 5304 -
721 5287 754 5304 1⁸
794 5287 828 5304 ⁸.
871 5287 913 5305 l,
960 5288 972 5300 ο
1007 5297 1018 5306 .
1073 5286 1160 5306 Ωιι
1292 5289 1414 5308 Λ-‹⁶κ
1470 5289 1511 5308 Ι-
1546 5289 1704 5310 ..-1---α

1733 4515 1781 4574 D

1807 3291 1892 3346 vel
1923 3291 2250 3346 auctoritate
2276 3290 2554 3357 deﬁciens,
2578 3294 2692 3347 sola
2717 3303 2894 3348 tamen
2919 3297 3266 3350 contentione
3297 3306 3406 3350 non

1807 3382 2039 3436 cedens?
2057 3382 2188 3448 Quae
2217 3383 2450 3452 majores
2489 3385 2660 3438 nostri
2691 3385 2871 3440 divina
2903 3388 3255 3457 inspiratione
3282 3401 3405 3444 cer-

1806 3481 2018 3536 nentes,
2037 3474 2342 3528 necessarie
2358 3485 2754 3543 przecaverunt,
2771 3485 2828 3528 ut
2845 3485 3032 3532 contra
3053 3493 3155 3530 una
3165 3493 3407 3547 mquam-

1805 3579 1910 3634 que
1939 3565 2186 3646 haeresim
2217 3566 2359 3634 quod
2383 3574 2503 3619 acta
2527 3566 2693 3620 scmcl
2725 3567 2963 3637 synodus
2989 3583 3089 3637 pro
3112 3568 3404 3632 ﬁde,com-

1811 3657 2090 3720 munione,
2124 3664 2178 3711 et
2202 3653 2435 3709 veritate
2459 3656 2723 3710 catholica
2752 3666 2915 3725 atque
2955 3657 3248 3726 apostolica
3278 3673 3404 3727 pro-

1807 3743 2118 3812 mulgasset,
2167 3760 2272 3797 non
2305 3744 2549 3798 sinerent
2577 3745 2730 3799 novis
2758 3755 2880 3814 post
2921 3747 3034 3801 haec
3063 3747 3407 3802 retractatio-

1808 3832 1966 3888 nibus
2000 3833 2237 3888 mutilari
2263 3875 2276 3897 ,
2308 3849 2374 3887 ne
2421 3833 2604 3903 pravis
2637 3835 2851 3890 occasio
2897 3837 3236 3906 prreheretur
3283 3853 3406 3906 quas

1808 3924 2204 3980 medicinaliter
2236 3924 2436 3980 fuerint
2478 3933 2678 3980 statuta
2708 3926 2957 3998 pulsandi
3003 3945 3016 3980 :
3051 3927 3145 3982 sed
3183 3939 3406 3984 auctore

1806 4014 2096 4084 cujuslibet
2127 4015 2352 4070 insaniae
2382 4029 2447 4070 ac
2488 4015 2695 4085 pariter
2719 4030 2906 4072 errore
2931 4017 3204 4080 damnato,
3252 4016 3400 4071 suill-

1773 4107 2286 4177 cercjudicarunt,
2326 4115 2385 4161 ut
2409 4106 2640 4177 quisque
2669 4107 2961 4178 aliquando
3005 4105 3167 4175 hujus
3201 4107 3406 4164 erroris

1800 4189 2233 4274 ('communicator
2257 4199 2540 4263 existeret,
2574 4199 2859 4270 principali
2887 4198 3405 4254 sententia'damna-

1806 4291 1968 4346 tionis
2010 4291 2126 4359 ejus
2153 4299 2299 4346 esset
2323 4290 2637 4354 obstrictus,
2663 4290 2920 4360 quoniam
2950 4288 3240 4345 manifeste
3277 4288 3404 4360 qui-

1804 4381 1956 4447 libet,
1999 4382 2080 4437 vel
2123 4381 2460 4451 professione
2517 4395 2636 4446 sua,
2670 4381 2753 4435 vel
2785 4382 3167 4437 communione
3219 4390 3407 4451 posset

1808 4474 2050 4544 agnosci.
2095 4493 2112 4525 ι
2150 4473 2219 4526 Ει
2265 4474 2308 4527 si
2344 4473 2579 4527 volueris
2629 4474 2731 4528 hoc
2777 4481 2986 4528 tantum
3014 4474 3082 4529 de
3128 4475 3406 4530 suscitatis

1813 4562 2108 4618 hcercsibus
2144 4561 2463 4631 intelligere,
2489 4562 2696 4632 pariter
2734 4577 2950 4632 quoque
2989 4563 3133 4633 quod
3164 4564 3294 4618 dicit
3323 4565 3405 4619 in-

1814 4655 1995 4723 tellige
2027 4673 2038 4708 :
2074 4674 2092 4705 ‹
2143 4653 2379 4708 Auctore
2405 4695 2419 4719 ,
2456 4655 2726 4724 inquiens,
2775 4653 3062 4723 cujuslibet
3092 4657 3312 4712 insania
3340 4671 3406 4712 ac

1811 4746 2017 4816 pariter
2063 4759 2249 4800 errore
2298 4746 2594 4811 damnato,
2648 4743 2890 4800 sufficere
2933 4746 3288 4816 judicarunt,
3345 4754 3406 4800 ut

1811 4840 2043 4908 quisque
2069 4836 2362 4904 aliquando
2401 4837 2562 4905 hujus
2589 4837 2798 4892 erroris
2824 4838 3251 4892 communicator
3292 4835 3405 4890 exi-

1811 4936 1996 4989 steret,
2037 4925 2320 4997 principali
2367 4929 2633 4984 sententia
2688 4927 3051 4982 damnationis
3093 4925 3211 4993 ejus
3261 4933 3406 4980 esset

1807 5017 2124 5074 obstrictus.
2169 5039 2186 5068 ι
2220 5018 2349 5084 Quae
2389 5023 2534 5076 enim
2577 5020 2750 5090 major
2785 5030 2961 5090 pozest
2992 5033 3112 5074 esse
3155 5017 3404 5079 vesania,

1807 5111 1890 5164 vel
1913 5112 2035 5180 quis
2061 5111 2297 5164 deterior
2315 5126 2489 5178 error,
2511 5123 2603 5167 aut
2624 5113 2841 5182 gravius
2865 5121 3058 5166 contra
3083 5105 3406 5161 catholicam

1811 5199 2112 5253 Ecclesiam
2139 5199 2394 5266 schisma,
2426 5220 2590 5276 quam
2623 5208 2932 5255 sanctorum
2972 5194 3324 5256 conciliorum
3354 5201 3410 5248 et

1815 5291 2121 5312 ----a-l!-....
2165 5289 2304 5312 ..Αλξκ
2349 5293 2362 5312 1
2501 5306 2512 5312 -
2601 5309 2608 5311 Α
2633 5301 2935 5312 -Α».α---...ι....
3000 5298 3045 5312 -ι
3083 5287 3229 5312 ιη’-’Λα
3275 5299 3406 5312 nonna-
