3990 6300
558 344 678 436 tta

1533 370 1870 428 HINCMARI
1906 368 2305 425 RllEMENSlS
2342 367 2865 425 ARClllEPlSCOPl

3727 365 3823 422 ιεο

553 498 607 543 et
634 489 952 562 petentibus
974 486 1372 544 communionis
1391 485 1619 557 gratiam
1636 485 1915 556 denegari,
1934 484 2157 539 mortuis
2185 491 2232 550 Α
2262 483 2345 539 lus
2372 484 2597 556 ambigit
2621 483 2982 549 Christianus,
3011 500 3203 539 omnes
3257 485 3568 555 eomplices,
3600 497 3823 544 sectato-

558 580 861 651 sepultura:
884 577 1275 633 humanitatem
1300 591 1406 630 non
1439 575 1636 629 tribui?
1669 595 1687 627 ι
1710 574 1976 644 Quidquid
2006 590 2157 644 ergo,

571 672 746 741 inquit
784 669 1051 732 Gclasius,
1080 683 1180 738 pro
1210 666 1336 732 fide,
1374 666 1789 731 communione,
1828 674 1883 721 et
1932 666 2161 720 veritate

559 762 835 817 catholica
863 769 1026 830 atque
1070 758 1366 830 apostolica
1402 758 1635 828 majores
1660 758 1828 814 nostri
1856 758 2162 829 promulga—

569 859 786 916 verunt,
826 866 933 906 non
963 850 1209 905 siverunt
1231 849 1386 904 novis
1424 850 1663 920 posthaec
1687 849 2162 903 retractationibus

578 938 839 1004 mutiiari,
871 954 939 993 ne
970 939 1153 1010 pravis
1171 938 1389 993 occasio
1418 940 1752 1009 praeberetur
1791 953 1911 1008 qua:
1939 937 2164 991 medici-

578 1031 775 1086 naliter
823 1041 1023 1087 statuta
1075 1030 1295 1087 fuerunt
1346 1030 1590 1103 pulsandi
1640 1049 1651 1083 :
1699 1031 1792 1084 sed
1838 1028 2164 1099 generaliter

579 1134 800 1180 auctore
823 1122 1113 1195 cujuslibet
1137 1123 1358 1178 insania:
1382 1138 1443 1177 ac
1466 1123 1869 1195 paritererrqre
1885 1121 2159 1184 damnato,

578 1215 824 1276 sufﬁcere
842 1185 1181 1289 iudicarunt,
1214 1224 1273 1269 ut
1294 1185 1524 1286 quisque
1553 1185 1842 1284 aliquando
1889 1211 2049 1281 hujus
2078 1227 2165 1266 er-

575 1309 718 1367 roris
744 1308 1179 1363 eommunicator
1226 1308 1509 1372 existeret,
1556 1305 1839 1376 principali
1895 1303 2164 1359 sententia

574 1400 941 1457 damnationis
962 1398 1077 1467 ejus
1096 1405 1243 1453 esset
1264 1397 1579 1462 obstrictus,
1597 1396 1853 1466 quoniam
1872 1393 2164 1447 manifeste

574 1491 802 1562 quilibet
826 1490 909 1544 vel
942 1489 1276 1560 professione
1306 1504 1427 1553 sua,
1460 1488 1540 1541 vel
1566 1487 1947 1541 communione
1984 1492 2165 1554 posset

488 1618 495 1623 —
576 1582 818 1654 agnosci.
856 1601 875 1633 ι
909 1581 972 1634 Et
1000 1580 1127 1634 item
1160 1580 1301 1633 idem
1331 1577 1578 1633 Gel-asins
1617 1578 1749 1633 dicit
1776 1578 1851 1648 (in
1881 1575 2165 1630 commoui-

575 1674 775 1743 torio):
810 1693 827 1723 ‹
856 1671 1231 1736 Decessorem,
1267 1671 1533 1740 inquiens,
1567 1685 1744 1724 meum
1788 1677 2165 1723 exsecutorem

576 1766 746 1823 fuisse
792 1766 991 1821 veteris
1048 1765 1352 1827 constituti,
1408 1780 1511 1819 non
1564 1779 1716 1817 nova:
1765 1762 2166 1817 constitutionis

2263 591 2372 638 res,
2401 576 3183 631 communicatorcs‘damnatae
3212 578 3376 632 semel
3407 580 3695 648 pravitatis
3718 587 3823 651 pari

2263 675 2409 719 sorte
2437 675 2749 720 censentur.
2773 687 2791 718 ι
2826 666 2890 720 Et
2918 668 3044 720 item
3071 685 3084 720 :
3120 687 3137 718 ‹
3163 668 3456 733 lnauditos,
3484 671 3824 739 indiscussos,

2263 755 2600 811 inconvictos
2630 772 2735 810 non
2770 757 2964 812 debere
2993 758 3230 827 percelli,
3261 760 3496 815 maxime
3520 776 3645 816 eum
3691 779 3830 818 novae

2264 864 2441 902 causa:
2470 857 2525 902 et
2551 864 2687 902 nova
2739 866 2922 904 rerum
2969 850 3133 907 facies
3163 862 3469 923 appareret,
3496 865 3559 911 ut
3606 867 3830 914 rectores

2264 937 2353 992 isti
2384 936 2617 1007 plebium
2662 938 2957 1008 repentinis
2985 940 3400 1008 incursionibus,
3431 959 3531 1015 pro
3561 947 3831 1001 mundana:

2262 1028 2516 1100 potentiae
2544 1027 2833 1094 voluntate,
2878 1031 3050 1085 sacris
3076 1030 3426 1100 dignitatibus
3477 1035 3830 1103 privarentur,

2265 1132 2331 1171 ex
2362 1117 2505 1171 nulla
2550 1118 2718 1173 veteri
2747 1134 2933 1185 causa,
2965 1137 3029 1175 ex
3060 1122 3205 1175 nullo
3233 1122 3455 1196 collegio
3483 1136 3697 1195 reatus,
3750 1146 3835 1186 nec

2264 1208 2678 1297 participatione
2722 1207 3008 1276 cujuslibet
3053 1212 3255 1267 erroris
3286 1211 3398 1281 jam
3426 1221 3559 1270 ante
3588 1216 3835 1285 damnati,

2270 1297 2439 1352 teneri
2476 1313 2571 1352 eos
2618 1299 2975 1369 convincique
3022 1312 3323 1367 consortes,
3371 1314 3426 1358 ut
3481 1315 3745 1375 tanquam
3780 1325 3838 1365 ex

2266 1396 2537 1466 praeterita
2566 1394 2884 1452 dilIinitione
2914 1396 3287 1465 judicareutur
3310 1401 3580 1455 obstricti.
3620 1421 3640 1454 ι
3670 1400 3777 1457 Sed
3796 1414 3842 1458 et

2266 1487 2409 1541 beati
2465 1485 2711 1556 Gregorii
2777 1489 3040 1559 condigna
3098 1490 3333 1544 iuvcctio
3389 1493 3457 1545 ad
3520 1492 3839 1548 Vitalianum

2267 1578 2575 1648 episcopum
2595 1577 2935 1647 Sipontinum
2954 1579 3271 1633 memoriam
3295 1597 3468 1635 meam
3487 1599 3597 1637 non
3623 1584 3838 1648 transiit,

2267 1670 2482 1739 quando
2538 1677 2684 1722 tuam
2739 1668 3126 1739 alligationem,
3168 1671 3410 1739 quinimo
3463 1674 3841 1728 exsecrabilem

2272 1759 2701 1815 maledictiouem
2731 1759 2972 1825 dissolvi,
3015 1761 3285 1830 qua'idem
3318 1761 3510 1816 beatus
3536 1763 3705 1817 homo
3730 1765 3842 1819 dicit

580 1868 860 1914 auctorem
887 1875 900 1910 :
931 1857 1074 1928 quod
1100 1871 1204 1910 non
1231 1856 1403 1911 solum
1428 1854 1641 1926 praesuli
1668 1854 1962 1923 apostolico
1987 1854 2167 1907 facere
2198 1849 2242 1909 Β
2272 1850 2385 1924 (lib.
2426 1867 2539 1912 vttt,
2569 1851 2719 1919 epist.
2747 1849 2801 1918 9)
2832 1868 2844 1903 :
2884 1870 2902 1901 ι
2941 1849 2994 1905 Si
3023 1860 3204 1906 custos
3233 1851 3465 1922 religiosi
3500 1852 3745 1916 habitus,
3764 1867 3843 1910 aut

578 1950 725 2015 licet,
749 1949 842 2004 sed
872 1951 1176 2017 cuicunque
1205 1946 1468 2017 pontifici.
1494 1967 1512 1998 ι
1535 1946 1669 2014 Quia
1700 1962 1827 2002 vero
1850 1962 1956 2001 non
1982 1954 2167 2000 vetera

576 2041 873 2099 constituta
902 2040 1182 2094 retractari
1206 2039 1289 2094 vel
1312 2038 1570 2106 refragari
1599 2037 1778 2102 liceat,
1802 2037 1895 2092 sed
1923 2038 1989 2092 de
2014 2037 2168 2092 novis

578 2132 987 2204 emergentibus
1012 2132 1172 2186 rebus
1200 2146 1352 2184 nova:
1377 2129 1795 2184 constitutiones
1824 2128 2023 2199 requiri
2069 2127 2169 2183 de-

576 2224 762 2287 beant,
788 2238 907 2292 qua:
931 2232 1108 2277 tamen
1131 2219 1456 2293 evangelicae
1481 2220 1693 2275 veritati
1739 2235 1843 2274 non
1868 2219 2169 2275 habeantur

579 2314 877 2379 contraria,
924 2328 1024 2366 nec
1051 2312 1287 2367 decretis
1337 2297 1648 2366 sanctorum
1705 2309 1977 2375 adversa;
2026 2310 2168 2364 idem

579 2417 801 2467 sanctus
827 2404 1075 2460 Gelasius
1102 2404 1156 2457 in
1189 2403 1422 2458 decretis
1459 2402 1592 2468 suis,
1616 2401 1700 2456 his
1722 2401 2052 2456 enumeratis
2076 2400 2168 2470 qui

581 2496 905 2561 dillinitione
936 2497 1233 2552 constituta
1265 2494 1466 2549 viritim
1488 2503 1542 2547 et
1573 2509 1669 2564 per
1689 2494 1900 2548 diversa
1928 2502 2170 2563 tempora

584 2587 735 2644 fuere
760 2587 1026 2652 damnati,
1049 2586 1151 2641 hoc
1176 2585 1338 2640 modo
1366 2585 1705 2639 demonstrat
1739 2584 1910 2653 (Epist.
1946 2582 2036 2646 11,
2068 2579 2169 2635 sub

581 2679 821 2752 initium)
853 2698 865 2734 :
905 2700 923 2731 ι
958 2678 1229 2750 Synodus,
1259 2677 1531 2747 inquiens,
1556 2676 1722 2731 semel
1745 2686 1894 2744 gesta
1915 2676 2169 2730 condem-

578 2784 741 2836 nans,
761 2770 891 2840 quin
913 2769 1188 2842 praefatos,
1221 2768 1451 2824 ulterius
1473 2767 1540 2821 ad
1573 2782 1709 2821 nova
1732 2766 1957 2821 concilia
1986 2764 2170 2819 venire

579 2874 693 2918 non
754 2861 901 2927 sivit,
948 2861 1042 2917 sed
1077 2862 1361 2915 universos
1409 2872 1735 2928 quocunque
1783 2856 1943 2910 modo
1979 2856 2033 2909 in
2071 2855 2169 2909 has

579 2953 945 3024 blasphemias
986 2953 1293 3009 recidentes
1345 2952 1546 3006 tradito
1597 2950 1700 3005 sibi
1729 2949 1898 3004 limite
1923 2947 2168 3020 synodali

577 3045 837 3101 refutavit
859 3043 1096 3100 Ecclesia
1125 3062 1139 3097 :
1171 3058 1272 3097 nec
1305 3056 1545 3111 unquam
1577 3048 1721 3097 recte
1743 3040 1971 3094 cessisse
1998 3037 2170 3091 mani-

577 3134 777 3192 festum
803 3145 906 3198 est,
925 3132 1167 3203 qualibet
1188 3131 1517 3188 necessitate
1544 3137 1787 3201 cogente,
1815 3127 2027 3182 novitcr
2047 3139 2170 3194 quae

2270 1958 2391 1998 esse
2434 1955 2625 1999 nosses
2663 1942 2967 2012 cpiSCOpus,
3001 1942 3122 1996 lilixe
3148 1943 3392 2012 gloriosae
3422 1945 3706 1999 memoria:
3729 1946 3843 2000 Tul-

2271 2035 2400 2090 liani
2433 2035 2679 2107 magistri
2714 2034 2936 2099 militim,
2973 2043 3025 2090 te
3070 2035 3178 2090 illic
3230 2037 3424 2106 posito,
3478 2053 3583 2092 nec
3607 2039 3845 2107 projeCtis

2272 2126 2541 2197 religiosis
2585 2127 2827 2181 vestibus
2872 2129 2937 2182 ad
2988 2128 3298 2183 stccularem
3338 2131 3537 2184 reverti
3594 2132 3843 2201 habitum,

2269 2234 2371 2275 nec
2413 2219 2480 2274 ad
2512 2234 2609 2275 nos
2632 2219 2873 2274 licuisset
2896 2234 3206 2289 perversam
3248 2221 3532 2292 epistolam
3561 2223 3843 2281 destinare.

2271 2311 2406 2365 Nam
2427 2311 2497 2377 si,
2524 2320 2583 2366 ut
2606 2310 2813 2382 pra-lati
2835 2326 3042 2375 sumus,
3067 2310 3329 2368 sollicitus
3350 2314 3689 2380 exstitisses,
3711 2318 3844 2387 prius

2272 2403 2339 2458 ad
2367 2418 2466 2458 nos
2495 2402 2628 2458 ultio
2653 2402 2894 2459 mulieris
2920 2404 3254 2473 pravissima:
3289 2421 3449 2475 quant
3490 2407 3651 2478 culpa
3676 2411 3845 2464 debuit

2270 2494 2573 2562 pervenire.
2611 2512 2630 2545 ι
2657 2492 2726 2546 Ει
2772 2493 2898 2548 hinc
2939 2494 3006 2548 ad
3064 2494 3312 2566 Sergium
3366 2496 3713 2554 defensorem
3744 2501 3841 2571 (lit.

2270 2584 2473 2648 eodem,
2502 2584 2652 2653 epist.
2681 2584 2767 2657 10)
2799 2604 2811 2639 :
2844 2604 2860 2636 ι
2884 2584 2941 2640 Si
2970 2585 3132 2641 homo
3151 2596 3325 2653 esses;
3348 2598 3442 2643 aut
3472 2590 3844 2647 discretionem

2272 2674 2507 2743 aliquam
2537 2673 2839 2739 habuisses,
2868 2677 2941 2730 ita
2989 2676 3251 2748 regularis
3291 2679 3599 2749 disciplina:
3624 2682 3845 2739 debuisti

2271 2774 2459 2822 custos
2484 2768 2736 2831 existere,
2760 2779 2900 2827 utea
2927 2786 3047 2840 qua:
3071 2770 3178 2826 illic
3207 2770 3392 2827 illicita
3419 2775 3842 2841 committuntur,

2272 2867 2399 2913 ante
2428 2859 2663 2914 vindicta
2684 2861 3001 2929 corrigeret,
3025 2877 3185 2931 quam
3207 2863 3273 2919 ad
3301 2879 3401 2919 nos
3419 2878 3614 2919 eorum
3640 2870 3849 2923 numius

2270 2948 2598 3018 perveniret.
2643 2969 2662 3001 ι
2713 2950 2778 3003 Ει
2832 2958 2952 3019 post
3000 2965 3173 3019 pauca
3219 2970 3232 3006 :
3280 2972 3299 3003 ‹
3336 2950 3473 3007 Nam
3519 2952 3566 3008 si
3621 2955 3849 3024 quolibet

2272 3041 2432 3095 modo
2463 3040 2516 3094 in
2569 3034 2672 3096 hac
2715 3057 2774 3096 re
2804 3042 3082 3113 negligens
3106 3044 3194 3098 vel
3242 3044 3422 3102 lentus
3449 3048 3748 3112 exstiteris.
3781 3052 3849 3106 ita

2275 3131 2328 3185 in
2357 3142 2408 3187 te
2435 3133 2649 3188 noveris
2676 3134 3077 3191 districtissime
3102 3135 3506 3205 vindicandum,
3540 3148 3603 3194 ut
3627 3145 3770 3210 quod
3788 3157 3848 3197 ex

580 3230 800 3287 fuerant
848 3201 1141 3286 salubriter
1189 3226 1482 3281 constituta
1537 3234 1850 3280 temerasse.
1887 3240 1905 3273 ι
1939 3220 2005 3273 Et
2046 3225 2168 3288 post
2195 3201 2239 3264 (ἶ
2276 3229 2328 3278 te
2361 3224 2558 3287 nescis,
2591 3238 2749 3293 paena
2784 3226 2959 3295 possis
2990 3237 3266 3283 reserante
3316 3201 3662 3300 cognoscere.
3692 3252 3707 3287 :
3735 3234 3849 3303 quia

577 3322 855 3394 aliquanta
889 3340 902 3375 :
961 3340 979 3373 c
1011 3319 1275 3388 Quoniam
1325 3317 1466 3372 idem
1517 3316 1633 3386 ipse
1657 3328 1832 3377 error,
1860 3311 1950 3381 qui
2000 3307 2169 3364 semel

582 3423 671 3470 est
692 3429 817 3469 cum
848 3426 946 3467 suo
970 3421 1191 3466 auctore
1223 3409 1529 3473 damnatus,
1561 3406 1614 3461 in
1637 3403 1900 3476 participe
1928 3399 2170 3471 quolibet

581 3519 766 3575 prava:
779 3502 1175 3558 communionis
1197 3498 1416 3565 eﬂ‘ecto,
1437 3496 1865 3553 exsecrationem
1887 3494 1967 3549 sui
1990 3498 2169 3575 gestat

580 3574 637 3653 et
662 3611 902 3669 poenam.
942 3614 962 3647 ι
995 3594 1064 3651 Et
1109 3595 1237 3650 item
1273 3612 1286 3647 :
1324 3610 1344 3644 ς
1382 3591 1519 3659 Quia
1568 3598 1623 3644 et
1650 3604 1787 3644 nova
1838 3588 1893 3641 in
1936 3574 2168 3655 utroque

576 3689 832 3762 pontifice
860 3702 1022 3743 causa
1044 3694 1188 3743 esset
1210 3694 1419 3746 exorta,
1449 3691 1503 3738 et
1531 3696 1728 3736 novam
1772 3677 2166 3734 discussionem

573 3790 976 3854 consequenter
1002 3779 1323 3850 inquireret,
1354 3785 1415 3831 ut
1443 3775 1584 3830 sicut
1625 3787 1840 3843 semper
1865 3783 2011 3827 esset
2034 3768 2165 3825 ell‘e-

576 3885 745 3940 ctum,
790 3870 1109 3930 sacerdotali
1160 3869 1393 3926 concilio
1440 3868 1509 3921 de
1548 3864 1922 3922 sacerdotibus
1965 3861 2168 3933 judicia

573 3966 943 4039 provenirent.
983 3980 1002 4012 ι
1035 3961 1100 4014 Et
1127 3961 1254 4015 item
1288 3977 1301 4014 :
1344 3977 1362 4009 ι
1399 3957 1534 4013 Cum
1563 3972 1715 4012 nova:
1757 3964 1940 4010 essent
1967 3967 2168 4019 causze,

572 4073 716 4112 nova
774 4053 962 4109 debuit
990 4048 1359 4103 ecclesiastica
1408 4049 1696 4117 provenire
1737 4044 2019 4100 discussio.
2051 4063 2070 4094 ι
2103 4041 2169 4095 Et

576 4147 711 4203 item
738 4163 751 4200 :
791 4164 809 4196 ε
849 4141 1013 4198 Novze
1036 4148 1183 4195 certe
1215 4147 1375 4194 erant
1406 4153 1603 4201 causze,
1631 4146 1687 4191 et
1720 4137 1807 4190 his
1830 4149 2168 4203 consequen-

580 4250 662 4295 ter
709 4252 846 4293 nova
889 4232 1129 4308 synodus
1173 4232 1492 4288 debebatur.
1522 4250 1541 4282 ι
1577 4230 1643 4283 Et
1682 4228 1851 4282 item:
1891 4247 1909 4278 ι
1946 4226 2027 4280 An
2058 4225 2172 4280 haec

574 4329 737 4385 licuit
765 4325 1008 4383 saeculari
1041 4322 1316 4396 potestati,
1348 4330 1402 4376 et
1427 4319 1565 4376 actis
1591 4317 1789 4374 talibus
1819 4318 2021 4372 Acacio
2041 4333 2173 4372 con-

582 4420 875 4485 sentiente,
933 4419 1137 4487 absque
1193 4414 1302 4469 ulla
1351 4414 1578 4485 synodo,
1627 4426 1789 4481 quam
1842 4411 1956 4481 ipsa
1988 4423 2170 4463 rerum

579 4513 792 4568 novitas
812 4510 1082 4583 exigebat,
1115 4508 1319 4577 absque
1360 4505 1501 4561 sedis
1541 4502 1849 4575 apostolica:
1897 4498 2169 4556 consulta-

570 4605 728 4660 tione
751 4604 1036 4675 perﬁcere,
1067 4610 1123 4658 et
1152 4601 1267 4657 sedi
1296 4598 1606 4671 apostolicae
1634 4613 1739 4652 non
1770 4595 1941 4660 licuit,
1973 4608 2165 4649 secun-

578 4698 708 4754 dum
726 4704 967 4750 tenorem
991 4693 1182 4764 synodi
1207 4690 1686 4751 Chalcedonensis,
1712 4688 1764 4743 in
1791 4686 1957 4742 veteri
1982 4685 2165 4755 utique

576 4803 764 4855 causa,
808 4795 865 4842 et
913 4785 1081 4841 veteri
1137 4785 1454 4847 constituto,
1480 4782 1625 4852 justa
1668 4780 1989 4836 dillinitione
2014 4778 2166 4833 dam-

574 4891 723 4945 nata,
756 4881 990 4937 inimicis
1014 4880 1204 4951 synodi
1236 4878 1693 4935 Chalcedonensis
1730 4876 1985 4931 Acacium
2009 4891 2161 4929 com-

573 4975 945 5029 municantem
996 4988 1026 5026 a
1084 4986 1180 5027 sua
1229 4971 1608 5026 communione
1661 4966 1959 5039 depellere?
2021 4987 2041 5019 ι
2096 4966 2166 5022 Et

569 5064 703 5122 item
736 5080 751 5118 :
790 5083 809 5116 ι
844 5063 956 5119 Nec
1000 5078 1134 5134 opus
1185 5062 1288 5117 fuit
1339 5076 1478 5117 nova
1532 5062 1768 5133 synodo,
1799 5076 1922 5116 cum
1961 5056 2161 5115 veteris

573 5156 856 5211 constituti
888 5152 1217 5209 suﬁlcicnter
1264 5152 1367 5207 hoc
1396 5151 1568 5205 forma
1618 5150 2009 5221 praescriberet.
2043 5168 2062 5200 ι
2097 5147 2162 5201 Et

574 5250 704 5305 item
737 5268 751 5304 :
790 5268 809 5301 ι
838 5249 968 5318 Quae
994 5246 1342 5319 congregatio
1373 5244 1512 5300 facta
1540 5243 1876 5314 pontiﬁcum,
1904 5257 2010 5296 non
2032 5256 2163 5295 con-

576 5351 660 5399 tra
694 5342 1211 5403 Cbaleedouensetn,
1258 5354 1363 5394 non
1418 5347 1676 5406 tanquam
1736 5351 1874 5390 nova
1922 5335 2162 5405 synodus

572 5443 766 5492 contra
814 5444 1052 5490 veterem
1101 5434 1440 5503 primamque
1491 5427 1743 5485 convenit
1782 5442 1796 5481 :
1835 5428 1928 5482 sed
1974 5426 2156 5497 potius

568 5525 867 5582 secundum
897 5532 1136 5581 tenorem
1177 5522 1376 5578 veteris
1407 5520 1682 5575 constituti
1715 5519 1987 5589 particeps
2027 5532 2157 5587 apo-

569 5614 777 5669 stolicae
816 5614 1182 5670 exsecutiouis
1223 5612 1411 5668 ctl'ecla
1460 5620 1563 5668 est.
1603 5631 1621 5663 ι
1652 5610 1719 5665 Et
1765 5610 1894 5665 item
1931 5627 1943 5662 :
1976 5627 1995 5658 ι
2049 5608 2159 5664 Nec

567 5702 794 5761 dubium
823 5706 966 5773 quod
1013 5707 1154 5760 sicut
1184 5705 1237 5758 in
1289 5719 1612 5776 unaquaque
1661 5701 1874 5768 ltzrresi,
1910 5700 2052 5771 quod
2079 5702 2159 5754 in-

567 5792 909 5850 cessabiliter
958 5793 1304 5861 repetendum
1333 5802 1437 5857 est,
1468 5794 1623 5862 quia‘
1649 5792 1863 5846 ﬁrmum
1894 5805 2012 5846 esse
2042 5791 2160 5845 nul-

2272 3314 2412 3369 sicut
2455 3314 2713 3380 diximus,
2765 3316 2811 3370 si
2865 3317 3196 3374 intellectum
3258 3321 3495 3376 hominis
3549 3324 3849 3390 habuisses.

2271 3403 2385 3460 haec
2414 3420 2533 3474 quae
2562 3406 2721 3459 modo
2743 3405 2920 3463 facere
2945 3410 3278 3479 prteciperis,
3316 3427 3346 3465 a
3399 3420 3453 3467 te
3498 3414 3851 3473 debueramus

2270 3492 2434 3547 etiam
2481 3509 2605 3548 cum
2650 3495 2855 3551 ultione
2901 3508 3029 3553 ante
3068 3499 3210 3554 facta
3263 3516 3614 3572 cognoscere.
3657 3525 3678 3559 ι
3721 3505 3849 3573 Quid

2268 3583 2432 3639 etiam
2461 3586 2587 3641 hinc
2612 3588 2754 3642 sacri
2801 3604 3037 3646 canones
3064 3607 3162 3662 per
3183 3594 3391 3665 singula
3419 3597 3648 3652 concilia
3672 3598 3851 3655 decen

2270 3688 2424 3742 nant,
2470 3678 2715 3735 devitans
2743 3683 3129 3750 prolixitatem,
3172 3696 3227 3741 et
3254 3688 3379 3757 quia
3404 3691 3689 3745 notissima
3710 3701 3852 3761 sunt,

2274 3775 2362 3830 hic
2406 3789 2608 3845 ponere
2642 3779 3014 3846 pratermitto.
3048 3780 3277 3837 Tantum
3326 3783 3395 3839 de
3441 3784 3852 3857 Carthaginetlsi

2271 3866 2504 3921 concilio
2548 3868 2945 3935 testimonium,
2998 3872 3140 3941 quod
3187 3880 3244 3927 et
3284 3888 3442 3944 supra
3481 3877 3664 3945 posui,
3697 3893 3852 3933 unum

2270 3974 2434 4029 pono,
2462 3958 2664 4015 Gratus
2691 3961 2975 4032 cpiscopus
2994 3963 3130 4017 dixit
3156 3964 3382 4036 (conm,
3406 3957 3529 4022 ean.
3567 3968 3655 4039 £3)
3681 3986 3696 4022 ε
3719 3987 3739 4019 ί
3761 3968 3847 4024 No-

2270 4050 2425 4104 vella:
2474 4052 2864 4121 suggestiones,
2895 4069 3015 4123 qua:
3055 4054 3139 4110 vel
3183 4057 3428 4113 obscura:
3457 4069 3607 4122 sunt,
3648 4061 3735 4116 vel
3764 4062 3853 4117 sub

2273 4153 2468 4207 genere
2496 4141 2682 4207 latent,
2714 4142 2972 4214 inspecta:
3018 4161 3049 4199 a
3095 4146 3249 4203 nobis
3296 4147 3524 4203 formam
3568 4152 3853 4223 accipient.

2272 4231 2539 4287 Cancrum
2587 4234 2654 4289 de
2695 4235 2894 4303 quibus
2948 4240 3291 4307 apertissime
3347 4242 3528 4296 divina
3582 4242 3854 4316 Scriptura

2273 4323 2474 4389 sanxit,
2530 4339 2636 4377 non
2697 4324 2992 4381 differenda
3052 4331 3318 4386 sententia
3369 4343 3480 4397 est,
3534 4335 3635 4389 sed
3688 4338 3856 4406 potius

2271 4417 2635 4487 exsequenda.
2668 4438 2686 4470 ι
2726 4418 2869 4487 Lege
2922 4420 3255 4478 Breviarium
3308 4426 3506 4482 Africa:
3566 4431 3855 4498 provincia

2274 4522 2563 4573 canonum,
2592 4510 2704 4564 sedi
2726 4512 3033 4581 apostolica:
3065 4516 3307 4583 missum,
3333 4526 3387 4573 ct
3414 4520 3482 4575 ab
3508 4522 3705 4577 eadem
3737 4523 3854 4578 sede

2272 4599 2933 4669 corroboratunt.etba:c
2963 4603 3016 4658 in
3066 4603 3243 4662 fronte
3291 4623 3558 4665 canonum
3618 4611 3854 4683 ipsorum

2269 4705 2527 4746 Invenies.

2802 4807 3031 4865 CAPUT
3099 4809 3315 4866 XXXV.

2271 4914 2739 5007 Quadaplostolica
2761 4921 2932 5007 sedes.
2959 4938 3079 5007 cum
3122 4924 3376 5007 episcopis
3421 4924 3743 5007 ςυηίιάξερι,

2338 4987 2624 5062 secandum
2657 5006 2883 5043 canones
2904 4987 3171 5062 judicavit,
3209 5002 3258 5046 et
3294 4987 3448 5062 quod
3477 4987 3584 5047 non
3626 4997 3752 5049 bene
3777 4987 3854 5051 itt-

2340 5057 2562 5140 telligat,
2624 5069 2680 5112 ut
2726 5057 3155 5140 metropolitauus
3206 5057 3399 5129 absque
3447 5066 3849 5132 provincialium

2339 5133 2593 5181 instantia
2618 5146 2810 5183 causas
2837 5148 2940 5184 non
2961 5133 3166 5187 audiat.

2340 5237 2660 5307 Quicunque
2690 5239 2855 5310 igitur
2913 5239 3176 5309 primates
3219 5241 3626 5310 provinciarum
3673 5257 3705 5296 a
3753 5242 3848 5297 Do-

2271 5328 2417 5382 ntino
2482 5329 2795 5393 constituti,
2867 5337 2922 5383 et
2979 5329 3273 5399 apostolica
3342 5332 3670 5386 auctoritate
3728 5348 3847 5388 con-

2271 5418 2504 5483 ﬁrmati,
2577 5419 2671 5474 sed
2740 5428 2797 5475 et
2867 5421 3066 5491 quique
3125 5421 3377 5477 catholici
3453 5422 3728 5492 episcopi,
3785 5423 3848 5476 de

2270 5512 2434 5567 certis
2489 5521 2545 5566 et
2610 5513 2913 5568 manifestis
2974 5515 3153 5577 rebus.
3215 5514 3281 5569 de
3343 5514 3542 5583 quibus
3596 5529 3845 5585 expressa

2262 5604 2487 5674 judicia,
2531 5614 2587 5659 ct
2638 5604 3082 5674 irrefragabiliter
3134 5614 3297 5674 atque
3346 5606 3665 5662 inconvulse
3716 5622 3844 5662 con-

2269 5697 2561 5752 servandas
2629 5694 2936 5751 ditliuitivas
3018 5695 3280 5750 habemus
3352 5698 3694 5763 sententias,
3764 5711 3845 5751 sed

2266 5788 2501 5845 cundum
2578 5803 2762 5843 sacros
2813 5803 3086 5856 canones,
3147 5798 3202 5845 et
3260 5790 3477 5846 decreta
3548 5789 3693 5845 sedis
3746 5788 3822 5842 Ro
